3846 6220
312 265 416 324 853

949 260 1227 317 EUSEBII
1264 256 1748 315 CESARIENSIS
1789 257 1941 315 OPP.
1976 256 2157 313 PARS
2180 257 2261 315 "ll.
2303 288 2374 299 —
2407 255 2889 313 APOLOGETICA

3479 256 3587 314 εει

310 382 512 440 mentis
541 381 760 440 deditus
787 391 895 449 est,
929 390 992 439 ut
1022 398 1214 455 magus
1257 381 1453 438 evadat
1487 379 1541 453 [a
1576 382 1703 437 fatis
1730 383 1882 439 obve-

1998 380 2202 435 νοστῶν
2244 382 2356 445 τοῖς
2402 379 2476 451 μὴ
2512 380 2643 443 οἵοις
2701 396 2763 432 τε
2813 381 2998 451 τυχεῖν
3018 377 3357 450 διορθώσεως
3381 378 3583 446 ἀρετὴν

310 476 479 551 niet];
508 477 873 550 similiterque
906 479 1108 535 sicario
1142 479 1295 545 item,
1324 476 1604 541 nebuloni,
1629 477 1894 546 superbo;

309 582 424 625 tum
453 569 680 627 omnino
716 587 785 627 ex
837 573 1169 628 necessitate
1217 571 1344 626 talis
1399 570 1524 624 erit.
1558 568 1700 634 Quid
1731 569 1897 639 igitur

307 664 573 719 oberrans
603 663 1003 721 emendationis
1032 679 1141 720 non
1164 663 1459 734 capacibus
1489 664 1742 718 virtutem
1766 678 1895 734 pro-

307 754 504 825 ponis?
525 752 634 809 Aut
656 754 788 825 quid
822 755 878 810 in
924 770 1020 811 eos
1050 755 1460 818 animadvertis,
1491 770 1725 825 quorum
1762 754 1892 820 fata,

307 859 420 898 non
451 859 581 899 vero
617 846 873 901 voluntas
907 853 1215 901 monstrum
1249 846 1443 901 alunt?
1486 845 1600 902 lmo
1661 846 1814 916 quid,
1847 848 1893 901 si

306 935 414 1009 ipsi
440 937 537 992 tibi
568 936 697 992 fatis
718 945 803 995 est
830 938 1188 1001 destinatum,
1223 946 1282 993 ut
1309 938 1494 995 divina
1528 939 1790 1011 praeditus
1812 941 1895 994 in-

305 1023 431 1081 dole
461 1026 847 1096 imperatorem
878 1035 1062 1082 mente
1096 1027 1317 1082 sublimi
1371 1029 1681 1099 despicias;
1717 1030 1890 1101 magi-

307 1126 549 1172 strorum
573 1118 791 1174 scholas
816 1117 1215 1189 frequentasti?
1240 1119 1378 1186 Quid
1397 1120 1629 1183 Arabas.
1664 1120 1897 1193 Babylo-

305 1209 632 1279 niorumque
679 1225 892 1281 magos,
949 1218 1003 1264 et
1059 1210 1314 1264 ludorum
1368 1211 1644 1281 sapientes
1675 1214 1894 1268 curiose

302 1301 528 1357 obiisti?
556 1300 751 1355 Omnia
773 1303 918 1356 enim
945 1302 1028 1356 vel
1050 1301 1189 1355 citra
1218 1303 1364 1356 illam
1390 1304 1889 1369 conversationem,

302 1407 425 1461 quae
474 1391 599 1448 fatis
652 1400 838 1447 essent
865 1393 1106 1456 decreta,
1162 1395 1257 1448 tibi
1317 1410 1579 1467 peragere
1618 1397 1887 1453 licuisset.

303 1482 443 1550 Quid
467 1484 533 1539 iis
572 1485 700 1538 item
739 1500 879 1554 quos
913 1484 1093 1540 credis
1125 1485 1232 1539 diis
1265 1487 1497 1543 mellitas
1522 1489 1889 1559 nequidquam

302 1576 581 1643 placentas
619 1574 888 1645 thuraque
938 1575 1227 1644 profundis
1285 1579 1350 1646 ³²,
1397 1587 1452 1634 et
1514 1581 1732 1649 pietatis
1770 1580 1889 1635 'in-

302 1665 477 1722 duens
503 1667 707 1721 larvam
725 1666 1028 1739 discipulos
1060 1669 1124 1722 ad
1150 1684 1341 1740 preces
1380 1679 1698 1726 convertere
1736 1671 1890 1727 labo-

1999 472 2399 546 προκηρύττοις
2419 473 2462 542 (ι
2475 473 2575 541 8’);
2594 473 2664 524 Ἠ
2678 472 2732 524 τί
2761 471 3100 544 καταμέμφῃ
3119 474 3231 537 τοῖς
3245 472 3346 543 τὴν
3367 474 3582 543 μοῖραν,

1997 563 2111 617 ἀλλ’
2137 564 2200 616 οὐ
2251 563 2352 634 τὴν
2414 566 2758 634 προαίρεσιν,
2795 561 3200 628 ἀτοπωτάτοιςς
3237 562 3290 616 τί
3320 562 3511 623 δὲκαὶ,
3534 565 3583 615 εἰ

1997 654 2147 726 αὐτῷ
2193 673 2274 707 σοι
2309 655 2588 726 πέπρωτο,
2623 653 2753 725 θείῳ
2794 652 2907 707 ὄντι
2939 652 3038 724 τὴν
3066 652 3247 723 φύσιν,
3309 655 3583 723 ὑπερᾶραι

1998 747 2264 819 βασιλέως
2293 746 2453 817 δόξης
2502 743 2634 814 (19),
2668 748 2726 809 ὲς
2759 744 3096 799 διδασκάλων
3130 745 3347 815 ἐφοίτας
3371 746 3470 799 καὶ
3499 762 3586 815 φι-

1995 840 2236 910 λοσὲφων
2261 856 2276 906 ;
2326 840 2381 892 ’A
2393 839 2613 910 ρασίους
2639 837 2751 910 (20)
2782 855 2842 891 τε
2866 838 2959 892 καὶ
2974 837 3328 893 Βαϐυλωνίων
3351 839 3583 909 μάγους,

1995 934 2091 987 καὶ
2126 933 2325 1001 σοφοὺς
2356 931 2533 984 Ἰνδῶν
2554 930 3095 1001 ὲπολυπραγμόνεις;
3128 930 3313 984 Πάντα
3338 930 3452 1002 (21)
3475 930 3584 1002 γάρ

1994 1044 2098 1080 που
2150 1027 2245 1079 καὶ
2310 1026 2410 1098 τῆς
2454 1026 2660 1079 τούτων
2699 1024 2822 1096 δίχα
2851 1024 3134 1086 κοινωνίας
3163 1022 3232 1076 τὰ
3273 1025 3340 1077 ἐκ
3377 1023 3585 1095 μοιρῶν

1994 1115 2231 1169 ὲτελεῖτό
2272 1132 2373 1169 σοι.
2430 1115 2495 1168 Τί
2528 1114 2582 1167 δὲ
2613 1115 2705 1167 καὶ
2734 1108 2815 1171 οἷς
2853 1112 3095 1185 νομίζεις
3122 1113 3266 1178 θεοῖς
3296 1112 3365 1167 τά
3400 1114 3585 1185 μελιτ-

1991 1208 2209 1271 τοῧντα,
2250 1208 2344 1260 καὶ
2380 1206 2471 1260 τὸν
2528 1206 2822 1259 λιϐανωτὸν
2859 1209 2918 1269 ὲς
2952 1207 3127 1278 μάτην
3161 1206 3393 1277 ῥίπτεις,
3424 1206 3582 1260 εὐσέ-

1993 1299 2145 1355 ϐειάν
2176 1317 2235 1353 τε
2268 1297 2800 1371 ὲπιμορφαζόμενος,
2832 1299 2917 1352 ἐπ’
2947 1299 3111 1370 εὐχὰς
3141 1297 3441 1371 τρέπεσθαι
3457 1299 3583 1363 τοὺς

1996 1392 2246 1465 ἑταίρους
2307 1394 2632 1464 παρορμᾷς;
2687 1391 2849 1454 αὑτός
2899 1408 2956 1444 τε
2999 1391 3317 1462 εὐχόμενος,
3351 1391 3407 1443 τί
3434 1389 3585 1461 παρὰ

1993 1485 2132 1539 θεῶν
2158 1487 2329 1549 αἰτεῖς
2350 1530 2364 1552 ,
2399 1486 2564 1538 ὁπότε
2592 1485 2686 1537 καὶ
2712 1484 2919 1537 τούτων
2951 1484 3048 1555 τὴν
3087 1483 3431 1556 εἱμαρμένην
3455 1485 3585 1553 ὁμο-

1991 1577 2168 1646 λογεῖς
2220 1580 2481 1649 κρατεῖν;
2539 1577 2649 1629 Καὶ
2706 1578 2813 1648 μὴν
2865 1576 2991 1641 ἔδει,
3038 1578 3164 1640 τοὺς
3198 1574 3393 1639 ἄλλους
3427 1575 3583 1639 θεοὺς

1993 1669 2506 1741 παραμειψάμενοι),
2558 1667 2770 1744 ἀνάγκῃ
2818 1668 2977 1739 μόνον
3011 1669 3105 1721 καὶ
3157 1669 3376 1739 μοίραις
3410 1666 3582 1731 θύειν,

302 1774 392 1814 ras
427 1759 511 1813 aa?
550 1758 663 1815 lino
701 1767 756 1815 et
794 1760 912 1831 ipse
951 1769 1206 1831 precatus
1254 1762 1385 1833 quid
1421 1763 1555 1817 deos
1592 1764 1882 1833 exposcis,

1995 1762 2090 1816 καὶ
2113 1760 2207 1814 τοῦ
2248 1762 2371 1825 Διὸς
2424 1761 2589 1815 αὐτοῦ
2646 1761 2846 1832 μᾶλλον
2895 1760 2994 1831 τὴν
3022 1760 3363 1832 εἱμαρμένην
3401 1776 3586 1831 προτι-

301 1850 743 1920 quandoquidem
771 1851 858 1906 his
897 1863 1117 1921 quoque
1146 1851 1252 1904 fata
1276 1853 1547 1922 imperare
1569 1851 1894 1906 existimas?

300 1918 466 2010 Atqui
507 1918 830 2011 oportebat,
861 1918 1077 1995 caiteris
1106 1940 1212 1994 diis
1266 1918 1510 2003 omissis,
1543 1940 1637 1994 uni
1676 1946 1888 1993 tantum

299 2030 629 2087 Necessitati
658 2031 962 2103 Parcisque
992 2050 1108 2088 rem
1142 2032 1384 2087 divinam
1448 2042 1500 2087 te
1557 2032 1757 2095 facere,
1792 2047 1888 2087 su-

298 2138 505 2193 praque
543 2122 732 2179 Jovem
762 2125 946 2195 ipsum
988 2126 1239 2181 venerari
1274 2124 1469 2180 fatum.
1531 2122 1609 2177 Ita
1647 2140 1777 2179 vero
1807 2124 1884 2179 dii

298 2215 434 2269 nulli
465 2214 561 2269 tibi
586 2215 823 2285 amplius
855 2215 1077 2280 fuerint,
1112 2224 1166 2272 et
1194 2216 1390 2271 merito
1415 2215 1657 2285 quidem,
1693 2221 1753 2269 ut
1790 2214 1883 2284 qui

296 2304 562 2377 prodesse
585 2306 904 2362 hominibus
923 2308 1140 2363 valeant
1157 2308 1312 2362 nihil.
1338 2304 1609 2362 Praeterea
1629 2306 1675 2362 si
1705 2305 1887 2363 decre-

295 2400 571 2467 tum'fuit,
605 2410 665 2458 ut
724 2403 873 2460 cives
928 2403 1150 2475 Ephesii
1196 2413 1348 2474 peste
1406 2402 1779 2473 corripiantur
1817 2401 1883 2467 “,

292 2497 426 2569 quid
460 2498 734 2553 contraria
764 2499 1020 2555 sanciens
1064 2498 1177 2554 fato
1214 2506 1267 2553 te
1299 2498 1511 2569 praebes
1550 2496 1883 2552 adversum?

292 2594 406 2651 lino
437 2596 712 2664 quomodo
738 2596 921 2653 vicisti
952 2596 1148 2662 fatum,
1185 2604 1447 2665 tropaeum
1490 2592 1650 2663 quasi
1689 2592 1757 2647 de
1790 2590 1883 2645 illo

291 2687 581 2743 statuens?
611 2686 667 2743 Si
697 2704 861 2758 porro
883 2689 938 2743 in
968 2687 1149 2759 puella
1178 2686 1410 2742 Clothus
1440 2684 1553 2755 jam
1583 2683 1821 2739 stamina
1839 2682 1884 2713 ³³⁸

1999 1856 2125 1925 μᾷν.
2163 1853 2317 1907 Οὕτω
2361 1852 2405 1906 δ’
2460 1853 2524 1907 ἄν
2561 1870 2642 1904 σοι
2686 1852 2799 1906 θεοὶ
2845 1851 2943 1922 μὲν
2976 1851 3155 1905 οὐκέτ’
3186 1851 3253 1905 ἂν
3296 1846 3461 1922 ἦσαν,
3491 1852 3586 1905 καὶ

1992 1945 2237 2008 εἰκότως,
2264 1946 2358 1998 ἅτε
2398 1945 2533 2015 μηδὲ
2561 1944 2881 2016 ἀνθρώπους
2910 1938 3089 1997 οἷοίτε
3122 1942 3371 2013 ὠφελεῖν.
3420 1942 3585 1997 Ἀλλὰ

1991 2037 2086 2090 καὶ
2110 2038 2160 2090 εἰ
2192 2035 2481 2107 ἐπέπρωτο
2512 2038 2638 2101 τοὺς
2681 2035 2961 2106 Ἐφεσίους
2992 2035 3196 2089 ἁλῶναι
3230 2034 3405 2106 λοιμῷ
3429 2034 3584 2088 mue

1989 2147 2107 2193 τας,
2131 2129 2203 2193 τί,
2223 2129 2480 2181 τάναντία
2509 2127 2838 2199 νομοθετῶν,
2863 2125 3232 2199 παρακρούεις
3260 2126 3360 2198 τὴν
3386 2127 3589 2197 εἱμαρ-

1994 2222 2197 2293 μένην;
2226 2220 2441 2274 Μᾶλλον
2474 2220 2532 2273 δὲ
2569 2220 2686 2283 πῶς
2735 2219 3016 2296 ὑπερῆρας
3056 2218 3155 2289 τὴν
3190 2221 3408 2291 μοῖραν,
3454 2217 3588 2290 τρό-

1991 2330 2151 2365 παιον
2195 2311 2384 2382 ὥσπερ
2438 2315 2557 2366 κατ’
2597 2311 2767 2381 αὐτῆς
2827 2312 3131 2383 ἀράμενος;
3174 2312 3237 2364 Εἰ
3273 2311 3329 2365 δὲ
3354 2311 3453 2365 καὶ
3480 2310 3586 2383 τῆς

1992 2404 2251 2468 Κλωθοῦς
2300 2406 2394 2456 ἐπὶ
2429 2408 2494 2475 τῇ
2530 2405 2669 2478 κόρῃ
2691 2405 2750 2457 τὸ
2777 2405 2925 2475 νῆμα
2955 2404 3128 2474 πέρας
3150 2402 3379 2475 εἰλήχει,
3414 2404 3586 2460 πόθεν

1990 2497 2051 2562 ἐξ
2078 2497 2330 2568 ὑπαρχῆς
2354 2498 2495 2567 μετά
2525 2496 2752 2551 θάνατον
2787 2497 3194 2568 ἀναδησάμενος
3220 2501 3299 2568 τῷ
3328 2497 3468 2569 μίτῳ
3489 2498 3584 2552 τδν

1992 2590 2282 2660 ἄτρακτον,
2331 2590 2593 2655 ζωοποιὸς
2634 2591 2770 2661 αὑτῇ
2805 2590 3239 2661 παραπέφηνας;
3284 2590 3423 2644 Ἀλλ’
3450 2591 3584 2655 ῖσως

1998 2685 2180 2753 μοῖραι
2208 2683 2302 2736 καὶ
2343 2682 2567 2735 σεαυτὸν
2602 2684 2694 2735 ἐπὶ
2731 2682 2883 2735 ταῦτ’
2911 2679 3065 2754 ἦγον.

290 2784 449 2833 erant
489 2778 800 2849 absumpta,
832 2795 940 2849 quo
989 2786 1048 2833 tu
1081 2786 1240 2848 pacto
1268 2777 1448 2833 denuo
1490 2782 1615 2846 post
1680 2782 1912 2828 mortem
1951 2773 2073 2843 ejus
2104 2790 2246 2830 novo
2276 2774 2458 2829 colum
2496 2774 2723 2829 induere
2753 2774 2842 2829 ﬁlo
2864 2815 2879 2840 ,
2915 2775 3101 2844 illique
3132 2789 3257 2829 esse
3293 2775 3421 2829 vitae
3486 2787 3581 2827 re-

289 2869 517 2929 deuntis
547 2879 741 2926 auctor
765 2870 1034 2948 potuisti?
1057 2868 1164 2924 Sed
1186 2878 1241 2924 te
1270 2867 1526 2923 fortassis
1546 2867 1751 2922 eaedem
1783 2865 1972 2919 Parca:
2004 2863 2071 2917 ad
2103 2865 2218 2918 haec
2244 2865 2452 2935 agenda
2485 2866 2781 2921 ducebant.

730 3026 757 3049 ι
856 2985 1089 3042 CAPUT
1128 2984 1315 3041 XLVI.

361 3080 509 3137 Nihil
553 3080 769 3151 profers
820 3080 968 3151 quod
1001 3078 1070 3133 ad
1124 3088 1272 3134 tuam
1322 3077 1490 3133 faciat
1536 3077 1880 3150 dignitatem,

295 3172 566 3245 (multum
633 3171 862 3240 abest,)
921 3172 1016 3243 qui
1070 3179 1361 3240 antequam
1418 3170 1473 3225 in
1521 3184 1724 3240 corpus
1781 3169 1886 3225 hoc

293 3280 445 3320 esses
473 3263 686 3319 delatus
709 3263 776 3326 ³⁸,
810 3262 866 3316 in
897 3278 1112 3327 eorum,
1166 3264 1261 3331 qui
1298 3263 1351 3315 in
1397 3263 1557 3327 mari,
1595 3271 1648 3317 et
1686 3261 1885 3318 fluctus

292 3356 438 3411 inter
489 3360 707 3410 aetatem
768 3361 1146 3418 consumunt,
1213 3362 1265 3409 te
1323 3353 1492 3410 fuisse
1547 3369 1715 3409 censu
1777 3355 1880 3410 ais.

292 3446 499 3518 Nempe
527 3446 896 3506 necessitatis.
925 3454 984 3501 ut
1017 3446 1348 3510 verosimile,
1377 3453 1432 3501 et
1472 3446 1575 3501 hoc
1604 3454 1710 3503 est.
1736 3446 1883 3501 Nihil

294 3556 427 3611 ergo
483 3553 595 3609 quo
646 3537 1065 3593 admirationem
1100 3551 1367 3599 mereare,
1401 3552 1579 3606 neque
1609 3536 1820 3591 natales
1837 3537 1881 3568 ³⁷

289 3634 451 3709 544
478 3630 554 3683 ιιιί
581 3636 637 3684 et
664 3628 940 3692 educatio,
983 3640 1160 3697 neque
1193 3625 1469 3696 encyclios
1500 3624 1790 3694 disciplina
1813 3624 1878 3691 ³⁸,

293 3735 476 3789 neque
514 3721 641 3775 vitae
673 3735 845 3789 genus
866 3717 1426 3787 temperantissimum
1449 3715 1517 3781 ³⁹,
1561 3731 1738 3785 neque
1767 3716 1883 3786 phi-

293 3808 576 3881 losophica
618 3810 938 3866 exercitatio
963 3809 1030 3861 ⁸ο.
1064 3806 1271 3877 Nempe
1305 3806 1488 3862 fatalis
1526 3807 1692 3862 etiam
1730 3822 1879 3877 qum-

294 3903 424 3960 dam
470 3912 590 3959 erat
619 3903 943 3966 necessitas,
975 3916 1118 3971 quae,
1160 3900 1227 3955 ad
1255 3898 1582 3971 Babylonios
1623 3907 1681 3953 ut
1711 3900 1877 3967 proli-

294 3995 586 4059 ciscerere,
623 4005 674 4049 te
697 3994 960 4062 compulit
988 3992 1053 4048 εί.
1081 3991 1147 4047 Vi
1184 3993 1314 4046 item
1347 4001 1506 4047 actus
1530 3991 1687 4062 quasi
1719 3990 1878 4046 Indo-

295 4101 416 4141 rum
460 4100 679 4157 quoque
730 4083 907 4139 factus
954 4083 1263 4156 discipulus
1291 4098 1352 4138 es
1373 4083 1418 4114 δ’
1450 4092 1542 4138 :ct
1592 4082 1660 4137 ad
1709 4081 1879 4154 {Egy-

296 4178 535 4251 ptiorum
552 4174 741 4230 Nudos
762 4190 871 4229 non
893 4175 1089 4229 electio
1115 4184 1205 4228 tua
1234 4180 1288 4228 et
1307 4173 1587 4243 sapientiae
1608 4163 1873 4239 studium,

296 4270 391 4324 sed
432 4265 602 4321 fatum
638 4276 690 4321 te
718 4268 848 4336 egit,
882 4266 1025 4320 collo
1058 4274 1111 4320 te
1134 4265 1360 4335 adigens
1388 4266 1602 4320 obtorto
1632 4265 1876 4322 Gadibus

298 4360 456 4417 etiam
491 4357 852 4428 Herculisque
882 4358 1157 4413 columnis
1180 4356 1246 4423 ⁸³,
1289 4372 1499 4427 eooque
1515 4357 1561 4389 “
1587 4367 1752 4427 atque
1782 4343 1875 4412 oc-

297 4452 461 4506 ciduo
490 4449 709 4506 Oceano
728 4451 772 4483 δδ
796 4458 853 4504 ιιι
887 4452 1178 4507 oberrares
1204 4471 1219 4505 :
1248 4452 1478 4521 ipsoque
1513 4449 1640 4505 fuso
1668 4465 1789 4514 suo,
1816 4461 1877 4506 ut

297 4543 448 4599 nullo
476 4540 848 4597 emolumento
880 4551 978 4598 tuo
1007 4543 1135 4598 hinc
1160 4542 1287 4599 inde
1313 4558 1483 4614 vagus
1504 4543 1872 4613 discurreres,

296 4641 351 4693 te
388 4636 587 4705 coegit.
634 4634 793 4701 Quod
847 4637 892 4690 si
942 4638 1067 4707 quis
1103 4637 1386 4707 sapientiae
1426 4638 1749 4707 participem
1790 4639 1875 4691 fa-

295 4733 443 4780 ctum
474 4727 703 4781 istorum
731 4741 834 4797 ope
859 4727 1009 4782 dicat
1036 4742 1193 4794 esse;
1216 4727 1338 4796 ejus
1361 4741 1579 4797 quoque
1597 4728 1675 4783 rei
1701 4743 1872 4785 causa

295 4816 464 4871 fatum
506 4818 632 4884 erit,
676 4832 855 4888 neque
901 4819 1136 4888 amplius
1170 4818 1254 4871 vir
1297 4818 1387 4872 ille
1437 4820 1490 4872 in
1521 4819 1609 4882 iis,
1650 4821 1746 4890 qui
1792 4821 1872 4875 di-

294 4908 482 4963 scendi
531 4908 717 4963 studio
774 4908 1009 4974 fervent,
1069 4908 1411 4976 censebitur,
1446 4924 1623 4979 neque
1672 4911 1871 4965 merito

1906 4328 1954 4386 D

2488 2981 2885 3034 ΚΕΦΑΛΑΙΟΝ
2929 2983 3077 3048 Μετ’.

2055 3073 2185 3127 Οὕτι
2206 3092 2292 3127 πω
2317 3075 2509 3144 φήσεις
2522 3074 2640 3126 κατ’
2666 3074 2842 3139 ἀξίαν,
2866 3072 3060 3127 πολλοῦ
3082 3090 3145 3141 γε
3161 3072 3259 3137 δεῖ,
3277 3072 3335 3137 ὃς
3350 3072 3460 3142 πρὸ
3478 3073 3583 3144 τῆς

1984 3166 2042 3230 ἐς
2071 3166 2231 3219 τοῦτο
2265 3165 2325 3218 τὸ
2364 3164 2523 3235 σῶμα
2563 3165 2793 3235 παρόδου
2823 3164 2932 3217 τῶν
2962 3167 3017 3219 ὲν
3056 3164 3296 3238 θαλάττῃ
3334 3165 3432 3219 καὶ
3476 3164 3579 3219 κύ-

1988 3275 2119 3328 μασι
2149 3257 2536 3329 διατριϐόντων
2553 3257 2830 3326 γεγονέναι
2856 3258 3078 3311 σεαυτὸν
3104 3257 3309 3327 λέγεις.
3352 3259 3497 3313 Ἀλλ’

1985 3350 2254 3420 ἀνάγκης,
2307 3349 2383 3412 ὼς
2442 3349 2608 3411 εἰκὸς,
2661 3349 2966 3402 καὶτοῦτο.
2995 3348 3207 3403 Οὔκουν
3252 3349 3578 3422 θαυμάσιος,

1981 3440 2103 3495 οὔτε
2156 3442 2254 3512 τῆς
2306 3438 2527 3511 πρώτης
2573 3441 2842 3509 γενέσεως
2901 3442 2993 3494 καὶ
3035 3440 3266 3512 τροφῆς,
3313 3440 3445 3495 οὔτε
3479 3443 3582 3514 τῆς

1983 3532 2275 3601 ἐγκυκλίου
2304 3532 2572 3595 παιδείας,
2597 3531 2719 3584 οὔτε
2744 3533 2842 3602 τῆς
2870 3533 2927 3584 ἐν
2956 3533 3109 3604 ἀκμῇ
3133 3531 3412 3604 σώφρονος
3431 3533 3582 3603 ἀγω-

1981 3626 2106 3695 γῆς,
2162 3625 2262 3679 οὐκ
2314 3626 2596 3697 ἀσκήσεως
2641 3626 2741 3696 τῆς
2788 3627 2845 3677 ἐν
2893 3624 3181 3697 φιλοσοφίᾳ
3390 3620 3503 3681 Ἦν
3532 3627 3579 3681 δ’

1980 3719 2090 3790 ἄρα
2128 3735 2209 3779 τις
2261 3717 2467 3788 μοιρῶν
2503 3717 2717 3787 ἀνάγκη
2761 3718 2857 3770 καὶ
2897 3719 2955 3780 ἐς
2993 3715 3371 3782 Βαϐυλωνίους
3411 3718 3580 3772 ἐλαύ-

1981 3826 2171 3862 νουσα·
2214 3808 2523 3879 ὠθούμενος
2551 3808 2594 3861 δ’
2629 3808 2818 3879 ῶσπερ
2858 3809 2951 3862 καί
2995 3808 3104 3861 τῶν
3148 3809 3328 3874 Ἰνδῶν
3349 3808 3579 3881 ὡμίλεις

1983 3903 2188 3969 σοφοῖς,
2225 3901 2319 3953 καὶ
2365 3901 2460 3953 ἐπὶ
2506 3903 2632 3963 τοὺς
2679 3901 2993 3968 Αἰγυπτίων
3024 3901 3081 3955 δὲ
3129 3901 3379 3973 Γυμνοὺς
3404 3903 3506 3974 οὐχ
3538 3906 3574 3976 ἡ

1982 3991 2319 4064 προαίρεσις,
2358 3993 2466 4045 οὐδ’
2500 3992 2526 4043 ὁ
2555 3992 2874 4061 φιλοσοφίας
2909 3992 3092 4059 πόθος,
3127 3996 3292 4064 μοῖρα
3324 3993 3385 4061 δὲ
3415 3986 3575 4066 ἦγεν,

1980 4083 2220 4153 ἅγχουσα
2270 4084 2365 4136 καὶ
2396 4086 2489 4139 ἐπὶ
2528 4084 2595 4137 τὰ
2642 4085 2893 4155 Γάδειρα,
2942 4085 3036 4139 καὶ
3074 4084 3176 4149 τὰς
3214 4083 3576 4156 Ἡρακλείους

1982 4175 2202 4247 στήλας,
2233 4176 2368 4247 ἑῷόν
2390 4195 2449 4230 τε
2489 4179 2583 4231 καὶ
2612 4179 2865 4249 ἑσπέριον
2905 4178 3156 4231 Ὠκεανὸν
3180 4178 3445 4232 ἁλᾶσθαι’
3479 4180 3576 4233 καὶ

1980 4270 2171 4333 αὑταῖς
2212 4271 2503 4341 ἀτράκτοις
2541 4270 2599 4333 ἐς
2638 4269 2813 4341 μάτην
2853 4268 3163 4335 ἐξεϐιάζετο
3204 4269 3575 4340 περιστΡέΨε⁴

1982 4361 2126 4414 σθαι.
2152 4362 2216 4414 Εἰ
2249 4362 2307 4415 δὲ
2333 4361 2397 4432 δὴ
2431 4361 2809 4433 μετειληφέναι
2841 4378 2894 4415 τι
2942 4363 3134 4431 σοφίας
3163 4362 3327 4416 αὐτὸν
3356 4365 3424 4415 ὲκ
3450 4364 3576 4417 τοὺ-

1981 4470 2090 4507 των
2128 4454 2272 4506 εἴποι
2318 4471 2423 4518 τις,
2470 4456 2635 4525 μοῖρα
2678 4456 2773 4507 καὶ
2814 4454 3020 4507 τούτων
3060 4453 3227 4516 αἰτία,
3263 4455 3358 4508 καὶ
3390 4456 3571 4509 οὐκέτ’

1979 4545 2045 4599 ἂν
2077 4548 2134 4599 ὲν
2164 4545 2515 4617 φιλομαθέσιν
2542 4549 2570 4599 ὁ
2603 4545 2739 4618 ἀνὴρ
2781 4546 3156 4618 καταλεχθείη,
3181 4547 3291 4599 οὐδ’
3332 4546 3400 4600 ἂν
3422 4547 3576 4602 εὐλό-

1978 4657 2091 4709 γως
2135 4640 2499 4712 θαυμασθείη,
2539 4641 2640 4709 τῆς
2688 4642 2749 4693 οὒ
2785 4641 2927 4694 κατά
2968 4639 3214 4712 γνώμην,
3252 4639 3390 4695 ἀλλὰ
3429 4642 3572 4696 κατὰ

1978 4732 2222 4800 ἀνάγκην
2271 4729 2421 4801 αὑτῷ
2468 4730 2824 4803 πορισθείσης
2875 4730 3213 4801 φιλοσοφίας.
3254 4733 3343 4785 Ἐν
3395 4735 3495 4803 ἴσῳ
3527 4734 3570 4786 δ’

1980 4820 2046 4874 ἂν
2094 4821 2515 4891 συγκρινόμενος
2561 4821 2646 4892 εἴη
2697 4823 2816 4875 κατ’
2845 4822 3007 4876 αὑτὸν
3052 4823 3378 4896 Πυθαγόρας
3408 4826 3573 4892 αὐτὸς

1979 4913 2073 4968 καί
2124 4930 2177 4965 τι
2229 4910 2532 4982 τερατῶδες
2593 4914 2688 4966 καὶ
2739 4914 3149 4985 ἀπερριμμένον
3204 4916 3569 4988 ἀνδράποδον·

364 5086 546 5162 ‘:_iib.
567 5103 625 5162 _I_,
654 5102 714 5162 ρ.
747 5088 838 5144 51.
867 5089 996 5162 coll.
1023 5089 1130 5162 lib.
1157 5106 1217 5162 ι,
1241 5105 1304 5162 κο.
1341 5090 1391 5143 1.
1469 5090 1515 5121 ³³
1536 5089 1647 5162 ιιι).
1680 5108 1757 5153 tv,
1792 5107 1843 5145 c.

2069 5093 2115 5123 ³⁸
2154 5093 2251 5146 lib.
2288 5109 2373 5157 tv,
2404 5108 2454 5147 c.
2497 5094 2580 5148 lt).
2659 5095 2707 5126 "
2745 5096 2838 5150 lib.
2875 5110 2964 5158 Iv,
3000 5112 3049 5151 c.
3087 5097 3177 5153 45.
3255 5098 3301 5129 ³⁸
3341 5099 3435 5154 lib.
3473 5116 3568 5162 ιιι,

294 5170 345 5209 c.
376 5155 468 5214 25.

295 5226 340 5257 "
379 5227 477 5280 lib.
514 5242 613 5293 ιιι,
665 5243 718 5283 c.
751 5228 840 5283 16.

368 5407 508 5486 ρξ’)
528 5412 994 5486 ῌῌροκηρύττοές.
1022 5410 1390 5486 Εοηρᾼπροκη
1402 5413 1634 5486 ρύττεις.
1666 5413 1821 5470 Enrr.

300 5546 314 5559 .
372 5478 497 5557 (1S?)
526 5478 843 5559 ςΥπερᾶραι
883 5483 1098 5559 βασιλ.
1136 5478 1566 5559 δᾴξςηιὶρερὶοἰι
1615 5487 1879 5559 adgesta

299 5552 723 5625 imprimis'cum
748 5552 1225 5625 Domitiano,_vide
1256 5555 1376 5608 libri
1402 5552 1516 5621 vin,
1547 5569 1670 5625 cap.
1702 5552 1876 5610 fet“).

314 5617 847 5757 Ἅῗέὶέίέᾒραϐίους.
936 5622 1144 5678 Morell.
1210 5623 1268 5678 in
1321 5617 1567 5696 margine
1617 5617 1881 5697 'ascripsit

565 5157 609 5189 ιτ
654 5159 840 5235 lib._t_,
875 5174 926 5214 c.
957 5159 1092 5235 es.
1153 5161 1196 5192 εδ
1239 5161 1332 5213 lib.
1368 5177 1417 5235 ε,
1448 5160 1629 5235 (πῖ.--
1663 5162 1706 5194 ιο
1748 5162 1842 5216 lib.

2007 5162 2296 5235 c._l2-_13.
2372 5163 2418 5195 ιο
2486 5157 3022 5235 ιιι).ι,‹;.8ειιι.
3096 5169 3141 5199 σι
3181 5168 3280 5224 lib.
3314 5186 3354 5235 ι,
3391 5185 3443 5224 c.
3480 5157 3566 5225 ιδζ

953 5228 1000 5261 ⁸³
1039 5230 1133 5284 lib.
1170 5247 1232 5294 ν,
1270 5246 1320 5285 c.
1360 5231 1385 5284 1
1491 5229 1538 5261 ⁸⁵
1575 5231 1671 5286 lib.
1703 5248 1800 5296 ιιι,
1835 5247 1885 5287 c.
1920 5232 2009 5290 66.
2086 5233 2131 5265 “
2173 5233 2267 5287 lib.
2301 5250 2363 5302 ν,
2398 5248 2447 5288 c.
2487 5234 2578 5289 47.

2056 5418 2169 5492 (21)
2199 5419 2422 5492 Πάντα.
2457 5420 2666 5492 Morell.
2702 5421 2758 5476 in
2793 5421 3038 5492 margine
3064 5422 3227 5478 habet
3254 5425 3497 5489 πάντως.

2061 5490 2170 5561 (‘29.)
2220 5491 2563 5559 Ἀσκήσεως
2585 5491 2697 5559 τῆς
2725 5492 2794 5545 ἐν
2819 5490 3171 5561 φιλοσοφίᾳ.
3206 5494 3442 5549 Maxime
3480 5508 3565 5549 re-

1988 5562 2126 5628 spici
2164 5568 2294 5632 puto
2321 5561 2387 5632 a_d
2425 5563 2746 5617 exercitium
2810 5573 3083 5632 perpetuae
3121 5564 3490 5631 abstinentiae,
3514 5571 3564 5619 et

1988 5629 2735 5711 uenatias-Pythagoricae,
2785 5629 2852 5688 de
2898 5629 3100 5706 quibus
3152 5635 3277 5692 vide
3328 5629 3569 5693 loca'in

1992 5707 2231 5771 margine
2259 5707 2444 5756 citata.
2670 5720 2694 5743 ο
