3846 6220
261 290 380 347 855

1405 286 1607 342 LIBER
1645 285 1925 342 CONTRA
1962 285 2386 344 IIIEROCLEM.

3446 298 3552 355 866

264 410 574 482 Σωκράτης
617 409 661 460 δ’
694 409 857 474 αὐτὸς
889 408 1209 479 φιλοσοφίας
1240 406 1745 480 ὑπεραποθνήσκων
1776 424 1837 460 κα

1972 408 2431 463 existimationem
2480 419 2856 481 consequetur
2890 411 2963 468 ob
2996 410 3345 483 sapientiam,
3383 434 3548 488 quam

265 504 320 554 οί
355 501 543 554 τοῦτον
571 499 798 553 θανάτου
821 499 970 565 ἄξιον
993 498 1368 571 γραψάμενοι·
1392 499 1651 568 Διογένης
1678 514 1736 551 τε
1770 498 1863 551 καὶ

262 593 340 646 τὰ
393 592 691 663 Ἀθηναίων
742 593 1020 664 μειράκια.
1056 592 1167 645 Καὶ
1202 591 1388 655 ἁπλῶς
1418 593 1592 645 εἰπεῖν
1619 592 1647 643 ὁ
1688 590 1867 660 σοφώ-

263 701 436 748 τατος
467 685 565 737 οὑκ
588 683 655 737 ἂν
687 682 929 756 διαφέροι
959 683 1054 737 τοῦ
1096 684 1522 758 ἀφρονεστάτου,
1564 686 1658 739 καὶ
1685 689 1713 740 ὁ
1745 687 1862 740 ἀδι-

266 775 518 837 κώτατος
543 773 637 827 τοῦ
670 774 1032 839 δικαιοτάτου,
1068 776 1097 829 ὃ
1120 793 1180 829 τε
1207 775 1502 840 ἀκόλαστος
1527 775 1621 829 τοῦ
1648 793 1860 847 σωφρο-

267 867 553 929 νεστάτου,
584 866 729 919 καὶὸ
758 865 1062 931 δειλότατος
1093 867 1187 920 τοῦ
1230 867 1630 939 ἀνδρειοτάτου,
1665 869 1860 939 εἱμαρ-

269 954 446 1026 μένης
478 956 572 1009 καὶ
606 956 808 1028 μοιρῶν
855 959 1124 1026 παιγνίων
1156 958 1361 1013 τούτων
1390 959 1647 1013 ἁπάντων
1671 958 1860 1013 ἀναδε-

265 1046 389 1116 δειγ
397 1049 594 1118 μένων.

1971 514 2083 553 non
2112 499 2381 554 electione
2406 514 2528 562 sua,
2560 501 2654 555 sed
2687 503 3017 559 necessitate
3036 501 3236 559 ductus
3271 505 3376 560 sibi
3408 522 3554 562 com-

1971 592 2204 662 paravit.
2232 590 2567 662 Eademque,
2587 592 2743 662 juxta
2779 609 2902 648 eum
2934 595 2982 650 si
3012 597 3353 665 comparatio
3386 597 3548 653 insti-

1966 691 2174 747 tuatur,
2216 684 2354 737 ratio
2398 684 2504 738 erit
2544 685 2717 754 ipsius
2761 684 3125 757 Pythagorae,
3174 696 3229 741 et
3283 689 3549 760 mancipii

1966 775 2201 843 alicujus
2225 776 2518 845 praaStigiis
2549 776 2741 841 dediti,
2783 785 2836 831 et
2864 778 3070 832 nullius
3104 778 3264 847 pretii
3300 796 3312 831 :
3345 778 3551 847 ipsius-

1965 881 2073 937 que
2109 865 2356 921 Socratis
2384 877 2612 922 mortem
2649 884 2748 937 pro
2775 869 3120 939 philosophia
3149 870 3461 939 oppetentis
3494 880 3550 925 et

1965 973 2155 1014 eorum
2183 959 2275 1028 qui
2304 974 2427 1012 eum
2450 960 2670 1029 capitali
2697 961 2964 1031 supplicio
2988 962 3331 1016 aﬂiciendum
3355 962 3549 1018 decre-

1962 1057 2160 1103 verunt
2187 1067 2200 1103 :
2229 1047 2485 1120 Diogenis
2508 1050 2640 1104 item
2672 1057 2726 1104 et
2756 1051 3061 1105 Atticorum
3104 1052 3547 1109 adolescentulo-

266 1154 417 1194 rum.
466 1139 643 1211 thue
698 1144 890 1213 paucis
931 1144 1210 1200 absolvam
1241 1186 1258 1212 ,
1318 1145 1757 1216 sapientissimus
1805 1152 1859 1199 et
1916 1141 2312 1198 stolidissimus
2372 1143 2684 1197 mortalium
2753 1144 2891 1198 nihil
2966 1144 3237 1210 ditl‘erent,
3274 1146 3410 1200 nihil
3459 1148 3546 1202 in-

260 1234 613 1312 juslissimus
680 1241 1021 1307 maximeque
1058 1241 1266 1312 justus,
1302 1242 1543 1297 lascivus
1609 1241 1845 1296 maxime
1875 1247 1929 1295 et
1967 1238 2499 1303 continentissimus,
2563 1239 2944 1296 timidissimus
2994 1248 3049 1297 et
3079 1242 3415 1302 fortissimus
3459 1245 3545 1300 di-

266 1329 518 1396 stabunt,
549 1332 595 1386 si
645 1348 741 1388 eos
782 1348 974 1390 omnes
1021 1335 1372 1390 necessitatis
1421 1343 1474 1390 et
1507 1334 1603 1389 fati
1640 1349 1851 1389 merum
1892 1340 2109 1388 constet
2137 1347 2261 1388 esse
2293 1332 2613 1388 ludibrium.
2650 1360 2653 1363 ι

785 1447 1182 1501 ΚΕΦΑΛΑΙΟΝ
1216 1445 1352 1503 MZ'.

354 1532 516 1587 Ἀλλὰ
545 1534 655 1607 γὰρ
682 1538 818 1609 προς
851 1538 1023 1591 ταῦτα
1052 1541 1080 1592 ὁ
1110 1540 1286 1610 κήρυξ
1311 1539 1411 1610 τῆς
1442 1537 1699 1610 ἀληθείας
1729 1535 1853 1609 βοή’

264 1640 446 1694 σεται,
498 1626 701 1696 λέγων·
738 1625 810 1682 Ὦ
854 1630 1151 1703 ἄνθρωποι,
1189 1631 1381 1703 θνητὸν
1426 1633 1520 1686 καὶ
1566 1630 1854 1701 ἐπίκαιρον

2493 1441 2720 1499 CAPUT
2760 1443 2970 1499 XLVII.

2033 1533 2137 1591 Sed
2167 1535 2311 1590 enim
2353 1543 2546 1589 contra
2588 1536 2704 1589 haec
2727 1551 2908 1606 praeco
2938 1536 3188 1593 veritatis
3227 1536 3543 1596 inclamabit

1914 1661 1916 1663 ›
1952 1625 2184 1681 dicens:
2219 1623 2364 1680 Heus
2393 1624 2664 1691 homines,
2701 1627 2934 1681 mortale
2976 1636 3030 1681 et
3064 1629 3245 1699 exigui
3282 1631 3540 1697 temporis

262 1716 446 1785 γένος,
488 1722 579 1772 ποῖ
609 1718 673 1790 δὴ
726 1721 977 1793 φέρεσθε,
1025 1723 1118 1777 τὸν
1164 1725 1265 1794 τῆς
1314 1725 1582 1797 ἀκρασίας
1622 1726 1837 1797 ἄκρατοι

1960 1730 2152 1783 genus,
2187 1728 2298 1783 quo
2332 1713 2573 1768 I‘erimini
2606 1715 3023 1771 incontinentiaa
3064 1733 3216 1773 mero
3241 1719 3414 1774 ebrii?
3444 1720 3540 1776 de-

261 1808 586 1878 ἑμπιόντεςς
625 1810 823 1882 λήξατέ
872 1831 1023 1878 ποτε,
1056 1816 1149 1869 καὶ
1192 1816 1488 1889 διανήψατε
1522 1819 1618 1889 τῆς
1665 1818 1855 1888 μέθης,

262 1899 364 1953 καὶ
391 1899 629 1965 διανοίας
672 1903 853 1974 ὀρθοῖς
883 1904 1093 1975 ὄμμασι
1131 1907 1195 1960 τὸ
1234 1909 1430 1979 σεμνὸν
1462 1910 1561 1980 τῆς
1602 1908 1859 1981 ἀληθείας

260 1991 659 2062 ὲνοπτρίσασθε
683 1994 992 2065 πρόσωπον.
1023 1997 1098 2050 Οὐ
1123 1998 1280 2067 θέμις
1306 1998 1564 2070 ἀλήθειαν
1602 1999 1858 2070 πολεμεῖν

261 2085 437 2156 ἑαυτῇ
472 2086 565 2139 καὶ
600 2086 905 2157 μάχεσθαι·
944 2088 1065 2141 οὐδὲ
1112 2088 1256 2143 δυοῖν
1287 2092 1696 2145 ἐναντιωτάτοιν
1729 2094 1858 2162 μίαν

261 2176 565 2243 ὑφεστάναι
601 2178 696 2230 καὶ
734 2179 833 2249 τὴν
866 2179 1034 2251 αὐτὴν
1064 2182 1263 2234 αἰτίαν.
1290 2183 1401 2254 Τῆς
1429 2182 1522 2236 τοῦ
1554 2182 1690 2236 Θεοῦ
1725 2201 1858 2255 προο

261 2265 416 2329 νοίας
445 2266 514 2321 τά
548 2267 726 2322 πάντα
760 2269 1086 2342 κρατούσης,
1113 2271 1274 2337 θείοις
1309 2272 1421 2344 (23)
1452 2274 1639 2344 νόμοις
1678 2274 1856 2328 διατέ-

260 2372 463 2411 τακται
496 2359 558 2412 τὸ
590 2362 719 2415 πᾶν.
765 2360 1096 2433 Ἀνθρώπων
1126 2379 1185 2415 τε
1218 2362 1397 2435 ψυχῆς
1427 2365 1553 2435 ὄρος
1598 2366 1860 2436 αὐτοκρά-

260 2449 400 2518 τορά
430 2465 491 2501 τε
541 2451 635 2504 καὶ
680 2453 898 2524 κριτὴν,
942 2454 1183 2525 ἡγεμόνα
1230 2471 1290 2507 τε
1326 2456 1420 2509 καὶ
1464 2455 1650 2527 κύριον
1695 2456 1856 2509 αὑτὸν

260 2540 462 2593 ἑαυτοῦ
513 2543 830 2615 καθίστησι·
866 2549 1116 2614 φυσικοῖς
1166 2547 1350 2619 νόμοις
1410 2549 1505 2601 καὶ
1555 2548 1857 2617 φιλοσόφων

259 2629 530 2702 δόγμασιν
550 2635 901 2699 ἐκδιδάσκων,
929 2638 1004 2702 ὡς
1023 2638 1131 2711 ἄρα
1150 2639 1258 2693 τῶν
1286 2640 1455 2694 ὄντων
1478 2639 1547 2693 τὰ
1573 2641 1674 2711 μὲν
1706 2639 1854 2693 ἔστιν

259 2724 350 2793 ἐφ’
374 2728 525 2796 ἡμῖν,
559 2727 628 2781 τὰ
663 2729 721 2782 δὲ
764 2730 864 2783 οὐκ
898 2731 981 2799 ἐφ’
1016 2732 1163 2801 ἡμῖν.
1202 2731 1312 2784 Καὶ
1352 2731 1434 2800 ἐφ’
1466 2734 1598 2802 ἡμῖν
1633 2732 1729 2802 μὲν
1754 2732 1854 2784 ὅσα

258 2816 460 2883 γένοιτ’
488 2817 555 2872 ἂν
580 2819 722 2872 κατὰ
747 2821 1067 2892 προαίρεσίν
1089 2839 1148 2874 τε
1181 2822 1276 2875 καὶ
1309 2820 1508 2893 πρᾶξιν
1536 2821 1670 2891 (24),
1703 2819 1738 2874 ἃ
1761 2821 1855 2873 καὶ

260 2905 425 2975 φύσει
455 2909 715 2983 ἐλεύθερα
745 2910 877 2982 (25),
914 2912 1187 2976 ἀκώλυτα,
1227 2911 1682 2983 ἀπαρεμπόδιστα
1721 2926 1853 2978 τυγ-

260 2997 438 3066 χάνει·
460 2999 529 3053 τὰ
545 3000 601 3053 δὲ
621 3002 721 3055 οὐκ
743 3003 826 3071 ἐφ’
843 3006 975 3073 ἡμῖν
996 3003 1216 3074 ἀσθενῆ,
1234 3002 1415 3067 δοῦλα,
1438 3000 1675 3065 κωλυτὰ,
1700 3001 1855 3054 ἀλλό-

1960 1808 2125 1863 sinite
2162 1806 2404 1870 demum,
2433 1821 2464 1861 e
2491 1808 2717 1878 crapula
2750 1810 3215 1879 expergiscimini,
3260 1815 3540 1884 rectisque

1958 1899 2159 1955 mentis
2190 1898 2367 1954 oculis
2393 1906 2683 1968 augustam
2716 1900 2966 1955 veritatis
2996 1901 3285 1957 intuemini
3318 1905 3535 1960 faciem.

1957 1987 2063 2045 Fas
2094 1990 2239 2044 enim
2268 2005 2378 2045 non
2406 1999 2485 2046 est
2527 1990 2630 2045 sibi
2657 1991 2757 2059 ipsi
2792 2004 3096 2062 repugnare
3124 1994 3435 2060 veritatem,
3471 2011 3537 2051 ac

1958 2096 1989 2151 a
2014 2096 2073 2136 se
2095 2081 2411 2138 dissentire.
2436 2080 2623 2152 Neque
2647 2082 2861 2137 duobus
2885 2083 3028 2138 inter
3057 2099 3115 2139 se
3144 2087 3381 2142 maxime
3399 2102 3534 2142 con-

1958 2172 2145 2227 trariis
2177 2188 2341 2228 unam
2375 2172 2733 2244 eamdemque
2782 2189 3006 2229 causam
3050 2176 3299 2242 subesse.
3331 2177 3538 2234 Divinas

1966 2263 2329 2321 Providentiae
2356 2267 2539 2321 omnia
2568 2265 3150 2336 continentis-legibus
3189 2269 3389 2326 divinis
3422 2272 3537 2327 uni-

1957 2374 2179 2414 versum
2213 2359 2317 2413 hoc
2356 2358 2585 2428 regitur.
2621 2358 2853 2413 Deﬁnita
2881 2366 3062 2427 autem
3108 2362 3302 2418 animae
3341 2363 3537 2419 huma-

1957 2463 2042 2504 nae
2094 2451 2373 2520 potentia,
2402 2448 2721 2520 ’principem
2765 2464 2890 2503 eum
2932 2465 2996 2505 ac
3028 2450 3309 2520 judiccm,
3364 2465 3539 2511 recto-

1956 2557 2071 2597 rem
2130 2551 2185 2597 et
2234 2541 2515 2596 dominum
2547 2542 2634 2596 sui
2665 2542 2838 2612 ipsius
2883 2545 3170 2599 constituit
3199 2546 3393 2614 :juxta
3435 2562 3534 2601 na-

1956 2641 2094 2688 turae
2123 2634 2270 2703 leges
2299 2639 2353 2687 et
2399 2633 2850 2704 philosophorum
2903 2636 3101 2706 placita
3149 2652 3272 2691 eum
3301 2638 3531 2702 docens.

1955 2741 2139 2780 rerum
2189 2725 2326 2778 alias
2372 2739 2497 2780 esse
2531 2725 2588 2779 in
2636 2732 2909 2797 potestate
2950 2736 3162 2794 nostra,
3226 2729 3364 2785 alias
3401 2747 3534 2786 vero

1957 2827 2065 2868 non
2098 2828 2241 2868 esse.
2275 2809 2434 2884 545
2450 2811 2515 2867 Ει
2537 2812 2593 2867 in
2616 2822 2804 2869 nostra
2847 2815 3067 2885 quidem
3100 2824 3370 2887 potestate
3400 2835 3526 2877 esse

1955 2908 2133 2975 posita
2167 2906 2349 2959 omnia
2379 2920 2502 2976 qua:
2531 2905 2600 2960 ab
2631 2906 2896 2962 electione
2924 2916 3114 2962 nostra
3137 2918 3188 2964 et
3215 2911 3533 2979 operatione

1956 2997 2216 3067 pendent,
2249 3011 2373 3050 cum
2413 2998 2613 3066 quibus
2639 3005 2692 3052 et
2727 2998 2801 3051 ita
2834 3014 2864 3052 a
2906 3006 3105 3053 natura
3147 3009 3528 3071 comparatum

257 3105 411 3160 τρια,
430 3088 466 3142 ἃ
495 3091 590 3143 καὶ
613 3093 740 3162 περὶ
768 3092 829 3144 τὸ
854 3091 1031 3163 σῶμα,
1050 3094 1143 3146 κα)¹
1165 3091 1232 3145 τὰ
1252 3092 1425 3159 ἐκτὸς,
1450 3092 1633 3163 ἄψυχά
1646 3109 1704 3144 τε
1726 3092 1837 3145 ὄντα

1956 3098 2061 3156 εει,
2113 3097 2175 3143 ut
2215 3090 2385 3144 libera
2418 3093 2572 3160 'sint,
2623 3106 2724 3145 nec
2760 3090 3036 3161 prohiberi
3068 3107 3100 3146 a
3150 3095 3407 3164 quopiam
3443 3095 3528 3150 vel

256 3181 356 3234 καὶ
376 3180 564 3250 ἄλογα,
582 3183 677 3236 καὶ
690 3183 864 3254 πάντη
881 3185 979 3255 τῆς
1002 3183 1137 3246 ἰδίας
1148 3182 1242 3236 τοῦ
1254 3183 1471 3251 λογικοῦ
1489 3183 1626 3248 ζώου
1641 3184 1856 3253 φύσεως

257 3271 548 3345 ἀλλοτρίαν
579 3274 678 3345 τὴν
698 3275 993 3327 ὑπόστασιν
1022 3274 1154 3345 ἔχει.
1178 3274 1297 3327 Τῶν
1324 3275 1367 3328 δ’
1392 3273 1623 3346 ἐφ’ἠμῖν
1639 3277 1737 3346 τὴν
1761 3277 1855 3329 ἐπὶ

257 3367 463 3440 θάτερα
490 3369 665 3441 ὁρμὴν
691 3370 893 3442 ἀρετῆς
926 3388 984 3423 τε
1014 3371 1109 3423 καὶ
1139 3371 1339 3433 κακίας
1364 3370 1595 3434 ἕκαστος
1620 3372 1677 3423 ἐν
1711 3371 1850 3443 αὐτῇ

256 3460 522 3532 κέκτηται
549 3464 883 3534 προαιρέσει.
916 3463 1026 3516 Καὶ
1057 3463 1118 3515 τὸ
1152 3464 1250 3542 μεν
1286 3462 1395 3517 τῶν
1421 3464 1558 3517 ὅλων
1587 3463 1851 3528 δεσπόζον

254 3567 318 3605 τε
353 3554 449 3606 καὶ
476 3554 776 3625 ἡγεμονοῦν
817 3553 1020 3612 εὐθέως
1059 3555 1306 3624 περαίνει
1336 3554 1470 3625 (26),
1508 3554 1649 3608 κατὰ
1684 3555 1846 3625 φύσιν

255 3644 784 3716 περιπορευόμενον·
816 3643 939 3713 τῷδ’
960 3643 1068 3696 αἰεὶ
1096 3644 1384 3698 συνέπεται
1409 3645 1555 3716 δίκη,
1585 3645 1694 3698 τῶν
1719 3648 1848 3701 ἁπο-

254 3731 598 3803 λειπομένων
625 3734 720 3787 τοῦ
750 3733 895 3786 θείου
919 3734 1082 3805 νόμου
1118 3733 1358 3805 τιμωρός
1377 3751 1391 3765 ·
1427 3733 1536 3787 τῶν
1564 3734 1608 3788 δ’
1634 3735 1726 3788 ἐπὶ
1745 3737 1845 3800 τὰς

255 3825 486 3897 πράξεις
535 3825 722 3897 ὁρμῶν
772 3826 833 3879 οὐ
883 3826 1104 3897 μοίρας,
1153 3825 1276 3879 οὐδὲ
1319 3825 1680 3897 εἱμαρμένης,
1733 3826 1841 3880 οὐδ’

253 3917 501 3988 ἀνάγκης
547 3917 694 3996 αξτία
730 3916 817 3988 (27
826 3928 863 3985 )’
899 3916 1050 3969 αἰτία
1088 3915 1343 3986 ἑλομένου
1367 3932 1381 3946 ο
1417 3915 1549 3979 Θεὸς
1576 3916 1838 3979 ἀναίτιος.

1954 3179 2204 3248 impediri
2236 3188 2460 3249 queant.
2501 3180 2632 3247 Quae
2659 3197 2788 3236 vero
2817 3182 2872 3236 in
2904 3190 3175 3252 potestate
3204 3192 3392 3240 nostra
3416 3201 3527 3241 non

1951 3279 2103 3336 sunt,
2135 3289 2198 3326 ea
2239 3274 2454 3327 inlirnia
2500 3281 2651 3341 sunt,
2698 3257 2933 3329 obnoxia
2980 3276 3249 3339 servituti,
3283 3278 3529 3350 nihilque

1951 3361 2020 3416 ad
2044 3377 2145 3417 nos
2172 3366 2424 3430 attinent,
2453 3365 2521 3420 ad
2551 3381 2753 3437 corpus
2784 3367 3113 3437 pertinentia
3140 3375 3195 3423 et
3226 3384 3314 3425 res
3344 3378 3528 3425 exter-

1948 3470 2069 3517 nas,
2108 3457 2290 3511 animo
2321 3465 2375 3512 et
2422 3460 2636 3513 ratione
2666 3458 2948 3526 destituta,
2984 3470 3147 3529 atque
3195 3463 3418 3517 omnino
3441 3462 3526 3518 di-

1948 3563 2163 3603 versam
2203 3565 2233 3604 a
2263 3558 2460 3605 natura
2490 3551 2744 3607 animalis
2785 3552 2994 3607 ratione
3024 3553 3240 3623 praediti
3270 3562 3523 3610 naturam

1952 3639 2226 3699 habentia.
2265 3641 2324 3697 In
2357 3643 2436 3699 eis
2464 3658 2597 3698 vero
2622 3659 2743 3714 quae
2771 3652 2900 3700 sunt
2935 3645 2987 3698 in
3017 3653 3284 3715 potestate
3309 3654 3521 3713 nostra,

1947 3731 2015 3785 ad
2058 3733 2377 3788 alterutram
2409 3742 2616 3804 partem
2650 3735 3091 3804 propensionem,
3122 3735 3208 3789 vel
3252 3751 3375 3790 cum
3405 3738 3520 3791 vir-

1946 3833 2079 3889 tute,
2130 3827 2214 3880 vel
2253 3842 2377 3881 cum
2408 3826 2542 3881 vitio
2592 3825 2963 3896 conjunctam,
3005 3826 3062 3880 in
3108 3826 3373 3883 electione
3420 3842 3520 3883 sua

1945 3918 2325 3986 unusquisque
2347 3918 2579 3987 positam
2611 3916 2793 3970 habet.
2827 3915 3001 3971 Porro
3045 3925 3224 3973 autem
3256 3918 3520 3974 Dominus

254 4018 310 4064 et
341 4018 525 4064 rector
577 4010 822 4064 omnium
868 4021 1013 4066 recta
1043 4013 1260 4065 ratione
1308 4009 1524 4081 singula
1589 4009 1865 4080 transigit,
1906 4026 2003 4080 per
2071 4012 2386 4066 universam
2432 4026 2750 4067 commeans
2792 4018 3066 4065 naturam.
3099 4009 3257 4066 Ilunc
3299 4013 3519 4071 assidue

250 4102 503 4171 sequitur
540 4099 812 4166 Nemesis,
846 4117 1035 4156 eorum
1103 4102 1195 4172 qui
1239 4116 1268 4154 a
1311 4101 1497 4155 divina
1559 4100 1676 4170 lege
1729 4099 2089 4156 discesserint
2128 4100 2347 4155 vindex.
2381 4100 2464 4154 Ad
2501 4101 2771 4171 agendum
2822 4110 2999 4155 autem
3041 4100 3187 4170 quod
3253 4099 3516 4171 feramur,

252 4207 367 4248 non
401 4193 457 4246 in
488 4190 679 4248 Parcis
712 4190 890 4247 fatove
934 4200 988 4247 et
1031 4193 1364 4248 necessitate
1394 4199 1480 4248 est
1507 4191 1690 4262 culpa,
1735 4191 1830 4246 sed
1869 4192 2029 4263 culpa
2055 4200 2140 4248 est
2168 4192 2223 4246 in
2255 4193 2525 4264 eligente;
2558 4192 2703 4249 Deus
2730 4193 2882 4248 omni
2917 4193 3077 4262 culpa
3112 4201 3289 4250 vacat.

759 4305 1156 4358 ΚΕΦΑΛΑΙΟΝ
1186 4305 1326 4358 ΜΗ’.

2459 4304 2691 4362 CAPUT
2730 4304 2963 4362 XLVIII.

324 4415 389 4469 Et
420 4415 485 4488 δὴ
519 4416 835 4489 θρασύνοιτό
864 4434 968 4481 τις,
999 4417 1107 4469 τῶν
1134 4417 1219 4487 ἐφ’
1252 4418 1383 4488 ἡμῖν
1403 4417 1526 4488 ἄρτι
1555 4413 1832 4486 πολεμῶν,

2009 4416 2165 4483 Quod
2195 4418 2239 4473 si
2277 4416 2443 4487 igitur
2472 4417 2673 4488 aliquis
2699 4418 2927 4473 nimium
2959 4419 3218 4474 audacter
3245 4434 3307 4475 se
3334 4428 3511 4490 gerat,

255 4507 332 4579 μὴ
385 4508 914 4580 παραωλυπτέσθω.
975 4500 1144 4570 Οὗτος
1208 4507 1475 4577 ἀθεότητα
1532 4505 1835 4576 ἀναφανδὸν

251 4599 645 4671 ὲξαγορευέτω,
697 4600 770 4672 μὴ
820 4601 1093 4672 πρόνοιαν,
1124 4600 1199 4671 μὴ
1235 4598 1390 4665 Θεὸν,
1426 4597 1559 4671 μηδέ
1596 4592 1657 4651 τι
1683 4597 1831 4665 ἄλλο,

325 4754 438 4823 (25)
463 4755 685 4808 Αίτίαν.
709 4755 824 4823 Τῆς
853 4772 904 4807 τ.
941 4755 1087 4809 Θεοῦ
1111 4768 1285 4824 προν.
1312 4772 1363 4807 τ.
1387 4768 1449 4808 π.
1470 4755 1826 4823 κρατούσης,

253 4826 432 4891 θείοις
478 4836 584 4878 etc.
618 4824 701 4895 Ita
732 4826 1172 4894 distinguendum
1225 4827 1555 4895 putavimus.
1607 4824 1740 4895 Nam
1774 4827 1828 4879 in

251 4895 416 5016 eediftis
444 4903 560 4948 erat
592 4894 792 4961 αἰτίαν,
811 4895 912 4965 τῆς
935 4914 987 4949 τ.
1024 4894 1086 4948 Θ.
1128 4894 1284 4966 προν.
1321 4913 1373 4949 τ.
1409 4912 1471 4949 π.
1498 4894 1824 4967 κρατούσης.

298 4982 323 5016 ε
350 4981 431 5016 οις
455 4972 564 5016 etc.

298 4965 431 5027 είοις
455 4972 564 5017 etc.

325 5033 435 5105 (24)
468 5033 630 5088 Κατὰ
657 5034 1009 5105 προαίρεσίν
1036 5032 1495 5105 τελκαίπρᾶξιν.
1527 5031 1687 5105 Prio_r
1710 5033 1828 5087 edi-

251 5102 426 5174 tio‘ut’
454 5113 507 5158 et
536 5119 638 5157 ms.
677 5102 810 5174 Reg.
858 5104 951 5156 καὶ
983 5103 1180 5174 πρᾶξιν
1232 5104 1321 5158 hic
1370 5105 1589 5158 habent.
1636 5102 1702 5156 Et
1750 5105 1825 5158 ita

252 5173 522 5242 interpres
559 5175 613 5228 in
649 5173 985 5229 suo’codice
1032 5173 1329 5243 repererat,
1360 5182 1580 5228 vertens
1605 5189 1722 5242 qua:
1758 5187 1825 5227 ea:

251 5244 518 5298 electione
554 5252 789 5312 aetuque
838 5244 1184 5313 proveniunt.
1215 5243 1298 5313 At
1323 5243 1392 5297 de
1441 5244 1824 5298 emendatione

249 5313 598 5385 nostra(qua
634 5313 815 5385 speet;
864 5314 918 5385 i_n
959 5315 1138 5368 locum
1169 5312 1417 5384 πράξεως
1447 5313 1820 5384 substituitur)

250 5398 413 5437 nemo
437 5383 727 5453 dubitabit,
747 5385 837 5453 qui
869 5383 1171 5453 Epictetum
1205 5383 1434 5451 ejusque
1472 5383 1811 5453 coimnenta-é

249 5460 425 5507 torem
455 5452 793 5521 Simplicium
832 5452 929 5509 vel
959 5469 987 5506 a
1034 5455 1221 5507 limine
1254 5453 1509 5522 inspexit.
1544 5452 1815 5507 Ilocsreu.

321 5524 429 5577 Sed
469 5539 570 5587 ego
608 5524 699 5592 qui
732 5533 1023 5593 utrumque
1056 5525 1292 5592 inspexi,
1327 5525 1395 5577 de
1437 5525 1819 5578 emendatione

248 5600 431 5647 tamen
478 5593 829 5647 Holsteniana
859 5593 1069 5649 dubito.
1101 5593 1466 5663 Praeterquam
1495 5594 1639 5647 enim
1670 5593 1817 5662 quod

249 5664 568 5735 προαίρεσις
605 5672 659 5735 et
697 5663 896 5735 πρᾶξις
941 5664 1098 5733 longe
1139 5665 1321 5732 aptius
1356 5664 1460 5717 sibi
1496 5671 1686 5735 mutuo
1716 5679 1814 5735 re-

249 5732 573 5797 spondeant.
600 5734 715 5798 ipse
738 5732 1018 5799 Epictetus
1044 5732 1128 5800 ἐφ’
1157 5735 1285 5801 ἡμῖν
1309 5747 1433 5790 esse
1463 5732 1537 5787 ait
1562 5733 1642 5786 ὲν).
1669 5732 1813 5803 λόγῳ

1939 4510 1996 4565 in
2028 4517 2299 4579 potestate
2330 4520 2519 4564 nostra
2558 4526 2680 4580 quae
2712 4519 2843 4565 sunt
2879 4512 3231 4582 impugnans,
3261 4528 3389 4567 eum
3434 4513 3513 4566 la.

1934 4607 2050 4655 tere
2081 4615 2193 4654 non
2235 4600 2509 4670 patiamur
2541 4603 2794 4657 ulterius.
2844 4600 2958 4655 lino
3002 4602 3338 4672 impietatem
3385 4604 3511 4660 talis

1929 4748 2030 4821 ὅσα
2056 4748 2298 4821 ἡμέτερα
2332 4750 2553 4803 'EPFA.
2584 4748 2757 4818 Igitur
2785 4749 2983 4821 πρᾶξιν
3010 4750 3116 4805 ﬁde
3146 4751 3389 4806 omnium
3413 4768 3509 4808 co-

1929 4820 2113 4874 dicum
2146 4819 2232 4872 hic
2269 4821 2501 4874 retinere
2532 4836 2642 4873 non
2677 4819 2885 4873 dubito.

1926 4882 1970 4970 ζ
2004 4888 2241 4970 (25)Λξᾼ
2294 4889 2392 4943 καί
2443 4890 2624 4970 φύσει
2668 4891 2976 4970 ῥείεᾴβερα.
3004 4889 3152 4970 ΑΗωο
3201 4893 3387 4970 itidem
3441 4908 3505 4970 ex

1928 4957 2159 5030 Epicteti
2176 4959 2512 5030 [deprompta
2544 4959 2852 5013 Enchiridio
2878 4957 3038 5023 sunt,
3072 4962 3215 5030 quod
3243 4964 3362 5017 vide
3384 4962 3503 5018 ο.2.

1999 5028 2112 5099 (26)
2140 5030 2431 5101 Περαίνει.
2459 5029 2624 5101 Ita__ex
2654 5028 3363 5101 conjectura,restituebam
3408 5047 3506 5101 pro

1928 5103 2185 5171 παραινεῖ
2208 5101 2353 5169 quod
2404 5100 2457 5171 in
2490 5099 2651 5153 editis
2677 5108 2796 5153 erat
2830 5100 3105 5156 omnibus.
3138 5102 3202 5154 Et
3233 5114 3380 5156 certe
3409 5099 3505 5158 ve-

1925 5170 2043 5239 ram
2094 5170 2381 5224 lectionem
2441 5170 2722 5222 invenerat
2752 5173 2912 5223 etiam
2961 5171 3017 5223 i-n
3066 5173 3183 5226 suis
3214 5173 3502 5239 Acciolus;

1926 5238 1999 5292 ita
2019 5240 2161 5293 enim
2178 5240 2417 5294 vertebat
2438 5257 2451 5292 :
2478 5239 2613 5292 Deus
2630 5254 2787 5307 porro
2809 5240 3063 5293 Dominus
3080 5259 3251 5294 rerum
3268 5238 3502 5296 omnium

1922 5311 2281 5379 princepsque,
2315 5310 2686 5381 rectairatione
2718 5310 2927 5379 singula
2957 5313 3223 5381 transigit.
3255 5312 3411 5377 Quod
3446 5319 3501 5366 et

1924 5395 2025 5433 nos
2071 5378 2415 5433 retinuimus.
2448 5378 2520 5431 Τὸ
2547 5378 2746 5443 ὲνθέως
2791 5378 3084 5449 Opponitur
3114 5378 3282 5437 caecis
3318 5382 3501 5439 fatalis

1921 5451 2271 5504 necessitatis
2300 5449 2561 5503 motibus.

1993 5519 2103 5590 (27)
2135 5519 2325 5573 Αὶτία.
2355 5517 2554 5591 Vocem
2595 5532 2715 5591 quae
2764 5519 3117 5591 librariorum
3168 5522 3301 5576 vit-io
3350 5521 3498 5577 exci-

1920 5589 2097 5663 derat,
2128 5591 2431 5663 oscitanter
2478 5589 2594 5642 brec
2648 5589 3125 5663 describentium,
3148 5600 3335 5663 atque,
3366 5605 3498 5649 voce

1919 5662 2004 5715 bis
2030 5662 2255 5736 repetita
2307 5659 2673 5726 turbatorum,
2698 5663 2946 5734 restitui,
2979 5677 3087 5718 non
3115 5662 3172 5719 in
3200 5659 3416 5736 gratiis,
3437 5667 3494 5719 ut

1919 5727 2159 5796 conﬁdo,
2198 5727 2499 5786 Musarum.
