3846 6220
370 314 471 370 8G7
1002 311 1275 370 EUSEBII
1313 310 1800 368 CIESARIENSIS
1839 310 1991 369 OPP.
2028 311 2214 368 PARS
2252 312 2317 368 ll.
2362 343 2432 354 —
2467 309 2973 368 APOLOGETICA.
3541 311 3644 368 868

368 443 557 505 aperte
599 429 939 502 proﬁteatur,
992 446 1101 485 non
1134 429 1558 501 providentiam,
1607 445 1719 485 non
1750 428 1944 496 Deum,

2065 430 2190 502 πλὴν
2213 430 2417 502 μοιρῶν
2441 430 2536 484 καὶ
2567 428 2813 500 ἀνάγκης
2831 427 3107 500 ὁμολογῶν
3125 446 3139 459 ’
3175 429 3270 483 κα)⁸
3287 430 3358 483 τὰ
3381 429 3645 485 ἀκόλουθα

366 541 477 581 non
515 523 662 580 aliud
700 524 981 595 quidpiam
1027 534 1223 595 praeter
1252 523 1423 579 fatum
1467 532 1522 579 et
1559 523 1944 579 necessitatem

2065 521 2260 585 τούτοις
2307 523 2487 592 γυμνῇ
2526 519 3018 592 προσκαταλεγὲτω
3063 519 3294 591 κεφαλῇ.
3335 521 3409 591 μὴ
3462 520 3645 590 σοφὸν,

368 633 692 687 agnoscens.
728 617 840 671 lmo
864 624 917 671 et
944 633 1064 687 quae
1094 618 1233 671 hanc
1257 617 1561 672 doctrinam
1594 631 1947 686 consequun-

2065 615 2127 686 κὴ
2159 614 2390 685 ἄφρονα,
2428 613 2503 686 μὴ
2543 609 2772 676 δίκαιον,
2809 612 2882 683 μὴ
2907 613 3111 675 ἄδικον,
3147 613 3222 683 μὴ
3255 613 3533 684 ἐνάρετον,
3575 614 3646 685 μὴ

364 715 458 764 tur
497 708 619 763 sine
658 708 945 762 involucra
983 707 1210 778 insuper
1242 708 1605 779 proloquatur
1634 728 1646 762 ε
1678 723 1789 762 non
1823 705 1943 762 dari

2065 705 2273 774 ραῦλον,
2311 706 2384 776 μὴ
2414 705 2605 776 γόητα,
2658 703 2733 775 μὴ
2767 703 2908 756 θεῖον
2941 706 2998 757 ὲν
3055 702 3359 776 ἀνθρώπων
3399 703 3647 772 γίνεσθαι

366 800 690 869 sapientem,
728 815 836 854 non
865 800 1117 863 stultum,
1140 816 1251 854 non
1271 816 1509 871 aequum,
1538 815 1648 854 non
1671 799 1940 868 iniquum,

363 906 475 945 non
497 889 684 945 virtuti
715 890 981 953 deditum,
1012 906 1121 945 non
1146 907 1399 961 pravum,
1429 907 1539 945 non
1561 906 1801 962 magum,
1834 905 1943 944 non

363 976 605 1031 divinam
632 976 868 1030 indolem
893 975 948 1029 in
977 975 1236 1031 humanis
1257 975 1376 1030 dari
1411 995 1424 1030 :
1451 991 1629 1045 neque
1661 988 1789 1028 vero
1822 973 1944 1043 phi-

360 1066 663 1136 losophiam
718 1082 861 1129 esse,
904 1084 1084 1137 neque
1131 1068 1502 1138 disciplinam,
1554 1083 1731 1138 neque
1768 1077 1940 1121 artem

360 1160 587 1215 omnino
606 1160 771 1213 ullam
787 1161 873 1215 vel
892 1160 1180 1215 scientiam
1192 1204 1204 1216 .
1224 1160 1395 1217 Nemo
1410 1162 1639 1215 alterum
1665 1159 1938 1233 [proinde]

358 1253 578 1324 ingenio
610 1253 725 1307 sive
750 1253 955 1308 bonum
990 1262 1147 1309 vocet
1179 1254 1295 1310 sive
1323 1254 1548 1316 malum,
1587 1253 1683 1309 sed
1712 1253 1942 1309 confuse

358 1345 564 1408 omnia,
591 1345 750 1415 quasi
776 1346 1066 1415 vertigine,
1091 1346 1175 1416 agi
1202 1346 1534 1401 necessitate
1562 1359 1616 1400 et
1638 1345 1938 1401 Parcarum

355 1434 513 1493 fusis.
550 1436 777 1508 lmpium
809 1439 977 1509 igitur
1005 1446 1168 1508 atque
1213 1437 1504 1509 profanum
1544 1439 1708 1493 istum
1740 1439 1794 1492 in
1823 1438 1941 1508 pio-

354 1544 550 1586 rumne
571 1540 624 1585 et
659 1531 969 1602 sapientum
997 1546 1223 1586 censum
1256 1530 1603 1586 referamus?
1638 1529 1694 1585 Si
1728 1538 1935 1594 tamen,

351 1629 551 1677 caetera
574 1622 952 1684 dissimulans,
977 1620 1384 1676 Providentiam
1431 1628 1670 1677 statuere
1696 1630 1750 1676 et
1781 1622 1933 1685 deos,

350 1712 434 1769 eis
478 1728 610 1768 vero
653 1715 912 1782 superius
962 1712 1251 1767 admittere
1294 1728 1407 1783 prae
1456 1728 1515 1768 se
1546 1712 1685 1767 ferat
1720 1712 1931 1777 fatum,

2048 797 2209 868 φύσει
2224 797 2439 870 (Ξ8),μὴ
2461 796 2778 866 φιλοσοφίαν
2791 792 2949 859 εἶναι,
2977 795 3050 867 μὴ
3074 796 3343 857 παιδείαν,
3366 795 3492 865 μηδ’
3511 796 3647 859 δλως

2046 890 2240 961 τέχνην
2264 888 2406 952 τινὰ,
2434 888 2553 959 μηδ’
2579 889 2771 958 ὲπιστή
2782 903 2906 957 μην·
2930 887 3001 958 μή
3032 904 3115 950 τις
3134 886 3289 940 ἄλλον
3308 885 3419 956 (29)
3434 887 3535 955 τὴν
3556 884 3646 954 φύ-

2048 1001 2132 1036 σιν
2145 981 2415 1051 ἀγαθὸν,ἢ
2443 980 2675 1052 πονηρὸν
2703 979 3046 1042 ἀποκαλοῖτο,
3078 978 3257 1031 πάντα
3270 976 3327 1030 δὲ
3343 976 3643 1047 συλλήϐδην

2046 1075 2262 1146 ἀνάγκῃ
2295 1074 2390 1128 καὶ
2428 1074 2631 1144 μοιρῶν
2675 1070 2968 1143 ἀτράκτοις
2997 1070 3410 1141 περιδινεῖσθαι.
3451 1069 3643 1133 Ἀθεος

2044 1166 2181 1237 δῆτα
2208 1166 2302 1219 καὶ
2345 1164 2613 1235 δυσσεϐὴς
2642 1158 2798 1227 οὗτος
2841 1163 2899 1215 ἐν
2930 1162 3169 1216 εὐσεϐῶν
3199 1163 3293 1216 καὶ
3333 1162 3640 1232 φιλοσόφων

2043 1259 2447 1331 ἀπογεγράφθω
2463 1257 2730 1330 κριτηρίῳ
2748 1274 2761 1321 ;
2776 1257 2838 1310 Εἰ
2855 1257 2922 1320 δ’,
2936 1256 3441 1326 ὲπικαλυπτύμενος
3452 1256 3636 1327 ἕτερα,

2041 1348 2285 1415 δοξάζειν
2315 1352 2587 1424 ἐπεχείρει
2634 1351 2890 1423 πρόνοιαν
2924 1353 3019 1406 καὶ
3048 1352 3223 1419 θεοὺς,
3253 1355 3450 1424 μοῖραν
3474 1353 3519 1406 δ’
3548 1353 3638 1407 ἐπὶ

2040 1442 2269 1506 τούτοις,
2301 1442 2395 1496 καὶ
2431 1444 2791 1515 εἱμαρμένην,
2825 1443 2909 1507 τἰς
2942 1429 3303 1515 ἀνακηρύττοι
3327 1462 3341 1475 ο
3378 1442 3637 1515 Μαχομέο

2040 1552 2152 1598 νοις
2180 1534 2274 1587 καὶ
2305 1534 2569 1599 ἐναντίοις
2619 1535 3025 1607 παριστάμενος
3061 1535 3349 1607 δόγμασιν,
3396 1536 3635 1606 ὲναγέσι,

2037 1620 2193 1692 δίκην
2225 1620 2411 1684 ἀνοίας
2448 1622 2767 1695 παρασχὼν,
2817 1625 3282 1697 καταγεγράφθω.
3319 1627 3493 1679 Ταυτὶ
3540 1627 3636 1697 μὲν

2036 1709 2129 1766 οὖν
2163 1714 2355 1784 ταύτῃ.
2387 1714 2450 1766 Εἰ
2475 1713 2519 1767 δ’
2552 1715 2643 1768 ἐπὶ
2667 1714 2878 1780 τούτοις
2906 1718 2964 1769 ἐν
2994 1717 3298 1787 φιλοσόφων
3327 1719 3637 1791 διατριϐαῖς

351 1805 547 1861 merito
567 1805 692 1873 quis
723 1805 871 1857 velut
899 1804 1170 1873 praeconis
1194 1819 1327 1859 voce
1351 1805 1652 1859 exclamet:
1680 1804 1937 1875 Pugnan-

2065 1804 2236 1869 ιξιοῖεν
2271 1804 2351 1857 ἔτι
2399 1807 2725 1874 καταλέγειν
2757 1809 2901 1873 τινὲς
2940 1809 3033 1862 τὸν
3063 1810 3252 1882 ἄνδρα,
3282 1810 3521 1877 λέξεται,
3562 1811 3638 1875 ὡς

350 1897 427 1951 tia
470 1904 523 1952 et
562 1897 841 1952 contraria
874 1897 1135 1963 maxime,
1181 1911 1355 1965 eaque
1404 1896 1595 1965 impia,
1637 1896 1930 1952 admittere

2036 1894 2124 1960 ἂν,
2154 1898 2201 1949 εί
2222 1896 2572 1969 ἀποκαθῆραι
2599 1899 2789 1952 ἑαυτὸν
2821 1900 2921 1970 τῆς
2949 1900 3145 1966 ἔξωθεν
3173 1902 3350 1975 λύμης
3377 1904 3514 1975 (50),
3543 1905 3637 1959 καὶ

350 1985 725 2056 deprehensus
778 1985 908 2049 iste,
952 1985 1021 2039 ad
1082 1985 1314 2040 insaniae
1362 1998 1558 2055 pmnas
1615 1986 1931 2043 subeundas

2065 1983 2137 2053 ,ἧς
2195 1985 2303 2038 ἀπὸ
2340 1987 2501 2056 τῆσδε
2537 1987 2636 2057 τῆς
2681 1990 2898 2061 γραφῆς
2946 1992 3483 2065 ὲπεισκυκλουμένης
3522 1996 3634 2066 (51)

349 2079 762 2134 condemnetur.
805 2078 984 2147 Atque
1028 2076 1130 2131 ista
1184 2076 1291 2131 huc
1341 2091 1516 2145 usque
1564 2076 1805 2145 quidem.
1864 2073 1924 2130 Si

354 2181 532 2224 autem
564 2179 686 2237 post
718 2168 831 2223 haec
852 2169 1015 2222 etiam
1051 2168 1104 2221 in
1135 2167 1589 2236 philosophorum
1624 2165 1829 2220 scholis
1852 2164 1928 2219 lo-

347 2269 473 2309 cum
504 2254 684 2309 facere
708 2255 828 2307 viro
856 2253 1062 2326 dignati
1085 2255 1327 2326 quipiam
1368 2254 1594 2319 fuerint,
1631 2256 1712 2312 eis
1740 2256 1932 2312 dicen-

2038 2073 2189 2145 αὐτῷ
2237 2077 2457 2146 σκευῆς,
2504 2078 2695 2147 φθόνος
2737 2081 2842 2143 πᾶς
2893 2082 3065 2151 αὐτῆς
3111 2083 3354 2138 ἐκποδὼν
3405 2085 3474 2139 ἂν
3522 2086 3630 2157 εἴη.

2041 2165 2240 2239 Ὅρους
2254 2167 2299 2220 δ’
2315 2170 2362 2221 εί
2381 2169 2636 2240 ἀληθείας
2654 2170 2861 2242 προϊών
2885 2191 2970 2236 τις
2986 2174 3121 2244 (52),
3139 2176 3281 2247 ὑπὲρ
3308 2176 3636 2246 φιλοσόφους

2041 2258 2343 2325 ὲκθειάζειν
2402 2263 2563 2316 αὐτὸν
2613 2264 2873 2336 πειρῷτο,
2925 2265 3077 2320 λάθοι
3121 2268 3187 2322 ἂν
3227 2269 3381 2340 αύτῷ
3437 2271 3634 2342 γόητος

345 2342 500 2409 dum,
552 2341 667 2397 fore
716 2351 796 2406 ut,
838 2343 931 2398 ubi
980 2359 1107 2398 eum
1165 2359 1196 2398 a
1237 2343 1363 2400 labe
1429 2343 1653 2399 aliunde
1704 2361 1927 2416 aspersa

2065 2352 2275 2422 ιτεχνῶς
2295 2354 2551 2427 διαϐολὴν
2579 2357 2933 2429 ὲπεντρίόων,
2966 2360 3052 2424 Ὠς
3079 2362 3237 2415 ταυτὶ
3255 2362 3326 2415 τὰ
3351 2341 3633 2434 συγγράμ-

345 2435 727 2504 purgaverint,
757 2435 997 2505 itemque
1027 2450 1057 2488 a
1089 2435 1364 2499 machina,
1400 2452 1522 2507 quae
1549 2452 1616 2491 ex
1648 2438 1753 2493 ista
1788 2441 1928 2494 scri-

346 2525 537 2596 ptione
569 2524 623 2580 in
660 2541 786 2581 eum
830 2526 1152 2597 impellitur,
1198 2528 1498 2583 immunem
1531 2531 1922 2600 praestiterint;

2036 2460 2200 2513 ματα,
2250 2447 2577 2515 σοφιστικῶς
2608 2449 2718 2521 (55)
2761 2450 3243 2523 ἀναπεπλασμένα,
3288 2453 3451 2507 πλέον
3480 2454 3632 2523 ἐλέγ-

2032 2552 2126 2605 χου
2159 2536 2270 2608 (54)
2306 2538 2401 2591 καὶ
2433 2539 2613 2611 δεινῆς
2642 2542 2869 2614 τάνδρὸς
2905 2543 3157 2618 διαϐολῆς
3180 2545 3330 2618 παρά
3362 2549 3477 2610 τοῖς
3507 2545 3631 2600 νοῦν

343 2617 546 2685 omnis,
591 2633 713 2688 qua
759 2634 826 2674 ex
870 2620 972 2674 hac
1016 2620 1316 2690 scriptione
1354 2621 1457 2691 ipsi
1492 2623 1719 2678 conﬂari
1751 2626 1925 2695 possit

2065 2645 2245 2698 χουσιν
2272 2630 2460 2702 ἔμοιγε
2489 2632 2640 2687 δοκεῖ
2670 2636 2968 2707 περιέχειν.

344 2710 572 2776 invidia,
598 2726 629 2767 e
665 2712 847 2768 medio
878 2714 1124 2769 tollatur.
1165 2714 1222 2769 Si
1255 2716 1505 2773 veritatis
1538 2728 1720 2774 autem
1749 2729 1924 2775 motas
1963 2736 2241 2792 egressus,
2273 2725 2515 2781 divinam
2546 2731 2742 2800 magis,
2800 2748 2963 2802 quam
3005 2733 3319 2806 philosophi
3348 2751 3475 2807 quae
3533 2736 3625 2800 sit,

342 2804 723 2905 excellentiam
767 2806 818 2861 ei
881 2806 1127 2864 tribuere
1164 2811 1287 2880 quis
1343 2812 1497 2878 velit,
1534 2813 1627 2868 ille
1680 2814 2000 2886 imprudens
2040 2821 2185 2889 magi
2229 2822 2453 2878 omnino
2503 2825 2554 2879 ei
2603 2826 3047 2885 criminationem
3099 2804 3387 2905 impinget:
3438 2830 3631 2902 Itaqse

342 2896 464 3000 eius
493 2901 712 2970 generis
770 2900 917 2967 libri,
983 2904 1284 2975 sophistica
1324 2914 1442 2964 arte
1487 2910 1824 2976 concinnati,
1861 2912 2005 2984 apud
2044 2915 2430 2986 prudentiores
2465 2922 2765 2992 opprobrio
2793 2931 2849 2980 et
2882 2896 3223 2997 gravissima:
3261 2896 3625 3000 inculpationi

342 2992 465 3065 ejus
494 2995 809 3052 inservituri
836 3000 1020 3069 potius
1055 3001 1189 3054 mihi
1221 3002 1503 3061 videntur.

416 3174 885 3269 {S‘BZ‘liihudiior
1031 3181 1200 3261 ᾀνθρ.
1227 3181 1498 3269 γίνεσθαι
1526 3186 1733 3265 φύσει.
1764 3185 1933 3269 Miror
1960 3223 1963 3251 ι

2065 3204 2184 3242 num
2220 3205 2442 3269 sensum
2476 3206 2600 3269 esse
2629 3194 2833 3269 patebit
2868 3194 3170 3269 conl‘erenti
3201 3213 3326 3252 cum
3356 3199 3483 3255 istis
3506 3214 3626 3269 qua:

341 3244 488 3325 banc
513 3244 825 3325 lectionem.
851 3244 1193 3325 verissimam
1226 3244 1465 3325 sane,__et
1494 3244 1613 3309 sine
1639 3272 1745 3325 qua
1779 3258 1927 3310 nulla

344 3315 513 3394 huius
569 3318 671 3394 loci
728 3320 1036 3394 integritas,
1063 3336 1240 3387 neque
1298 3322 1597 3394 aiMorello
1638 3315 1814 3394 neque
1860 3328 1928 3382 ab

341 3385 632 3441 Holstenio
685 3385 959 3456 receptam
1024 3390 1078 3444 in
1129 3385 1280 3445 textu
1342 3393 1534 3449 fuisse.
1580 3385 1749 3451 Plane
1780 3399 1926 3452 enim

341 3455 526 3540 inepta
561 3466 712 3540 “sunt
770 3455 891 3540 qua:
920 3460 996 3540 illi
1032 3462 1085 3514 in
1123 3470 1271 3540 textu
1298 3476 1606 3533 servarunt,
1628 3467 1702 3539 μὴ
1732 3468 1926 3540 γόητα,

342 3525 1055 3599 θείῃνάνθρῳπονγίνεσθαι
1084 3532 1264 3599 φύσει.

417 3543 779 3651 ιτένοινυρωπον
809 3543 1055 3595 γινεσυαι
1084 3543 1264 3599 φύσει.

417 3602 432 3664 (
474 3598 529 3668 9)
554 3598 649 3667 Μή
674 3617 763 3665 τις
788 3600 1159 3677 ἄλλοτ’-..Εᾱὶῐί
1192 3604 1389 3677 μήτιν’
1406 3604 1583 3670 ἄλλον,
1601 3606 1749 3677 quod
1776 3623 1929 3664 men-

340 3665 537 3723 dosum
565 3665 690 3724 esSe
725 3679 838 3723 tota
881 3673 1058 3724 oratio
1096 3665 1380 3729 suadebat.

416 3737 684 3816 (501mg
705 3740 927 3804 ἔξωθεν
948 3743 1165 3812 λύμης.
1192 3740 1332 3816 Puto
1373 3745 1597 3816 intelligi
1633 3747 1833 3811 labem,
1860 3749 1929 3804 ab

340 3808 462 3882 ipso
492 3807 849 3882 Philostrato,
886 3807 1080 3881 paruin
1100 3807 1380 3882 prudente
1426 3807 1784 3881 encovmiasta,
1810 3807 1929 3874 ine-

340 3879 450 3949 ptis
499 3879 754 3936 laudibus
803 3879 1444 3954 Apollonio'aspersam.
1478 3885 1651 3952 Quem
1694 3879 1924 3946 verissi-

2036 3275 2213 3337 sup_ra_
2245 3260 2511 3337 Eusebius
2555 3260 2809 3337 habebat,
2858 3267 3043 3337 capite
3076 3267 3109 3321 5
3148 3277 3286 3322 toto.

2108 3331 2221 3402 (51)
2295 3331 2944 3403 Ἐίτεισκυκλουμένηςξ
3007 3336 3141 3393 Vide
3201 3338 3269 3393 de
3333 3339 3440 3395 hac
3490 3354 3626 3396 voce

2036 3401 2222 3456 notata
2248 3403 2312 3455 ad
2350 3401 2526 3456 Vitam
2553 3401 2842 3472 Apollonii,
2876 3401 2968 3460 lib.
3002 3424 3079 3470 xl,
3105 3424 3157 3461 (τ.
3186 3410 3271 3463 10.

2110 3472 2471 3553 (52)-Ὄρους
2581 3476 2633 3553 εὶ
2670 3477 2773 3553 d4.
2799 3477 3041 3553 προῖώῂ,
3072 3489 3179 3535 etc.
3211 3478 3381 3535 Plane
3405 3482 3625 3553 gemina

2034 3558 2201 3609 supra
2232 3543 2460 3609 legimus
2503 3544 2555 3596 in
2587 3545 2689 3599 hoc
2721 3543 2880 3612 libro,
2913 3564 2962 3603 c.
2995 3549 3047 3603 5.

2106 3612 2217 3690 (55)
2267 3613 2655 3690 Σοφιστικῶς.
2706 3617 2780 3669 Ita
2819 3634 2918 3686 pro
2951 3618 3318 3687 σοφιστικούς,
3359 3619 3513 3690 quod
3563 3619 3625 3677 in

2033 3684 2367 3759 edi_t_is_erat2
2403 3684 2692 3759 legendum
2715 3684 2845 3759 esse
2873 3690 2955 3741 vel
2992 3684 3175 3743 céecus
3212 3684 3448 3759 judicét.

2107 3753 2218 3831 gat)
2244 3753 2551 3831 H.2éor_é_.1.
2587 3754 2728 3809 Editi
2753 3759 2812 3810 ού
2836 3759 2998 3812 πλέον
3032 3760 3109 3812 ιλ.
3141 3753 3419 3831 Νεξςθιίνεε
3451 3760 3625 3830 parti-

2034 3824 2171 3902 culae
2202 3824 2408 3902 aperte
2448 3825 2539 3902 hic
2585 3840 2782 3902 sensus
2815 3831 3099 3896 reclamat,
3131 3824 3298 3902 quam
3327 3824 3623 3887 elim'inan-

2030 3894 2155 3948 dam
2180 3900 2467 3963 prapterea
2491 3894 2770 3953 duximus.

361 4068 3605 4130 mn

1203 4274 1887 4395 ORIGENIS
1982 4280 2743 4402 APOLOGUE

1574 4520 1937 4610 LIBER
2014 4523 2361 4618 UNUS.

864 4709 996 4771 νωο
1025 4712 1164 4769 inter
1196 4712 1438 4786 Origem's
1468 4714 1667 4787 Opera,
1701 4715 1920 4786 hujusce
1950 4714 2276 4789 Patrologiw
2304 4716 2720 4778 Graeco-Latina:
2745 4730 2871 4778 tam.
2901 4721 2957 4779 Χ
2970 4721 3109 4787 γη.
