3846 6220
279 295 389 354 969
1014 340 1021 343 ξ
1375 298 1464 354 DE
1502 297 1717 356 CURIS
1752 298 2041 355 BIBIJCIS
2078 299 2368 358 EUSEBII.
3455 308 3561 365 870

1371 509 1812 521 -——-——.—_—

290 502 1451 534 Μ

1920 511 3549 542 mm

1818 512 1846 519 ν.

1454 522 1683 535 ~———
1700 522 2475 537 .——i————._

620 761 1684 978 EUSEBII
1845 769 3175 987 PAMPHILI

1178 1217 1990 1314 CESARIENSIS
2066 1223 2620 1320 EPISCOPI

370 1527 1160 1691 OPERUM
1262 1402 2028 1689 OMNIUM
2125 1530 2613 1691 PARS
2726 1533 3440 1694 TERTIA

1501 2025 2318 2143 EXEGETICA

1259 2384 1377 2445 DE
1419 2384 1662 2447 CURIS
1702 2382 2080 2446 BIBLICIS
2120 2381 2488 2465 EUSEBIL

910 2598 1132 2664 (Angelo
1153 2596 1270 2660 MAI,
1298 2594 1594 2647 Bibliotheca
1617 2607 1740 2645 nova
1768 2596 1994 2656 Patrum,
2017 2597 2052 2643 t.
2078 2592 2160 2655 IV,
2185 2606 2235 2656 p.
2259 2592 2336 2643 66.
2383 2593 2552 2645 Romae
2576 2594 2716 2657 1847,
2741 2594 2888 2660 in-i.)

332 2955 475 3013 Dum
527 2953 751 3010 Eusebii
781 2951 1007 3023 reliquis
1031 2950 1222 3007 sedulo
1248 2950 1569 3031 colligendis
1601 2966 1791 3006 curam
1824 2951 2220 3023 impenderem,
2248 2950 2366 3006 ﬁeri
2393 2964 2505 3005 non
2535 2957 2750 3020 poterat
2789 2954 2920 3022 quin
2952 2953 3021 3009 ad
3048 2952 3293 3010 codicem
3318 2970 3542 3030 quoque

250 3053 408 3111 illum
440 3050 711 3120 insignem
747 3048 1076 3118 respicerem
1101 3046 1232 3101 olim
1263 3046 1318 3100 in
1351 3043 1525 3100 Gallia
1557 3045 2075 3111 Claromontanum,
2108 3061 2257 3101 nunc
2281 3044 2629 3109 Vaticanum,
2655 3047 2953 3117 prophetas
2982 3064 3193 3116 omnes,
3219 3067 3343 3106 cum
3373 3036 3540 3109 Pam-

247 3149 388 3221 phili
421 3145 754 3216 Eusebiique
781 3142 1122 3208 recensione,
1160 3143 1562 3209 continentem;
1589 3142 1657 3196 de
1689 3158 1799 3213 quo
1827 3144 1958 3197 olim
1993 3142 2278 3197 Curterius
2309 3141 2364 3195 in
2398 3140 2722 3212 praefatione
2752 3141 2820 3197 ad
2846 3141 3173 3214 Procopium
3204 3145 3260 3200 in
3296 3145 3537 3212 Esaiam,

248 3252 309 3299 et
329 3241 528 3298 deinde
554 3239 787 3310 peritius
825 3234 1270 3290 Montiauconius
1300 3234 1355 3288 in
1390 3231 1578 3287 Graeca
1606 3232 2027 3305 palazographia,
2058 3248 2112 3304 p.
2154 3232 2261 3286 224
2292 3248 2472 3303 seqq.,
2502 3234 2717 3289 locutus
2746 3241 2852 3288 est.
2887 3234 2939 3289 ls
2978 3237 3172 3300 codex,
3208 3239 3399 3294 nescio
3428 3255 3541 3311 quo

248 3351 438 3391 rerum
463 3343 685 3397 eventu,
713 3349 858 3387 armo
903 3331 1043 3387 1785
1082 3329 1312 3385 Romam
1356 3329 1590 3393 delatus,
1628 3330 1815 3400 palatii
1851 3328 2137 3399 apostolici
2169 3330 2438 3400 impensa,
2472 3330 2705 3385 scutatis
2748 3331 2988 3387 nummis
3020 3335 3278 3390 trecentis
3321 3344 3541 3407 emptus

248 3428 380 3492 fuit,
427 3436 482 3483 et
520 3426 866 3482 bibliothecae
890 3423 1168 3478 Vaticana:
1215 3421 1487 3486 addictus,
1539 3419 1955 3475 bibliothecario
2002 3420 2155 3475 card.
2193 3419 2414 3484 Zelada,
2443 3420 2705 3490 praefecto
2737 3419 2974 3492 Josepho
3012 3424 3203 3495 Regio,
3238 3435 3299 3481 ut
3339 3429 3394 3483 in
3439 3445 3539 3484 au-

247 3523 497 3578 thentica
524 3519 856 3576 venditionis
907 3515 1217 3588 syngrapha
1251 3513 1469 3583 legitur.
1509 3510 1725 3578 Quanta
1771 3514 1843 3568 sit
1881 3511 2092 3568 codicis
2130 3512 2488 3583 calligraphia
2527 3520 2583 3569 et
2616 3515 2938 3585 antiquitas,
2962 3516 3294 3585 judicabunt
3336 3520 3538 3578 eruditi

246 3631 317 3671 ex
346 3612 650 3684 specimine
707 3609 1051 3672 ﬁdelissimo,
1098 3606 1248 3678 quod
1278 3606 1429 3677 ligno
1448 3620 1716 3661 excusum
1770 3605 1861 3660 hic
1896 3605 2243 3675 apponimus.
2275 3604 2411 3659 Nam
2462 3603 2559 3662 fol.
2605 3606 2675 3660 84
2716 3613 2842 3662 ante
2888 3607 3104 3663 Esaiam
3142 3610 3350 3678 Graece,
3385 3624 3446 3668 ut
3478 3614 3537 3671 in

248 3714 445 3762 nostro
471 3721 607 3761 cuso
637 3704 938 3776 specimine
971 3702 1292 3759 scribuntur
1319 3715 1404 3766 ea,
1444 3715 1566 3770 quae
1603 3697 1798 3754 Latine
1827 3698 1908 3755 sic
1936 3698 2175 3753 habent:
2211 3697 2533 3769 Desumptus
2556 3699 2661 3770 fuit
2691 3699 2887 3755 Esaias
2924 3702 2988 3755 ab
3021 3705 3315 3772 exemplari
3347 3705 3537 3762 Patris

244 3803 583 3874 Apollinarii
606 3798 1004 3865 ccenobiarchte,
1042 3798 1129 3851 cui
1158 3796 1270 3852 hac
1297 3804 1449 3850 erant
1476 3794 1802 3865 subjuncta:
1832 3793 2137 3863 desumptus
2169 3795 2271 3865 fuit
2303 3793 2499 3850 Esaias
2542 3810 2608 3850 ea:
2635 3795 2950 3851 editionibus
2989 3798 3384 3876 hexaplaribus.
3409 3781 3539 3857 Gol-

248 3901 395 3954 latus
416 3908 493 3953 est
527 3906 703 3951 autem
732 3897 894 3950 etiam
917 3910 1037 3949 cum
1071 3893 1239 3947 altera
1266 3891 1547 3962 hexaplari
1581 3891 1757 3945 codice
1784 3890 1923 3945 hanc
1949 3890 2349 3945 adnotationem
2381 3891 2605 3946 habente
2635 3908 2653 3946 :
2693 3891 2986 3946 emendatae
3011 3893 3226 3962 fuerunt
3253 3894 3538 3966 diligenter

245 4005 453 4050 cunctte
485 3995 772 4056 editiones;
811 3992 1002 4047 etenim
1050 3989 1262 4044 collata:
1303 3988 1447 4059 [uere
1476 4003 1597 4041 cum
1628 3986 1796 4041 Esaia
1827 3986 2126 4055 tetraplari,
2158 4002 2251 4041 nec
2278 4004 2385 4041 non
2418 4003 2537 4040 cum
2581 3985 2878 4054 hexaplari.
2914 3987 3048 4041 Tum
3091 3988 3256 4042 etiam
3283 3988 3350 4042 ab
3379 3990 3537 4045 initio

244 4106 411 4161 usque
448 4088 523 4143 ad
554 4088 806 4143 visionem
830 4086 981 4156 Tyri,
1019 4085 1324 4140 accuratius
1358 4082 1530 4138 adhuc
1561 4082 1872 4139 emendatus
1905 4083 2029 4152 fuit.
2066 4083 2287 4152 Copiam
2323 4084 2468 4138 enim
2495 4082 2799 4150 habuimus,
2835 4100 3000 4154 usque
3033 4081 3103 4137 ad
3132 4084 3292 4154 ﬁnem
3314 4084 3536 4141 uisionis

248 4184 401 4257 Tyri,
435 4194 695 4239 tomorum
723 4183 779 4237 in
805 4180 1025 4236 Esaiam
1055 4181 1437 4251 exegeticorum
1471 4178 1714 4251 Origenis
1745 4195 1764 4233 :
1794 4179 2077 4252 seduloque
2114 4180 2611 4243 animaduertentes,
2644 4197 2749 4251 quo
2772 4197 2930 4235 sensu
2962 4181 3052 4235 ille
3079 4182 3319 4251 singulas
3343 4182 3539 4238 dictio-

245 4296 338 4336 nes
363 4296 460 4350 pro
497 4278 697 4333 viribus
719 4278 1104 4346 explicavisset,
1151 4291 1357 4329 omnem
1401 4273 1800 4344 ambiguitatem
1841 4273 2128 4329 secundum
2176 4274 2324 4329 illius
2362 4285 2588 4329 mentem
2618 4277 2968 4329 correximus.
3003 4274 3274 4331 Prwterea
3316 4266 3536 4346 compa-

248 4378 455 4432 ratione
483 4377 729 4430 instituta
753 4391 871 4430 cum
902 4372 1250 4444 Septuaginta
1283 4370 1519 4425 virorum
1559 4370 1808 4432 editione,
1837 4379 1887 4424 et
1928 4387 2047 4425 cum
2077 4371 2350 4424 adnotatis
2379 4370 2446 4425 ab
2487 4370 2716 4425 Eusebio
2741 4370 2809 4424 ad
2841 4369 3087 4431 Esaiam,
3116 4372 3173 4431 in
3208 4370 3537 4426 dissonanti-

248 4473 344 4526 bus
376 4473 505 4527 locis
538 4487 749 4526 sensum
798 4470 983 4523 rimati
1022 4484 1226 4530 sumus,
1267 4476 1423 4538 atque
1452 4466 1521 4520 ad
1551 4466 1696 4521 illius
1745 4482 1988 4521 normam
2039 4466 2461 4521 emendationem
2492 4468 2813 4523 curauimus.
2872 4466 3014 4523 Tum
3060 4468 3157 4523 fol.
3205 4469 3313 4523 280
3344 4469 3379 4524 b
3408 4477 3537 4526 aute

246 4567 588 4624 Ezechielem
616 4567 817 4637 legitur
839 4563 1046 4628 Graece,
1075 4573 1135 4619 ut
1169 4564 1374 4633 pariter
1408 4563 1464 4616 in
1490 4570 1682 4617 nostro
1703 4562 2024 4632 specimine,
2068 4562 2215 4633 quod
2246 4561 2440 4618 Latine
2466 4563 2547 4617 sic
2582 4562 3029 4633 interpretamur.
3064 4562 3389 4634 Desumptus
3432 4564 3537 4634 fuit

245 4660 546 4732 (Ezechiel)
580 4663 643 4714 ab
687 4660 980 4728 exemplari
1024 4657 1206 4712 Patris
1233 4657 1556 4727 Apollinarii
1596 4657 2007 4724 casnobiarchw,
2059 4659 2116 4713 in
2145 4674 2247 4728 quo
2275 4657 2387 4712 haec
2433 4667 2587 4713 erant
2623 4659 2907 4728 subjuncta
2929 4675 2949 4714 :
2989 4659 3297 4729 desumptus
3327 4660 3448 4729 fuit'
3469 4676 3536 4715 ea:

239 4754 566 4810 editionibus
589 4752 986 4822 hexaplaribus,
1035 4749 1444 4821 emendatusque
1479 4749 1547 4804 ad
1601 4750 1836 4819 ejusdem
1873 4751 2115 4823 Origeuis
2144 4750 2393 4822 tetrapla,
2424 4767 2543 4823 qua:
2594 4767 2757 4805 manu
2793 4751 2959 4821 ipsius
3001 4751 3279 4806 emendata
3321 4752 3535 4822 fuerant

240 4860 293 4903 et
322 4848 539 4904 scholiis
568 4850 815 4919 praedita.
859 4846 1008 4902 Unde
1038 4864 1131 4918 ego
1160 4845 1422 4901 Eusebius
1455 4844 1660 4900 scholia
1685 4844 1889 4901 addidi.
1923 4846 2233 4916 Pamphilus
2265 4856 2315 4902 et
2349 4844 2611 4901 Eusebius
2643 4847 3069 4903 emendaverunt.
3535 4911 3562 4960 μ

311 4986 483 5045 Vides
513 4964 758 5044 codicem
805 4987 1014 5058 aadepol
1043 4988 1582 5058 praestantissimum.
1615 4986 1782 5043 Vides
1804 4987 2028 5043 Eusebii
2057 5003 2187 5059 erga
2219 4988 2437 5044 divinos
2461 4989 2631 5044 libros
2661 4988 2879 5052 merita,
2914 4996 2969 5043 et
2995 5003 3157 5059 quam
3190 4997 3341 5046 recte
3368 4990 3437 5046 de
3467 4962 3543 5046 eo2

242 5079 608 5154 Hieronymus
637 5083 716 5138 De
748 5085 845 5137 vir.
881 5084 966 5138 ill.
996 5098 1116 5155 cap.
1144 5084 1210 5139 81
1249 5084 1450 5140 dixerit
1478 5104 1490 5139 :
1520 5084 1778 5139 Eusebius
1808 5082 2071 5138 Cwsarete
2099 5082 2410 5140 Palaestinae
2448 5085 2724 5155 episcopus
2754 5086 2811 5139 iu
2845 5085 3139 5154 Scripturis
3186 5085 3378 5140 divinis
3417 5096 3532 5141 stu-

242 5180 602 5244 diosissimus,
634 5190 684 5234 et
718 5179 1042 5235 bibliothecae
1065 5179 1279 5247 divina,
1324 5197 1442 5235 cum
1474 5180 1757 5251 Pamphilo
1798 5189 2059 5250 martyre,
2092 5179 2532 5250 diligentissimus
2568 5182 2970 5251 pervestigator.
3015 5178 3223 5236 Revera
3257 5156 3552 5238 Constant;

242 5277 393 5331 tinus
419 5276 534 5347 ipse
574 5276 872 5346 imperator
913 5274 1052 5347 (Vit.
1082 5276 1179 5331 lib.
1219 5293 1295 5340 iv,
1326 5276 1417 5341 '56,
1451 5277 1540 5347 57)
1574 5275 1814 5331 Eusebio
1851 5288 2056 5329 munus
2086 5273 2350 5343 imposuit
2381 5273 2840 5344 praestantissima
2872 5271 2972 5327 SS.
3007 5272 3312 5327 Bibliorum
3346 5289 3565 5363 exem-i

244 5372 418 5441 plaria
440 5371 839 5442 quinquaginta
888 5372 1238 5437 conﬁciendi,
1277 5388 1400 5443 qua:
1429 5371 1666 5426 diversis
1703 5370 1968 5425 Ecclesiis
1997 5370 2294 5425 distributa
2326 5369 2572 5425 fuerunt.
2605 5368 2727 5423 Jam
2770 5369 2817 5424 si
2847 5368 3057 5425 codicis
3095 5369 3397 5439 pleniorem
3430 5384 3533 5424 no-

243 5467 419 5523 titiam
452 5477 628 5538 optas,
656 5484 777 5524 eam
810 5469 1052 5524 breviter
1098 5471 1177 5525 sic
1208 5470 1514 5523 trademus.
1546 5466 1666 5523 Fol.
1715 5468 1825 5529 1-5,
1857 5466 1998 5522 Vitae
2037 5467 2232 5521 breves
2260 5467 2650 5537 prophetarum
2675 5473 2901 5520 auctore
2927 5466 3249 5519 nominatim
3268 5463 3528 5528 Eusebio,

244 5573 380 5627 quas
409 5560 696 5617 Curterius
733 5561 925 5617 edidit.
970 5561 1090 5618 Fol.
1117 5562 1273 5625 5-H,
1304 5561 1502 5617 Obitus
1531 5568 1585 5616 et
1607 5562 1902 5630 sepulturae
1935 5561 2349 5631 prophetarum,
2379 5561 2499 5615 sine
2541 5559 2785 5615 auctoris
2815 5560 3058 5625 nomine,
3095 5558 3163 5613 de
3195 5559 3395 5629 quibus
3425 5571 3529 5628 po-

246 5659 361 5706 stea
394 5654 663 5712 dicemus.
692 5654 812 5710 Fol.
840 5655 1033 5721 12-85,
1059 5655 1344 5726 Prophetas
1366 5655 1607 5710 minores
1634 5653 1947 5710 duodecim.
1980 5651 2099 5707 Fol.
2132 5651 2221 5707 84.
2255 5652 2349 5707 Illa
2383 5653 2672 5724 inscriptio
2706 5660 2831 5707 ante
2852 5650 3069 5706 Esaiam
3101 5666 3223 5722 qua:
3251 5651 3308 5705 iu
3339 5656 3532 5705 nostra

247 5728 553 5804 soeciiniue
592 5748 769 5810 prima
797 5756 902 5805 est.
943 5746 1209 5804 Praecedit
1255 5748 1365 5803 illic
1392 5747 1587 5804 notitia
1624 5746 1691 5804 de
1721 5744 1903 5814 Esaia,
1942 5746 2175 5818 ejusque
2208 5745 2453 5819 parentis
2484 5744 2691 5820 'Amosi
2731 5745 2973 5813 nomine,
3009 5751 3066 5801 et
3109 5754 3353 5814 tempore
3391 5738 3531 5797 vati-
