  <div class='ocr_page' id='page_1' title='image "/cluster/home/n/w/nwhite01/storage/ocr_20150623/22/nnc1.0046978372/490.png"; bbox 0 0 3826 6218; ppageno 0'>
   <div class='ocr_carea' id='block_1_1' title="bbox 134 229 3405 318">
    <p class='ocr_par' dir='ltr' id='par_1_1' title="bbox 134 229 3405 318">
     <span class='ocr_line' id='line_1_1' title="bbox 134 229 3405 318; baseline 0.005 -31"><span class='ocrx_word' id='word_1_1' title='bbox 134 260 251 318; x_wconf 68' lang='lat' dir='ltr'>s73</span> <span class='ocrx_word' id='word_1_2' title='bbox 1278 235 1368 296; x_wconf 84' lang='lat' dir='ltr'><strong>DE</strong></span> <span class='ocrx_word' id='word_1_3' title='bbox 1407 229 1620 297; x_wconf 71' lang='grc' dir='ltr'>(ἶυῆῐὸ</span> <span class='ocrx_word' id='word_1_4' title='bbox 1662 238 1951 296; x_wconf 83' lang='lat' dir='ltr'>BIBLICIS</span> <span class='ocrx_word' id='word_1_5' title='bbox 1985 238 2274 296; x_wconf 84' lang='lat' dir='ltr'>EUSEBII.</span> <span class='ocrx_word' id='word_1_6' title='bbox 3299 245 3405 302; x_wconf 71' lang='grc'>874</span> 
     </span>
    </p>
   </div>
   <div class='ocr_carea' id='block_1_2' title="bbox 134 357 1645 435">
    <p class='ocr_par' dir='ltr' id='par_1_2' title="bbox 134 362 1645 435">
     <span class='ocr_line' id='line_1_2' title="bbox 134 362 1645 435; baseline -0.015 -1"><span class='ocrx_word' id='word_1_7' title='bbox 134 380 451 435; x_wconf 81' lang='lat' dir='ltr'><strong>litterarum</strong></span> <span class='ocrx_word' id='word_1_8' title='bbox 506 369 727 433; x_wconf 78' lang='lat' dir='ltr'><strong>formis,</strong></span> <span class='ocrx_word' id='word_1_9' title='bbox 749 382 872 423; x_wconf 91' lang='lat' dir='ltr'>cum</span> <span class='ocrx_word' id='word_1_10' title='bbox 920 365 1078 420; x_wconf 88' lang='lat' dir='ltr'><strong>titulo</strong></span> <span class='ocrx_word' id='word_1_11' title='bbox 1115 382 1126 416; x_wconf 88' lang='lat'><strong>:</strong></span> <span class='ocrx_word' id='word_1_12' title='bbox 1171 362 1439 434; x_wconf 83' lang='grc' dir='ltr'>Ὀνόματα</span> <span class='ocrx_word' id='word_1_13' title='bbox 1471 377 1645 431; x_wconf 74' lang='grc' dir='ltr'>προφη</span> 
     </span>
    </p>
   </div>
   <div class='ocr_carea' id='block_1_3' title="bbox 1891 357 3402 435">
    <p class='ocr_par' dir='ltr' id='par_1_3' title="bbox 1891 357 3402 426">
     <span class='ocr_line' id='line_1_3' title="bbox 1891 357 3402 426; baseline 0.004 -15"><span class='ocrx_word' id='word_1_14' title='bbox 1891 362 1907 411; x_wconf 69' lang='grc' dir='ltr'>ι</span> <span class='ocrx_word' id='word_1_15' title='bbox 1942 357 2103 412; x_wconf 87' lang='grc' dir='ltr'>πόθεν</span> <span class='ocrx_word' id='word_1_16' title='bbox 2132 357 2258 420; x_wconf 73' lang='grc' dir='ltr'>εἰσὶ,</span> <span class='ocrx_word' id='word_1_17' title='bbox 2285 359 2379 410; x_wconf 76' lang='grc' dir='ltr'>καὶ</span> <span class='ocrx_word' id='word_1_18' title='bbox 2433 357 2534 410; x_wconf 82' lang='grc' dir='ltr'>ποῦ</span> <span class='ocrx_word' id='word_1_19' title='bbox 2563 357 2852 426; x_wconf 85' lang='grc' dir='ltr'>ἀπέθανον,</span> <span class='ocrx_word' id='word_1_20' title='bbox 2895 361 2988 415; x_wconf 78' lang='grc' dir='ltr'>καὶ</span> <span class='ocrx_word' id='word_1_21' title='bbox 3027 361 3142 425; x_wconf 86' lang='grc' dir='ltr'>πῶς</span> <span class='ocrx_word' id='word_1_22' title='bbox 3176 365 3269 417; x_wconf 78' lang='grc' dir='ltr'>καὶ</span> <span class='ocrx_word' id='word_1_23' title='bbox 3298 363 3402 417; x_wconf 77' lang='grc' dir='ltr'>ποῦ</span> 
     </span>
    </p>
   </div>
   <div class='ocr_carea' id='block_1_4' title="bbox 135 451 3404 532">
    <p class='ocr_par' dir='ltr' id='par_1_4' title="bbox 135 451 3404 532">
     <span class='ocr_line' id='line_1_4' title="bbox 135 451 3404 532; baseline -0.005 -5"><span class='ocrx_word' id='word_1_24' title='bbox 135 475 353 527; x_wconf 81' lang='grc' dir='ltr'>κεῖνται</span> <span class='ocrx_word' id='word_1_25' title='bbox 373 487 388 500; x_wconf 88' lang='grc'>·</span> <span class='ocrx_word' id='word_1_26' title='bbox 426 465 662 520; x_wconf 80' lang='lat' dir='ltr'>Nomina</span> <span class='ocrx_word' id='word_1_27' title='bbox 689 463 1084 532; x_wconf 81' lang='lat' dir='ltr'><strong>prophetarum,</strong></span> <span class='ocrx_word' id='word_1_28' title='bbox 1116 466 1162 510; x_wconf 90' lang='lat' dir='ltr'>et</span> <span class='ocrx_word' id='word_1_29' title='bbox 1186 457 1416 524; x_wconf 83' lang='lat' dir='ltr'><strong>ipsorum</strong></span> <span class='ocrx_word' id='word_1_30' title='bbox 1449 455 1660 523; x_wconf 79' lang='lat' dir='ltr'><strong>patriw,</strong></span> <span class='ocrx_word' id='word_1_31' title='bbox 1690 463 1738 506; x_wconf 85' lang='lat' dir='ltr'>et</span> <span class='ocrx_word' id='word_1_32' title='bbox 1766 454 1982 505; x_wconf 81' lang='lat' dir='ltr'>ubinam</span> <span class='ocrx_word' id='word_1_33' title='bbox 2011 452 2228 514; x_wconf 85' lang='lat' dir='ltr'><strong>mortui,</strong></span> <span class='ocrx_word' id='word_1_34' title='bbox 2257 459 2307 503; x_wconf 86' lang='lat' dir='ltr'>et</span> <span class='ocrx_word' id='word_1_35' title='bbox 2342 451 2600 519; x_wconf 87' lang='lat' dir='ltr'><strong>quomodo</strong></span> <span class='ocrx_word' id='word_1_36' title='bbox 2626 460 2674 505; x_wconf 78' lang='lat' dir='ltr'>et</span> <span class='ocrx_word' id='word_1_37' title='bbox 2701 468 2802 521; x_wconf 86' lang='lat' dir='ltr'>quo</span> <span class='ocrx_word' id='word_1_38' title='bbox 2841 453 2954 506; x_wconf 77' lang='lat' dir='ltr'><strong>loco</strong></span> <span class='ocrx_word' id='word_1_39' title='bbox 2975 454 3166 520; x_wconf 77' lang='lat' dir='ltr'>sepulti</span> <span class='ocrx_word' id='word_1_40' title='bbox 3185 455 3404 520; x_wconf 79' lang='lat' dir='ltr'><strong>fuerint.</strong></span> 
     </span>
    </p>
   </div>
   <div class='ocr_carea' id='block_1_5' title="bbox 136 543 3410 632">
    <p class='ocr_par' dir='ltr' id='par_1_5' title="bbox 136 543 3410 632">
     <span class='ocr_line' id='line_1_5' title="bbox 136 543 3410 632; baseline -0.004 -13"><span class='ocrx_word' id='word_1_41' title='bbox 136 565 344 620; x_wconf 79' lang='lat' dir='ltr'><strong>Mirum</strong></span> <span class='ocrx_word' id='word_1_42' title='bbox 384 574 550 632; x_wconf 89' lang='lat' dir='ltr'><strong>porro</strong></span> <span class='ocrx_word' id='word_1_43' title='bbox 579 565 665 612; x_wconf 89' lang='lat' dir='ltr'>est</span> <span class='ocrx_word' id='word_1_44' title='bbox 695 553 840 624; x_wconf 90' lang='lat' dir='ltr'><strong>quod</strong></span> <span class='ocrx_word' id='word_1_45' title='bbox 869 567 1046 621; x_wconf 89' lang='lat' dir='ltr'><strong>neque</strong></span> <span class='ocrx_word' id='word_1_46' title='bbox 1095 547 1380 604; x_wconf 82' lang='lat' dir='ltr'><strong>Curterius</strong></span> <span class='ocrx_word' id='word_1_47' title='bbox 1410 561 1597 632; x_wconf 81' lang='lat' dir='ltr'><strong>neque</strong></span> <span class='ocrx_word' id='word_1_48' title='bbox 1640 543 2076 599; x_wconf 85' lang='lat' dir='ltr'><strong>Montfauconius</strong></span> <span class='ocrx_word' id='word_1_49' title='bbox 2125 545 2291 599; x_wconf 86' lang='lat' dir='ltr'><strong>ullam</strong></span> <span class='ocrx_word' id='word_1_50' title='bbox 2343 545 2508 614; x_wconf 87' lang='lat' dir='ltr'><strong>hujus</strong></span> <span class='ocrx_word' id='word_1_51' title='bbox 2557 547 2748 616; x_wconf 90' lang='lat' dir='ltr'><strong>scripti</strong></span> <span class='ocrx_word' id='word_1_52' title='bbox 2796 547 3129 602; x_wconf 76' lang='lat' dir='ltr'>mentionem</span> <span class='ocrx_word' id='word_1_53' title='bbox 3179 549 3410 606; x_wconf 76' lang='lat' dir='ltr'>fecerint</span> 
     </span>
    </p>
   </div>
   <div class='ocr_carea' id='block_1_6' title="bbox 136 625 3407 727">
    <p class='ocr_par' dir='ltr' id='par_1_6' title="bbox 136 625 3407 727">
     <span class='ocr_line' id='line_1_6' title="bbox 136 625 3407 727; baseline -0.002 -17"><span class='ocrx_word' id='word_1_54' title='bbox 136 625 566 727; x_wconf 53' lang='lat' dir='ltr'><strong>(diversa-enim</strong></span> <span class='ocrx_word' id='word_1_55' title='bbox 615 654 744 702; x_wconf 89' lang='lat' dir='ltr'><strong>sunt</strong></span> <span class='ocrx_word' id='word_1_56' title='bbox 769 647 1025 700; x_wconf 82' lang='lat' dir='ltr'><strong>lemmata</strong></span> <span class='ocrx_word' id='word_1_57' title='bbox 1065 641 1155 695; x_wconf 88' lang='lat' dir='ltr'><strong>illa</strong></span> <span class='ocrx_word' id='word_1_58' title='bbox 1193 654 1314 710; x_wconf 70' lang='lat' dir='ltr'><strong>quae</strong></span> <span class='ocrx_word' id='word_1_59' title='bbox 1347 625 1515 692; x_wconf 82' lang='lat' dir='ltr'><strong>manu</strong></span> <span class='ocrx_word' id='word_1_60' title='bbox 1538 639 1841 694; x_wconf 75' lang='lat' dir='ltr'>recentiore</span> <span class='ocrx_word' id='word_1_61' title='bbox 1882 640 2088 709; x_wconf 88' lang='lat' dir='ltr'><strong>scripta</strong></span> <span class='ocrx_word' id='word_1_62' title='bbox 2117 639 2556 696; x_wconf 83' lang='lat' dir='ltr'><strong>Moutiauconius</strong></span> <span class='ocrx_word' id='word_1_63' title='bbox 2601 644 2843 712; x_wconf 81' lang='lat' dir='ltr'><strong>neglecta</strong></span> <span class='ocrx_word' id='word_1_64' title='bbox 2882 657 2912 696; x_wconf 91' lang='lat' dir='ltr'>a</span> <span class='ocrx_word' id='word_1_65' title='bbox 2947 642 3200 698; x_wconf 88' lang='lat' dir='ltr'><strong>Curterio</strong></span> <span class='ocrx_word' id='word_1_66' title='bbox 3229 645 3407 719; x_wconf 88' lang='lat' dir='ltr'><strong>dicit).</strong></span> 
     </span>
    </p>
   </div>
   <div class='ocr_carea' id='block_1_7' title="bbox 134 732 3408 816">
    <p class='ocr_par' dir='ltr' id='par_1_7' title="bbox 134 732 3408 816">
     <span class='ocr_line' id='line_1_7' title="bbox 134 732 3408 816; baseline -0.005 -14"><span class='ocrx_word' id='word_1_67' title='bbox 134 745 453 816; x_wconf 66' lang='lat' dir='ltr'><strong>Caeteroqui</strong></span> <span class='ocrx_word' id='word_1_68' title='bbox 497 742 695 812; x_wconf 86' lang='lat' dir='ltr'><strong>legenti</strong></span> <span class='ocrx_word' id='word_1_69' title='bbox 731 739 864 792; x_wconf 90' lang='lat' dir='ltr'><strong>mihi</strong></span> <span class='ocrx_word' id='word_1_70' title='bbox 899 734 1044 790; x_wconf 91' lang='lat' dir='ltr'><strong>haud</strong></span> <span class='ocrx_word' id='word_1_71' title='bbox 1072 749 1214 803; x_wconf 55' lang='lat' dir='ltr'><strong>aegre</strong></span> <span class='ocrx_word' id='word_1_72' title='bbox 1270 732 1529 796; x_wconf 72' lang='lat' dir='ltr'><strong>innotuit,</strong></span> <span class='ocrx_word' id='word_1_73' title='bbox 1571 733 1670 787; x_wconf 84' lang='lat' dir='ltr'>has</span> <span class='ocrx_word' id='word_1_74' title='bbox 1699 749 1822 788; x_wconf 89' lang='lat' dir='ltr'><strong>esse</strong></span> <span class='ocrx_word' id='word_1_75' title='bbox 1859 734 1982 789; x_wconf 87' lang='lat' dir='ltr'><strong>illas</strong></span> <span class='ocrx_word' id='word_1_76' title='bbox 2022 733 2412 804; x_wconf 89' lang='lat' dir='ltr'><strong>prophetarum</strong></span> <span class='ocrx_word' id='word_1_77' title='bbox 2461 733 2636 798; x_wconf 78' lang='lat' dir='ltr'><strong>Vitas,</strong></span> <span class='ocrx_word' id='word_1_78' title='bbox 2675 750 2906 804; x_wconf 88' lang='lat' dir='ltr'><strong>quarum</strong></span> <span class='ocrx_word' id='word_1_79' title='bbox 2956 737 3155 792; x_wconf 91' lang='lat' dir='ltr'><strong>cinnus</strong></span> <span class='ocrx_word' id='word_1_80' title='bbox 3188 739 3408 808; x_wconf 82' lang='lat' dir='ltr'><strong>quidam</strong></span> 
     </span>
    </p>
   </div>
   <div class='ocr_carea' id='block_1_8' title="bbox 134 823 3412 910">
    <p class='ocr_par' dir='ltr' id='par_1_8' title="bbox 134 823 3412 910">
     <span class='ocr_line' id='line_1_8' title="bbox 134 823 3412 910; baseline -0.002 -17"><span class='ocrx_word' id='word_1_81' title='bbox 134 845 404 910; x_wconf 86' lang='lat' dir='ltr'><strong>peractus</strong></span> <span class='ocrx_word' id='word_1_82' title='bbox 433 836 531 890; x_wconf 85' lang='lat' dir='ltr'><strong>fuit</strong></span> <span class='ocrx_word' id='word_1_83' title='bbox 567 835 624 887; x_wconf 90' lang='lat' dir='ltr'>in</span> <span class='ocrx_word' id='word_1_84' title='bbox 663 831 820 887; x_wconf 87' lang='lat' dir='ltr'><strong>libris</strong></span> <span class='ocrx_word' id='word_1_85' title='bbox 849 828 1045 894; x_wconf 82' lang='lat' dir='ltr'><strong>editis;</strong></span> <span class='ocrx_word' id='word_1_86' title='bbox 1077 835 1194 880; x_wconf 91' lang='lat' dir='ltr'>tum</span> <span class='ocrx_word' id='word_1_87' title='bbox 1215 825 1468 880; x_wconf 83' lang='lat' dir='ltr'><strong>videlicet</strong></span> <span class='ocrx_word' id='word_1_88' title='bbox 1489 823 1778 895; x_wconf 82' lang='lat' dir='ltr'><strong>Epiphanii</strong></span> <span class='ocrx_word' id='word_1_89' title='bbox 1807 825 1864 879; x_wconf 87' lang='lat' dir='ltr'>in</span> <span class='ocrx_word' id='word_1_90' title='bbox 1891 826 2128 880; x_wconf 85' lang='lat' dir='ltr'><strong>editione</strong></span> <span class='ocrx_word' id='word_1_91' title='bbox 2165 825 2461 880; x_wconf 84' lang='lat' dir='ltr'><strong>Petaviana</strong></span> <span class='ocrx_word' id='word_1_92' title='bbox 2489 825 2581 879; x_wconf 88' lang='lat' dir='ltr'><strong>Gr.</strong></span> <span class='ocrx_word' id='word_1_93' title='bbox 2611 826 2730 883; x_wconf 75' lang='lat' dir='ltr'><strong>Lat.</strong></span> <span class='ocrx_word' id='word_1_94' title='bbox 2757 835 2799 882; x_wconf 88' lang='lat' dir='ltr'><strong>t.</strong></span> <span class='ocrx_word' id='word_1_95' title='bbox 2825 826 2890 892; x_wconf 89' lang='lat' dir='ltr'>ll,</span> <span class='ocrx_word' id='word_1_96' title='bbox 2923 837 3037 882; x_wconf 90' lang='lat' dir='ltr'>tum</span> <span class='ocrx_word' id='word_1_97' title='bbox 3066 829 3123 884; x_wconf 88' lang='lat' dir='ltr'>in</span> <span class='ocrx_word' id='word_1_98' title='bbox 3150 831 3412 887; x_wconf 83' lang='lat' dir='ltr'><strong>Chronico</strong></span> 
     </span>
    </p>
   </div>
   <div class='ocr_carea' id='block_1_9' title="bbox 131 917 3453 1003">
    <p class='ocr_par' dir='ltr' id='par_1_9' title="bbox 131 917 3453 1003">
     <span class='ocr_line' id='line_1_9' title="bbox 131 917 3453 1003; baseline -0.002 -19"><span class='ocrx_word' id='word_1_99' title='bbox 131 929 387 1000; x_wconf 77' lang='lat' dir='ltr'><strong>paschali</strong></span> <span class='ocrx_word' id='word_1_100' title='bbox 431 927 519 982; x_wconf 88' lang='lat' dir='ltr'><strong>ed.</strong></span> <span class='ocrx_word' id='word_1_101' title='bbox 567 925 772 989; x_wconf 90' lang='lat' dir='ltr'><strong>Paris.,</strong></span> <span class='ocrx_word' id='word_1_102' title='bbox 807 938 862 992; x_wconf 87' lang='lat' dir='ltr'><strong>p.</strong></span> <span class='ocrx_word' id='word_1_103' title='bbox 902 922 1005 975; x_wconf 71' lang='grc'>146</span> <span class='ocrx_word' id='word_1_104' title='bbox 1059 935 1248 989; x_wconf 78' lang='lat' dir='ltr'><strong>seqq.:</strong></span> <span class='ocrx_word' id='word_1_105' title='bbox 1281 932 1594 988; x_wconf 86' lang='lat' dir='ltr'><strong>quanquam</strong></span> <span class='ocrx_word' id='word_1_106' title='bbox 1638 917 1861 972; x_wconf 68' lang='lat' dir='ltr'><strong>Graecus</strong></span> <span class='ocrx_word' id='word_1_107' title='bbox 1905 926 2087 973; x_wconf 79' lang='lat' dir='ltr'><strong>textus</strong></span> <span class='ocrx_word' id='word_1_108' title='bbox 2116 928 2170 973; x_wconf 91' lang='lat' dir='ltr'>et</span> <span class='ocrx_word' id='word_1_109' title='bbox 2202 919 2259 972; x_wconf 91' lang='lat' dir='ltr'>in</span> <span class='ocrx_word' id='word_1_110' title='bbox 2305 919 2561 973; x_wconf 76' lang='lat' dir='ltr'><strong>Chronico</strong></span> <span class='ocrx_word' id='word_1_111' title='bbox 2595 920 2749 974; x_wconf 69' lang='lat' dir='ltr'><strong>valde</strong></span> <span class='ocrx_word' id='word_1_112' title='bbox 2783 931 2866 975; x_wconf 91' lang='lat' dir='ltr'>est</span> <span class='ocrx_word' id='word_1_113' title='bbox 2920 923 3235 987; x_wconf 89' lang='lat' dir='ltr'><strong>mendosus,</strong></span> <span class='ocrx_word' id='word_1_114' title='bbox 3269 933 3323 978; x_wconf 89' lang='lat' dir='ltr'>et</span> <span class='ocrx_word' id='word_1_115' title='bbox 3357 926 3415 979; x_wconf 89' lang='lat' dir='ltr'>in</span> <span class='ocrx_word' id='word_1_116' title='bbox 3449 999 3453 1003; x_wconf 22' lang='grc' dir='ltr'><em>ι</em></span> 
     </span>
    </p>
   </div>
   <div class='ocr_carea' id='block_1_10' title="bbox 132 1009 3414 1094">
    <p class='ocr_par' dir='ltr' id='par_1_10' title="bbox 132 1009 3414 1094">
     <span class='ocr_line' id='line_1_10' title="bbox 132 1009 3414 1094; baseline -0.002 -17"><span class='ocrx_word' id='word_1_117' title='bbox 132 1021 453 1094; x_wconf 84' lang='lat' dir='ltr'><strong>Epiphanio</strong></span> <span class='ocrx_word' id='word_1_118' title='bbox 486 1033 596 1073; x_wconf 91' lang='lat' dir='ltr'>non</span> <span class='ocrx_word' id='word_1_119' title='bbox 624 1031 814 1086; x_wconf 91' lang='lat' dir='ltr'><strong>parum</strong></span> <span class='ocrx_word' id='word_1_120' title='bbox 845 1015 1038 1068; x_wconf 79' lang='lat' dir='ltr'><strong>variat.</strong></span> <span class='ocrx_word' id='word_1_121' title='bbox 1080 1012 1322 1081; x_wconf 89' lang='lat' dir='ltr'><strong>Denique</strong></span> <span class='ocrx_word' id='word_1_122' title='bbox 1341 1011 1424 1066; x_wconf 59' lang='lat' dir='ltr'><strong>hac</strong></span> <span class='ocrx_word' id='word_1_123' title='bbox 1454 1009 1591 1065; x_wconf 72' lang='lat' dir='ltr'><strong>Vitae</strong></span> <span class='ocrx_word' id='word_1_124' title='bbox 1623 1012 1726 1065; x_wconf 84' lang='lat' dir='ltr'><strong>sub</strong></span> <span class='ocrx_word' id='word_1_125' title='bbox 1759 1011 2016 1066; x_wconf 89' lang='lat' dir='ltr'><strong>Dorothei</strong></span> <span class='ocrx_word' id='word_1_126' title='bbox 2042 1009 2192 1083; x_wconf 79' lang='lat' dir='ltr'><strong>Tyrii</strong></span> <span class='ocrx_word' id='word_1_127' title='bbox 2224 1013 2444 1067; x_wconf 88' lang='lat' dir='ltr'><strong>nomine</strong></span> <span class='ocrx_word' id='word_1_128' title='bbox 2466 1020 2680 1068; x_wconf 77' lang='lat' dir='ltr'><strong>exstant</strong></span> <span class='ocrx_word' id='word_1_129' title='bbox 2719 1013 2772 1066; x_wconf 88' lang='lat' dir='ltr'>in</span> <span class='ocrx_word' id='word_1_130' title='bbox 2797 1013 3151 1084; x_wconf 80' lang='lat' dir='ltr'><strong>Lugdunensi</strong></span> <span class='ocrx_word' id='word_1_131' title='bbox 3182 1016 3414 1071; x_wconf 83' lang='lat' dir='ltr'><strong>Patrum</strong></span> 
     </span>
    </p>
   </div>
   <div class='ocr_carea' id='block_1_11' title="bbox 131 1102 3418 1179">
    <p class='ocr_par' dir='ltr' id='par_1_11' title="bbox 131 1102 3418 1179">
     <span class='ocr_line' id='line_1_11' title="bbox 131 1102 3418 1179; baseline -0.002 -10"><span class='ocrx_word' id='word_1_132' title='bbox 131 1114 495 1178; x_wconf 77' lang='lat' dir='ltr'><strong>Bibliotheca,</strong></span> <span class='ocrx_word' id='word_1_133' title='bbox 535 1114 578 1164; x_wconf 88' lang='lat' dir='ltr'><strong>t.</strong></span> <span class='ocrx_word' id='word_1_134' title='bbox 603 1107 689 1172; x_wconf 87' lang='grc' dir='ltr'><strong>ΙΙΙ,</strong></span> <span class='ocrx_word' id='word_1_135' title='bbox 724 1125 779 1179; x_wconf 93' lang='lat' dir='ltr'><strong>p.</strong></span> <span class='ocrx_word' id='word_1_136' title='bbox 815 1107 942 1171; x_wconf 62' lang='lat'><strong>42%,</strong></span> <span class='ocrx_word' id='word_1_137' title='bbox 971 1106 1164 1160; x_wconf 87' lang='lat' dir='ltr'><strong>Latine</strong></span> <span class='ocrx_word' id='word_1_138' title='bbox 1212 1103 1612 1159; x_wconf 88' lang='lat' dir='ltr'><strong>tantummodo.</strong></span> <span class='ocrx_word' id='word_1_139' title='bbox 1638 1102 1940 1174; x_wconf 66' lang='lat' dir='ltr'><strong>Cmteroqui</strong></span> <span class='ocrx_word' id='word_1_140' title='bbox 1986 1105 2191 1159; x_wconf 84' lang='lat' dir='ltr'><strong>frustra</strong></span> <span class='ocrx_word' id='word_1_141' title='bbox 2221 1105 2621 1174; x_wconf 68' lang='lat' dir='ltr'><strong>(propemodum</strong></span> <span class='ocrx_word' id='word_1_142' title='bbox 2655 1105 2730 1160; x_wconf 88' lang='lat' dir='ltr'>ait</span> <span class='ocrx_word' id='word_1_143' title='bbox 2759 1106 2983 1162; x_wconf 55' lang='lat' dir='ltr'><strong>Caurus</strong></span> <span class='ocrx_word' id='word_1_144' title='bbox 3014 1107 3264 1163; x_wconf 66' lang='lat' dir='ltr'><strong>Graecum</strong></span> <span class='ocrx_word' id='word_1_145' title='bbox 3303 1109 3418 1164; x_wconf 70' lang='grc' dir='ltr'>Ι)οα</span> 
     </span>
    </p>
   </div>
   <div class='ocr_carea' id='block_1_12' title="bbox 133 1193 3416 1272">
    <p class='ocr_par' dir='ltr' id='par_1_12' title="bbox 133 1193 3416 1272">
     <span class='ocr_line' id='line_1_12' title="bbox 133 1193 3416 1272; baseline -0.004 -10"><span class='ocrx_word' id='word_1_146' title='bbox 133 1208 324 1262; x_wconf 75' lang='lat' dir='ltr'><strong>rothei</strong></span> <span class='ocrx_word' id='word_1_147' title='bbox 350 1212 557 1260; x_wconf 76' lang='lat' dir='ltr'><strong>textum</strong></span> <span class='ocrx_word' id='word_1_148' title='bbox 598 1217 722 1256; x_wconf 89' lang='lat' dir='ltr'><strong>esse</strong></span> <span class='ocrx_word' id='word_1_149' title='bbox 743 1201 1030 1264; x_wconf 89' lang='lat' dir='ltr'><strong>ineditum,</strong></span> <span class='ocrx_word' id='word_1_150' title='bbox 1061 1193 1504 1268; x_wconf 75' lang='lat' dir='ltr'><strong>quandoqdidem</strong></span> <span class='ocrx_word' id='word_1_151' title='bbox 1533 1199 1590 1252; x_wconf 92' lang='lat' dir='ltr'>in</span> <span class='ocrx_word' id='word_1_152' title='bbox 1618 1199 1860 1267; x_wconf 75' lang='lat' dir='ltr'><strong>paschali</strong></span> <span class='ocrx_word' id='word_1_153' title='bbox 1889 1199 2150 1254; x_wconf 83' lang='lat' dir='ltr'><strong>Chronico</strong></span> <span class='ocrx_word' id='word_1_154' title='bbox 2185 1215 2322 1269; x_wconf 90' lang='lat' dir='ltr'><strong>pene</strong></span> <span class='ocrx_word' id='word_1_155' title='bbox 2344 1209 2487 1254; x_wconf 87' lang='lat' dir='ltr'><strong>lotus</strong></span> <span class='ocrx_word' id='word_1_156' title='bbox 2518 1199 2738 1269; x_wconf 82' lang='lat' dir='ltr'><strong>legitur.</strong></span> <span class='ocrx_word' id='word_1_157' title='bbox 2768 1199 2924 1254; x_wconf 85' lang='lat' dir='ltr'><strong>Nunc</strong></span> <span class='ocrx_word' id='word_1_158' title='bbox 2953 1209 3176 1272; x_wconf 88' lang='lat' dir='ltr'><strong>propter</strong></span> <span class='ocrx_word' id='word_1_159' title='bbox 3203 1203 3416 1260; x_wconf 65' lang='lat' dir='ltr'><strong>codici;</strong></span> 
     </span>
    </p>
   </div>
   <div class='ocr_carea' id='block_1_13' title="bbox 133 1291 3420 1366">
    <p class='ocr_par' dir='ltr' id='par_1_13' title="bbox 133 1291 3420 1366">
     <span class='ocr_line' id='line_1_13' title="bbox 133 1291 3420 1366; baseline -0.001 -12"><span class='ocrx_word' id='word_1_160' title='bbox 133 1298 399 1354; x_wconf 74' lang='lat' dir='ltr'><strong>Vaticani</strong></span> <span class='ocrx_word' id='word_1_161' title='bbox 453 1296 834 1366; x_wconf 86' lang='lat' dir='ltr'><strong>antiquitatem</strong></span> <span class='ocrx_word' id='word_1_162' title='bbox 885 1308 948 1347; x_wconf 90' lang='lat' dir='ltr'>ac</span> <span class='ocrx_word' id='word_1_163' title='bbox 978 1293 1300 1356; x_wconf 86' lang='lat' dir='ltr'><strong>bonitatem,</strong></span> <span class='ocrx_word' id='word_1_164' title='bbox 1329 1291 1477 1346; x_wconf 86' lang='lat' dir='ltr'><strong>haud</strong></span> <span class='ocrx_word' id='word_1_165' title='bbox 1503 1292 1620 1348; x_wconf 91' lang='lat' dir='ltr'><strong>scio</strong></span> <span class='ocrx_word' id='word_1_166' title='bbox 1649 1308 1717 1347; x_wconf 90' lang='lat' dir='ltr'>an</span> <span class='ocrx_word' id='word_1_167' title='bbox 1759 1293 1949 1364; x_wconf 90' lang='lat' dir='ltr'><strong>scripti</strong></span> <span class='ocrx_word' id='word_1_168' title='bbox 2002 1293 2166 1364; x_wconf 87' lang='lat' dir='ltr'><strong>hujus</strong></span> <span class='ocrx_word' id='word_1_169' title='bbox 2207 1308 2345 1348; x_wconf 86' lang='lat' dir='ltr'><strong>nova</strong></span> <span class='ocrx_word' id='word_1_170' title='bbox 2375 1293 2544 1348; x_wconf 88' lang='lat' dir='ltr'><strong>editio</strong></span> <span class='ocrx_word' id='word_1_171' title='bbox 2592 1294 2892 1364; x_wconf 90' lang='lat' dir='ltr'><strong>meliorque</strong></span> <span class='ocrx_word' id='word_1_172' title='bbox 2950 1295 3243 1365; x_wconf 88' lang='lat' dir='ltr'><strong>aliquando</strong></span> <span class='ocrx_word' id='word_1_173' title='bbox 3297 1313 3420 1352; x_wconf 81' lang='lat' dir='ltr'><strong>mo-</strong></span> 
     </span>
    </p>
   </div>
   <div class='ocr_carea' id='block_1_14' title="bbox 132 1371 3416 1458">
    <p class='ocr_par' dir='ltr' id='par_1_14' title="bbox 132 1371 3416 1458">
     <span class='ocr_line' id='line_1_14' title="bbox 132 1371 3416 1458; baseline -0 -12"><span class='ocrx_word' id='word_1_174' title='bbox 132 1391 327 1448; x_wconf 88' lang='lat' dir='ltr'><strong>lienda</strong></span> <span class='ocrx_word' id='word_1_175' title='bbox 367 1392 457 1447; x_wconf 88' lang='lat' dir='ltr'><strong>sit.</strong></span> <span class='ocrx_word' id='word_1_176' title='bbox 493 1388 755 1458; x_wconf 82' lang='lat' dir='ltr'><strong>Exemplo</strong></span> <span class='ocrx_word' id='word_1_177' title='bbox 781 1371 1074 1458; x_wconf 81' lang='lat' dir='ltr'><strong>gustuique</strong></span> <span class='ocrx_word' id='word_1_178' title='bbox 1100 1385 1172 1441; x_wconf 89' lang='lat' dir='ltr'>sit</span> <span class='ocrx_word' id='word_1_179' title='bbox 1211 1384 1453 1439; x_wconf 87' lang='lat' dir='ltr'><strong>narratio</strong></span> <span class='ocrx_word' id='word_1_180' title='bbox 1483 1385 1873 1440; x_wconf 86' lang='lat' dir='ltr'><strong>miraculorum</strong></span> <span class='ocrx_word' id='word_1_181' title='bbox 1908 1385 2108 1451; x_wconf 66' lang='lat' dir='ltr'><strong>Elisaei,</strong></span> <span class='ocrx_word' id='word_1_182' title='bbox 2139 1401 2260 1456; x_wconf 69' lang='lat' dir='ltr'><strong>qua:</strong></span> <span class='ocrx_word' id='word_1_183' title='bbox 2285 1386 2438 1441; x_wconf 89' lang='lat' dir='ltr'><strong>deest</strong></span> <span class='ocrx_word' id='word_1_184' title='bbox 2477 1385 2532 1439; x_wconf 92' lang='lat' dir='ltr'>in</span> <span class='ocrx_word' id='word_1_185' title='bbox 2567 1383 2825 1440; x_wconf 80' lang='lat' dir='ltr'><strong>Chronico</strong></span> <span class='ocrx_word' id='word_1_186' title='bbox 2853 1403 2905 1457; x_wconf 93' lang='lat' dir='ltr'><strong>p.</strong></span> <span class='ocrx_word' id='word_1_187' title='bbox 2940 1387 3066 1453; x_wconf 79' lang='grc'>161,</span> <span class='ocrx_word' id='word_1_188' title='bbox 3104 1389 3196 1442; x_wconf 85' lang='lat' dir='ltr'><strong>ubi</strong></span> <span class='ocrx_word' id='word_1_189' title='bbox 3234 1389 3416 1446; x_wconf 81' lang='lat' dir='ltr'><strong>brevis</strong></span> 
     </span>
    </p>
   </div>
   <div class='ocr_carea' id='block_1_15' title="bbox 133 1483 3413 1557">
    <p class='ocr_par' dir='ltr' id='par_1_15' title="bbox 133 1483 3413 1557">
     <span class='ocr_line' id='line_1_15' title="bbox 133 1483 3413 1557; baseline -0.001 -15"><span class='ocrx_word' id='word_1_190' title='bbox 133 1487 392 1557; x_wconf 87' lang='lat' dir='ltr'><strong>ejusdem</strong></span> <span class='ocrx_word' id='word_1_191' title='bbox 421 1485 546 1538; x_wconf 75' lang='lat' dir='ltr'><strong>Vita</strong></span> <span class='ocrx_word' id='word_1_192' title='bbox 579 1485 795 1554; x_wconf 81' lang='lat' dir='ltr'><strong>legitur,</strong></span> <span class='ocrx_word' id='word_1_193' title='bbox 829 1489 990 1553; x_wconf 85' lang='lat' dir='ltr'><strong>prout</strong></span> <span class='ocrx_word' id='word_1_194' title='bbox 1019 1483 1075 1536; x_wconf 91' lang='lat' dir='ltr'>in</span> <span class='ocrx_word' id='word_1_195' title='bbox 1099 1483 1290 1537; x_wconf 90' lang='lat' dir='ltr'><strong>codice</strong></span> <span class='ocrx_word' id='word_1_196' title='bbox 1324 1488 1517 1535; x_wconf 90' lang='lat' dir='ltr'><strong>nostro</strong></span> <span class='ocrx_word' id='word_1_197' title='bbox 1540 1490 1647 1547; x_wconf 88' lang='lat' dir='ltr'><strong>est,</strong></span> <span class='ocrx_word' id='word_1_198' title='bbox 1681 1483 1777 1537; x_wconf 91' lang='lat' dir='ltr'>sed</span> <span class='ocrx_word' id='word_1_199' title='bbox 1806 1483 2014 1553; x_wconf 88' lang='lat' dir='ltr'><strong>reliqua</strong></span> <span class='ocrx_word' id='word_1_200' title='bbox 2045 1498 2155 1537; x_wconf 91' lang='lat' dir='ltr'>non</span> <span class='ocrx_word' id='word_1_201' title='bbox 2179 1484 2327 1547; x_wconf 89' lang='lat' dir='ltr'><strong>item,</strong></span> <span class='ocrx_word' id='word_1_202' title='bbox 2353 1497 2474 1552; x_wconf 74' lang='lat' dir='ltr'><strong>qua:</strong></span> <span class='ocrx_word' id='word_1_203' title='bbox 2496 1491 2624 1536; x_wconf 89' lang='lat' dir='ltr'><strong>sunt</strong></span> <span class='ocrx_word' id='word_1_204' title='bbox 2651 1483 2704 1536; x_wconf 91' lang='lat' dir='ltr'>in</span> <span class='ocrx_word' id='word_1_205' title='bbox 2731 1483 2920 1538; x_wconf 86' lang='lat' dir='ltr'><strong>codice</strong></span> <span class='ocrx_word' id='word_1_206' title='bbox 2941 1483 3037 1537; x_wconf 84' lang='lat' dir='ltr'><strong>fol.</strong></span> <span class='ocrx_word' id='word_1_207' title='bbox 3069 1483 3157 1546; x_wconf 78' lang='lat' dir='ltr'>lo,</span> <span class='ocrx_word' id='word_1_208' title='bbox 3184 1484 3271 1548; x_wconf 81' lang='lat' dir='ltr'>il,</span> <span class='ocrx_word' id='word_1_209' title='bbox 3297 1487 3413 1543; x_wconf 76' lang='lat' dir='ltr'><strong>sic:</strong></span> 
     </span>
    </p>
   </div>
   <div class='ocr_carea' id='block_1_16' title="bbox 135 1572 3416 1652">
    <p class='ocr_par' dir='ltr' id='par_1_16' title="bbox 135 1572 3416 1652">
     <span class='ocr_line' id='line_1_16' title="bbox 135 1572 3416 1652; baseline -0.001 -19"><span class='ocrx_word' id='word_1_210' title='bbox 135 1581 223 1633; x_wconf 78' lang='grc' dir='ltr'>Τά</span> <span class='ocrx_word' id='word_1_211' title='bbox 255 1579 314 1632; x_wconf 83' lang='grc' dir='ltr'>δὲ</span> <span class='ocrx_word' id='word_1_212' title='bbox 343 1581 542 1649; x_wconf 84' lang='grc' dir='ltr'>σημεῖα</span> <span class='ocrx_word' id='word_1_213' title='bbox 569 1577 603 1629; x_wconf 78' lang='grc' dir='ltr'>ἀ</span> <span class='ocrx_word' id='word_1_214' title='bbox 634 1575 909 1645; x_wconf 80' lang='grc' dir='ltr'>ἐποίησεν,</span> <span class='ocrx_word' id='word_1_215' title='bbox 938 1575 1046 1626; x_wconf 77' lang='grc' dir='ltr'>εἰσὶ</span> <span class='ocrx_word' id='word_1_216' title='bbox 1063 1572 1255 1626; x_wconf 82' lang='grc' dir='ltr'>ταῦτα.</span> <span class='ocrx_word' id='word_1_217' title='bbox 1301 1572 1568 1636; x_wconf 76' lang='grc' dir='ltr'>Ἐπάταξε</span> <span class='ocrx_word' id='word_1_218' title='bbox 1590 1574 1684 1627; x_wconf 80' lang='grc' dir='ltr'>καὶ</span> <span class='ocrx_word' id='word_1_219' title='bbox 1713 1573 1874 1637; x_wconf 78' lang='grc' dir='ltr'>αὐτὸς</span> <span class='ocrx_word' id='word_1_220' title='bbox 1913 1573 2006 1652; x_wconf 82' lang='grc' dir='ltr'>τὸν</span> <span class='ocrx_word' id='word_1_221' title='bbox 2057 1573 2325 1645; x_wconf 75' lang='grc' dir='ltr'>Ἰορδάνην</span> <span class='ocrx_word' id='word_1_222' title='bbox 2355 1577 2422 1644; x_wconf 80' lang='grc' dir='ltr'>τῇ</span> <span class='ocrx_word' id='word_1_223' title='bbox 2464 1572 2682 1644; x_wconf 83' lang='grc' dir='ltr'>μηλωτῇ</span> <span class='ocrx_word' id='word_1_224' title='bbox 2716 1575 2781 1644; x_wconf 79' lang='grc' dir='ltr'>τῇ</span> <span class='ocrx_word' id='word_1_225' title='bbox 2824 1572 3026 1636; x_wconf 85' lang='grc' dir='ltr'>Ἠλιοῦ,</span> <span class='ocrx_word' id='word_1_226' title='bbox 3058 1574 3154 1627; x_wconf 63' lang='grc' dir='ltr'>καλ⁵</span> <span class='ocrx_word' id='word_1_227' title='bbox 3192 1575 3416 1648; x_wconf 77' lang='grc' dir='ltr'>διῃρέθη</span> 
     </span>
    </p>
   </div>
   <div class='ocr_carea' id='block_1_17' title="bbox 134 1663 3418 1742">
    <p class='ocr_par' dir='ltr' id='par_1_17' title="bbox 134 1663 3418 1742">
     <span class='ocr_line' id='line_1_17' title="bbox 134 1663 3418 1742; baseline 0 -18"><span class='ocrx_word' id='word_1_228' title='bbox 134 1672 200 1724; x_wconf 78' lang='grc' dir='ltr'>τὸ</span> <span class='ocrx_word' id='word_1_229' title='bbox 239 1671 406 1742; x_wconf 71' lang='grc' dir='ltr'>ὕδωρ,</span> <span class='ocrx_word' id='word_1_230' title='bbox 448 1670 542 1722; x_wconf 72' lang='grc' dir='ltr'>καὶ</span> <span class='ocrx_word' id='word_1_231' title='bbox 560 1668 712 1739; x_wconf 87' lang='grc' dir='ltr'>διέϐη</span> <span class='ocrx_word' id='word_1_232' title='bbox 741 1668 834 1720; x_wconf 73' lang='grc' dir='ltr'>καὶ</span> <span class='ocrx_word' id='word_1_233' title='bbox 860 1665 1022 1730; x_wconf 82' lang='grc' dir='ltr'>αὐτὸς</span> <span class='ocrx_word' id='word_1_234' title='bbox 1051 1663 1202 1737; x_wconf 82' lang='grc' dir='ltr'>ξηρῷ</span> <span class='ocrx_word' id='word_1_235' title='bbox 1232 1664 1310 1736; x_wconf 82' lang='grc' dir='ltr'>τῷ</span> <span class='ocrx_word' id='word_1_236' title='bbox 1338 1665 1480 1720; x_wconf 83' lang='grc' dir='ltr'>ποδί.</span> <span class='ocrx_word' id='word_1_237' title='bbox 1513 1665 1593 1719; x_wconf 89' lang='grc' dir='ltr'>Τά</span> <span class='ocrx_word' id='word_1_238' title='bbox 1619 1664 1790 1720; x_wconf 75' lang='grc' dir='ltr'>ὕδατα</span> <span class='ocrx_word' id='word_1_239' title='bbox 1830 1667 1889 1718; x_wconf 91' lang='grc' dir='ltr'>ἐν</span> <span class='ocrx_word' id='word_1_240' title='bbox 1941 1667 2149 1738; x_wconf 81' lang='grc' dir='ltr'>Ἱεριχὼ</span> <span class='ocrx_word' id='word_1_241' title='bbox 2179 1667 2391 1739; x_wconf 78' lang='grc' dir='ltr'>πονηρὰ</span> <span class='ocrx_word' id='word_1_242' title='bbox 2418 1663 2485 1738; x_wconf 79' lang='grc' dir='ltr'>ἦν</span> <span class='ocrx_word' id='word_1_243' title='bbox 2523 1667 2615 1719; x_wconf 71' lang='grc' dir='ltr'>καὶ</span> <span class='ocrx_word' id='word_1_244' title='bbox 2657 1667 2856 1734; x_wconf 68' lang='grc' dir='ltr'>ἄγοναο</span> <span class='ocrx_word' id='word_1_245' title='bbox 2887 1667 2980 1721; x_wconf 79' lang='grc' dir='ltr'>καὶ</span> <span class='ocrx_word' id='word_1_246' title='bbox 3003 1667 3242 1731; x_wconf 85' lang='grc' dir='ltr'>ἀκούσας</span> <span class='ocrx_word' id='word_1_247' title='bbox 3265 1673 3418 1742; x_wconf 87' lang='grc' dir='ltr'>παρά</span> 
     </span>
    </p>
   </div>
   <div class='ocr_carea' id='block_1_18' title="bbox 132 1754 3416 1832">
    <p class='ocr_par' dir='ltr' id='par_1_18' title="bbox 132 1754 3416 1832">
     <span class='ocr_line' id='line_1_18' title="bbox 132 1754 3416 1832; baseline 0.001 -16"><span class='ocrx_word' id='word_1_248' title='bbox 132 1762 251 1816; x_wconf 82' lang='grc' dir='ltr'>τῶν</span> <span class='ocrx_word' id='word_1_249' title='bbox 279 1763 381 1832; x_wconf 81' lang='grc' dir='ltr'>τῆς</span> <span class='ocrx_word' id='word_1_250' title='bbox 399 1761 626 1824; x_wconf 88' lang='grc' dir='ltr'>πόλεως,</span> <span class='ocrx_word' id='word_1_251' title='bbox 644 1759 1014 1812; x_wconf 88' lang='grc' dir='ltr'>ἐπεκαλέσατο</span> <span class='ocrx_word' id='word_1_252' title='bbox 1040 1758 1131 1811; x_wconf 82' lang='grc' dir='ltr'>τὸν</span> <span class='ocrx_word' id='word_1_253' title='bbox 1154 1759 1309 1821; x_wconf 86' lang='grc' dir='ltr'>Θεὸν,</span> <span class='ocrx_word' id='word_1_254' title='bbox 1331 1760 1426 1812; x_wconf 75' lang='grc' dir='ltr'>καὶ</span> <span class='ocrx_word' id='word_1_255' title='bbox 1453 1754 1625 1814; x_wconf 82' lang='grc' dir='ltr'>εἶπεν·</span> <span class='ocrx_word' id='word_1_256' title='bbox 1653 1779 1672 1812; x_wconf 74' lang='grc' dir='ltr'>ι</span> <span class='ocrx_word' id='word_1_257' title='bbox 1700 1762 1888 1832; x_wconf 85' lang='grc' dir='ltr'>Ἴαμαι</span> <span class='ocrx_word' id='word_1_258' title='bbox 1920 1763 1989 1816; x_wconf 88' lang='grc' dir='ltr'>τά</span> <span class='ocrx_word' id='word_1_259' title='bbox 2016 1761 2181 1816; x_wconf 78' lang='grc' dir='ltr'>ὕδατα</span> <span class='ocrx_word' id='word_1_260' title='bbox 2209 1762 2400 1826; x_wconf 86' lang='grc' dir='ltr'>ταῦτα,</span> <span class='ocrx_word' id='word_1_261' title='bbox 2430 1761 2522 1814; x_wconf 76' lang='grc' dir='ltr'>καὶ</span> <span class='ocrx_word' id='word_1_262' title='bbox 2537 1762 2637 1814; x_wconf 85' lang='grc' dir='ltr'>ούκ</span> <span class='ocrx_word' id='word_1_263' title='bbox 2670 1761 2820 1815; x_wconf 80' lang='grc' dir='ltr'>ἔσται</span> <span class='ocrx_word' id='word_1_264' title='bbox 2847 1761 2924 1815; x_wconf 83' lang='grc' dir='ltr'>ἔτι</span> <span class='ocrx_word' id='word_1_265' title='bbox 2952 1763 3161 1816; x_wconf 85' lang='grc' dir='ltr'>ἐκεῖθεν</span> <span class='ocrx_word' id='word_1_266' title='bbox 3190 1763 3416 1830; x_wconf 85' lang='grc' dir='ltr'>θάνατος</span> 
     </span>
    </p>
   </div>
   <div class='ocr_carea' id='block_1_19' title="bbox 135 1849 3415 1927">
    <p class='ocr_par' dir='ltr' id='par_1_19' title="bbox 135 1849 3415 1927">
     <span class='ocr_line' id='line_1_19' title="bbox 135 1849 3415 1927; baseline 0.001 -19"><span class='ocrx_word' id='word_1_267' title='bbox 135 1856 236 1908; x_wconf 67' lang='grc' dir='ltr'>καὶ</span> <span class='ocrx_word' id='word_1_268' title='bbox 257 1852 648 1923; x_wconf 83' lang='grc' dir='ltr'>ἀτεκνουμένη·</span> <span class='ocrx_word' id='word_1_269' title='bbox 675 1871 692 1902; x_wconf 77' lang='grc' dir='ltr'>ι</span> <span class='ocrx_word' id='word_1_270' title='bbox 719 1850 812 1904; x_wconf 69' lang='grc' dir='ltr'>καὶ</span> <span class='ocrx_word' id='word_1_271' title='bbox 831 1850 1059 1920; x_wconf 83' lang='grc' dir='ltr'>ἰάθησαν</span> <span class='ocrx_word' id='word_1_272' title='bbox 1086 1850 1156 1903; x_wconf 86' lang='grc' dir='ltr'>τὰ</span> <span class='ocrx_word' id='word_1_273' title='bbox 1183 1849 1351 1904; x_wconf 72' lang='grc' dir='ltr'>ὕδατα</span> <span class='ocrx_word' id='word_1_274' title='bbox 1364 1850 1468 1913; x_wconf 76' lang='grc' dir='ltr'>ἕως</span> <span class='ocrx_word' id='word_1_275' title='bbox 1491 1851 1594 1922; x_wconf 83' lang='grc' dir='ltr'>τῆς</span> <span class='ocrx_word' id='word_1_276' title='bbox 1619 1852 1838 1924; x_wconf 85' lang='grc' dir='ltr'>ἡμέρας</span> <span class='ocrx_word' id='word_1_277' title='bbox 1861 1853 2079 1924; x_wconf 81' lang='grc' dir='ltr'>ταύτης.</span> <span class='ocrx_word' id='word_1_278' title='bbox 2100 1853 2312 1907; x_wconf 88' lang='grc' dir='ltr'>Παίδων</span> <span class='ocrx_word' id='word_1_279' title='bbox 2327 1853 2702 1906; x_wconf 84' lang='grc' dir='ltr'>ἀτακτούντων</span> <span class='ocrx_word' id='word_1_280' title='bbox 2731 1853 2849 1906; x_wconf 88' lang='grc' dir='ltr'>κατ’</span> <span class='ocrx_word' id='word_1_281' title='bbox 2875 1853 3040 1906; x_wconf 83' lang='grc' dir='ltr'>αὐτοῦ</span> <span class='ocrx_word' id='word_1_282' title='bbox 3072 1857 3415 1927; x_wconf 80' lang='grc' dir='ltr'>κατηράσατο</span> 
     </span>
    </p>
   </div>
   <div class='ocr_carea' id='block_1_20' title="bbox 134 1944 3418 2020">
    <p class='ocr_par' dir='ltr' id='par_1_20' title="bbox 134 1944 3418 2020">
     <span class='ocr_line' id='line_1_20' title="bbox 134 1944 3418 2020; baseline 0.001 -20"><span class='ocrx_word' id='word_1_283' title='bbox 134 1950 197 2001; x_wconf 85' lang='grc' dir='ltr'>ἐν</span> <span class='ocrx_word' id='word_1_284' title='bbox 229 1949 435 2011; x_wconf 77' lang='grc' dir='ltr'>αὐτοῖς,</span> <span class='ocrx_word' id='word_1_285' title='bbox 453 1947 546 2000; x_wconf 77' lang='grc' dir='ltr'>καὶ</span> <span class='ocrx_word' id='word_1_286' title='bbox 572 1945 885 2011; x_wconf 72' lang='grc' dir='ltr'>ἐξελθοῦσαι</span> <span class='ocrx_word' id='word_1_287' title='bbox 909 1945 1002 1998; x_wconf 90' lang='grc' dir='ltr'>δύο</span> <span class='ocrx_word' id='word_1_288' title='bbox 1031 1946 1222 2017; x_wconf 81' lang='grc' dir='ltr'>ἀρκτοι</span> <span class='ocrx_word' id='word_1_289' title='bbox 1249 1944 1549 2017; x_wconf 76' lang='grc' dir='ltr'>ἐνέῤῥηξαν</span> <span class='ocrx_word' id='word_1_290' title='bbox 1566 1945 1626 2011; x_wconf 82' lang='grc' dir='ltr'>ἐξ</span> <span class='ocrx_word' id='word_1_291' title='bbox 1651 1945 1827 1999; x_wconf 81' lang='grc' dir='ltr'>αὐτῶν</span> <span class='ocrx_word' id='word_1_292' title='bbox 1861 1947 1969 2018; x_wconf 86' lang='grc' dir='ltr'>μϐ’.</span> <span class='ocrx_word' id='word_1_293' title='bbox 2002 1948 2144 2018; x_wconf 84' lang='grc' dir='ltr'>Γυνὴ</span> <span class='ocrx_word' id='word_1_294' title='bbox 2181 1948 2461 2018; x_wconf 79' lang='grc' dir='ltr'>προφήτου</span> <span class='ocrx_word' id='word_1_295' title='bbox 2489 1946 2906 2017; x_wconf 84' lang='grc' dir='ltr'>τελευτήσαντος</span> <span class='ocrx_word' id='word_1_296' title='bbox 2937 1947 3236 2019; x_wconf 83' lang='grc' dir='ltr'>ὀχλουμένη</span> <span class='ocrx_word' id='word_1_297' title='bbox 3271 1951 3418 2020; x_wconf 82' lang='grc' dir='ltr'>παρά</span> 
     </span>
    </p>
   </div>
   <div class='ocr_carea' id='block_1_21' title="bbox 133 2038 3418 2112">
    <p class='ocr_par' dir='ltr' id='par_1_21' title="bbox 133 2038 3418 2112">
     <span class='ocr_line' id='line_1_21' title="bbox 133 2038 3418 2112; baseline -0.001 -14"><span class='ocrx_word' id='word_1_298' title='bbox 133 2041 458 2107; x_wconf 81' lang='grc' dir='ltr'>δανειστῶν,</span> <span class='ocrx_word' id='word_1_299' title='bbox 475 2045 568 2097; x_wconf 74' lang='grc' dir='ltr'>καὶ</span> <span class='ocrx_word' id='word_1_300' title='bbox 583 2040 656 2112; x_wconf 82' lang='grc' dir='ltr'>μὴ</span> <span class='ocrx_word' id='word_1_301' title='bbox 685 2039 884 2111; x_wconf 75' lang='grc' dir='ltr'>ἔχουσα</span> <span class='ocrx_word' id='word_1_302' title='bbox 910 2039 1221 2104; x_wconf 86' lang='grc' dir='ltr'>ἀποδοῦναι,</span> <span class='ocrx_word' id='word_1_303' title='bbox 1253 2038 1528 2112; x_wconf 77' lang='grc' dir='ltr'>προσῆλθε</span> <span class='ocrx_word' id='word_1_304' title='bbox 1549 2039 1626 2110; x_wconf 80' lang='grc' dir='ltr'>τῷ</span> <span class='ocrx_word' id='word_1_305' title='bbox 1675 2039 1943 2110; x_wconf 83' lang='grc' dir='ltr'>Ἐλισαίῳ,</span> <span class='ocrx_word' id='word_1_306' title='bbox 1979 2039 2072 2093; x_wconf 82' lang='grc' dir='ltr'>καὶ</span> <span class='ocrx_word' id='word_1_307' title='bbox 2106 2039 2406 2093; x_wconf 88' lang='grc' dir='ltr'>ἐνετείλατο</span> <span class='ocrx_word' id='word_1_308' title='bbox 2433 2040 2568 2110; x_wconf 77' lang='grc' dir='ltr'>αὐτῇ</span> <span class='ocrx_word' id='word_1_309' title='bbox 2603 2042 2922 2107; x_wconf 83' lang='grc' dir='ltr'>συναγαγεῖν</span> <span class='ocrx_word' id='word_1_310' title='bbox 2948 2039 3116 2108; x_wconf 85' lang='grc' dir='ltr'>ἀγγία</span> <span class='ocrx_word' id='word_1_311' title='bbox 3137 2039 3297 2092; x_wconf 88' lang='grc' dir='ltr'>καινά</span> <span class='ocrx_word' id='word_1_312' title='bbox 3319 2043 3418 2094; x_wconf 74' lang='grc' dir='ltr'>ὅσα</span> 
     </span>
    </p>
   </div>
   <div class='ocr_carea' id='block_1_22' title="bbox 132 2130 3417 2203">
    <p class='ocr_par' dir='ltr' id='par_1_22' title="bbox 132 2130 3417 2203">
     <span class='ocr_line' id='line_1_22' title="bbox 132 2130 3417 2203; baseline 0 -17"><span class='ocrx_word' id='word_1_313' title='bbox 132 2135 390 2199; x_wconf 80' lang='grc' dir='ltr'>δύναται,</span> <span class='ocrx_word' id='word_1_314' title='bbox 428 2133 520 2186; x_wconf 72' lang='grc' dir='ltr'>καὶ</span> <span class='ocrx_word' id='word_1_315' title='bbox 551 2132 613 2184; x_wconf 84' lang='grc' dir='ltr'>τὸ</span> <span class='ocrx_word' id='word_1_316' title='bbox 636 2132 759 2203; x_wconf 80' lang='grc' dir='ltr'>ἕχον</span> <span class='ocrx_word' id='word_1_317' title='bbox 779 2132 1054 2199; x_wconf 80' lang='grc' dir='ltr'>ὀλιγοστὸν</span> <span class='ocrx_word' id='word_1_318' title='bbox 1077 2131 1254 2185; x_wconf 73' lang='grc' dir='ltr'>ἔλαιον</span> <span class='ocrx_word' id='word_1_319' title='bbox 1282 2130 1539 2185; x_wconf 82' lang='grc' dir='ltr'>ἐκκενοῦν</span> <span class='ocrx_word' id='word_1_320' title='bbox 1561 2133 1639 2194; x_wconf 79' lang='grc' dir='ltr'>εἰς</span> <span class='ocrx_word' id='word_1_321' title='bbox 1668 2130 1807 2184; x_wconf 82' lang='grc' dir='ltr'>αὐτὰ</span> <span class='ocrx_word' id='word_1_322' title='bbox 1831 2132 1936 2195; x_wconf 76' lang='grc' dir='ltr'>ἕως</span> <span class='ocrx_word' id='word_1_323' title='bbox 1965 2133 2174 2201; x_wconf 83' lang='grc' dir='ltr'>ἀποσχῇ</span> <span class='ocrx_word' id='word_1_324' title='bbox 2205 2131 2273 2184; x_wconf 76' lang='grc' dir='ltr'>τὰ</span> <span class='ocrx_word' id='word_1_325' title='bbox 2303 2131 2490 2198; x_wconf 89' lang='grc' dir='ltr'>ἀγγία,</span> <span class='ocrx_word' id='word_1_326' title='bbox 2525 2131 2619 2183; x_wconf 76' lang='grc' dir='ltr'>καὶ</span> <span class='ocrx_word' id='word_1_327' title='bbox 2643 2131 2802 2183; x_wconf 87' lang='grc' dir='ltr'>τοῦτο</span> <span class='ocrx_word' id='word_1_328' title='bbox 2837 2133 3109 2201; x_wconf 83' lang='grc' dir='ltr'>ποιήσασα</span> <span class='ocrx_word' id='word_1_329' title='bbox 3132 2131 3417 2202; x_wconf 77' lang='grc' dir='ltr'>ἐπλήρωσε</span> 
     </span>
    </p>
   </div>
   <div class='ocr_carea' id='block_1_23' title="bbox 132 2222 3419 2297">
    <p class='ocr_par' dir='ltr' id='par_1_23' title="bbox 132 2222 3419 2297">
     <span class='ocr_line' id='line_1_23' title="bbox 132 2222 3419 2297; baseline 0.001 -20"><span class='ocrx_word' id='word_1_330' title='bbox 132 2227 208 2279; x_wconf 67' lang='grc' dir='ltr'>τὰ</span> <span class='ocrx_word' id='word_1_331' title='bbox 249 2225 442 2294; x_wconf 85' lang='grc' dir='ltr'>ἀγγία,</span> <span class='ocrx_word' id='word_1_332' title='bbox 471 2224 564 2278; x_wconf 77' lang='grc' dir='ltr'>καὶ</span> <span class='ocrx_word' id='word_1_333' title='bbox 603 2224 909 2278; x_wconf 82' lang='grc' dir='ltr'>ἀποδέδωκε</span> <span class='ocrx_word' id='word_1_334' title='bbox 951 2226 1062 2288; x_wconf 89' lang='grc' dir='ltr'>τοῖς</span> <span class='ocrx_word' id='word_1_335' title='bbox 1090 2222 1414 2285; x_wconf 80' lang='grc' dir='ltr'>δανεισταῖς,</span> <span class='ocrx_word' id='word_1_336' title='bbox 1441 2225 1535 2278; x_wconf 75' lang='grc' dir='ltr'>καὶ</span> <span class='ocrx_word' id='word_1_337' title='bbox 1566 2224 1627 2278; x_wconf 76' lang='grc' dir='ltr'>τὸ</span> <span class='ocrx_word' id='word_1_338' title='bbox 1667 2225 1989 2296; x_wconf 80' lang='grc' dir='ltr'>περισσεῦον</span> <span class='ocrx_word' id='word_1_339' title='bbox 2030 2227 2186 2296; x_wconf 84' lang='grc' dir='ltr'>ἔσχεν</span> <span class='ocrx_word' id='word_1_340' title='bbox 2233 2227 2312 2288; x_wconf 81' lang='grc' dir='ltr'>εἰς</span> <span class='ocrx_word' id='word_1_341' title='bbox 2353 2225 2646 2296; x_wconf 79' lang='grc' dir='ltr'>διατροφὴν</span> <span class='ocrx_word' id='word_1_342' title='bbox 2679 2223 2786 2278; x_wconf 90' lang='grc' dir='ltr'>τῶν</span> <span class='ocrx_word' id='word_1_343' title='bbox 2827 2225 3052 2280; x_wconf 81' lang='grc' dir='ltr'>παίδων.</span> <span class='ocrx_word' id='word_1_344' title='bbox 3089 2226 3183 2288; x_wconf 85' lang='grc' dir='ltr'>Εἰς</span> <span class='ocrx_word' id='word_1_345' title='bbox 3206 2226 3419 2297; x_wconf 85' lang='grc' dir='ltr'>Σουμᾶν</span> 
     </span>
    </p>
   </div>
   <div class='ocr_carea' id='block_1_24' title="bbox 135 2315 3417 2388">
    <p class='ocr_par' dir='ltr' id='par_1_24' title="bbox 135 2315 3417 2388">
     <span class='ocr_line' id='line_1_24' title="bbox 135 2315 3417 2388; baseline 0 -17"><span class='ocrx_word' id='word_1_346' title='bbox 135 2315 399 2372; x_wconf 78' lang='grc' dir='ltr'>ἀπελθὼν</span> <span class='ocrx_word' id='word_1_347' title='bbox 429 2317 606 2388; x_wconf 78' lang='grc' dir='ltr'>ἔμεινε</span> <span class='ocrx_word' id='word_1_348' title='bbox 648 2317 798 2388; x_wconf 88' lang='grc' dir='ltr'>παρά</span> <span class='ocrx_word' id='word_1_349' title='bbox 824 2333 930 2370; x_wconf 86' lang='grc' dir='ltr'>τινι</span> <span class='ocrx_word' id='word_1_350' title='bbox 962 2317 1202 2386; x_wconf 73' lang='grc' dir='ltr'>γυναικὶ,</span> <span class='ocrx_word' id='word_1_351' title='bbox 1234 2317 1330 2369; x_wconf 76' lang='grc' dir='ltr'>καὶ</span> <span class='ocrx_word' id='word_1_352' title='bbox 1375 2316 1450 2388; x_wconf 81' lang='grc' dir='ltr'>μὴ</span> <span class='ocrx_word' id='word_1_353' title='bbox 1492 2316 1754 2370; x_wconf 88' lang='grc' dir='ltr'>ποιοῦσαν</span> <span class='ocrx_word' id='word_1_354' title='bbox 1807 2317 1978 2388; x_wconf 79' lang='grc' dir='ltr'>αὐτὴν</span> <span class='ocrx_word' id='word_1_355' title='bbox 2010 2317 2244 2381; x_wconf 83' lang='grc' dir='ltr'>παιδίον,</span> <span class='ocrx_word' id='word_1_356' title='bbox 2275 2315 2644 2387; x_wconf 78' lang='grc' dir='ltr'>ἐπιθυμοῦσαν</span> <span class='ocrx_word' id='word_1_357' title='bbox 2690 2317 2747 2368; x_wconf 85' lang='grc' dir='ltr'>δὲ</span> <span class='ocrx_word' id='word_1_358' title='bbox 2791 2319 2958 2386; x_wconf 86' lang='grc' dir='ltr'>σχεῖν,</span> <span class='ocrx_word' id='word_1_359' title='bbox 2997 2317 3290 2387; x_wconf 79' lang='grc' dir='ltr'>εὐξάμενος</span> <span class='ocrx_word' id='word_1_360' title='bbox 3320 2337 3417 2371; x_wconf 82' lang='grc' dir='ltr'>πε-</span> 
     </span>
    </p>
   </div>
   <div class='ocr_carea' id='block_1_25' title="bbox 135 2404 3422 2482">
    <p class='ocr_par' dir='ltr' id='par_1_25' title="bbox 135 2404 3422 2482">
     <span class='ocr_line' id='line_1_25' title="bbox 135 2404 3422 2482; baseline 0.001 -20"><span class='ocrx_word' id='word_1_361' title='bbox 135 2411 344 2482; x_wconf 79' lang='grc' dir='ltr'>ποίηκε</span> <span class='ocrx_word' id='word_1_362' title='bbox 373 2408 655 2462; x_wconf 86' lang='grc' dir='ltr'>συλλαϐεῖν</span> <span class='ocrx_word' id='word_1_363' title='bbox 685 2409 778 2461; x_wconf 70' lang='grc' dir='ltr'>καὶ</span> <span class='ocrx_word' id='word_1_364' title='bbox 807 2411 986 2462; x_wconf 81' lang='grc' dir='ltr'>τεκεῖν</span> <span class='ocrx_word' id='word_1_365' title='bbox 1008 2426 1020 2438; x_wconf 74' lang='grc' dir='ltr'><strong><em>ο</em></strong></span> <span class='ocrx_word' id='word_1_366' title='bbox 1053 2404 1172 2461; x_wconf 81' lang='grc' dir='ltr'>εἶτα</span> <span class='ocrx_word' id='word_1_367' title='bbox 1200 2406 1539 2462; x_wconf 87' lang='grc' dir='ltr'>ἀποθανόντα</span> <span class='ocrx_word' id='word_1_368' title='bbox 1579 2408 1670 2462; x_wconf 79' lang='grc' dir='ltr'>τὸν</span> <span class='ocrx_word' id='word_1_369' title='bbox 1712 2409 1897 2472; x_wconf 87' lang='grc' dir='ltr'>παῖδα,</span> <span class='ocrx_word' id='word_1_370' title='bbox 1937 2408 2230 2480; x_wconf 82' lang='grc' dir='ltr'>εὐξάμενος</span> <span class='ocrx_word' id='word_1_371' title='bbox 2268 2408 2427 2461; x_wconf 82' lang='grc' dir='ltr'>πάλιν</span> <span class='ocrx_word' id='word_1_372' title='bbox 2451 2408 2668 2479; x_wconf 73' lang='grc' dir='ltr'>ἡγειρεν</span> <span class='ocrx_word' id='word_1_373' title='bbox 2701 2408 2764 2459; x_wconf 86' lang='grc' dir='ltr'>ἐκ</span> <span class='ocrx_word' id='word_1_374' title='bbox 2792 2408 3022 2480; x_wconf 87' lang='grc' dir='ltr'>νεκρῶν.</span> <span class='ocrx_word' id='word_1_375' title='bbox 3052 2409 3146 2471; x_wconf 88' lang='grc' dir='ltr'>Εἰς</span> <span class='ocrx_word' id='word_1_376' title='bbox 3171 2408 3422 2478; x_wconf 83' lang='grc' dir='ltr'>Γάλγαλα</span> 
     </span>
    </p>
   </div>
   <div class='ocr_carea' id='block_1_26' title="bbox 135 2498 3417 2574">
    <p class='ocr_par' dir='ltr' id='par_1_26' title="bbox 135 2498 3417 2574">
     <span class='ocr_line' id='line_1_26' title="bbox 135 2498 3417 2574; baseline 0 -19"><span class='ocrx_word' id='word_1_377' title='bbox 135 2503 317 2555; x_wconf 83' lang='grc' dir='ltr'>ἐλθὼν</span> <span class='ocrx_word' id='word_1_378' title='bbox 347 2501 595 2573; x_wconf 82' lang='grc' dir='ltr'>κατήχθη</span> <span class='ocrx_word' id='word_1_379' title='bbox 621 2500 773 2571; x_wconf 87' lang='grc' dir='ltr'>παρά</span> <span class='ocrx_word' id='word_1_380' title='bbox 794 2503 905 2565; x_wconf 89' lang='grc' dir='ltr'>τοῖς</span> <span class='ocrx_word' id='word_1_381' title='bbox 927 2501 1064 2565; x_wconf 80' lang='grc' dir='ltr'>υἱοῖς</span> <span class='ocrx_word' id='word_1_382' title='bbox 1077 2498 1184 2552; x_wconf 88' lang='grc' dir='ltr'>τῶν</span> <span class='ocrx_word' id='word_1_383' title='bbox 1202 2500 1516 2572; x_wconf 71' lang='grc' dir='ltr'>πρσφητῶν,</span> <span class='ocrx_word' id='word_1_384' title='bbox 1539 2503 1632 2555; x_wconf 74' lang='grc' dir='ltr'>καὶ</span> <span class='ocrx_word' id='word_1_385' title='bbox 1648 2501 1932 2571; x_wconf 71' lang='grc' dir='ltr'>ἐψεθέντος</span> <span class='ocrx_word' id='word_1_386' title='bbox 1956 2500 2320 2574; x_wconf 77' lang='grc' dir='ltr'>προσφαγίου,</span> <span class='ocrx_word' id='word_1_387' title='bbox 2347 2500 2442 2553; x_wconf 71' lang='grc' dir='ltr'>καὶ</span> <span class='ocrx_word' id='word_1_388' title='bbox 2465 2499 2757 2570; x_wconf 83' lang='grc' dir='ltr'>θανατικῆς</span> <span class='ocrx_word' id='word_1_389' title='bbox 2786 2499 3014 2571; x_wconf 85' lang='grc' dir='ltr'>βοτάνης</span> <span class='ocrx_word' id='word_1_390' title='bbox 3037 2501 3417 2570; x_wconf 69' lang='grc' dir='ltr'>συνεψεθείσης</span> 
     </span>
    </p>
   </div>
   <div class='ocr_carea' id='block_1_27' title="bbox 134 2592 3416 2666">
    <p class='ocr_par' dir='ltr' id='par_1_27' title="bbox 134 2592 3416 2666">
     <span class='ocr_line' id='line_1_27' title="bbox 134 2592 3416 2666; baseline 0.001 -20"><span class='ocrx_word' id='word_1_391' title='bbox 134 2592 218 2664; x_wconf 84' lang='grc' dir='ltr'>τῷ</span> <span class='ocrx_word' id='word_1_392' title='bbox 250 2593 599 2666; x_wconf 82' lang='grc' dir='ltr'>προσφαγίῳ,</span> <span class='ocrx_word' id='word_1_393' title='bbox 629 2594 722 2646; x_wconf 77' lang='grc' dir='ltr'>καὶ</span> <span class='ocrx_word' id='word_1_394' title='bbox 746 2595 878 2665; x_wconf 84' lang='grc' dir='ltr'>παρ’</span> <span class='ocrx_word' id='word_1_395' title='bbox 904 2592 1084 2662; x_wconf 82' lang='grc' dir='ltr'>ὀλίγον</span> <span class='ocrx_word' id='word_1_396' title='bbox 1120 2593 1535 2648; x_wconf 85' lang='grc' dir='ltr'>κινδυνευόντων</span> <span class='ocrx_word' id='word_1_397' title='bbox 1560 2594 1796 2658; x_wconf 89' lang='grc' dir='ltr'>πάντων,</span> <span class='ocrx_word' id='word_1_398' title='bbox 1821 2595 2118 2665; x_wconf 85' lang='grc' dir='ltr'>πεποίηκεν</span> <span class='ocrx_word' id='word_1_399' title='bbox 2147 2594 2380 2658; x_wconf 86' lang='grc' dir='ltr'>ἀϐλαϐὲς</span> <span class='ocrx_word' id='word_1_400' title='bbox 2420 2594 2514 2647; x_wconf 75' lang='grc' dir='ltr'>καὶ</span> <span class='ocrx_word' id='word_1_401' title='bbox 2539 2594 2634 2664; x_wconf 77' lang='grc' dir='ltr'>ἡδὺ</span> <span class='ocrx_word' id='word_1_402' title='bbox 2669 2593 2728 2646; x_wconf 76' lang='grc' dir='ltr'>τὸ</span> <span class='ocrx_word' id='word_1_403' title='bbox 2755 2593 2969 2666; x_wconf 86' lang='grc' dir='ltr'>βρῶμα.</span> <span class='ocrx_word' id='word_1_404' title='bbox 3003 2595 3123 2648; x_wconf 88' lang='grc' dir='ltr'>Τῶν</span> <span class='ocrx_word' id='word_1_405' title='bbox 3157 2595 3287 2648; x_wconf 79' lang='grc' dir='ltr'>υἱῶν</span> <span class='ocrx_word' id='word_1_406' title='bbox 3309 2597 3416 2650; x_wconf 86' lang='grc' dir='ltr'>τῶν</span> 
     </span>
    </p>
   </div>
   <div class='ocr_carea' id='block_1_28' title="bbox 136 2685 3418 2773">
    <p class='ocr_par' dir='ltr' id='par_1_28' title="bbox 136 2685 3418 2773">
     <span class='ocr_line' id='line_1_28' title="bbox 136 2685 3418 2773; baseline 0.001 -35"><span class='ocrx_word' id='word_1_407' title='bbox 136 2685 446 2758; x_wconf 75' lang='grc' dir='ltr'>προφητῶν</span> <span class='ocrx_word' id='word_1_408' title='bbox 473 2686 777 2738; x_wconf 85' lang='grc' dir='ltr'>κοπτόντων</span> <span class='ocrx_word' id='word_1_409' title='bbox 802 2685 933 2752; x_wconf 78' lang='grc' dir='ltr'>ξύλα</span> <span class='ocrx_word' id='word_1_410' title='bbox 963 2685 1115 2758; x_wconf 82' lang='grc' dir='ltr'>παρὰ</span> <span class='ocrx_word' id='word_1_411' title='bbox 1134 2685 1224 2739; x_wconf 87' lang='grc' dir='ltr'>τὸν</span> <span class='ocrx_word' id='word_1_412' title='bbox 1266 2685 1554 2758; x_wconf 79' lang='grc' dir='ltr'>Ἰορδάνην,</span> <span class='ocrx_word' id='word_1_413' title='bbox 1589 2685 1812 2750; x_wconf 79' lang='grc' dir='ltr'>ἐξέπεσε</span> <span class='ocrx_word' id='word_1_414' title='bbox 1845 2687 1905 2739; x_wconf 86' lang='grc' dir='ltr'>τὸ</span> <span class='ocrx_word' id='word_1_415' title='bbox 1940 2686 2201 2760; x_wconf 88' lang='grc' dir='ltr'>δρέπανον</span> <span class='ocrx_word' id='word_1_416' title='bbox 2221 2686 2314 2741; x_wconf 73' lang='grc' dir='ltr'>καὶ</span> <span class='ocrx_word' id='word_1_417' title='bbox 2344 2685 2736 2757; x_wconf 86' lang='grc' dir='ltr'>κατεποντίσθη</span> <span class='ocrx_word' id='word_1_418' title='bbox 2757 2687 2828 2773; x_wconf 57' lang='grc' dir='ltr'>’.ὀ</span> <span class='ocrx_word' id='word_1_419' title='bbox 2865 2687 2922 2739; x_wconf 82' lang='grc' dir='ltr'>δὲ</span> <span class='ocrx_word' id='word_1_420' title='bbox 2965 2687 3228 2752; x_wconf 84' lang='grc' dir='ltr'>Ἐλισαῖος</span> <span class='ocrx_word' id='word_1_421' title='bbox 3265 2689 3418 2759; x_wconf 83' lang='grc' dir='ltr'>εὐχό-</span> 
     </span>
    </p>
   </div>
   <div class='ocr_carea' id='block_1_29' title="bbox 138 2777 3418 2852">
    <p class='ocr_par' dir='ltr' id='par_1_29' title="bbox 138 2777 3418 2852">
     <span class='ocr_line' id='line_1_29' title="bbox 138 2777 3418 2852; baseline 0.002 -22"><span class='ocrx_word' id='word_1_422' title='bbox 138 2795 308 2847; x_wconf 83' lang='grc' dir='ltr'>μενος</span> <span class='ocrx_word' id='word_1_423' title='bbox 349 2777 649 2847; x_wconf 83' lang='grc' dir='ltr'>πεποίηκεν</span> <span class='ocrx_word' id='word_1_424' title='bbox 671 2777 998 2832; x_wconf 83' lang='grc' dir='ltr'>ἐπιπολᾶσαι</span> <span class='ocrx_word' id='word_1_425' title='bbox 1026 2779 1088 2832; x_wconf 82' lang='grc' dir='ltr'>τὸ</span> <span class='ocrx_word' id='word_1_426' title='bbox 1118 2778 1404 2850; x_wconf 86' lang='grc' dir='ltr'>δρέπανον.</span> <span class='ocrx_word' id='word_1_427' title='bbox 1433 2780 1631 2850; x_wconf 85' lang='grc' dir='ltr'>Ναμᾶν</span> <span class='ocrx_word' id='word_1_428' title='bbox 1659 2781 1688 2832; x_wconf 85' lang='grc' dir='ltr'><strong>ὁ</strong></span> <span class='ocrx_word' id='word_1_429' title='bbox 1720 2778 1891 2852; x_wconf 86' lang='grc' dir='ltr'>Σύρος</span> <span class='ocrx_word' id='word_1_430' title='bbox 1916 2779 1984 2832; x_wconf 88' lang='grc' dir='ltr'>δι’</span> <span class='ocrx_word' id='word_1_431' title='bbox 2007 2779 2174 2833; x_wconf 81' lang='grc' dir='ltr'>αὑτοῦ</span> <span class='ocrx_word' id='word_1_432' title='bbox 2204 2779 2538 2852; x_wconf 82' lang='grc' dir='ltr'>ἐκαθαρίσθη</span> <span class='ocrx_word' id='word_1_433' title='bbox 2564 2782 2584 2811; x_wconf 84' lang='grc'><strong><em>²</em></strong></span> <span class='ocrx_word' id='word_1_434' title='bbox 2612 2780 2718 2832; x_wconf 82' lang='grc' dir='ltr'>ἀπὸ</span> <span class='ocrx_word' id='word_1_435' title='bbox 2745 2781 2842 2850; x_wconf 81' lang='grc' dir='ltr'>τῆς</span> <span class='ocrx_word' id='word_1_436' title='bbox 2863 2779 3067 2849; x_wconf 82' lang='grc' dir='ltr'>λέπρας</span> <span class='ocrx_word' id='word_1_437' title='bbox 3121 2780 3223 2832; x_wconf 78' lang='grc' dir='ltr'>Τὸν</span> <span class='ocrx_word' id='word_1_438' title='bbox 3253 2781 3418 2835; x_wconf 89' lang='grc' dir='ltr'>παῖδα</span> 
     </span>
    </p>
   </div>
   <div class='ocr_carea' id='block_1_30' title="bbox 136 2870 3418 2944">
    <p class='ocr_par' dir='ltr' id='par_1_30' title="bbox 136 2870 3418 2944">
     <span class='ocr_line' id='line_1_30' title="bbox 136 2870 3418 2944; baseline 0.001 -22"><span class='ocrx_word' id='word_1_439' title='bbox 136 2871 313 2923; x_wconf 76' lang='grc' dir='ltr'>αὐτοῦ</span> <span class='ocrx_word' id='word_1_440' title='bbox 352 2871 616 2934; x_wconf 84' lang='grc' dir='ltr'>Ἐλισαῖος</span> <span class='ocrx_word' id='word_1_441' title='bbox 637 2870 925 2942; x_wconf 84' lang='grc' dir='ltr'>λεγόμενον</span> <span class='ocrx_word' id='word_1_442' title='bbox 951 2871 1149 2937; x_wconf 60' lang='lat' dir='ltr'><strong>nam,</strong></span> <span class='ocrx_word' id='word_1_443' title='bbox 1177 2871 1475 2925; x_wconf 84' lang='grc' dir='ltr'>ἀπελθόντα</span> <span class='ocrx_word' id='word_1_444' title='bbox 1498 2873 1683 2943; x_wconf 77' lang='grc' dir='ltr'>κρυφᾶ</span> <span class='ocrx_word' id='word_1_445' title='bbox 1712 2871 1864 2944; x_wconf 84' lang='grc' dir='ltr'>παρὰ</span> <span class='ocrx_word' id='word_1_446' title='bbox 1883 2871 2107 2944; x_wconf 85' lang='grc' dir='ltr'>γνώμην</span> <span class='ocrx_word' id='word_1_447' title='bbox 2135 2870 2454 2943; x_wconf 71' lang='grc' dir='ltr'>αύτοῦζπρδς</span> <span class='ocrx_word' id='word_1_448' title='bbox 2481 2872 2678 2939; x_wconf 82' lang='grc' dir='ltr'>Ναμᾶν</span> <span class='ocrx_word' id='word_1_449' title='bbox 2697 2871 2788 2924; x_wconf 79' lang='grc' dir='ltr'>καὶ</span> <span class='ocrx_word' id='word_1_450' title='bbox 2811 2872 3110 2942; x_wconf 80' lang='grc' dir='ltr'>αἰτήσαντα</span> <span class='ocrx_word' id='word_1_451' title='bbox 3136 2874 3418 2944; x_wconf 84' lang='grc' dir='ltr'>ἀργύριον,</span> 
     </span>
    </p>
   </div>
   <div class='ocr_carea' id='block_1_31' title="bbox 139 2960 3416 3039">
    <p class='ocr_par' dir='ltr' id='par_1_31' title="bbox 139 2960 3416 3039">
     <span class='ocr_line' id='line_1_31' title="bbox 139 2960 3416 3039; baseline 0.001 -24"><span class='ocrx_word' id='word_1_452' title='bbox 139 2960 379 3034; x_wconf 72' lang='grc' dir='ltr'>ὕστερον</span> <span class='ocrx_word' id='word_1_453' title='bbox 407 2963 628 3016; x_wconf 84' lang='grc' dir='ltr'>ἐλθόντα</span> <span class='ocrx_word' id='word_1_454' title='bbox 667 2964 760 3017; x_wconf 77' lang='grc' dir='ltr'>καὶ</span> <span class='ocrx_word' id='word_1_455' title='bbox 791 2963 1124 3036; x_wconf 86' lang='grc' dir='ltr'>ἀρνούμενον</span> <span class='ocrx_word' id='word_1_456' title='bbox 1159 2965 1350 3036; x_wconf 73' lang='grc' dir='ltr'>ἥλεγξε</span> <span class='ocrx_word' id='word_1_457' title='bbox 1379 2967 1472 3019; x_wconf 79' lang='grc' dir='ltr'>καὶ</span> <span class='ocrx_word' id='word_1_458' title='bbox 1505 2965 1855 3039; x_wconf 84' lang='grc' dir='ltr'>κατηράσατο</span> <span class='ocrx_word' id='word_1_459' title='bbox 1889 2967 2070 3030; x_wconf 80' lang='grc' dir='ltr'>αὑτὸν,</span> <span class='ocrx_word' id='word_1_460' title='bbox 2097 2967 2190 3020; x_wconf 74' lang='grc' dir='ltr'>καὶ</span> <span class='ocrx_word' id='word_1_461' title='bbox 2239 2965 2428 3035; x_wconf 88' lang='grc' dir='ltr'>γέγονε</span> <span class='ocrx_word' id='word_1_462' title='bbox 2459 2965 2658 3036; x_wconf 88' lang='grc' dir='ltr'>λεπρός</span> <span class='ocrx_word' id='word_1_463' title='bbox 2680 2982 2692 2995; x_wconf 92' lang='grc'><strong>·</strong></span> <span class='ocrx_word' id='word_1_464' title='bbox 2727 2964 2985 3034; x_wconf 83' lang='grc' dir='ltr'>βασιλέως</span> <span class='ocrx_word' id='word_1_465' title='bbox 3017 2965 3215 3038; x_wconf 87' lang='grc' dir='ltr'>Συρίας</span> <span class='ocrx_word' id='word_1_466' title='bbox 3260 2965 3416 3019; x_wconf 77' lang='grc' dir='ltr'>πολεο</span> 
     </span>
    </p>
   </div>
   <div class='ocr_carea' id='block_1_32' title="bbox 142 3050 3420 3130">
    <p class='ocr_par' dir='ltr' id='par_1_32' title="bbox 142 3050 3420 3130">
     <span class='ocr_line' id='line_1_32' title="bbox 142 3050 3420 3130; baseline 0 -21"><span class='ocrx_word' id='word_1_467' title='bbox 142 3054 382 3125; x_wconf 76' lang='grc' dir='ltr'>μοῦντος</span> <span class='ocrx_word' id='word_1_468' title='bbox 402 3054 492 3108; x_wconf 87' lang='grc' dir='ltr'>τὸν</span> <span class='ocrx_word' id='word_1_469' title='bbox 537 3054 769 3128; x_wconf 84' lang='grc' dir='ltr'>Ἰσραὴλ,</span> <span class='ocrx_word' id='word_1_470' title='bbox 801 3056 1133 3127; x_wconf 72' lang='grc' dir='ltr'>ἠσφαλίζετο</span> <span class='ocrx_word' id='word_1_471' title='bbox 1166 3054 1258 3110; x_wconf 84' lang='grc' dir='ltr'>τὸν</span> <span class='ocrx_word' id='word_1_472' title='bbox 1291 3057 1514 3128; x_wconf 85' lang='grc' dir='ltr'>βασιλέα</span> <span class='ocrx_word' id='word_1_473' title='bbox 1553 3050 1770 3130; x_wconf 78' lang='grc' dir='ltr'>Ἰσραὴλ</span> <span class='ocrx_word' id='word_1_474' title='bbox 1797 3057 2152 3127; x_wconf 86' lang='grc' dir='ltr'>ἀπαγγέλλων</span> <span class='ocrx_word' id='word_1_475' title='bbox 2195 3057 2344 3127; x_wconf 76' lang='grc' dir='ltr'>αὐτῷ</span> <span class='ocrx_word' id='word_1_476' title='bbox 2371 3056 2468 3121; x_wconf 86' lang='grc' dir='ltr'>τάς</span> <span class='ocrx_word' id='word_1_477' title='bbox 2497 3057 2716 3126; x_wconf 67' lang='grc' dir='ltr'>σκέψεις</span> <span class='ocrx_word' id='word_1_478' title='bbox 2739 3057 2832 3110; x_wconf 89' lang='grc' dir='ltr'>τοῦ</span> <span class='ocrx_word' id='word_1_479' title='bbox 2873 3055 3067 3128; x_wconf 81' lang='grc' dir='ltr'>ἐχθροῦ</span> <span class='ocrx_word' id='word_1_480' title='bbox 3086 3073 3100 3086; x_wconf 87' lang='grc'><strong>·</strong></span> <span class='ocrx_word' id='word_1_481' title='bbox 3129 3056 3284 3110; x_wconf 88' lang='grc' dir='ltr'>τοῦτο</span> <span class='ocrx_word' id='word_1_482' title='bbox 3317 3075 3420 3128; x_wconf 86' lang='grc' dir='ltr'>μα-</span> 
     </span>
    </p>
   </div>
   <div class='ocr_carea' id='block_1_33' title="bbox 140 3146 3418 3222">
    <p class='ocr_par' dir='ltr' id='par_1_33' title="bbox 140 3146 3418 3222">
     <span class='ocr_line' id='line_1_33' title="bbox 140 3146 3418 3222; baseline 0 -23"><span class='ocrx_word' id='word_1_483' title='bbox 140 3148 255 3200; x_wconf 80' lang='grc' dir='ltr'>θὼν</span> <span class='ocrx_word' id='word_1_484' title='bbox 282 3150 311 3200; x_wconf 83' lang='grc' dir='ltr'><strong>ὁ</strong></span> <span class='ocrx_word' id='word_1_485' title='bbox 342 3147 596 3217; x_wconf 81' lang='grc' dir='ltr'>βασιλεὺς</span> <span class='ocrx_word' id='word_1_486' title='bbox 627 3148 822 3219; x_wconf 86' lang='grc' dir='ltr'>Συρίας</span> <span class='ocrx_word' id='word_1_487' title='bbox 852 3149 1060 3220; x_wconf 86' lang='grc' dir='ltr'>πέμπει</span> <span class='ocrx_word' id='word_1_488' title='bbox 1088 3149 1317 3221; x_wconf 80' lang='grc' dir='ltr'>δύναμιν</span> <span class='ocrx_word' id='word_1_489' title='bbox 1341 3150 1568 3220; x_wconf 84' lang='grc' dir='ltr'>ἀγαγεῖν</span> <span class='ocrx_word' id='word_1_490' title='bbox 1594 3148 1685 3204; x_wconf 81' lang='grc' dir='ltr'>τὸν</span> <span class='ocrx_word' id='word_1_491' title='bbox 1709 3151 2022 3222; x_wconf 71' lang='grc' dir='ltr'>προφήτηνο</span> <span class='ocrx_word' id='word_1_492' title='bbox 2053 3151 2080 3202; x_wconf 79' lang='grc' dir='ltr'>ὁ</span> <span class='ocrx_word' id='word_1_493' title='bbox 2108 3150 2164 3203; x_wconf 82' lang='grc' dir='ltr'>δὲ</span> <span class='ocrx_word' id='word_1_494' title='bbox 2183 3149 2478 3220; x_wconf 81' lang='grc' dir='ltr'>εὐξάμενος</span> <span class='ocrx_word' id='word_1_495' title='bbox 2522 3147 2817 3218; x_wconf 85' lang='grc' dir='ltr'>πεποίηκεν</span> <span class='ocrx_word' id='word_1_496' title='bbox 2857 3147 3054 3211; x_wconf 81' lang='grc' dir='ltr'>αὐτοὺς</span> <span class='ocrx_word' id='word_1_497' title='bbox 3078 3146 3418 3217; x_wconf 86' lang='grc' dir='ltr'>παταχθῆναι</span> 
     </span>
    </p>
   </div>
   <div class='ocr_carea' id='block_1_34' title="bbox 139 3238 3414 3316">
    <p class='ocr_par' dir='ltr' id='par_1_34' title="bbox 139 3238 3414 3316">
     <span class='ocr_line' id='line_1_34' title="bbox 139 3238 3414 3316; baseline 0 -25"><span class='ocrx_word' id='word_1_498' title='bbox 139 3238 409 3310; x_wconf 71' lang='grc' dir='ltr'>ἁορασίᾳ,</span> <span class='ocrx_word' id='word_1_499' title='bbox 435 3241 528 3293; x_wconf 75' lang='grc' dir='ltr'>καὶ</span> <span class='ocrx_word' id='word_1_500' title='bbox 552 3243 837 3312; x_wconf 81' lang='grc' dir='ltr'>ἀπήγαγεν</span> <span class='ocrx_word' id='word_1_501' title='bbox 860 3243 938 3304; x_wconf 81' lang='grc' dir='ltr'>είς</span> <span class='ocrx_word' id='word_1_502' title='bbox 965 3242 1277 3314; x_wconf 86' lang='grc' dir='ltr'>Σαμάρειαν</span> <span class='ocrx_word' id='word_1_503' title='bbox 1309 3242 1459 3313; x_wconf 84' lang='grc' dir='ltr'>παρὰ</span> <span class='ocrx_word' id='word_1_504' title='bbox 1478 3243 1604 3306; x_wconf 84' lang='grc' dir='ltr'>τοὺς</span> <span class='ocrx_word' id='word_1_505' title='bbox 1626 3243 1872 3316; x_wconf 83' lang='grc' dir='ltr'>ἐχθροὺς,</span> <span class='ocrx_word' id='word_1_506' title='bbox 1915 3242 2170 3307; x_wconf 82' lang='grc' dir='ltr'>ἀϐλαϐεῖς</span> <span class='ocrx_word' id='word_1_507' title='bbox 2194 3260 2251 3297; x_wconf 90' lang='grc' dir='ltr'>τε</span> <span class='ocrx_word' id='word_1_508' title='bbox 2286 3243 2483 3306; x_wconf 74' lang='grc' dir='ltr'>αὐτοὺς</span> <span class='ocrx_word' id='word_1_509' title='bbox 2541 3241 2780 3312; x_wconf 73' lang='grc' dir='ltr'>φυλάξας</span> <span class='ocrx_word' id='word_1_510' title='bbox 2809 3241 3032 3295; x_wconf 86' lang='grc' dir='ltr'>διέσωσε</span> <span class='ocrx_word' id='word_1_511' title='bbox 3065 3241 3158 3294; x_wconf 80' lang='grc' dir='ltr'>καὶ</span> <span class='ocrx_word' id='word_1_512' title='bbox 3189 3241 3381 3312; x_wconf 71' lang='grc' dir='ltr'>ἔθρεψε</span> <span class='ocrx_word' id='word_1_513' title='bbox 3400 3255 3414 3272; x_wconf 81' lang='grc' dir='ltr'><strong><em>ο</em></strong></span> 
     </span>
    </p>
   </div>
   <div class='ocr_carea' id='block_1_35' title="bbox 137 3332 3420 3408">
    <p class='ocr_par' dir='ltr' id='par_1_35' title="bbox 137 3332 3420 3408">
     <span class='ocr_line' id='line_1_35' title="bbox 137 3332 3420 3408; baseline 0 -22"><span class='ocrx_word' id='word_1_514' title='bbox 137 3333 306 3386; x_wconf 85' lang='grc' dir='ltr'>τοῦτο</span> <span class='ocrx_word' id='word_1_515' title='bbox 331 3333 520 3402; x_wconf 86' lang='grc' dir='ltr'>μαθὼν</span> <span class='ocrx_word' id='word_1_516' title='bbox 555 3333 583 3386; x_wconf 86' lang='grc' dir='ltr'>ό</span> <span class='ocrx_word' id='word_1_517' title='bbox 605 3334 856 3405; x_wconf 80' lang='grc' dir='ltr'>βασιλεὺς</span> <span class='ocrx_word' id='word_1_518' title='bbox 881 3336 1080 3407; x_wconf 88' lang='grc' dir='ltr'>Συρίας</span> <span class='ocrx_word' id='word_1_519' title='bbox 1108 3337 1386 3390; x_wconf 87' lang='grc' dir='ltr'>ἐπαύσατο</span> <span class='ocrx_word' id='word_1_520' title='bbox 1406 3335 1502 3392; x_wconf 87' lang='grc' dir='ltr'>τοῦ</span> <span class='ocrx_word' id='word_1_521' title='bbox 1539 3337 1811 3408; x_wconf 84' lang='grc' dir='ltr'>πολεμεῖν.</span> <span class='ocrx_word' id='word_1_522' title='bbox 1833 3337 1989 3390; x_wconf 86' lang='grc' dir='ltr'>Μετά</span> <span class='ocrx_word' id='word_1_523' title='bbox 2017 3337 2245 3390; x_wconf 86' lang='grc' dir='ltr'>θάνατον</span> <span class='ocrx_word' id='word_1_524' title='bbox 2287 3335 2554 3390; x_wconf 86' lang='grc' dir='ltr'>Ἐλισαίου</span> <span class='ocrx_word' id='word_1_525' title='bbox 2586 3332 2871 3390; x_wconf 83' lang='grc' dir='ltr'>ἀποθανών</span> <span class='ocrx_word' id='word_1_526' title='bbox 2899 3350 2984 3398; x_wconf 90' lang='grc' dir='ltr'>τις</span> <span class='ocrx_word' id='word_1_527' title='bbox 3023 3335 3118 3388; x_wconf 70' lang='grc' dir='ltr'>καὶ</span> <span class='ocrx_word' id='word_1_528' title='bbox 3149 3333 3420 3405; x_wconf 70' lang='grc' dir='ltr'>θαπτόμει</span> 
     </span>
    </p>
   </div>
   <div class='ocr_carea' id='block_1_36' title="bbox 140 3424 3190 3500">
    <p class='ocr_par' dir='ltr' id='par_1_36' title="bbox 140 3424 3190 3500">
     <span class='ocr_line' id='line_1_36' title="bbox 140 3424 3190 3500; baseline 0.001 -24"><span class='ocrx_word' id='word_1_529' title='bbox 140 3441 234 3487; x_wconf 87' lang='grc' dir='ltr'>νος</span> <span class='ocrx_word' id='word_1_530' title='bbox 258 3424 466 3496; x_wconf 74' lang='grc' dir='ltr'>ἐρρίφη</span> <span class='ocrx_word' id='word_1_531' title='bbox 498 3426 590 3478; x_wconf 79' lang='grc' dir='ltr'>ἐπὶ</span> <span class='ocrx_word' id='word_1_532' title='bbox 612 3427 678 3480; x_wconf 85' lang='grc' dir='ltr'>τὰ</span> <span class='ocrx_word' id='word_1_533' title='bbox 698 3429 829 3482; x_wconf 80' lang='grc' dir='ltr'>ὀστᾶ</span> <span class='ocrx_word' id='word_1_534' title='bbox 855 3427 1042 3494; x_wconf 78' lang='grc' dir='ltr'>αὐτοῦ,</span> <span class='ocrx_word' id='word_1_535' title='bbox 1066 3429 1160 3482; x_wconf 79' lang='grc' dir='ltr'>καὶ</span> <span class='ocrx_word' id='word_1_536' title='bbox 1188 3428 1347 3500; x_wconf 82' lang='grc' dir='ltr'>μόνον</span> <span class='ocrx_word' id='word_1_537' title='bbox 1370 3428 1445 3494; x_wconf 82' lang='grc' dir='ltr'>ὡς</span> <span class='ocrx_word' id='word_1_538' title='bbox 1471 3427 1646 3499; x_wconf 75' lang='grc' dir='ltr'>ἥψατο</span> <span class='ocrx_word' id='word_1_539' title='bbox 1671 3429 1778 3484; x_wconf 88' lang='grc' dir='ltr'>τῶν</span> <span class='ocrx_word' id='word_1_540' title='bbox 1800 3430 1972 3483; x_wconf 80' lang='grc' dir='ltr'>ὀστῶν</span> <span class='ocrx_word' id='word_1_541' title='bbox 1996 3428 2091 3482; x_wconf 88' lang='grc' dir='ltr'>τοῦ</span> <span class='ocrx_word' id='word_1_542' title='bbox 2133 3427 2420 3494; x_wconf 84' lang='grc' dir='ltr'>Ἐλισαίου,</span> <span class='ocrx_word' id='word_1_543' title='bbox 2453 3430 2482 3481; x_wconf 83' lang='grc' dir='ltr'>ὁ</span> <span class='ocrx_word' id='word_1_544' title='bbox 2503 3426 2694 3498; x_wconf 85' lang='grc' dir='ltr'>νεκρὸς</span> <span class='ocrx_word' id='word_1_545' title='bbox 2725 3425 2884 3490; x_wconf 83' lang='grc' dir='ltr'>εὐθὺς</span> <span class='ocrx_word' id='word_1_546' title='bbox 2911 3425 3190 3498; x_wconf 80' lang='grc' dir='ltr'>ἀνέζησεν.</span> 
     </span>
    </p>
   </div>
   <div class='ocr_carea' id='block_1_37' title="bbox 217 3605 823 3682">
    <p class='ocr_par' dir='ltr' id='par_1_37' title="bbox 217 3605 823 3682">
     <span class='ocr_line' id='line_1_37' title="bbox 217 3605 823 3682; baseline 0.002 -17"><span class='ocrx_word' id='word_1_547' title='bbox 217 3609 241 3642; x_wconf 83' lang='grc'><strong>²</strong></span> <span class='ocrx_word' id='word_1_548' title='bbox 272 3605 443 3678; x_wconf 87' lang='lat' dir='ltr'><strong>Cod.,</strong></span> <span class='ocrx_word' id='word_1_549' title='bbox 473 3610 823 3682; x_wconf 84' lang='grc' dir='ltr'>ἐκαθερίσθη.</span> 
     </span>
    </p>
   </div>
   <div class='ocr_carea' id='block_1_38' title="bbox 444 5708 3052 5804">
    <p class='ocr_par' dir='ltr' id='par_1_38' title="bbox 444 5708 3052 5804">
     <span class='ocr_line' id='line_1_38' title="bbox 444 5708 3052 5804; baseline -0.002 -4"><span class='ocrx_word' id='word_1_550' title='bbox 444 5739 717 5804; x_wconf 63' lang='lat' dir='ltr'><strong>Parnm.</strong></span> <span class='ocrx_word' id='word_1_551' title='bbox 755 5740 872 5800; x_wconf 75' lang='lat' dir='ltr'><strong>Gn.</strong></span> <span class='ocrx_word' id='word_1_552' title='bbox 907 5736 1107 5801; x_wconf 76' lang='lat' dir='ltr'>XXII.</span> <span class='ocrx_word' id='word_1_553' title='bbox 2971 5708 3052 5766; x_wconf 60' lang='lat'>28</span> 
     </span>
    </p>
   </div>
  </div>
