3846 6220
164 265 276 321 877
768 267 1236 338 QUESTIONES
1274 263 1740 323 EVANGELICIE
1779 266 1872 321 AD
1912 267 2356 327 STEPHANUM.
2398 301 2467 311 —
2504 267 2847 331 MONITUM.
3320 279 3428 337 878

164 446 3424 484 W

831 620 1011 731 DE
1087 618 1892 735 NOMINIBUS
1971 622 2779 737 HEBRAICIS.

568 835 699 892 Vide
722 836 1045 908 Patrologiaz
1068 835 1277 894 Latinte
1303 847 1430 894 tom.
1459 837 1658 905 XXIII,
1681 837 1908 908 Operum
1943 837 2002 894 S.
2036 838 2349 913 Hieronymi
2378 850 2505 896 tom.
2530 840 2618 908 Ill,
2647 844 2748 897 col.
2780 842 3036 900 121-190.

497 1125 1519 1305 QUfESTION
1525 1125 1755 1282 ES
1844 1133 3113 1298 EVANGELICZE

1124 1392 1341 1457 (Angelo
1364 1392 1482 1455 Mn,
1516 1391 1742 1444 Biblioth.
1767 1407 1889 1446 nova
1912 1396 2139 1459 Patrum,
2166 1396 2251 1460 IV,
2276 1412 2325 1461 p.
2350 1398 2485 1464 217.)

184 984 3423 1038 Ἢ

1156 1627 1740 1723 EDITOBIS
1810 1629 2439 1722 MONI'I‘UM.

243 1898 356 1955 Cur
390 1899 671 1964 Eusebius,
700 1900 777 1954 rei
816 1897 1138 1956 Christiana:
1162 1898 1414 1970 defensor
1468 1902 1759 1956 acerrimus
1786 1942 1802 1967 ,
1853 1916 1981 1969 opus
2030 1898 2128 1953 hoc
2166 1899 2500 1954 scribendum
2524 1905 2852 1972 susceperit,
2889 1915 3110 1958 causam
3166 1906 3322 1976 facile
3351 1918 3434 1962 est

165 1992 446 2056 divinare,
474 1993 602 2061 quia
632 1991 816 2047 multa:
859 2002 1142 2061 occurrunt
1174 2009 1357 2062 reapse
1387 1994 1529 2063 apud
1578 1993 1928 2063 evangelistas
1962 1994 2279 2057 varietates,
2316 1992 2506 2064 quibus
2535 1995 2733 2050 ethnici
2760 1996 2839 2051 vel
2878 1998 3111 2052 haeretici
3136 1998 3432 2055 abuteban-

168 2099 281 2155 rur,
315 2098 375 2143 ut
405 2088 705 2143 divinorum
752 2086 1009 2143 librorum
1038 2089 1311 2143 veritatem
1340 2099 1611 2159 negarent.
1652 2088 1790 2144 Hinc
1853 2096 1929 2143 tot
1986 2088 2279 2143 harmonia:
2306 2089 2618 2161 evangelica:
2661 2091 2779 2161 jam
2841 2092 2962 2148 inde
2988 2111 3022 2148 a
3054 2094 3272 2150 Tatiani
3305 2097 3434 2167 Syri

169 2183 493 2253 temporibus
518 2200 682 2254 usque
710 2182 780 2237 ad
802 2191 986 2238 nostra
1002 2192 1339 2239 constructa’.
1375 2182 1496 2252 Ipse
1522 2184 1778 2239 Eusebius
1796 2184 1891 2239 sub
1910 2185 2076 2239 initiis
2099 2200 2301 2256 quoque
2323 2183 2580 2241 Historiae
2609 2203 2721 2240 sua:
2751 2186 3151 2247 Ecclesiasticee
3180 2192 3274 2247 lib.
3299 2208 3342 2257 ι,
3377 2197 3433 2261 7,

177 2278 477 2330 necessario
522 2276 992 2332 demonstrandam
1030 2278 1231 2346 putavit
1290 2275 1694 2348 Evangeliorum
1739 2278 1879 2332 inter
1932 2295 1988 2333 se
2046 2279 2469 2343 consensionem,
2508 2278 2647 2349 quod
2665 2287 2715 2333 et
2744 2280 2885 2348 fecit,
2913 2282 3074 2339 citato
3101 2286 3261 2342 etiam
3283 2291 3437 2361 Afri—

170 2368 296 2422 cani
321 2369 556 2438 exemplo
581 2371 636 2424 in
670 2369 861 2424 litteris
883 2368 952 2423 ad
978 2369 1269 2425 Aristidem
1290 2369 1356 2424 de
1386 2371 1831 2441 evangelistarum
1860 2373 1917 2426 in
1955 2372 2232 2426 narranda
2268 2371 2470 2427 Christi
2496 2372 2803 2444 genealogia
2831 2391 3107 2432 consensu.
3132 2376 3259 2435 Iam
3281 2383 3438 2453 quale

170 2460 459 2529 fueritﬁoc
504 2462 718 2517 Eusebii
746 2462 811 2517 de
848 2462 1258 2534 Evangeliorum
1302 2463 1595 2533 diaphonia
1645 2481 1737 2519 seu
1770 2463 2128 2533 discrepantia
2154 2462 2534 2535 (concilianda)
2565 2479 2716 2533 opus,
2747 2464 2897 2519 docet
2925 2469 3225 2525 authentico
3279 2476 3429 2529 testi-

169 2554 351 2606 monia
379 2562 566 2607 auctor
589 2554 643 2607 in
673 2553 1087 2624 prtefatiuncula
1115 2552 1184 2608 ad
1206 2549 1500 2608 Marinum.
1537 2571 1556 2603 ι
1577 2550 1961 2624 Ambiguarum
1985 2554 2333 2625 qumstionum
2365 2569 2430 2607 ac
2451 2553 2800 2617 solutionum,
2825 2572 2943 2624 qua:
2971 2557 3113 2612 circa
3135 2559 3435 2623 divinorum

170 2641 580 2713 Ecangeliorum
600 2645 755 2698 initia
782 2653 1088 2708 occurrunt,
1113 2660 1231 2697 cum
1244 2644 1364 2714 jam
1386 2643 1520 2698 duos
1555 2644 1859 2714 scripserim
1887 2644 2072 2706 libros,
2105 2645 2250 2698 venio
2271 2661 2430 2703 nunc,
2464 2645 2650 2699 mediis
2684 2649 3056 2713 praetermissis
3091 2651 3163 2704 ad
3200 2661 3438 2709 extrema

170 2748 290 2800 qua:
318 2750 520 2804 semper
552 2734 691 2803 apud
738 2750 916 2789 omnes
967 2742 1302 2787 controrersa
1355 2733 1590 2803 fuerunt.
1637 2752 1657 2785 ι
1698 2732 1912 2788 Priores
1948 2743 2123 2788 autem
2162 2726 2274 2788 duo
2302 2733 2424 2788 libri
2463 2736 2649 2804 scripti
2679 2747 2831 2791 erant
2865 2739 2935 2792 ad
2987 2740 3341 2814 Stephanum;
3375 2762 3437 2799 ut

170 2826 340 2881 codem
376 2828 661 2884 Vaticanus
690 2828 1039 2891 demonstrat,
1077 2830 1262 2883 tertius
1295 2830 1363 2883 ad
1390 2828 1448 2882 Μ
1453 2830 1685 2883 arinum.
1738 2828 1882 2901 Ergo
1916 2828 2173 2884 Eusebius
2203 2830 2517 2901 quazstiones
2547 2834 2914 2887 tantummodo
2954 2836 3098 2890 circa
3126 2839 3337 2894 initium
3386 2850 3440 2896 et

171 2920 335 2990 ﬁnem
368 2921 772 2994 Evangeliorum
805 2925 1018 2978 obortas
1070 2933 1411 2987 tractaverat,
1444 2924 1630 2979 mediis
1661 2926 1866 2980 cunctis
1900 2926 2152 2988 omissis;
2187 2943 2318 2996 quas
2342 2925 2525 2981 deinde
2574 2944 2753 2983 omnes
2786 2932 3156 2998 operosissima
3181 2933 3435 2989 lucubraa

174 3016 317 3070 tione
359 3016 422 3070 de
470 3033 724 3070 consensu
753 3017 1194 3087 evangelistarum
1217 3016 1516 3084 complexus
1546 3025 1625 3069 est
1661 3024 1878 3070 sanctus
1908 3016 2270 3087 Augustinus,
2326 3017 2417 3086 qui
2470 3016 2601 3071 dicti
2639 3020 2810 3087 operis
2856 3020 3007 3075 libris
3064 3038 3129 3086 ιι,
3163 3040 3222 3078 ιιι
3254 3033 3305 3079 et
3359 3041 3437 3093 Iv,

170 3106 522 3175 difﬁcultates
549 3106 812 3174 plurimas
840 3123 931 3176 per
968 3116 1135 3160 totum
1166 3106 1612 3175 eoangelistarum
1640 3116 1945 3160 contextum
1972 3122 2068 3175 pro
2099 3124 2196 3161 suo
2227 3108 2425 3177 ingenii
2457 3110 2699 3163 acumine
2733 3111 3046 3179 engucleavit.
3078 3111 3149 3167 Et
3177 3117 3386 3186 quidem
3414 3158 3431 3182 ,

173 3197 318 3268 quod
348 3198 470 3268 jure
496 3200 663 3253 miror
694 3198 967 3270 (quodque
994 3215 1139 3268 spem
1163 3197 1552 3267 quodammodo
1592 3198 1711 3261 alit,
1739 3213 2009 3266 superesse
2038 3199 2236 3252 alicubi
2277 3214 2406 3265 opus
2435 3198 2649 3252 Eusebii
2679 3201 2908 3270 fortasse
2936 3204 3196 3276 integrum
3221 3250 3237 3272 ,
3281 3209 3440 3272 cuius

175 3294 393 3349 nonnisi
421 3293 788 3363 compendium
819 3293 904 3345 hic
924 3291 1226 3346 eathibemus
1245 3295 1282 3351 ἱ.
1304 3289 1529 3346 Latinus
1558 3289 1803 3344 Latinius
1832 3287 1966 3359 Opp.
1985 3301 2023 3344 t.
2047 3288 2130 3352 II,
2158 3307 2212 3360 p.
2246 3288 2369 3353 116,
2387 3292 2462 3344 sic
2493 3291 2560 3344 ad
2580 3293 2847 3347 Andream
2878 3294 3111 3351 Masium
3139 3303 3442 3359 scribebat:

182 3407 204 3440 s
251 3386 479 3442 Sirletus
511 3386 870 3457 (cardinalis)
903 3387 1038 3440 scire
1095 3393 1142 3438 te
1193 3384 1334 3443 vult,
1387 3386 1441 3438 in
1497 3383 1688 3440 Sicilia
1729 3385 1964 3438 inventos
1994 3400 2106 3438 esse
2138 3383 2300 3438 libros
2347 3393 2450 3439 tres
2484 3382 2701 3439 Eusebii
2726 3387 3072 3445 Caesariensis
3104 3391 3169 3446 de
3204 3392 3445 3467 Evange-

178 3483 376 3535 liorum
412 3480 720 3551 diaphonia,
745 3480 835 3550 qui
865 3488 922 3531 ut
944 3479 1051 3547 ipse
1081 3488 1254 3545 sperat
1290 3477 1427 3531 brevi
1467 3478 1518 3529 in
1539 3478 1706 3530 lucem
1736 3474 1977 3530 edantur.
2011 3494 2031 3526 ι
2067 3475 2194 3529 Tres
2219 3492 2342 3547 ergo
2360 3476 2481 3546 jam
2505 3487 2616 3530 tum
2644 3477 2958 3535 dicebantur
2977 3481 3033 3536 hi
3055 3483 3273 3541 Eusebii
3298 3488 3442 3560 libri,

176 3587 238 3630 nt
268 3575 411 3645 apud
439 3593 534 3629 nos
557 3585 736 3645 postea
759 3577 814 3627 in
841 3574 1058 3643 prologo
1088 3572 1157 3625 ad
1189 3571 1461 3625 Marinum
1487 3571 1752 3638 apparuit.
1799 3569 1911 3625 Nec
1946 3587 2063 3625 vero
2088 3571 2365 3642 quisquam
2392 3571 2626 3627 codicem
2654 3584 2895 3629 nostrum
2920 3593 2987 3631 ex
3005 3576 3195 3634 Sicilia
3217 3583 3445 3640 allatam

180 3669 405 3724 Romam
429 3676 599 3735 putet;
632 3677 709 3720 est
747 3666 885 3718 enim
915 3665 959 3718 is
990 3680 1126 3716 unus
1144 3665 1211 3716 de
1253 3662 1518 3715 Palatinis
1551 3660 2104 3732 Heidelbergensibus,
2158 3671 2214 3714 ut
2244 3661 2360 3732 ejus
2393 3664 2669 3735 inscriptio
2713 3664 3063 3736 demonstrat,
3101 3689 3302 3729 necnon
3331 3675 3445 3731 Sil-

182 3762 358 3831 burgii
384 3762 668 3829 impressus
699 3756 897 3812 Cra’t‘a’
922 3758 1066 3810 illius
1115 3754 1439 3808 bibliotheca:
1468 3753 1766 3823 catalogus,
1795 3753 1885 3822 qui
1924 3761 2044 3805 ante
2071 3761 2283 3822 captam
2320 3753 2720 3827 Heidelbergom
2762 3757 3154 3829 translatosque
3184 3763 3306 3818 illos
3344 3764 3446 3821 Ro-

181 3868 326 3906 mam
356 3852 557 3907 codices
582 3853 846 3920 confectus
878 3850 998 3905 fuit.
1031 3849 1186 3915 Quod
1217 3850 1264 3900 si
1285 3847 1583 3918 Silburgius
1608 3863 1711 3899 non
1741 3855 1845 3899 tres
1876 3845 2007 3898 dicit
2033 3845 2219 3911 libros,
2247 3846 2337 3901 sed
2367 3849 2520 3913 duos,
2544 3849 2601 3902 id
2628 3850 2768 3906 brevi
2791 3852 3202 3912 hallucinatione
3224 3858 3443 3922 accidit,

178 3946 310 4015 quia
341 3961 519 4015 nempe
549 3946 685 3999 duas
727 3955 928 3999 tantum
960 3945 1130 4013 operis
1161 3945 1416 3998 sectiones
1456 3941 1663 3996 videbat
1700 3942 1758 3995 in
1786 3939 1986 4007 codice,
2019 3941 2089 3994 ad
2121 3943 2445 4012 Stephanum
2474 3953 2525 3999 et
2552 3945 2623 3999 ad
2661 3945 2954 4015 Marinum,
2984 3952 3136 4022 cujus
3164 3965 3446 4024 postrema:

177 4043 489 4112 prooemium
522 4059 626 4096 non
654 4042 798 4111 legit.

258 4134 395 4189 Mihi
423 4137 477 4189 in
508 4136 685 4189 codice
730 4135 848 4189 Vat.
897 4133 1077 4189 Palat.
1128 4132 1281 4190 CXX
1327 4133 1703 4203 pulcherrimo.
1745 4133 1929 4188 sceculi
1982 4133 2144 4204 ferme
2176 4149 2243 4200 x,
2302 4134 2467 4187 trium
2504 4135 2882 4204 prwdictorum
2931 4138 3188 4195 librorum
3217 4143 3446 4213 epitome

179 4234 453 4293 comperta
485 4234 594 4293 est,
636 4235 693 4279 ut
742 4225 933 4280 diserte
981 4226 1291 4280 inscribitur
1343 4226 1573 4296 Ἐκλογὴ
1613 4226 1672 4278 ἐν
1704 4225 1957 4297 συντόμῳ
1987 4266 2002 4288 ,
2038 4236 2140 4281 etc.
2163 4265 2177 4287 ,
2232 4239 2390 4295 prout
2419 4242 2485 4281 ea:
2530 4228 2708 4283 codice
2744 4230 2800 4283 in
2840 4231 3054 4285 titulum
3095 4232 3219 4286 libri
3246 4234 3347 4288 mei
3374 4235 3446 4289 ad

180 4316 397 4369 verbum
425 4318 675 4371 transtuli
698 4334 716 4371 :
743 4318 794 4370 in
823 4319 945 4372 aliis
981 4336 1098 4373 vero
1144 4318 1415 4373 Vaticanis
1450 4330 1757 4373 catenarum
1789 4319 2057 4373 codicibus
2096 4329 2275 4389 partes
2328 4320 2490 4374 etiam
2524 4321 2714 4394 integri
2737 4324 2909 4393 operis
2938 4335 3124 4379 nactus
3149 4343 3288 4392 sum,
3310 4344 3443 4397 quas

179 4417 315 4477 post.
354 4410 610 4478 epitomen
644 4410 894 4464 recitabo.
954 4410 1113 4464 Nunc
1156 4413 1327 4480 operis
1370 4427 1462 4480 per
1501 4427 1556 4464 se
1602 4411 1888 4464 certissimi
1943 4420 2097 4464 testes
2146 4411 2489 4466 nihilominus
2519 4422 2715 4468 veteres
2763 4414 3050 4484 producere
3092 4434 3299 4488 (equum
3341 4428 3443 4475 est.

181 4502 240 4555 1.
284 4499 528 4572 Namque
562 4501 820 4555 Eusebius
851 4501 1157 4556 Demonslr.
1192 4504 1394 4573 Evang.
1439 4502 1531 4556 lib.
1573 4518 1681 4565 vn,

1931 4500 2093 4555 :le.
2120 4499 2178 4555 δὲ
2202 4501 2344 4573 λόγῳ
2390 4505 2484 4558 τὸν
2525 4503 2720 4575 Ἰωσὴφ
2763 4506 3175 4577 γενεαλογοῦσιν
3214 4510 3263 4563 οἱ
3309 4510 3447 4582 ἱεροὶ

182 4594 596 4663 εὖαγγελισταὶ,
659 4596 861 4667 καίπερ
907 4597 980 4668 μὴ
1014 4596 1166 4660 ὄντος
1197 4595 1292 4649 τοῦ
1345 4595 1599 4668 Σωτῆρος
1640 4593 1795 4667 ἡμῶν
1829 4594 1888 4662 ἑξ
1918 4595 2105 4660 αὐτοῦ,
2140 4593 2255 4648 ἀλλ’
2306 4595 2367 4660 ἐξ
2421 4594 2579 4665 ἁγίου
2611 4596 2928 4668 Πνεύματος
2985 4599 3080 4653 καὶ
3134 4599 3235 4670 τῆς
3281 4600 3444 4669 ἁγίας

180 4688 487 4758 Παρθένου,
517 4690 663 4753 ὅπως
687 4708 747 4742 τε
769 4691 862 4743 καὶ
898 4689 1034 4758 αὔτη
1076 4692 1110 4762 ἡ
1148 4690 1241 4744 τοῦ
1280 4690 1485 4761 Κυρίου
1524 4691 1721 4761 Μήτηρ
1754 4687 1862 4742 ἀπὸ
1898 4688 2088 4757 γένους
2119 4688 2212 4742 καὶ
2244 4688 2557 4759 σπέρματος
2587 4689 2964 4744 ἀποδείκνυται
2997 4686 3135 4746 εἶναι
3166 4691 3350 4757 Δαὸὶδ,
3383 4693 3446 4748 ὲν

181 4779 265 4852 τῷ
292 4778 494 4852 πρώτῳ
518 4782 627 4835 τῶν
655 4786 734 4844 εἰς
769 4783 866 4855 τὴν
900 4783 1247 4852 γενεαλογίαν
1268 4781 1363 4836 τοῦ
1389 4782 1640 4853 Σωτῆρος
1665 4779 1821 4851 ἡμῶν
1850 4779 2193 4850 ζητημάτων
2222 4781 2321 4835 καὶ
2345 4782 2586 4836 λύσεων
2612 4780 2966 4854 διειληφότες,
2997 4783 3084 4836 ἐπ’
3111 4785 3291 4837 ἐκεῖνα
3317 4785 3444 4847 τοὺς

185 4869 507 4939 φιλομαθεῖς
527 4872 947 4944 ἀποπέμπομεν.
986 4892 1004 4922 ι
1048 4872 1157 4929 Cur
1190 4872 1406 4944 Iosephi
1436 4890 1595 4943 genus
1634 4889 1704 4925 sai

1923 4872 2141 4944 igelistte
2168 4871 2473 4927 describant
2497 4912 2514 4938 ,
2533 4875 2770 4943 quamvis
2803 4872 3053 4929 Seruator
3082 4886 3258 4931 noster
3282 4891 3349 4931 ea:
3377 4892 3442 4930 ea

183 4972 348 5015 natus
377 4978 480 5014 non
507 4964 598 5026 sit,
629 4966 716 5018 sed
742 4964 806 5019 de
843 4965 1048 5033 Spiritu
1087 4977 1269 5020 sancto
1299 4975 1349 5020 et
1388 4976 1576 5019 sancta
1607 4964 1856 5035 Virgine;
1886 4980 2046 5033 quove
2074 4962 2231 5017 modo
2263 4964 2383 5034 ipsa
2419 4963 2638 5019 Domini
2661 4965 2835 5021 Mater
2860 4967 2926 5021 de
2946 4983 3132 5038 genere
3162 4969 3446 5025 ac'semina

180 5056 412 5112 Davidis
436 5059 601 5127 fuisse
621 5060 968 5126 ostendatur;
1000 5062 1054 5115 in
1082 5062 1253 5131 primo
1281 5063 1631 5131 qua’stionum
1664 5049 1714 5114 et
1758 5059 2086 5114 solutionum
2117 5058 2182 5113 de
2220 5059 2516 5115 Servatoris
2547 5061 2719 5115 nostri
2759 5063 3010 5131 prosapia
3039 5064 3443 5132 explicavimus.

186 5150 338 5208 Illuc
374 5154 538 5223 igitur
564 5157 641 5209 rei
671 5156 936 5210 studiosos
961 5157 1338 5218 amandamus.
1382 5176 1400 5208 ι
1434 5156 1605 5210 I’Orro
1632 5157 1705 5209 tit:

1930 5172 2029 5209 unc
2063 5155 2394 5226 ζητημάτων
2424 5156 2518 5209 καὶ
2566 5155 2794 5220 λύσεων,
2829 5157 3179 5227 quaestionum
3206 5166 3256 5211 et
3288 5156 3444 5211 solu-

184 5245 413 5307 tionum,
444 5247 728 5315 genuinum
758 5263 871 5301 esse
902 5246 1283 5310 Eusebianum,
1313 5248 1463 5301 docet
1494 5247 1577 5300 hic
1602 5256 1791 5299 auctor
1815 5286 1829 5309 ,
1877 5254 1926 5299 et
1956 5246 2154 5299 codicis
2200 5247 2370 5299 nostri
2399 5245 2640 5300 Palatini
2671 5248 2943 5315 inscriptio
2990 5247 3290 5316 conﬁrmat.
3331 5245 3444 5301 Alii

182 5337 367 5404 itaque
399 5348 661 5400 auctores,
686 5355 736 5394 υ.
768 5354 848 5407 gr.
870 5351 1084 5392 sanctus
1113 5338 1485 5408 Hieronymus,
1521 5349 1579 5391 ut
1610 5354 1732 5392 mox
1755 5338 2011 5399 dicemus,
2038 5337 2255 5392 liberius
2285 5337 2448 5393 locuti
2478 5347 2623 5404 sunt,
2654 5354 2775 5393 cum
2822 5340 2982 5408 paulo
3013 5339 3200 5407 aliter,
3246 5350 3305 5393 ut
3337 5341 3440 5411 ﬁt,

184 5445 375 5484 sensus
409 5431 771 5485 tantummodo
794 5433 998 5486 ratione
1026 5431 1228 5497 habita,
1259 5430 1636 5498 inscripserunt
1664 5446 1683 5485 :
1712 5446 1829 5499 quae
1872 5430 2100 5483 varietas
2130 5429 2183 5482 in
2218 5428 2371 5482 titulo
2398 5442 2600 5498 quoque
2622 5428 3020 5485 Chronicorum
3060 5429 3276 5485 Eusebii
3319 5432 3440 5500 jam

185 5525 285 5578 diu
315 5524 591 5580 observata
627 5526 750 5596 fuit.
789 5526 844 5580 2.
880 5524 1107 5581 Sanctus
1141 5541 1262 5596 ergo
1288 5524 1643 5595 Hieronymus
1673 5522 1749 5578 De
1770 5523 1960 5593 script.
1986 5523 2185 5578 illustr.
2222 5538 2345 5591 cap.
2389 5522 2453 5577 8!
2475 5562 2490 5587 ,
2533 5523 2609 5577 ait
2661 5539 2680 5576 :
2743 5541 2762 5574 ε
2796 5522 3055 5580 Eusebius
3095 5523 3441 5581 Caesariensis

185 5616 357 5670 edidit
380 5617 445 5671 de
463 5617 870 5686 Evangeliorum
893 5615 1198 5686 diaphonia.
1234 5635 1253 5668 ι
1297 5616 1349 5671 3.
1382 5614 1584 5670 Rursus
1612 5616 1751 5670 idem
1779 5615 2134 5685 Hieronymus
2162 5614 2220 5667 in
2245 5614 2456 5669 Comm.
2488 5613 2557 5668 ad
2579 5613 2769 5669 Matth.
2790 5631 2830 5680 ι,
2873 5615 2941 5670 16
2968 5633 2980 5668 :
3022 5626 3050 5668 ‘t
3087 5614 3256 5687 Super
3277 5617 3373 5672 hoc
3388 5627 3444 5672 et

188 5710 482 5775 Africanus
507 5722 798 5782 temporum
827 5712 1072 5781 scriptor,
1097 5723 1146 5764 et
1174 5708 1434 5764 Eusebius
1473 5707 1706 5764 Caesarie

1939 5706 2390 5777 Γὶῡι-ξεΔιαφωνίας
2420 5706 2770 5777 Εὐαγγελίων
2789 5708 2994 5778 plenius
3016 5707 3379 5779 disputarunt.
3413 5726 3458 5785 ι,
