3846 6220
140 319 253 376 881

688 309 1152 382 ΩΗΔΕΞΤΙΟΝΕΒ
1188 306 1648 366 EVANGELlCJE
1685 305 1730 360 Α

1840 302 2259 361 STEPHANUM.
2298 334 2368 345 —-
2404 300 2733 371 QUIESTIO
2768 301 2811 365 ι.

3285 300 3391 359 882

138 435 250 505 τὴν
279 432 497 504 Μαρίαν
516 431 691 495 οὐδεὶς
717 431 871 499 λόγος
897 429 1274 484 ἀποδείκνυσιν
1307 428 1414 481 άπὸ
1442 425 1606 481 sacis
1633 441 1724 495 γε·

1840 424 2230 488 ιεηιυιηιιιοιιο,
2263 424 2403 481 isne
2427 437 2457 476 a
2481 421 2687 479 Davide
2716 420 2938 493 quidem
2978 428 3061 477 est
3099 438 3113 475 :
3147 419 3395 491 quando-

142 521 405 594 νομένηνδ
440 523 615 592 μάτην
636 521 745 592 ἄρα
764 521 855 574 τὸν
879 520 1112 592 Χριστὸν
1140 521 1204 572 ὲκ
1236 517 1546 590 σπέρματος
1564 515 1727 570 Δαθιδ

142 610 459 684 θρυλλοῦσι,
502 611 637 683 μήτε
663 608 756 664 τοῦ
786 610 987 681 Ἰωσὴφ
1013 609 1142 665 ὄντα
1171 608 1305 671 υἱὸν,
1332 609 1464 680 μήτε
1489 607 1589 677 τῆς
1605 607 1726 660 Μα-

146 704 277 777 ρίας
307 703 416 758 ἀπὸ
446 703 608 757 Δαδὶδ
644 702 1144 773 γενεαλογουμένης
1164 718 1178 731 ·
1207 699 1427 754 τοιαῦτα
1475 699 1573 770 μέν
1604 714 1727 752 τινα

140 796 211 850 τὸ
240 795 457 868 πρῶτον
481 794 588 849 τῶν
617 794 979 866 ἠπορημένων
1008 794 1247 865 περιεῖχε
1269 809 1283 822 ·
1309 792 1461 856 λύσις
1484 791 1529 844 δ’
1557 790 1623 846 ἂν
1639 791 1725 862 εἴη

142 888 303 961 αὐτῷ
331 887 448 960 ἥδε.

221 1068 293 1116 α’.
343 1061 464 1115 Τῶν
489 1061 582 1115 τοῦ
627 1063 878 1135 Σωτῆρος
919 1061 1078 1134 ἡμῶν
1118 1064 1291 1136 Ἰησοῦ
1320 1063 1557 1136 Χριστοῦ
1582 1064 1731 1136 ’πράέ

147 1152 312 1219 ξεων,
341 1153 410 1207 τὰ
441 1154 539 1225 μὲν
567 1154 869 1208 σιωπᾶσθαι
908 1155 1201 1223 ἀναγκαῖον
1227 1150 1294 1226 ἦν
1321 1155 1432 1219 τοῖς
1462 1155 1585 1208 τότε
1604 1195 1620 1221 ,
1662 1155 1731 1210 τὰ

146 1245 209 1298 δὲ
237 1246 321 1308 είς
360 1244 570 1298 πολλῶν
617 1246 785 1311 ἀκοὰς
825 1245 1109 1311 διεδέδοτο,
1142 1246 1242 1299 ὅσα
1286 1246 1422 1318 πρὸς
1466 1245 1730 1316 ὠφέλειαν

147 1338 357 1409 ἤμελλε
399 1336 799 1408 συμϐάλλεσθαι
834 1339 944 1400 τοῖς
976 1336 1364 1409 ἀκροωμένοιςο
1393 1332 1504 1392 οἷον
1538 1337 1612 1397 ὡς
1641 1338 1732 1391 ἐπὶ

150 1428 598 1502 παραδείγματος
616 1429 934 1501 τριακοστὸν
955 1429 1104 1499 άγων
1118 1430 1218 1502 τῆς
1230 1428 1324 1484 τοῦ
1347 1429 1595 1502 σώματος
1614 1430 1729 1503 ἠλι-

148 1521 282 1585 κίας
312 1520 452 1585 ἔτος,
478 1520 729 1591 πάρεισιν
766 1521 859 1574 ἐπὶ
886 1521 947 1574 τὸ
984 1520 1135 1593 παρά
1170 1521 1247 1593 τῷ
1286 1521 1505 1595 Ἰωάννῃ
1534 1522 1730 1593 βάπτι-

153 1630 304 1684 σμα·
353 1613 447 1666 καὶ
478 1611 726 1667 ἐντεῦθεν
765 1613 1070 1684 ἀπάρχεται
1107 1613 1209 1685 τῆς
1251 1613 1598 1678 διδασκαλίας
1636 1614 1731 1669 καὶ

149 1702 267 1757 τῶν
294 1702 588 1775 τεραστίων
614 1703 787 1773 ἔργων
804 1721 818 1735 ·
849 1704 967 1757 τίνα
1002 1704 1059 1757 δὲ
1084 1704 1152 1758 τὰ
1179 1705 1287 1777 πρὸ
1309 1704 1733 1777 τοῦιβαπτίσμα-

150 1814 252 1863 τος
287 1773 436 1861 ἐντὸς
463 1796 598 1850 ὅλων
624 1797 759 1850 ὲτῶν
783 1798 1075 1868 τριάκοντα
1110 1773 1616 1870 πραχθέντα-αὑτῷ,
1633 1773 1734 1852 -οὐ-
1760 1773 1806 1830 Β

152 1885 321 1956 δεμία
349 1885 556 1956 ἱστορία
587 1885 770 1957 δηλοῖ,
798 1887 905 1941 οὐδ’
939 1886 1083 1941 ἔστιν
1115 1889 1222 1941 ἀπό
1251 1905 1395 1951 τινος
1418 1888 1566 1952 θείας
1596 1890 1736 1960 Γρα-

156 1977 268 2047 φῆς
295 1977 386 2031 τὸν
404 1977 509 2050 πρὸ
527 1978 716 2033 τούτου
746 1980 1082 2050 καταμαθεῖν
1111 1980 1274 2034 αὐτοῦ
1302 1980 1433 2050 βίον.
1459 1978 1620 2035 Ἀλλά
1641 1980 1735 2034 καὶ

155 2068 219 2136 ἐξ
238 2063 409 2141 οὗπερ
441 2072 521 2134 είς
548 2072 757 2136 πάντας
788 2072 1052 2143 ἐγνώσθη,
1070 2073 1137 2127 τὰ
1168 2073 1267 2144 μὲν
1295 2077 1375 2136 είς
1403 2074 1571 2138 ἀκοὰς
1600 2073 1736 2128 πάν-

156 2175 271 2213 των
301 2161 583 2232 ἐκήρυττε,
599 2162 667 2215 τὰ
685 2162 741 2215 δὲ
763 2163 956 2234 μόνους
984 2165 1108 2227 τοὺς
1134 2163 1299 2218 αὐτοῦ
1330 2163 1573 2235 μαθητάς
1599 2165 1735 2235 ἐμυ-

159 2250 436 2321 σταγώγει
455 2270 469 2285 ·
506 2254 599 2307 καὶ
627 2253 755 2307 ποτὲ
785 2254 884 2325 μὲν
913 2253 1352 2326 παραδοξοποιῶν
1377 2255 1606 2326 παρῄνει
1635 2273 1738 2326 μη-

157 2340 276 2396 δενὶ
297 2340 497 2410 λέγειν,
534 2343 662 2396 ποτὲ
691 2343 748 2396 δὲ
766 2343 895 2397 ἄνευ
912 2343 1012 2413 τῆς
1034 2343 1245 2397 τοιᾶσδε
1272 2344 1645 2416 παραινέσεως
1667 2344 1735 2398 τὰ

160 2432 443 2505 θαυμάσια
473 2435 880 2507 κατειργάςετο.
918 2437 1012 2489 Ἓν
1041 2435 1105 2508 δὴ
1127 2431 1219 2490 οὖν
1255 2435 1489 2506 μάλιστα
1512 2435 1619 2488 τῶν
1651 2453 1738 2488 σε-

162 2521 424 2592 σιγῆσθαι
468 2523 801 2595 δεδογμένων
825 2565 839 2590 ,
873 2525 935 2578 τὸ
985 2526 1124 2579 κατὰ
1169 2527 1270 2598 τὴν
1315 2526 1525 2595 γένεσιν
1573 2525 1736 2580 αὑτοῦ

160 2614 351 2686 θαῦμα
381 2611 469 2688 ἦν’
500 2616 711 2681 οὐδενὸς
741 2616 849 2671 τῶν
876 2617 997 2683 καθ’
1030 2618 1088 2672 ὃν
1125 2617 1507 2690 ὲνηνθρὼπησε
1528 2619 1736 2690 χρόνον,

158 2704 361 2774 ὀλίγων
389 2707 544 2770 ἐκτὸς
574 2707 764 2761 τούτου
797 2708 999 2778 γνῶσιν
1027 2709 1385 2780 κεκτημένου.

238 2881 303 2953 β’.
337 2883 477 2954 Φησὶ
486 2883 544 2937 δέ
563 2901 665 2938 που
681 2886 709 2939 ό
726 2884 878 2954 ἆγιος
897 2884 997 2955 άνὴ
1004 2903 1036 2957 ρ
1052 2884 1071 2957 (
1085 2885 1340 2955 Ἰγνάτιος
1358 2883 1529 2956 ὄνομα
1548 2883 1737 2956 αὐτῷ),

159 2974 265 3046 τῆς
320 2974 635 3045 Ἀντιοχέων
662 2975 985 3047 Ἐκκλησίας
1032 2976 1280 3048 δεύτερος
1318 2974 1555 3045 γεγονὼς
1601 2975 1739 3046 μετὰ

160 3067 293 3141 τοὺς
325 3066 652 3131 ἀποστόλους
678 3067 991 3137 ἐπίσκοπος,
1024 3069 1100 3132 ὠς
1118 3068 1225 3140 ἄρα
1261 3069 1355 3122 καὶ
1380 3070 1473 3123 τὸν
1505 3071 1738 3141 ἄρχοντα

162 3156 260 3210 τοῦ
285 3156 478 3222 αἰῶνος
508 3159 699 3227 τούτου
730 3159 915 3214 ἔλαθεν
947 3162 981 3232 ἡ
1012 3162 1277 3236 παρθενία
1308 3162 1546 3234 Μαρίας,
1578 3162 1672 3216 καὶ
1699 3164 1732 3237 ἠ

161 3248 261 3304 τοῦ
279 3250 529 3323 Σωτῆρος
559 3249 618 3316 ἐξ
644 3252 810 3322 αὐτῆς
825 3252 1064 3322 γένεσις’
1105 3253 1250 3322 λέγει
1288 3253 1332 3306 δ’
1363 3253 1555 3317 οὕτως·
1580 3271 1599 3304 ι
1627 3253 1736 3306 Καὶ

164 3340 327 3394 ἔλαθε
350 3342 440 3396 τὸν
464 3342 697 3414 ἄρχοντα
717 3342 810 3396 τοῦ
842 3342 1035 3408 αἰῶνος
1057 3343 1244 3398 τούτου
1276 3347 1308 3416 ἡ
1346 3343 1605 3418 παρθενία
1620 3346 1737 3398 Μα-

169 3434 313 3506 ρίας,
346 3434 442 3486 καὶ
462 3436 491 3487 ὁ
521 3434 738 3510 τοκετὸς
765 3435 956 3507 αὐτῆς,
985 3435 1185 3506 ὁμοίως
1215 3438 1309 3490 καὶ
1334 3438 1363 3490 ό
1391 3436 1617 3501 θάνατος
1643 3435 1737 3489 τοῦ

160 3523 433 3596 Χριστοῦ·
479 3525 608 3596 τρία
645 3526 915 3597 μυστήρια
956 3513 1198 3599 κραυγῆς
1223 3566 1238 3590 ,
1274 3527 1430 3581 ἆτινα
1457 3527 1515 3579 ὲν
1541 3527 1740 3599 ἠσυχίᾳ

162 3617 303 3671 Θεοῦ
335 3616 600 3693 ἐπράχθη.
629 3636 650 3672 ι
682 3618 837 3672 Ἔστι
866 3618 922 3671 δὲ
944 3619 1040 3672 καὶ
1059 3617 1301 3690 λογισμῷ
1321 3619 1523 3683 λαϐεῖν,
1550 3619 1632 3673 ὄτι
1665 3619 1739 3691 μὴ

166 3708 387 3775 πάντων
418 3703 485 3778 ἦν
504 3708 612 3761 τῶν
639 3710 697 3762 ὲν
735 3710 899 3781 σαρκὶ
931 3708 1186 3780 βιούντων
1216 3710 1307 3765 τὸν
1332 3711 1565 3782 Χριστὸν
1604 3710 1739 3764 Θεοῦ

164 3799 262 3852 καὶ
291 3799 388 3853 σὺν
413 3798 716 3871 ἀνθρώποις
731 3801 1136 3873 ἀναστραφέντα
1150 3796 1239 3856 οἷα
1258 3803 1432 3856 κοινὸν
1460 3802 1740 3875 ἄνθρωπον

164 3892 439 3965 ὁρώντων,
465 3893 527 3946 τὸ
553 3893 810 3948 δύνασθαι
839 3893 1112 3948 πιστεύειν
1154 3895 1214 3960 ἐξ
1240 3895 1615 3968 άπειρογάμου
1646 3895 1740 3949 κόι

171 4001 276 4055 ρης
301 3984 463 4039 αὐτὸν
486 3983 608 4054 δίχα
637 3985 841 4058 πατρὸς
866 3985 1147 4055 γεγονέναι
1174 3986 1281 4039 οὐδ’
1306 3989 1387 4050 είς
1403 3986 1628 4051 πολλοὺς
1650 3989 1741 4040 ἐκ·

168 4076 377 4147 φέρειν,
417 4076 499 4129 ὅτι
535 4076 609 4148 μὴ
650 4079 715 4130 ὲκ
744 4076 839 4130 τοῦ
878 4078 1076 4149 Ἰωσὴφ
1114 4079 1146 4149 ἡ
1189 4080 1376 4151 Μαρία
1408 4078 1742 4141 συλλαϐοῦσα

166 4167 263 4222 τὸν
308 4166 518 4239 Ἰησοῦν
550 4170 763 4238 ἐγέννα,
789 4169 1057 4235 λυσιτιλὲς
1077 4165 1164 4242 ἦν’
1194 4167 1230 4242 ἦ
1252 4171 1361 4244 γάρ
1388 4171 1453 4226 ἂν
1475 4174 1565 4226 καὶ
1588 4173 1743 4242 δίκην

167 4258 315 4328 κατά
346 4258 437 4312 τὸν
466 4258 744 4323 Μωῦσέως
775 4260 938 4330 νόμον
972 4261 1005 4330 ἡ
1045 4260 1309 4332 παρθένος
1351 4262 1584 4333 ὑπέσχεν
1603 4302 1618 4326 ,
1668 4262 1744 4327 ὡς

167 4349 280 4420 πρὸ
308 4348 458 4422 ὧρας
482 4351 660 4421 γάμου
685 4349 1036 4423 διαφθαρεῖσα
1072 4352 1171 4422 τὴν
1201 4352 1493 4424 παρθενίαν
1514 4369 1528 4383 ο
1556 4352 1743 4425 διόπερ

1762 3121 1809 3181 C

1828 518 2046 588 quidem
2098 515 2323 571 Mariam
2368 515 2518 585 nulla
2563 514 2798 569 historia
2848 510 3052 567 Davide
3105 512 3394 567 oriundam

1828 611 2189 674 demonstrat.
2231 607 2462 666 Temere
2509 607 2680 679 igitur
2707 603 3061 678 evangelistae
3111 603 3394 659 Christum

1828 698 2053 755 Davidis
2085 714 2284 770 genere
2316 705 2497 753 ortum
2535 696 2839 760 celebrant,
2864 710 2989 750 cum
3019 709 3198 764 neque
3232 695 3279 750 is
3303 692 3396 749 Jo-

1829 789 1983 863 sephi
2024 790 2095 844 sit
2142 788 2311 859 illius,
2360 803 2538 858 neque
2570 786 2798 857 Mariam
2845 787 2901 855 in
2937 784 3140 840 familia
3175 784 3397 845 Davidis

1830 880 2003 938 fuisse
2021 880 2331 936 docuerint.
2359 878 2754 952 Hujuscemodi
2785 885 2907 938 erat
2935 877 3167 948 quaestio
3193 875 3393 950 prima,

1830 986 1953 1045 quae
1974 970 2056 1027 sic
2085 970 2426 1026 dissolvitur.

1901 1063 1955 1118 1.
1999 1061 2109 1119 Res
2154 1061 2287 1133 Iesu
2329 1061 2535 1127 Christi
2595 1058 2902 1126 Servatoris
2960 1058 3138 1115 nostri
3193 1057 3397 1128 partim

1827 1155 1967 1223 clam
2003 1154 2204 1210 habere
2243 1155 2530 1224 oportebat
2559 1155 2775 1209 illorum
2804 1165 3107 1222 temporum
3158 1149 3397 1204 homini-

1830 1248 1972 1305 bus:
2004 1246 2203 1316 partim
2242 1260 2373 1302 vero
2417 1244 2487 1300 ad
2530 1260 2876 1302 communem
2926 1243 3175 1306 notitiam
3207 1240 3399 1297 effere-

1830 1336 2054 1403 bantur,
2100 1350 2442 1406 quaeeunque
2492 1335 2844 1392 audientibus
2896 1335 3187 1401 utilitatem
3243 1338 3400 1389 erant

1832 1430 2098 1486 allatum.
2136 1427 2316 1487 Veluti
2348 1426 2536 1497 Iesus,
2590 1434 2650 1482 ut
2683 1426 2887 1497 aliquid
2937 1426 3171 1497 exempli
3230 1438 3401 1480 causa

1830 1520 2033 1588 dicam,
2091 1519 2340 1575 mortalis
2375 1521 2549 1579 aetatis
2592 1519 2929 1584 tricesimum
2979 1533 3183 1572 annum
3230 1531 3399 1587 agens

1832 1614 2055 1670 stititse
2086 1613 2303 1683 publice
2336 1612 2403 1667 ad
2445 1611 2677 1675 Ioannis
2704 1612 3001 1681 baptisma,
3057 1618 3222 1680 atque
3273 1610 3400 1665 hinc

1837 1705 1966 1767 fecit
1996 1706 2215 1760 initium
2244 1704 2549 1777 magisterii
2605 1705 2689 1759 sui
2724 1719 2790 1758 ac
2820 1703 3231 1775 prodigiorum:
3269 1703 3402 1773 quid

1836 1804 2020 1853 tamen
2049 1797 2189 1851 citra
2217 1796 2564 1851 tricesimum
2606 1810 2809 1849 annum
2839 1795 3092 1867 gesserit,
3124 1796 3271 1848 nulla
3316 1795 3401 1847 hi-

1834 1891 2006 1948 storia
2051 1889 2247 1953 docet;
2303 1904 2482 1961 neque
2530 1905 2597 1960 ex
2649 1888 2758 1943 ulla
2811 1887 3011 1957 divina:
3056 1887 3402 1941 auctoritatis

1836 1979 2118 2065 Scriptura
2149 1984 2487 2052 superiorem
2522 1981 2687 2034 vitam
2717 1978 2837 2048 ejus
2876 1978 3090 2037 discere
3119 1976 3264 2031 licet.
3295 1974 3403 2030 Sed

1835 2076 1980 2131 enim
2031 2084 2322 2146 postquam
2372 2074 2539 2130 etiam
2582 2072 2786 2127 nemini
2838 2071 3065 2141 ignotus,
3106 2075 3246 2131 erat,
3295 2068 3403 2123 alia

1835 2166 2056 2237 quidem
2089 2165 2441 2223 audientibus
2474 2163 2731 2219 omnibus
2761 2161 3118 2234 praedicabat;
3150 2160 3273 2215 aliis
3298 2173 3402 2213 au-

1835 2265 1968 2322 tem,
2016 2266 2273 2329 tanquam
2319 2255 2617 2328 mysteriis,
2666 2252 2969 2322 discipulos
3022 2247 3421 2316 tantummodo,

1837 2365 1968 2407 suos
2018 2350 2308 2404 initiabat:
2350 2363 2416 2404 ac
2445 2346 2606 2402 modo
2639 2345 2887 2417 prodigia
2918 2345 2985 2399 ab
3019 2358 3078 2399 se
3128 2342 3273 2397 edita
3320 2340 3404 2395 di-

1837 2441 2049 2511 vulgari
2101 2440 2339 2509 nolebat,
2375 2438 2538 2500 modo
2587 2439 2707 2510 sine
2753 2436 2866 2492 ullo
2917 2434 3189 2515 ejusmodi
3236 2434 3419 2495 vetito,

1837 2533 2102 2588 miracula
2137 2531 2394 2588 faciebat.
2448 2529 2569 2586 Iam
2619 2531 2675 2601 in
2723 2531 2816 2595 iis,
2864 2543 2987 2600 quae
3028 2527 3246 2583 silentio
3280 2541 3405 2596 pre-

1838 2641 1987 2682 mere
2014 2626 2238 2697 plaeuit,
2273 2624 2601 2681 miraculum
2631 2624 2752 2694 ejus
2787 2617 3092 2685 nativitatis
3142 2625 3283 2680 erat,
3328 2616 3415 2682 ita,

1839 2725 1898 2771 ut
1923 2716 2163 2779 illonm,
2190 2716 2284 2785 qui
2310 2716 2531 2770 mortali
2568 2715 2690 2785 ejus
2738 2714 2864 2768 vitae
2893 2712 3280 2774 interfuerunt,
3310 2722 3405 2767 ne-

1837 2822 1950 2874 mo,
1983 2807 2176 2878 paucis
2208 2808 2479 2877 exceptis,
2508 2809 2585 2860 rei
2618 2807 2877 2860 conscius
2906 2802 3093 2858 fuerit.

1909 2895 1966 2953 2.
2008 2896 2148 2951 Dicit
2178 2904 2359 2952 autem
2385 2897 2468 2951 vir
2498 2904 2745 2960 sanctus,
2774 2895 2995 2949 nomine
3023 2892 3288 2964 lgnatius,
3311 2892 3406 2962 qui

1836 2987 2192 3045 Antiochenae
2222 2989 2482 3047 Ecclesiae
2517 2989 2794 3045 secundus
2824 2987 2927 3041 fuit
2968 2994 3093 3056 post
3123 2985 3405 3056 apostolos

1838 3065 2152 3154 episcopus,
2186 3083 2364 3153 ipsum
2390 3082 2577 3138 saeculi
2615 3081 2918 3151 principem
2958 3079 3187 3134 latuisse
3217 3076 3407 3131 Maria
3514 3079 3524 3087 '

1837 3175 2230 3246 virginitatem,
2260 3189 2324 3230 ac
2351 3174 2663 3230 Servatoris
2701 3188 2768 3228 ex
2816 3186 2879 3228 ea
2910 3171 3275 3226 nativitatem.
3311 3167 3405 3223 Sic

1837 3265 1982 3321 enim
2044 3266 2120 3321 ait
2170 3266 2296 3337 (l):
2352 3284 2370 3318 ι
2407 3264 2594 3321 Latuit
2648 3264 2950 3336 principem
3001 3262 3167 3329 hujus
3220 3261 3418 3334 saeculi,

1837 3359 2124 3429 virginitas
2154 3357 2356 3425 Mariae,
2389 3357 2619 3429 ejusque
2648 3365 2860 3428 partus,
2907 3356 3149 3425 itemque
3196 3353 3408 3415 Christi

1837 3465 1988 3507 mors
2018 3467 2034 3503 :
2066 3450 2324 3522 mysteria
2371 3450 2476 3504 tria
2510 3450 2776 3517 clamosa,
2815 3464 2937 3520 quae
2973 3456 3157 3504 tamen
3189 3447 3293 3503 sub
3321 3445 3404 3499 di-

1836 3543 1965 3598 vino
2014 3541 2235 3606 silentio
2280 3548 2503 3612 peracta
2546 3526 2803 3596 fuerunt;
2835 3558 2855 3591 ι
2888 3538 3009 3593 Jam
3052 3539 3172 3609 ipso
3204 3537 3406 3593 mentis

1838 3632 2131 3689 ratiocinio
2176 3632 2479 3703 intelligere
2507 3633 2656 3699 licet,
2692 3631 2836 3686 haud
2872 3630 2989 3686 ﬁeri
3041 3628 3311 3701 potuisse,
3345 3635 3409 3682 ut

1838 3724 2098 3785 mortales
2142 3740 2356 3790 omnes,
2403 3725 2499 3796 qui
2545 3724 2637 3780 Dei
2688 3731 2916 3778 unctum
2966 3723 3109 3777 inter
3153 3721 3407 3776 homines

1838 3817 2114 3873 communi
2138 3818 2377 3872 hominis
2408 3817 2584 3872 forma
2615 3823 2928 3872 versantem
2964 3814 3286 3877 cernebant,
3307 3827 3406 3877 na-

1837 3913 1955 3961 tum
2004 3906 2356 3962 crederent'e
2402 3906 2583 3978 puella
2632 3906 2950 3976 nuptiarum
2990 3904 3205 3975 ignara,
3252 3911 3409 3975 patre

1839 3999 2013 4055 nullo.
2043 3996 2233 4070 Neque
2282 4013 2450 4069 porro
2497 3998 2844 4069 expediebat,
2884 4005 2944 4051 ut
2974 3996 3132 4051 multi
3163 4011 3411 4066 comper-

1838 4096 1954 4144 tum
1987 4089 2271 4158 haberent,
2301 4089 2526 4144 Mariam
2557 4088 2701 4143 haud
2732 4105 2802 4144 ex
2823 4087 3060 4160 Josepho
3083 4098 3417 4163 conceptum,

1839 4180 2119 4251 peperisse
2148 4177 2336 4237 Jesum
2367 4198 2381 4235 :
2423 4192 2655 4250 prorsus
2691 4179 2836 4233 enim
2867 4192 3043 4248 paenae
3071 4175 3268 4231 fuisset
3303 4175 3409 4229 ob.

1842 4270 2006 4326 noxia
2033 4271 2102 4326 de
2129 4268 2383 4326 Mosaicae
2413 4268 2550 4340 legis
2574 4267 2838 4322 mandato
2865 4266 3040 4337 virgo,
3077 4281 3177 4321 ceu
3209 4263 3257 4319 si
3280 4270 3419 4318 ante.

1839 4364 2154 4435 nuptiarum
2184 4375 2399 4433 tempus
2432 4359 2801 4432 virginitatem
2835 4357 3169 4414 violavisset.
3206 4353 3410 4422 Quam-

169 4441 399 4504 εἰκότως
450 4443 867 4513 ἐπισημαίνεται
894 4444 1135 4516 ἀκριϐῶς
1169 4446 1387 4516 φήσασα
1427 4447 1460 4516 ή
1507 4445 1696 4516 Γραφὴ
1719 4484 1735 4509 9

1844 4457 2029 4512 obrem
2063 4456 2260 4511 merito
2293 4454 2734 4510 animadversum
2768 4458 2876 4516 est,
2905 4450 3195 4522 vigilanter
3219 4447 3410 4509 admog-

175 4553 196 4585 σ
222 4533 360 4605 Πρὶν
383 4533 415 4604 ἢ
446 4534 714 4589 συνελθεῖν
730 4535 945 4599 αὐτοὺς,
967 4536 1160 4608 εὑρέθη
1178 4538 1237 4590 ἐν
1251 4537 1445 4607 γαστρὶ
1475 4537 1670 4608 ἔχουσα
1687 4553 1699 4566 ⁸
1715 4556 1734 4589 ι

173 4625 459 4696 μονονουχὶ
482 4625 804 4680 διδάσκουσα
847 4628 929 4681 ὅτι
972 4628 1047 4699 μὴ
1086 4627 1191 4700 πρὸ
1221 4628 1397 4700 γάμου
1430 4631 1738 4702 συνείληφε,

173 4717 313 4788 μηδὲ
343 4717 448 4789 πρὸ
464 4716 558 4771 τοῦ
611 4718 760 4791 παρά
783 4719 874 4772 τὸν
902 4718 1070 4789 ἄνδρα
1092 4720 1284 4783 ἐλθεῖνο
1308 4721 1441 4793 μετά
1468 4722 1526 4776 δὲ
1544 4723 1604 4775 τὸ
1620 4739 1743 4776 συν-

170 4809 412 4880 αφθῆναι
448 4811 539 4863 τὸν
570 4810 766 4881 Ἰωσὴφ
802 4811 897 4865 καὶ
925 4812 1055 4883 παρ’
1082 4812 1228 4883 αὑτῷ
1281 4813 1553 4882 γενέσθαι,
1590 4813 1740 4886 παρὰ

170 4903 310 4956 πᾶσί
330 4919 391 4955 τε
414 4905 647 4971 γυναῖκα
678 4901 842 4957 αὐτοῦ
883 4905 1242 4976 χρηματίσαι,
1278 4904 1543 4959 συνόντων
1575 4906 1741 4976 ἀλλή-

168 4995 307 5058 λοις,
336 4996 433 5049 καὶ
463 4995 562 5066 τῆς
616 4997 860 5065 γαμικῆς
905 4996 1118 5066 ὁμιλίας
1156 4996 1417 5050 ἅπτεσθαι
1466 4998 1566 5069 ῆδη
1612 4996 1741 5066 γοῦν

174 5084 509 5156 μελλόντων,
559 5084 729 5154 αὐτῆς
764 5086 839 5148 ὡς
872 5087 1044 5140 εἰπεῖν
1071 5085 1219 5158 ὥρας
1252 5087 1437 5159 πρὶνῆ
1471 5087 1742 5142 συνελθεῖν

171 5176 393 5243 αὐτοὺς,
420 5175 616 5247 εὑρέθη
638 5176 695 5229 ὲν
713 5177 909 5248 γαστρὶ
929 5177 1126 5249 ἔχουσα
1154 5180 1217 5231 ὲκ
1237 5178 1376 5231 Πνεύ
1384 5196 1550 5250 ματος
1563 5179 1738 5247 ἁγίου.

170 5267 285 5320 Καὶ
305 5265 462 5320 τοῦτό
492 5283 557 5335 γε
583 5268 978 5341 παγχρησίμως
1003 5269 1084 5333 εἰς
1108 5267 1169 5322 τὸ
1186 5268 1365 5323 λαθεῖν
1380 5271 1503 5334 τοὺς
1516 5270 1743 5334 πολλοὺς

245 5467 325 5540 (l)
365 5466 536 5540 Epist.
566 5467 861 5540 lgnatiiiad
873 5466 1139 5540 Ephesios
1165 5484 1289 5540 cap.
1321 5484 1436 5536 nx,
1471 5471 1563 5526 tibi
1589 5471 1743 5527 vide-

172 5540 254 5610 sis
287 5538 596 5610 doctissimi
628 5538 902 5610 Cotelerii
920 5538 1351 5610 adnotationem,
1400 5542 1541 5608 apud
1577 5556 1738 5610 quem

177 5607 436 5664 Usserius
466 5608 629 5663 verba
660 5608 774 5661 haec
806 5607 994 5663 eadem
1027 5609 1223 5664 recitat
1262 5626 1329 5664 ex
1361 5607 1739 5666 Andreailie-

170 5680 344 5752 roso].
388 5677 638 5752 Cretensi
685 5676 968 5752 episcopo,
1016 5679 1121 5752 nisi
1168 5680 1313 5752 quod
1361 5695 1461 5752 pro
1498 5682 1739 5752 κραυγῆς

176 5748 443 5803 scribitur
474 5747 548 5803 ibi
583 5747 808 5817 φρικτὰ,
855 5763 976 5817 quae
1008 5747 1247 5804 deterior
1293 5747 1453 5806 lectio
1476 5747 1580 5815 est,
1612 5747 1739 5822 quia

1843 4550 1971 4603 dum
2007 4546 2350 4618 Seripturam
2384 4544 2569 4601 dicere
2608 4562 2622 4598 :
2662 4561 2682 4595 ι
2734 4543 3038 4614 Antequam
3073 4539 3177 4609 ipsi
3210 4552 3410 4594 conve—

1841 4641 2044 4704 nirent,
2080 4639 2300 4693 inventa
2331 4644 2417 4692 est
2449 4637 2505 4691 in
2531 4644 2688 4692 utero
2714 4625 2957 4700 habens;
3013 4650 3031 4682 ι
3067 4638 3329 4700 tanquam
3357 4626 3411 4683 si

1843 4741 2028 4804 aperte
2057 4732 2286 4796 diceret,
2340 4745 2461 4785 eam
2503 4735 2629 4784 ante
2664 4728 2883 4797 nuptias
2912 4740 3023 4780 non
3066 4722 3406 4793 concepisse,

1842 4835 2019 4889 neque
2061 4820 2214 4889 prius
2244 4833 2407 4888 quam
2442 4818 2511 4872 ad
2538 4818 2719 4877 virum
2753 4813 3040 4879 accederet
3083 4833 3097 4869 :
3131 4812 3229 4870 sed
3261 4820 3411 4882 post-

1840 4922 2006 4976 quam
2035 4922 2157 4961 cum
2189 4903 2427 4977 Josepho
2455 4905 2745 4976 conjugata
2766 4905 2888 4972 fuit,
2923 4912 3085 4974 atque
3114 4901 3257 4973 apud
3281 4916 3407 4956 eum

1841 5000 2108 5056 diversari
2143 5001 2308 5070 cmpit
2344 5000 2443 5072 (2),
2476 5010 2530 5056 et
2546 5001 2626 5075 oab
2651 5000 2906 5056 omnibus
2935 4998 3139 5069 conjux
3165 4998 3286 5068 ejus
3309 5012 3408 5066 ap-

1842 5093 2035 5163 pellari
2069 5115 2083 5148 ι
2114 5108 2239 5148 cum
2287 5109 2396 5148 una
2445 5093 2780 5158 habitarent,
2815 5107 2879 5146 ac
2907 5091 3139 5161 nuptiali
3174 5104 3410 5145 consue-

1842 5185 2033 5240 tudine
2082 5185 2195 5254 jam
2246 5185 2399 5240 usuri
2450 5184 2791 5250 viderentur,
2836 5184 2955 5254 ipsa
3014 5180 3406 5253 propemodum

1844 5279 1982 5333 hora
2037 5284 2333 5348 antequam
2397 5275 2781 5343 convenirent,
2841 5275 3114 5329 inventam
3169 5285 3295 5326 esse
3351 5270 3407 5323 in

1842 5469 2287 5553 nonmopponitur
2303 5467 2573 5553 vocabulo
2584 5464 2867 5553 ικραυγῆς.

1914 5540 1993 5611 (2),
2020 5528 2235 5611 "Deliae
2269 5537 2544 5611 communi
2584 5528 2936 5611 SS.}_’atru|n
2961 5528 3409 5611 opinione_Com§

1846 5601 2071 5666 beiisius
2091 5607 2235 5661 Bibl.
2266 5623 2418 5661 conc.
2449 5615 2489 5661 t.
2524 5604 2567 5670 ι,
2599 5622 2655 5677 p.
2679 5605 2772 5669 22,
2797 5601 3332 5677 con_trafSuareg_ium
3354 5609 3408 5677 et

1843 5663 2204 5752 Raynaldum.
2241 5663 2847 5752 ilicephorusfquoquc
2876 5675 3138 5732 Callistus
3181 5663 3327 5727 Hist.
3364 5668 3407 5737 l,

1844 5752 1900 5816 8,
1930 5747 2055 5805 eum
2098 5747 2335 5803 Eusebio
2364 5747 2659 5802 consentit.
