3846 6220
411 367 521 423 883

1100 364 1374 422 EUSEBll
1404 365 1891 423 CESARIENSIS
1922 366 2076 423 OPP.
2115 366 2299 424 PARS
2331 365 2422 423 Ill.
2459 397 2521 409 —
2567 364 2981 423 EXEGETICA.

3562 362 3671 419 884

412 488 571 533 utero
602 476 891 533 habentem
922 477 989 533 de
1018 486 1210 532 saneto
1241 475 1470 548 Spiritu.
1503 477 1682 550 Atque
1712 479 1828 535 haec
1860 494 1983 550 per-

2097 480 2429 553 ᾠκονόμητο⁸
2460 481 2510 533 εί
2546 478 2656 551 γὰρ
2677 479 2741 551 δὴ
2775 478 2926 548 παρά
2955 480 3067 542 τοῖς
3097 478 3268 551 αὑτῆς
3293 477 3558 547 ’γονεῦσιν
3579 474 3672 533 οὗ·

412 566 701 624 commode
732 566 804 622 ob
826 568 1104 622 vitandam
1142 568 1290 638 vulgi
1326 568 1578 623 notitiam
1605 579 1797 624 curata
1831 580 1982 626 sunt.

410 656 549 712 Nam
578 660 627 713 si
662 654 846 711 Maria:
867 672 896 711 a
924 658 1245 727 parentibus
1275 658 1520 713 nondum
1552 657 1833 730 digressae,
1861 675 1988 730 gra-

411 749 554 805 vidae
582 748 696 804 ﬁeri
728 748 1082 820 contigisset;
1112 748 1239 819 quia
1271 764 1496 806 necesse
1519 757 1638 805 erat
1667 766 1781 805 rem
1805 751 1987 820 palam

412 841 748 912 famigerari,
781 855 976 909 nempe
1007 842 1154 910 quod
1189 841 1307 911 ipsa
1337 840 1484 896 haud
1515 857 1580 897 ex
1611 843 1829 912 publice
1855 850 1987 900 noto

410 934 534 986 viro
562 947 665 988 suo
694 931 1059 1002 concepisset,
1088 933 1342 1003 protinus
1367 934 1695 1003 supplicium
1722 951 1788 989 ex
1811 934 1987 989 forma

407 1023 554 1093 juris
584 1024 604 1056 ί
633 1023 895 1079 subiisset
929 1042 945 1078 :
1003 1023 1052 1079 si
1107 1024 1315 1088 minus,
1350 1033 1499 1081 certe
1545 1028 1722 1096 stupri
1770 1029 1988 1083 macula

414 1129 526 1168 non
552 1125 807 1170 vacasset
842 1134 857 1169 :
888 1130 1069 1185 neque
1099 1116 1248 1171 enim
1282 1117 1400 1186 ipsa
1424 1118 1531 1173 sibi
1555 1119 1717 1175 testis
1742 1135 1866 1175 esse
1892 1135 1991 1189 po-

413 1211 578 1269 terat,
611 1220 790 1275 neque
818 1204 888 1259 ad
922 1204 1085 1260 ﬁdem
1130 1205 1441 1261 faciendam
1494 1222 1687 1263 eorum
1717 1224 1839 1280 qua:
1882 1209 1989 1264 sibi

415 1296 734 1351 acciderant
770 1302 890 1351 erat
938 1295 1137 1351 idonea
1189 1316 1205 1352 :
1253 1311 1357 1352 nec
1405 1297 1696 1369 quisquam
1751 1300 1856 1356 sibi
1895 1308 1991 1354 aut

411 1387 597 1456 angeli
625 1386 808 1443 visum
838 1387 1162 1458 persuaderi
1188 1403 1388 1459 passus
1409 1400 1579 1455 esset,
1610 1398 1706 1445 aut
1749 1391 1826 1446 illi
1860 1407 1991 1445 nar-

413 1477 562 1533 ranti
595 1478 920 1535 credidisset
955 1494 1077 1549 quae
1123 1479 1298 1535 cidem
1325 1495 1357 1533 a
1397 1480 1647 1537 Gabriele
1680 1482 1828 1538 dicta
1870 1481 1991 1537 fue-

413 1580 540 1625 rant
592 1589 606 1625 :
642 1586 820 1641 neque
854 1585 975 1625 eam
1007 1570 1120 1640 jam
1165 1579 1538 1641 praegnantem
1569 1571 1719 1628 domi
1754 1588 1867 1629 suae
1897 1571 1987 1629 Jo-

415 1662 620 1732 seplms
646 1662 969 1732 recepisset,
993 1676 1155 1732 quem
1183 1660 1413 1731 justitiae
1435 1663 1714 1733 publicum
1739 1665 1992 1720 testimo-

416 1755 569 1810 nium
599 1754 852 1809 omabat.
876 1752 1022 1809 Bene
1048 1755 1214 1825 igitur
1235 1771 1344 1809 non
1369 1756 1511 1826 apud
1537 1758 1688 1828 ipsos
1708 1764 1988 1829 parentes,

2089 592 2186 629 σαν
2225 576 2306 628 ἔτι
2348 574 2546 644 συνέϐη
2577 573 2718 628 κατά
2757 573 2997 645 γαστρὸς
3027 573 3246 633 λαϐεῖν.
3275 573 3378 627 κᾶν
3422 574 3577 639 εἰκὸς
3600 571 3673 646 ἦν

2088 666 2346 739 βοηθῆναι
2369 666 2430 719 τὸ
2457 667 2688 736 πρᾶγμα
2716 666 2800 718 ὅτι
2821 664 2895 735 μὴ
2924 665 2988 716 ὲκ
3015 664 3279 735 προδήλου
3296 665 3489 737 ἀνδρὸς
3511 668 3675 719 exuo-

2088 755 2322 828 φορήθη,
2347 755 2539 809 θᾶττον
2566 755 2611 807 δ’
2637 753 2703 808 ἂν
2728 753 2823 806 καὶ
2852 752 3091 823 ἀνῄρητο
3112 752 3253 805 κατὰ
3281 753 3374 807 τὸν
3416 754 3605 824 νόμον·
3635 754 3673 825 ἢ

2089 850 2138 902 εἰ
2165 848 2239 920 μὴ
2261 847 2438 911 τοῦτο,
2453 848 2683 918 αἰσχρᾶς
2698 846 2740 899 δ’
2756 842 2849 899 οὖν
2864 846 2964 898 οὐκ
2979 844 3044 898 ἂν
3071 844 3411 915 ἠλευθέρωτο
3430 845 3671 918 ὕϐρεως·

2087 940 2150 994 οὐ
2177 938 2287 1010 γὰρ
2312 938 2487 1009 δήπου
2522 938 2728 1008 μάρτυς
2757 935 2891 1006 αὐτὴ
2921 937 3117 1006 ἑαυτῆς
3134 935 3229 988 καὶ
3250 935 3358 987 τῶν
3384 936 3517 1007 περὶ
3537 936 3675 1007 αὐτῇ

2089 1030 2497 1101 πεπραγμένων
2529 1027 2840 1093 ἀξιόπιστος
2876 1023 2963 1098 ἦν·
3001 1026 3111 1079 οὐδ’
3142 1026 3208 1080 ἂν
3249 1026 3479 1093 ἐπείσθη
3524 1043 3610 1089 τις
3641 1026 3675 1096 ἢ

2089 1121 2321 1191 ἀγγέλου
2343 1119 2683 1188 ἐπιφάνειαν,
2703 1118 2796 1171 καὶ
2810 1117 2879 1171 τὰ
2906 1116 3042 1188 πρὸς
3061 1116 3229 1186 αὐτὴν
3252 1115 3523 1187 εἰρημένα
3541 1114 3681 1186 πρὸς

2088 1213 2183 1267 τοῦ
2216 1210 2455 1282 Γαϐριὴλ
2484 1211 2621 1280 αὐτῇ
2654 1207 3013 1281 διηγουμένη,
3047 1208 3155 1260 οὐδ’
3189 1206 3256 1259 ἂν
3301 1206 3546 1260 κύουσαν
3578 1205 3680 1277 ἤδη

2090 1305 2407 1376 προσήκατο
2439 1303 2518 1364 εἰς
2534 1301 2623 1354 τὸν
2652 1298 2846 1352 ἑαυτοῦ
2866 1295 3015 1351 οἷκον
3060 1297 3437 1368 Ἶωσὴφ,ἀνὴρ
3469 1296 3682 1359 δίκαιος

2091 1387 2230 1446 εἶναι
2269 1388 2778 1462 μεμαρτυρημένος·
2810 1387 2997 1458 διόπερ
3024 1385 3249 1449 εἰκότως
3278 1387 3341 1439 οὐ
3384 1384 3540 1456 παρά
3570 1389 3683 1448 τοῖς

2090 1484 2266 1553 αὐτῆς
2299 1479 2568 1551 γονεῦσιν,
2595 1479 2707 1532 ἀλλ’
2738 1479 2839 1549 ήδη
2875 1480 3003 1548 παρ’
3027 1477 3176 1547 αὐτῷ
3205 1476 3477 1548 γενομένη
3510 1474 3681 1543 ἐγκύ-

2095 1593 2210 1647 μων
2245 1574 2341 1627 σὺν
2356 1568 2502 1642 αύτῷ
2538 1570 2826 1641 γενομένη,
2844 1570 2972 1639 παρ’
2993 1567 3160 1636 αὐτὴν
3177 1568 3251 1630 ὡς
3265 1570 3440 1620 εἰπεῖν
3454 1567 3558 1637 τὴν
3585 1563 3680 1618 τοῦ

2090 1664 2270 1735 γάμου
2307 1661 2480 1727 τάξιν·
2530 1657 2637 1730 πρὸ
2666 1658 2775 1729 γὰρ
2818 1658 2913 1712 τοῦ
2959 1658 3232 1711 συνελθεῖν
3279 1658 3503 1721 αὐτοὺς,
3529 1655 3607 1719 ὡς
3643 1658 3681 1726 ἡ

2091 1752 2280 1824 Γραφὴ
2311 1752 2596 1822 μαρτυρεῖ,
2626 1747 2824 1820 εὑρέθη
2858 1748 2915 1799 ὲν
2940 1748 3138 1816 γαστρὶ
3172 1746 3390 1816 ἔχουσα.

416 1850 511 1905 sed
539 1848 687 1919 apud
741 1847 1040 1919 Josephum
1105 1851 1331 1921 gravida
1379 1851 1522 1907 facta
1566 1863 1674 1919 est,
1713 1869 1779 1910 ac
1815 1853 2055 1908 maritali
2093 1847 2492 1921 propemodum
2528 1859 2720 1899 more:
2753 1852 3048 1912 antequam
3081 1842 3228 1896 enim
3292 1838 3682 1902 convenirent,

419 1952 477 1999 ut
534 1942 820 2013 Scriptura
867 1952 1135 2011 testatur,
1190 1945 1246 2000 in
1294 1955 1451 2002 utero
1500 1948 1712 2004 habens
1763 1949 1988 2004 inventa
2025 1956 2131 2003 est.
3521 2023 3545 2025 Α
3630 2023 3668 2025 __
3708 2014 3715 2025 ‘

486 2036 542 2092 5.
582 2036 685 2090 Cui
714 2049 880 2105 porro
912 2035 1132 2091 inventa
1159 2043 1264 2103 est,
1289 2038 1396 2093 nisi
1424 2037 1699 2111 Josepho?
1744 2041 1857 2097 Cur
1886 2058 1986 2095 au—

2156 2041 2226 2104 γ’.
2262 2033 2378 2087 Τίνι
2402 2033 2446 2086 δ’
2476 2031 2582 2103 ἄρα
2615 2029 2836 2102 εὑρέθη,
2859 2027 2972 2081 ἀλλ’
3005 2026 3039 2098 ἢ
3072 2026 3150 2097 τῷ
3192 2026 3425 2095 Ἶωσήφς
3466 2023 3590 2086 πῶς
3624 2023 3684 2076 δὲ

416 2134 527 2182 tem
572 2132 628 2182 et
677 2125 955 2197 quomodo
1004 2141 1096 2183 res
1162 2126 1403 2199 Josepho
1460 2140 1740 2202 comperta
1798 2133 1986 2199 fuerit,

418 2216 706 2287 Scriptura
735 2220 896 2273 docet
922 2216 1052 2272 dum
1087 2218 1186 2284 ait,
1220 2234 1253 2273 a
1297 2228 1492 2276 sancto
1524 2222 1733 2294 Spiritu
1781 2225 1992 2295 patefa-

416 2318 562 2364 ctam
590 2325 713 2366 esse
738 2308 978 2382 Josepho
1000 2311 1154 2381 justo
1174 2313 1414 2381 homini;
1446 2316 1542 2386 qui
1569 2316 1639 2371 ob
1661 2318 1991 2388 hancipsam

412 2399 688 2470 justitiam
719 2416 877 2455 suam
910 2401 989 2455 nil
1019 2403 1222 2457 mirum
1254 2416 1339 2460 est
1386 2405 1433 2461 si
1486 2420 1519 2459 a
1560 2406 1748 2462 divino
1778 2406 1990 2478 Spiritu

418 2491 665 2560 adjutus,
698 2490 952 2564 conjugis
984 2508 1110 2547 mox
1149 2492 1349 2549 futurae
1391 2498 1778 2567 conceptiones
1826 2499 1991 2555 intel-

419 2579 573 2645 lexit,
610 2587 776 2651 atque
805 2597 836 2635 a
885 2582 1123 2636 maritali
1154 2597 1455 2654 congressu
1504 2587 1794 2642 abstinuit.
1842 2589 1993 2644 illico

419 2673 590 2741 igitur
618 2688 677 2728 re
723 2674 944 2744 cognita
987 2676 1215 2732 territus
1249 2677 1423 2732 voluit
1468 2681 1686 2735 occulte
1717 2680 1994 2738 dimittere

419 2761 646 2817 Mariam
684 2782 699 2814 :
726 2779 848 2834 qua:
876 2765 1191 2821 acciderant
1219 2768 1427 2837 majora
1457 2770 1803 2836 existimans,
1828 2789 1993 2843 quam

421 2861 481 2908 ut
526 2855 646 2926 ipse
695 2870 822 2912 cum
872 2871 935 2912 ea
980 2858 1233 2927 posthinc
1255 2869 1588 2918 versaretur.
1646 2864 1824 2935 Atque
1879 2867 1995 2922 haec

419 2962 589 3003 causa
625 2953 749 3016 fuit,
780 2952 1134 3020 quamobrem
1160 2953 1347 3023 justus
1375 2971 1501 3010 cum
1528 2964 1697 3023 esset,
1746 2958 1892 3014 haud
1921 2975 1996 3014 ae-

419 3056 588 3110 quum
623 3042 888 3112 judicavit
931 3060 1052 3099 eam
1090 3045 1373 3103 diffamare
1411 3067 1424 3102 :
1459 3049 1657 3104 maluit
1686 3058 1866 3105 autem
1896 3066 1995 3106 oc-

421 3132 568 3188 culte
594 3133 843 3189 eamdem
868 3133 1163 3192 dimittere.
1199 3136 1450 3193 Profecto
1471 3140 1541 3204 is,
1572 3140 1679 3196 nisi
1713 3140 1817 3196 sibi
1867 3157 1995 3212 per-

421 3223 717 3288 suasisset,
751 3240 873 3280 eam
923 3226 990 3281 de
1020 3241 1212 3284 sancto
1248 3228 1457 3299 Spiritu
1488 3232 1841 3303 concepisse;
1870 3248 1997 3287 cum

422 3315 594 3386 probe
618 3315 785 3372 simul
811 3318 977 3374 sciret
1004 3321 1250 3375 eamdem
1283 3336 1313 3375 a
1340 3337 1400 3377 se
1422 3322 1543 3377 viro
1605 3333 1821 3379 uterum
1879 3312 1992 3379 non

422 3422 647 3478 gerere;
680 3409 777 3478 qui
816 3410 1036 3466 tandem
1069 3412 1187 3468 fieri
1224 3423 1461 3485 poterat,
1499 3424 1557 3472 ut
1587 3432 1721 3482 non,
1760 3431 1860 3488 pro
1884 3431 1999 3471 sum
2025 3390 2068 3449 θ

420 3498 655 3569 justitiae
686 3514 935 3570 munere,
971 3512 1101 3559 ante
1144 3508 1369 3577 nuptias
1416 3516 1732 3578 corruptam
1779 3508 2000 3579 publice

422 3590 685 3659 ediceret,
722 3601 888 3664 atque
917 3596 989 3650 ob
1036 3597 1091 3652 id
1138 3598 1555 3669 magistratibus
1603 3600 1818 3657 idoneis
1847 3601 1999 3672 judi-

424 3682 654 3738 candam
686 3685 925 3742 traderet
946 3702 1010 3743 ac
1034 3688 1420 3746 dilfamandam
1437 3692 1460 3746 ?
1480 3693 1699 3764 Alioqui
1723 3695 2005 3764 quomodo

418 3774 611 3843 justus
639 3784 807 3841 esset,
857 3779 953 3849 qui
982 3780 1050 3835 de
1089 3796 1150 3836 re
1195 3782 1363 3854 impia
1405 3786 1634 3855 tegenda
1661 3785 2002 3856 celandaque

425 3868 738 3937 satageret?
783 3868 947 3926 Certe
994 3870 1294 3944 Josephum
1351 3874 1428 3928 ita
1480 3890 1541 3930 se
1592 3883 1893 3945 gerentem,
1930 3876 2000 3931 ab

423 3959 758 4028 evangelista
804 3959 1009 4031 justum
1048 3965 1333 4035 appellari,
1381 3982 1494 4022 non
1539 3974 1658 4033 erat
1707 3975 2001 4022 consenta-

423 4062 611 4102 neum.
645 4047 750 4105 Sed
795 4052 943 4108 enim
973 4055 1103 4124 quia
1137 4057 1255 4125 ipse
1299 4055 1629 4112 diviniorem
1657 4055 1902 4129 Virginis
1932 4058 2001 4114 de

426 4144 620 4193 sancto
648 4139 855 4210 Spiritu
883 4153 1212 4216 conceptum
1239 4148 1427 4216 novit;
1476 4156 1531 4204 et
1579 4149 1710 4219 quia
1749 4148 1999 4203 eamdem

425 4235 801 4306 augustiorem
831 4240 1188 4309 existimavit,
1214 4260 1381 4315 quam
1406 4253 1465 4300 ut
1494 4245 1600 4301 sibi
1635 4244 1847 4301 diutius
1869 4246 2002 4301 lice-

425 4332 510 4379 ret
539 4341 664 4382 cum
712 4328 806 4384 illa
861 4331 1150 4402 habitare;
1205 4346 1356 4392 recte
1396 4337 1615 4393 idcirco
1658 4338 2003 4408 evangelista

424 4412 585 4480 dicit,
614 4430 646 4471 a
673 4414 915 4489 Josepbo
938 4430 1160 4493 captum
1188 4439 1316 4482 esse
1337 4427 1629 4482 consilium
1665 4427 1807 4480 clam
1836 4441 2001 4496 spon-

425 4520 542 4560 sam
573 4506 885 4566 dimittendi
907 4529 1086 4585 neque
1118 4515 1456 4573 diﬂ‘amatam
1486 4533 1518 4572 a
1552 4534 1611 4574 se
1644 4534 1824 4589 neque
1849 4518 2001 4588 obje-

423 4606 572 4656 ctam
604 4603 751 4675 vulgi
780 4608 1149 4664 sermonibus.
1180 4608 1326 4665 Bene
1353 4610 1522 4681 igitur
1560 4611 1630 4667 ab
1661 4610 1999 4681 evangelista

2094 2127 2190 2181 καὶ
2216 2126 2336 2179 τίνα
2366 2124 2564 2196 τρόπον
2590 2122 2819 2193 εὕρηται
2839 2120 2997 2173 τοῦτο
3015 2118 3095 2189 τῷ
3133 2118 3352 2187 Ἰωσὴφ,
3370 2116 3574 2184 ὁλὸγος
3600 2115 3685 2168 δι-

2092 2219 2238 2282 δάξει
2270 2215 2397 2283 φὰς,
2421 2216 2485 2267 ὲκ
2517 2211 2831 2281 Πνεύματος
2860 2210 3013 2277 ἁγίου
3028 2207 3268 2268 γνωστὸν
3297 2206 3519 2275 γέγονεν
3538 2204 3687 2258 οὕτω

2094 2311 2189 2364 καὶ
2220 2308 2297 2379 τῷ
2337 2307 2554 2377 Ἰωσήφ
2582 2303 2786 2365 δίκαιος
2800 2298 2910 2370 γὰρ
2930 2295 3017 2370 ἦν’
3048 2299 3256 2361 δίκαιος
3280 2297 3339 2350 δὲ
3367 2298 3681 2367 τυγχάνων,

2094 2403 2154 2456 οὐ
2185 2402 2491 2472 θαυμαστὸν
2523 2401 2571 2453 εἰ
2599 2399 2693 2453 καὶ
2715 2398 2861 2452 θείου
2890 2396 3205 2467 Πνεύματος
3233 2395 3433 2464 ⁴ἠξίωτο
3465 2392 3685 2464 πρὺςτὸ

2097 2497 2332 2547 συνεῖναι
2357 2493 2453 2563 μὲν
2482 2491 2582 2561 τῆς
2611 2489 2907 2561 μελλούσης
2923 2486 3171 2559 γαμετῆς
3198 2484 3414 2555 κύησιν,
3430 2485 3685 2555 ἐπισχεῖν

2094 2587 2150 2639 δὲ
2179 2587 2276 2656 τὴν
2297 2584 2436 2639 κατά
2458 2583 2624 2655 ἄνδρα
2656 2581 2959 2636 κοινωνίαν.
3001 2579 3209 2632 Αὐτίκα
3240 2576 3423 2639 συνεὶς
3456 2576 3553 2629 καὶ
3579 2594 3685 2630 κα-

2093 2677 2393 2745 ταπλαγεὶς
2423 2674 2687 2747 ἐϐουλήθη
2713 2674 2888 2745 λάθρα
2926 2672 3194 2727 ἀπολῦσαι
3228 2671 3428 2742 αὑτήν·
3460 2668 3686 2741 μείζονα

2095 2770 2128 2839 ἢ
2152 2771 2292 2823 κατά
2319 2769 2418 2840 τὴν
2445 2769 2541 2821 σὺν
2571 2765 2723 2837 αὺτῷ
2754 2765 3036 2839 διατριϐὴν
3060 2763 3131 2817 τά
3159 2762 3522 2834 πεπραγμένα
3538 2756 3684 2813 εἶναι

2095 2862 2451 2931 λογισάμενος
2470 2901 2483 2912 .
2504 2859 2615 2913 Καὶ
2639 2858 2796 2912 τοῦτο
2832 2857 2942 2929 ἄρα
2969 2852 3038 2928 ἦν
3072 2855 3135 2908 τὸ
3165 2853 3368 2917 αἴτιον,
3403 2853 3470 2907 δι’
3500 2852 3547 2917 ὃ,
3600 2852 3683 2906 δί-

2097 2970 2251 3016 καιος
2279 2950 2374 3017 ὢν,
2429 2952 2530 3005 οὐκ
2568 2951 2751 3021 ἔκρινε
2794 2949 2892 3020 μὲν
2923 2948 3130 3001 δίκαιον
3162 2942 3302 3000 εἶναι.
3332 2942 3686 3015 δειγματίσαι

2097 3043 2286 3115 αὐτὴν,
2323 3041 2588 3114 ἐϐουλήθη
2616 3040 2673 3095 δὲ
2703 3039 2879 3111 λάθρα
2904 3036 3174 3091 ἀπολῦσαι
3207 3035 3400 3105 αὐτήνο
3449 3033 3543 3087 καὶ
3573 3033 3687 3103 μὴν

2098 3139 2147 3189 εί
2175 3136 2248 3208 μὴ
2275 3136 2333 3202 ἐξ
2365 3136 2522 3204 ἁγίου
2556 3133 2870 3203 Πνειῖματος
2915 3131 3176 3184 πέπειστο
3219 3126 3389 3197 αὐτὴν
3438 3124 3687 3193 συνειλη-

2100 3229 2281 3297 φέναι,
2307 3226 2547 3295 ἀκριϐὧς
2577 3225 2733 3289 εἰδὼς
2755 3226 2837 3278 ὃτι
2870 3224 3007 3295 μηδὲ
3037 3222 3096 3288 ἐξ
3142 3220 3305 3274 αὐτοῦ
3330 3218 3391 3272 τὺ
3416 3217 3561 3271 κατὰ
3583 3234 3689 3284 γα-

2104 3320 2262 3392 στρὸς
2296 3319 2478 3389 ἔφερε,
2512 3319 2566 3372 τί
2586 3317 2721 3388 δῆτα
2750 3317 2959 3378 δίκαιος
2985 3313 3105 3366 ὢνὸ
3125 3313 3287 3383 ἀνὴρ,
3317 3311 3419 3365 οὐκ
3449 3312 3531 3373 εἰς
3550 3307 3691 3362 πάν-

2101 3429 2197 3474 τας
2229 3410 2438 3479 ἐξάγων
2468 3410 2568 3481 τὴν
2600 3408 2987 3480 διαφθαρεῖσαν
3020 3405 3127 3477 πρὸ
3157 3405 3337 3475 γάμου
3368 3403 3468 3474 τὴν
3508 3401 3686 3471 ὥραν,

2098 3506 2212 3568 τοῖς
2237 3504 2304 3557 τὰ
2335 3502 2560 3556 τοιαῦτα
2589 3502 2794 3573 κρίνειν
2827 3499 3115 3572 παρεδίδου
3146 3498 3424 3571 δράσασαν
3451 3495 3689 3564 δειγμα-

2099 3593 2280 3659 τίσαι;
2308 3594 2425 3657 πῶς
2451 3593 2507 3645 δὲ
2540 3592 2746 3654 δίκαιος
2777 3591 2807 3643 ὁ
2842 3591 2941 3661 τὴν
2970 3591 3285 3661 παράνομον
3317 3585 3520 3658 πρᾶξιν
3562 3588 3691 3639 ἑπι-

2102 3685 2346 3750 σκιάζειν
2392 3685 2486 3739 καὶ
2529 3682 2889 3755 ἐπικρύπτειν
2928 3681 3414 3754 προθυμούμενος;
3442 3678 3555 3732 ἀλλ’
3584 3679 3690 3732 οὐκ

2100 3778 2247 3844 εἰκὸς
2274 3777 2364 3832 τὸν
2384 3776 2767 3847 εὐαγγελιστὴν
2798 3776 3005 3829 δίκαιον
3036 3775 3197 3828 αὑτὸν
3218 3775 3311 3826 ἐπὶ
3338 3771 3553 3835 τούτοις
3582 3772 3692 3840 φάε-

2101 3888 2207 3936 ναι,
2224 3869 2360 3923 ἀλλά
2381 3870 2490 3941 γὰρ
2514 3866 2933 3939 συναισθόμενον
2957 3866 3045 3920 διὰ
3068 3865 3225 3934 ἁγίου
3247 3863 3388 3917 Πνεύ
3397 3881 3567 3934 ματος
3584 3864 3691 3934 τὴν

2101 3960 2382 4034 θειοτέραν
2411 3961 2511 4030 τῆς
2553 3959 2832 4033 Παρθένου
2872 3958 2973 4028 (2⁸)
3009 3958 3290 4027 γεγονέναι
3328 3956 3553 4027 κύησιν,
3594 3956 3693 4008 καὶ

2098 4054 2383 4127 κρείττονα
2395 4053 2493 4122 τῆς
2509 4053 2603 4106 σὺν
2616 4051 2763 4123 αὐτῷ
2775 4051 3059 4124 διατριϐῆς
3070 4050 3418 4121 ἡγησάμενον
3433 4045 3573 4103 εἶναι
3588 4049 3693 4120 τὴν

2098 4144 2429 4215 οἰκονομίαν,
2460 4145 2685 4202 εἰκότως
2726 4144 2888 4217 φησὶν
2918 4143 3081 4198 αὐτὸν
3107 4140 3482 4211 διανενοῆσθαι
3511 4141 3692 4212 λάθρα

2099 4237 2369 4293 ἀπολῦσαι
2402 4237 2571 4308 αὐτὴν
2596 4237 2671 4309 μὴ
2701 4236 3174 4307 δειγματισθεῖσαν
3200 4237 3293 4289 ὑπ’
3316 4234 3507 4299 αὐτοῦ,
3555 4234 3690 4306 μηδὲ

2097 4335 2212 4395 τοῖς
2244 4330 2458 4393 πολλοῖς
2481 4328 2718 4400 φανερὰν
2743 4326 3042 4398 γενομένην
3065 4343 3078 4357 °
3110 4321 3169 4380 εὖ
3218 4325 3350 4394 γοῦν
3378 4324 3479 4377 καὶ
3530 4324 3593 4377 τὸ
3614 4326 3688 4395 μὴ

2101 4422 2272 4477 θέλων
2306 4420 2474 4492 αὐτὴν
2508 4419 2854 4491 δειγματίσαι
2884 4416 3140 4490 εἰρῆσθαι
3163 4416 3310 4470 δοκεῖ
3337 4415 3447 4468 ὑπὸ
3477 4414 3575 4468 τοῦ
3600 4415 3690 4467 εύ-

2104 4514 2451 4585 αγγελιστοῦ·
2481 4514 2540 4566 ού
2572 4513 2681 4583 γὰρ
2717 4510 2884 4583 ἔφησε
2923 4509 2998 4582 μὴ
3024 4508 3194 4563 θέλων
3236 4507 3407 4579 αὐτὴν
3442 4507 3695 4579 παραδει-

2100 4624 2134 4677 γ
2142 4607 2388 4679 ματίσαι,
2404 4605 2541 4660 ἀλλά
2563 4606 2637 4678 μὴ
2651 4605 2996 4675 δειγματίσαι
3011 4603 3085 4674 (5)
3102 4602 3290 4657 θέλωνο
3305 4600 3511 4672 πολλῆς
3526 4599 3692 4672 οὔσης

421 4690 536 4748 dici
580 4694 819 4762 videtur,
864 4700 1012 4769 quod
1060 4716 1179 4757 eam
1228 4702 1515 4759 diﬁ‘amare
1566 4704 1826 4760 noluerit.
1875 4703 1994 4758 Non

2105 4703 2162 4754 ὲν
2188 4700 2396 4764 τούτοις
2421 4700 2686 4771 διαφορᾶς
2705 4716 2719 4729 ·
2746 4698 2824 4762 ὡς
2859 4697 2966 4771 γὰρ
2995 4697 3056 4751 ού
3090 4696 3288 4750 ταυτὸν
3341 4695 3602 4765 σημαίνει
3631 4694 3692 4747 τὸ

425 4785 572 4840 enim
608 4788 686 4843 ait
712 4789 907 4846 nolens
941 4806 1062 4847 cam
1106 4792 1398 4859 infamare,
1431 4795 1527 4851 sed
1559 4813 1581 4846 ι
1617 4794 1937 4861 diﬂ‘amare;
1976 4814 1995 4846 ι
2048 4862 2051 4867 η

425 4894 660 4951 quorum
693 4883 1085 4940 vocabulorum
1138 4888 1308 4943 multa
1340 4897 1425 4945 est
1472 4888 1800 4945 differentia.
1841 4885 2000 4942 Sicut

423 4975 572 5027 enim
605 4988 713 5029 non
762 4974 906 5029 idem
949 4977 1222 5048 signiﬁcat
1255 4980 1498 5037 scribere
1541 4990 1597 5037 et
1629 4981 1997 5052 proscribere,

426 5071 623 5134 putare
645 5074 703 5121 et
733 5065 1027 5137 imputare,
1056 5085 1251 5141 rogare
1284 5078 1339 5128 et
1365 5073 1665 5145 abrogare;
1695 5073 1777 5129 sic
1818 5086 1998 5143 neque

426 5151 714 5211 diﬂ'amare
740 5163 797 5212 et
826 5156 1094 5214 infamare
1127 5178 1142 5214 :
1175 5175 1410 5232 namque
1456 5163 1728 5217 infamare
1768 5161 1902 5217 facit
1941 5169 2001 5217 ut

427 5244 735 5315 cogitemus
764 5245 834 5302 de
860 5248 1077 5317 publica
1108 5249 1351 5310 hominis
1370 5253 1600 5309 maleﬁci
1631 5253 2001 5325 patefactionc

2108 4793 2313 4866 γράψαι
2340 4792 2435 4845 καὶ
2460 4790 2843 4862 παραγράψαι,
2872 4789 3047 4843 καὶτὸ
3082 4785 3403 4856 λογίσασθαι
3448 4788 3548 4840 καὶ
3585 4803 3689 4839 πα-

2111 4886 2520 4958 ραλογίσασθαι,
2558 4884 2655 4939 καὶ
2683 4883 2919 4954 ψηφίσαι
2952 4883 3047 4936 καὶ
3076 4880 3482 4952 παραψηφίσαι·
3523 4881 3689 4945 οὕτως

2106 4977 2225 5031 οὐδὲ
2244 4977 2305 5030 τὸ
2336 4975 2679 5047 δειγματίσαι
2703 4975 2797 5028 καὶ
2824 4973 3341 5045 παραδειγματίσαι·
3369 4971 3433 5024 τὸ
3464 4971 3564 5042 μὲν
3587 4973 3691 5044 γὰρ

2107 5069 2627 5142 παραδειγματίσαι,
2656 5067 2754 5139 τὴν
2774 5068 2866 5120 ἐπὶ
2882 5066 3072 5130 κακῶς
3094 5065 3364 5136 πράξαντι
3386 5067 3471 5130 εἰς
3486 5066 3689 5128 πάντας

2105 5161 2409 5232 φανέρωσίν
2466 5177 2528 5213 τε
2565 5160 2659 5214 καὶ
2704 5158 2959 5229 διαϐολὴν
3003 5157 3297 5211 ὑποϐάλλει
3328 5159 3495 5211 νοεῖν·
3529 5159 3591 5212 τὸ
3633 5157 3687 5211 δὲ

2100 5253 2462 5324 δειγματίσαι,
2498 5253 2559 5307 τὸ
2590 5251 2824 5323 φανερὸν
2846 5248 3034 5313 ἁπλῶς
3060 5250 3304 5320 ποιῆσαι.

429 5348 498 5390 ac
547 5336 857 5406 delatione;
907 5339 1190 5398 diﬂ'amare
1238 5351 1419 5401 autem
1462 5345 1827 5415 patefaciendi
1876 5346 2259 5401 tantummodo
2287 5347 2585 5400 notionem
2618 5343 2806 5398 habet.

500 5427 520 5460 ί
560 5427 719 5485 Deut.
755 5447 908 5499 xm,
940 5432 1032 5490 25.

646 5522 765 5591 Τὴν
809 5525 1124 5601 θεέοζέραν,
1159 5526 1272 5596 τῆς
1316 5528 1645 5601 Παρθένου.
1691 5527 2006 5601 Legendum

425 5594 642 5661 videtur
692 5607 837 5657 esse,
873 5594 1065 5651 leviter
1111 5594 1411 5652 immutato'
1446 5599 1737 5661 verborum
1775 5594 2001 5661 ordine,

426 5658 671 5738 θειεέρςγ
690 5661 787 5738 τὴν
825 5664 933 5738 τῆλς-
955 5666 1253 5738 Παρθένου.
1282 5669 1449 5738 Eutr.

501 5729 587 5797 (5y
620 5730 697 5785 En
738 5729 1008 5790 Eusebius
1039 5729 1246 5793 diserte
1278 5729 1510 5792 afﬁrmat
1550 5737 1840 5792 lectionem
1886 5736 1995 5789 δει-

432 5802 722 5869 γματίσαι,
748 5818 910 5872 quam
940 5804 1103 5860 habet
1131 5810 1293 5860 etiam
1316 5808 1731 5877 antiquissimus
1754 5809 1997 5862 omnium

2117 5525 2290 5596 codex
2338 5525 2573 5580 biblicus
2623 5525 2943 5596 Vaticanus,
3001 5541 3103 5580 nec
3149 5541 3259 5580 non
3294 5525 3676 5596 palimpsestus

2112 5595 2480 5652 Dubliuensis.
2510 5597 2669 5665 Apud
2698 5595 3047 5652 Sabaterium
3067 5595 3378 5651 consonant
3396 5597 3522 5652 cod.
3540 5595 3676 5649 Cau-

2106 5667 2305 5739 tabrig.
2346 5668 2664 5739 prwpalare.
2702 5665 2764 5723 S.
2801 5667 3167 5739 Augustinus,
3200 5666 3497 5733 divulgare,
3532 5665 3673 5737 Vigi-

2107 5738 2210 5795 lius
2246 5736 2407 5807 Taps.
2419 5777 2433 5804 ,
2467 5737 2721 5808 detegere.
