3846 6220
252 321 362 380 885

812 325 1271 393 QUAESTIONES
1307 329 1766 386 EVANGELICA‘J

1935 330 2374 388 STEPHANUM.
2414 360 2484 373 --
2520 331 2847 400 ρωΕεΤιο
2884 332 2925 388 Ι.

3382 334 3486 391 886

321 435 388 487 δ’.
436 434 652 505 Ἐπειδὴ
673 434 728 487 δὲ
761 436 950 490 τούτου
981 439 1293 511 γενομένου,
1329 442 1379 494 εί
1399 441 1495 495 καὶ
1526 442 1700 512 λάθρα
1728 443 1792 495 αὖ

1898 498 1899 503 η
1996 442 2052 498 4.
2097 441 2203 498 Sed
2237 443 2366 513 quia
2395 450 2572 501 tamen
2625 443 2741 500 ﬁeri
2788 461 2900 500 non
2940 451 3155 515 poterat
3183 453 3242 501 ut
3281 450 3486 508 multos

249 525 351 597 τὴν
374 525 713 591 ἀπολελύκει,
747 529 926 598 μεῖζον
958 525 1024 601 ἦν
1048 531 1110 584 τὸ
1138 533 1389 602 πρᾶγμα,
1418 534 1451 603 ἦ
1475 535 1613 587 κατὰ
1637 533 1699 586 rb
1724 533 1821 588 λα-

249 617 366 669 θεῖν
388 618 515 679 τοὺς
548 615 792 684 πολλοὺς,
824 619 1049 683 εἰκότως
1085 621 1313 684 ἐπιστὰς
1352 622 1482 694 ὄναρ
1526 626 1555 677 6
1591 624 1820 694 ἄγγελος

245 706 352 778 ἔφη
374 709 451 779 τῷ
483 710 700 779 Ἰωσήφ·
732 729 751 761 ι
794 712 987 783 Ἰωσὴφ
1033 715 1230 784 Ἰωσὴφ
1258 715 1373 779 υἱὸς
1397 715 1581 780 Δαϐὶδ,
1620 717 1694 789 μὴ
1725 736 1792 788 φο

1923 723 2015 771 tus
2041 717 2116 770 ait
2152 735 2165 771 :
2220 734 2239 767 ι
2279 715 2481 786 Ioseph
2517 716 2719 787 Ioseph
2768 716 2842 771 ﬁli
2891 716 3133 782 Davidis,
3180 732 3196 746 ·

244 795 423 867 σηθῇς
450 799 782 868 παραλαϐεῖν
810 802 1042 873 Μαριὰμ
1074 802 1170 874 τὴν
1203 804 1439 871 γυναῖκά
1462 822 1554 858 σου
1579 822 1592 836 ο
1616 806 1678 860 τὸ
1709 807 1817 880 γὰρ

242 886 306 937 ἐν
334 888 470 958 αὐτῇ
509 886 765 958 γεννηθὲν
792 890 856 941 ὲκ
886 890 1201 961 Πνεύματός
1244 895 1391 946 ἐστιν
1429 894 1603 963 ἁγίου.
1645 915 1663 947 ι
1706 897 1817 950 Καὶ

243 972 347 1025 θέα
381 992 445 1042 γε
472 977 549 1039 ὡς
583 978 797 1048 πρῶτον
822 978 936 1033 υἱὸν
976 981 1140 1035 Δαϐὶδ
1170 982 1448 1046 ἀνακαλεῖ,
1476 985 1817 1054 ἀναπέμπων

240 1065 339 1116 ἐπὶ
360 1065 452 1119 τὸν
483 1069 823 1141 προπάτορα,
849 1069 935 1124 διὰ
965 1071 1056 1124 τὸν
1085 1073 1153 1126 ὲκ
1171 1074 1484 1145 σπέρματος
1514 1076 1679 1130 Δαϐὶδ
1703 1080 1815 1142 τοῖς

237 1158 378 1210 πᾶσι
408 1158 871 1230 προσδοκώμενον·
897 1162 1019 1215 ἐπεὶ
1034 1163 1122 1216 διὰ
1154 1163 1206 1216 τί
1242 1165 1316 1235 μὴ
1348 1165 1462 1218 υἱὸν
1492 1166 1650 1220 αὑτὸν
1678 1166 1812 1240 ἔφη·

235 1263 337 1298 σεν
371 1247 591 1314 Ἱακώϐ;
621 1244 774 1314 οὗτος
799 1247 995 1323 γὰρῆν
1018 1252 1181 1306 αὑτοῦ
1221 1253 1363 1307 κατὰ
1400 1254 1575 1327 σάρκα
1606 1258 1811 1330 πατὴρ,

231 1336 318 1400 ὡς
352 1342 618 1410 μαρτυρεί
648 1341 677 1392 6
707 1341 1117 1414 εὐαγγελιστής·
1158 1362 1177 1395 t
1207 1345 1433 1399 Ματθὰν
1457 1347 1514 1400 δὲ
1558 1348 1809 1421 ἐγέννησε

228 1427 330 1480 τὴν
375 1428 569 1482 Ἰακώϐ
590 1447 605 1460 ·
651 1431 842 1484 Ἰακὼϐ
862 1433 917 1486 δὲ
941 1434 1194 1506 ἐγέννησε
1223 1436 1312 1488 τὸν
1352 1437 1566 1507 Ἰωσήφ·
1596 1458 1614 1489 ι
1639 1439 1735 1492 νῦν
1751 1441 1810 1493 δὲ

228 1520 435 1590 παρεὶς
466 1520 561 1574 τοῦ
596 1522 801 1593 πατρὸς
849 1524 946 1596 τὴν
1001 1528 1221 1597 μνήμην
1253 1568 1268 1592 ,
1317 1527 1410 1580 τοῦ
1467 1530 1809 1603 προπάτορος

226 1609 660 1683 ὑπομιμνήσκει·
696 1614 975 1684 μονονουχὶ
1016 1616 1292 1687 σημαίνων
1324 1619 1401 1682 ὠς
1437 1618 1544 1691 ἄρα
1575 1623 1602 1673 6
1633 1622 1806 1692 ἐπηγ-

222 1700 494 1772 γελμένος
519 1702 594 1773 τῷ
622 1704 804 1769 Δαϐὶδ,
828 1700 980 1769 οὗτος
992 1702 1061 1775 ἦν
1091 1710 1119 1760 6
1146 1709 1461 1780 παραδόξως
1480 1712 1509 1763 6
1533 1711 1608 1783 μὴ
1626 1711 1685 1777 ἐξ
1709 1713 1806 1766 αύ-

1924 548 1988 587 ea
2017 548 2106 588 res
2127 533 2342 600 lateret,
2374 535 2591 590 etiamsi
2617 534 2844 589 Mariam
2867 533 3138 606 Iosephus
3167 536 3310 592 clam
3335 538 3486 596 dese-

1921 625 2144 691 ruisset,
2176 627 2462 682 commode
2489 628 2717 697 angelus
2741 642 2839 698 per
2881 628 3156 683 somnium
3183 628 3312 686 huic
3333 632 3485 687 obla-

3288 719 3484 778 timeas

1919 809 2172 878 accipere
2204 807 2427 862 Mariam
2447 809 2729 879 conjugem
2762 816 2910 863 tuam
2938 828 2950 864 :
2977 811 3120 881 quod
3147 810 3291 866 enim
3329 811 3386 866 in
3416 828 3480 869 ea

1915 908 2105 955 natum
2129 908 2234 963 est,
2262 900 2332 956 de
2355 900 2562 973 Spiritu
2586 913 2776 958 sancto
2804 910 2889 958 est
2913 905 2955 955 ².
2990 923 3009 954 ι
3036 902 3103 956 Ει
3127 903 3420 959 νὶόθείεσιιι
3448 920 3479 958 a

1919 991 2195 1061 principio
2211 992 2381 1048 ﬁlium
2413 992 2633 1050 Davidis
2656 994 2804 1049 hunc
2830 994 3085 1064 appellat,
3110 995 3320 1050 scilicet
3333 1010 3480 1050 eum-

1915 1081 2039 1133 dem
2068 1096 2335 1137 revocans
2375 1082 2441 1137 ad
2482 1082 2885 1153 progenitorem
2918 1098 3020 1152 ope
3067 1083 3216 1138 illius
3256 1098 3414 1153 quem
3446 1099 3477 1137 a

1914 1170 2139 1227 Davidis
2192 1189 2397 1243 genere
2437 1190 2629 1230 omnes
2675 1173 3087 1244 exspectabant.
3124 1174 3339 1245 Alioqui
3376 1192 3479 1230 cur

1914 1279 2021 1318 non
2063 1280 2189 1319 eum
2219 1263 2409 1320 Jacobi
2442 1265 2609 1319 ﬁlium
2643 1266 2909 1321 dixisset?
2956 1266 3057 1323 Hic
3093 1267 3239 1321 enim
3267 1275 3385 1322 erat
3410 1267 3478 1322 ilo

1913 1356 2023 1413 lius
2069 1364 2265 1411 natura
2319 1357 2601 1426 proximus
2648 1366 2823 1428 pater,
2880 1367 3018 1413 teste
3070 1359 3403 1429 evangelista
3455 1379 3470 1415 :

1917 1466 1938 1499 ι
1979 1446 2292 1503 Matthanus
2324 1457 2507 1502 autem
2556 1449 2744 1519 genuit
2773 1447 3037 1504 Iacobum
3059 1469 3084 1517 ;,
3104 1449 3341 1507 Iacobus
3372 1468 3473 1510 au-

1909 1545 2017 1592 tem
2064 1539 2250 1607 genuit
2292 1536 2609 1608 Iosephum.
2649 1558 2669 1591 ›
2722 1538 2878 1605 Nunc
2918 1556 3071 1606 vero,
3101 1543 3472 1612 praetermissa

1909 1630 2084 1701 patris
2114 1631 2410 1696 mentione,
2439 1631 2838 1702 progenitorem
2878 1640 3298 1702 commemorat;
3338 1651 3470 1705 pro-

1907 1722 2198 1793 pemodum
2227 1724 2561 1795 signiﬁcans,
2592 1724 2685 1792 qui
2710 1722 2899 1778 Davidi
2933 1726 3237 1794 promissus
3264 1725 3467 1792 fuerat,

221 1793 347 1860 τοῦ,
381 1794 447 1846 ὲκ
470 1794 785 1864 Πνεύματος
809 1796 865 1850 δὲ
886 1799 1042 1865 ἁγίου
1077 1799 1182 1852 ὑπὸ
1200 1800 1300 1870 τῆς
1326 1801 1546 1871 Μαρίας
1575 1802 1792 1875 κυούμε·

1909 1816 2056 1872 hunc
2096 1832 2219 1873 esse
2264 1793 2426 1887 quem
2473 1816 2785 1888 prodigiose
2830 1827 2885 1871 et
2934 1793 3056 1872 sine
3088 1819 3200 1873 ullo
3243 1820 3469 1891 Iosephi

219 1901 340 1948 νος·
375 1886 566 1940 ἔπειτα
591 1888 647 1941 δὲ
663 1888 811 1959 αὐτῷ
838 1889 1057 1961 θαρσεῖν
1089 1892 1529 1963 παρακελεύεται
1552 1895 1619 1949 δι’
1647 1897 1704 1951 ὃν
1729 1894 1792 1951 εῖ-

1906 1907 2102 1975 οίῐίοἰο,
2153 1910 2249 1966 sed
2281 1886 2349 1964 de
2395 1907 2601 1978 Spiritu
2642 1886 2844 1965 saneto
2899 1908 3069 1965 Maria
3120 1886 3467 1983 conceperat.

222 1994 326 2048 χεν
342 1978 524 2045 φόϐον·
559 1980 657 2050 οὐχ
684 1981 712 2032 ὁ
743 1979 923 2051 τυχὼν
952 1981 1062 2053 γὰρ
1085 1982 1246 2051 φόϐος
1266 1979 1333 2054 ἦν
1355 1983 1503 2057 αύτῷ
1521 1989 1792 2044 συναισθο-

1904 1999 2113 2055 Deinde
2153 2015 2278 2056 eum
2309 2000 2465 2071 jubet
2515 2000 2789 2065 timorem,
2843 2016 2954 2071 quo
2995 1978 3461 2072 correptus—erat,

222 2066 378 2138 μένῳ
414 2069 487 2139 μὴ
517 2069 574 2136 ἐξ
602 2070 791 2142 ἀνδρὸς
820 2072 1144 2143 κεκυηκέναι
1175 2072 1273 2145 τὴν
1298 2076 1536 2149 Μαρίαν·
1567 2078 1792 2134 κᾶπειτα

1902 2090 2196 2147 dimittere.
2229 2090 2349 2145 Non
2377 2091 2522 2146 enim
2553 2091 2611 2145 in
2641 2090 2904 2146 mediocri
2934 2091 3254 2146 versabatur
3275 2090 3464 2147 formi-

219 2158 392 2211 αῦτδν
420 2159 658 2214 διδάσκει
700 2163 798 2232 οὐχ
828 2163 857 2215 ὃ
886 2163 961 2236 μὴ
1002 2165 1205 2235 ἠγνόει,
1248 2167 1384 2221 ἀλλὰ
1418 2168 1512 2221 τοῦ
1541 2171 1636 2223 καὶ
1667 2173 1792 2243 πρό-

1901 2182 2050 2244 dine,
2105 2183 2235 2236 dum
2285 2191 2565 2252 reputaret
2592 2182 2737 2236 haud
2767 2197 2833 2236 ex
2862 2182 2982 2237 viro
3021 2180 3299 2252 gravidam
3339 2197 3464 2239 esse

215 2265 381 2320 τερον
413 2254 851 2324 γιγνωσκομένου
887 2256 985 2326 τὴν
1017 2257 1216 2312 αἰτίαν·
1253 2258 1400 2328 λέγει
1440 2259 1487 2312 δ’
1516 2257 1631 2315 οὖν·
1671 2281 1689 2314 ι
1727 2263 1792 2317 Τδ

1900 2270 2151 2327 Mariam.
2174 2271 2311 2326 Exin
2333 2270 2582 2327 eumdem
2605 2272 2766 2327 docet
2787 2286 2898 2326 non
2928 2271 3070 2341 quod
3103 2286 3214 2326 non
3245 2272 3465 2342 ignora-

215 2341 332 2411 γὰρ
363 2346 421 2396 ὲν
450 2346 584 2418 αὐτῇ
616 2348 890 2421 γεννηθὲν,
923 2351 986 2404 ὲκ
1019 2352 1333 2424 Πνεύματός
1353 2357 1498 2410 ἐστιν
1527 2357 1700 2424 ἁγίου.
1737 2376 1763 2409 >

1899 2362 2013 2427 bat,
2037 2362 2133 2418 sed
2161 2362 2475 2432 prmeogniti
2507 2377 2752 2418 causam.
2784 2362 2875 2416 Ait
2919 2363 3085 2434 igitur
3113 2382 3125 2418 :
3166 2381 3185 2415 t
3220 2341 3379 2431 Quod
3403 2366 3462 2422 in

1896 2469 1960 2508 ea
1980 2460 2168 2507 natum
2197 2463 2300 2519 est,
2329 2454 2396 2508 de
2420 2452 2626 2524 Spiritu
2651 2463 2839 2508 sancto
2860 2462 2963 2510 est.
2996 2473 3016 2506 ι

288 2563 352 2617 ε’.
401 2563 632 2639 Τοιαύτη
678 2586 762 2633 τις
802 2571 897 2625 καὶ
937 2572 1172 2646 τοσαύτη
1212 2576 1463 2644 γενέσθαι
1516 2579 1803 2650 οἰκονομία,

206 2656 359 2728 ὑπὲρ
387 2657 481 2710 τοῦ
518 2658 698 2714 λαθεῖν
725 2662 823 2733 τὴν
850 2666 949 2735 τῆς
983 2664 1249 2737 παρθένου
1283 2668 1475 2738 κύησιν
1506 2671 1631 2733 τοὺς
1663 2670 1790 2724 ἀπί-

214 2763 397 2813 στους,
423 2751 489 2804 ἐκ
511 2751 611 2822 τῆς
627 2751 775 2817 θείας
792 2755 1148 2825 ὑποφαίνεταί
1181 2777 1270 2829 μοι
1298 2760 1338 2812 Γ
1341 2761 1535 2831 parii;
1566 2762 1661 2815 καὶ.
1684 2762 1790 2835 γὰρ

1967 2564 2019 2619 5.
2061 2564 2192 2620 Tale
2231 2564 2364 2620 mihi
2413 2573 2734 2637 tantumque
2762 2567 3022 2635 agitatum
3065 2566 3358 2621 consilium
3387 2581 3463 2621 ex

1894 2655 2094 2712 divinis
2117 2657 2313 2711 litteris
2340 2664 2581 2726 apparet,
2603 2667 2824 2728 propter
2870 2659 3257 2713 occultandam
3283 2659 3466 2715 incre-

1892 2749 2038 2805 dulis
2066 2757 2389 2820 conceptum
2414 2749 2661 2820 virginis.
2698 2749 2886 2820 Neque
2916 2752 3062 2805 enim
3087 2751 3246 2808 facile
3275 2752 3464 2807 credis

210 2835 317 2889 οὐκ
358 2836 424 2890 ἂν
472 2838 761 2913 ἐπιστεύθη
796 2844 994 2915 ῥᾳδίως
1019 2850 1047 2901 6
1074 2847 1230 2917 λόγος
1277 2850 1429 2921 παρὰ
1473 2853 1586 2914 τοῖς
1632 2851 1790 2904 τοῦτο

1898 2840 2002 2894 turi
2045 2847 2225 2904 erant,
2279 2840 2373 2910 qui
2427 2855 2731 2895 sermonem
2776 2840 3048 2910 ejusmodi
3105 2842 3357 2897 audirent
3386 2842 3471 2898 de.

212 2927 528 2996 ἀκούουσιν,
560 2931 727 3006 ἄνδρα
763 2953 825 2989 τε
852 2938 1012 2993 αὐτὸν
1036 2941 1164 3010 ἡμῖν
1182 2939 1486 3011 ὁμοιοπαθῆ
1514 2941 1575 2994 rb
1607 2940 1785 3013 σῶμα,

1898 2931 2110 2988 homine
2132 2932 2269 2986 mira
2292 2939 2626 2997 narrantem,
2657 2946 2816 3002 quem
2846 2948 2999 3004 aeque
3027 2948 3092 2989 ac
3114 2950 3217 2990 nos
3240 2934 3455 2990 inﬁrmo

210 3021 310 3074 καὶ
329 3022 450 3076 κατ’
477 3024 628 3078 οὐδὲν
661 3026 760 3097 τὴν
793 3026 990 3100 θνητὴν
1009 3030 1167 3098 φύσιν
1188 3031 1631 3103 παραλλάττοντα
1650 3032 1786 3086 θεω-

1898 3039 2118 3095 corpore
2157 3030 2461 3093 naturaque
2488 3024 2633 3078 haud
2663 3023 2918 3079 dissimili
2959 3024 3249 3096 praeditum
3298 3025 3454 3082 vide-

212 3111 429 3179 μένοις·
466 3114 520 3166 τί
555 3114 663 3188 γάρ
712 3118 761 3169 εἰ
817 3119 910 3171 καὶ
945 3119 1084 3190 μετὰ
1126 3120 1298 3174 ταῦτα
1347 3122 1785 3193 παραδοξοποιῶν

1898 3127 2029 3171 rent.
2060 3116 2244 3182 Quid?
2267 3117 2479 3172 etiamsi
2501 3116 2758 3187 deinceps
2782 3113 2942 3172 Iesus
2968 3117 3230 3172 miracula
3258 3118 3448 3182 edens,

210 3205 309 3257 καὶ
340 3206 439 3271 τὰς
461 3207 678 3269 ἐνθέους
704 3211 1024 3282 εὐεργεσίας
1043 3214 1123 3277 εἰς
1151 3214 1378 3279 πολλοὺς
1402 3217 1656 3271 ἐκτείνων
1698 3216 1787 3283 ἐξ-

1898 3206 2241 3279 divinamque
2266 3209 2376 3264 vim
2406 3207 2705 3264 beneﬁcam
2734 3222 2862 3280 erga
2893 3209 3094 3265 multos
3123 3224 3450 3279 expromens

208 3296 443 3370 έπληττε
475 3301 602 3364 τοὺς
641 3301 915 3374 ὁρῶντας;
958 3304 1078 3375 οὐχὶ
1117 3304 1174 3358 δὲ
1206 3307 1300 3360 καὶ
1331 3309 1568 3380 Μωῦσῆς
1613 3312 1784 3370 πολλὰ

1898 3302 2118 3371 perculit
2145 3300 2486 3356 cernentium
2538 3301 2780 3368 animos;
2814 3317 3013 3357 nonne
3059 3301 3294 3373 Moyses,
3349 3304 3448 3373 qui

207 3388 725 3464 θαυματουργήσας,
740 3394 840 3465 τῆς
860 3395 1045 3466 κοινῆς
1068 3397 1216 3468 ὅμως
1232 3399 1494 3465 γενέσεως
1516 3403 1615 3456 ούκ
1630 3405 1787 3475 ήμοί-

1898 3397 2056 3450 multa
2089 3395 2225 3449 mira
2258 3392 2407 3459 fecit,
2439 3400 2620 3448 tamen
2654 3393 2960 3448 communis
2992 3394 3293 3450 nativitatis
3324 3410 3449 3465 par-

208 3497 324 3552 ρει;
362 3481 543 3547 Ἠλίας
575 3502 655 3552 τε,
676 3487 771 3540 καὶ
798 3488 1118 3552 Ἐλισσαῖος,
1137 3490 1229 3542 καὶ
1258 3492 1287 3543 ὁ
1317 3491 1504 3556 καθεῖς
1527 3493 1633 3547 τῶν
1652 3514 1785 3568 προ-

1898 3488 2066 3557 Liceps
2107 3485 2256 3540 fuit?
2309 3487 2550 3555 itemque
2594 3482 2743 3538 Elias
2782 3492 2945 3555 atque
2987 3484 3235 3551 Elismns,
3288 3494 3451 3556 atque

204 3571 424 3642 φητῶνς
458 3576 608 3631 οὐδὲν
640 3573 734 3631 οὖν
766 3578 903 3649 πρὸς
931 3579 993 3632 τὸ
1028 3580 1102 3651 μὴ
1136 3580 1222 3646 ea
1253 3582 1443 3653 ἀνδρὸς
1470 3586 1784 3656 νομίζεσθαι

1898 3579 2159 3650 prophetae
2181 3577 2419 3649 singuli?
2439 3575 2581 3630 Nihil
2605 3576 2774 3646 igitur
2797 3576 3052 3646 proderat
3074 3576 3447 3648 prodigiorum

202 3664 296 3718 τὸν
339 3665 545 3736 Ἰησοῦν
584 3671 617 3741 ή
648 3670 756 3723 τῶν
795 3672 1094 3742 τεραστίων
1128 3672 1309 3743 ἔργων
1342 3676 1597 3742 ἐπίδειξις
1633 3680 1781 3752 αὐτῷ

1898 3670 2073 3735 editio,
2122 3668 2418 3739 quominus
2461 3665 2621 3722 Iesus
2672 3667 2988 3722 crederetur
3040 3668 3160 3722 viro
3208 3668 3444 3738 genitus.

206 3757 575 3813 συνεϐάλλετο·
612 3762 808 3815 αὐτίκα
844 3765 894 3816 οἱ
928 3766 1047 3820 κατ’
1078 3764 1239 3818 αὑτὸν
1270 3766 1378 3818 οὐδ’
1415 3767 1543 3822 ἄλλο
1570 3787 1623 3822 τι
1653 3772 1781 3842 περὶ

1898 3762 2096 3832 Reapse
2139 3761 2392 3817 homines
2442 3760 2589 3816 illius
2622 3759 2823 3825 aetatis,
2874 3759 3009 3814 nihil
3044 3759 3324 3815 insolitum
3379 3761 3456 3818 de

202 3847 307 3918 τῆς
350 3849 615 3917 γενέσεως
646 3853 808 3907 αὐτοῦ
859 3852 1272 3926 φανταζόμενοι,
1305 3857 1505 3930 καίπερ
1536 3858 1605 3913 τὰ
1642 3860 1779 3932 δρώ-

1898 3854 2165 3909 iativitate
2212 3852 2334 3922 ejus
2392 3851 2783 3920 suspicantes,
2831 3863 3141 3921 quanquam
3195 3849 3444 3920 ejusdem

208 3954 346 4008 μενα
367 3939 458 3991 ὑπ’
476 3941 637 3995 αὑτοῦ
662 3943 913 4013 ὁρῶντες,
949 3944 1133 4015 ἔλεγον
1160 3947 1295 4017 πρὸς
1320 3946 1597 4017 ἀλλήλους·
1637 3968 1654 3999 ι
1674 3950 1778 4003 Πό-

1898 3946 2023 3999 'acta
2046 3943 2407 4015 aspiciebant,
2434 3943 2511 3996 ita
2532 3942 2987 4013 colloquebantnr
3024 3960 3038 3996 :
3075 3961 3093 3994 ι
3128 3941 3283 3998 Unde
3315 3943 3457 4001 huiu-

204 4028 297 4081 θεν
326 4030 497 4101 τούτῳ
529 4035 679 4085 πᾶσα
708 4034 741 4103 ή
776 4033 936 4103 σοφία
963 4033 1101 4106 αὕτη
1132 4037 1226 4089 καὶ
1271 4038 1325 4089 αἱ
1352 4036 1638 4107 δυνάμεις;
1677 4039 1776 4109 οὐχ

1898 4039 2057 4094 minis
2087 4036 2356 4107 sapientia
2384 4035 2499 4090 haec
2529 4041 2585 4088 et
2611 4033 2882 4089 virtutes?
2917 4049 3098 4089 nonne
3130 4034 3219 4088 hic
3249 4041 3333 4090 est
3364 4033 3446 4088 fat-

199 4111 356 4184 οὗτός
375 4122 519 4177 ἐστιν
540 4124 568 4175 ὁ
589 4122 684 4175 τοῦ
723 4124 970 4188 τέκτονος
997 4127 1139 4193 υἱός;
1178 4128 1298 4198 οὐχὶ
1330 4129 1363 4199 ἡ
1400 4128 1581 4199 μήτηρ
1612 4129 1774 4182 αὐτοῦ

1898 4130 1961 4185 πὶ
1992 4128 2175 4185 ﬁlius?
2198 4141 2383 4181 nonne
2406 4134 2583 4180 mater
2623 4126 2745 4196 ejus
2776 4125 2980 4180 dicitur
3016 4124 3221 4192 Maria;
3252 4132 3307 4181 et
3332 4125 3462 4179 fra-.

199 4209 416 4281 λέγεται
458 4214 679 4284 Μαρία;
707 4216 798 4269 καὶ
828 4217 878 4269 οἱ
915 4216 1132 4287 ἀδελφοὶ
1163 4216 1351 4282 αὐτοῦ,
1387 4217 1641 4283 Ἰάκωϐος
1678 4220 1772 4273 καὶ

1901 4234 1988 4275 res
2020 4218 2140 4288 ejus
2165 4216 2403 4272 Iacobus
2447 4224 2502 4272 et
2534 4215 2805 4287 Iosephus
2830 4221 2885 4270 et
2916 4211 3188 4269 Simonet
3227 4212 3399 4268 Iudas
3421 4215 3466 4268 ’ἐν

210 4303 405 4375 Ἰωσὴφ
422 4307 515 4359 καὶ
539 4305 722 4376 Σίμων
748 4308 839 4361 καὶ
871 4308 1103 4375 Ἰούδας;
1138 4311 1231 4363 καὶ
1260 4310 1316 4362 αἱ
1350 4309 1574 4379 ἀδελφαὶ
1605 4310 1771 4365 αὐτοῦ

1898 4318 2113 4381 temque
2143 4324 2362 4365 sorores
2386 4309 2506 4379 ejus
2533 4324 2713 4364 nonne
2727 4322 2919 4364 omnes
2941 4305 3085 4377 apud
3107 4322 3209 4363 nos
3227 4307 3390 4362 sunt?
3417 4326 3436 4360 ι
3462 4350 3468 4357 .

194 4397 319 4465 οὐχὶ
346 4397 515 4449 πᾶσαι
543 4398 677 4468 πρὸς
707 4400 853 4469 ἡμᾶς
887 4402 992 4453 εἰσι
1017 4418 1032 4468 ;
1070 4420 1089 4452 ι
1129 4400 1239 4454 Καὶ
1269 4399 1454 4454 ἄλλοτε
1481 4402 1642 4457 πάλιν
1668 4402 1771 4473 τῆς

1898 4410 2090 4459 tursus
2120 4403 2257 4458 alias
2281 4410 2457 4457 matre
2485 4402 2606 4472 ejus
2637 4400 3009 4470 fratribusque
3031 4407 3189 4455 extra
3219 4399 3442 4455 concio—

201 4488 407 4559 μητρὸς
422 4489 516 4541 καὶ
538 4489 646 4542 τῶν
669 4490 911 4558 ἀδελφῶν
939 4491 1189 4547 ἑστώτων
1222 4491 1325 4558 ἔξω
1357 4494 1448 4545 καὶ
1464 4494 1769 4566 ζητούντων

1898 4510 1996 4549 tem
2027 4494 2322 4558 stantibus,
2376 4508 2501 4547 cum
2553 4507 2727 4562 eoque
2768 4491 2919 4561 loqui
2969 4490 3303 4557 volentibus,
3364 4490 3467 4551 ait.

194 4580 422 4652 λαλῆσαι
442 4581 609 4653 αὐτῷ,
645 4579 764 4635 εἶπέ
800 4601 882 4648 τις
907 4583 1056 4655 αὐτῷ
1097 4600 1111 4614 ·
1164 4603 1183 4636 t
1227 4587 1355 4642 Ἰδοὺ
1392 4589 1423 4661 ή
1454 4589 1637 4659 μήτηρ
1675 4606 1772 4643 σου

1898 4584 2094 4657 ιιιὶὰιιω
2129 4603 2144 4639 :
2191 4602 2211 4635 ι
2249 4584 2329 4638 En
2358 4598 2557 4655 parens
2598 4589 2692 4637 tua
2721 4581 3030 4653 fratresque
3057 4583 3136 4637 tui
3175 4581 3310 4637 foris
3344 4582 3441 4637 ad-

197 4670 294 4726 καὶ
315 4672 366 4725 οἱ
395 4672 611 4742 ἀδελφοί
644 4691 736 4728 σου
763 4677 1056 4748 ἑστήκασιν
1089 4677 1213 4745 ἔξω,
1236 4679 1362 4733 ίδεῖν
1386 4698 1445 4733 σε
1466 4680 1762 4745 θέλοντες.»

1898 4686 2024 4746 .unt,
2050 4685 2215 4748 teque
2247 4678 2426 4733 visere
2480 4676 2713 4747 cupiunt
2728 4676 2770 4729 ³.
2803 4695 2823 4727 ι
2856 4673 2968 4729 Nec
2995 4674 3235 4741 mirum;
3272 4674 3463 4746 εἰίιυὶε,

196 4763 310 4816 Καὶ
328 4763 380 4817 τί
416 4763 722 4835 θαυμαστὸν
749 4768 838 4820 ὅτε
871 4770 969 4823 καὶ⁸
987 4771 1034 4822 οἱ
1056 4769 1221 4822 αὑτοῦ
1257 4771 1494 4842 μαθηταὶ
1509 4774 1602 4826 καὶ
1633 4773 1768 4825 ἀπό-

1898 4770 1995 4825 lem
2043 4771 2208 4825 etiam
2261 4767 2517 4839 discipuli
2572 4776 2738 4838 atque
2786 4768 3019 4839 apostoli
3070 4767 3247 4839 rogati
3275 4767 3344 4822 ab
3371 4782 3438 4823 eo

198 4857 375 4910 στολοι
406 4859 788 4930 ἐρωτηθέντες,
817 4881 835 4913 ι
864 4862 995 4915 Τίνα
1039 4881 1105 4933 με
1126 4904 1139 4927 ,
1176 4866 1367 4936 φησὶν,
1401 4868 1449 4919 οἱ
1494 4865 1767 4938 ἄνθρωποι

193 4947 438 5017 λέγουσιν
458 4966 473 5015 ;
499 4970 517 5001 ι
538 4951 920 5023 ἀπεκρίναντο,
939 4954 1015 5017 ὡς
1030 4954 1137 5026 ἄρα
1152 4958 1201 5009 οἰ
1222 4956 1319 5026 μὲν
1337 4957 1586 5028 Ἰωάννην
1604 4958 1765 5012 αὐτὸν

195 5035 334 5092 εἶναι
365 5039 642 5109 ἡγοῦνται,
673 5045 720 5096 οἱ
751 5043 807 5096 δὲ
851 5044 1058 5109 Ἠλίαν,
1091 5047 1141 5098 οἱ
1173 5048 1271 5118 μὲν
1307 5048 1597 5119 Ἰερεμίαν,
1631 5052 1680 5102 οἱ
1708 5051 1765 5104 δὲ

196 5131 382 5202 ἕτερόν
426 5150 551 5187 τινα
594 5134 703 5187 τῶν
769 5137 1080 5208 προφητῶν·
1151 5139 1493 5212 ἐρωτώμενοι
1540 5142 1596 5195 δὲ
1644 5143 1766 5198 τίνα

199 5222 325 5275 ποτὲ
351 5224 444 5277 καὶ
481 5225 634 5279 αὐτοὶ
673 5225 829 5291 δόξαν
863 5229 1209 5302 ἔχουσιτπερὶ
1243 5232 1430 5295 αὐτοῦ,
1471 5234 1521 5285 οἱ
1565 5233 1765 5298 πάντες

195 5311 606 5385 ἀπεσιώπησαν,
629 5314 705 5378 ὡς
728 5317 826 5370 οὐκ
851 5316 1062 5388 ἔχοντες
1075 5320 1267 5372 εἰπεῖν·
1290 5320 1450 5391 μόνου
1474 5321 1529 5374 δὲ
1555 5321 1761 5394 Πέτρου

195 5405 261 5472 φή
271 5420 479 5468 σαντος,
508 5405 583 5468 ὡς
604 5405 713 5478 ἄρα
733 5408 893 5473 αὐτὸς
909 5408 994 5478 εἴη
1013 5412 1042 5462 ὀ
1056 5411 1287 5482 Χριστὸς
1311 5412 1340 5464 ὁ
1370 5411 1497 5475 Υἱὸς
1513 5410 1606 5465 τοῦ
1622 5411 1756 5465 Θεοῦ

189 5492 282 5545 τοῦ
316 5491 534 5559 ζῶντος,
570 5497 666 5548 ἆτε
697 5497 841 5569 μόνῳ
882 5499 1028 5570 αὐτῷ
1058 5499 1215 5554 τοῦτο
1244 5499 1538 5569 γνωσθέντι
1570 5499 1761 5569 ἐπιφέ-

195 5602 273 5658 ρει
294 5584 498 5653 λέγων·
531 5606 549 5638 ι
573 5589 856 5659 Μακάριος
879 5586 956 5645 s7.
988 5591 1169 5646 Σίμων
1198 5590 1303 5663 βὰρ
1317 5592 1488 5656 Ἰωνᾶ,
1506 5593 1585 5645 ὅτι
1624 5590 1759 5663 σὰρξ

262 5743 281 5773 ²
321 5740 505 5799 Matth.
545 5762 579 5817 ι,
607 5747 701 5804 20.

1871 4876 2032 4934 quem
2075 4878 2135 4919 se
2181 4877 2304 4917 esse
2345 4861 2598 4916 homines
2648 4861 2918 4926 dicerent,
2963 4859 3369 4930 responderunt
3418 4878 3434 4915 :

1875 4978 1894 5009 ι
1935 4956 2073 5013 Aliis
2097 4970 2221 5010 eum
2247 4954 2420 5010 videri
2442 4952 2729 5017 Joannem,
2755 4951 3091 5016 aliisEliam,
3123 4950 3247 5006 aliis
3282 4948 3438 5007 Iere-

1870 5045 2059 5109 miam,
2090 5044 2212 5101 aliis
2247 5044 2415 5098 aiium
2446 5045 2515 5099 de
2541 5041 2825 5115 prophetis
2847 5043 2894 5095 ⁸.
2936 5059 2955 5093 ι
2987 5038 3314 5110 Rursusque
3342 5055 3445 5095 ro-.

1868 5131 1979 5201 gati
2010 5146 2174 5201 quem
2206 5139 2262 5185 et
2280 5130 2386 5201 ipsi
2416 5146 2477 5186 se
2504 5145 2629 5187 esse
2656 5136 2936 5200 putarent,
2959 5129 3431 5197 silebanteuncti,
3458 5188 3459 5191 η

1867 5222 2005 5278 nihil
2036 5222 2227 5279 dicere
2276 5223 2542 5278 habentes
2589 5240 2604 5276 :
2655 5237 2908 5297 unusque
2952 5219 3148 5275 Petrus
3179 5221 3276 5285 ait,
3306 5236 3462 5277 eum.

1865 5332 1990 5372 esse
2010 5316 2293 5372 Christum
2322 5314 2420 5371 Dei
2459 5314 2693 5371 viventis
2722 5312 2944 5369 Filium.
2970 5312 3183 5383 Quippe
3214 5313 3430 5369 ethuic

1866 5409 1985 5473 uni,
2024 5414 2281 5475 tanquam
2312 5407 2389 5461 rei
2410 5406 2658 5469 conscio,
2689 5403 2975 5475 respondit
3004 5402 3165 5460 Iesus
3199 5423 3212 5458 :
3246 5422 3265 5455 ι
3298 5404 3433 5458 Bea-

1865 5507 1955 5554 tus
1989 5514 2068 5563 es,
2100 5497 2287 5552 Simon
2314 5497 2603 5563 bar-Iona.
2634 5498 2930 5568 quiacaro
2970 5503 3025 5552 et
3054 5496 3300 5568 sanguis.
3318 5514 3447 5555 non:

1866 5590 2125 5646 revelavit
2154 5590 2273 5655 tibi,
2308 5588 2403 5644 sed
2424 5588 2588 5645 Pater
2616 5604 2770 5645 meus
2792 5589 2887 5660 qui
2916 5589 2971 5643 in
3001 5588 3156 5644 oculis
3193 5596 3278 5644 est
3311 5589 3353 5644 '.
3399 5608 3433 5642 ιτ

864 5744 884 5775 ⁸
923 5742 1109 5800 Matth.
1146 5760 1259 5812 xu,
1297 5744 1382 5802 47.
1460 5748 1480 5778 δ
1521 5744 1712 5802 Matth.
1751 5756 1871 5813 xvt,
1918 5748 1999 5802 l5.
2076 5749 2096 5778 ⁵
2141 5745 2327 5800 Matth.
2368 5706 2499 5812 XVI‘,
2538 5746 2627 5803 i7.
