3846 6220
401 364 509 422 88¹1

1056 361 1330 421 EUSEBII
1368 358 1856 418 CIESARIENSIS
1891 357 2043 438 OPP.
2085 355 2264 413 PARS
2305 355 2393 439 Ill.
2421 388 2487 398 —-
2526 354 2940 439 EXEGETICA.

3558 356 3664 414 888

397 482 580 541 Testis
614 483 742 539 item
777 483 970 550 Maria,
1003 499 1063 539 se
1089 483 1330 553 cogitatu
1351 490 1568 538 secreto
1599 481 1745 551 apud
1773 495 1832 536 se
1853 494 1952 550 qua

2079 477 2174 538 καὶ
2204 473 2345 548 αἷμα
2375 477 2475 531 οὐκ
2500 476 2815 545 ἀπεκάλυψέ
2844 494 2947 540 σοι,
2983 475 3096 528 ἀλλ’
3125 477 3154 529 6
3193 475 3384 546 Πατήρ
3415 492 3518 545 μου
3551 475 3581 526 6
3605 477 3663 527 ἐν

395 586 547 648 gesta
587 575 806 631 fuerant
837 576 1199 632 continuisse.
1252 575 1347 630 Ait
1392 577 1578 643 itaque
1613 573 1898 644 Scriptura
1950 591 1966 627 :

402 689 426 719 ι
466 667 636 725 Maria
668 678 849 726 autem
880 671 1250 725 conservabat
1282 671 1464 724 omnia
1489 668 1656 724 verba
1687 668 1803 728 hinc
1835 681 1969 722 con-

395 765 578 821 ferens
603 765 660 817 in
681 761 845 817 corde.
873 777 976 817 suo
998 764 1038 815 °.
1081 783 1100 814 ι
1241 748 1244 750 ’

465 940 519 994 6.
565 937 740 1010 Igitur
767 937 1204 994 demonstratum
1233 949 1340 1006 est,
1372 939 1582 994 utiliter
1612 954 1710 1014 per
1739 938 1795 994 id
1824 945 1965 1012 tem-

393 1049 498 1103 pus
519 1032 938 1101 conceptionem
960 1030 1091 1087 Jesu
1121 1031 1188 1086 de
1212 1039 1404 1087 sancto
1437 1029 1647 1101 Spiritu
1685 1029 1827 1098 apud
1847 1029 1966 1082 vul-

390 1139 492 1194 gus
520 1121 688 1178 fuisse
715 1123 968 1178 celatam.
1005 1121 1275 1192 Iosephus
1306 1129 1484 1177 autem
1519 1123 1572 1175 in
1615 1122 1856 1191 parentis
1879 1121 1964 1174 lo-

390 1230 518 1270 cum
547 1222 869 1284 assumptus
905 1222 1009 1277 est,
1048 1215 1122 1268 ita
1172 1222 1233 1268 ut
1286 1217 1482 1271 merito
1514 1224 1777 1286 tanquam
1809 1218 1964 1285 pueri

391 1310 606 1378 genitor
642 1308 698 1362 in
733 1307 1052 1378 genealogia
1109 1315 1430 1376 poneretur.
1498 1307 1558 1362 ld
1609 1308 1713 1363 nisi
1776 1307 1961 1370 fiebat,

389 1399 548 1453 nullo
603 1406 830 1469 parente
860 1405 1179 1453 censeretur
1212 1413 1368 1468 puer,
1410 1397 1571 1467 cujus
1615 1407 1846 1453 stemma
1896 1398 1964 1452 ab

390 1491 487 1545 illo
527 1506 635 1545 non
663 1492 1061 1546 deduceretur:
1109 1507 1229 1562 quae
1262 1507 1348 1545 res
1381 1492 1435 1546 in
1463 1491 1796 1560 impietatem
1829 1491 1964 1544 mul-

326 1635 334 1651 ι
389 1591 477 1642 tos
517 1585 896 1653 pertraxisset,
934 1584 979 1638 si
1032 1584 1104 1642 ob
1151 1585 1229 1639 rei
1284 1599 1426 1639 vera:
1467 1584 1858 1655 ignorantiam,
1895 1583 1964 1638 de

388 1676 667 1749 natalibus
715 1676 836 1745 ejus
875 1675 1019 1735 haud
1080 1675 1312 1730 honeste
1382 1678 1670 1733 sentirent.
1741 1676 1962 1731 Utiliter

388 1769 573 1836 itaque
601 1778 654 1822 et
686 1767 823 1822 fabri
857 1768 1092 1833 ﬁllus,et
1112 1766 1504 1837 appellatorum
1531 1770 1765 1824 filiorum
1791 1769 1962 1825 frater

389 1858 603 1915 habitus
634 1867 735 1913 est.
792 1858 858 1911 Et
886 1860 1104 1927 quidem
1161 1861 1279 1930 ipse
1320 1861 1463 1915 Deus
1522 1859 1761 1916 Verbum
1811 1861 1956 1917 haud

387 1966 446 2002 se
477 1951 748 2006 hominem
791 1967 914 2007 esse
966 1953 1229 2021 negabat:
1286 1953 1396 2007 imo
1437 1952 1725 2023 discipulis
1764 1955 1957 2024 praeci-

386 2041 588 2110 piebat,
625 2057 696 2096 ne
745 2046 834 2096 cui
887 2043 1136 2098 dicerent
1164 2060 1289 2098 eum
1347 2061 1406 2100 se
1451 2061 1594 2108 esse,
1631 2062 1792 2116 quem
1831 2062 1958 2116 pro-

384 2133 561 2202 pheta:
597 2143 893 2188 venturum
938 2136 1278 2200 cecinerant,
1317 2146 1542 2192 unctum
1579 2138 1750 2193 Dei":
1781 2157 1958 2210 neque

385 2223 531 2276 enim
565 2223 724 2278 fidem
757 2225 1002 2295 plerique
1039 2237 1194 2281 erant
1225 2231 1551 2299 arrogaturi,
1583 2231 1672 2298 qui
1705 2245 1828 2284 eum
1855 2231 1958 2286 hu-

385 2314 500 2368 mili
535 2314 787 2371 indutum
847 2318 1031 2386 specie
1086 2318 1363 2372 videbant.
1435 2317 1525 2373 Sic
1568 2321 1623 2374 in
1664 2321 1755 2375 illa
1790 2323 1956 2377 etiam

385 2415 650 2462 montana
681 2408 1168 2478 transﬁguratione
1195 2426 1414 2465 rursum
1465 2413 1744 2466 mandavit
1790 2414 1958 2468 disci-

385 2499 532 2571 pulis
581 2506 640 2552 ut
666 2499 845 2554 visum
876 2500 1082 2554 nemini
1122 2501 1389 2567 dicerent,
1439 2503 1614 2558 donec
1649 2503 1822 2559 Filius
1854 2506 1956 2559 ho-

385 2589 552 2643 minis
602 2603 633 2642 a
693 2575 931 2644 mortuis
1004 2601 1318 2662 resurgeret
1343 2593 1386 2646 ⁸.
1456 2591 1697 2650 Pronum
1757 2596 1958 2665 quippe

382 2689 501 2734 erat
536 2691 595 2734 ut
633 2681 789 2735 multi
815 2680 882 2734 de
911 2683 1203 2738 coaetaneis
1231 2698 1299 2737 ne
1330 2683 1382 2738 id
1429 2684 1649 2755 quidem
1691 2686 1792 2739 sibi
1834 2701 1958 2756 per-

384 2773 602 2828 suaderi
637 2781 974 2843 paterentur.
1036 2773 1194 2840 Quod
1228 2776 1274 2828 si
1312 2767 1428 2830 haec
1454 2792 1563 2831 non
1594 2778 1807 2846 putavit
1839 2781 1957 2832 vul-

389 2866 592 2936 ganda,
651 2868 826 2922 multo
882 2868 1060 2938 magis
1095 2869 1338 2938 oportuit
1389 2870 1593 2924 natalia
1636 2871 1703 2926 de
1746 2872 1958 2941 virgine

383 2969 515 3015 tunc
547 2960 602 3015 in
631 2961 835 3031 populo
869 2961 1260 3032 reticerizquze
1285 2963 1575 3017 commodo
1597 2962 1792 3018 deinde
1815 2973 1956 3020 tem-

382 3069 515 3128 pore
571 3070 789 3109 omnem
841 3054 908 3109 de
969 3070 1034 3111 eo
1081 3056 1366 3109 veritatem
1428 3064 1586 3111 erant
1639 3065 1953 3114 ostensura.

390 3145 634 3217 Tempus
674 3155 858 3202 autem
913 3148 1261 3202 commodum
1323 3148 1566 3203 futurum
1623 3158 1761 3213 erat,
1830 3167 2022 3229 cumC

381 3238 499 3308 ipse
532 3254 562 3292 a
594 3240 830 3294 mortuis
876 3251 1210 3311 resurgeret,
1249 3250 1302 3295 et
1351 3256 1477 3294 cum
1508 3243 1564 3295 in
1608 3245 1807 3298 caelum
1859 3259 1952 3299 as-

385 3339 712 3396 sumeretur,
742 3339 796 3386 et
831 3348 956 3385 cum
989 3335 1177 3389 orbem
1212 3343 1484 3389 terrarum
1518 3335 1660 3390 fama
1692 3338 1813 3406 ejus
1835 3348 1954 3393 tan-

382 3439 549 3494 quam
581 3423 674 3478 Dei
710 3423 877 3479 Verbi
914 3426 1275 3493 pervaderet;
1325 3443 1448 3481 cum
1496 3429 1731 3498 denique
1763 3438 1952 3500 gentes

377 3524 732 3582 vocarentur,
780 3533 843 3572 ac
887 3517 1071 3572 divina
1109 3519 1257 3575 illius
1307 3521 1533 3576 oracula
1566 3523 1770 3577 exitum
1814 3539 1950 3578 nan-

377 3609 741 3674 ciscerentur;
770 3623 956 3663 rerum
1007 3609 1220 3664 scilicet
1252 3621 1450 3666 eventu
1497 3615 1777 3683 praesagiis
1803 3616 1954 3684 ejus-

377 3700 501 3753 dem
565 3715 628 3754 ac
681 3700 1128 3775 praedictionibus
1190 3699 1350 3754 fidem
1400 3702 1744 3772 perspicuam
1813 3703 1951 3772 adji-

375 3792 577 3845 ciente.

450 3881 500 3934 7.
541 3881 721 3952 Atque
760 3883 903 3952 apud
948 3891 1148 3937 nostrae
1185 3883 1406 3952 quidem
1449 3884 1629 3940 astatis
1675 3885 1946 3950 homines,

375 3973 472 4043 qui
507 3990 689 4028 rerum
729 3974 889 4027 fidem
930 3989 959 4027 a
1009 3975 1312 4042 majoribus
1354 3983 1704 4044 acceperunt,
1747 3977 1950 4046 quique

375 4065 582 4120 Christi
631 4067 1004 4121 conditionem
1055 4068 1178 4136 plus
1225 4081 1387 4135 quam
1444 4067 1730 4122 mortalem
1780 4068 1950 4123 fuisse

377 4158 585 4228 sciunt,
639 4158 848 4227 reliqua
883 4173 1101 4228 quoque
1140 4159 1338 4212 merito
1389 4159 1443 4212 in
1493 4159 1748 4214 confesso
1795 4169 1945 4224 sunt,

376 4248 576 4303 nedum
622 4247 924 4302 nativitatis
961 4249 1306 4318 mysterium:
1333 4256 1700 4302 verumtamen
1761 4251 1948 4321 inclyti

375 4339 727 4410 evangelista:
763 4342 1079 4416 necessario
1115 4348 1248 4394 tunc
1283 4338 1582 4411 Josephum
1643 4342 1698 4396 in
1745 4359 1946 4412 genea-

375 4433 520 4501 logia
572 4439 897 4502 posuerunt,
947 4437 1040 4502 qui
1089 4433 1346 4487 videlicet
1389 4433 1459 4487 ab
1505 4433 1761 4489 erunibus
1815 4435 1944 4490 Jesu

2075 571 2189 633 τοῖς
2216 570 2480 640 οὐρανοῖς.
2516 587 2536 622 ι
2570 570 2856 641 Μαρτυρεῖ
2883 568 2942 624 δὲ
2975 569 3069 622 καὶ
3097 569 3131 638 ἡ
3164 569 3354 638 Μαρία
3389 566 3544 636 βαθεῖ
3574 567 3662 620 λο-

2073 659 2258 731 γισμῷ
2314 661 2446 731 παρ’
2489 661 2658 732 ἑαυτῇ
2701 659 2951 730 κατέχειν
2994 659 3065 713 τὰ
3117 659 3481 730 γεγενημένα·
3526 661 3660 728 φησὶ

2071 751 2201 819 γοῦν
2235 753 2268 822 ἡ
2301 752 2556 824 Γραφή⁶·
2587 771 2607 804 ‹
2648 753 2713 806 'ﬂ
2745 752 2804 806 δέ
2836 752 3024 824 Μαρία
3058 752 3236 810 πάντα
3275 753 3560 822 συνετήρει
3590 751 3661 804 τὰ.

2073 842 2292 912 ῥήματα
2327 841 2500 894 ταῦτα
2533 841 2916 912 συμϐάλλουσα
2936 844 2995 895 ἐν
3023 845 3088 913 τῇ
3117 840 3313 913 καρδίᾳ
3338 841 3529 912 αὐτῆς.
3562 859 3584 892 ι

2141 941 2214 998 ς’.
2249 933 2458 986 Οὐκοῦν
2485 933 2863 988 ἀποδέδεικται
2899 935 2980 987 ὃτι
3021 935 3305 1005 χρησίμως
3330 935 3450 987 κατ’
3479 935 3659 987 ἐκεῖνο

2069 1023 2284 1096 καιροῦ,
2313 1027 2346 1096 ἡ
2375 1026 2470 1096 μὲν
2498 1025 2558 1090 ἐξ
2585 1025 2741 1094 ἁγίου
2765 1025 3078 1097 Πνεῦματος
3103 1026 3198 1079 τοῦ
3232 1025 3405 1096 Ἰησοῦ
3435 1026 3656 1093 γένεσις

2069 1116 2221 1187 παρὰ
2252 1120 2364 1180 τοῖς
2393 1116 2606 1180 πολλοῖς
2640 1118 3014 1182 ἀπεσιωπᾶτο,
3037 1120 3065 1172 6
3089 1118 3146 1170 δὲ
3187 1118 3381 1189 Ἰωσὴφ
3411 1120 3469 1170 ἐν
3499 1117 3656 1190 χώρᾳ

2068 1211 2274 1280 πατρὸς
2314 1209 2794 1280 παρελαμϐάνετο·
2831 1211 3053 1274 εἰκότως
3109 1206 3200 1264 οῦν
3251 1213 3281 1264 ὁ
3326 1212 3510 1281 πατὴρ
3553 1209 3652 1264 τοῦ

2067 1302 2256 1365 παιδὸς
2286 1302 2720 1369 ἐγενεαλογεῖτο·
2766 1305 2813 1355 εἰ
2858 1303 2916 1355 δὲ
2948 1298 3041 1355 οῦν
3081 1304 3156 1373 μὴ
3186 1303 3342 1356 τοῦτο
3384 1303 3651 1372 ἐγεγόνει,

2066 1395 2295 1466 ἀπάτωρ
2330 1394 2396 1448 ἂν
2421 1395 2678 1466 ἐνομίσθη
2712 1397 2739 1446 6
2774 1397 2901 1459 παῖς
2935 1397 3007 1465 μὴ
3053 1397 3118 1448 ἐκ
3160 1397 3366 1467 πατρὸς
3400 1396 3656 1463 γενεαλο-

2065 1486 2362 1559 γούμενος·
2411 1487 2569 1540 τοῦτο
2617 1487 2673 1539 δέ
2722 1489 2803 1549 είς
2851 1486 3103 1540 ἀσέϐειαν
3154 1488 3362 1557 ἤγαγεν
3409 1487 3477 1541 ἂν
3523 1487 3652 1549 τοὺς

2064 1579 2312 1645 πολλοὺς,
2339 1580 2387 1632 οἳ
2415 1579 2482 1633 δι’
2512 1579 2731 1647 ἄγνοιαν
2758 1579 2856 1648 τῆς
2887 1580 3016 1650 περὶ
3041 1580 3102 1631 τὸ
3127 1581 3360 1649 πρᾶγμα
3390 1579 3652 1649 ἀληθείας

2062 1668 2404 1739 ὲδυσφήμουν
2431 1668 2530 1739 τὴν
2562 1669 2774 1736 γένεσιν
2795 1685 2806 1696 ·
2846 1667 3130 1739 χρησίμως
3155 1664 3248 1721 οῦν
3295 1669 3391 1721 καὶ
3429 1667 3526 1721 τοῦ
3555 1668 3650 1722 τὲ-

2064 1778 2252 1823 κτονος
2287 1760 2442 1830 (υἱὸς)
2475 1759 2570 1815 καὶ
2604 1760 2709 1811 τῶν
2742 1758 3146 1829 ὠνομασμένων
3179 1759 3385 1812 τέκνων
3419 1759 3650 1828 ἁδελφὸς

2061 1848 2458 1921 ἐχρημάτιζεν·
2513 1849 2632 1901 ἐπεὶ
2690 1850 2784 1902 καὶ
2833 1849 2963 1914 Θεὸς
2997 1851 3169 1918 Λόγος
3199 1848 3295 1913 ὢν,
3328 1831 3432 1903 οὐκ
3468 1851 3653 1922 ἀπηρ-

2061 1944 2203 1994 νεῖτο
2235 1940 2425 1994 ἑαυτὸν
2461 1935 2600 1993 εἶναι
2642 1940 2946 2010 ἄνθρωπον,
2980 1941 3114 1994 ἀλλὰ
3159 1941 3253 1995 καὶ
3300 1940 3651 2011 παρήγγελλε

2059 2037 2169 2098 τοῖς
2225 2032 2415 2087 ἐαυτοῦ
2453 2033 2722 2104 μαθηταῖς
2762 2035 2846 2087 ἵνα
2883 2035 3069 2106 μηδενὶ
3095 2034 3340 2098 εἴπωσιν,
3368 2035 3449 2087 ὃτι
3483 2034 3652 2096 αὐτὸς

2059 2125 2146 2195 εἴη
2189 2127 2218 2178 6
2265 2123 2430 2178 πάλαι
2474 2123 2608 2196 πρὸς
2641 2127 2749 2177 τῶν
2796 2125 3089 2196 προφητῶν
3127 2125 3280 2196 ἦξειν
3316 2123 3590 2195 βοώμενος
3621 2129 3652 2178 6

2060 2217 2292 2288 Χριστὸς
2307 2216 2399 2270 τοῦ
2429 2217 2584 2270 Θεοῦ·
2616 2219 2674 2270 οὐ
2706 2217 2815 2288 γὰρ
2859 2217 2925 2271 ἂν
2953 2218 3073 2270 οὐδὲ
3102 2218 3426 2272 ἐπίστευσαν
3443 2220 3492 2271 οί
3517 2218 3650 2272 πολ-

2059 2310 2141 2363 λοὶ
2170 2311 2277 2363 τῶν
2325 2310 2444 2363 τότε
2495 2310 2780 2380 θεωμένων
2828 2311 2988 2364 αὐτὸν
3018 2311 3230 2374 εὐτελὲς
3261 2311 3450 2382 σχῆμα
3491 2329 3655 2382 περι-

2059 2403 2422 2474 ϐεϐλημένον·
2453 2402 2595 2456 οὕτω
2627 2403 2683 2456 δὲ
2712 2404 2805 2456 καὶ
2849 2404 2942 2455 ἐπὶ
2985 2403 3082 2473 τῆς
3117 2405 3173 2456 ἐν
3220 2402 3296 2472 τῷ
3334 2403 3448 2473 ὄρει
3479 2420 3650 2473 μετα-

2063 2495 2396 2566 μορφώσεως
2423 2497 2724 2549 ἐνετείλατο
2777 2497 2938 2548 πάλιν
2985 2498 3096 2558 τοῖς
3137 2494 3328 2547 ἑαυτοῦ
3375 2495 3650 2566 μαθηταῖς

2059 2587 2262 2656 λέγων·
2294 2604 2312 2638 ι
2350 2587 2555 2657 Μηδενὶ
2600 2588 2792 2656 εἴπητε
2809 2586 2868 2637 τὸ
2894 2586 3074 2656 ὅραμα
3107 2585 3210 2648 ἕως
3237 2577 3299 2648 οῦ
3331 2587 3359 2638 6
3393 2586 3525 2648 Υἱὸς
3551 2584 3648 2638 τοῦ

2061 2677 2344 2748 ἀνθρώπου
2362 2679 2425 2735 ἐκ
2442 2679 2650 2749 νεκρῶν
2676 2680 2915 2748 ἀναστῇ·
2959 2698 2976 2728 ι
3010 2677 3156 2740 εἰκὸς
3181 2677 3292 2748 γὰρ
3322 2677 3461 2748 μηδέ
3489 2677 3650 2729 τοῦτο

2061 2770 2342 2823 πιστεῦσαι
2371 2768 2479 2822 τῶν
2509 2770 2628 2822 τότε
2656 2772 2781 2832 τοὺς
2816 2769 3070 2832 πολλούς·
3102 2770 3148 2820 εί
3179 2768 3235 2820 δέ
3260 2767 3434 2821 ταῦτα
3463 2768 3540 2838 μὴ
3567 2769 3648 2831 εἰς

2060 2859 2290 2932 φανερὸν
2316 2862 2470 2931 ἥκειν
2501 2861 2733 2931 ἔκρινεν,
2764 2856 2798 2931 ἦ
2827 2859 2928 2913 πού
2964 2877 3026 2929 γε
3050 2861 3119 2913 τὰ
3151 2861 3251 2930 τῆς
3278 2861 3342 2912 ἐκ
3368 2859 3647 2931 παρθένου

2059 2954 2324 3020 γενέσεως
2384 2953 2802 3007 ἁποσιωπᾶσθαι
2847 2954 2907 3005 τὸ
2956 2953 3254 3024 τηνικαῦτα
3319 2953 3476 3024 παρά
3531 2955 3650 3014 τοῖς

2060 3043 2272 3106 πολλοῖς
2303 3044 2487 3115 ἐχρῆν,
2524 3045 2602 3106 εἰς
2634 3043 2930 3113 ἐπιτήδειον
2963 3042 3150 3111 καιρὸν
3178 3041 3275 3113 τῆς
3309 3041 3441 3112 περὶ
3475 3039 3646 3095 αὑτοῦ

2060 3135 2316 3204 ἀληθείας
2345 3135 2821 3205 ἀναφανησόμενα·
2869 3130 3020 3197 οὗτος
3067 3133 3123 3186 δὲ
3172 3129 3239 3206 ἧν
3268 3135 3296 3184 ὁ
3325 3133 3426 3204 τῆς
3454 3135 3520 3186 ὲκ
3554 3150 3652 3187 νε-

2059 3227 2204 3296 κρῶν
2244 3226 2591 3288 ἀναστάσεως
2629 3224 2814 3288 αὐτοῦ,
2844 3226 2936 3278 κοιλ¹
2971 3225 3070 3294 τῆς
3097 3226 3176 3288 είς
3215 3225 3478 3286 οὐρανοῖς
3507 3226 3644 3276 ἀνσ-

2057 3320 2290 3388 λήψεως,
2321 3317 2422 3387 τῆς
2466 3335 2524 3371 τε
2559 3320 2637 3379 εἰς
2683 3318 2856 3370 πάντα
2893 3317 2982 3368 τὸν
3026 3317 3228 3386 κόσμον
3279 3315 3356 3378 ὡς
3398 3314 3466 3370 ἂν
3509 3316 3646 3386 περὶ

2055 3411 2224 3478 Λόγου
2258 3409 2390 3462 Θεοῦ
2421 3409 2819 3480 διαδραμούσης
2867 3409 2994 3478 περὶ
3043 3408 3206 3462 αὑτοῦ
3256 3410 3472 3479 φήμης·
3509 3408 3538 3461 ὃ
3580 3425 3647 3462 τε

2055 3501 2151 3570 τῆς
2175 3500 2284 3552 τῶν
2317 3499 2485 3553 ἐθνῶν
2513 3500 2776 3569 κλήσεως,
2809 3497 2925 3551 καθ’
2973 3497 3032 3550 ὃν
3070 3499 3164 3550 καὶ
3193 3500 3248 3550 αἱ
3283 3497 3427 3558 Θεῖαι
3471 3497 3644 3550 αὐτοῦ

2056 3593 2228 3660 φωναὶ
2259 3591 2412 3654 τέλος
2445 3591 2767 3661 ἐλάμϐανον,
2800 3589 2866 3642 τὰ
2917 3589 3024 3642 τῶν
3075 3588 3436 3660 προγνώσεων
3473 3589 3646 3641 αὑτοῦ

2053 3684 2147 3737 καὶ
2179 3684 2536 3754 προρῤἡσεων
2581 3681 2667 3734 διά
2705 3682 2804 3750 τῆς
2841 3679 2950 3733 τῶν
2990 3679 3330 3751 πραγμάτων
3359 3677 3649 3743 ἐκϐάσεως

2052 3783 2296 3854 ἐναργῶς
2327 3782 2517 3835 πιστοῦ
2527 3801 2703 3843 μεναι.

2051 3865 2069 3928 ζ
2123 3875 2188 3939 ζ’.
2238 3876 2363 3938 Τοῖς
2413 3877 2542 3944 γοῦν
2589 3876 2709 3929 καθ’
2761 3877 2906 3946 ἡμᾶς
2948 3876 3119 3929 ταῦτα
3173 3873 3650 3946 παραδεξαμένοις

2052 3967 2145 4020 καὶ
2175 3968 2274 4038 τὴν
2317 3968 2455 4038 ὑπὲρ
2500 3968 2784 4039 ἄνθρωπον
2834 3967 3204 4035 αὑτοῦ-φύσιν
3246 3959 3648 4034 ἐπεγνωκόσιν,

2052 4061 2275 4125 εἰκότως
2303 4063 2372 4114 τά
2401 4079 2458 4114 τε
2485 4062 2645 4115 λοιπὰ
2668 4063 2761 4114 καὶ
2786 4061 2856 4114 τὰ
2877 4062 2978 4131 τῆς
3003 4061 3268 4129 γενέσεως
3301 4058 3471 4113 πιστὰ
3499 4054 3648 4112 εἶναι

2049 4156 2418 4225 ὁμολογεῖται·
2455 4154 2592 4225 πλὴν
2643 4155 2756 4207 ἀλλ’
2808 4155 2856 4206 οἱ
2909 4152 3202 4222 θαυμάσιοι
3253 4149 3648 4218 εὐαγγελισταὶ

2050 4246 2361 4314 ἀναγκαίως
2389 4245 2511 4298 τότε
2544 4245 2691 4317 παρὰ
2707 4245 2979 4307 Ἰουδαίοις
3009 4227 3099 4296 τὸν
3136 4242 3333 4313 Ἰωσὴφ
3360 4241 3650 4309 ἐγενεαλό-

2051 4355 2179 4405 γουν
2210 4338 2371 4392 αὐτὸν
2399 4339 2601 4390 ἐκεῖνον
2629 4338 2721 4390 τὸν
2749 4337 2896 4411 παρὰ
2930 4336 3063 4389 πᾶσι
3097 4333 3369 4406 βοώμενον
3403 4333 3500 4387 τοῦ
3534 4334 3649 4404 Ἰη-

2051 4426 2145 4480 σοῦ
2184 4427 2426 4498 πατέρα·
2476 4429 2524 4479 εί
2571 4428 2679 4497 γὰρ
2719 4427 2875 4479 τοῦτο
2918 4425 3312 4498 παρελθόντες,
3370 4422 3646 4494 μητρόθεν

373 4539 573 4592 parcns
605 4523 1003 4592 appellabatur.
1038 4522 1194 4589 Quod
1228 4523 1274 4578 si
1307 4524 1409 4576 hac
1442 4523 1656 4579 ratione
1678 4527 1944 4595 neglecta,

2060 4519 2212 4570 αὑτὸν
2235 4518 2637 4590 ἐγενεαλόγουν,
2657 4518 2790 4589 πρὸς
2809 4517 2886 4587 τῷ
2909 4517 3004 4571 καὶ
3028 4517 3277 4588 ἀπρεπὲς
3290 4511 3433 4572 εἶναι
3456 4515 3643 4577 τοῦτο,

377 4631 409 4668 a
442 4622 616 4669 matre
665 4631 838 4686 genus
891 4617 1012 4691 ejus
1059 4619 1500 4684 ordinavissent;
1545 4626 1744 4688 praeter
1781 4634 1946 4690 quam

373 4707 522 4778 quod
557 4707 610 4762 id
666 4707 982 4762 indecorum
1027 4717 1166 4772 erat,
1221 4717 1277 4764 et
1323 4710 1632 4764 divinarum
1700 4711 1948 4781 Scriptu-

375 4812 562 4852 rarum
607 4797 958 4866 simplicitate
996 4799 1260 4860 alienum,
1315 4799 1444 4869 quia
1494 4800 1732 4855 neminis
1787 4811 1946 4855 antea

370 4904 467 4957 per
494 4898 721 4943 matrem
773 4904 944 4958 genus
973 4887 1308 4959 descriptum
1338 4891 1511 4944 fertur
1537 4910 1551 4957 ;
1586 4893 1633 4946 is
1664 4892 1822 4961 cujus
1855 4908 1947 4962 ge-

369 4980 620 5050 nealogia
653 4981 961 5046 texebatur,
990 4984 1200 5036 incerto
1244 4995 1399 5052 patre
1439 4985 1628 5039 nescio
1657 4985 1781 5054 quis
1831 4992 1947 5038 ter-

370 5087 553 5141 neque
585 5059 738 5128 [ilius
768 5074 918 5128 visus
949 5083 1118 5130 esset.
1192 5075 1249 5129 ld
1285 5083 1487 5138 autem,
1527 5084 1586 5144 ut
1628 5076 1765 5143 dixi,
1798 5076 1943 5130 haud

367 5163 635 5218 mediocri
659 5165 972 5234 ignominiaa
1009 5175 1065 5221 et
1085 5167 1456 5222 criminationi
1485 5169 1780 5224 obnoxium
1802 5178 1940 5230 erat.

367 5254 664 5312 Commode
687 5258 854 5328 igitur
886 5259 1014 5313 dum
1041 5258 1340 5330 Josephum
1366 5260 1686 5330 prazdictam
1715 5261 1788 5318 ob
1809 5275 1943 5335 cau-.

367 5359 484 5398 sam
517 5361 548 5400 a
587 5345 807 5404 Davidis
843 5351 1012 5420 stirpe
1044 5339 1315 5415 derivant,
1347 5351 1575 5414 Mariam
1622 5352 1786 5407 simul
1834 5349 1940 5406 Da-

369 5435 496 5489 vide
528 5439 816 5494 oriundam
867 5443 1244 5512 comprobant,
1293 5458 1494 5513 genere
1545 5427 1798 5514 conjugis
1837 5458 1935 5516 per

370 5542 634 5596 sponsum
679 5531 1074 5588 demonstrato.
1132 5533 1335 5606 Moysis
1413 5535 1614 5605 quippe
1662 5536 1778 5606 lege
1822 5535 1942 5589 edi-

369 5624 554 5682 ccnte,
589 5627 647 5673 ut
679 5637 746 5677 ne
776 5623 994 5679 aliunde
1021 5623 1210 5681 liceret
1235 5625 1454 5696 nuptias
1499 5626 1602 5680 sibi
1629 5625 1932 5681 conciliare

441 5805 460 5835 ⁸
500 5799 630 5858 Luc.
675 5820 751 5870 ιι,
784 5805 873 5859 21.

2054 4613 2271 4684 καὶτῆς
2306 4613 2415 4666 τῶν
2458 4612 2616 4666 θείων
2664 4610 2894 4682 Γραφῶν
2928 4610 3182 4682 εὐηθείας
3219 4601 3524 4680 ἀλλότριον,
3560 4609 3645 4662 δτι

2056 4703 2243 4773 μηδεὶς
2273 4704 2333 4756 τὸ
2361 4703 2622 4775 πρότερον
2655 4705 2718 4755 ἐκ
2750 4703 2999 4770 γυναικὸς
3038 4699 3458 4774 γενεαλογηθεὶς
3493 4702 3642 4754 ἱστο-

2057 4798 2247 4864 ρεῖται,
2291 4796 2467 4861 ἔδοξεν
2515 4797 2580 4850 ἂν
2622 4796 2850 4866 ἀπάτωρ
2893 4813 2977 4857 τις
3009 4790 3146 4846 εἶναι
3182 4793 3276 4846 καὶ
3315 4786 3584 4864 δυσγενὴς
3611 4794 3644 4845 6

2055 4886 2557 4956 γενεαλογούμενος·
2576 4887 2732 4940 τοῦτο
2746 4886 2822 4950 δὲ,
2849 4887 2924 4950 ὡς
2939 4885 3095 4957 ἔφην,
3116 4885 3177 4937 οὐ
3204 4885 3408 4955 μικρᾶς
3423 4879 3493 4955 ἦν
3511 4885 3613 4938 δυσ

2053 4977 2259 5047 φημὶας
2304 4977 2438 5048 ὁμοῦ
2492 4978 2588 5030 καὶ
2643 4977 3007 5050 κατηγορίας·
3062 4976 3141 5032 διὸ
3186 4975 3478 5048 χρησίμως
3544 4975 3639 5029 τὸν

2065 5069 2260 5141 Ἰωσὴφ
2291 5069 2398 5123 ἀπὸ
2425 5070 2589 5126 Δαϐὶδ
2619 5070 2707 5124 διὰ
2733 5072 2830 5142 τὴν
2863 5069 3214 5124 ἀποδοθεῖσαν
3240 5068 3421 5124 αἰτίαν
3451 5084 3638 5138 γενεα-

2043 5161 2344 5232 λογοῦντες,
2379 5166 2436 5216 ἐν
2471 5161 2652 5233 ταυτῷ
2683 5162 2776 5215 καὶ
2808 5161 2905 5236 τὴν
2938 5161 3170 5233 Μαριὰμ
3189 5161 3254 5214 ἐκ
3281 5149 3452 5214 Δαϐὶδ
3474 5176 3634 5230 γεγο-

2043 5256 2191 5309 νέναι
2245 5255 2526 5319 συνίστων,
2555 5255 2642 5310 διὰ
2670 5254 2765 5309 τοῦ
2797 5258 3106 5327 μνηστῆρος
3138 5253 3198 5307 τὸ
3237 5253 3341 5320 τῆς
3382 5253 3633 5332 γαμετῆς

2041 5349 2435 5428 ὑποφαίνοντες
2483 5349 2637 5417 γένος
2661 5364 2675 5378 ·
2735 5346 2901 5416 νόμου
2936 5345 3045 5418 γὰρ
3106 5342 3389 5407 Μωῡσιως
3444 5343 3632 5413 διαγο-

2047 5438 2294 5510 ρεύοντος
2327 5439 2401 5510 μὴ
2421 5437 2640 5491 ἄλλοθεν
2663 5437 2858 5501 ἐξεῖναι
2873 5435 3008 5510 πρὸς
3039 5436 3214 5506 γάμον
3237 5433 3559 5505 λαμϐάνειν,
3593 5433 3628 5505 ἦ

2043 5533 2109 5584 ἐκ
2139 5529 2234 5584 τοῦ
2264 5529 2453 5598 γένους
2489 5529 2583 5583 τοῦ
2620 5527 2820 5582 οἰκείου
2869 5525 2961 5579 καὶ
2996 5524 3097 5597 τῆς
3141 5523 3278 5588 ἰδίας
3313 5523 3518 5594 φυλῆς,
3553 5523 3630 5586 ὡς

2044 5623 2108 5677 ἂν
2139 5625 2211 5696 μὴ
2246 5605 2655 5694 περιστρέφοιτο
2676 5621 2766 5676 τοῦ
2799 5619 2985 5690 γένους
3017 5621 3043 5672 6
3073 5616 3271 5690 κλῆρος
3311 5615 3421 5670 ἀπὸ
3456 5614 3628 5686 φυλῆς

951 5809 971 5841 ⁷
1011 5807 1198 5864 Matth.
1237 5827 1358 5877 χιιι,
1394 5811 1481 5865 20.
1535 5812 1578 5892 _“
1621 5809 1809 5864 Matth.
1846 5823 1994 5878 xm,
2029 5809 2080 5864 9.
