3846 6220
754 362 1226 439 QUAESTIONES
1264 361 1738 425 EVANGELICJE

1909 360 2354 440 STEPIIANUM.
2393 394 2463 406 -
2500 360 2829 445 QUAESTIO
2869 362 2908 417 ῐ.

3358 365 3464 425 890

187 479 275 542 εἰς
300 476 490 548 φυλὴν,
520 475 802 549 αὐτάρκης
828 472 897 547 ῆν
921 478 955 546 ἡ
982 476 1113 546 περὶ
1142 473 1238 554 τού
1269 474 1464 547 ἀνδρὸς
1492 473 1776 546 ἀναγραφὴ

1884 487 2048 543 quam
2081 488 2148 528 ex
2179 488 2378 544 genere
2412 473 2636 543 proprio
2673 489 2885 544 suaque
2914 473 3083 542 tribu,
3114 488 3184 553 ne
3212 473 3463 541 videlicet

191 570 293 623 καὶ
337 567 437 640 τὴν
478 571 713 637 γυναῖκα
751 567 1025 638 δηλῶσαι·
1063 566 1303 639 νομικῶς
1335 564 1445 637 γὰρ
1492 566 1641 636 βιοὺς
1678 565 1784 618 οὐδ’

188 659 419 715 ἄλλοθεν
469 660 672 730 ἐμνᾶτο
715 659 813 731 τὴν
849 663 1103 728 γυναῖκα,
1144 660 1178 733 ἢ
1223 658 1415 731 πρῶτα
1449 658 1548 729 μὲν
1581 660 1647 711 ἐκ
1685 659 1784 729 τῆς

188 752 372 822 φυλῆς
398 752 499 823 τῆς
526 752 798 823 πατρικῆς
829 751 1016 817 αὑτοῦ,
1048 751 1188 824 αὕτη
1220 751 1278 804 δὲ
1306 746 1373 822 ἦν
1404 752 1438 821 ή
1466 750 1561 803 τοῦ
1587 748 1780 802 Ἰούδαο

189 842 388 897 ἔπειτα
433 845 499 896 ὲκ
532 842 627 897 τοῦ
665 843 839 913 δήμου
881 843 976 899 καὶ
1008 844 1107 915 τῆς
1144 843 1314 913 αὐτῆς
1353 844 1607 914 πατριᾶς,
1643 840 1783 910 αὕτη

186 935 250 989 δὲ
295 931 363 1007 ἦν
404 936 436 1006 ή
497 935 593 989 τοῦ
639 938 836 990 Δαδίδο
882 937 1111 992 τοιαῦτα
1141 937 1249 1008 γάρ
1279 932 1348 1006 ἦν
1390 936 1460 990 τά
1489 935 1583 989 τοῦ
1619 936 1781 1005 νόμου

190 1027 665 1099 παραγγέλματαο
700 1030 789 1082 ὅτε
829 1030 1009 1084 τοίνυν
1047 1032 1076 1081 6
1123 1031 1319 1100 Ἰωσὴφ
1350 1028 1523 1099 φυλῆς
1543 1026 1782 1096 γεγονὼς

188 1119 576 1173 ἀποδείκνυται
618 1118 807 1185 Ἰούδα,
839 1121 1043 1192 κλήρου
1075 1137 1134 1172 τε
1178 1120 1272 1173 καὶ
1317 1119 1549 1189 πατριᾶς
1595 1116 1779 1181 Δαὸὶδ,

189 1207 316 1272 πιῖις
355 1209 453 1279 ούχ
496 1210 687 1264 ἕπεται
725 1210 822 1263 καὶ
863 1214 930 1282 τῇ
970 1212 1160 1282 Μαρίᾳ.
1195 1212 1259 1262 ὲκ
1290 1208 1400 1264 τῶν
1438 1208 1616 1263 αὐτῶν
1653 1209 1783 1280 ὁρᾶ-

191 1304 324 1359 σθαι
343 1322 361 1373 ;

262 1505 337 1571 η’.
361 1500 425 1554 Εἰ
446 1501 505 1553 δὲ
524 1499 735 1569 λέγοιτο
761 1499 1026 1569 ὑπάρχειν
1054 1497 1321 1568 συγγενὴς
1345 1497 1445 1567 τῆς
1478 1494 1778 1573 Ἐλισάὸετ,

188 1592 369 1663 αὐτῆς
400 1593 496 1663 μὲν
515 1592 682 1662 ούσης
709 1592 775 1645 ὲκ
791 1590 963 1660 φυλῆς
980 1591 1169 1653 Ἰούδα,
1186 1590 1285 1661 τῆς
1304 1608 1365 1645 τε
1383 1590 1482 1660 (5’)
1500 1588 1779 1643 Ἐλισάϐετ

188 1686 260 1739 ὲκ
302 1687 403 1755 τῆς
444 1685 535 1739 τοῦ
586 1683 737 1747 Λευῖ,
775 1684 849 1756 μὴ
889 1683 1207 1757 θαυμάσῃς’
1256 1684 1363 1736 πᾶν
1395 1682 1503 1755 γὰρ
1545 1682 1607 1736 τὸ
1648 1683 1780 1735 ἰου-

186 1777 360 1831 δαίων
399 1776 548 1841 ἔθνος
573 1776 691 1839 ἑνὸς
720 1772 788 1847 ἦν
816 1776 1026 1844 γένους,
1068 1776 1128 1828 αἶ
1166 1792 1225 1828 τε
1275 1774 1439 1844 φυλαὶ
1474 1775 1643 1828 πᾶσαι
1680 1774 1777 1828 ἀλ-

1888 564 2108 634 generis
2138 563 2439 639 haereditas
2463 580 2529 620 ex
2558 580 2667 620 una
2696 565 2754 619 in
2794 565 2957 619 aliam
2990 565 3192 620 tribum
3218 580 3464 623 commo-

1886 664 2144 725 veretur;
2180 640 2319 714 satis
2342 640 2467 713 erat
2488 658 2592 717 viri
2617 658 2916 741 descriptio
2953 658 3021 714 ad
3047 658 3334 739 conjugem
3361 659 3461 715 de-

1893 747 2346 802 monstrandam:
2380 763 2508 802 nam
2546 748 2641 819 qui
2686 748 2753 803 ad
2784 750 2918 820 legis
2951 764 3202 827 normam
3230 751 3461 816 viveret,

1885 836 2032 891 haud
2089 838 2254 892 aliam
2308 839 2415 903 sibi
2468 854 2704 894 uxorem
2753 839 3141 916 e0pulavisset,
3188 840 3297 895 nisi
3344 856 3464 911 qua:
3556 883 3569 907 κ

1884 930 2125 1000 primum
2150 938 2299 986 esset
2322 946 2389 985 ex
2417 931 2542 1002 ejus
2568 930 2751 1002 patria
2782 931 2981 1000 tribu,]
2993 929 3147 1011 Judae
3176 931 3463 1001 videlicet;

1884 1018 2081 1075 deinde
2107 1035 2176 1075 ex
2199 1020 2391 1076 eadem
2423 1029 2585 1096 gente
2616 1020 2956 1090 familiaque,
2990 1036 3187 1093 nempe
3215 1021 3460 1079 Davidis.

1883 1109 2144 1164 lllateuus
2172 1111 2320 1164 enim
2355 1111 2440 1166 lex
2477 1110 2732 1183 jubebat.
2788 1108 2846 1166 Si
2881 1108 3156 1189 Josephus
3200 1112 3366 1183 igitur
3396 1112 3465 1168 de

1881 1198 2036 1256 Juda:
2077 1203 2228 1258 tribu
2281 1202 2456 1274 deque
2498 1202 2723 1259 Davidis
2774 1210 2936 1274 gente
2966 1213 3021 1260 et
3057 1204 3262 1260 familia
3292 1205 3466 1263 fuisse

1883 1291 2317 1358 demonstratur,
2363 1308 2464 1347 cur
2508 1307 2620 1348 non
2660 1293 2916 1363 sequitur
2958 1300 3019 1349 ut
3047 1294 3219 1349 Maria
3255 1312 3323 1352 ex
3361 1297 3461 1353 iis—

1882 1384 2006 1440 dem
2036 1385 2343 1456 originibus
2375 1383 2596 1455 prodire
2632 1384 2930 1443 videatur?

1952 1499 2007 1554 8.
2057 1498 2213 1565 Quod
2251 1498 2299 1553 si
2338 1498 2530 1554 eadem
2577 1498 2784 1555 dicitur
2813 1497 3148 1555 Elisabetbae
3192 1509 3457 1570 cognata;

1882 1605 2006 1644 cum
2034 1599 2217 1646 tamen
2249 1590 2343 1644 illa
2380 1592 2449 1647 de
2485 1591 2630 1647 tribu
2654 1589 2828 1656 Judae,
2862 1591 3177 1667 Elisabetha
3203 1592 3270 1647 de
3298 1592 3462 1650 Levi-

1882 1683 1992 1737 tica
2032 1681 2230 1751 fuerit;
2272 1698 2344 1739 ne
2392 1684 2657 1740 mireris:
2697 1684 2953 1740 universa
3000 1686 3202 1755 quippe
3245 1684 3462 1741 Judaeo-

1881 1789 2004 1828 rum
2035 1789 2170 1844 gens
2221 1790 2334 1830 uno
2379 1789 2581 1846 genere
2626 1776 2979 1840 censebatur,
3015 1785 3334 1847 cunctaeque
3363 1780 3463 1834 tri-

187 1866 373 1937 λήλων
404 1839 713 1936 συγγενεῖςο
744 1839 906 1920 ’ἐνόεν
938 1866 1033 1919 καὶ
1064 1867 1093 1919 6
1118 1865 1261 1929 θεῖος
1277 1839 1605 1929 ’.Απόστολος
1644 1882 1776 1935 συγ-

1880 1866 1982 1921 bus
2013 1865 2249 1921 invicem
2276 1878 2522 1939 cognatae
2542 1879 2719 1923 erant.
2765 1869 2905 1926 Hine
2926 1872 3091 1926 etiam
3127 1872 3286 1929 divus
3314 1873 3462 1944 Apo-

186 1962 372 2027 γενεῖς
425 1957 591 2012 αὐτοῦ
636 1959 842 2022 πάντας
895 1955 1151 2028 ὀνομάζει
1190 1956 1473 2021 Ἰουδαίους
1498 1997 1512 2022 ,
1572 1956 1743 2031 λέγων
1761 1974 1776 1989 ⁸

194 2067 214 2100 ι
264 2050 527 2121 Ηύχόμην
577 2048 688 2121 γὰρ
729 2048 985 2119 ἀνάθημα
1024 2044 1165 2101 εἶναι
1208 2047 1346 2120 ὑπὲρ
1387 2046 1495 2101 τῶν
1534 2047 1779 2116 ἀδελφῶν

192 2155 320 2208 μου,
349 2138 456 2191 τῶν
492 2138 771 2209 συγγενῶν
800 2155 903 2209 μου
953 2137 1096 2191 κατὰ
1144 2136 1344 2209 σάρκα,
1400 2137 1597 2200 οἵτινές
1643 2139 1780 2191 εἰσιν

201 2229 564 2300 Ἰσραηλῖται·
630 2249 649 2282 ι
698 2230 876 2283 καίτοι
940 2230 1219 2297 συγγενεῖς
1274 2228 1437 2282 αὐτοῦ
1484 2228 1780 2299 ἐτύγχανον

194 2323 347 2392 μόνοι
370 2323 437 2375 ὲκ
468 2321 640 2392 φυλῆς
663 2321 920 2393 Βενιαμίν
940 2338 953 2352 ο
981 2320 1177 2391 οὐκοῦν
1203 2320 1409 2384 πάντας
1436 2320 1625 2384 ἁπλῶς
1653 2322 1781 2385 τοὺς

190 2412 253 2479 ἐξ
292 2412 509 2485 Ἰσραὴλ
562 2411 824 2481 ἀδελφοὺς
868 2413 962 2466 καὶ
1001 2415 1282 2481 συγγενεῖς
1329 2410 1523 2464 ἑαυτοῦ
1563 2415 1781 2484 προσεῖσ-

191 2519 296 2556 πεν
320 2503 349 2555 6
382 2502 624 2565 Παῦλος·
655 2502 798 2556 οὕτω
839 2503 885 2556 δ’
918 2497 1011 2556 οὖν
1050 2502 1147 2555 καὶ
1187 2502 1284 2574 τὴν
1332 2502 1608 2557 Ἐλισάὸετ
1650 2519 1782 2572 συγ-

190 2593 383 2662 γενίδα
405 2597 698 2670 προσεῖπεν
729 2596 757 2647 6
785 2595 1012 2663 ἄγγελος
1030 2598 1094 2667 τῇ
1124 2594 1376 2665 Μαριὰμ,
1405 2594 1493 2649 διὰ
1525 2595 1586 2648 τὸ
1613 2594 1780 2665 ἄμφω

205 2683 596 2755 Ἰσραηλίτιδας
628 2679 793 2736 εἶναι’
831 2683 926 2736 καὶ
956 2682 1129 2746 ἄλλως
1171 2682 1230 2736 δὲ
1276 2681 1422 2745 εἰκὸς
1468 2681 1577 2735 ἀπὸ
1610 2680 1777 2733 τόπου

194 2774 486 2844 συγγενίδα
516 2775 615 2845 τῆς
640 2774 862 2846 Μαρίας
895 2774 1191 2845 κεκλῆσθαι
1222 2775 1321 2846 τὴν
1361 2773 1659 2838 Ἐλισάόετ,
1689 2773 1779 2828 διὰ

189 2867 255 2922 τὸ
287 2870 456 2922 οίκεῖν
481 2869 573 2922 ἐπὶ
601 2870 701 2941 τῆς
732 2868 903 2923 Ἰούδα
927 2868 1099 2940 φυλῆς
1130 2868 1223 2938 ἀφ’
1253 2864 1323 2941 ἦς
1348 2867 1573 2938 ὡρμᾶτο
1600 2869 1633 2937 ἡ
1666 2868 1783 2921 Μα-

197 2960 322 3032 ρία·
365 2962 631 3031 μαρτυρεῖ
672 2959 801 3029 γοῦν
845 2961 875 3013 6
915 2960 1129 3023 Λουκᾶς
1160 2958 1366 3027 λέγων·
1407 2976 1426 3009 ι
1476 2957 1779 3010 ’Λναστᾶσα

190 3052 250 3107 δὲ
293 3051 528 3124 Μαριὰμ
578 3053 635 3105 ἐν
679 3055 799 3117 ταῖς
836 3053 1068 3125 ἡμέραις
1107 3051 1351 3114 ταύταις,
1386 3048 1654 3122 ἐπορεύθη
1698 3050 1778 3113 είς

186 3145 291 3215 τὴν
313 3143 530 3215 ὀρεινὴν
566 3142 705 3213 μετὰ
740 3144 975 3214 σπουδῆς
1000 3145 1080 3207 εἰς
1120 3143 1270 3195 πόλιν
1314 3141 1501 3205 Ἰούδα,
1527 3142 1622 3195 καὶ
1667 3143 1779 3194 είσ-
1801 3180 1844 3237 c

189 3234 354 3304 ῆλθεν
383 3236 461 3297 εἰς
486 3235 576 3287 τὸν
600 3230 747 3288 οἷκον
779 3235 1044 3305 Ζαχαρίου
1075 3234 1169 3287 καὶ
1191 3234 1472 3303 ἠσπάσατο
1499 3232 1596 3303 τὴν
1636 3230 1774 3284 Ἐλι-

192 3326 395 3380 σάϐετ·
433 3346 452 3379 ι
484 3324 578 3380 τοῦ
623 3327 733 3398 γάρ
782 3327 1061 3391 Μωῦσέως
1108 3328 1273 3399 νόμου
1309 3326 1382 3398 μὴ
1417 3326 1774 3398 ἀφορίσαντος

188 3420 259 3489 τῇ
292 3417 401 3471 τῶν
433 3418 622 3490 ἱερέων
648 3419 785 3491 φυλῇ
818 3419 1037 3491 κλῆρον,
1061 3420 1142 3473 ὃτι
1166 3419 1367 3490 Κύριος
1394 3421 1422 3472 6
1446 3419 1576 3481 Θεὸς
1618 3418 1775 3490 μερὶς

190 3506 394 3571 αὐτῶν,
425 3508 815 3579 διαταξαμένου
857 3509 914 3562 δὲ
954 3508 1157 3580 μεταξὺ
1200 3508 1311 3562 τῶν
1348 3507 1550 3561 λοιπῶν
1592 3508 1774 3577 φυλῶν

188 3599 362 3650 οἰκεῖν
403 3599 619 3663 αὐτοὺς,
667 3599 759 3652 τοῦ
807 3617 865 3654 τε
906 3600 1173 3671 Ζαχαρίου
1222 3600 1316 3657 καὶ
1353 3602 1452 3671 τῆς
1497 3599 1775 3652 Ἐλισάὸετ

190 3687 347 3741 πόλιν
396 3688 567 3758 φυλῆς
613 3688 782 3743 Ἰούδα
809 3691 1271 3761 κατοικησάντων,
1316 3693 1410 3760 ἀφ’
1453 3686 1521 3764 ἦς
1553 3690 1776 3762 ὡρμᾶτο

188 3777 400 3849 Μαρίας
427 3779 573 3843 είκδς
591 3780 687 3833 καί
720 3778 923 3851 ταύτης
950 3780 1136 3834 ἕνεκεν
1156 3781 1256 3852 τῆς
1280 3780 1459 3843 αἰτίας
1497 3780 1777 3847 συγγενεῖς

189 3869 362 3934 αὑτὰς
390 3871 741 3943 άνειρῆσθαι·
768 3872 868 3924 οὐκ
897 3872 1122 3937 ἀπεικὸς
1152 3871 1210 3924 δὲ
1242 3872 1336 3925 καὶ
1371 3871 1469 3943 τῆς
1496 3874 1774 3941 ὀμοιατρο-

189 3959 322 4025 πίας
366 3962 547 4034 χάριν,
584 3961 651 4016 δι’
693 3956 761 4034 ἧς
807 3963 976 4033 άμφω
1019 3958 1120 4033 τῆς
1154 3961 1423 4033 σωτηρίου
1465 3960 1775 4031 οἰκονομίας

190 4050 525 4123 ἠξιώθησαν,
568 4055 602 4125 ὴ
640 4054 739 4125 μὲν
782 4054 874 4107 τὸν
910 4055 1160 4125 Σωτῆρα,
1195 4056 1227 4125 ἡ
1261 4054 1318 4107 δὲ
1349 4053 1440 4107 τὸν
1471 4053 1775 4125 πρόδρομον

188 4142 286 4196 τοῦ
316 4144 567 4215 Σωτῆρος
609 4143 1026 4217 ύποδεξάμεναι,
1062 4145 1182 4209 ἑνός
1225 4162 1284 4198 τε
1332 4146 1428 4198 καὶ
1470 4143 1565 4197 τοῦ
1607 4143 1773 4197 αὐτοῦ

188 4234 351 4303 ἁγίου
381 4234 697 4306 Πνεύματος
731 4236 1127 4307 μετασχοῦσαι·
1157 4236 1237 4290 διὸ
1264 4236 1358 4290 καὶ
1384 4235 1616 4307 μάλιστα
1647 4237 1774 4313 μιᾶς

187 4327 289 4398 τῆς
313 4326 458 4381 κατὰ
485 4327 618 4381 Θεὸν
643 4329 958 4398 συγγενείας
1007 4331 1272 4401 μετεῖχον.
1305 4327 1466 4382 Ἀλλὰ
1490 4328 1646 4383 τοῦτο
1676 4329 1773 4400 μὲν

189 4417 367 4483 οὕτως
389 4419 708 4474 άπολυτέον.

1879 1957 2054 2014 stolus
2080 1956 2300 2015 Iudaeos
2340 1974 2536 2016 omnes
2566 1961 2806 2031 appellat
2839 1970 3104 2035 cognatos
3137 1978 3292 2030 suos,
3328 1962 3463 2018 dum

1880 2048 1983 2107 ait:
2049 2046 2355 2117 «Optabam
2405 2063 2508 2120 ego
2554 2050 2853 2108 anathema
2896 2066 3021 2108 esse
3053 2067 3153 2123 pro
3196 2052 3462 2109 fratribus

1878 2138 2040 2203 meis,
2071 2138 2165 2209 qui
2217 2139 2354 2194 mihi
2397 2142 2704 2196 secundum
2757 2156 3016 2197 carneam
3058 2152 3312 2197 naturam
3365 2158 3462 2199 co—

1879 2229 2029 2301 gnati
2088 2235 2240 2294 sunt,
2296 2227 2652 2286 lsraelitis’.»
2704 2231 2874 2303 Atqui
2916 2233 3133 2303 cognati
3171 2233 3309 2305 .ejus
3356 2234 3459 2291 soli

1878 2334 2069 2375 revera
2101 2326 2260 2375 erant
2297 2319 2652 2389 Benjamitae:
2693 2330 2749 2378 et
2799 2331 2980 2378 tamen
3014 2339 3208 2381 omnes
3238 2324 3461 2382 Israeli-

1879 2415 1966 2463 tas
1999 2407 2235 2483 fratrum
2268 2409 2586 2466 nominibus
2631 2416 2688 2465 et
2731 2420 3091 2482 cognatorum
3119 2411 3326 2468 Paulus
3375 2414 3458 2469 in-

1879 2499 2109 2571 digitata
2141 2500 2233 2556 Sic
2261 2516 2394 2571 ergo
2433 2502 2661 2573 angelus
2682 2502 3056 2558 Elisabetham
3093 2504 3233 2560 dixit
3268 2504 3454 2562 Maria:

1879 2599 2187 2663 cognatam,
2238 2600 2529 2664 propterea
2579 2594 2727 2665 quod
2775 2595 2950 2651 amba:
3001 2595 3337 2654 lsraelitides
3368 2613 3461 2654 es-

1879 2691 2021 2740 sent.
2066 2684 2294 2761 Insuper
2313 2699 2381 2739 ex
2408 2685 2529 2754 ipso
2560 2685 2681 2739 loco
2708 2685 2845 2741 satis
2869 2685 3053 2741 decuit
3080 2684 3458 2743 Elisabetham

1835 2836 1847 2847 ,
1880 2774 2146 2844 appellari
2180 2773 2368 2829 Maria:
2393 2783 2702 2845 cognatam,
2750 2776 2878 2845 quia
2931 2776 3192 2830 nimirum
3242 2776 3461 2831 habita-

1878 2864 1972 2919 bat
2018 2865 2074 2919 in
2098 2863 2254 2921 Juda:
2284 2866 2454 2931 tribu,
2494 2866 2641 2919 unde
2687 2880 2860 2936 genus
2890 2867 3059 2921 traxit
3102 2864 3293 2922 Maria.
3356 2864 3458 2923 Rei

1880 2956 2035 3011 testis
2059 2954 2258 3021 Lucas,
2295 2957 2389 3027 qui
2414 2956 2519 3010 ait:
2552 2974 2572 3007 ι
2599 2954 2909 3028 Exsurgens
2942 2964 3123 3014 autem
3147 2958 3234 3014 his
3262 2958 3458 3015 diebus

1879 3045 2050 3102 Maria
2083 3048 2219 3103 abiit
2248 3050 2304 3119 in
2335 3057 2591 3104 montana
2619 3062 2746 3104 cum
2778 3048 3152 3117 festinatione,
3185 3052 3239 3106 in
3264 3054 3456 3108 urbem

1876 3137 2051 3203 Juda2,
2086 3148 2141 3195 et
2170 3140 2418 3212 ingressa
2449 3148 2535 3196 est
2582 3142 2806 3196 domum
2854 3142 3158 3207 Zachariae,
3208 3159 3273 3198 ac
3301 3145 3455 3199 salu-

1875 3229 2008 3284 tavit
2029 3229 2416 3305 Elisabetbam.
2444 3252 2463 3284 ι
2507 3231 2718 3288 Etenim
2743 3250 2867 3289 cum
2892 3235 2975 3290 lex
3006 3234 3239 3289 Mosaica
3271 3250 3458 3291 sacer-

1876 3320 2046 3377 dotali
2091 3324 2256 3378 tribui
2307 3326 2692 3393 possessiones
2721 3342 2835 3382 non
2871 3328 3286 3399 assignavisset,
3321 3329 3452 3400 quia

1875 3412 2142 3470 Dominus
2188 3414 2333 3472 Deus
2376 3431 2504 3486 pars
2550 3417 2672 3487 ejus
2705 3425 2810 3485 est,
2864 3420 3237 3476 mandavisset
3270 3431 3454 3478 autem

1881 3516 1942 3562 ut
1969 3508 2115 3563 inter
2146 3520 2371 3563 caeteras
2396 3510 2572 3565 tribus
2619 3510 2910 3577 incoleret;
2960 3526 3197 3581 cumque
3240 3510 3455 3567 Zacha-

1874 3600 1990 3655 rias
2024 3606 2079 3654 et
2104 3597 2416 3654 Elisabetba
2447 3602 2681 3671 quadam
2707 3602 2764 3656 in
2797 3602 2933 3658 urbe
2972 3604 3148 3659 tribus
3177 3602 3329 3658 Iuda:
3358 3606 3456 3659 lia-

1876 3690 2132 3756 bitarent,
2187 3691 2334 3746 unde
2375 3691 2601 3747 oriunda
2658 3699 2779 3747 erat
2824 3692 3033 3762 Maria;
3076 3709 3176 3764 par
3221 3693 3324 3749 fuit
3358 3712 3454 3752 eas

1875 3783 1947 3838 ob
1975 3783 2118 3837 hanc
2144 3799 2369 3839 causam
2403 3793 2673 3854 cognatas
2700 3784 2999 3854 appellari:
3028 3800 3205 3856 neque
3240 3786 3296 3841 id
3327 3803 3454 3841 rur-

1876 3889 1972 3931 sus
2014 3875 2291 3930 immerito
2318 3886 2543 3946 propter
2571 3890 2786 3929 morum
2837 3876 3275 3941 similitudinem,
3314 3893 3453 3946 quo—

1875 3979 2000 4020 rum
2037 3967 2212 4037 gratia
2248 3977 2480 4038 utraque
2508 3966 2708 4021 mulier
2749 3963 3013 4036 mysterio
3046 3968 3241 4023 salutis
3287 3969 3454 4038 digna

1877 4056 2015 4115 fuit:
2061 4066 2115 4112 et
2141 4060 2312 4114 altera
2340 4059 2563 4130 quidem
2610 4057 2987 4123 Servatorem,
3029 4059 3198 4114 altera
3246 4056 3447 4113 Serva-

1877 4144 2014 4201 toris
2051 4161 2442 4216 prtecursorem
2474 4147 2687 4205 sinibus
2727 4147 2845 4203 suis
2892 4154 3235 4217 receperunt,
3280 4147 3448 4202 unius

1877 4235 2128 4290 videlicet
2153 4236 2509 4306 eiusdemque
2557 4239 2733 4293 sancti
2766 4236 3002 4308 Spiritus
3035 4236 3206 4306 gratia
3245 4238 3446 4307 potitze.

1879 4323 2059 4395 Atque
2102 4325 2207 4381 hoc
2255 4326 2338 4381 vel
2369 4327 2604 4383 maxime
2652 4329 2872 4385 nomine
2928 4327 3230 4383 secundum
3278 4327 3446 4381 Deum

1874 4423 2123 4485 cognatae
2170 4415 2388 4471 fuerunt
2422 4416 2521 4490 (4).
2582 4418 2707 4474 Haec
2753 4416 3040 4490 praisentis
3080 4415 3445 4471 dubitationis

1791 4518 1838 4577 Ι)
1867 4510 2070 4566 solutio
2099 4516 2204 4565 est.

260 4623 325 4678 θ’.
349 4625 413 4678 Et
449 4624 507 4678 δὲ
540 4625 747 4697 κεφαλὴ
776 4628 874 4697 τῆς
902 4628 1157 4696 γυναικδς
1177 4628 1428 4698 τυγχάνει
1451 4627 1480 4678 6
1504 4625 1578 4679 ὣν
1606 4626 1767 4697 ἀνὴρ,

187 4716 332 4771 κατὰ
352 4717 443 4770 τὸν
460 4716 602 4770 θεῖον
616 4718 956 4783 Ἀπόστολον,
973 4720 1067 4772 καὶ
1088 4719 1297 4773 ἔσονται
1315 4720 1364 4772 οἱ
1386 4716 1478 4772 δύο
1492 4719 1572 4781 είς
1592 4718 1770 4789 σάρκα

192 4809 346 4879 μίαν,
376 4809 521 4863 κατὰ
543 4810 636 4862 τὸν
653 4811 931 4876 Μωῦσὲως
955 4812 1135 4882 νόμον,
1167 4812 1202 4882 ﬂ
1232 4829 1290 4864 τε
1318 4811 1767 4881 μεμνηστευμένη

186 4897 343 4969 ἀνδρὶ
368 4899 741 4972 διαμαρτοῦσα
774 4902 1016 4973 μοιχείας
1054 4901 1193 4956 κατὰ
1229 4902 1292 4955 τὸ
1327 4901 1456 4954 αύτδ
1510 4900 1766 4972 τιμωρίαν

186 4988 469 5058 ὑπομένει,
503 4990 579 5054 ὡς
602 4991 703 5064 ἤδη
728 4991 820 5044 τοῦ
853 4992 1159 5063 μνηστῆρος
1197 4991 1355 5061 σῶμα
1381 4989 1644 5062 γενομένη
1674 4990 1768 5043 καὶ

184 5081 431 5154 κεφαλὴν
458 5083 873 5155 ἐπιγραψαμένη
908 5085 1000 5139 τὸν
1027 5085 1213 5151 ἄνδρα,
1246 5083 1364 5148 πῶς
1407 5084 1526 5154 οὐχὶ
1547 5084 1645 5154 τῆς
1674 5101 1768 5137 κε-

186 5173 364 5245 φαλῆς
388 5175 904 5247 γενεαλογουμένης,
934 5176 1125 5231 ἕπεται
1166 5176 1256 5233 καὶ
1292 5176 1352 5229 τὸ
1382 5176 1542 5247 σῶμα
1565 5177 1631 5246 τῇ
1676 5192 1767 5228 κε-

184 5264 330 5337 φαλῇ
384 5265 861 5338 συναριθμεῖσθαι;
915 5266 1055 5321 ὥστε
1109 5269 1202 5323 καὶ
1253 5267 1350 5339 τὴν
1396 5268 1612 5339 Μαρίαν
1665 5266 1764 5338 ἤδη

257 5422 279 5453 ’
315 5419 475 5489 Rom.
508 5436 596 5486 ιι.
630 5422 684 5478 ⁸5.
762 5424 808 5456 ³⁸
845 5421 1044 5495 Ephes.
1082 5440 1133 5491 v,
1166 5423 1257 5480 23.
1335 5424 1378 5456 ¹¹
1417 5422 1551 5479 Gen.
1588 5439 1667 5487 ll,
1695 5422 1791 5479 24.

260 5577 362 5650 (3f)
394 5579 495 5650 ATs.
528 5576 670 5650 Lege
690 5578 768 5633 δέ.
801 5578 958 5650 Eutr.

262 5645 351 5720 (ὓ
381 5645 630 5720 Quaestio
648 5649 761 5704 haec
783 5649 851 5705 de
875 5649 1201 5720 cognatione
1226 5648 1407 5720 Mariae
1432 5648 1626 5720 matris
1647 5646 1756 5720 Dos

1944 4624 2000 4680 9.
2034 4624 2190 4690 Quod
2217 4625 2264 4680 si
2292 4632 2476 4682 autem
2499 4631 2664 4696 caput
2686 4624 2932 4681 mulieris
2963 4624 3043 4678 vir
3089 4631 3192 4686 est,
3214 4622 3283 4678 de
3303 4622 3449 4692 Apo-

1873 4716 2001 4772 stoli
2050 4716 2162 4770 divi
2197 4717 2555 4783 sententia”,
2587 4717 2811 4787 duoque
2858 4725 2990 4772 sunt
3024 4716 3078 4770 in
3122 4730 3290 4770 carne
3336 4730 3445 4768 una

1873 4825 1939 4864 ex
1980 4808 2233 4875 Mosaicae
2266 4809 2404 4880 legis
2449 4810 2734 4881 regula“;
2769 4817 2824 4865 et
2852 4809 2898 4866 si
2940 4820 3106 4878 nupta
3138 4808 3277 4870 viro,
3321 4823 3442 4877 quae

1871 4900 2139 4971 ﬂagitium
2171 4900 2481 4966 admiserit,
2526 4901 2781 4957 adulterii
2826 4916 3043 4972 poenam
3071 4900 3141 4954 ob
3172 4900 3227 4954 id
3266 4900 3445 4969 ipsum

1874 4993 2019 5048 subit
2038 5010 2053 5059 ;
2070 5007 2171 5046 ceu
2190 5008 2312 5062 qua:
2327 4993 2439 5062 jam
2464 4994 2651 5063 sponsi
2675 5008 2881 5067 corpus
2902 4991 3043 5047 facta
3076 4998 3214 5054 erat,
3230 4991 3446 5061 sibique

1873 5092 2035 5153 caput
2062 5083 2399 5155 imposuerat
2432 5085 2651 5154 virum;
2686 5100 2788 5141 cur
2815 5084 2864 5140 si
2896 5083 3096 5154 capitis
3127 5082 3445 5153 genealogia

1874 5178 2169 5242 scribatur,
2226 5192 2429 5249 corpus
2484 5194 2612 5233 cum
2650 5177 2828 5248 capite
2888 5174 3275 5230 eonnumerari
3333 5188 3446 5229 non

1874 5266 1947 5322 sit
1974 5266 2437 5322 consectaneum?
2467 5264 2835 5334 Quamobrem
2870 5263 3039 5318 Maria
3071 5262 3311 5335 Josepho
3328 5263 3444 5335 jam

1869 5577 1985 5630 Vat.
2017 5575 2317 5645 palatinum
2349 5571 2619 5645 epitomae,
2639 5573 2801 5645 etiam
2830 5572 2889 5645 _i_n
2920 5570 3131 5645 caterﬁs
3156 5567 3438 5645 _Va_ticariis

1861 5638 2062 5701 Nicetis
2092 5646 2217 5700 cod.
2252 5646 2316 5698 A.
2355 5638 2398 5698 fl
2424 5642 2518 5705 22,
2553 5654 2608 5699 et
2643 5643 2872 5697 Macarii-
2898 5642 3023 5697 cod.
3059 5638 3123 5696 E.
3150 5639 3189 5694 f.
3226 5639 3313 5696 50.
3342 5638 3441 5695 Se-

189 5710 475 5777 mihicum
508 5717 847 5784 Elisabetha,
901 5710 1079 5775 exstat
1121 5720 1225 5775 sub
1256 5718 1497 5787 ejusdem
1534 5718 1755 5773 Eusebii
1859 5732 2035 5787 quens
2068 5715 2538 5787 tamenth‘tinque
2583 5714 2872 5771 verborum
2916 5711 3166 5769 clausula
3214 5710 3437 5768 nonnisi

191 5787 434 5871 nomine,
471 5790 560 5867 vix
596 5790 787 5861 paucis
821 5791 1001 5847 verbis
1032 5784 1495 5860 variatis,'pra2tcr
1515 5790 1759 5846 codicem
1856 5784 1914 5844 in
1949 5787 2139 5844 codice
2163 5786 2228 5841 A.
2262 5784 2480 5856 legitur.

3470 5424 3479 5461 l
