3846 6220
386 381 486 438 89f
1103 381 1372 438 EUSEBI]
1405 380 1885 438 CAESARIENSIS
1921 381 2073 439 ΟΡΡ.
2110 380 2291 437 PARS
2319 380 2405 438 lll‘.
2447 408 2518 422 —
2543 379 2953 437 EXEGETICA.
3554 378 3662 433 892

388 513 582 573 nupta,
615 502 812 557 merito
847 502 902 556 in
946 501 1067 573 ejus
1102 504 1420 574 genealogia
1459 503 1812 573 intelligenda
1838 512 1918 558 est

2061 504 2411 575 συνημμένην
2436 502 2513 575 τῷ
2545 504 2765 575 Ἰωσὴφ,
2812 503 3035 564 εἰκότως
3069 498 3657 570 συναντιλαμϐάνεσθαι

385 608 512 649 cum
549 595 855 664 praesertim
904 595 1191 664 perspicue
1244 595 1685 649 demonstratum
1735 595 1805 648 sit
1853 612 1938 648 non

2065 596 2164 667 τῆς
2189 595 2537 664 γενεαλογίας
2569 596 2656 649 ὅτε
2694 594 2927 665 μάλιστα
2964 594 3057 663 τῆς
3093 592 3262 662 αὐτῆς
3300 590 3455 661 αὐτῷ
3483 591 3658 661 φυλῆς

389 687 568 741 solum
604 700 673 740 e1
712 685 834 755 ejus
863 687 1011 740 tribu
1070 686 1264 749 fuisse,
1303 703 1492 741 verum
1525 688 1688 741 etiam
1725 696 1883 758 gente
1910 704 1938 741 e

2063 688 2124 739 οὐ
2157 687 2337 758 μόνον,
2373 686 2509 741 ἀλλά
2533 688 2629 741 καὶ
2661 686 2835 758 δήμου
2870 686 2965 739 καὶ
3010 687 3247 756 πατριᾶς
3275 685 3655 739 ἀποδέδεικται

2062 777 2326 850 γενομένη
2352 796 2364 807 ·
2417 780 2509 832 καὶ
2552 778 2726 841 άλλως
2760 778 2819 831 δὲ
2861 778 2919 831 ὲν
2964 776 3043 848 τῷ
3075 777 3208 848 πρὸς
3232 776 3399 847 αὐτὴν
3429 794 3653 848 χρημα-

2060 869 2240 939 τισμῷ
2268 868 2537 933 θεσπίζων
2570 872 2598 922 6
2630 869 2871 940 Γαϐριὴλ
2904 869 3041 939 μετά
3085 867 3193 921 τῶν
3223 868 3396 922 ἄλλων
3430 868 3652 939 εἴρηκε·

2069 979 2088 1011 ι
2124 961 2232 1013 Καὶ
2259 960 2413 1014 δώσει
2450 960 2599 1032 αὐτῷ
2632 963 2660 1014 6
2693 960 2825 1024 Θεὸς
2856 960 2946 1014 τδν
2983 960 3170 1032 θρόνον
3208 959 3371 1013 Δαϐὶδ
3408 960 3505 1013 τοῦ
3548 978 3653 1014 πα-

2060 1052 2188 1123 τρὸς
2216 1052 2378 1106 αὑτοῦ
2400 1071 2412 1082 ·
2452 1072 2470 1105 ι
2500 1052 2688 1123 σαφῶς
2722 1053 2987 1107 διδάσκων
3014 1053 3096 1105 ὅτι
3128 1051 3221 1105 τοῦ
3259 1051 3318 1116 ἐξ
3347 1052 3521 1122 abdi;
3566 1068 3652 1120 γε-

2060 1143 2357 1213 νησομένου
2394 1144 2694 1215 προπάτωρ
2737 1139 2805 1214 ἦν
2852 1144 2884 1195 δ
2925 1142 3121 1196 Δαϐίδ*
3168 1140 3284 1205 πῶς
3325 1141 3435 1213 γὰρ
3474 1141 3651 1204 ἄλλως

2060 1235 2205 1298 είκὺς
2230 1230 2297 1305 ἦν
2321 1234 2490 1288 ταῦτα
2513 1238 2578 1306 τῇ
2606 1235 2861 1306 παρθένῳ
2882 1235 3044 1303 φάναι
3069 1234 3159 1288 τὸν
3185 1232 3436 1302 ἄγγελον,
3461 1232 3495 1305 ῆ
3527 1251 3650 1286 aw-

2059 1326 2423 1397 ομολογοῦντα
2468 1328 2532 1380 ἐκ
2572 1326 2666 1380 τοῦ
2716 1325 2879 1379 Δαϐὶδ
2921 1322 3094 1390 εἷναι;
3138 1325 3197 1378 οὐ
3241 1325 3349 1395 γὰρ
3380 1324 3449 1378 ἂν
3486 1326 3562 1397 μὴ
3586 1327 3649 1378 ὲκ

2061 1416 2229 1470 Δαϐὶδ
2242 1417 2585 1491 τυγχανούσῃ
2604 1417 2910 1489 εἰρήκειτὸ,
2936 1436 2954 1467 ι
2974 1415 3305 1487 Δώσειαύτῴ
3335 1419 3363 1469 6
3393 1414 3532 1479 Θεὸς
3561 1418 3647 1469 τὸν

2058 1508 2244 1580 θρόνον
2281 1510 2445 1563 Δαϐὶδ
2500 1509 2595 1563 τοῦ
2654 1506 2861 1581 πατρὸς
2918 1507 3114 1561 αὐτοῦ·
3149 1528 3168 1561 ι
3196 1509 3348 1562 ποίου
3381 1508 3495 1580 γάρ
3539 1524 3645 1561 πα-

2055 1600 2218 1670 τρός;
2256 1602 2478 1665 εἰκότως
2499 1601 2562 1655 ἂν
2603 1602 2767 1672 ἤρετο
2798 1603 2832 1672 ἡ
2861 1600 3147 1675 παρθένος,
3184 1599 3524 1670 ὁμολογοῦσα
3551 1598 3646 1669 μὲν

2054 1691 2134 1743 ὅτι
2162 1691 2330 1761 ἄνδρα
2370 1693 2430 1744 οὐ
2472 1691 2749 1760 γινώσκει,
2786 1692 3031 1763 μαθοῦσα
3063 1691 3121 1744 δὲ
3153 1691 3234 1744 ὅτι
3282 1693 3348 1743 ὲκ
3387 1691 3642 1761 Πνεύμα-

2053 1798 2144 1845 τος
2180 1784 2337 1851 ἁγίου
2386 1772 2731 1855 συλλήψεται,
2763 1785 2812 1836 εί
2856 1784 2931 1854 μὴ
2974 1784 3057 1836 ὅτι
3100 1783 3273 1854 σαφὴς
3308 1779 3378 1855 ἦν
3418 1784 3450 1837 6
3488 1784 3644 1853 λόγος

388 776 614 832 familia.
672 775 1071 848 Praeterquam
1102 780 1248 849 quod
1298 782 1462 834 etiam
1508 778 1731 834 Gabriel
1765 781 1822 833 in
1867 780 1962 835 illo

388 886 515 925 cum
560 870 731 924 Maria
788 872 1065 941 colloquio
1096 873 1402 927 vaticinans
1435 873 1577 926 inter
1607 880 1805 926 caetera
1844 873 1959 929 ait:

391 962 593 1018 «Dabit
653 964 731 1018 illi
789 962 933 1021 Deus
980 966 1164 1021 sedem
1234 966 1456 1022 Davidis
1513 968 1685 1036 patris
1738 966 1955 1037 ο]υε;›

384 1065 568 1122 aperte
599 1055 831 1119 docens,
868 1057 989 1120 ejus
1026 1059 1120 1128 qui
1161 1075 1229 1113 ex
1285 1060 1405 1129 ipsa
1448 1060 1767 1115 nasciturus
1818 1070 1959 1126 erat,

381 1142 642 1199 Davidem
669 1161 793 1202 esse
831 1151 1258 1219 progenitorem.
1309 1150 1571 1220 Alioquin
1610 1153 1705 1223 qui
1735 1152 1959 1208 decuis-

381 1245 467 1291 set
493 1236 608 1291 haec
653 1239 723 1292 ab
754 1240 946 1310 angelo
985 1242 1091 1296 dici
1143 1242 1285 1312 apud
1328 1244 1618 1313 virginem,
1662 1244 1772 1299 nisi
1809 1260 1961 1298 eam-

379 1327 502 1382 dem
556 1327 624 1383 de
655 1328 874 1384 Davidis
916 1347 1115 1400 genere
1163 1350 1287 1389 esse
1316 1336 1715 1389 conﬁteretur?
1771 1334 1959 1405 Neque

378 1435 513 1475 sane
538 1419 756 1476 feminae
795 1424 986 1478 alienae
1029 1440 1058 1477 a
1101 1423 1324 1481 Davidis
1357 1428 1529 1497 stirpe
1562 1428 1773 1482 dictum
1827 1429 1957 1484 fuis-

376 1518 481 1575 set,
538 1512 729 1567 «dabit
762 1515 840 1568 illi
877 1514 1022 1570 Deus
1054 1518 1238 1571 sedem
1288 1518 1511 1574 Davidis
1557 1521 1730 1591 patris
1774 1521 1948 1589 ejus.»

376 1600 547 1668 Quem
608 1605 755 1658 enim
817 1621 1013 1660 narras
1077 1616 1309 1679 patrem,
1361 1611 1516 1680 virgo
1579 1612 1954 1681 respondisset

374 1692 517 1762 (quae
547 1696 768 1764 quidem
827 1695 1107 1750 fatebatur
1152 1713 1211 1753 se
1261 1700 1439 1753 virum
1500 1702 1735 1764 nescire,
1798 1702 1955 1756 intel-

372 1784 579 1839 lexerat
613 1794 795 1841 autem
843 1787 961 1843 fore
995 1799 1055 1842 ut
1097 1787 1166 1843 de
1200 1787 1408 1859 Spiritu
1451 1800 1645 1846 sancto
1689 1795 1945 1863 concipe-

371 1876 521 1946 ret),
578 1880 687 1932 nisi
733 1880 959 1933 omnino
1014 1881 1062 1935 is
1111 1897 1294 1936 sermo
1324 1882 1469 1952 apud
1516 1882 1734 1941 Davidis
1782 1885 1938 1940 ﬁliam

2052 1874 2187 1945 πρὸς
2226 1874 2498 1945 θυγατέρα
2542 1875 2707 1929 Δαϐὶδ
2742 1874 3061 1946 λεγόμενος·
3098 1874 3246 1928 ἔνθεν
3284 1875 3515 1939 εεκὰτως
3540 1893 3644 1947 φη-

371 1966 563 2023 ﬁeret?
602 1968 740 2024 llinc
778 1977 901 2039 apte
947 1969 1126 2027 Lucas
1159 1972 1271 2027 ait:
1314 1991 1332 2024 ι
1358 1972 1620 2029 Ascendit
1646 1985 1828 2030 autem
1852 1977 1950 2032 Jo-

372 2060 577 2129 sephus
612 2060 679 2115 de
713 2059 934 2115 Galilaaa
975 2078 1042 2127 ex
1094 2064 1230 2120 urbe
1280 2063 1552 2120 Nazareth
1582 2068 1638 2121 in
1678 2067 1944 2133 Judaaam,

370 2158 432 2204 ut
459 2165 658 2205 nomen
707 2167 867 2206 suum
904 2155 1259 2222 proﬁteretur
1291 2156 1346 2209 in
1395 2158 1532 2213 urbe
1580 2156 1804 2215 Davidis
1859 2163 1947 2216 cui

370 2254 573 2294 nomen
606 2239 945 2307 Bethlehem,
985 2254 1274 2315 propterea
1312 2247 1453 2316 quod
1490 2258 1634 2303 esset
1680 2250 1746 2303 de
1783 2249 1947 2305 domo

370 2329 686 2400 familiaque
722 2329 941 2388 Davidis
970 2348 1093 2387 cum
1119 2334 1291 2390 Maria
1320 2338 1648 2408 desponsata
1673 2339 1778 2394 sibi
1810 2355 1946 2411 prae-

368 2427 625 2488 gnante.»
696 2418 854 2475 Haud
881 2438 1010 2493 ergo
1050 2424 1278 2482 ulterius
1306 2442 1431 2480 cum
1473 2429 1829 2498 perplexitate
1868 2432 1945 2486 le-

367 2524 558 2579 gemus
608 2511 755 2566 hunc
811 2512 1089 2586 Evangelii
1140 2516 1346 2584 locum,
1398 2534 1497 2573 ceu
1542 2521 1586 2575 si
1646 2520 1817 2575 Maria
1874 2521 1943 2575 ad

366 2600 733 2668 proﬁtendum
782 2605 1170 2661 tantummodo
1228 2624 1427 2662 nomen
1490 2610 1768 2676 venisset;
1843 2610 1940 2665 sed

366 2689 543 2758 ipsam
574 2705 796 2761 quoque
840 2694 1177 2762 putabimus,
1213 2696 1359 2750 haud
1388 2713 1548 2752 secus
1582 2713 1746 2767 quam
1783 2697 1942 2755 Jose-

366 2780 557 2850 phum,
591 2779 657 2837 de
712 2782 876 2837 domo
927 2784 1243 2861 familiaque
1314 2787 1535 2845 Davidis
1572 2806 1725 2848 esse.
1778 2807 1938 2861 quam

368 2868 715 2938 Scripturam
763 2881 823 2927 ut
868 2874 944 2927 ita
986 2858 1432 2947 interpretemur,
1480 2858 1816 2951 argumentis
1871 2885 1939 2939 iis

363 2961 573 3016 utimur
598 2979 729 3034 quae
771 2966 1041 3025 hactenus
1072 2971 1421 3040 protulimus.
1459 2971 1601 3043 Ergo
1627 2976 1935 3044 perspicue,

363 3064 425 3109 ut
454 3054 669 3123 Opinor.
702 3057 1132 3115 demonstratum
1164 3070 1268 3124 est,
1305 3063 1447 3117 haud
1480 3072 1687 3119 temere
1715 3064 1937 3136 Josephi

361 3144 736 3215 genealogiam
776 3148 844 3202 ab
874 3149 1093 3220 inclytis
1134 3154 1396 3221 apostolis
1429 3153 1601 3209 fuisse
1627 3166 1930 3225 narratam,

361 3242 416 3287 et
448 3231 673 3286 Mariam
699 3236 765 3288 de
809 3252 1006 3307 genere
1047 3239 1271 3296 Davidis
1315 3259 1444 3299 vere
1477 3246 1738 3313 derivari,
1773 3250 1934 3306 item-

362 3340 469 3394 que
501 3340 649 3388 eum,
681 3326 775 3394 qui
813 3342 879 3382 ex
906 3331 1025 3400 ipsa
1064 3343 1227 3391 natus
1267 3345 1379 3401 est,
1426 3336 1615 3394 Jesum
1670 3339 1765 3395 Dei
1825 3358 1930 3397 un-

361 3426 532 3471 ctum.

1123 3515 1185 3569 ll.

362 3620 473 3675 Cur
534 3622 676 3699 alter
726 3628 1042 3699 evangelista
1091 3646 1311 3698 superne
1368 3632 1431 3684 ab
1481 3634 1788 3693 Abrahamo
1835 3655 1937 3694 ea:-

432 3709 585 3769 qrsus
641 3695 870 3751 deducai
926 3695 1318 3769 genealogiam;
1395 3704 1531 3757 alter
1602 3721 1777 3762 autem
1849 3711 1930 3763 in-

441 3762 588 3847 ferne
619 3762 1250 3847 ,διιὺρνεάίαῖιινςληέίιιιε
1295 3762 1351 3825 in
1400 3774 1705 3847 Aera/ramo
1750 3762 1930 3847 sistat,

441 3784 588 3832 μιν-ηε
635 3784 730 3819 suo
769 3784 1042 3834 reaiatur;
1089 3787 1250 3835 neque
1295 3788 1351 3825 ιη
1400 3784 1699 3831 Abrahama

430 3834 520 3887 sed
561 3835 630 3887 ad
656 3784 923 3892 Adamum
952 3857 1016 3893 ac
1048 3839 1214 3893 Deum
1244 3859 1406 3912 usque
1438 3844 1699 3904 deveniat.

432 3924 484 3980 1.
520 3922 897 3991 Quaestionum
932 3945 962 3983 a
996 3941 1048 3983 te
1076 3933 1480 4001 propositarum
1524 3939 1767 3993 secunda
1816 3940 1931 3996 haec

358 4012 486 4068 fuit.
540 4014 923 4089 Genealogiam
975 4020 1262 4077 Matthzeus
1314 4039 1381 4077 ex
1426 4024 1739 4081 Ahrahanlo
1787 4030 1933 4084 deri-

358 4111 490 4171 vat;
531 4103 711 4162 Lucas
741 4118 922 4163 autem
956 4113 1290 4165 contrariam
1332 4113 1461 4168 huic
1494 4116 1638 4169 viam
1673 4118 1931 4177 insistens

358 4191 552 4264 incipit
602 4198 701 4252 abs
758 4198 1019 4269 Josepho,
1080 4203 1364 4273 tenditque
1420 4205 1487 4259 ad
1541 4206 1810 4263 Adamum
1867 4226 1931 4266 ac

356 4282 549 4340 Deum.
588 4286 749 4357 Atqui
779 4293 1085 4358 Oportebat,
1127 4292 1397 4362 siquidem
1455 4296 1510 4348 hi
1557 4312 1805 4353 consona
1845 4301 1931 4355 in-

354 4376 530 4431 vicem
573 4386 629 4432 et
688 4390 1057 4437 consentanea
1089 4385 1425 4450 scribebant,
1471 4389 1555 4442 vel
1590 4389 1793 4445 Lucam
1840 4409 1930 4449 as-

2052 1966 2135 2018 σὶν
2173 1968 2201 2018 6
2236 1968 2475 2031 Λουκᾶς·
2510 1986 2528 2018 ι
2571 1967 2760 2038 Ἀνέϐη
2802 1967 2860 2020 δὲ
2896 1967 2991 2021 καὶ
3033 1967 3227 2037 Ἰωσὴφ
3258 1968 3323 2020 ὲκ
3354 1968 3453 2039 τῆς
3483 1968 3523 2019 Γ
3525 1967 3644 2021 αλι-

2047 2057 2202 2122 λαίας
2228 2059 2293 2112 ὲκ
2320 2058 2527 2123 πόλεως
2566 2058 2820 2131 Ναζαρὲθ
2860 2062 2941 2123 είς
2970 2059 3067 2130 τὴν
3102 2059 3357 2112 Ἰουδαίαν
3388 2061 3642 2131 ἀπογρά-

2045 2148 2247 2219 ψασθαι
2278 2153 2356 2214 είς
2389 2151 2542 2204 πόλιν
2566 2150 2731 2204 Δαϐὶδ
2754 2151 2875 2221 ἥτις
2902 2151 3142 2204 καλεῖται
3167 2150 3432 2222 Βηθλεὲμ,
3460 2151 3552 2205 διὰ
3575 2153 3641 2206 τὸ

2046 2237 2183 2295 εἶναι
2217 2243 2377 2296 αὐτὸν
2410 2242 2469 2309 ἐξ
2503 2242 2652 2295 οἴκου
2696 2243 2791 2295 καὶ
2826 2245 3060 2313 πατριᾶς
3104 2244 3268 2297 Δαϐὶδ
3310 2246 3406 2296 σὺν
3442 2245 3639 2316 Μαρία

2043 2336 2108 2404 τῇ
2142 2335 2595 2407 μεμνηστευμένῃ
2641 2334 2789 2405 αὑτῷ
2820 2334 2958 2409 οὔσῃ
3003 2336 3204 2408 ὲγκύῳ.
3238 2356 3256 2387 ι
3294 2336 3491 2389 Οὐκέτι
3524 2337 3637 2406 γὰρ

2044 2425 2353 2494 ἀμφιϐόλως
2374 2425 2798 2496 ἁναγνωσόμεθα
2820 2426 2918 2497 τὴν
2933 2427 3212 2499 παροῦσαν
3238 2427 3407 2494 λέξιν,
3431 2427 3510 2491 ὼς
3530 2429 3636 2498 τῆς

2044 2516 2263 2585 Μαρίας
2310 2516 2730 2587 ἀπογράψασθαι
2774 2517 2939 2587 μόνης
2982 2516 3361 2588 συνελθούσης,
3406 2516 3522 2569 ἀλλ’
3554 2518 3646 2581 ὡς

2043 2606 2137 2657 καὶ
2171 2606 2338 2677 αὐτῆς
2365 2609 2459 2660 σὺν
2481 2606 2561 2677 τῷ
2597 2607 2796 2677 Ἰωσὴφ
2825 2607 2883 2674 ἐξ
2906 2604 3057 2661 οἴκου
3085 2608 3178 2661 καὶ
3215 2611 3452 2678 πατριᾶς
3471 2607 3636 2660 Δαϐὶδ

2042 2694 2391 2766 ὑπαρχούσης
2416 2736 2431 2760 ,
2475 2697 2575 2760 τὰς
2617 2697 2920 2764 ἀποδείξεις
2974 2698 3189 2769 ἔχοντες
3233 2699 3332 2770 τῆς
3372 2700 3637 2770 τοιαύτης

2041 2785 2333 2857 ἑρμηνείας
2360 2786 2455 2841 τοῦ
2497 2787 2655 2857 λόγου
2700 2790 2765 2842 ὲκ
2805 2789 2913 2844 τῶν
2958 2789 3496 2861 προαποδεδομένων,
3530 2793 3632 2843 Αε..

2039 2877 2245 2947 δεῖχθαι
2277 2880 2456 2933 τοίνυν
2495 2880 2682 2949 σαφῶς
2721 2881 2982 2953 ἠγοῦμαι,
3011 2882 3093 2934 ὅτι
3132 2882 3206 2952 μὴ
3250 2881 3431 2952 μάτην
3455 2885 3486 2935 6
3520 2884 3632 2942 Ἰωο

2042 2970 2148 3040 σὴφ
2171 2972 2569 3041 ὲγενεαλογεῖτο
2593 2972 2745 3045 παρὰ
2765 2978 2877 3037 τοῖς
2907 2973 3232 3045 θαυμασίοις
3256 2971 3347 3025 τοῦ
3374 2973 3632 3044 Σωτῆρος

2039 3061 2196 3131 ἡμῶν
2230 3062 2566 3129 ἀποστόλοις,
2601 3065 2696 3117 καὶ
2734 3066 2882 3128 ὅπως
2921 3067 2953 3135 ἡ
2996 3064 3182 3135 Μαρία
3218 3068 3279 3119 ἐκ
3315 3066 3630 3136 σπέρματος

2037 3150 2171 3206 οὖσα
2216 3155 2309 3207 τοῦ
2354 3154 2516 3208 Δαϐὶδ
2549 3158 2884 3221 συνίσταται,
2918 3158 2946 3210 ὅ
2974 3174 3034 3209 τε
3072 3157 3131 3223 ἐξ
3162 3156 3333 3227 αὐτῆς
3362 3174 3630 3228 γεγεννηο

2043 3246 2201 3316 μένος
2242 3246 2451 3318 Ἰησοῦς
2479 3249 2508 3301 6
2540 3249 2773 3321 Χριστὸς
2805 3249 2900 3303 τοῦ
2933 3249 3091 3305 Θεοῦ.

2792 3539 2853 3589 B'
2862 3578 2871 3592 ρ

2035 3647 2139 3700 Διὰ
2168 3648 2287 3724 τίῌὸ
2306 3647 2421 3724 μὲνζ
2446 3649 2673 3704 ἄνωθεν
2724 3651 2842 3724 ἀπὸ
2868 3653 2973 3707 τοῦ
3019 3652 3262 3724 Ἀϐραὰμ
3286 3652 3627 3724 ἀρξάμενος

2093 3719 2331 3788 κατάγει
2364 3719 2480 3791 τὴν
2501 3723 2895 3791 γενεαλογίαν
2912 3740 2925 3753 ’
2955 3726 2989 3776 ό
3010 3722 3078 3775 δὲ
3103 3719 3374 3778 νεάτωθέν
3399 3719 3621 3788 ἄνεισι,

2106 3791 2255 3861 non);
2304 3790 2423 3861 ἐπὶ,
2452 3790 2559 3861 τὸν
2598 3791 2857 3861 Ἀϐραὰμ
2912 3794 3169 3857 ἵσταται,
3202 3794 3340 3847 ἀλλ’
3377 3795 3480 3847 ἐπὶ
3516 3797 3627 3850 τὸν

2120 3858 2299 3927 Ἀδὰμ
2331 3859 2431 3912 καὶ
2460 3860 2565 3913 τὸν
2600 3864 2769 3915 Θεόν.

2105 3958 2171 4003 α’.
2204 3952 2276 4003 Τὸ
2319 3951 2569 4022 δεύτερον
2606 3952 2714 4005 τῶν
2752 3954 2858 4007 ὑπὸ
2904 3955 3003 4008 σοῦη
3047 3955 3425 4027 προταθέντων
3464 3958 3624 4013 τοῦτο

2031 4037 2133 4112 ἦν*
2166 4044 2195 4094 6
2223 4043 2319 4112 μὲν
2348 4043 2624 4108 Ματθαῖος
2660 4046 2767 4099 ἀπὸ
2803 4046 2899 4099 τοῦ
2941 4046 3190 4119 ’Δϐραάμ
3238 4050 3468 4118 κατάγει
3523 4052 3623 4120 τὴν

2031 4134 2397 4203 γενεαλογίαν,
2426 4136 2454 4187 6
2484 4135 2541 4187 δὲ
2569 4137 2784 4201 Λουκᾶς
2820 4139 2919 4209 τὴν
2960 4141 3210 4194 ἐναντίαν
3250 4144 3442 4197 τούτου
3474 4142 3622 4212 βαδί-

2035 4243 2151 4289 σας,
2181 4227 2383 4299 ἤρξατο
2419 4228 2518 4297 μὲν
2548 4228 2656 4280 ἀπὸ
2687 4228 2781 4281 τοῦ
2822 4230 3040 4300 Ἰωσὴφ,
3069 4231 3258 4299 ἀνάγει
3292 4232 3352 4284 δὲ
3392 4232 3489 4285 ἐπὶ
3528 4233 3621 4286 τὸν

2046 4317 2215 4388 Ἀδὰμ
2261 4318 2355 4370 καὶ
2395 4318 2485 4370 τὸν
2531 4317 2695 4371 Θεόν⁸
2731 4319 2869 4383 δέον,
2901 4319 3016 4389 εἴγε
3061 4321 3326 4391 σύμφωνα
3364 4325 3461 4377 καὶ
3495 4341 3621 4377 συν-

2030 4409 2141 4477 ῳδά
2186 4408 2434 4477 ἀλλήλοις
2460 4408 2718 4479 ἔγραφον,
2748 4409 2781 4481 ἢ
2816 4411 2908 4464 τὸν
2944 4413 3159 4465 Λουκᾶν
3189 4413 3409 4467 ἀνιόντα
3454 4414 3619 4486 μέχρι

356 4469 680 4524 cendentem
718 4471 773 4525 in
803 4474 1114 4529 Abrahamo
1142 4479 1476 4547 consistere;
1506 4484 1591 4536 vel
1619 4482 1926 4539 Matthaeum

2045 4469 2123 4549 ίοῦ
2181 4469 2427 4569 Ἀϐραὰμ
2468 4469 2676 4569 στῆναι,
2770 4469 2884 4553 ’τὸν
2923 4501 3199 4555 Ματθαῖον
3245 4502 3319 4573 μὴ
3361 4469 3471 4557 ἀπό
3520 4469 3618 4559 ’ἒόῦ

351 4558 497 4614 haud
520 4577 586 4615 ex
598 4561 904 4618 Ahrahamo
920 4569 1287 4638 genealogiam
1306 4572 1497 4637 ordiri,
1522 4574 1615 4629 sed
1634 4592 1698 4628 ex
1721 4577 1928 4631 Adamo

2047 4548 2741 4660 ’Λϐραάμζῄἀλλίάπδῄτοίί
2782 4548 3089 4661 idat-tisi;
3134 4591 3193 4644 ὃν
3243 4548 3542 4663 ξέτέληξεν
3588 4596 3619 4648 6

353 4649 411 4704 in
444 4665 604 4719 quem
640 4650 817 4707 Lucas
845 4653 1063 4710 desivit.
1089 4688 1160 4696 —
1198 4658 1398 4715 Facilis
1442 4670 1525 4717 est
1569 4664 1735 4734 hujus
1790 4682 1927 4735 quo-

350 4755 460 4809 que
483 4742 805 4808 quaestionis
836 4746 1156 4815 explicatio,
1204 4766 1384 4821 neque
1427 4756 1600 4807 multo
1645 4759 1922 4814 sermonis

351 4830 582 4886 artiﬁcio
642 4833 884 4905 indiget:
934 4846 1163 4909 uterque
1220 4843 1365 4897 enim
1429 4849 1765 4918 evangelista
1817 4866 1927 4905 una

349 4924 436 4975 via
480 4924 748 4993 graditur.
787 4924 923 4981 Nam
964 4938 1019 4985 et
1048 4932 1171 4989 illos
1216 4936 1310 5004 qui
1372 4951 1627 5005 prorsum
1674 4954 1925 4995 sursum-

348 5030 456 5084 que
479 5018 803 5085 ascendunt,
840 5022 1078 5095 itemque
1110 5025 1235 5082 illos
1269 5030 1363 5101 qui
1405 5031 1700 5089 adversum
1732 5037 1923 5091 eadem

349 5105 437 5160 via
496 5107 860 5181 descendunt,
907 5114 1052 5169 haud
1113 5118 1404 5190 quisquam
1450 5121 1658 5179 diceret
1708 5125 1925 5182 diverso

347 5199 568 5255 tramite
614 5198 885 5260 incedere.
960 5208 1085 5277 quia
1113 5211 1326 5266 scilicet
1368 5230 1476 5268 una
1520 5215 1589 5269 ab
1636 5218 1920 5288 utrisque,

350 5289 408 5345 id
457 5298 542 5347 est
596 5294 665 5350 ab
719 5299 1144 5355 ascendentibus
1194 5302 1790 5379 descendentibusque,
1837 5311 1922 5365 via

351 5382 569 5439 teritur.
611 5384 814 5442 Eadem
865 5389 1029 5460 igitur
1066 5394 1211 5448 ratio
1240 5407 1325 5450 est
1358 5398 1414 5451 in
1442 5401 1661 5469 generis
1698 5417 1921 5457 succes-

353 5473 623 5531 sionihus.
685 5477 863 5548 Atque
892 5481 981 5535 hic
1018 5498 1138 5539 mos
1177 5488 1484 5557 antiquitus
1524 5489 1768 5548 Hehrmis
1806 5496 1922 5563 pla-

350 5563 487 5627 cuit,
519 5575 572 5619 et
607 5566 661 5620 in
704 5567 905 5624 divinis
954 5569 1254 5642 Scripturis
1304 5579 1567 5635 solemnis
1611 5590 1717 5638 est.
1779 5583 1921 5641 Ecce

348 5653 494 5709 enim
533 5654 587 5708 iu
609 5653 802 5711 Ruthze
824 5658 1041 5728 quidem
1072 5661 1209 5717 libro
1236 5680 1408 5735 genus
1434 5666 1654 5725 Davidis
1683 5687 1919 5741 superne

423 5789 505 5858 (ὅ)
542 5788 675 5845 Cod.
712 5790 775 5858 A,
810 5792 850 5848 f.
879 5792 967 5862 65,
998 5794 1161 5853 habet
1184 5798 1355 5862 οὕτως
1386 5816 1489 5871 pro
1509 5802 1595 5857 διὰ
1620 5803 1842 5863 τούτων.

2029 4679 2276 4742 Λουκᾶς,
2330 4680 2677 4751 ἀπάρξασθαι
2706 4681 2803 4752 τῆς
2836 4681 3203 4750 γενεαλογίας.
3238 4712 3307 4720 —
3340 4682 3530 4755 Ῥαδία
3558 4686 3617 4739 δὲ

2029 4771 2122 4822 καὶ
2165 4771 2368 4824 τούτων
2414 4774 2447 4844 ἡ
2498 4772 2669 4837 λύσις,
2716 4775 2811 4827 καὶ
2859 4774 2979 4827 οὐδὲ
3030 4773 3228 4844 πολλῆς
3265 4780 3617 4849 κατασκευῆς

2028 4861 2274 4933 δεομένη,
2332 4863 2458 4933 μίαν
2501 4865 2835 4935 ἀμφοτέροις
2885 4867 3004 4920 ὁδὸν
3056 4867 3427 4937 πορευθεῖσιν·
3493 4873 3616 4925 ἐπεὶ

2028 4954 2122 5004 καὶ
2168 4954 2293 5016 τοὺς
2334 4955 2533 5025 ἀνάντη
2582 4957 2674 5009 καὶ
2716 4956 2897 5027 ὄρθιον
2931 4958 3151 5028 πορείαν
3198 4960 3470 5026 ἀνιόντας,
3520 4966 3616 5017 καὶ

2026 5045 2151 5107 τοὺς
2180 5042 2413 5114 ἔμπαλιν
2440 5044 2528 5098 διὰ
2564 5050 2663 5117 τῆς
2707 5048 2877 5115 αὐτῆς
2922 5049 3226 5114 κατιόντας,
3268 5051 3369 5104 οὐκ
3414 5052 3483 5106 ἄν
3532 5070 3615 5118 τις

2028 5133 2217 5204 ἑτέραν
2258 5134 2389 5205 φαίη
2439 5135 2701 5204 βαδίζειν,
2736 5139 2864 5207 μιᾶς
2903 5139 3233 5210 ἀμφοτέροις
3264 5143 3614 5214 ἐγκειμένης,

2025 5228 2136 5287 τοῖς
2166 5241 2223 5277 τε
2258 5225 2466 5279 ἀνιοῦσι
2496 5228 2591 5281 καί⁸
2618 5231 2729 5291 τοῖς
2771 5228 3046 5294 κατιοῦσι,
3077 5232 3263 5303 τρίϐου
3285 5252 3299 5264 ·
3330 5234 3423 5287 τὸν
3451 5236 3612 5289 αὐτὸν

2026 5312 2156 5383 γοῦν
2186 5317 2383 5409 τρόπον
2420 5318 2513 5371 καὶ
2555 5319 2648 5371 ἐπὶ
2679 5319 2780 5390 τῆς
2817 5319 2924 5374 τῶν
2957 5322 3130 5389 γενῶν
3162 5323 3415 5409 διαδοχῆς
3466 5328 3610 5398 πάρ-

2026 5423 2191 5460 εστιψ
2220 5401 2374 5471 οὗτος
2396 5408 2452 5461 δὲ
2480 5407 2758 5481 πόρρωθεν
2782 5412 3053 5483 Ἑϐραίοις
3073 5413 3224 5481 φίλος
3247 5409 3317 5486 ἦν
3339 5401 3608 5488 δ’τρόπος,

2023 5497 2249 5551 καὶτῶν
2280 5500 2438 5553 θείων
2473 5500 2709 5572 συνήθης
2732 5502 2993 5574 Γραφῶνο
3023 5505 3223 5559 αὐτίκα
3246 5506 3380 5574 γοῦν
3412 5510 3472 5562 ὲν
3512 5510 3609 5581 μὲν

2021 5590 2085 5659 τῇ
2111 5587 2276 5661 βίϐλῳ
2299 5590 2399 5661 τῆς
2431 5591 2584 5645 Ῥοὺο
2626 5593 2788 5646 Δαϐὶδ
2819 5594 3025 5648 ἀνωθεν
3054 5597 3160 5649 ἀπὸ
3188 5596 3281 5650 τοῦ
3317 5600 3488 5653 Ἰούδα
3514 5617 3607 5669 γει

2020 5676 2350 5747 νεαλογεῖται
2371 5678 2458 5734 διὰ
2488 5680 2690 5736 τούτων
2722 5681 2827 5753 (5)'
2858 5703 2876 5735 ‹
2915 5685 3025 5737 Καὶ
3062 5680 3215 5740 αὗται
3262 5689 3314 5740 αἱ
3361 5689 3609 5758 γενέσεις
