3846 6220
215 374 327 433 893

769 371 1239 441 QUAESTIONES
1276 372 1735 432 ΕγΑΝςΕιιωΕ
1774 374 1866 429 AD
1906 372 2348 431 STEPHA‘SUM.
2389 406 2458 416 -—
2496 370 2820 440 QUA‘ZSTIO
2859 369 2944 427 IlI.

3375 374 3479 431 894

210 487 393 559 Φαρὲς
432 486 481 557 (6
504 486 561 541 δὲ
598 481 668 558 ἦν
707 486 876 540 Ἰούδα
918 486 1014 540 τοῦ
1051 487 1351 561 άρχιςρύλου
1397 491 1594 562 παῖς)⁸
1633 491 1793 562 Φαρὲς

1909 503 1938 542 a
1960 487 2102 542 Juda
2127 488 2398 543 evolvitur
2431 486 2514 541 sic
2540 504 2552 540 :
2594 505 2612 537 ‹
2642 484 2736 541 Hae
2773 493 2901 541 sunt
2928 486 3311 557 generationes
3334 485 3480 542 Pha-

211 579 473 650 ἐγέννησε
525 580 619 633 τὸν
672 578 920 652 Ἑσρώμ·
982 580 1076 633 καὶ
1131 579 1350 652 Ἐσρὼμ
1399 583 1653 652 ἐγέννησε
1710 583 1801 636 τὸν

225 667 436 739 ’Δράμο
494 669 586 722 καὶ
643 668 823 740 Ἀρὰμ
871 669 1134 739 ἐγέννησε
1175 669 1268 721 τὸν
1320 671 1648 742 Ἀμιναδάὁο
1706 672 1802 725 καὶ

223 759 522 833 ’Δμιναδάὸ
572 761 831 831 ἐγέννησε
889 761 982 814 τὸν
1033 763 1301 818 Ναασσών
1322 782 1334 793 ·
1387 764 1481 817 καὶ
1532 762 1801 817 Ναασσὼν

212 855 472 926 ἐγέννησε
515 855 607 908 τὸν
653 853 910 924 Σαλμών·
962 858 1058 909 καὶ
1117 856 1347 927 Σαλμὼν
1404 858 1661 927 ἐγέννησε
1710 856 1801 910 τὸν

208 944 348 1010 Βοός
367 962 381 974 ο
409 945 505 999 καὶ
535 944 670 1009 Βοὺζ
700 945 957 1016 ἐγέννησε
992 947 1084 1000 τὸν
1113 948 1301 1019 Ὠϐήδ·
1327 948 1422 1001 καὶ
1453 948 1612 1020 Ὠϐὴδ
1651 948 1802 1016 ἐγέν-

209 1053 346 1107 νησε
373 1037 465 1090 τὸν
499 1037 698 1090 Ἰεσσαί
720 1055 733 1069 ο
763 1038 859 1091 καὶ
899 1038 1094 1090 Ἰεσσαὶ
1134 1038 1391 1110 ἐγέννησε
1429 1039 1522 1092 τὸν
1558 1040 1739 1093 Δαϐίδ.
1776 1059 1794 1089 ι

211 1125 418 1180 Τοῦτον
440 1127 485 1178 δ’
506 1121 600 1180 οῦν
624 1127 786 1181 αὐτὸν
809 1127 1044 1182 τέθειται
1070 1129 1163 1183 καὶ
1182 1132 1210 1183 6
1233 1129 1509 1195 Ματθαῖος
1540 1132 1631 1185 τὸν
1672 1133 1799 1203 τρό-

212 1231 320 1268 πον
354 1214 452 1286 (6).

183 1324 191 1333 ·
289 1308 358 1377 β’.
396 1308 461 1360 Ἦ
482 1308 539 1361 δέ
562 1325 626 1377 γε
643 1308 834 1380 πρώτη
849 1310 957 1365 τῶν
978 1310 1275 1365 Βασιλειῶν
1295 1312 1420 1383 ἑξῆς
1441 1312 1796 1383 διαδεξαμένη

182 1399 311 1473 τῆς
350 1399 509 1453 Ῥοὺθ
553 1400 651 1472 τὴν
699 1402 939 1472 γραφὴν,
971 1402 1080 1456 ἀπὸ
1124 1402 1238 1457 τῶν
1279 1403 1521 1457 κάτωθεν
1571 1405 1793 1469 ἄνεισιν,

206 1491 403 1563 ὥσπερ
425 1488 519 1546 οῦν
551 1493 853 1565 πεποίηκεν
886 1496 915 1547 6
936 1496 1176 1560 Λουκᾶς·
1203 1496 1294 1550 τὸν
1319 1496 1448 1565 γοῦν
1469 1495 1680 1569 πατέρα
1703 1495 1798 1549 τοῦ

206 1583 463 1655 Σαμουὴλ
494 1584 593 1637 τὸν
624 1583 857 1638 Ἐλκανᾶ
886 1586 1288 1655 γενεαλογοῦσα
1316 1580 1421 1640 ὧδέ
1456 1604 1610 1658 φησι’
1644 1604 1663 1634 α
1689 1587 1799 1640 Καὶ

207 1674 427 1743 ἐγένετο
470 1674 754 1747 ἄνθρωπος
803 1677 862 1743 ἐξ
899 1677 1214 1749 Ἀρμαθαὶμ
1264 1678 1498 1750 Σουφεὶρ
1542 1676 1601 1744 ἐξ
1640 1677 1800 1746 ὅρους

223 1764 467 1838 Ἑφραῖμ
489 1784 503 1797 ’
539 1767 635 1821 καὶ
672 1767 843 1838 δνομα
883 1768 1033 1839 αὐτῷ
1077 1768 1327 1834 Ἐλκανᾶ,
1357 1770 1472 1833 υἱὸς
1509 1767 1794 1840 Ἰερεμιὴλ,

1903 596 1992 635 res
2055 579 2168 650 (hic
2200 586 2317 633 erat
2357 577 2511 632 Iuda:
2537 578 2864 646 patriarchae
2898 576 3098 648 ﬁlius).
3136 575 3343 632 Phares
3385 595 3481 648 ge-

1902 672 2023 724 nuit
2085 670 2409 736 Esronen1;,
2439 668 2615 725 Esron
2658 670 2847 740 genuit
2897 669 3201 736 Aramum;
3244 669 3480 726 Aramus

1902 762 2091 834 genuit
2126 761 2564 827 Aminadabum;
2625 760 3003 815 Aminadabus
3034 761 3224 831 genuit
3277 760 3482 817 Nassu-

1903 871 2062 921 nem;
2121 853 2343 909 Nasson
2388 855 2575 924 genuit
2629 851 2978 915 Salmonem;
3025 851 3249 907 Salmon
3295 854 3484 923 genuit

1901 943 2181 1005 Boozum;
2246 941 2459 1020 Boozus
2526 943 2716 1013 genuit
2785 941 3066 1009 Obedum;
3128 941 3348 999 Obedus
3388 958 3483 1013 ge-

1903 1036 2021 1088 nuit
2050 1032 2351 1100 Jessaeum;
2378 1031 2616 1088 Jessaeus
2658 1034 2846 1103 genuit
2893 1031 3153 1087 Davidem
3180 1034 3277 1099 ιθ.»
3328 1030 3481 1087 Hanc

1900 1129 2069 1197 igitur
2098 1127 2393 1182 Matthaeus
2428 1141 2647 1197 quoque
2692 1126 3022 1196 genealogiae
3059 1126 3365 1181 scribendae
3396 1141 3482 1181 ra-

1900 1221 2107 1273 tionem
2147 1226 2389 1273 sectatus
2422 1226 2526 1272 est.

1969 1310 2023 1365 2.
2062 1309 2131 1363 At
2163 1311 2375 1381 primus
2413 1307 2622 1381 Regum
2655 1309 2813 1373 liber,
2844 1310 2937 1382 qui
2971 1307 3166 1364 Ruthae
3194 1308 3481 1368 historiam

1902 1403 2279 1474 subsequitur,
2317 1401 2531 1457 inferne
2563 1402 2830 1468 ascendit,
2864 1409 2922 1455 ut
2966 1402 3023 1456 ﬁt
3069 1402 3210 1472 apud
3252 1400 3477 1455 Lucam.

1901 1494 2112 1565 Quippe
2166 1494 2440 1558 lielcanm,
2487 1493 2581 1563 qui
2614 1500 2770 1563 pater
2819 1492 2923 1546 fuit
2969 1491 3260 1555 Samuelis,
3309 1506 3483 1562 genus

1898 1604 2216 1652 recensens,
2253 1588 2331 1641 ait
2361 1608 2373 1642 :
2405 1605 2423 1638 ι
2457 1587 2561 1641 fuit
2590 1588 2676 1640 vir
2704 1602 2771 1641 ex
2819 1587 3136 1640 Armathem
3181 1584 3386 1654 Suphir
3414 1584 3484 1639 de

1898 1687 2084 1733 monte
2116 1677 2427 1748 Ephraimi;
2460 1693 2661 1732 nomen
2703 1677 2824 1745 ejus
2871 1676 3133 1739 Helcana,
3184 1676 3325 1730 ﬁlius
3363 1675 3487 1731 Hie-

1902 1770 2159 1834 remielis,
2209 1769 2302 1823 ﬁlii
2356 1768 2510 1834 Elia),
2568 1769 2661 1824 ﬁlii
2714 1768 2872 1833 Tboi,
2929 1768 3024 1823 ﬁlii
3074 1767 3221 1833 Suri,
3268 1768 3481 1838 Ephra-

210 1858 338 1910 υἱοῦ
350 1858 543 1922 Ἐλίου,
574 1858 690 1912 υἱοῦ
717 1858 874 1925 Θοοῦ,
904 1860 1020 1913 υἱοῦ
1051 1860 1211 1931 Σοῦρ,
1244 1862 1583 1932 Ἑφραταῖος.
1601 1880 1620 1912 ι
1641 1859 1793 1913 Ἀλλὰ

1905 1870 2039 1916 lacus
2062 1861 2129 1915 ³³.
2154 1880 2173 1912 ›
2212 1859 2319 1916 Sed
2347 1868 2402 1914 et
2433 1861 2488 1914 in
2522 1859 2955 1931 Paralipomenis
2985 1861 3148 1915 modo
3177 1876 3207 1914 a
3236 1861 3485 1930 superio-

207 1950 311 2003 καὶ
355 1951 415 2003 ὲν
456 1952 568 2014 τοῖς
602 1951 1104 2024 Παραλειπομένοις
1132 1955 1210 2024 (7)
1254 1954 1388 2008 ποτὲ
1423 1955 1523 2025 μὲν
1551 1954 1660 2008 ἀπὸ
1689 1953 1801 2007 τῶν

210 2040 454 2112 πρώτων
490 2043 587 2103 ἐπὶ
624 2042 753 2107 τοὺς
779 2044 1064 2116 δευτέρους
1109 2044 1342 2115 καθεξῆς
1383 2044 1629 2117 πρόεισιν
1654 2047 1682 2098 6
1713 2045 1802 2098 λό-

209 2149 330 2201 γος,
356 2135 424 2203 τῇ
449 2132 549 2185 τοῦ
582 2133 865 2188 Ματθαίου
904 2137 1089 2207 γραφῇ
1130 2134 1545 2208 παραπλησίως,
1580 2136 1710 2189 ποτὲ
1741 2136 1799 2189 δὲ

210 2223 474 2295 ἐμφερῶς
520 2224 599 2295 τῷ
646 2227 832 2297 Λουκᾷ
873 2227 1216 2295 γενεαλογεί’
1249 2227 1478 2282 ἄκουσον
1526 2227 1657 2296 γοῦν
1703 2228 1799 2281 καὶ

206 2316 403 2370 τῶνδε⁸
437 2335 456 2368 ι
486 2316 669 2381 Δαϐὶδ,
702 2319 889 2389 φησὶν,
923 2313 992 2390 ἧν
1039 2318 1154 2383 υἱὸς
1200 2317 1470 2388 Σολομῶν,
1499 2320 1612 2383 υἱὸς
1642 2320 1799 2373 Σολο-

216 2407 340 2480 μῶν
380 2407 634 2479 Ῥοϐοάμ,
653 2409 808 2463 Ἀϐιά
836 2409 948 2473 υἱὸς
976 2409 1165 2473 αὐτοῦ,
1184 2409 1315 2463 Ἀσὰ
1336 2411 1450 2473 υἱὸς
1481 2411 1668 2476 αὐτοῦ,
1685 2413 1798 2465 Ἰω-

214 2499 396 2569 σαφὰτ
439 2499 554 2564 υἱὸς
600 2499 1009 2573 αὐτοῦ,’ῐωρὰμ
1055 2501 1169 2564 υἱὸς
1202 2501 1389 2565 αὑτοῦ,
1407 2502 1653 2572 Ὀχοζίας
1683 2504 1797 2568 υἱὸς

210 2590 403 2657 αὐτοῦ,
422 2592 575 2656 Ἱωὰς
620 2592 734 2656 υἱὸς
768 2591 954 2657 αὐτοῦ,
973 2593 1238 2663 Ἀμασίας
1269 2593 1382 2656 υἱὸς
1412 2593 1577 2647 αὐτοῦ
1597 2611 1609 2624 ·
1644 2614 1665 2648 ι
1702 2596 1797 2649 καὶ

207 2681 359 2737 οῦτω
404 2683 636 2754 καθεξῆς
681 2684 892 2738 κάτεισι
961 2684 1123 2756 μέχρι
1156 2684 1250 2738 τοῦ
1291 2686 1539 2757 Ἰεχονίου
1567 2687 1660 2740 καὶ
1696 2689 1795 2759 τῆς

205 2776 291 2838 είς
330 2775 625 2829 Βαϐυλῶνα
654 2776 1050 2848 αἰχμαλωσίας,
1080 2778 1154 2842 ὡς
1189 2779 1225 2831 6
1252 2778 1656 2843 Ματθαῖος.Ὠς
1684 2779 1740 2832 δὲ
1766 2782 1796 2833 6

204 2866 446 2931 Λουκᾶς,
475 2868 509 2938 ἡ
532 2867 672 2940 αὑτὴ
697 2867 856 2921 πάλιν
886 2868 1059 2921 ἄνεισι
1087 2868 1277 2940 Γραφὴ
1310 2870 1401 2922 τὸν
1434 2869 1687 2941 Σαμουὴλ
1709 2887 1795 2937 γε-

207 2958 575 3026 νεαλογοῦσα’
624 2960 758 3031 φησὶ
809 2958 972 3028 γοῦν·
1025 2979 1044 3010 ‹
1074 2960 1327 3032 Σαμουὴλ
1380 2961 1498 3015 υἱοῦ
1540 2961 1790 3026 Ἐλκανᾶ,

207 3048 329 3103 υἱοῦ
373 3050 654 3122 ’ῐεροὸοὰμ
706 3050 780 3123 (8)
807 3089 823 3117 ,
867 3049 983 3104 υἱοῦ
1030 3052 1239 3124 Ἦλιὴλ,
1289 3053 1402 3107 υἱοῦ
1466 3053 1622 3121 Θοοῦ,
1675 3053 1791 3107 υἱοῦ

1901 1952 2056 2005 ribus
2107 1951 2175 2005 ad
2227 1959 2478 2020 posteros
2522 1949 2644 2004 ﬂuit
2694 1965 2915 2015 sermo,
2961 1958 3023 2004 ut
3073 1950 3132 2003 ﬁt
3163 1949 3305 2020 apud
3349 1948 3483 2003 Mat-

1902 2044 2123 2109 thaeum,
2156 2043 2320 2097 modo
2352 2058 2507 2112 teque
2543 2057 2607 2097 ac
2639 2043 2781 2112 apud
2812 2041 3016 2097 Lucam
3050 2043 3321 2113 prosapia:
3346 2044 3485 2097 scri-

1907 2132 2135 2187 buntur.
2175 2132 2318 2186 Audi
2352 2148 2482 2203 ergo
2516 2140 2571 2188 et
2604 2133 2721 2187 haec
2753 2153 2766 2188 :
2802 2151 2820 2183 ι
2856 2132 3101 2200 Davidis,
3140 2133 3317 2203 inquit
3345 2148 3484 2203 prte—

1899 2224 2083 2281 dictus
2106 2226 2264 2291 liber,
2298 2227 2443 2281 ﬁlius
2501 2234 2620 2281 erat
2673 2224 2969 2291 Salomon;
3002 2226 3166 2297 hujus
3194 2227 3338 2281 ﬁlius
3370 2224 3483 2297 Ro:

1898 2318 2160 2386 hoamus;
2186 2319 2350 2388 hujus
2376 2319 2520 2374 ﬁlius
2542 2319 2716 2383 Abia;
2750 2320 2914 2390 hujus
2947 2320 3109 2391 ﬁlius,
3137 2319 3278 2390 Osa;
3315 2321 3482 2390 hujus

1897 2411 2042 2468 ﬁlius
2069 2411 2431 2483 Josapbatus;
2457 2413 2621 2481 hujus
2647 2412 2791 2467 ﬁlius
2813 2412 3103 2479 Joramus;
3140 2414 3306 2484 hujus
3331 2415 3478 2470 ﬁlius

1898 2500 2200 2571 Ochozias;
2252 2504 2417 2573 hujus
2468 2503 2614 2559 ﬁlius
2645 2503 2879 2571 Joasus;
2911 2505 3078 2574 hujus
3118 2504 3261 2560 ﬁlius
3308 2506 3478 2559 Ama-

1897 2596 2010 2650 sias
2038 2597 2101 2628 “'
2137 2616 2156 2648 ι
2183 2595 2362 2666 Atque
2401 2597 2478 2650 ita
2516 2612 2584 2651 ex
2621 2597 2812 2652 ordine
2862 2596 3145 2652 descendit
3192 2613 3368 2669 usque
3408 2599 3478 2653 ad

1894 2686 2209 2743 Jcchoniam
2242 2697 2405 2758 atque
2430 2687 2499 2742 ad
2528 2688 2915 2758 Babylonicum
2939 2688 3333 2759 captivitatem,
3364 2705 3473 2744 non

1896 2794 2056 2835 secus
2101 2787 2265 2850 atque
2297 2780 2600 2835 Mattheus.
2648 2779 2872 2844 Contra,
2909 2781 2987 2835 uti
3033 2779 3231 2844 Lucas,
3278 2779 3473 2835 eadem

1894 2887 2091 2928 rursus
2141 2874 2390 2929 ascendit
2446 2872 2731 2943 Scriptura
2783 2874 2912 2927 dum
2975 2872 3246 2927 Samuelis
3299 2888 3476 2944 genus

1894 2973 2135 3019 enarrat.
2178 2965 2267 3019 Ait
2315 2965 2461 3019 enim
2492 2985 2503 3018 :
2534 2983 2553 3015 ‹
2589 2962 2864 3020 Samuelis
2911 2965 3005 3018 ﬁlii
3057 2964 3341 3027 Helcanae,
3379 2964 3473 3018 ﬁlii

1893 3053 2262 3119 Hieroboami,
2295 3055 2389 3108 ﬁlii
2432 3054 2674 3120 lielielis,
2713 3055 2806 3108 ﬁlii
2851 3055 3010 3120 Thoi,
3048 3054 3144 3109 ﬁlii
3183 3054 3330 3118 Suri,
3377 3055 3475 3111 ﬁlii

206 3145 350 3218 Σοὺρ
378 3146 477 3215 (9).
523 3146 638 3199 υἱοῦ
679 3146 931 3210 Ἑλκανᾶ,
974 3147 1090 3200 υἱοῦ
1131 3147 1305 3218 Ἰωὴλ,
1356 3146 1474 3199 υἱοῦ
1519 3147 1789 3218 Ἀζαρίου,

1905 3146 2164 3210 Ηειειιηω,
2191 3148 2284 3201 ﬁlii
2306 3147 2533 3212 Johelis,
2559 3147 2652 3201 ﬁlii
2672 3147 2901 3213 Azariaz,
2936 3147 3028 3200 ﬁlii
3053 3145 3360 3218 Sophortiae,
3381 3147 3476 3203 ﬁlii

207 3236 329 3289 υἱοῦ
383 3236 659 3306 Σοφονίου,
709 3236 826 3290 υἱοῦ
877 3236 1053 3309 Θαὰρ,
1086 3238 1205 3291 υἱοῦ
1252 3238 1433 3310 Ἀσεὶρ
1485 3237 1616 3309 (10),
1673 3235 1790 3290 υἱοῦ

1905 3238 2119 3304 Thaari,
2162 3239 2256 3293 ﬁlii
2298 3238 2466 3302 Asiri,
2521 3238 2617 3292 lilii
2661 3239 2962 3302 Abiasaris,
3009 3238 3103 3293 ﬁlii
3147 3238 3323 3302 Corae,
3380 3240 3475 3295 ﬁlii

220 3328 507 3402 Ἅϐιάσαρ,
546 3329 661 3383 υἱοῦ
691 3331 857 3405 Κορὲ,
892 3330 1008 3385 υἱοῦ
1046 3331 1287 3402 ἰσσααρ,
1322 3329 1438 3383 υἱοῦ
1471 3329 1648 3395 Καὰθ,
1674 3328 1792 3382 υἱοῦ

205 3420 361 3488 Λευῒ,
404 3420 523 3475 υἱοῦ
562 3422 807 3495 Ἰσραήλ·
846 3443 866 3476 ι
902 3425 996 3478 καὶ
1040 3425 1142 3496 ὅρα
1188 3427 1237 3477 εἱ
1279 3423 1352 3495 μὴ
1404 3423 1660 3495 ἄντικρυς
1701 3426 1793 3478 τὸν

208 3513 394 3585 ὅμοιον
419 3513 628 3578 τούτοις
657 3515 964 3587 μεμίμηται
999 3516 1198 3588 τρόπον
1229 3518 1257 3568 6
1281 3518 1492 3578 Λουκᾶς
1512 3533 1525 3546 ·
1556 3516 1725 3587 μυρία
1748 3516 1792 3568 δ’

206 3599 281 3655 ἂν
321 3600 419 3665 καὶ
464 3601 626 3666 αὐτὸς
658 3601 839 3675 εὕροις
869 3604 1094 3657 τοιαῦτα
1115 3619 1128 3633 °
1161 3605 1253 3673 ἀφ’
1287 3598 1367 3658 ὧν
1393 3606 1637 3658 λείπεται
1666 3608 1794 3676 ὁμο-

206 3693 416 3764 λογεῖν,
445 3694 606 3766 μηδὲν
633 3694 837 3761 ξενίζον
870 3698 1225 3769 πεποιηκέναι
1257 3700 1383 3762 τοὺς
1417 3699 1509 3751 τοῦ
1542 3700 1794 3771 Σωτῆρος

208 3786 370 3858 ἡμῶν
392 3787 806 3856 εὐαγγελιστάς
832 3792 932 3842 οὐκ
957 3790 1133 3860 ὀρθῶς
1156 3790 1263 3863 γὰρ
1291 3791 1461 3844 οἴεταί
1487 3809 1571 3854 τις
1597 3791 1792 3854 αὐτοὺς

206 3879 496 3948 διαφωνεῖν
514 3896 529 3909 θ
557 3879 816 3951 ἑκάτερος
840 3879 947 3951 γὰρ
971 3881 1156 3952 οἰκείῳ
1184 3881 1428 3953 λογισμῷ
1453 3882 1551 3953 τὴν
1577 3881 1791 3934 ἔνθεσιν

208 3972 504 4045 πεποίηται
547 3974 647 4045 τῆς
685 3977 924 4046 γραφῆς,
959 3974 987 4027 6
1025 3976 1121 4045 μὲν
1151 3977 1258 4030 ἀπὸ
1285 3977 1379 4030 τοῦ
1423 3977 1672 4049 Ἀϐραὰμ
1695 3979 1794 4048 ἁρ-

207 4062 440 4134 ξάμενος
471 4066 558 4121 διὰ
585 4067 682 4138 τὴν
712 4066 1024 4137 οἰκονομίαν
1063 4067 1158 4120 τοῦ
1189 4071 1319 4139 παρ’
1343 4069 1491 4140 αὐτῷ
1522 4069 1701 4138 λόγου,
1732 4071 1791 4122 ὃν

203 4156 269 4209 ού
294 4156 484 4228 καιρὸς
501 4159 597 4212 νῦν
620 4157 945 4229 ἑρμηνεύειν
960 4173 974 4188 ⁸
996 4158 1024 4210 6
1043 4158 1099 4211 δὲ
1119 4159 1219 4212 καὶ
1236 4160 1325 4213 τὸν
1357 4160 1604 4231 Ἀϐραὰμ
1625 4162 1792 4232 ὑπερ-

206 4246 312 4312 ϐὰς
346 4250 439 4301 ἐπί
463 4267 524 4302 τε
555 4249 646 4302 τὸν
671 4250 887 4321 πρῶτον
917 4250 1203 4322 ἄνθρωπον
1236 4250 1500 4306 ἀνελθών·
1528 4255 1623 4306 καὶ
1657 4253 1789 4323 μηδὲ

209 4340 372 4412 μέχρι
405 4340 595 4394 τούτου
631 4342 783 4407 στὰς,
813 4343 907 4395 τὸν
934 4343 1112 4397 πάντα
1149 4344 1205 4396 δὲ
1239 4344 1394 4413 λόγον
1421 4345 1514 4397 ἐπὶ
1546 4344 1636 4398 τὸν
1658 4344 1790 4397 Θεὸν

204 4434 540 4505 ἀναρτήσας,
568 4435 656 4488 διὰ
680 4440 779 4507 τῆς
811 4438 869 4490 ἐν
897 4437 1118 4510 Χριστῷ
1145 4439 1560 4508 παλιγγενεσίας
1589 4441 1790 4511 μυστήσ

206 4545 324 4600 ριον
348 4528 684 4593 ἀναϐιϐάζει.

967 4643 1043 4697 Γ⁸.

202 4746 339 4814 Πῶς
368 4752 400 4803 ό
422 4749 539 4823 per:
563 4750 860 4823 Ματθαῗος
886 4750 1139 4823 ἀπὸτοῦ
1162 4753 1339 4805 Δαϐἱδ
1380 4754 1478 4807 καὶ
1515 4753 1789 4823 Σολομῶ-

274 4837 383 4884 νος
410 4819 850 4904 ριαδόχῳφὶρῖξὶ
894 4820 1098 4904 Ἰαξιὼᾷ
1137 4823 1486 4904 καὶςῐιρςιὴφ
1528 4819 1784 4904 τὰῃπξένη

275 4890 515 4959 κατάγει
538 4906 551 4918 ⁸
608 4895 639 4944 ό
669 4890 753 4943 ’δὲ
787 4891 1028 4957 Λουκᾶς
1067 4894 1183 4946 ἀπὸ
1230 4893 1410 4946 Δαϐἱδ
1446 4890 1546 4947 καὶ
1587 4890 1789 4946 Νάθαν

276 4958 508 5031 παίδων
540 4960 652 5027 ζέπὶ
694 4962 816 5015 Ἠλὶ
854 4963 953 5016 καὶ
983 4962 1216 5031 Ἰωσὴφ,
1258 4964 1542 5031 ἐναντίως
1584 4982 1789 5031 γενεα-

276 4981 508 5013 πιιιοωγ
541 4981 652 5027 gem
699 4981 816 5015 aut
854 4981 953 5016 και
989 4981 1216 5031 meum,
1258 4981 1542 5031 erarttwg
1584 4982 1622 5033 γ

275 5030 476 5098 λογῶν
505 5031 584 5096 τῷ
613 5033 907 5099 Ματθαίῳ.

275 5127 346 5175 α’.
391 5120 464 5175 Τὸ
494 5122 675 5194 τρίτον
712 5123 819 5177 τῶν
846 5124 1223 5195 προταθέντων
1267 5126 1456 5196 καιρὸς
1486 5128 1776 5198 ἐπισκέψα-

203 5213 330 5268 σθαι
349 5231 362 5243 ·
391 5214 578 5279 ἀτενὲς
598 5212 690 5269 οὖν
714 5218 833 5280 ταῖς
851 5216 1061 5283 λέξεσιν
1089 5219 1279 5282 αὑταῖς
1298 5221 1395 5272 ἐπε
1404 5220 1668 5291 ρεὶσωμεν
1688 5222 1787 5291 τὴν

200 5304 412 5359 ἑαυτῶν
433 5304 697 5359 διάνοιαν·
733 5304 931 5377 ἴδωμεν
957 5306 1014 5360 δὲ
1040 5307 1091 5360 τί
1121 5325 1286 5379 φησιν
1307 5311 1337 5362 ὁ
1354 5311 1568 5376 Λουκᾶς
1588 5329 1601 5341 ·
1637 5331 1656 5363 ι
1678 5313 1791 5366 Καὶ

1895 3331 2117 3395 lssaari,
2171 3330 2263 3384 ﬁlii
2303 3330 2516 3391 Caathi,
2570 3329 2664 3382 ﬁlii
2708 3328 2919 3394 Levini,
2973 3329 3066 3384 ﬁlii
3108 3329 3325 3385 lsraelis
3353 3331 3419 3385 ⁸⁵.
3449 3349 3469 3383 ι

1894 3422 2066 3476 Porro
2093 3423 2244 3478 vides
2275 3435 2334 3477 ut
2364 3424 2521 3493 plane
2551 3422 2697 3477 hunc
2740 3437 2946 3477 morem
2990 3421 3169 3478 Lucas
3209 3423 3472 3478 imitetur.

1898 3513 2164 3569 Sexcenta
2193 3516 2460 3584 ejusmodi
2488 3517 2733 3586 exempla
2761 3516 2988 3586 ipsemet
3016 3515 3261 3571 invenies
3288 3535 3300 3568 :
3326 3515 3472 3570 un'de

1895 3609 2140 3675 sequitur
2166 3615 2225 3660 ut
2273 3606 2563 3671 fateamur,
2603 3609 2743 3662 nihil
2784 3609 3065 3663 insolitum
3098 3607 3295 3662 iecisse
3339 3606 3469 3663 Ser-

1892 3699 2099 3753 vatoris
2122 3700 2295 3753 nostri
2324 3702 2690 3772 evangelistas
2714 3720 2726 3756 :
2753 3717 2930 3772 neque
2952 3701 3149 3754 merito
3179 3701 3471 3769 quisquam

1893 3790 2105 3860 putabit
2134 3806 2227 3846 eos
2261 3792 2495 3866 invicem
2543 3793 2835 3848 dissidere.
2869 3792 3111 3862 Uterque
3159 3792 3304 3845 enim
3342 3805 3473 3861 pro-

1893 3883 2013 3952 prio
2042 3883 2254 3937 calculo
2278 3883 2702 3952 descriptionem
2726 3884 2966 3939 instituit
2993 3904 3006 3938 :
3039 3884 3176 3938 alter
3197 3884 3265 3937 ab
3293 3882 3475 3937 Abra—

1893 3973 2055 4027 hamo
2086 3975 2300 4027 initium
2337 3975 2584 4045 capiens,
2611 3975 2681 4029 ob
2708 3977 2793 4030 sui
2839 3976 3110 4031 sermonis
3139 3974 3473 4045 peculiarem

1890 4066 2180 4129 rationem,
2214 4082 2377 4136 quam
2411 4067 2467 4120 in
2514 4068 2772 4136 praesenti
2805 4083 2914 4122 non
2947 4076 3104 4123 vacat
3153 4082 3468 4137 exponere:

1892 4158 2030 4210 alter
2053 4158 2229 4226 ipsum
2254 4157 2625 4211 Ahrahamum
2659 4167 3103 4230 praztergressus,
3137 4159 3202 4212 ad
3232 4159 3471 4229 primum

1893 4266 2066 4320 usque
2117 4250 2390 4304 hominem
2440 4251 2589 4305 venit
2623 4267 2840 4322 :neque
2878 4253 2933 4306 in
2984 4253 3086 4305 hoc
3142 4251 3317 4316 sistit,
3375 4251 3472 4306 sed

1895 4358 2052 4397 suam
2085 4358 2301 4397 omnem
2330 4343 2617 4399 historiam
2648 4359 2773 4399 cum
2818 4343 2930 4400 Deo
2973 4345 3164 4409 nectit,
3190 4344 3319 4399 dum
3350 4359 3471 4397 eam

1891 4432 2145 4487 videlicet
2187 4449 2285 4503 per
2316 4435 2750 4503 regenerationis
2785 4434 2841 4489 in
2880 4434 3102 4491 Christo
3148 4434 3469 4506 mysterium

1816 4525 1861 4580 D
1890 4524 1946 4580 in
1982 4525 2216 4581 sublime
2245 4526 2445 4583 evehit.

2632 4639 2722 4696 Ill.

1891 4755 2166 4822 Quomodo
2206 4753 2493 4826 Mattiacas
2525 4757 2738 4826 quidem
2776 4774 2810 4811 a
2853 4755 3059 4811 Davide
3101 4756 3319 4826 ejusque
3346 4774 3469 4811 suc-

1960 4842 2165 4880 cessare
2195 4824 2478 4880 Salomone
2509 4824 2578 4879 ad
2606 4826 2867 4881 Iacobum
2888 4837 2936 4880 et
2964 4824 3250 4895 Josephuni
3278 4844 3469 4896 prosa-

1958 4898 2074 4965 pias
2119 4896 2344 4950 deducat
2373 4913 2389 4948 :
2420 4896 2594 4950 Lucas
2628 4906 2801 4951 autem
2845 4914 2879 4951 a
2913 4897 3110 4951 Davide
3148 4908 3302 4967 atque
3351 4897 3467 4952 Na-

1963 4967 2117 5021 thane
2147 4976 2301 5037 atque
2325 4983 2356 5019 a
2382 4967 2559 5021 liberis
2581 4967 2737 5036 hujus
2772 4968 2841 5021 ad
2878 4967 3051 5021 Ilelim
3079 4977 3127 5021 et
3156 4966 3465 5036 Josephum,

1958 5039 2227 5091 contraria
2274 5037 2773 5092 Mattha’oratiane
2819 5040 3177 5107 genealogiam
3207 5038 3465 5093 scribens.

1963 5132 2013 5183 i.
2059 5130 2242 5186 Tertia
2277 5131 2391 5200 jam
2430 5132 2662 5200 quaastio
2713 5130 3115 5185 consideranda
3161 5137 3265 5185 est.
3295 5129 3469 5185 Porro

1888 5222 2026 5292 ipsis
2070 5223 2255 5277 verbis
2301 5231 2462 5278 acute
2508 5231 2748 5278 mentem
2800 5233 3044 5277 nostram
3093 5222 3463 5278 intendamus.

1888 5313 2084 5384 Agesis
2114 5312 2402 5370 videamus
2429 5314 2562 5384 quid
2594 5312 2775 5371 Lucas
2794 5313 2966 5369 dicat.
3008 5333 3028 5365 ι
3060 5312 3129 5366 Ει
3160 5315 3277 5384 ipse
3303 5310 3468 5371 Iesus

205 5461 249 5491 ¹¹
292 5458 458 5516 Ruth.
490 5476 565 5526 tv,
600 5460 788 5518 18-22.
867 5463 910 5495 ¹³
949 5460 968 5515 Ι
999 5461 1135 5534 Reg.
1170 5478 1222 5526 ι,
1258 5463 1312 5518 1.
1390 5465 1434 5498 ⁸⁸
1472 5463 1493 5518 Ι
1522 5464 1650 5524 Par.
1683 5483 1777 5534 ιιι,

1981 5468 2024 5500 ¹⁵
2060 5467 2082 5523 l
2112 5467 2239 5526 Par.
2272 5486 2364 5537 v1,
2400 5471 2493 5530 54.

274 5615 355 5692 (ϐ)
565 5614 631 5679 Λ,
662 5616 850 5673 τοῦτον
877 5617 941 5691 δὴ
975 5614 1068 5674 οὖν
1100 5620 1193 5675 τὸν
1213 5620 1417 5692 τρόπον
1449 5621 1543 5674 καὶ
1569 5623 1596 5674 6
1626 5623 1783 5676 Ματ-

205 5686 357 5751 θαῖος
384 5687 656 5756 ἐποίησεν.

277 5757 357 5835 ςἹ)
397 5753 537 5835 Tam
566 5758 619 5809 in
651 5759 886 5831 epitome
907 5775 1068 5832 quam
1094 5760 1151 5817 in
1181 5761 1303 5818 cod.
1339 5761 1402 5831 Α,
1433 5764 1489 5818 ἐν
1518 5765 1635 5828 ταῖς
1668 5762 1780 5818 Πα-

208 5824 642 5899 ρηᾲειπομέναις.

1962 5623 2039 5698 (δ)
2080 5624 2214 5698 god.
2250 5626 2314 5687 A,
2358 5624 2657 5698 ’1ερρμιήλ,
2693 5612 2747 5685 et
2777 5643 2905 5685 mox
2950 5625 3148 5685 Ἐλὶου.

1963 5695 2042 5762 (9)
2085 5695 2226 5763 Epit.
2253 5695 2445 5766 Σουφέ;

1962 5766 2071 5837 (ιο)
2112 5767 2246 5822 (20d.
2283 5768 2347 5833 Α,
2401 5768 2587 5842 Ἀσήρ.
