3846 6220
338 296 446 356 895

1090 299 1359 374 posse"
1399 299 1879 356 CASSARIENSIS
1917 311 1922 346 ε

2033 303 2067 357 ι.
2105 299 2287 363 parts
2320 300 2408 357 ιιι.
2445 330 2517 341 -
2554 295 2969 379 EXEGETlCA.

3505 292 3624 361 896

333 421 453 470 erat
484 413 752 486 incipiens
801 416 959 488 quasi
989 432 1259 483 annorum
1313 419 1559 489 triginta,
1590 431 1652 474 ut
1681 420 1913 490 putaba—

2033 419 2179 483 ιύτὸς
2225 420 2254 471 ὁ
2294 417 2500 490 Ἰησοῦς
2526 411 2596 489 ἦν
2618 416 2919 489 ἀρχόμενος
2948 414 3082 467 ὡσεὶ
3122 411 3260 481 ὲτῷν
3286 410 3621 484 τριάκοντα.

333 514 446 569 tur,
478 506 623 563 filius
649 505 894 578 Iosephi,
928 509 1022 565 lilii
1053 508 1196 573 Heli,
1223 510 1318 565 lilii
1346 509 1563 567 Melchi.
1595 531 1614 564 ι
1645 511 1798 567 Haud
1832 522 1912 567 ta-

335 612 459 652 men
490 597 776 657 Mattbaaus
801 617 935 657 usus
964 611 1047 657 est
1065 617 1200 657 voce
1236 621 1255 654 (
1279 610 1344 666 ut,
1364 604 1681 674 putabatur.
1718 625 1736 658 ι
1768 604 1912 672 Quid

336 706 501 762 porro
546 692 662 746 ait?
709 711 727 743 ι
754 692 1066 749 Matthanus
1112 695 1301 765 genuit
1341 694 1643 765 Iacobum;
1675 696 1914 759 Jacohus

335 789 518 839 autem
554 784 743 855 genuit
770 783 1094 856 Josephum.
1128 806 1147 839 ι
1196 787 1361 842 Aliud
1406 804 1536 844 vero
1581 797 1667 844 est
1693 796 1908 859 putare,

334 873 481 926 aliud
517 888 616 927 ceu
648 888 736 928 res
767 873 842 927 ita
873 890 933 929 se
959 874 1158 928 habeat
1185 874 1474 943 allirmare.
1510 874 1568 931 Si
1590 874 1755 945 igitur
1777 873 1915 944 Mat-

334 964 477 1019 tbzeo
529 963 829 1020 aliirmante
869 962 1169 1035 Josephum
1222 964 1394 1021 ﬁlium
1438 981 1563 1021 esse
1613 963 1805 1021 Jacobi
1859 973 1914 1021 et

335 1055 625 1120 Matthani,
660 1055 839 1112 Lucas
883 1057 1137 1122 similiter
1181 1057 1538 1114 contenderet
1568 1058 1738 1113 lilium
1790 1074 1915 1114 esse

334 1144 452 1200 Heli
505 1162 568 1199 ac
608 1145 827 1211 Melcbi,
872 1163 1001 1203 vere
1045 1163 1225 1219 pugna
1264 1149 1513 1219 quaedam
1563 1156 1709 1206 esset
1752 1158 1916 1220 atque

332 1235 644 1300 conﬂictus,
669 1247 834 1308 atque
877 1254 1017 1308 opus
1052 1250 1200 1296 esset
1241 1242 1472 1297 arbitrio
1508 1243 1603 1311 qui
1635 1242 1914 1310 evangeli-

334 1336 450 1384 stas
491 1338 869 1400 componeret.
908 1329 1068 1385 Nunc
1115 1339 1296 1388 autem
1331 1349 1454 1388 cum
1495 1333 1783 1395 Matthqu
1826 1333 1917 1388 lir-

333 1421 495 1475 mitcr
550 1429 849 1486 assevcret,
893 1420 1074 1478 Lucas
1118 1438 1250 1491 vero
1296 1424 1442 1479 haud
1493 1425 1547 1479 id
1595 1425 1915 1493 contendat,

333 1513 429 1568 sed
471 1514 784 1584 Opinionem
829 1517 1211 1572 tantummodo
1251 1518 1493 1588 proferat
1528 1517 1674 1589 apud
1719 1518 1921 1573 multos

332 1611 704 1675 pervagatam,
757 1620 869 1660 non
918 1621 1039 1675 quae
1072 1607 1218 1677 apud
1269 1624 1329 1680 se
1361 1609 1593 1680 vigeret,
1631 1608 1805 1675 nulla,
1860 1616 1920 1661 ut

330 1697 549 1767 opinor,
582 1698 815 1766 quaestio
848 1703 1119 1767 superest.

2020 508 2095 562 ὣν
2120 509 2252 573 υίὸς,
2283 509 2359 573 ὡς
2373 509 2676 579 ἐνομίζετο,
2707 506 2801 575 τοῦ
2818 504 3038 576 Ἰωσὴφ,
3061 502 3156 556 τοῦ
3172 502 3312 567 Ἠλὶ,
3339 500 3436 554 τοῦ
3463 500 3628 554 Μελ-

2012 601 2088 674 χί.
2106 622 2123 653 ι
2145 600 2281 654 Ἀλλ’
2293 601 2393 671 οὐχ
2434 601 2463 654 ὃ
2488 617 2552 669 γε
2577 598 2855 662 Ματθαῖος
2878 599 3151 670 ἐχρήσατο
3176 597 3301 666 τῇ,ι
3322 593 3403 658 ὡς
3427 592 3628 664 ἐνομί-

2013 694 2135 761 ζετο
2162 713 2181 745 ι
2209 696 2390 764 φωνῇ’
2418 692 2554 747 ἀλλὰ
2571 691 2622 746 τί
2653 708 2816 762 φησι;
2849 709 2869 761 ι
2896 688 3122 744 Ματθάν
3151 687 3207 740 δὲ
3235 686 3504 757 ἐγέννησε
3523 684 3626 740 ﬁt»

2027 783 2244 848 Ἰακὼϐ,
2263 780 2459 837 Ἰακὼϐ
2489 782 2547 835 δὲ
2571 782 2829 853 ἐγέννησε
2860 780 3232 850 τὸνἸωσήφΊ
3262 776 3396 845 ἄλλο
3427 775 3492 830 δὲ
3520 774 3626 845 δή·

2016 893 2119 928 που
2149 876 2267 928 ἐστὶ
2292 875 2352 929 τὸ
2382 875 2645 946 νομίζειν,
2678 872 2773 929 καὶ
2804 871 2933 926 ἄλλο
2958 871 3020 925 τὸ
3050 870 3224 934 οὕτως
3253 869 3401 939 ἔχειν
3425 867 3628 922 διαδε-

2017 966 2303 1023 ϐαιοῦσθαι
2320 986 2333 998 ⁸
2359 969 2408 1021 εί
2437 968 2535 1038 μὲν
2560 965 2624 1037 δὴ
2650 964 2743 1039 τοῦ
2767 962 3048 1035 Ματθαίου
3068 959 3627 1041 ϐιαϐεϐαιωσαμένου

2014 1060 2107 1114 τὸν
2141 1059 2342 1131 Ἰωσὴφ
2370 1058 2485 1112 υἱὸν
2510 1052 2650 1111 εἶναι
2673 1054 2867 1131 Ἰακὼϐ
2894 1056 2990 1109 καὶ
3015 1054 3110 1108 τοῦ
3139 1052 3393 1116 Ματθὰν,
3412 1054 3629 1107 b.4101)-

2014 1155 2118 1215 κᾶς
2166 1153 2368 1224 ὁμοίως
2412 1149 2790 1223 διισχυρίσατο
2827 1149 2921 1202 τὸν
2956 1148 3155 1218 Ἰωσὴφ
3182 1145 3472 1216 γεγονέναι
3502 1143 3627 1198 υἰδδ

2014 1242 2110 1297 τοῦ
2148 1243 2270 1297 Ἠλὶ
2307 1243 2403 1297 καὶ
2425 1240 2533 1295 τοῦ
2550 1241 2746 1311 Μελχὶ,
2774 1238 2989 1313 άληθῶς
3021 1239 3171 1315 μάχη
3196 1255 3279 1301 τις
3300 1233 3369 1308 ἦν
3401 1236 3502 1291 καὶ
3523 1237 3629 1291 τώ-

2017 1335 2207 1407 λεμος,
2243 1336 2338 1389 καὶ
2386 1329 2455 1407 ἦν
2499 1333 2608 1387 τῶν
2657 1333 3044 1404 διαιτησόντων
3076 1328 3263 1394 αὐτοῖς
3295 1331 3490 1402 χρείαο
3523 1330 3628 1384 νῦν

2018 1429 2074 1483 δὲ
2096 1430 2206 1493 ὅτε,
2235 1428 2330 1481 τοῦ
2361 1425 2646 1482 Ματθαίου
2668 1424 3228 1496 διαϐεϐαιωσαμένου,
3253 1426 3285 1477 ό
3315 1425 3540 1486 Λουκᾶς
3558 1424 3624 1477 οὔ

2019 1521 2362 1590 διατείνεται,
2387 1520 2546 1588 δόξαν
2569 1520 2626 1576 δὲ
2653 1518 2804 1591 παρὰ
2830 1521 2944 1582 τοῖς
2971 1518 3186 1581 πολλοῖς
3214 1514 3622 1586 νενομισμένην

2019 1614 2252 1685 τίθησιν,
2282 1614 2344 1667 οὐ
2385 1612 2484 1685 τὴν
2534 1612 2666 1684 παρ’
2697 1610 2847 1682 αὐτῷ
2879 1609 3208 1688 κρατοῦσαν,
3241 1604 3397 1679 οἶμαι
3451 1605 3622 1678 μηδε-

2025 1705 2154 1776 μίαν
2185 1704 2575 1760 ὑπολείπεσθαι
2603 1702 2851 1776 ζήτησιν.

403 1790 458 1842 2.
500 1788 635 1843 Nam
691 1804 819 1844 cum
860 1789 1025 1844 variae
1071 1790 1140 1845 de
1181 1790 1408 1846 Christo
1451 1789 1609 1846 famae
1650 1792 1792 1846 inter
1823 1788 1921 1844 Ju-

2097 1800 2162 1871 βθ.
2203 1799 2489 1869 Διαφόρων
2513 1796 2624 1873 γάρ
2650 1794 2804 1873 παρὰ
2830 1794 3102 1858 Ἰουδαίοις
3131 1792 3459 1864 ὑπολήψεων
3488 1790 3625 1863 περὶ

334 1879 485 1937 daaos
514 1890 876 1936 versarentur
897 1921 912 1947 ,
940 1889 995 1936 et
1034 1882 1221 1936 cuncti
1257 1884 1479 1952 quidem
1512 1883 1862 1938 concorditer
1889 1898 1920 1938 a

334 1971 541 2027 Ilavide
582 1989 707 2028 eum
754 1981 1083 2043 repeterent,
1116 1983 1343 2044 propter
1394 1972 1487 2029 Dei
1520 1975 1920 2044 promissiones

334 2065 528 2119 Davidi
557 2064 935 2136 signiﬁcatas;
972 2066 1192 2121 interim
1224 2076 1406 2120 tamen
1437 2067 1531 2120 alii
1570 2081 1600 2119 a
1633 2066 1836 2120 Davide
1867 2074 1921 2121 et

344 2157 637 2213 Salom‘one
688 2157 951 2228 regioque
991 2164 1279 2213 stemmate
1337 2166 1591 2228 putarent
1641 2158 1920 2213 Christum

344 2248 572 2316 adfore;
618 2249 712 2303 alii
750 2250 819 2305 ab
873 2250 977 2304 hac
1015 2251 1285 2305 sententia
1314 2250 1653 2315 recederent,
1704 2259 1921 2319 propter

339 2345 542 2399 multas
590 2344 810 2415 regibus
862 2343 1075 2400 inustas
1127 2342 1568 2406 criminationes,
1616 2353 1670 2396 et
1702 2352 1922 2412 propter

341 2437 710 2507 proscriptum
794 2436 864 2491 ab
945 2436 1187 2491 Jeremia
1234 2436 1504 2507 propheta
1564 2434 1918 2496 Jecboniam,

336 2543 463 2581 cum
508 2527 587 2581 ait
634 2541 745 2582 non
793 2536 1178 2583 surrecturum
1227 2542 1291 2579 ex
1344 2524 1466 2594 ejus
1516 2524 1690 2594 stirpe
1723 2523 1815 2594 qui
1865 2523 1921 2578 in

337 2619 562 2675 Davidis
593 2620 793 2674 throno
829 2617 1065 2684 sederet,
1097 2632 1333 2687 cumque
1352 2617 1425 2672 ob
1454 2616 1508 2671 id
1547 2616 1653 2669 alia
1685 2618 1770 2670 via
1797 2632 1923 2686 per-

339 2720 531 2784 gerent
561 2732 574 2768 :
602 2720 656 2767 ct
684 2727 810 2767 cum
846 2712 900 2765 in
940 2711 1160 2765 Davidis
1211 2709 1532 2763 aliirmando
1562 2724 1759 2779 genere
1788 2725 1923 2763 eon-

341 2805 641 2875 spirarent,
672 2820 783 2858 non
819 2811 1002 2858 tamen
1045 2818 1141 2873 per
1169 2799 1539 2862 Salomonem,
1567 2800 1660 2856 sed
1692 2816 1789 2871 per
1816 2800 1923 2854 Na-

338 2898 568 2950 thanum
596 2895 818 2951 Davidis
854 2896 983 2949 item
1014 2896 1205 2958 lilium,
1236 2893 1567 2947 deducerent
1609 2892 1723 2963 (qui
1780 2894 1921 2947 idem

336 2988 628 3044 Nathanus
685 2988 950 3058 prapbeta
1004 2986 1174 3040 fuisse
1214 2986 1454 3047 dicitur,
1512 2984 1816 3039 secundum
1856 2999 1922 3039 ea

339 3096 463 3153 qua
491 3080 743 3136 feruntur
769 3080 824 3133 in
855 3078 1062 3138 Regum
1099 3076 1309 3142 libris);
1344 3084 1505 3145 atque
1523 3076 1592 3129 ab
1622 3076 1786 3145 hujus
1823 3090 1922 3143 po-

342 3175 510 3230 steris
556 3181 852 3228 venturum
906 3172 1187 3225 Christum
1236 3179 1574 3235 assererem;
1632 3170 1922 3239 ipsumque

340 3265 567 3336 Josephi
612 3280 785 3336 genus
820 3263 948 3318 inde
987 3280 1165 3336 usque
1212 3270 1552 3333 repeterent;
1606 3261 1922 3316 necessario

342 3358 526 3413 Lucas
557 3357 651 3427 qui
683 3356 900 3409 illorum
931 3356 1243 3425 opinionem
1273 3353 1462 3417 refert,
1490 3370 1597 3407 non
1622 3368 1800 3416 suam,
1827 3352 1924 3405 ad-

337 3449 475 3519 jeeit
501 3447 804 3503 narrationi
848 3465 867 3497 ‹
897 3455 955 3500 ιιι
987 3447 1316 3516 putabatur;
1354 3465 1372 3495 ι
1405 3444 1658 3499 Matthaeo
1698 3445 1924 3523 permit-

341 3547 469 3595 tens
507 3554 737 3594 narrare
786 3555 895 3609 non
944 3545 1002 3592 ut
1034 3537 1346 3607 putabatur,
1380 3537 1476 3591 sed
1504 3538 1584 3591 uti
1620 3553 1810 3607 revera
1865 3552 1924 3593 se

345 3632 583 3687 habebat
627 3632 782 3703 origo
823 3629 1061 3703 generis.
1092 3628 1271 3699 Atque
1314 3630 1431 3683 haec
1467 3630 1644 3698 prima
1684 3637 1806 3684 esto
1838 3644 1925 3684 re—

346 3726 591 3795 sponsio.

414 3819 468 3873 5.
510 3820 633 3874 Alia
661 3836 881 3892 quoque
931 3821 1204 3892 profunda
1249 3828 1307 3877 ct
1351 3833 1553 3874 arcana
1599 3832 1723 3873 esse
1747 3820 1926 3887 potest

348 3910 472 3980 ejus
496 3912 834 3969 narrationis
864 3915 1026 3968 ratio.
1056 3912 1270 3968 Etenim
1309 3910 1599 3969 Matthzeus
1628 3908 1924 3962 humanam

344 4003 556 4058 Christi
578 4004 921 4060 nativitatem
954 4006 1159 4060 diserte
1181 4003 1525 4065 describens,
1558 4015 1794 4070 vereque
1828 4014 1925 4053 vo-

348 4093 470 4150 lens
505 4092 800 4166 Joscpltum
840 4095 1046 4153 Davide
1076 4095 1374 4151 oriundum
1419 4099 1825 4158 demonstrare,
1858 4109 1926 4149 eo

356 4200 469 4256 quo
496 4200 598 4256 par
630 4196 749 4242 erat
787 4189 1060 4243 sermonis
1092 4190 1345 4259 ingressu
1374 4188 1580 4254 utitur;
1622 4186 1801 4243 Lucas
1829 4201 1928 4240 au-

346 4284 481 4345 tem,
515 4283 577 4332 ut
621 4277 840 4348 opinor,
871 4278 1001 4349 quia
1030 4279 1199 4335 nollet
1232 4292 1493 4334 carneam
1539 4277 1748 4332 Christi
1784 4275 1927 4341 nati-

346 4369 571 4431 vitatem
604 4368 942 4434 describere,
972 4370 1048 4425 ita
1076 4386 1227 4425 nunc
1251 4385 1310 4426 se
1338 4369 1531 4441 gessit.
1565 4367 1699 4422 Nam
1733 4367 1782 4422 si
1825 4367 1927 4422 hoc

2023 1892 2116 1947 τοῦ
2138 1888 2376 1963 Χριστοῦ
2405 1888 2851 1959 κεκρατημένων,
2875 1887 2968 1941 καὶ
3001 1887 3221 1958 πάντων
3259 1886 3358 1957 μὲν
3390 1882 3627 1954 συμφώ-

2023 2002 2130 2047 νως
2158 1976 2251 2036 ἐπὶ
2280 1982 2372 2036 τὸν
2393 1980 2557 2034 Δαϐὶδ
2586 1981 2918 2049 ἀναγόντων,
2939 1979 3028 2034 διὰ
3051 1978 3150 2042 τὰς
3172 1977 3310 2048 πρὸς
3336 1977 3431 2030 τὸν
3455 1974 3628 2030 Δαϐὶδ

2022 2076 2115 2129 τοῦ
2140 2074 2274 2128 Θεοῦ
2306 2071 2657 2141 ἐπαγγελίας,
2695 2072 2795 2144 ἤδη
2824 2072 2883 2126 δὲ
2909 2070 3020 2126 τῶν
3057 2072 3154 2141 μὲν
3187 2070 3297 2123 ἀπὸ
3327 2068 3497 2128 Δαϐὶδ
3527 2068 3625 2122 καὶ

2023 2167 2335 2238 Σολομῶνος
2366 2166 2458 2219 καὶ
2485 2164 2579 2217 τοῦ
2610 2162 2889 2234 βασιλικοῦ
2918 2162 3108 2231 γένους
3141 2160 3484 2232 πειθομένων
3505 2160 3627 2212 ἔσε-

2024 2262 2148 2314 σθαι
2179 2260 2270 2312 τὸν
2301 2257 2560 2329 Χριστὸν,
2590 2256 2698 2309 τῶν
2721 2254 2777 2308 δὲ
2812 2253 3019 2326 ταύτην
3050 2253 3145 2325 μὲν
3173 2253 3489 2323 φευγόντων
3519 2252 3623 2322 τὴν

2022 2353 2200 2418 δόξαν,
2221 2349 2309 2405 διὰ
2341 2350 2403 2403 τὸ
2433 2349 2691 2420 πλείστην
2728 2346 3065 2420 ἐμφέρεσθαι
3092 2345 3201 2400 τῶν
3232 2344 3625 2417 βεϐασιλευκότ-

2022 2464 2129 2499 των
2155 2444 2511 2516 κατηγορίαν,
2542 2443 2631 2497 διά
2669 2459 2730 2495 τε
2760 2441 2821 2495 τὸ
2855 2441 3195 2512 ἐκκήρυκτον
3225 2440 3332 2492 ὑπὸ
3358 2438 3456 2491 τοῦ
3483 2455 3625 2509 προι

2024 2539 2195 2607 φήτου
2234 2536 2501 2608 Ἱερεμίου
2539 2534 2820 2603 γεγονέναι
2859 2533 2949 2587 τὸν
2995 2528 3272 2604 Ἰεχονίαν,
3302 2529 3401 2583 καὶ
3442 2529 3534 2583 διά
3562 2528 3624 2581 τὺ

2023 2628 2274 2697 εἰρῆσθαι
2298 2628 2370 2698 μὴ
2387 2624 2788 2697 ἀναστήσεσθαι
2806 2624 2867 2689 ἐξ
2882 2624 3047 2679 αὐτοῦ
3067 2624 3289 2695 σπέρμα
3309 2621 3624 2692 καθήμενον

2023 2722 2116 2773 ἐπὶ
2163 2720 2353 2791 θρόνου
2378 2717 2563 2778 Δαϐὶδ,
2598 2718 2687 2771 διὰ
2722 2717 2779 2770 δὲ
2805 2713 2899 2769 οὖν
2941 2715 3135 2779 ταῦτα,
3165 2713 3359 2785 ἑτέραν
3403 2711 3623 2765 ὁδευόν-

2022 2830 2150 2877 των,
2178 2813 2272 2866 καὶ
2296 2812 2403 2865 ἀπὸ
2433 2812 2532 2882 μὲν
2560 2809 2724 2863 Δαϐὶδ
2747 2808 3172 2880 ὁμολογούντων,
3201 2806 3261 2858 οὺ
3286 2804 3393 2876 μὴν
3415 2803 3505 2856 διὰ
3530 2803 3624 2856 Σο-

2023 2903 2285 2974 λομῶνος,
2305 2902 2441 2957 ἀλλὰ
2463 2901 2551 2955 διὰ
2575 2900 2783 2964 Νάθαν,
2802 2900 2860 2965 ὃς
2882 2895 2950 2971 ἦν
2973 2898 3067 2952 τοῦ
3101 2896 3268 2950 Δαϐὶδ
3321 2897 3453 2958 παῖς
3493 2894 3624 2963 (φα-

2028 2999 2080 3050 σὶ
2112 2998 2169 3050 δὲ
2200 2997 2291 3050 τὸν
2323 2995 2511 3050 Νάθαν
2543 2997 2637 3049 καὶ
2682 2992 3056 3065 προφητεῦσαι
3101 2991 3244 3044 κατὰ
3290 2990 3359 3042 τὰ
3399 2990 3459 3042 ἐν
3496 2989 3624 3063 ταῖς

1949 3125 1991 3182 C
2024 3090 2332 3153 Βασιλείαις
2367 3088 2642 3160 φερόμενα
2671 3086 2831 3160 [11]),
2868 3085 2975 3139 ἀπό
3007 3102 3068 3136 τε
3095 3083 3188 3136 τοῦ
3218 3082 3407 3137 Νάθαν
3439 3080 3622 3135 διαδό-

2024 3201 2135 3253 χων
2163 3181 2587 3253 προελεύσεσθαι
2616 3179 2708 3232 τὸν
2733 3176 2968 3251 Χριστὸν
2991 3173 3503 3244 διαϐεϐαιουμένων,
3521 3171 3623 3226 καὶ

2023 3275 2113 3327 τόν
2141 3290 2204 3342 γε
2233 3273 2430 3344 Ἰωσὴφ
2466 3271 2674 3325 ἐκεῖθέν
2703 3269 2872 3322 ποθεν
2901 3266 3391 3338 γενεαλογούντων,
3410 3265 3624 3337 σφόδρα

2026 3365 2339 3433 ἀναγκαίως
2383 3365 2412 3417 ό
2454 3364 2669 3426 Λουκᾶς
2719 3361 2818 3433 τὴν
2867 3359 3071 3414 τούτων
3104 3357 3405 3428 άνιστορῶν
3435 3356 3620 3423 δόξαν,

2024 3458 2137 3512 ἀλλ’
2163 3459 2223 3511 οὐ
2261 3458 2359 3529 τὴν
2386 3455 2574 3521 αὐτοῦ,
2610 3453 2919 3525 προσέθηκε
2953 3455 3019 3523 τῇ
3054 3452 3176 3506 κατ’
3208 3451 3369 3505 αὑτὸν
3404 3449 3623 3521 ἱστορίᾳ

2022 3548 2086 3601 τὸ
2110 3567 2129 3599 ι
2150 3548 2225 3612 ὡς
2244 3547 2524 3618 ἐνομίζετο
2543 3565 2556 3578 ·
2572 3564 2591 3597 ι
2613 3544 2691 3615 τῷ
2714 3543 2981 3614 Ματθαίῳ
2995 3543 3405 3615 παραχωρήσας
3430 3541 3622 3612 μὴητὸ,

2025 3640 2101 3703 ὼς
2129 3637 2430 3709 ἐνομίζετο.
2463 3640 2719 3708 ἱστορεῖν,
2737 3636 2851 3689 ἀλλ’
2869 3636 2946 3699 ὼς
2972 3631 3119 3706 εἶχεν
3141 3632 3401 3703 ἀληθείας
3423 3631 3493 3693 τὰ
3519 3633 3624 3704 τῆς

2025 3731 2322 3800 γενέσεως-ο
2350 3727 2489 3800 αῦτη
2526 3727 2626 3799 μὲν
2653 3722 2746 3781 οὖν
2769 3728 2803 3798 ἡ
2835 3724 3026 3801 πρώτη
3066 3723 3346 3786 ἀπόδοσις.

2096 3829 2165 3891 γ’.
2210 3820 2309 3892 Εἵη
2347 3820 2390 3873 δ’
2415 3820 2479 3874 ἄν
2510 3837 2595 3884 τις
2627 3820 2720 3875 καὶ
2754 3816 2913 3881 ἄλλος
2960 3816 3130 3887 βαθὺς
3170 3815 3266 3869 καὶ
3307 3814 3625 3886 ἀπόρρητος

2026 3912 2085 3966 ἐν
2109 3914 2221 3974 τοῖς
2252 3908 2640 3980 προκειμένοις
2668 3907 2827 3977 λόγος
2846 3924 2860 3939 ο
2902 3905 3185 3970 Ματθαῖος
3219 3907 3318 3977 μὲν
3349 3905 3461 3977 γὰρ
3488 3908 3622 3976 ὁμο-

2025 4005 2368 4076 λογουμένως
2397 4002 2496 4074 τὴν
2530 4003 2795 4074 ἐνσαρκον
2827 4000 3042 4069 γένεσιν
3091 3999 3322 4070 ἱστορῶν
3347 3999 3444 4053 τοῦ
3482 4000 3621 4069 Χρι-

2028 4096 2175 4161 στοῦ,
2209 4096 2304 4148 καὶ
2351 4094 2444 4147 τὸν
2488 4091 2685 4166 Ἰωσὴφ
2736 4090 3012 4155 ἀποδεῖξαι
3047 4088 3368 4160 βουλόμενος
3403 4089 3622 4159 άληθῶς

2026 4191 2097 4244 ἐκ»
2118 4187 2301 4250 Δαϐὶδ,
2329 4186 2450 4239 ὅθεν
2474 4187 2641 4256 ἐχρῆν
2668 4186 2734 4255 τῇ
2763 4182 2978 4253 εἰσϐολῇ
3009 4182 3279 4253 κέχρηται
3306 4181 3404 4235 τοῦ
3434 4181 3614 4250 λόγου·

2026 4279 2117 4334 τὸν
2167 4278 2225 4332 δὲ
2260 4278 2478 4332 Λουκᾶν
2511 4273 2753 4350 ἡγοῦμαι
2781 4273 2857 4345 μὴ
2887 4274 2985 4346 τὴν
3018 4272 3160 4328 κατὰ
3192 4271 3372 4344 σάρκα
3406 4272 3621 4342 γένεσιν

2028 4372 2121 4427 τοῦ
2157 4370 2332 4443 Ἰησοῦ
2360 4369 2701 4440 γενεαλογεῖν
2715 4368 2990 4432 ἐθέλοντα,
3010 4367 3113 4421 νῦν
3137 4366 3298 4421 τοῦτο
3318 4365 3619 4437 πεποιηκέ-

345 4460 398 4521 ei
438 4459 785 4532 propositum
837 4461 1055 4527 luisset,
1102 4477 1215 4517 non
1249 4462 1561 4533 ignorabat,
1613 4475 1754 4532 opus
1804 4475 1922 4521 esse

2033 4481 2118 4518 ναι
2142 4480 2157 4495 ο
2190 4462 2350 4516 τοῦτο
2396 4461 2493 4532 μὲν
2533 4459 2643 4529 γὰρ
2690 4460 2741 4512 εἰ
2772 4460 2914 4512 κατά
2945 4457 3172 4529 γνώμην
3198 4457 3492 4529 ἔπραττεν,
3519 4456 3619 4511 οὐκ

346 4554 617 4624 originem
682 4555 957 4624 ejusmodi
1012 4571 1307 4627 exponere.
1377 4554 1484 4609 Sed
1546 4554 1805 4624 quoniam
1859 4567 1925 4606 eo

345 4640 627 4714 Evangelii
654 4644 776 4698 loco
806 4646 1240 4715 regenerationis
1263 4661 1360 4715 per
1383 4646 1660 4698 lavacrum
1694 4644 1929 4697 mentio-

346 4748 475 4790 nem
516 4735 669 4801 facit,
705 4735 1005 4806 Jesumque
1057 4744 1117 4790 ut
1161 4735 1253 4790 Dei
1292 4735 1489 4789 Filium
1537 4734 1796 4797 exhibet;
1843 4733 1927 4788 id-

349 4826 503 4881 circo
533 4827 637 4883 hoc
659 4828 827 4883 veluti
851 4827 1100 4896 exemplo
1121 4826 1504 4881 demonstrare
1525 4824 1721 4879 nititur
1742 4838 1930 4893 quem-

350 4917 483 4973 libet
511 4919 788 4973 hominem
810 4919 864 4973 in
897 4917 1009 4972 Deo
1025 4924 1429 4987 regeneratum,
1460 4916 1674 4972 etiamsi
1713 4929 1841 4973 vere
1865 4914 1931 4969 li-

351 5009 460 5072 lius
509 5012 793 5067 hominum
846 5012 1112 5067 habeatur
1156 5011 1228 5065 ob
1277 5025 1498 5065 carnem
1543 5025 1650 5080 qua
1701 5008 1929 5063 indutus

353 5110 458 5168 est,
495 5118 605 5157 non
635 5113 817 5159 tamen
847 5119 974 5159 eum
1013 5118 1113 5159 sua
1149 5109 1348 5158 natura
1375 5104 1431 5157 in
1470 5103 1687 5157 carneis
1717 5102 1931 5172 genito-

354 5194 509 5273 ribus
542 5195 761 5261 sistere,
792 5211 970 5268 neque
1005 5212 1113 5251 non
1145 5197 1288 5251 ultra
1334 5195 1584 5265 corporis
1613 5202 1932 5265 procreato-

355 5301 448 5343 res
481 5302 777 5344 excurrere
803 5307 815 5343 :
840 5303 1033 5345 verum
1080 5289 1295 5345 etiamsi
1345 5287 1492 5344 ﬁlius
1531 5288 1815 5343 hominum
1848 5287 1932 5344 vi-

356 5380 552 5436 deatur
573 5383 644 5437 ob
668 5382 919 5452 corporis
942 5382 1370 5453 generationem,
1402 5380 1763 5436 nihilominus
1786 5378 1932 5434 haud

358 5471 597 5527 alienum
645 5490 676 5529 a
708 5473 804 5530 Dei
848 5474 1140 5545 adoptione
1190 5475 1423 5531 censeri.
1477 5472 1930 5543 Quandoquidem

357 5579 492 5637 ergo
521 5563 698 5623 Lucas
726 5567 870 5623 haud
901 5568 1201 5624 secundum
1233 5566 1470 5622 Matthaei
1495 5574 1729 5623 mentem
1755 5567 1930 5621 histo-

2028 4554 2212 4624 ἠγνόει
2256 4552 2338 4605 ὅτι
2388 4551 2557 4622 ἐχρῆν
2585 4548 2786 4619 ταύτην
2824 4548 3177 4602 ἐκθέσεσθαν
3212 4549 3403 4619 ἐπειδὴ
3434 4548 3492 4602 δὲ
3523 4548 3617 4603 νῦν

2027 4645 2128 4716 τῆς
2168 4644 2257 4699 διὰ
2293 4642 2519 4715 λουτροῦ
2547 4643 2957 4716 ἁναγεννήσεως
2989 4642 3283 4713 μέμνηται,
3312 4641 3429 4694 υἱὸν
3456 4641 3615 4695 αὑτὸν

2029 4738 2264 4806 εἰσάγων
2289 4733 2447 4800 Θεοῦ,
2485 4734 2733 4804 βούλεται
2758 4734 2835 4798 ὡς
2857 4737 2915 4787 ἐν
2944 4733 3305 4805 ὑποδείγματι
3333 4732 3615 4805 παραστῆ-

2031 4845 2120 4880 σαι
2153 4828 2234 4881 ὃτι
2263 4825 2326 4897 δὴ
2359 4827 2466 4889 πᾶς
2494 4827 2523 4878 ὁ
2556 4827 2615 4878 ἐν
2634 4822 2755 4895 Θεῷ
2776 4821 3243 4893 ἀναγεννώμενος,
3271 4819 3380 4874 κᾶν
3402 4819 3613 4892 ἀληθῶς

2030 4922 2143 4986 υίὸς
2173 4917 2311 4975 εἴναι
2333 4919 2635 4992 ἀνθρώπων
2664 4918 2939 4990 νομίζοιτο
2969 4917 3036 4971 δι’
3062 4916 3131 4988 ἥν
3155 4914 3461 4989 περίκειται
3488 4915 3615 4985 σάρ-

2030 5031 2123 5076 κα,
2153 5013 2265 5067 ἀλλ’
2290 5013 2390 5083 οὐχ
2437 5010 2652 5065 ἵσταταί
2698 5026 2763 5078 γε
2814 5009 2952 5079 αὐτῇ
3004 5007 3072 5060 τά
3119 5004 3220 5075 τῆς
3243 5005 3513 5073 γενέσεως
3534 5005 3609 5066 εἰς

2031 5110 2156 5172 τοὺς
2189 5105 2329 5160 κατὰ
2369 5107 2545 5176 σάρκα
2571 5106 2769 5173 γονεῖς,
2805 5102 2925 5156 οὐδέ
2974 5100 3136 5173 μέχρι
3165 5099 3274 5153 τῶν
3302 5096 3398 5151 τοῦ
3429 5096 3605 5168 σώμα-

2030 5219 2122 5265 τος
2168 5200 2530 5273 προπατόρων
2573 5197 2796 5267 φθάνει’
2832 5195 2947 5248 ἀλλ’
2974 5196 3021 5249 εἰ
3072 5194 3165 5248 καὶ
3205 5193 3480 5263 νομίζοιτο
3521 5190 3608 5242 ἀνα

2032 5291 2265 5363 θρώπων
2296 5289 2433 5344 εἶναι
2467 5289 2582 5352 υίὸς
2617 5287 2706 5340 διὰ
2749 5285 2848 5358 τὴν
2889 5283 2987 5346 τοῦ
3040 5282 3295 5353 σώματος
3341 5280 3603 5349 γέννησιν,

2035 5386 2185 5455 ὅμως
2232 5384 2276 5437 δ’
2309 5379 2401 5437 οῦν
2446 5384 2546 5435 οὐκ
2595 5379 2874 5451 ἀλλότριος
2908 5378 3007 5449 τῆς
3052 5376 3146 5449 τοῦ
3173 5373 3310 5428 Θεοῦ
3345 5370 3606 5433 υἱοθεσίας

2038 5476 2341 5546 ὑφέστηκεν
2359 5491 2373 5505 ο
2399 5473 2585 5544 ἐπειδὴ
2608 5472 2665 5525 δὲ
2685 5467 2780 5524 οὖν
2803 5470 2864 5523 οὐ
2882 5469 3024 5523 κατὰ
3045 5469 3145 5538 τὴν
3172 5465 3344 5537 αὐτὴν
3365 5461 3446 5533 τῷ
3463 5463 3607 5517 Maso

2037 5564 2174 5636 θαίῳ
2210 5564 2448 5619 διάνοιαν
2498 5560 2767 5630 ἐξετίθετο
2812 5560 2912 5630 τὴν
2961 5558 3234 5629 διήγησιν,
3264 5551 3495 5617 είκόως
3525 5549 3607 5607 νὺν

435 5743 549 5817 (ll)
592 5746 797 5802 Desunt
831 5748 947 5805 haec
982 5750 1036 5804 in
1064 5750 1162 5805 cod
1213 5748 1278 5817 A,
1312 5748 1399 5816 64,
1434 5765 1462 5804 a
1491 5766 1599 5821 quo
1630 5748 1920 5821 caeteroqni
1963 5749 2217 5806 meliores
2253 5744 2527 5803 interdum
2563 5743 2827 5802 lectiones
2863 5736 3217 5810 sumpsimus.
