3846 6220
196 270 304 327 897

763 265 1228 335 ΟΗᾸΞΞἸΊΟΝΕΞ
1265 264 1729 323 EV’ANGELICIE
1769 264 1795 317 Α

1904 262 2439 321 STEPHANUM.—
2478 266 2808 334 QUESTIO
2847 268 2937 326 Ill.

3367 275 3473 332 898

198 388 366 443 αὑτὸν
396 386 590 459 ἐκείνῳ
632 385 819 458 καιρὸν
863 386 1124 458 ὑπερϐὰς,
1161 387 1253 439 ἐπὶ
1294 387 1394 457 τὴν
1436 386 1789 456 ἀναγέννησιν

1901 385 2028 438 riam
2063 400 2220 440 suam
2263 385 2476 449 scribit,
2508 393 2941 442 consentaneum
2974 395 3087 443 eral
3127 396 3187 443 ut
3229 388 3471 446 Matthaei

190 482 302 552 ,τὴν
323 478 412 533 διὰ
442 477 668 550 λουτροῦ
696 478 1091 549 παραγίνεται·
1121 479 1214 532 καὶ
1246 476 1480 533 ἐνταῦθα
1510 477 1608 549 τὴν
1637 481 1789 531 ἐναν-

197 576 325 628 τίαν
347 572 620 627 ἐκτίθεται
645 571 754 626 τῶν
779 571 953 641 γενῶν
979 570 1231 642 διαδοχήν
1250 589 1264 603 ο
1296 569 1434 641 ὁμοῦ
1458 571 1552 624 καὶ
1571 570 1789 639 ἀνάγων

192 666 314 721 ἀπὸ
342 665 451 719 τῶν
489 664 735 720 ὑστάτων
767 664 860 718 ἐπὶ
888 663 959 718 τά
985 662 1202 737 πρῶτα,
1230 662 1366 734 ὁμοῦ
1393 664 1488 716 καὶ
1517 662 1617 734 τὴν
1651 663 1789 733 μνή-

204 776 317 831 μην
336 757 445 811 τῶν
470 757 619 829 παρά
641 757 722 829 τῷ
740 756 1007 828 Ματθαίῳ
1036 755 1302 811 ὑπαιτίων
1332 756 1424 809 καὶ
1452 754 1791 827 ἁμαρτωλῶν

198 849 416 922 ἀνδρῶν
462 849 885 929 ἀποσειόμενος·
938 849 1239 921 ἐπειδήπερ
1287 851 1317 902 ό
1360 847 1514 921 παρὰ
1550 847 1628 919 τῷ
1671 846 1791 919 Θεῷ

199 941 725 1014 ἀναγεγεννημένος,
756 939 1036 1014 ἀλλότριος
1081 941 1403 996 καθίσταται
1454 942 1555 1012 τῆς
1598 941 1793 1013 ὲνσάρ-

205 1050 307 1088 κου
334 1033 601 1103 γενέσεως
626 1034 720 1088 καὶ
747 1034 857 1087 τῶν
887 1033 1027 1088 κατά
1060 1034 1240 1106 σάρκα
1259 1033 1597 1106 ἁμαρτωλῶν
1626 1034 1792 1088 πατέέ

206 1145 340 1198 ρων,
370 1129 485 1192 υἱὸς
512 1127 953 1199 ἀποφαινόμενος
975 1127 1133 1193 Θεοῦ,
1164 1128 1260 1183 καὶ
1281 1128 1502 1183 πάντων
1521 1127 1631 1182 τῶν
1649 1128 1792 1182 κατά

199 1220 339 1273 Θεὸν
370 1219 754 1291 ἀνεπιλήπτως
788 1218 1148 1290 βεϐιωκότων.

273 1333 338 1389 δ’.
378 1329 525 1394 Οἷον,
544 1334 620 1397 ὡς
648 1334 741 1388 ἐπὶ
766 1334 1229 1407 παραδείγματος,
1252 1335 1464 1401 Παῦλος
1500 1337 1530 1390 δ
1561 1336 1794 1392 ἀπόστοέ

200 1426 295 1490 λος
322 1427 495 1498 ἐχέτω
536 1427 634 1498 μὲν
675 1426 818 1481 κατά
854 1426 1037 1499 σάρκα
1069 1429 1285 1501 πατέρα
1330 1427 1577 1483 Ἰουδαῖον
1611 1432 1793 1485 ὅντινα

198 1518 281 1582 ὡς
312 1519 461 1584 εἰκὸς
506 1519 765 1574 ἄπιστον·
795 1518 966 1590 ἐχέτω
997 1517 1053 1572 δὲ
1081 1518 1175 1572 καὶ
1203 1519 1344 1574 κατὰ
1375 1521 1527 1586 Θεὸν,
1562 1514 1622 1576 οῦ
1651 1523 1794 1577 κατά

198 1611 333 1674 τοὺς
362 1610 597 1685 τρόπους
619 1610 765 1664 έϐίου
786 1628 800 1640 ·
827 1614 875 1665 εἰ
907 1611 966 1665 δὲ
993 1606 1086 1666 οῦν
1128 1612 1311 1683 μέλλει
1338 1629 1423 1677 τις
1453 1614 1615 1668 αὑτὸν
1651 1614 1792 1669 κατὰ

205 1704 388 1776 σάρκα
438 1705 802 1774 γενεαλογεῖν,
846 1704 992 1768 τίνος
1039 1705 1267 1771 εἰκότως
1325 1706 1392 1761 ἂν
1446 1709 1714 1781 ἐμνήσθη,
1757 1708 1867 1788 ﬁt;

204 1796 429 1861 πάντως
456 1815 560 1853 που
593 1797 685 1851 τοῦ
713 1797 856 1852 κατὰ
891 1799 1071 1870 σάρκα
1102 1798 1342 1871 πατρός;
1379 1795 1444 1852 El
1471 1799 1516 1852 δ’
1538 1795 1603 1854 αῦ
1633 1799 1794 1854 πάλιν

200 1888 394 1960 ἕτερος
422 1889 520 1959 τὴν
552 1889 612 1941 ὲν
654 1889 875 1961 Χριστῷ
906 1890 1120 1960 γένεσιν
1152 1890 1319 1944 αὑτοῦ
1361 1891 1554 1962 δηλοῦν
1598 1890 1792 1957 ἐθέλοι,

200 1982 353 2045 τίνος
380 1981 448 2036 ἂν
476 1982 573 2054 τήν
598 1983 821 2053 μνήμην
855 1982 971 2055 θείη
1008 1982 1076 2037 ἂν
1110 1982 1356 2049 εἰκότως,
1456 1984 1673 2049 πάντως
1698 1983 1793 2038 τοῦ

204 2072 349 2128 κατά
409 2072 543 2126 Θεὸν
589 2072 753 2127 αὐτὸν
801 2075 1299 2146 ἀναγεννήσαντος;
1355 2074 1511 2129 Οῦτω
1567 2077 1663 2130 καὶ
1719 2076 1796 2148 τῷ

214 2162 473 2235 Ἀϐραὰμ
501 2162 750 2243 εἴρηται·
789 2182 808 2215 ι
840 2164 912 2218 Σὺ
945 2164 1003 2218 δὲ
1036 2164 1314 2240 ἀπελεύσῃ
1357 2166 1496 2238 πρὸς
1526 2167 1653 2231 τοὺς
1691 2182 1797 2221 πα-

203 2253 374 2327 τέρας
399 2272 490 2309 σου
510 2256 738 2328 τραφεὶς
757 2258 814 2312 ὲν
837 2256 984 2330 γήρᾳ
1012 2256 1177 2328 καλῷο
1193 2259 1285 2312 ἰού
1305 2258 1476 2331 δήπου
1500 2260 1626 2325 τοὺς
1656 2261 1797 2315 κατὰ

208 2348 391 2420 σάρκα
424 2348 667 2421 πατέρας
691 2348 977 2420 δηλοῦντος
1010 2350 1103 2404 τοῦ
1141 2350 1322 2421 λόγου,
1355 2354 1402 2405 εἰ
1433 2351 1507 2424 μὴ
1541 2352 1636 2406 καὶ
1670 2352 1793 2406 θεο-

208 2439 389 2503 σεϐεῖς
432 2440 674 2508 λέγοιντο
718 2441 1020 2510 γεγονέναι,
1054 2443 1179 2507 τοὺς
1221 2443 1280 2496 δὲ
1325 2445 1383 2497 ὲν
1408 2444 1527 2517 Θεῷ
1554 2445 1796 2519 πατέρας

203 2531 295 2584 διὰ
332 2531 433 2604 τὴν
474 2533 575 2604 τῆς
619 2531 905 2597 εὐσεϐείας
949 2535 1335 2607 ὁμοιότροπίαν
1378 2537 1751 2607 αἰνιττομένου
1778 2554 1792 2567 '

203 2622 351 2678 οῦτω
371 2624 465 2678 καὶ
485 2625 535 2677 οἱ
554 2623 615 2689 ἐξ
638 2625 909 2699 Ἀϐραὰμ,
926 2626 1141 2692 ἀσεϐεῖς
1164 2623 1304 2699 ἦσαν
1332 2629 1431 2700 μὲν
1452 2629 1594 2684 κατὰ
1619 2629 1797 2702 σάρκα

203 2717 258 2770 οἱ
308 2716 415 2771 υἱοὶ
449 2717 720 2790 Ἀϐραάμ,
755 2719 900 2772 κατά
938 2719 995 2772 δὲ
1039 2720 1133 2773 τὸν
1162 2721 1384 2793 τρόπον,
1412 2722 1519 2775 υἱοὶ
1550 2722 1799 2794 Σοδόμων

206 2811 304 2864 καὶ
324 2810 641 2884 Γομόρρας·
674 2811 754 2865 διὸ
777 2811 996 2881 λέγεται
1033 2813 1172 2885 πρὸς
1203 2813 1430 2878 αὐτούς’
1461 2833 1479 2866 ι
1504 2814 1797 2869 Ἀκούσατε

203 2901 366 2971 λόγον
394 2902 622 2976 Κυρίου,
667 2903 926 2976 ἄρχοντες
980 2904 1248 2976 Σοδόμων,
1299 2906 1591 2978 προσέχετε
1636 2907 1797 2978 νόμον

208 2994 370 3062 Θεοῦ,
399 2994 529 3058 λαὸς
564 2995 878 3068 Γομόρραςο
916 3015 936 3050 ›
973 2995 1048 3062 ὡς
1080 2993 1148 3051 αὖ
1184 2998 1345 3052 πάλιν
1373 2999 1431 3065 ἐξ
1461 2992 1537 3052 ὧν
1567 3000 1798 3071 ἤμελλεν

1892 480 2140 542 tempora
2174 481 2621 545 praetergressus,
2663 475 2731 531 ad
2766 478 3233 547 regenerationem
3264 495 3363 550 per
3390 481 3465 535 la-

1891 580 2115 620 vacrum
2143 565 2377 632 veniret,
2412 566 2597 638 ibique
2628 570 2961 623 contrariam
3002 580 3232 640 poneret
3270 586 3466 641 prosa-

1890 655 2103 724 piarum
2147 656 2554 711 successionem
2587 657 2792 712 :simul
2840 673 3074 729 pergens
3118 673 3148 713 a
3178 660 3476 730 postremis

1892 746 1960 800 ad
1985 745 2160 811 initia,
2187 747 2462 817 simulque
2487 749 2808 803 memoriam
2841 749 3082 803 sontium
3111 764 3177 805 ac
3207 750 3473 806 scelesto-

1891 854 2036 904 rum,
2077 839 2171 909 qui
2222 848 2352 895 sunt
2393 841 2535 910 apud
2586 840 2900 896 Matthaeum
2930 841 3215 896 hominum
3254 843 3471 899 vitans:

1892 933 2018 1001 quia
2065 926 2425 1003 regeneratus
2457 934 2603 1004 apud
2632 934 2801 989 Deum
2843 935 3058 990 alienus
3108 935 3169 989 ﬁt
3203 950 3233 989 a
3272 950 3475 991 carnea

1892 1032 2113 1088 natura,
2150 1033 2204 1079 et
2232 1041 2261 1079 a
2290 1026 2674 1096 peccatoribus
2707 1027 3011 1082 secundum
3042 1043 3265 1083 carnem
3299 1027 3475 1099 patri-

1893 1116 2019 1179 bus,
2052 1115 2148 1170 Dei
2188 1116 2450 1172 nimirum
2483 1117 2800 1174 declaratus
2828 1119 2998 1187 ﬁlius,
3024 1127 3080 1176 et
3107 1119 3354 1175 omnium
3379 1120 3475 1192 qui

1893 1207 2196 1263 secundum
2230 1208 2402 1265 Deum
2433 1211 2554 1266 sine
2584 1213 2746 1282 culpa
2772 1212 3047 1268 vixerunt.

1965 1323 2017 1378 4.
2054 1319 2303 1395 Exempli
2342 1324 2518 1396 gratia
2561 1323 2768 1381 Paulus
2815 1325 3099 1395 apostolus
3133 1332 3343 1397 patrem
3390 1340 3477 1382 se-

1900 1414 2145 1469 cundum
2180 1429 2404 1469 carnem
2457 1415 2648 1470 habuit
2676 1413 2948 1481 Judaeum,
2979 1423 3039 1470 ut
3067 1416 3329 1471 credibile
3367 1422 3474 1480 est,

1894 1519 1924 1558 a
1957 1504 2062 1561 ﬁde
2096 1507 2337 1563 alienum
2372 1524 2387 1561 :
2422 1506 2612 1561 habuit
2647 1522 2868 1577 quoque
2913 1514 3123 1577 patrem
3166 1508 3476 1563 secundum

1896 1597 2090 1663 Deum,
2148 1599 2309 1670 cujus
2364 1599 2619 1654 videlicet
2665 1600 2793 1655 vita
2833 1600 3146 1654 institutum
3192 1599 3478 1669 amplexus

1896 1691 2021 1748 fuit.
2072 1690 2130 1747 Si
2160 1693 2287 1763 quis
2332 1706 2464 1762 ergo
2496 1690 2651 1746 Pauli
2689 1690 2992 1749 secundum
3037 1703 3257 1746 carnem
3303 1706 3479 1761 genus

1896 1798 2126 1839 narrare
2164 1784 2318 1848 velit,
2356 1797 2647 1854 quemnam
2681 1783 2878 1838 merito
2907 1793 3117 1853 patrem
3150 1782 3480 1838 memorabit

1894 1877 2003 1932 nisi
2027 1876 2341 1931 carnalem?
2375 1874 2475 1929 Sin
2503 1890 2725 1929 rursum
2757 1875 2959 1946 aliquis
2983 1873 3140 1929 Pauli
3172 1875 3230 1928 in
3252 1874 3478 1929 Christo

1895 1969 2238 2024 nativitatem
2265 1968 2555 2024 ostendere
2592 1969 2744 2036 velit,
2781 1966 3071 2034 cujusnam
3104 1967 3291 2036 potius
3323 1982 3478 2021 men-

1896 2060 2099 2114 tionem
2132 2061 2376 2131 parentis
2411 2057 2593 2121 faciet,
2629 2072 2792 2129 quam
2822 2058 2941 2128 ejus
2969 2072 3000 2111 a
3030 2072 3141 2128 quo
3172 2055 3477 2112 secundum

1897 2150 2068 2208 Deum
2111 2159 2468 2224 regeneratus
2517 2152 2635 2207 est?
2662 2150 2757 2206 Sic
2786 2150 3101 2205 Abrahamo
3131 2164 3350 2221 quoque
3393 2149 3479 2203 di-

1872 2246 2221 2301 'ctum'fuit:
2257 2266 2274 2297 ‹
2304 2245 2387 2300 Tu
2432 2261 2562 2300 vero
2606 2246 2783 2300 abibis
2828 2245 2895 2298 ad
2943 2248 3128 2314 patres
3159 2252 3284 2298 tuos
3333 2242 3477 2297 bona

1899 2345 2182 2394 saturatus
2229 2347 2511 2393 senectute
2536 2338 2599 2389 ³⁸.
2634 2356 2652 2389 ›
2685 2337 2787 2403 Qui
2823 2336 3077 2407 profecto
3107 2349 3290 2390 sermo
3329 2334 3477 2389 haud

1897 2445 2127 2486 carncos
2176 2438 2360 2501 patres
2394 2428 2760 2491 demonstrat,
2795 2430 2899 2484 nisi
2953 2429 3008 2483 hi
3050 2426 3192 2482 forte
3228 2427 3305 2498 pii
3339 2440 3479 2497 quo-

1898 2540 2004 2595 que
2036 2524 2210 2580 fuisse
2245 2524 2576 2591 credantur;
2632 2522 2727 2578 sed
2766 2523 2834 2577 de
2878 2521 3128 2592 patrihus
3174 2519 3477 2575 secundum

1905 2616 2075 2672 Deum
2111 2617 2374 2693 loqyitur,
2410 2625 2635 2687 propter
2660 2614 2879 2685 pietatis
2910 2612 3353 2668 similitudinem.
3385 2608 3479 2666 Sic

1897 2707 2194 2763 Abrahami
2218 2714 2406 2762 sontes
2431 2707 2548 2771 ﬁlii,
2580 2706 2746 2774 hujus
2769 2703 2989 2774 quidem
3013 2700 3317 2757 secundum
3353 2714 3477 2753 car-

1899 2815 2023 2853 nem
2080 2798 2175 2852 ﬁlii
2220 2802 2407 2861 erant,
2463 2797 2711 2851 moribus
2733 2803 2915 2848 autem
2962 2789 3329 2846 Sodomorum
3379 2789 3480 2844 ﬁlii

1876 2894 2066 2962 atque
2116 2886 2455 2946 Gomorrhaa.
2510 2887 2720 2943 Idcirco
2768 2887 2972 2941 dicitur
3025 2885 3181 2938 illis:
3229 2901 3247 2933 ι
3279 2882 3480 2937 Audite

1902 2997 2211 3039 sermonem
2237 2979 2449 3035 Domini
2480 2980 2759 3050 principes
2787 2974 3150 3031 Sodomorum
3173 3015 3188 3040 ,
3215 2973 3482 3029 attendite

207 3087 320 3139 υἱοὶ
365 3086 620 3158 Ἀϐραὰμ
669 3067 985 3155 γίγνεσθαι·
1035 3089 1086 3141 οἱ
1139 3087 1271 3157 γοῦν
1298 3087 1372 3153 es;
1405 3087 1572 3143 ἐθνῶν
1590 3067 1684 3153 ⁷εἰς
1705 3090 1796 3144 τὸν
1823 3088 1865 3146 C
1898 3076 2005 3147 138i
2032 3074 2149 3139 Deis
2186 3090 2220 3129 ο
2240 3074 2439 3144 Ρορυίθ
2469 3070 2788 3127 θοιηυιτιιω
2812 3070 2853 3101 ¹⁷
2888 3088 2901 3123 ³
2932 3088 2950 3120 ’
2990 3076 3251 3138 ιθηίιυτιω
3284 3067 3328 3121 εί
3352 3079 3482 3158 ri"?

186 3177 446 3250 ’Χριστὸν
484 3178 578 3232 τοῦ
611 3177 747 3232 Θεοῦ
777 3180 1219 3243 πεπιστευκότες,
1247 3180 1390 3234 κατά
1418 3181 1596 3246 σάρκα
1624 3180 1794 3234 πατέ-

209 3288 324 3342 ρων
372 3270 686 3343 ἀλλοφύλων
741 3271 958 3341 φύντες,
1014 3272 1120 3326 υἱοὶ
1171 3272 1476 3345 γεγόναμεν
1521 3271 1791 3345 Ἀϐραὰμ,

208 3363 451 3436 Χριστοῦ
478 3365 761 3436 γενόμενοι
794 3363 984 3427 παῖδες
1027 3366 1123 3418 καὶ
1168 3364 1281 3418 τῶν
1325 3364 1564 3437 Χριστοῦ
1618 3365 1793 3436 μαθη-

206 3456 322 3510 τῶν
342 3475 354 3487 ·
386 3455 531 3510 ὥστε
571 3456 668 3510 καὶ
705 3455 963 3528 δευτέραν
1000 3457 1147 3527 ἡμᾶς
1173 3455 1573 3529 ἐπιγράφεσθαι
1605 3456 1795 3523 γένους

207 3547 460 3618 διαδοχὴν
494 3546 628 3602 πολὺ
658 3547 943 3621 κρείττονα
967 3548 1065 3619 τῆς
1095 3546 1237 3602 κατά
1263 3548 1440 3619 σάρκα
1467 3546 1555 3601 διὰ
1575 3545 1682 3618 τήν
1705 3565 1796 3601 κα-

206 3640 280 3694 τά
299 3640 536 3711 Χριστὸν
563 3640 940 3713 ἀναγέννησιν.

285 3926 348 3982 ε’.
389 3927 629 3992 Εἰκότως
652 3927 944 4001 τοιγαροῦν
975 3931 1116 3985 καὶὸ
1146 3931 1381 3998 Λουκᾶς,
1418 3931 1514 3986 ἀτε
1544 3931 1641 4004 τὴν
1666 3932 1797 3986 ἀνα-

214 4004 470 4089 γέννησιν
494 4019 744 4090 ἱστορῶν,
783 4022 843 4074 οὐ
871 4021 968 4094 τήν
999 4022 1167 4094 αὐτὴν
1198 4023 1368 4078 ὁδεύει
1402 4022 1480 4094 τῷ
1512 4013 1792 4094 Ματθαίῳ,

210 4110 276 4164 ού
305 4111 396 4164 τοῦ
431 4110 746 4183 Σολομῶνος
784 4113 879 4168 καὶ
923 4114 1023 4186 τῆς
1066 4114 1162 4168 τοῦ
1214 4113 1432 4188 Οὐρίου,
1466 4116 1528 4169 οὐ
1557 4115 1657 4187 τῆς
1685 4115 1795 4171 Θά-

214 4221 354 4277 μαρ,
390 4204 452 4257 ού
478 4204 577 4276 τῆς
615 4205 796 4271 Ῥοὺθ,
822 4207 883 4259 ού
908 4206 1005 4261 τοῦ
1054 4209 1299 4279 Ἰεχονίου
1328 4208 1425 4262 καὶ
1456 4209 1562 4263 τῶν
1594 4209 1798 4280 μεταξὺ

209 4297 657 4370 διαϐεϐλημένων
710 4299 922 4373 ἀνδρῶν
972 4300 1073 4373 τὴν
1124 4301 1427 4375 παράθεσιν
1482 4304 1797 4376 πεποίηται,

1899 3184 1994 3223 sus
2036 3184 2104 3221 ex
2153 3167 2242 3221 his
2284 3173 2470 3220 essent
2515 3162 2813 3217 Abrahami
2857 3160 2953 3215 ﬁlii
2995 3158 3338 3230 proventuri.
3373 3156 3484 3225 Qui

1895 3259 2063 3330 igitur
2094 3274 2160 3313 ex
2198 3256 2452 3328 gentibus
2502 3253 2724 3310 Christo
2770 3250 2866 3305 Dei
2904 3250 3259 3312 credidimus,
3301 3261 3481 3318 quan-

1895 3367 2058 3423 quam
2088 3350 2401 3405 inﬁdelibus
2425 3346 2728 3404 secundum
2752 3360 2974 3400 carnem
3004 3343 3171 3414 geniti
3201 3342 3479 3413 patribus.

1896 3443 1952 3496 in
1981 3442 2277 3497 Abrahami
2326 3442 2546 3495 domum
2585 3437 2964 3509 migravimus,
3010 3434 3220 3489 Christi
3251 3434 3483 3504 ejusque

1895 3533 2294 3603 discipulorum
2338 3533 2483 3585 nacti
2508 3530 2857 3600 adoptionem
2887 3548 2899 3582 ε
2936 3535 3100 3596 atque
3129 3525 3202 3579 ita
3234 3526 3288 3579 in
3315 3526 3480 3578 aliam

1897 3633 2114 3680 nosmet
2154 3625 2542 3694 inscripsimus
2576 3622 2795 3694 generis
2840 3619 3278 3679 successionem,
3306 3617 3482 3671 multo

1897 3733 2100 3774 carnea
2161 3718 2440 3773 meliorem
2505 3722 2728 3786 propter
2783 3714 2841 3768 in
2910 3709 3135 3766 Christo
3192 3721 3483 3779 regenera-

1895 3812 2122 3867 tionem.

1969 3928 2021 3982 5.
2061 3925 2254 3980 Merito
2303 3923 2471 3995 igitur
2515 3920 2729 3985 Lucas,
2777 3933 2902 3975 cum
2949 3917 3017 3974 de
3062 3912 3483 3988 regeneratione

1899 4019 2164 4090 loquitur,
2215 4016 2362 4072 haud
2403 4014 2594 4070 eadem
2635 4028 2741 4084 qua
2787 4010 3073 4065 Matthazus
3123 4008 3320 4065 semita
3351 4021 3480 4077 per-

1902 4115 1979 4184 git
2010 4131 2022 4166 :
2058 4124 2252 4178 nempe
2277 4124 2386 4163 nou
2419 4108 2751 4170 Salomonis,
2780 4120 2889 4159 non
2932 4101 3125 4156 uxoris
3171 4098 3334 4165 Uriaa,
3368 4113 3482 4155 non

1901 4205 2208 4269 Thamaraa,
2261 4218 2368 4257 non
2424 4200 2642 4262 Ruthaa,
2696 4213 2805 4253 non
2855 4194 3153 4259 Jechoniae,
3199 4207 3301 4247 nec
3344 4206 3483 4262 quo-

1900 4297 2112 4352 rumvis
2146 4303 2345 4368 praeter
2375 4295 2477 4347 hos
2526 4305 2745 4346 reorum
2790 4288 3124 4344 mentionem
3171 4286 3336 4354 facit;
3384 4285 3483 4341 sed

211 4390 353 4444 ἀλλά
383 4390 450 4443 δι’
488 4391 697 4463 ἐτέρων
725 4391 1107 4465 ἀνεπιλήπτων
1141 4393 1335 4459 ἄνεισι,
1367 4395 1462 4449 καὶ
1500 4394 1564 4468 δὴ
1599 4396 1693 4449 καὶ
1734 4398 1795 4449 ἐκ

1905 4405 2000 4459 per
2040 4389 2180 4443 alios
2226 4384 2655 4455 reprehensione
2704 4388 2957 4436 carentes
3005 4376 3277 4448 graditur;
3322 4376 3486 4430 Chri-

209 4480 311 4536 τοῦ
350 4482 630 4555 προφήτου
676 4482 863 4537 Νάθαν
903 4482 1406 4556 ἀναγεγεννημένον
1436 4487 1673 4556 εἰσάγει⁹
1706 4486 1799 4540 καὶ

211 4576 243 4628 ὁ
278 4574 375 4646 μὲν
408 4574 560 4648 παρὰ
584 4574 661 4646 τῷ
682 4576 948 4648 Ματθαίῳ
982 4577 1124 4631 κατά
1159 4577 1339 4650 σάρκα
1378 4578 1797 4649 γεγεννημένος,

211 4665 331 4731 υἱδς
372 4662 441 4739 ἦν
483 4668 730 4740 Ἀϐραὰμ
763 4668 1011 4724 ἐντεῦθεν
1043 4668 1552 4740 γενεαλογούμενος,
1584 4668 1801 4738 ἐπειδή-

215 4775 325 4832 περ
352 4758 429 4831 τῷ
468 4760 721 4833 Ἀϐραάμ
749 4760 952 4834 πρώτῳ
983 4762 1017 4833 ή
1049 4760 1349 4832 ἐπαγγελία
1369 4761 1548 4815 δέδοτο
1570 4760 1673 4832 τῆς
1691 4760 1800 4813 τῶν

214 4851 387 4907 ἐθνῶν
419 4852 686 4922 εὐλογίας,
712 4853 813 4907 ούκ
844 4852 1020 4917 ἄλλως
1066 4852 1099 4924 ἤ
1145 4853 1235 4907 διὰ
1264 4853 1357 4907 τοῦ
1389 4856 1453 4906 ἐκ
1485 4852 1801 4924 σπέρματος

213 4943 384 5002 αὐτοῦ
414 4944 879 5016 προελευσομένου
906 4943 1276 5017 γενησομένης
1292 4962 1304 4974 ·
1323 4947 1351 4998 ὁ
1375 4945 1432 4998 δὲ
1451 4945 1508 4997 ἐν
1527 4942 1646 5014 Θεῷ
1665 4943 1799 4996 ἀνα-

213 5037 633 5110 γεγεννημένος,
665 5037 884 5110 ἑτέρους
916 5039 1156 5110 πατέρας
1195 5039 1320 5102 τοὺς
1354 5035 1491 5090 κατά
1520 5035 1652 5090 Θεὸν
1681 5036 1803 5089 ἐπι-

216 5131 591 5204 γραψάμενος,
627 5130 736 5184 οὐδ’
770 5130 967 5195 αὐτοὺς
1015 5129 1232 5204 ἀληθῶς
1280 5127 1548 5201 ἐσχηκὼς,
1578 5128 1692 5183 ἀλλ’
1727 5129 1804 5193 ὡς

216 5223 500 5296 ινομίζετο
541 5222 632 5278 διὰ
678 5223 778 5294 τὴν
823 5222 935 5277 τῶν
976 5220 1125 5293 ἠθῶν
1155 5222 1562 5295 ὀμοιοτροπίαν,
1596 5221 1803 5277 ἄνεισιν

218 5316 316 5370 ἰπὶ
357 5314 450 5370 τὸν
494 5314 666 5388 ἀληθῆ
711 5314 923 5387 πατέρα
947 5354 963 5381 ,
1013 5314 1152 5385 μετά
1195 5315 1408 5380 πάντας
1456 5315 1803 5388 χρηματίσας

219 5415 351 5481 Tib;
380 5414 478 5470 τοῦ
509 5415 665 5471 Θεοῦ.

293 5569 341 5605 ⁸⁸
378 5566 520 5627 Gen.
554 5586 647 5637 xv,
684 5569 771 5629 17.
853 5571 895 5603 ¹⁷
935 5569 1040 5628 lsa.
1076 5585 1132 5637 ι,
1166 5568 1256 5626 10.

1904 4491 2161 4552 stumque
2194 4495 2223 4532 a
2256 4477 2518 4549 propheta
2550 4474 2801 4529 Nathano
2830 4471 3180 4544 progenitum
3220 4468 3479 4523 exhibet.

1906 4578 1980 4631 ita
2013 4584 2073 4629 ut
2103 4574 2197 4645 qui
2222 4571 2365 4643 apud
2388 4568 2701 4623 Matthaeum
2730 4566 3032 4621 carnaliter
3050 4561 3316 4634 gignitur,
3340 4559 3483 4615 idem

1905 4666 2051 4739 apud
2074 4666 2281 4721 Lucam
2323 4663 2493 4719 veluti
2525 4658 2821 4714 Abrahami
2852 4657 2998 4712 ﬁlius
3030 4660 3291 4725 ponatur.
3322 4652 3486 4707 Certe

1904 4760 2218 4815 Abrahamo
2250 4754 2401 4812 haud
2431 4755 2590 4809 aliter
2608 4749 2920 4810 benedictio
2940 4746 3181 4819 gentium
3211 4745 3487 4816 promissa
3536 4756 3543 4771 '-

1906 4851 2033 4916 fuit,
2076 4866 2239 4923 quam
2274 4847 2420 4917 quod
2454 4862 2516 4902 ea
2547 4845 2732 4900 futura
2773 4849 2893 4898 erat
2935 4840 3007 4895 ob
3047 4836 3377 4910 gignendum
3417 4833 3489 4893 de

1906 4958 2105 5014 genere
2135 4944 2276 5011 ejus.
2311 4944 2489 5011 Atque
2522 4938 2611 4993 hic
2637 4944 2743 5000 est,
2765 4934 2857 5005 qui
2892 4933 2946 4987 in
2974 4931 3085 4987 Deo
3104 4935 3484 5001 regeneratus,

1907 5044 2075 5107 atque
2102 5035 2241 5090 alios
2281 5040 2464 5104 patres
2499 5028 2804 5087 secundum
2842 5024 3009 5081 Deum
3050 5030 3271 5086 nactus,
3303 5036 3364 5077 re
3404 5029 3489 5076 la-

1907 5146 2033 5185 men
2068 5143 2197 5185 vera
2233 5125 2381 5182 haud
2426 5126 2577 5195 ipsos
2612 5121 2777 5176 habet
2805 5126 3014 5190 patres,
3063 5116 3159 5172 sed
3189 5114 3265 5170 ita
3298 5112 3489 5169 crede-

1904 5223 2070 5279 batur
2100 5226 2323 5292 propter
2357 5231 2572 5273 morum
2601 5211 3022 5270 similitudinem
3061 5225 3075 5262 :
3104 5222 3213 5278 qua
3234 5206 3492 5261 videlicet

1905 5315 1973 5370 ad
2021 5318 2304 5385 parentem
2355 5322 2545 5365 verum
2570 5301 2897 5363 conscendit
2940 5306 3070 5374 post
3105 5310 3299 5355 omnes
3340 5295 3495 5354 exsi-

1908 5416 2061 5466 steus
2089 5403 2263 5462 Filius
2288 5401 2409 5461 Dei.
