3846 6220
384 276 512 335 ’899
1085 272 1362 332 EUSEBII
1397 270 1883 330 CASSARIENSIS
1921 267 2073 329 OPP.
2106 267 2291 327 PARS
2325 267 2931 331 lll.—EXEGETICA.
3558 269 3673 325 900

1136 390 1227 445 IV.
2004 405 2052 457 Α
2826 395 2896 444 Δν.

396 503 648 576 Δι’τὶωηί
679 520 835 574 super
878 504 1337 627 σετιραέιέςὲἱῖὥιῖω
1387 506 1441 558 in
1471 505 1642 559 sacris
1676 502 1976 574 Evangeliis

2094 497 2446 567 Ἀφρικανοῦ
2478 499 2609 568 περὶ
2662 499 2775 567 τῆς
2806 500 2877 552 ἐν
2908 499 3035 564 τοῖς
3061 496 3241 567 ἱεροῖς
3272 499 3671 569 Εὐαγτελίοις

2598 571 2986 627 γενεαλογίας
3009 570 3142 627 (12).

1049 570 1128 629 est
1162 570 1300 645 (12).
1826 570 1844 574 ⁷
2598 571 2986 640 γενεαλογίας
3009 570 3142 641 (12).

469 665 523 719 1.
557 662 817 719 Nonnulli
862 679 960 720 seu
1012 664 1380 735 evangelicum
1411 664 1693 719 historiam
1727 661 1979 719 nescien-

396 764 482 814 tes
525 773 624 813 seu
679 755 986 826 intelligere
1040 763 1421 826 nequeuntes,
1470 756 1751 810 laudativa
1790 771 1981 811 errore

397 849 671 904 inscitiam
699 848 983 903 cumulant
1014 847 1284 913 dicentes,
1326 847 1528 902 merito
1560 847 1678 902 fieri
1711 848 1980 904 differen-

394 950 507 996 tem
536 941 820 995 nominum
853 940 1255 1004 recensionem,
1279 940 1700 1010 mistionemque
1730 941 1979 995 sacerdo-

396 1033 586 1086 talium
639 1045 765 1085 cum
821 1030 1120 1100 regalibus,
1155 1037 1214 1084 ut
1261 1030 1387 1099 jure
1416 1031 1671 1086 Christus
1721 1033 1978 1088 sacerdos

397 1133 565 1193 atque
598 1137 696 1177 rex
727 1120 1137 1178 demonstretur
1171 1142 1182 1176 :
1220 1124 1379 1192 quasi
1409 1123 1611 1193 aliquis
1645 1123 1712 1177 de
1747 1124 1847 1178 hoc
1870 1125 1979 1179 du”

396 1215 552 1279 bitet,
593 1220 688 1268 aut
733 1213 897 1267 aliam
936 1229 1089 1285 spem
1130 1214 1369 1281 habeat;
1408 1230 1603 1285 nempe
1643 1215 1777 1285 quin
1817 1216 1978 1270 Chri—

398 1314 521 1362 stus
547 1313 785 1361 aaternus
816 1306 890 1361 sit
924 1305 1069 1375 apud
1106 1303 1325 1361 Patrem
1356 1306 1624 1376 pontifex,
1661 1314 1882 1363 nostras
1927 1308 1980 1362 ei

407 1414 605 1471 preces
636 1399 899 1455 exhibens
937 1415 951 1451 :
988 1414 1081 1454 rex
1108 1406 1288 1453 autem
1318 1400 1805 1470 supermundialis,
1841 1416 1980 1470 quos

400 1488 660 1545 liberavit
685 1505 919 1560 pascens
948 1487 1181 1561 Spiritu,
1208 1491 1395 1545 socius
1415 1490 1641 1545 effectus
1660 1491 1714 1544 in
1735 1493 1981 1545 omnium

399 1594 585 1635 rerum
616 1581 1034 1651 gubernatione.
1068 1581 1233 1651 Atqui
1262 1597 1361 1637 eos
1390 1582 1643 1652 ignorare
1673 1598 1782 1636 non
1815 1598 1981 1652 opor-

399 1672 567 1735 tebat,
607 1680 905 1743 utrumque
936 1682 1353 1729 numeratorum
1382 1676 1631 1730 ordinem
1666 1692 1839 1747 genus
1858 1692 1982 1733 esse

2149 666 2222 713 a'.
2282 660 2345 714 0i
2394 660 2491 731 μὲν
2526 654 2620 713 οὖν
2679 661 2798 731 ἦτοι
2841 660 2939 730 τὴν
2992 658 3356 728 εὐαγγελικὴν
3425 657 3671 729 ἱστορίαν

2076 750 2408 822 ἠγνοηκότες
2455 749 2489 821 ἢ
2526 753 2764 804 συνεῖναι
2815 751 2889 820 μὴ
2922 749 3263 819 δυνηθέντες,
3309 746 3674 820 δοξολογούσῃ

2079 843 2257 914 πλάνῃ
2286 842 2382 915 τὴν
2407 842 2680 910 ἀγνωσίαν
2703 841 3024 895 ἐπύκνωσαν
3049 842 3295 904 εἰπόντες
3329 842 3413 894 ὅτι
3445 840 3672 902 δικαίως

2078 935 2301 1004 γέγονεν
2325 938 2357 1007 ἡ
2387 935 2645 1007 διάφορος
2698 934 2836 1005 αὕτη
2867 936 2977 987 τῶν
3006 934 3285 1005 ὀνομάτων
3319 935 3673 1006 καταρίθμη-

2080 1027 2165 1090 σίς
2196 1043 2256 1080 τε
2283 1029 2376 1080 καὶ
2413 1028 2663 1098 ἐπιμιξία
2688 1026 2796 1080 τῶν
2835 1043 2893 1079 τε
2916 1026 3208 1098 ἱερατικῶν
3241 1028 3318 1090 ὠς
3344 1022 3460 1079 οἶόν
3483 1044 3546 1079 τε
3580 1027 3674 1080 καὶ

2077 1117 2186 1171 τῶν
2209 1118 2534 1189 βασιλικῶν·
2574 1119 2662 1173 ἵνα
2688 1118 2872 1190 δειχθῇ
2900 1118 3127 1182 δικαίως
3159 1120 3187 1171 ὁ
3218 1117 3458 1190 Χριστὸς
3493 1116 3674 1188 ἱερεύς

2077 1225 2137 1261 τε
2172 1210 2266 1262 καὶ
2294 1209 2547 1280 βασιλεὺς
2567 1211 2854 1281 γενόμενος
2872 1227 2885 1239 ·
2919 1209 3107 1281 ὥσπερ
3135 1209 3280 1274 τινὸς
3312 1209 3673 1274 ἀπειθοῦντος

2078 1300 2112 1372 ἢ
2143 1301 2337 1373 ἑτέραν
2385 1303 2681 1373 ἐσχηκότος
2718 1302 2909 1356 ἐλπίδα
2932 1321 2944 1332 -
2974 1305 3055 1356 ὅτι
3094 1302 3327 1373 Χριστὸς
3367 1302 3541 1365 ἀΐδιος
3575 1303 3670 1372 μὲν

2078 1393 2369 1465 ἀρχιερεὺς
2425 1394 2659 1467 Πατρὸς,
2703 1393 2804 1458 τάς
2848 1394 3121 1467 ἡμετέρας
3150 1393 3288 1465 πρὸς
3318 1392 3485 1446 αὐτὸν
3509 1390 3671 1462 εὐχὰς

2080 1486 2388 1557 ἀναφέρων,
2422 1486 2671 1557 βασιλεὺς
2696 1488 2743 1540 δ’
2777 1489 3163 1559 ὑπερκόσμιος,
3199 1485 3291 1549 οὒς
3324 1483 3670 1555 ἠλευθέρωσε

2081 1578 2259 1650 νέμων
2304 1578 2383 1649 τῷ
2417 1580 2716 1650 Πνεύματι,
2778 1580 3037 1652 συνεργὸς
3071 1582 3150 1643 εἱς
3174 1578 3272 1650 τὴν
3306 1578 3668 1646 διακόσμησιν

2079 1668 2188 1722 τῶν
2234 1668 2369 1722 ὅλων
2423 1669 2712 1740 γενόμενος
2733 1685 2747 1699 ·
2814 1669 2991 1723 καίτοι
3059 1670 3272 1737 ἀγνοεῖν
3313 1667 3517 1730 αὐτοὺς
3572 1666 3667 1719 οὐκ

398 1762 644 1827 Davidis,
670 1779 765 1820 seu
797 1762 951 1818 Judaa
979 1765 1187 1835 regiam
1216 1765 1444 1822 tribum.
1476 1765 1722 1836 Namque
1751 1777 1809 1821 ut
1842 1768 1980 1824 forte

2087 1762 2356 1833 ἐχρῆν’ὡς
2388 1762 2623 1833 ἑκατέρα
2649 1759 2757 1814 τῶν
2779 1759 3280 1831 κατηριθμημένων
3311 1756 3471 1823 τάξις
3498 1757 3559 1810 τὺ
3577 1756 3667 1809 τοῦ

398 1856 663 1926 propheta
708 1855 996 1910 Natbanus
1044 1856 1232 1922 fuerit,
1279 1858 1583 1928 etquidem
1616 1861 1779 1914 etiam
1821 1860 1981 1916 Salo-

399 1961 551 2009 mon,
586 1953 641 2001 et
675 1946 875 2000 borum
909 1947 1199 2016 utriusque
1235 1961 1455 2016 parens,
1496 1956 1658 2017 atque
1690 1965 1754 2003 ex
1797 1951 1981 2005 multis

399 2034 653 2089 tribubus
681 2034 993 2103 prophetae;
1040 2041 1189 2088 certe
1236 2035 1548 2090 sacerdotes
1581 2034 1724 2088 haud
1756 2036 1983 2104 quilibet

399 2132 559 2178 erant
587 2124 655 2178 de
687 2125 974 2179 duodecim
1009 2124 1282 2190 tribubus,
1317 2124 1410 2180 sed
1443 2126 1545 2180 soli
1594 2126 1792 2180 levitie.
1846 2125 1984 2181 Fru-

400 2221 515 2268 stra
545 2214 710 2284 igitur
729 2215 1096 2284 compositum
1119 2222 1204 2270 est
1226 2215 1605 2283 mendacium;
1640 2233 1817 2287 neque
1846 2233 1984 2288 prae-

415 2306 620 2360 valebit
649 2305 739 2360 hic
770 2321 950 2361 sermo
986 2307 1042 2360 in
1072 2305 1318 2361 Ecclesia
1350 2306 1552 2362 Christi
1582 2315 1635 2363 et
1669 2307 1762 2363 Dei
1793 2319 1984 2363 contra

416 2405 692 2453 accurata:
719 2398 968 2454 veritatis
991 2405 1204 2468 patres;
1236 2400 1310 2452 ita
1332 2407 1391 2452 ut
1409 2400 1544 2453 falsa
1558 2400 1734 2454 oratio
1765 2415 1986 2456 consar-
2025 2418 2033 2431 κ

409 2489 626 2544 cinetur
655 2490 712 2544 in
740 2490 944 2546 Christi
981 2491 1197 2544 laudem
1228 2498 1391 2560 atque
1424 2492 1777 2561 praeconium.

476 2583 532 2634 2.
565 2579 746 2646 Quare
786 2588 845 2635 ut
875 2588 931 2635 et
973 2581 1049 2634 ita
1087 2581 1428 2651 loquentium
1466 2596 1757 2653 coarguam
1813 2582 1984 2639 insci-

402 2671 553 2739 tiam,
581 2682 634 2729 et
658 2676 713 2728 in
745 2683 1025 2744 posterum
1054 2689 1280 2729 caveam
1318 2690 1386 2728 nc
1413 2675 1537 2744 quis
1570 2675 1623 2728 in
1659 2675 1984 2744 hujusmodi

401 2764 733 2836 imperitiam
769 2765 1039 2828 incurrat,
1067 2779 1254 2819 veram
1285 2772 1563 2835 gestarum
1597 2780 1780 2819 rerum
1812 2766 1986 2819 histo-

401 2857 540 2911 riam
573 2856 868 2928 proferam.
925 2855 1149 2912 Scilicet
1199 2857 1342 2928 apud
1382 2856 1655 2914 lsraelitas
1696 2860 1985 2930 prosapia-

400 2964 522 3002 rum
573 2954 795 3003 nomina
828 2957 922 3002 aut
957 2960 1152 3003 natura
1199 2951 1634 3005 numerabantur
1674 2948 1773 3005 aut
1827 2952 1982 3022 lege;

400 3049 601 3097 natura
630 3041 875 3112 quidem.
907 3042 1132 3112 genuini
1163 3042 1380 3111 generis
1408 3043 1795 3109 successione;
1842 3043 1978 3113 lege,

402 3150 526 3189 eum
560 3134 701 3187 alius
735 3134 994 3204 gignebat
1026 3134 1228 3188 liberos
1259 3135 1445 3189 fratris
1466 3136 1705 3201 nomine,
1730 3136 1822 3205 qui
1856 3151 1984 3205 pro-

402 3227 471 3279 lis
502 3241 697 3295 expers
730 3227 961 3281 obiisset
1006 3244 1019 3281 :
1054 3242 1180 3280 nam
1219 3228 1347 3296 quia
1394 3232 1637 3281 nondum
1685 3229 1820 3298 ipsis
1858 3244 1984 3298 per-

403 3319 594 3389 spicua
646 3319 1074 3374 resurrectionis
1134 3335 1260 3390 spes
1308 3321 1434 3375 data
1485 3321 1684 3386 fuerat,
1740 3322 1983 3377 futuram

408 3407 831 3478 promissionem
876 3408 1235 3463 imitabantur
1282 3411 1690 3466 resurrectione
1741 3411 1979 3476 mortali,

402 3517 473 3555 ne
504 3499 747 3555 defuncti
795 3515 993 3554 nomen
1035 3501 1496 3572 exstingueretur.
1526 3501 1639 3574 Age
1686 3519 1815 3558 vero
1844 3520 1983 3574 quo-

404 3594 554 3648 niam
594 3594 663 3658 ii,
705 3594 799 3664 qui
847 3593 950 3647 hac
982 3595 1300 3663 genealogia
1366 3597 1739 3661 continentur,
1783 3597 1982 3667 partim

403 3700 664 3757 germano
695 3686 921 3741 traduce
948 3684 1093 3740 filius
1131 3694 1339 3755 patrem
1366 3694 1698 3744 consecutus
1727 3696 1832 3753 est,
1859 3702 1985 3757 par-

407 3778 503 3832 tim
537 3778 743 3833 abaliis
766 3778 959 3848 geniti,
990 3792 1168 3847 neque
1202 3786 1382 3832 tamen
1406 3780 1644 3833 naturali
1667 3780 1761 3835 sed
1796 3781 1986 3835 aliena:
2018 3814 2023 3817 «

404 3868 758 3939 appellationi
807 3867 1007 3922 addicti
1043 3866 1294 3935 fuerunt;
1327 3877 1683 3939 utrorumque
1714 3869 1855 3923 facta
1899 3876 1985 3923 est

402 3960 633 4023 mentio,
660 3976 855 4031 nempe
893 3967 947 4014 et
985 3976 1175 4016 eorum
1209 3962 1300 4030 qui
1334 3969 1658 4031 genuerunt,
1707 3972 1760 4017 ct
1793 3977 1982 4016 eorum

404 4052 534 4106 item
563 4050 657 4121 qui
687 4066 787 4121 pro
817 4051 1166 4123 gignentibus
1211 4052 1380 4106 habiti
1419 4059 1567 4107 sunt.
1612 4050 1690 4105 lta
1728 4061 1983 4107 neutrum

402 4142 758 4216 Evangelium
786 4145 1068 4209 mentitur,
1106 4145 1235 4199 dum
1266 4152 1517 4199 naturam
1541 4152 1793 4201 numerat
1823 4156 1985 4216 atque

476 4300 590 4372 (12)
613 4300 687 4357 De
707 4302 809 4356 hac
832 4302 1034 4357 celebri
1068 4300 1311 4356 Africani
1338 4303 1404 4357 ad
1426 4303 1721 4359 Aristidem
1753 4303 1983 4372 epistola

402 4372 674 4427 videndus
705 4373 761 4426 in
798 4374 989 4442 primis
1035 4372 1308 4428 Eusebius
1361 4373 1507 4427 Hist.
1555 4378 1682 4427 eccl.
1722 4374 1817 4429 lib.
1853 4391 1889 4437 ι,
1925 4375 1977 4437 7,

399 4442 643 4521 _q_ui__ejus
662 4434 1167 4521 p_artém_iiigent_cm
1192 4444 1378 4521 refert,
1406 4460 1435 4497 a
1459 4442 1768 4521 N_i_c_e_phoro
1792 4434 1978 4512 postea
2012 4434 2055 4488 Ῑ)

403 4514 632 4584 Callisto
660 4513 802 4567 Hist.
834 4513 925 4565 lib.
960 4529 997 4575 1,
1031 4514 1119 4575 ll,
1157 4515 1465 4583 repetitam.
1492 4513 1725 4569 Videndi
1754 4515 1979 4584 insuper

405 4581 770 4653 Hieronymus
795 4594 1091 4638 comment.
1124 4587 1191 4636 ad
1222 4581 1415 4638 Matth.
1443 4600 1483 4646 ι,
1510 4586 1611 4647 ἱϐς
1640 4581 1980 4653 Augustinus

405 4652 668 4726 Retract;
676 4655 769 4708 lib.
807 4670 865 4726 ιι,
897 4654 964 4722 7;
997 4653 1228 4709 Photius
1259 4654 1381 4709 cod.
1408 4654 1498 4719 54,
1527 4672 1583 4725 p.
1609 4652 1981 4726 22:_’denique

404 4725 596 4796 eti:_1_m__
632 4723 943 4796 Zacharias
981 4726 1309 4796 Chrysopol.
1364 4726 1419 4779 in
1473 4723 1596 4782 Bib.
1649 4724 1767 4779 PP.
1807 4723 1978 4795 Lugd.

403 4801 449 4849 t.
486 4793 629 4856 XIX,
673 4811 726 4863 p.
768 4794 891 4854 751,
935 4795 988 4848 in
1026 4793 1120 4849 fin.
1161 4793 1466 4865 Caateroqui
1514 4811 1677 4851 verus
1709 4793 1976 4865 epistolae,

406 4880 717 4935 quanquam
744 4865 884 4919 haud
922 4867 1167 4935 integr-aa,
1204 4877 1557 4922 conservator
1590 4865 1769 4921 fuerat
1795 4868 1982 4922 hacte-

402 4949 512 4990 nus
539 4937 593 4988 in
633 4936 872 4989 Historia
898 4936 1257 4992 ecclesiastica
1298 4936 1589 4992 Eusebius.
1630 4936 1787 4991 Nunc
1820 4939 1979 4994 nobis

404 5004 639 5062 feliciter
664 5008 888 5069 accidit,
926 5018 983 5060 ut
1024 5007 1079 5060 in
1109 5007 1212 5063 hac
1231 5008 1597 5077 quaastionum
1624 5006 1845 5062 Eusebii
1870 5009 1980 5077 epi-

403 5083 552 5149 tome
575 5090 713 5149 pars
732 5078 980 5147 quaedam
1003 5077 1152 5149 prior
1167 5078 1413 5149 ejusdem
1435 5078 1978 5149 episﬁtolarcomperta

404 5147 767 5231 priniuin‘sit‘,
793 5163 997 5231 nempe.
1014 5147 1081 5201 ab
1110 5147 1523 5231 hoc_initio~of}:_c
1540 5147 1789 5231 ἀκριϐῶς
1804 5164 1979 5231 usque

404 5217 473 5269 ad
491 5215 677 5287 ἐπειδὴ
701 5219 809 5290 γὰρ
829 5216 897 5290 τὰ
913 5215 1151 5290 ὀνόματα
1174 5219 1280 5272 τῶν
1301 5219 1472 5290 γενῶν
1494 5224 1552 5273 ἐν
1583 5215 1823 5290 Ἰσραήλ,
1847 5215 1976 5282 οἱα,

405 5301 527 5354 qua:
559 5291 615 5339 in
645 5288 801 5355 parte
827 5289 919 5341 illa
951 5288 1019 5343 ab
1044 5289 1312 5344 historico
1335 5288 1572 5345 Eusebio
1601 5288 1770 5345 relata
1801 5292 1975 5353 deest,

406 5357 548 5431 apud
572 5359 958 5431 quemincipit
991 5359 1177 5431 ἐπειδὴ
1212 5361 1341 5431 γάρ,
1371 5370 1475 5431 etc.
1507 5361 1573 5413 Et
1599 5360 1818 5430 quidem
1845 5361 1978 5413 illud

405 5426 533 5496 γάρ,
557 5427 716 5490 enim,
740 5429 795 5483 in
818 5426 1103 5485 codicibus
1125 5426 1366 5486 historia:
1388 5426 1708 5486 Eusebiame
1737 5439 1976 5495 exstare,

405 5497 938 5571 testatur_Valesius,
970 5501 1046 5554 ita
1070 5510 1131 5554 ut
1155 5502 1473 5571 acephalum
1510 5502 1682 5556 fuisse
1714 5500 1980 5569 fragmen-

405 5573 522 5619 tum
562 5568 698 5640 satis
744 5579 1056 5637 constaret;
1099 5568 1415 5625 nunc_ver0
1450 5588 1480 5625 a
1518 5580 1705 5626 nostra
1743 5568 1979 5640 epitome

405 5651 633 5705 prorsus
663 5637 1087 5693 demonstratur.
1122 5641 1261 5707 Quid
1298 5642 1443 5711 quod
1478 5642 1533 5695 in
1568 5642 1670 5697 hoc
1700 5637 1843 5711 novo
1868 5641 1979 5695 fra-

399 5715 621 5784 gmento
655 5723 717 5761 ea
757 5724 983 5778 prorsus
1016 5710 1584 5779 exliibctur’materia,
1609 5727 1773 5780 quam
1808 5710 1977 5768 Euse-

2082 1854 2247 1907 Aa6£6
2275 1856 2392 1906 ἐστι
2420 1854 2576 1922 γένος
2597 1857 2630 1925 ἡ
2662 1852 2758 1906 τοῦ
2798 1852 2970 1906 Ἰούδα
2995 1851 3137 1923 φυλὴ
3162 1851 3416 1923 βασιλική
3442 1868 3457 1880 ·
3495 1852 3546 1903 εἱ
3565 1849 3668 1920 γάρ

2084 1948 2370 2019 προφήτης
2408 1949 2437 1999 ὁ
2456 1947 2661 2010 Νάθαν,
2694 1945 2808 2000 ἀλλ’
2835 1947 2984 2016 ὅμως
3015 1945 3106 1997 καὶ
3141 1943 3389 2015 Σολομῶν
3415 1945 3447 1998 ὅ
3464 1961 3527 1997 τε
3548 1942 3666 1996 τού-

2082 2056 2190 2092 των
2224 2038 2405 2111 πατὴρ
2438 2038 2700 2110 ἐκατέρου
2719 2054 2734 2068 ’
2759 2039 2824 2091 ἐκ
2866 2034 3077 2090 πολλῶν
3106 2037 3165 2090 δὲ
3202 2035 3387 2106 φυλῶν
3422 2037 3669 2104 ἐγένοντο

2085 2128 2382 2201 προφῆται,
2442 2127 2606 2200 ἱερεῖς
2642 2128 2698 2181 δὲ
2736 2127 2798 2180 οὐ
2843 2127 3014 2190 δεῖνες
3067 2126 3177 2180 τῶν
3207 2124 3420 2179 δώδεκα
3464 2125 3665 2194 φυλῶν,

2088 2222 2239 2292 μόνοι
2269 2218 2562 2274 δὲΛευῗται
2580 2237 2594 2250 ’
2631 2220 2806 2291 μάτην
2831 2219 2939 2291 ἄρα
2969 2218 3278 2273 πέπλασται
3309 2218 3372 2270 τὸ
3397 2218 3667 2288 ἐψευσμέ-

2085 2332 2174 2369 νον
2197 2332 2209 2346 ·
2237 2314 2311 2386 μὴ
2338 2313 2402 2386 δὴ
2428 2314 2659 2386 κρατοίη
2686 2313 2924 2375 τοιοῦτος
2953 2312 3110 2381 λόγος
3143 2313 3201 2364 ἐν
3218 2310 3524 2381 Ἐκκλησία
3536 2312 3664 2380 Χρι-

2087 2403 2213 2457 στοῦ
2244 2404 2335 2457 καὶ
2359 2403 2494 2456 Θεοῦ
2532 2403 2787 2474 πατέρων
2822 2401 3084 2473 ἀκριϐοῦς
3111 2399 3395 2472 ἀληθείας,
3429 2400 3517 2451 ὅτι
3545 2397 3669 2464 ψεύσ-

2084 2496 2171 2561 δος
2206 2496 2488 2565 σύγκειται
2517 2497 2597 2558 εἱς
2625 2490 2772 2547 αἶνον
2790 2495 2886 2548 καὶ
2907 2493 3215 2561 δοξολογίαν
3242 2491 3506 2564 Χριστοῦ.

2159 2589 2222 2661 β’,
2254 2591 2371 2643 Ἵνα
2414 2583 2508 2643 οὖν
2549 2590 2645 2643 καὶ
2674 2587 2835 2641 τοῦτο
2869 2588 2967 2658 μὲν
2998 2586 3093 2641 τοῦ
3134 2586 3418 2659 εἰρηκότος
3444 2585 3671 2654 ἐλέγξει)-

2089 2700 2189 2754 μεν
2241 2683 2340 2755 τὴν
2387 2680 2659 2753 ἀμαθίαν,
2718 2680 3020 2750 παύσωμεν
3078 2679 3138 2732 δὲ
3179 2677 3274 2731 τοῦ
3330 2676 3539 2748 μηδένα
3582 2678 3668 2729 ὑπ’

2085 2776 2309 2845 ἀγνοίας
2360 2774 2835 2846 σκανδαλισθῆναι,
2885 2774 2981 2845 τὴν
3026 2773 3204 2843 ἀληθῆ
3230 2770 3340 2825 τῶν
3370 2770 3670 2841 γεγονότων

2087 2868 2330 2941 ἱστορίαν
2373 2867 2700 2940 ἐκθήσομαι.
2770 2866 2988 2937 Ἐπειδὴ
3041 2864 3150 2937 γὰρ
3196 2864 3266 2918 τὰ
3303 2863 3544 2934 ὀνόματα
3566 2862 3671 2917 τῶν

2086 2961 2260 3031 γενῶν
2308 2964 2366 3014 ἐν
2398 2961 2616 3033 Ἰσραὴλ
2656 2961 2939 3032 ἠριθμεῖτο
2977 2960 3010 3031 ἢ
3042 2958 3260 3030 φύσειῆ
3290 2958 3477 3029 νόμῳ·
3512 2957 3670 3027 φύσει

2008 3097 2052 3152 C
2090 3053 2208 3124 μὲν,
2239 3054 2465 3125 γνησίου
2511 3053 2824 3126 σπέρματος
2870 3051 3127 3122 διαδοχῇ·
3175 3050 3326 3123 νόμῳ
3356 3049 3435 3112 δὲ,
3484 3049 3669 3148 ἐτέροιέ

2086 3142 2572 3212 παιδοποιουμένου
2613 3145 2693 3206 εἰς
2756 3142 2927 3213 ὄνομα
2974 3141 3401 3211 τελευτήσαντος
3440 3135 3670 3207 ἀδελφοῦ

2085 3233 2314 3288 ἀτέκνου
2336 3252 2349 3265 ·
2376 3234 2458 3287 ὃτι
2485 3234 2594 3305 γὰρ
2616 3234 2828 3288 οὐδέπω
2850 3234 3033 3297 αὐτοῖς
3053 3233 3231 3286 δέδοτο
3259 3232 3415 3294 ἐλπὶς
3435 3231 3672 3285 ἀναστά-

2089 3345 2227 3390 σεως
2266 3327 2460 3399 σαφὴς,
2513 3327 2611 3399 τὴν
2654 3327 2950 3399 μέλλουσαν
3001 3324 3331 3394 ἐπαγγελίαν
3375 3324 3672 3378 ἀναστάσει

2093 3422 2387 3494 ἐμιμοῦντο
2414 3422 2602 3494 θνητῇ,
2627 3420 2715 3475 ἵνα
2736 3421 3087 3476 ἀνέκλειπτον
3108 3419 3170 3473 τὸ
3199 3420 3369 3490 ὄνομα
3400 3419 3561 3490 μείνῃ
3578 3416 3673 3470 τοῦ

2098 3512 2491 3586 μετηλλαχότος
2510 3529 2523 3542 ·
2579 3513 2702 3565 ἐπεὶ
2770 3507 2863 3565 οὖν
2913 3513 2960 3564 οἱ
3017 3514 3085 3581 τῇ
3133 3509 3453 3581 γενεαλογίᾳ
3505 3507 3678 3579 ταύτῃ

2092 3605 2478 3677 ἐμφερόμενοι,
2507 3605 2555 3656 οἱ
2581 3604 2677 3674 μὲν
2709 3602 3012 3667 διεδέξαντο
3038 3604 3167 3665 παῖς
3184 3600 3399 3671 πατέρα
3412 3599 3676 3670 γνησίως,

2084 3701 2135 3752 οἱ
2173 3699 2229 3752 δὲ
2269 3698 2476 3771 ἑτέροις
2528 3698 2628 3769 μὲν
2696 3695 3104 3768 ἐγεννήθησαν,
3153 3694 3360 3764 ἑτέροις
3406 3693 3466 3747 δέ
3506 3709 3681 3764 προσ-
3744 3728 3749 3733 -

2085 3791 2347 3862 ετέθησαν
2401 3791 2612 3863 κλήσει,
2650 3790 2975 3861 ἀμφοτέρων
3024 3787 3295 3857 γέγονενή
3339 3787 3531 3857 μνήμη
3580 3787 3682 3841 καὶ

2085 3884 2193 3938 τῶν
2243 3884 2650 3956 γεγεννηκότων
2690 3883 2787 3938 καὶ
2824 3882 2935 3936 τῶν
2978 3881 3054 3944 ὡς
3092 3877 3537 3950 γεγεννηκότων·
3583 3877 3684 3932 οὖ-

2084 3994 2193 4040 τως
2258 3976 2538 4048 οὐδέτερον
2598 3974 2707 4029 τῶν
2762 3973 3108 4043 Εὐαγγελίων
3140 3971 3394 4041 ψεύδεται
3424 3970 3522 4025 καὶ
3571 3971 3683 4041 φύ-

2088 4084 2171 4121 σιν
2233 4066 2501 4140 ἁριθμοῦν
2562 4067 2657 4120 καὶ
2707 4065 2872 4136 νόμον
2899 4081 2911 4094 ·
2979 4063 3265 4137 ἐπεπλάκη
3329 4064 3440 4135 γάρ
3501 4060 3676 4133 ἀλλή-

2085 4157 2197 4221 λοις
2257 4158 2327 4211 τὰ
2363 4158 2498 4228 γένη
2546 4158 2617 4212 τά
2655 4175 2714 4211 τε
2765 4156 2874 4210 ἀπὸ
2914 4156 3226 4228 Σολομῶνος
3268 4156 3362 4208 καὶ
3408 4152 3506 4207 τοῦ
3551 4154 3678 4208 Nai.-

2086 4315 2210 4368 hius
2241 4313 2297 4366 in
2333 4312 2544 4383 integra
2595 4311 2827 4382 epistola
2855 4326 2942 4383 se
2982 4310 3182 4383 legisse
3225 4306 3543 4383 significat?
3588 4305 3676 4383 En

2088 4387 2251 4463 verba
2278 4378 2496 4463 Eusebii
2528 4378 2785 4463 loc..:ci~t.,
2816 4382 2870 4436 id
2899 4389 3007 4463 est,
3041 4378 3189 4463 Ijist.
3224 4397 3263 4445 ι,
3350 4398 3364 4433 :
3400 4380 3541 4451 Φέρε
3570 4378 3678 4463 τῂν

2085 4473 2149 4509 πε
2161 4454 2213 4523 pi.
2243 4452 2448 4507 τούτων
2472 4453 2836 4507 κατελθοῦσαν
2866 4455 2945 4516 εἱς
2969 4453 3114 4523 ἡμᾶς
3141 4450 3381 4523 ἱστορίαν
3411 4448 3680 4523 παραθῶ-

2087 4473 2149 4509 πε
2197 4473 2213 4506 ι
2243 4473 2448 4507 τουτων
2472 4473 2836 4507 κατελυουσαν
2866 4473 2945 4516 εις
2969 4473 3114 4523 ημας
3141 4473 3381 4522 ιστοριαν
3411 4473 3678 4520 napum»-

2087 4473 2243 4597 psga,
2276 4524 2439 4597 ’ἢν-δι’
2463 4524 2752 4597 ἐπιστολῆς
2795 4523 3099 4597 Ἀριστείδῃ
3118 4520 3347 4597 γρᾲφων
3369 4520 3678 4597 περὶἑσυμ-

2083 4590 2418 4665 ἑτςωνίαςτῆς
2449 4597 2505 4648 ἐν
2525 4598 2639 4657 τοῖς
2676 4590 3456 4665 εὐαγγελίοις,γενεαλογίαεὸί
3488 4590 3680 4665 ’ᾼφέῑ“

2082 4658 2245 4728 κανὸς
2288 4658 2691 4735 ἐμνημόνευσε’
2727 4658 2837 4727 τάς
2860 4658 3285 4735 μὲνᾲδὴλλοιπῶνί
3309 4660 3577 4735 δόξας-ὼς
3600 4658 3681 4711 ἂν

2084 4737 2290 4807 βιαίους
2316 4730 2824 4807 καῖδιεψευσμένας
2854 4730 3181 4807 ἀπελέγξας,
3216 4731 3349 4807 ἥνδ
3374 4730 3542 4792 αὐτὸς
3572 4746 3679 4807 πα-

2084 4801 2336 4878 ρείληφεν
2378 4801 2914 4882 ἱστορίαι-τούτοις-
2937 4801 3118 4866 αὐτοῖς
3138 4801 3517 4882 ’ἐκτιθέμενος
3561 4802 3677 4882 τοές

2084 4869 2342 4949 ρήμοὶσινξ
2374 4869 2570 4949 ᾲὲπείδὴ
2590 4876 2699 4948 γὰρ
2731 4875 2800 4949 τά
2827 4875 3066 4945 ὀνόματα
3096 4869 3437 4949 τῷνιγενῶν,
3459 4880 3569 4925 etc.
3598 4869 3679 4925 De

2081 4941 2172 5001 his.
2198 4947 2539 5002 traditionem
2559 4941 2679 5017 quis
2707 4945 2774 4999 ad
2807 4962 2901 4999 nos
2923 4941 3357 5017 ‘usquededucta
3374 4951 3465 5017 est
3485 4956 3680 5017 propo-

2081 5034 2292 5083 namus,
2325 5033 2486 5089 quam
2521 5010 2809 5089 Africanus
2830 5017 2896 5089 in
2925 5010 3263 5089 epristola_ad_
3288 5010 3581 5089 Afistidﬂu

2080 5081 2349 5143 consensu.
2383 5081 2792 5158 evangeliorum,
2819 5087 2872 5139 in
2924 5083 3339 5158 stirpeCIirist‘i
3372 5081 3674 5158 narranda

2081 5154 2532 5214 conmiemoraviti
2577 5155 2678 5210 Ubi
2719 5157 2950 5212 aliorum
2988 5154 3198 5226 quidem
3238 5154 3514 5226 opiniones
3547 5160 3672 5203 tan-

2079 5246 2240 5300 quam
2273 5229 2531 5283 uinlentas
2561 5236 2611 5282 et
2641 5227 2780 5300 falso
2811 5224 3068 5300 conﬁctas
3098 5224 3670 5300 coarguit;_ipse_gem

2079 5290 2241 5371 quam
2283 5307 2611 5371 compererat
2641 5290 2935 5352 'historiam
2974 5299 3055 5352 his
3095 5290 3258 5371 refert
3287 5295 3483 5371 uerbis.
3522 5290 3669 5371 Num

2079 5363 2205 5436 quia
2241 5363 2640 5443 generationum
2670 5371 2907 5433 nomina,
2946 5378 3055 5443 _et_c.
3107 5363 3275 5421 Vides
3307 5363 3669 5443 itaque_a_lie-

2080 5433 2273 5496 narum
2308 5441 2649 5512 opinionum,
2692 5447 2882 5512 utpote
2908 5439 3270 5512 violentarum
3303 5442 3471 5504 atque
3496 5433 3666 5512 falsa:

2079 5527 2223 5575 rum,
2278 5506 2686 5582 coargutionem
2741 5506 2810 5564 ab
2858 5508 3124 5582 Africano
3170 5506 3397 5582 factam,
3446 5506 3666 5582 nonnisi

2080 5583 2224 5651 apud
2257 5574 2503 5637 nostram
2535 5580 2811 5650 epitomen
2833 5619 2849 5649 ,
2888 5581 3075 5635 statim
3112 5577 3293 5643 initio,
3338 5582 3402 5630 ut
3452 5574 3668 5637 debuit,

2082 5668 2330 5707 IllVCﬂll‘l.
