3826 6218
153 241 260 296 901

729 239 1194 307 ρωΕδΤιοΝΕδ
1227 241 1691 299 ΕΫΑΝΟΕΙΑΙΕᾹΞ

1865 242 2308 302 STEPHANUM.
2349 277 2420 287 _
2459 216 2789 313 ρυίιςετιο
2831 246 2889 302 v.

3342 251 3448 307 9οΞ

151 360 288 424 θαν,
333 359 698 413 ἀναστάσεσιν
741 359 985 414 ἀτέκνων
1028 363 1125 415 καὶ⁴
1168 363 1620 434 δευτερογαμίαις
1659 382 1717 418 κο

1856 365 2051 434 legem.
2078 363 2508 435 Implicabantur
2536 368 2682 422 enim
2714 368 2856 423 inter
2881 382 2940 422 se
2971 382 3171 439 genera
3205 366 3449 423 Salomo-

153 452 452 507 ἀναστάσει
474 452 808 523 σπερμάτων
831 469 844 483 ·
876 453 951 517 ὡς
966 452 1190 517 δικαίως
1213 455 1340 518 τοὺς
1355 455 1552 520 αὐτοὺς
1568 456 1757 509 ἄλλοτε

152 543 329 598 ἄλλων
357 543 676 613 νομίζεσθαι
702 560 715 573 ·
743 543 853 596 τῶν
891 545 988 615 μὲν
1013 544 1314 598 δοκούντων
1344 546 1625 617 πατέρων,
1647 548 1758 601 τῶν

153 635 211 687 δὲ
234 634 597 705 ὑπαρχόντων
617 652 629 662 ·
658 635 753 687 καὶ
774 636 1088 707 ἀμφοτέρας
1104 635 1203 699 τὰς
1241 637 1518 709 διηγήσεις
1552 640 1758 711 κυρίως

154 725 378 796 ἀληθεῖς
412 723 577 788 οὔσας
604 727 697 778 ἐπὶ
730 726 820 780 τὸν
859 728 1057 798 Ἰωσὴφ
1085 728 1441 793 πολυπλόκως
1475 730 1593 800 μὲν,
1641 732 1756 785 ἀλλ’

151 816 402 887 ἀκριϐῶς
436 817 736 871 κατελθεῖν.
765 819 881 872 Ἵνα
905 818 961 871 δὲ
989 821 1158 889 σαςὲς
1251 821 1309 872 τὸ
1327 821 1636 893 λεγόμενον,
1658 823 1756 895 τὴν

151 909 471 981 ἐπαλλαγὴν
501 910 611 963 τῶν
642 909 818 980 γενῶν
847 911 1183 983 διηγήσομαι
1210 913 1347 983 (15).
1385 913 1450 965 Ἡ
1485 913 1626 967 κατά
1656 915 1757 983 φύ-

152 1018 238 1055 σιν
261 1002 477 1071 γένεσις
504 1001 624 1055 ἔστι
671 1002 952 1057 Ματθαίου
978 1020 991 1032 ·
1024 1006 1057 1072 ἡ
1091 1005 1232 1057 κατὰ
1264 1005 1429 1075 νόμον
1459 1006 1756 1071 ἀνάστασις

149 1094 366 1161 γένους,
398 1095 544 1171 ἔστιν
576 1098 608 1166 ἡ
643 1096 737 1149 τοῦ
783 1097 993 1149 Λουκᾶ·
1029 1097 1257 1150 Ματθὰν
1296 1100 1324 1151 6
1357 1097 1469 1150 ἀπὸ
1502 1098 1756 1168 Σολομῶ-

146 1204 260 1250 νος,
278 1187 539 1258 ἐγέννησε
558 1188 650 1241 τὸν
666 1187 861 1242 Ἰακώϐ
876 1206 889 1219 ·
916 1188 1143 1243 Ματθάν
1165 1189 1551 1255 ἀποθανόντος,
1576 1191 1754 1263 Μελχὶ

143 1280 174 1331 6
225 1280 340 1334 ἀπὸ
381 1280 569 1334 Νάθαν
611 1283 676 1335 ὲκ
705 1283 806 1353 τῆς
844 1282 1015 1352 αὐτῆς
1067 1282 1325 1350 γυναικὸς
1374 1283 1631 1354 ἐγέννησε
1664 1284 1754 1339 τὸν

154 1371 317 1425 Ἠλί’
369 1374 697 1444 ὁμομήτριοι
752 1375 863 1445 ἄρα
908 1374 1154 1443 ἀδελφοὶ,
1199 1374 1321 1428 Ἠλὶ
1373 1375 1468 1430 καὶ
1524 1375 1750 1429 Ἰακώϐο

154 1464 282 1518 Ἠλὶ
303 1466 536 1520 ἀτέκνου
566 1466 952 1531 ἀποθανόντος,
980 1469 1009 1520 ό
1048 1466 1241 1521 Ἰακὼϐ
1276 1467 1572 1540 ἀνέστησεν
1605 1468 1753 1539 αύτῷ

141 1554 419 1625 σπέρμα,
477 1556 748 1627 γεννήσας
798 1556 890 1609 τὸν
960 1556 1184 1627 Ἰωσὴφ,
1249 1557 1390 1611 κατά
1440 1559 1598 1627 φύσιν
1655 1561 1752 1630 μὲν

142 1646 357 1717 ἐαυτῷ,
407 1647 550 1700 κατὰ
579 1648 744 1718 νόμον
795 1649 853 1702 δὲ
902 1647 982 1719 τῷ
1025 1648 1174 1702 Ἠλί·
1205 1649 1379 1714 οὕτως
1425 1652 1750 1725 ἀμφοτέρων

141 1737 261 1800 υίὸς
303 1738 504 1808 Ἰωσήφ
539 1736 672 1809 (14).

910 1934 983 1989 E'.

139 2049 252 2103 Διὰ
298 2048 362 2101 τί
405 2049 438 2102 ὁ
484 2046 786 2113 Ματθαῖος
830 2046 939 2099 τοῦ
1000 2046 1248 2116 Ἀϐραὰμ
1277 2045 1590 2114 προτάττει
1620 2045 1742 2099 τὸν

216 2117 404 2172 Δαϐὶδ
424 2118 495 2171 ἐν
535 2117 608 2186 τῇ
640 2117 748 2170 τοῦ
801 2118 1062 2184 Χριστοῦ
1104 2119 1456 2188 τενεαλογίᾳ
1481 2116 1737 2188 φήσας·

212 2190 437 2254 Βίϐλος
484 2188 776 2257 γενέσεως
820 2188 1017 2256 Ἰησοῦ
1061 2187 1339 2256 Χριστοῦ,
1367 2187 1502 2242 υἱοῦ
1540 2187 1739 2251 Δαϐὶὸ,

217 2260 362 2313 υἱοῦ
419 2258 685 2326 Ἁϐραάμ.

214 2372 289 2424 α’.
324 2371 545 2442 Ἐπειδὴ
576 2368 779 2440 πρώτῳ
810 2370 903 2424 καὶ
932 2371 1078 2441 μόνῳ
1107 2370 1184 2442 τῷ
1222 2370 1388 2424 Δαϐὶδ
1422 2370 1539 2441 μεθ’
1578 2371 1741 2442 ὅρκου

136 2463 607 2529 διαϐεϐαιώσεως,
650 2463 708 2531 ἐξ
763 2464 931 2518 αὐτοῦ
970 2464 1113 2519 κατά
1151 2465 1332 2536 σάρκα
1364 2463 1527 2533 φῦναι
1553 2467 1582 2517 6
1610 2465 1743 2536 Χρι-

139 2557 276 2620 στὸς
299 2553 623 2618 ὲθεσπίζετο
647 2572 661 2584 θ
698 2554 1013 2626 γέγραπται
1047 2551 1168 2610 οὖν·
1209 2576 1226 2607 ε
1279 2557 1372 2609 Ἐκ
1409 2555 1622 2627 καρποῦ
1645 2558 1742 2627 τῆς

134 2647 359 2710 κοιλίας
417 2662 513 2699 σου
578 2646 814 2718 θήσομαι
876 2648 970 2700 ἐπὶ
1017 2648 1111 2701 τὸν
1173 2647 1362 2720 θρόνον
1401 2665 1516 2701 σου.
1570 2667 1588 2698 ι
1630 2647 1743 2700 Καὶ

137 2739 352 2793 πάλιν·
407 2756 426 2788 ι
468 2735 736 2808 Διεθέμην
793 2738 1058 2811 διαθήκην
1110 2741 1223 2803 τοῖς
1272 2739 1547 2802 ἐκλεκτοῖς
1604 2755 1738 2809 μους·

137 2831 343 2902 ὤμοσα
394 2834 558 2887 Δαϐὶδ
607 2834 685 2906 τῷ
722 2833 892 2903 δούλῳ
952 2849 1086 2903 μου·
1119 2831 1224 2895 ἕως
1256 2832 1350 2885 τοῦ
1391 2832 1583 2893 αἰῶνες
1606 2832 1742 2883 ἐτοι-

140 2923 310 2993 μάσω
336 2922 398 2975 τὸ
440 2925 662 2996 σπέρμα
696 2942 813 2989 σου,
839 2923 931 2977 καὶ
962 2923 1306 2994 οἰκοδομήσω
1326 2923 1407 2985 εἰς
1435 2922 1628 2991 γενεὰν
1648 2922 1741 2975 καὶ

134 3015 343 3085 γενεὰν
380 3016 471 3069 τὸν
499 3016 691 3088 θρόνον
739 3033 854 3070 σου.
891 3035 909 3067 ι
933 3015 1044 3068 Καὶ
1066 3014 1136 3067 τὰ
1165 3014 1265 3084 μὲν
1292 3015 1388 3085 τῆς
1410 3014 1739 3083 ἐπαγγελίας

1860 455 2044 509 nicum
2081 466 2135 510 et
2169 455 2533 513 Nathanicum
2589 458 3032 530 reparationibus
3080 459 3348 515 sterilium
3392 466 3449 515 et

1861 547 2118 603 secundis
2156 549 2366 618 nuptiis
2399 557 2452 604 et
2486 551 2756 606 seminum
2797 551 3158 605 suscitatione
3212 566 3227 601 :
3276 550 3350 604 ita
3383 559 3443 605 ut

1860 638 2058 692 merito
2086 638 2248 694 iidem
2283 640 2533 696 homines
2563 642 2701 697 alias
2731 642 2853 697 aliis
2877 644 3127 712 patribus
3155 644 3441 699 ascriban-

1862 736 1971 791 tur,
2009 744 2204 798 nempe
2232 737 2286 785 et
2308 732 2377 786 iis
2410 732 2502 802 qui
2532 734 2736 803 specie,
2766 741 2821 787 et
2852 750 3045 790 rursus
3083 735 3151 789 iis
3186 736 3280 805 qui
3313 751 3439 791 rea-

1870 836 1969 889 pse
1990 823 2266 891 genitores
2290 832 2419 877 sunt
2450 844 2462 879 :
2501 834 2664 895 atque
2690 826 2864 879 ambae
2891 826 3235 882 narrationes
3259 828 3443 898 appri-

1858 925 1945 963 me
1976 926 2120 965 νει-αι
2167 911 2234 965 ad
2296 910 2593 983 Josephum
2631 916 2782 969 varie
2832 916 3050 985 quidem
3111 918 3207 971 sed
3265 932 3445 974 tamen

1858 1000 1924 1052 ad
1966 1002 2228 1056 amussim
2261 1002 2573 1058 dcveniant.
2603 1003 2673 1059 Ut
2707 1013 2886 1060 autem
2911 1006 3057 1077 quod
3100 1008 3189 1062 aio
3235 1014 3442 1078 persm-

1861 1105 2027 1145 cuum
2058 1093 2171 1158 ﬁat,
2196 1097 2653 1163 permutationem
2679 1114 2944 1167 generum
2968 1098 3311 1168 patefaciam.
3338 1099 3444 1155 Ge-

1856 1185 2071 1238 neratio
2101 1186 2369 1239 naturalis
2399 1196 2484 1240 est
2510 1188 2602 1240 illa
2638 1187 2876 1243 Matthaei
2914 1207 2926 1244 :
2958 1191 3176 1259 generis
3206 1192 3443 1246 suscita-

1855 1274 1933 1329 tio
1965 1276 2154 1346 legalis
2177 1285 2259 1332 est
2288 1278 2376 1331 illa
2399 1277 2578 1333 Lucae.
2606 1278 2917 1336 Matlhanus
2939 1280 3229 1336 Salomone
3252 1284 3441 1338 oriun-

1854 1366 1958 1423 dus
2012 1373 2205 1439 genuit
2263 1369 2551 1425 Jacobum.
2598 1371 2876 1427 Matthano
2917 1373 3197 1439 defuncto,
3243 1374 3437 1431 Melchi

1852 1458 2104 1513 Nathano
2137 1460 2428 1526 oriundus,
2457 1476 2486 1515 e
2519 1460 2782 1516 Matthani
2823 1479 2994 1519 uxore
3038 1463 3210 1518 Helim
3247 1482 3438 1523 susce-

1852 1550 1951 1620 pit.
1995 1548 2163 1621 lgitur
2203 1552 2405 1605 uterini
2464 1551 2660 1608 fratres
2720 1552 2839 1608 Heli
2902 1563 2956 1611 et
3001 1554 3263 1612 Jacobus.
3313 1557 3436 1615 Heli

1851 1641 2069 1687 mortuo
2103 1634 2224 1689 sine
2267 1635 2476 1699 liberis,
2506 1631 2749 1691 Jacobus
2798 1640 3059 1693 excitavit
3091 1640 3140 1694 ei
3190 1644 3434 1700 sobolem

1762 1729 1810 1789 B
1838 1725 2021 1795 genito
2043 1724 2302 1797 Josepho,
2326 1744 2428 1784 suo
2457 1730 2787 1785 naturaliter
2815 1730 2946 1799 ﬁlio,
2979 1748 3046 1788 ex
3073 1733 3210 1805 legis
3243 1744 3435 1791 autem

1846 1815 2021 1871 forma
2048 1816 2169 1874 Heli
2203 1820 2333 1876 lilio.
2370 1819 2462 1875 Sic
2490 1822 2779 1892 utriusque
2811 1823 2953 1880 ﬁlius
2982 1823 3281 1895 Josephus.

2602 1934 2669 1989 V.

1844 2046 2286 2122 CuLMattluws
2338 2058 2460 2105 ante
2499 2051 2867 2122 Abrahamum
2897 2064 3058 2122 ponat
3088 2054 3340 2111 Davidem
3376 2057 3433 2111 in

1914 2110 2112 2194 Qliristi
2141 2121 2649 2194 ρεηςαέορίαᾴὶεεηδ
2680 2139 2698 2174 :
2724 2110 3277 2194 Liber'generationis
3303 2126 3434 2182 Jesu

1914 2188 2265 2259 Christi,iﬁtii
2289 2188 2533 2257 deidis,
2566 2194 2667 2262 ﬁlii
2692 2188 3007 2251 Abrahami.

1915 2366 1966 2420 1.
2000 2364 2100 2421 Rei
2135 2380 2303 2422 causa
2327 2374 2412 2422 est
2437 2367 2565 2437 quia
2604 2367 2782 2438 primo
2813 2367 3025 2439 solique
3056 2368 3248 2425 Davidi
3288 2370 3435 2426 vatio

1843 2457 2048 2511 cinium
2099 2458 2458 2527 jurejurando
2500 2460 2885 2513 conﬁrmatum
2926 2461 3048 2525 fuit,
3099 2460 3214 2517 fore
3255 2471 3313 2516 ut
3362 2477 3433 2518 ex

1843 2564 1909 2603 eo
1948 2548 2203 2605 Christus
2254 2549 2575 2606 hiimanitus
2629 2559 2972 2607 nasceretur.
3021 2549 3296 2623 Scriptum
3344 2563 3431 2609 est

1842 2641 1987 2695 enim
2029 2657 2043 2693 :
2079 2659 2099 2692 ι
2134 2640 2209 2697 De
2246 2640 2425 2696 fructu
2457 2644 2665 2697 ventris
2697 2643 2775 2696 tui
2819 2659 3018 2713 ponam
3051 2661 3217 2714 super
3246 2647 3430 2701 sedem

1844 2741 1995 2786 tuam
2038 2733 2104 2788 ¹⁸.
2147 2752 2165 2784 ι
2204 2731 2570 2804 Rursusque:
2605 2752 2625 2786 ‹
2675 2733 2847 2789 Posui
2887 2744 3271 2791 testamentum
3320 2736 3431 2791 ele-

1842 2824 1947 2878 etis
1987 2826 2156 2891 meis;
2178 2827 2360 2895 juravi
2385 2824 2574 2879 Davidi
2604 2841 2762 2880 servo
2793 2841 2936 2890 meo,
2979 2842 3154 2897 usque
3181 2832 3238 2881 in
3269 2835 3430 2883 aeter-

1841 2932 1971 2970 num
2009 2920 2326 2988 praeparabo
2355 2934 2539 2973 semen
2574 2925 2759 2985 tuum;
2789 2927 2844 2972 et
2870 2918 3151 2973 aediﬁcabo
3176 2920 3232 2973 in
3260 2936 3425 2990 gene-

1842 3006 2111 3061 rationem
2139 3014 2192 3062 et
2223 3009 2634 3078 generationem
2678 3009 2864 3062 sedem
2902 3018 3051 3063 tuam
3087 3010 3150 3063 ιθ.
3202 3029 3221 3062 ι
3248 3010 3426 3082 Atque

131 3104 235 3158 τοῦ
272 3106 777 3176 προφητευομένου,
828 3103 1053 3158 τοιαῦτα
1082 3099 1150 3175 ἦν
1170 3121 1183 3134 ο
1219 3102 1312 3156 τοῦ
1347 3103 1404 3156 δὲ
1431 3104 1717 3174 Σολομῶνα

1844 3096 1927 3151 hae
1948 3106 2077 3151 sunt
2099 3097 2166 3152 de
2193 3099 2452 3168 praedicto
2481 3100 2896 3169 promissiones.
2925 3099 3097 3171 Regni
3124 3111 3303 3159 autem
3331 3104 3427 3160 Sa-

132 3197 242 3265 τῆς
285 3196 565 3266 βασιλείας
604 3199 706 3251 οὐκ
746 3196 941 3267 ἄδηλος
972 3196 1001 3247 6
1032 3194 1258 3267 χρόνος’
1299 3194 1518 3263 λέγεται
1559 3196 1617 3248 δὲ
1648 3192 1741 3250 οὖν

133 3289 236 3339 ἐπὶ
260 3287 449 3355 μόνοις
499 3288 646 3342 ἔτεσι
699 3289 1110 3359 τεσσαράκοντα
1155 3285 1471 3357 βασιλεῦσαι
1518 3287 1608 3338 ἐπὶ
1650 3286 1741 3341 τὸν

147 3376 407 3447 Ἰσραήλ·
464 3378 581 3441 πῶς
625 3374 718 3431 οὖν
742 3378 939 3446 γένοιτ’
972 3377 1038 3431 ἂν
1066 3376 1268 3448 ἀληθὲς
1294 3379 1373 3441 είς
1408 3376 1568 3430 αὐτὸν
1606 3379 1739 3432 ἀνα-

133 3469 476 3540 φερόμενον·
544 3488 563 3521 ‹
618 3470 936 3543 Ἀνορθώσω
999 3471 1092 3523 τὸν
1166 3469 1355 3539 θρόνον
1431 3467 1595 3523 αὐτοῦ
1661 3472 1739 3534 εἰς

129 3561 230 3614 τὸν
263 3559 475 3626 αίῶνα;
515 3579 534 3612 ι
583 3560 723 3614 Ἀλλ’
757 3562 806 3613 εί
840 3560 986 3630 λέγοι
1024 3578 1108 3625 τις
1136 3562 1263 3633 περὶ
1316 3560 1414 3632 τῆς
1463 3560 1523 3626 ἐξ
1570 3559 1734 3614 αὐτοῦ

131 3653 397 3725 διαδοχῆς
452 3655 706 3726 εἰρῆσθαι
767 3655 975 3721 ταῦτα,
1017 3655 1118 3708 οὐκ
1165 3654 1453 3726 ἀγνοητέον
1512 3654 1594 3708 ὅτι
1639 3653 1734 3724 μέ-

128 3761 259 3815 χρις
320 3744 572 3815 Ἰεχονίου
634 3745 729 3798 κα)⁸
785 3746 883 3815 τῆς
937 3746 1019 3807 είς
1086 3743 1384 3798 Βαϐυλῶνα
1447 3743 1730 3814 αἰχμαλω-

133 3836 281 3901 σίας,
321 3837 418 3890 καὶ
465 3838 497 3908 ἡ
532 3836 642 3890 ἀπὸ
691 3837 856 3891 Δαϐὶδ
897 3840 993 3889 καὶ
1037 3835 1351 3906 Σολομῶνος
1386 3834 1600 3906 διαδοχὴ
1634 3836 1733 3907 τῆς

132 3928 420 3997 βασιλείας
449 3927 734 4000 διήρκησε,
770 3927 1000 3998 μηδενὸς
1033 3927 1171 3999 μετὰ
1204 3927 1296 3981 τὸν
1340 3928 1597 3999 Ἰεχονίαν
1637 3930 1732 3983 ἐπὶ

128 4017 224 4069 τὸν
250 4017 446 4087 θρόνον
488 4016 584 4070 τοῦ
637 4016 800 4069 Δαϐὶδ
855 4018 1244 4083 καταστάντος.
1278 4017 1388 4072 Θέα
1425 4019 1483 4072 δὲ
1530 4018 1607 4082 ὡς
1638 4021 1730 4072 καὶ

125 4110 291 4162 τοῦτο
308 4109 651 4181 προσέθηκεν
671 4112 704 4181 ἡ
734 4110 1039 4183 προφητεία
1062 4111 1193 4181 περὶ
1218 4111 1310 4164 τοῦ
1333 4110 1726 4183 θεσπιξομένου

127 4204 364 4274 φήσασα
382 4219 396 4232 ·
439 4220 459 4254 ‹
501 4201 645 4272 Ἐγὼ
670 4202 864 4273 ἔσομαι
892 4202 1041 4273 αὐτῷ
1068 4204 1153 4266 εἰς
1174 4203 1385 4276 πατέρα
1408 4219 1422 4234 ·
1457 4204 1548 4258 καὶ
1568 4205 1728 4267 αὐτὸς

125 4295 286 4349 ἔσται
340 4312 433 4367 μοι
473 4296 555 4359 είς
594 4294 730 4349 υἱόν.
770 4314 788 4345 ι
822 4294 931 4347 Καὶ
958 4296 1017 4347 ἐν
1053 4296 1224 4367 ἑτέρῳ
1258 4296 1420 4349 πάλιν
1443 4313 1455 4325 ·
1498 4314 1517 4347 ‹
1553 4296 1725 4361 Αὐτὸς

122 4386 517 4441 ὲπικαλέσεταί
558 4402 648 4457 με’
690 4386 882 4457 Πατήρ
918 4402 1020 4457 μου
1045 4382 1097 4439 εἴ
1127 4386 1191 4439 σύ
1214 4404 1229 4418 ·
1261 4386 1418 4457 κάγὼ
1449 4388 1721 4459 πρωτότο-
1752 4431 1798 4486 D

120 4496 224 4531 κον
276 4478 513 4549 θήσομαι
545 4476 738 4529 αὐτόν·
779 4495 799 4528 ι
828 4478 966 4548 ὅπερ
999 4476 1265 4530 ἀνοίκειον
1307 4476 1501 4547 γένοιτ’
1528 4475 1594 4530 ἂν
1627 4476 1722 4528 Σο-

120 4570 360 4640 λομῶνι.

197 4661 266 4731 β’.
300 4660 645 4734 Παραθετέον
664 4660 722 4714 δὲ
748 4661 818 4715 τὰ
836 4662 964 4734 περὶ
978 4662 1141 4716 αὐτοῦ
1162 4665 1219 4718 ὲν
1236 4664 1542 4728 Βασιλείαις
1574 4664 1719 4718 ίστο-

119 4754 373 4826 ρούμενα
403 4755 460 4807 ὲν
492 4753 734 4817 τούτοις·
782 4773 802 4806 ‹
845 4755 956 4809 Καὶ
1000 4758 1028 4809 ό
1065 4755 1317 4826 βασιλεὺς
1364 4756 1615 4825 Σολομῶν
1648 4752 1717 4829 ἦν

116 4844 427 4918 φιλογύνης
451 4865 464 4878 ·
506 4848 601 4901 καὶ
635 4846 795 4899 ἔλαϐε
835 4850 1099 4916 γυναῖκας
1144 4847 1433 4919 ἀλλοτρίας
1477 4847 1677 4913 πολλάς
1702 4863 1715 4876 ·

113 4940 216 4993 καὶ
245 4939 351 5009 τὴν
384 4939 659 5011 θυγατέρα
697 4939 915 5011 Φαραὼ,
947 4940 1319 5003 Μωαϐίτιδας,
1360 4941 1453 4992 καὶ
1494 4940 1710 5009 Ἀμμα-

111 5031 349 5097 νίτιδας,
378 5032 472 5085 καὶ
515 5032 838 5103 Ἰδουμαίας,
859 5033 1363 5105 Σύρας,Χετταίας,
1395 5035 1489 5086 καὶ
1517 5034 1714 5104 Ἀμορ-

186 5236 239 5272 ﬂ
276 5234 425 5292 Psal.
458 5250 618 5291 cxxxr
641 5276 657 5301 ,
691 5236 744 5290 ‘2.
824 5236 866 5268 "
903 5234 1049 5292 Psal.
1081 5250 1354 5299 Lxxxvm,
1389 5233 1448 5290 4.
1525 5233 1571 5265 ”
1608 5228 1717 5287 11R

1843 5244 1937 5292 vn,
1960 5229 2048 5283 15,

184 5413 555 5485 (lSlAAbhinc
594 5422 803 5485 partem
837 5430 945 5470 non
976 5415 1246 5470 modicam
1280 5413 1522 5484 epistolae
1556 5427 1697 5483 prae-

114 5483 356 5540 termisit
380 5483 630 5553 epitom-[e
667 5485 985 5540 Eusebianaa
1009 5495 1223 5539 auctor.

186 5555 306 5623 (14)
348 5553 506 5608 nunc
541 5555 712 5611 fuisse
743 5556 985 5623 epistolae
1020 5554 1267 5610 Africani
1316 5553 1499 5614 ﬁnem.
1539 5553 1695 5623 testis

110 5621 392 5678 EuSebius
422 5625 524 5678 loc.
546 5626 638 5679 cit.
664 5621 853 5680 dicens
880 5646 893 5679 :
919 5627 1026 5679 Καὶ
1052 5628 1144 5679 ἐπὶ
1165 5624 1308 5678 τέλει
1333 5624 1389 5676 δὲ
1406 5624 1507 5693 τῆς
1528 5622 1697 5691 αὐτῆς

105 5693 429 5767 ἐπιστολῆς,
477 5695 799 5768 προστίθησι
844 5694 1047 5750 ταῦτα·
1072 5695 1321 5751 ’Ματθὰν
1349 5696 1376 5746 6
1409 5693 1515 5746 ἀπὸ
1544 5693 1699 5745 Σολοσ

1846 3187 2101 3241 lomonici
2137 3189 2373 3257 spatium
2399 3203 2509 3242 non
2543 3197 2628 3243 est
2664 3190 2962 3244 obscurum
2996 3191 3236 3246 :dicilur
3274 3195 3423 3249 enim

1842 3279 2206 3350 quadraginta
2246 3281 2626 3335 tantummodo
2658 3282 2819 3337 annis
2877 3282 3096 3338 lsraelis
3140 3294 3423 3357 sceptrum

1843 3371 2106 3427 tenuisse.
2135 3371 2237 3438 Qui
2261 3388 2392 3443 ergo
2416 3372 2530 3427 ﬁeri
2563 3381 2742 3444 potest
2775 3385 2835 3428 ut
2854 3391 2980 3430 vere
3009 3376 3079 3430 ad
3098 3378 3242 3433 hunc
3281 3379 3424 3436 refe-

1840 3471 2034 3516 rantur
2079 3463 2290 3517 verba:
2330 3486 2348 3515 (
2406 3463 2625 3534 Erigam
2676 3465 2934 3521 thronum
2983 3467 3105 3537 ejus
3163 3469 3219 3524 in
3262 3479 3422 3527 aeter-

1838 3540 1970 3608 num
1997 3554 2084 3608 ὀἳ
2121 3574 2139 3606 ι
2169 3555 2324 3621 Quod
2358 3556 2402 3611 si
2435 3556 2563 3626 quis
2608 3557 2774 3621 dica‘t,
2814 3558 2929 3613 haec
2988 3559 3055 3614 de
3091 3563 3237 3632 regia
3273 3563 3419 3620 illius

1839 3646 2191 3702 successione
2216 3646 2388 3702 Deum
2432 3665 2556 3704 esse
2585 3649 2859 3717 locutum;
2894 3667 3006 3706 non
3043 3660 3127 3708 est
3160 3653 3418 3723 ignoran-

1837 3737 1987 3801 dum,
2022 3754 2196 3808 usque
2228 3740 2606 3795 tantummodo
2635 3740 2703 3795 ad
2743 3739 3059 3796 Jechoniam
3085 3751 3139 3797 et
3181 3742 3415 3815 Babylo-

1833 3829 2015 3883 nicam
2046 3831 2437 3900 captivitatem,
2487 3830 2730 3886 Davidici
2777 3846 2841 3886 ac
2890 3832 3224 3888 Salomonici
3256 3835 3412 3905 regni

1835 3922 2242 3978 successionem
2289 3925 2750 3993 perseveravisse,
2786 3923 3003 3979 nemine
3047 3932 3172 3995 post
3213 3922 3409 3980 Jecho-

1832 4016 1977 4069 niam
2018 4015 2073 4069 in
2113 4017 2263 4084 regia
2294 4016 2512 4072 Davidis
2557 4016 2686 4072 sede
2718 4018 3041 4072 constituto.
3066 4017 3132 4072 Et
3161 4020 3410 4075 animad-

1828 4118 1978 4164 verte
1999 4110 2078 4163 uti
2103 4110 2205 4164 hoc
2227 4110 2389 4164 etiam
2415 4108 2684 4164 addiderit
2710 4110 2997 4180 prOphetia
3032 4109 3098 4166 de
3135 4111 3408 4181 promisso

1830 4198 2072 4267 germine
2108 4199 2296 4253 dicens
2327 4218 2340 4253 :
2375 4218 2394 4249 ι
2434 4198 2546 4270 Ego
2571 4214 2668 4263 ero
2699 4199 2775 4254 illi
2815 4201 2870 4253 in
2912 4208 3156 4269 patrem;
3203 4211 3257 4256 et
3291 4201 3407 4272 ipse

1827 4288 1932 4343 erit
1956 4289 2088 4343 mihi
2125 4289 2181 4343 in
2214 4289 2384 4344 ﬁlium
2414 4290 2479 4347 “.
2516 4309 2536 4342 ι
2570 4289 2893 4361 Rursusque
2918 4290 3048 4345 alibi
3077 4309 3091 4346 :
3130 4310 3149 4343 ι
3177 4292 3299 4363 Ipse
3324 4294 3405 4348 in—

1826 4379 2043 4433 vocabit
2073 4395 2180 4442 me,
2203 4378 2364 4433 Pater
2386 4394 2538 4435 meus
2562 4395 2622 4435 es
2655 4388 2710 4435 tu
2732 4398 2746 4446 ;
2769 4387 2825 4433 et
2852 4395 2950 4451 ego
2981 4380 3402 4451 primogenitum

1825 4487 2025 4542 ponam
2064 4473 2217 4526 illum
2248 4473 2295 4505 ³³
2330 4491 2343 4527 :
2399 4490 2417 4523 ι
2456 4487 2579 4543 ιιιιτει³
2616 4472 3032 4542 incongruentia
3077 4480 3206 4529 sunt
3249 4470 3404 4528 Salo-

1822 4565 1997 4621 moni.

1892 4656 1949 4711 2.
1980 4654 2337 4727 Adjungenda
2370 4660 2500 4711 sunt
2529 4652 2696 4709 etiam
2726 4668 2848 4723 quae
2875 4652 2943 4709 de
2973 4653 3163 4710 eodem
3191 4654 3262 4709 ‘in
3292 4653 3399 4710 Re-

1821 4766 1948 4821 gum
1989 4750 2145 4804 libris
2171 4755 2464 4803 narrantur
2503 4745 2585 4800 sic
2632 4764 2647 4801 :
2691 4764 2712 4798 ι
2773 4745 2947 4802 Porro
3000 4762 3095 4801 rex
3142 4746 3397 4802 Salomon

1822 4846 2151 4900 mulierosus
2194 4849 2351 4907 erat;
2384 4841 2650 4911 duxitque
2680 4856 2883 4896 uxores
2904 4840 3237 4911 alienigenas
3258 4841 3396 4895 mul-

1818 4946 1938 5003 tas;
1967 4936 2131 4989 ﬁliam
2164 4935 2487 4999 Pharaonis,
2510 4942 2563 4988 et
2591 4932 2941 4995 Moabitidas,
2973 4933 3396 5000 Ammonitidas,

1818 5029 2104 5091 Idumaeas,
2145 5027 2331 5098 Syras,
2370 5024 2662 5089 Chettatas,
2693 5024 3036 5078 Amorrhaeas
3069 5042 3082 5077 :
3114 5023 3181 5077 de
3215 5024 3394 5095 genti-

2123 5225 2232 5279 "il
2273 5225 2406 5296 Reg.
2440 5242 2537 5288 ιίι,
2580 5224 2669 5279 M.
2744 5225 2788 5255 “
2831 5223 3265 5291 Psai.Lxxxvm,
3300 5225 3389 5283 9.7.

1805 5409 2003 5481 μῶνος,
2034 5418 2167 5481 (ξιτ.ἐ
2215 5421 2389 5481 usque
2431 5405 2495 5481 ad
2539 5401 3069 5481 οὕτωςάμςροτέρων
3103 5402 3217 5464 υἱὸς
3256 5397 3324 5481 ἦν
3361 5404 3388 5459 ό

1815 5473 2027 5551 Ἰωσήφ.
2062 5478 2244 5531 Ταῦτα
2267 5473 2330 5546 δὴ
2359 5479 2386 5528 6
2431 5474 2797 5551 'Acpgtxavég..
2817 5473 2881 5526 In
2910 5475 3014 5551 [tne
3041 5485 3216 5551 autem
3243 5477 3387 5551 ejzis-

1804 5550 1921 5603 dem
1949 5541 2187 5615 epistula:
2210 5541 2515 5616 Africanus
2535 5541 2645 5596 hrrc
2670 5545 2818 5597 addit
2849 5560 2865 5595 :
2899 5543 3209 5616 Mattﬁmms
3235 5541 3275 5596 αὴ
3297 5541 3387 5616 βας

1807 5612 2032 5682 ιοηιοιιε,
2053 5632 2179 5682 etc.,
2210 5612 2384 5689 usque
2422 5615 2510 5679 ad,
2553 5619 2628 5668 sic
2668 5616 2942 5684 utriusque
2975 5612 3120 5682 ﬁlius
3147 5629 3260 5668 erat
3288 5613 3387 5668 ,Ιο-

1807 5692 2018 5761 sep/ms.
