3846 6220
433 225 539 282 903

1143 219 1411 278 EUSEBII
1449 222 1561 279 (ΖΔΕ
1571 217 1931 278 SARIENSIS
1968 222 1996 280 ί

2109 269 2114 281 .
2163 220 2343 279 PARS
2375 221 2466 280 m.
2494 255 2563 267 --
2586 220 3001 282 EX‘EGETICA.

3603 231 3705 289 90‘

428 341 538 397 bus
567 340 797 408 scilicet,
830 340 1030 413 quibus
1060 340 1345 395 interdixit
1375 340 1638 396 Dominus
1674 341 1798 396 ﬁliis
1828 340 1996 397 Israe-

2114 339 2293 411 ῥαίας,
2328 341 2393 393 ἐκ
2423 339 2530 395 τῶν
2556 341 2724 393 ἐθνῶν
2756 334 2831 394 ὧν
2866 341 3098 395 ἀπεῖπεν
3123 341 3329 411 Κύριος
3362 344 3390 395 ὁ
3428 342 3567 407 Θεὸς
3595 351 3703 410 τοῖς

428 434 499 491 lis
531 450 599 489 ne
625 433 972 491 sociarentur
1009 433 1091 489 eis
1115 433 1185 490 ".
1220 453 1239 486 ι
1274 433 1507 503 Insuper
1553 433 1773 488 additur
1818 454 1830 488 :
1886 452 1903 483 ι
1947 432 2013 486 Et

429 541 539 580 non
565 534 682 582 erat
705 541 802 581 cor
830 526 950 596 ejus
979 524 1283 596 perfectum
1312 539 1438 580 cuin
1473 523 1708 579 Domino
1738 523 1849 580 Deo
1889 540 2009 590 suo,

432 619 595 674 sicuti
624 634 723 674 cor
746 618 964 674 Davidis
996 617 1169 687 patris
1214 618 1334 688 ejus
1364 617 1429 671 ἐς
1463 635 1482 668 ι
1532 615 1812 687 Pauloque
1840 625 1963 688 post
1995 636 2008 672 :

438 727 458 759 ι
495 707 649 763 Tunc
670 707 958 763 aediﬁcavit
976 706 1231 762 Salomon
1261 707 1539 762 excelsum
1562 706 1837 761 Chamoso
1867 705 2013 761 idolo

430 799 795 856 Moabitarum
825 800 882 854 in
922 806 1110 855 monte
1137 799 1230 869 qui
1258 805 1343 854 est
1378 813 1410 854 e
1438 798 1664 869 regione
1695 796 2011 869 Hierosoly-

429 907 645 947 morum
678 909 693 943 :
724 890 965 961 itemque
998 888 1254 945 Molocho
1290 888 1438 944 idolo
1464 889 1925 956 Ammonitarum,
1956 895 2013 943 et

427 985 663 1038 Astartaa
705 980 1009 1052 impuritati
1059 978 1432 1035 Sidoniorum.
1466 979 1647 1049 Atque
1695 981 1773 1034 ita
1802 992 2011 1035 morem

427 1073 598 1143 gessit
629 1072 845 1128 cunctis
898 1069 1119 1127 feminis
1157 1072 1273 1127 suis
1320 1070 1667 1142 alienigenis,
1698 1086 1821 1142 quae
1846 1071 2012 1128 thura

426 1165 717 1220 adolebant
749 1163 857 1219 diis
885 1164 1082 1235 patriis
1115 1168 1171 1218 et
1194 1162 1600 1219 sacriﬁcabant.
1630 1160 1806 1217 Porro
1834 1161 2009 1219 iratus

423 1265 509 1313 est
540 1256 806 1313 Dominus
857 1255 1139 1310 Salomoni
1194 1255 1344 1326 quad
1406 1257 1660 1308 aversum
1729 1258 1877 1309 esset
1911 1253 2009 1309 cor

422 1349 544 1419 ejus
582 1363 614 1403 a
648 1347 879 1403 Domino
912 1345 1024 1402 Deo
1053 1345 1275 1401 lsraelis
1309 1345 1377 1400 ⁸⁸.
1422 1362 1442 1395 ι
1474 1342 1555 1396 Εη
1587 1344 1703 1399 haec
1734 1344 1919 1399 omnia
1951 1344 2009 1401 in

425 1439 735 1494 Salomonis
775 1437 1218 1492 criminationem
1262 1435 1541 1491 dicuntur.
1573 1433 1862 1502 Quomodo
1877 1451 2008 1507 ergo

424 1529 871 1586 accommodabis
893 1529 945 1585 ei
971 1528 1386 1600 jusjurandum,
1429 1528 1484 1582 in
1520 1543 1630 1598 quo
1674 1536 1871 1598 praeter
1900 1542 2007 1584 cae-

423 1632 540 1678 tera
571 1623 778 1678 dictum
807 1632 892 1678 est
941 1641 954 1676 :
1004 1641 1024 1673 ι
1064 1620 1130 1674 Ει
1157 1636 1258 1693 ego
1287 1635 1384 1675 ero
1409 1620 1490 1675 illi
1520 1620 1574 1674 in
1604 1618 1845 1683 Patrem,
1891 1621 2007 1691 ipse

2115 434 2251 496 υἱοῖς
2267 432 2507 505 Ἰσραήλ⁸
2535 434 2648 486 Οὐκ
2669 434 3044 487 εἰσελεύσεσθε
3071 436 3151 498 ε’ίς
3175 434 3390 498 αὐτούς.
3427 453 3446 487 ι
3469 431 3569 501 Οἷς
3590 439 3695 491 ἐπι-

2114 524 2303 595 φέρει·
2341 543 2360 576 ι
2398 525 2510 578 Καὶ
2572 526 2673 578 οὐκ
2711 520 2780 598 ἦν
2816 528 2849 599 ή
2909 526 3107 597 καρδία
3154 527 3319 580 αὑτοῦ
3346 527 3530 583 τελεία
3569 530 3700 599 μετὰ

2113 616 2321 689 Κυρίου
2360 616 2497 670 Θεοῦ
2543 618 2733 685 αὐτοῦ,
2764 618 2947 683 καθὼς
2979 622 3012 691 ἡ
3055 620 3252 691 καρδία
3280 620 3446 674 Δαϐὶδ
3468 621 3567 674 τοῦ
3601 623 3700 675 Πα-

2113 707 2240 777 τρὸς
2263 707 2451 761 αὐτοῦ.
2487 727 2505 759 ι
2540 708 2652 762 Καὶ⁸
2676 709 2812 780 μετὰ
2843 709 3013 781 βραχύ
3037 727 3050 740 υ
3070 729 3090 761 ι
3114 708 3250 763 Τότε
3266 710 3587 782 ᾠκοδόμησε
3606 714 3697 766 Σο-

2112 798 2292 869 λομῶν
2325 799 2527 871 ὑψηλὸν
2581 800 2660 872 τῷ
2691 801 2901 872 Χαμὼς
2947 801 3151 873 εἰδώλῳ
3177 802 3354 856 Μωὰϐ
3382 804 3443 858 ἐν
3474 803 3559 874 τῷ
3587 804 3698 876 ὄρει

2112 890 2205 943 ἐπὶ⁸
2233 891 2521 961 πρόσωπον
2572 892 2959 964 Ἰερουσαλήμ.⁸
2996 895 3090 946 καὶ
3114 892 3195 965 τῷ
3231 894 3465 964 Μολχὼν
3496 895 3699 967 εἰδώλῳ

2111 979 2242 1035 υίῶν
2299 981 2547 1053 Ἀμμὼν,
2584 974 2676 1037 καὶ
2720 986 2788 1055 τῇ
2848 984 3117 1058 Ἀστάρτῃ
3161 985 3494 1058 βδελύγματι
3534 988 3696 1041 Σιδω-

2109 1074 2239 1129 νίων
2256 1090 2270 1103 ·
2296 1076 2393 1128 καὶ
2420 1074 2595 1140 οὕτως
2625 1076 2851 1148 ἐποίησε
2875 1077 3079 1140 πάσαις
3105 1080 3224 1141 ταῖς
3252 1081 3503 1149 γυναιξὶν
3532 1080 3697 1134 αὐτοῦ

2106 1168 2230 1230 ταῖς
2259 1165 2589 1239 ἀλλοτρίαις,
2625 1166 2680 1221 αἳ
2714 1166 2955 1238 ἐθυμίων
2998 1168 3094 1222 καί¹
3125 1167 3282 1222 ἔθυον
3313 1171 3429 1233 τοῖς
3458 1169 3697 1235 εἰδώλοις

2109 1258 2324 1312 αὐτῶνθ
2349 1261 2446 1312 καὶ
2490 1259 2734 1332 ὠργίσθη
2782 1259 2990 1333 Κύριος
3028 1261 3121 1313 ἐπὶ
3161 1261 3435 1331 Σολομῶν,
3470 1262 3556 1314 ὅτι
3612 1263 3698 1328 ἐξ·

2109 1348 2284 1403 έκλινε
2306 1350 2529 1421 καρδίαν
2554 1350 2720 1404 αὑτοῦ
2751 1350 2861 1404 ἀπὸ
2888 1351 3095 1422 Κυρίου
3128 1351 3264 1405 Θεοῦ
3302 1353 3548 1423 Ἰσραήλ.
3586 1369 3608 1405 ι
3636 1352 3697 1404 El

2106 1439 2165 1492 δὲ
2192 1440 2262 1494 τὰ
2280 1441 2504 1496 τοιαῦτα
2533 1441 2627 1495 τοῦ
2664 1441 2977 1514 Σολομῶνος
3008 1446 3419 1515 κατηγορεῖται,
3460 1443 3583 1508 πῶς
3605 1438 3696 1497 οὖν

2108 1530 2441 1602 ἐφαρμόσεις
2479 1531 2630 1602 αὐτῷ
2663 1531 2732 1585 τὰ
2755 1531 2850 1585 τοῦ
2882 1532 3068 1604 ὅρκου,
3099 1533 3185 1603 ἐφ’
3211 1526 3257 1601 ᾧ
3285 1533 3505 1605 εἴρηται
3563 1533 3696 1605 πρὸς

2107 1622 2219 1683 τοῖς
2249 1620 2430 1684 ἄλλοις
2452 1621 2548 1674 καὶ
2593 1621 2675 1673 τό·
2706 1637 2726 1672 ι
2762 1621 2905 1691 Ἐγὼ
2934 1621 3128 1693 ἔσομαι
3169 1623 3318 1695 αὐτῷ
3346 1628 3431 1688 είς
3460 1625 3691 1695 πατέρα.

420 1716 528 1771 erit
575 1716 711 1770 mihi
767 1714 824 1768 in
874 1712 1096 1767 ﬁlium?
1158 1730 1178 1763 ι
1248 1711 1363 1765 [mo
1393 1725 1525 1766 vero
1567 1711 1858 1766 manifeste
1890 1709 1996 1765 haec

2109 1709 2201 1763 καὶ
2219 1711 2380 1774 αὐτὸς
2399 1710 2550 1764 ἔσται
2580 1729 2668 1781 μοι
2694 1713 2775 1774 είς
2797 1708 2910 1766 υἱόν
2931 1729 2946 1777 ;
2973 1731 2992 1764 ι
3016 1712 3152 1766 ἀλλὰ
3172 1713 3281 1786 γὰρ
3306 1715 3575 1787 ἄντικρυς
3605 1717 3698 1769 Σο-

423 1808 601 1862 aliena
629 1821 661 1860 a
700 1803 993 1859 Salomone
1023 1808 1153 1857 sunt
1187 1819 1201 1856 :
1234 1804 1495 1871 praeclare
1538 1808 1719 1855 autem
1754 1799 2001 1857 referun—

423 1905 516 1954 tur
548 1900 614 1954 ad
654 1913 801 1963 eum,
856 1896 1018 1966 cujus
1072 1894 1141 1949 de
1188 1908 1389 1965 genere
1443 1892 1665 1949 Davidis
1712 1894 2006 1964 praedictus

424 1990 607 2045 fuerat
646 1986 939 2051 adventus,
988 1985 1194 2055 quique
1236 1997 1429 2053 reapse
1463 1997 1495 2039 e
1535 1979 1796 2039 DavidiCo
1838 1992 2006 2041 stem-

422 2088 570 2133 mate
599 2077 846 2133 emersit.

1173 2185 1264 2241 Vl.

421 2300 531 2358 Cur
564 2299 856 2356 Hatthaaus
885 2309 1004 2370 post
1034 2300 1291 2372 Davident
1335 2299 1405 2353 ad
1451 2307 1821 2372 consectaneos
1850 2317 2005 2372 gene—

488 2374 565 2426 ris
614 2369 941 2426 successores
1008 2388 1113 2425 non
1175 2371 1391 2435 veniat,
1446 2369 1536 2424 sed
1596 2369 1867 2425 transiliat
1933 2373 2003 2426 ad

487 2442 873 2507 Abrahamum,
910 2458 1013 2495 non
1050 2452 1224 2495 tamen
1268 2441 1337 2493 ad
1384 2440 1674 2511 Adqmum,
1721 2459 1881 2511 neque
1930 2443 2001 2497 ad

487 2513 657 2569 allium
707 2511 987 2582 quemlibet
1041 2526 1106 2565 ea:
1161 2511 1397 2581 antiquis
1468 2510 1579 2564 Deo
1636 2510 1843 2567 dilectis
1907 2512 2001 2567 Ito-

490 2582 743 2636 minibus.

488 2672 628 2741 Quia
657 2673 836 2743 primo
864 2671 1120 2727 similiter
1161 2669 1476 2726 Ahrahamo
1507 2672 1659 2727 varia
1697 2672 1844 2728 edita
1881 2671 2001 2729 fue—

415 2772 542 2820 rant
581 2764 650 2820 de
681 2764 966 2820 vocatione
1003 2762 1250 2833 gentium
1292 2764 1539 2821 oracula.
1584 2763 1832 2836 Namque
1873 2772 2002 2822 ante

418 2853 712 2910 Musaica’m
777 2852 1178 2923 legislationem
1209 2891 1225 2918 ,
1283 2860 1450 2924 atque
1509 2863 1635 2909 ante
1684 2853 1998 2910 Iudaeorum

419 2946 597 3018 ipsum
637 2958 828 3016 genus,
870 2948 984 2998 imo
1013 2950 1068 2999 et
1098 2952 1227 3000 ante
1253 2945 1759 3011 circumcisionem,
1802 2947 1996 3002 alieni-

418 3053 555 3109 gena
602 3036 705 3091 fuit
736 3037 1085 3092 Abrahamus
1115 3053 1127 3088 :
1160 3039 1254 3108 qui
1298 3040 1522 3111 regione
1568 3038 1865 3094 Chaldaica
1894 3040 1998 3094 mi-

416 3100 605 3201 grans,
643 3129 821 3198 patria
858 3129 1112 3184 instituta
1151 3100 1419 3193 deseruit,
1470 3143 1837 3201 supremoque
1885 3128 1996 3185 Deo
2023 3100 2070 3161 ο

417 3222 622 3293 agnito,
668 3221 1046 3276 testimonium
1084 3221 1272 3276 retulit
1303 3219 1451 3291 quod
1497 3219 1611 3277 Deo
1654 3219 1993 3287 crediderit;

416 3311 582 3382 idque
613 3309 690 3364 illi
718 3319 1032 3380 reputatum
1064 3318 1151 3366 est
1182 3310 1252 3366 ad
1277 3310 1552 3380 justitiam
1580 3311 1649 3370 “.
1679 3309 1872 3368 Justus
1905 3325 2000 3366 au~

415 3411 526 3458 tem
558 3403 790 3474 piusque
812 3402 966 3458 visus
994 3410 1079 3458 est
1102 3418 1217 3457 non
1243 3403 1314 3457 ob
1342 3403 1590 3474 corporis
1612 3404 1995 3459 circumcisio-

414 3510 563 3559 nem,
593 3508 774 3564 neque
810 3493 882 3549 ob
923 3490 1149 3548 Sabbati
1180 3493 1586 3548 observantiam
1611 3499 1704 3548 aut
1730 3492 1994 3549 festorum

416 3594 509 3643 aut
539 3585 919 3648 kalendarum,
962 3600 1139 3656 neque
1193 3584 1267 3640 ob
1298 3585 1643 3655 quaslibet‘a
1682 3584 1868 3658 Moyse
1910 3585 1996 3640 in-

411 3686 598 3734 vectas
638 3676 931 3749 religiones
961 3695 978 3745 ;
1018 3677 1116 3733 sed
1146 3676 1218 3733 oh
1251 3676 1451 3732 summi
1477 3676 1573 3732 Dei
1600 3678 1991 3748 cognitionem,

412 3777 576 3840 atque
608 3768 678 3823 ob
719 3766 962 3835 Domini,
1003 3768 1099 3840 qui
1138 3768 1220 3823 illi
1266 3767 1486 3823 oblatus
1525 3775 1631 3832 est,
1658 3766 1996 3824 manifesta—

412 3862 614 3915 tionem
654 3858 792 3931 (qui
831 3859 1053 3930 quidem
1082 3867 1201 3917 erat
1233 3858 1494 3915 Servator
1522 3867 1729 3925 noster,
1761 3859 1860 3916 Dei
1885 3861 1995 3917 sci-

409 3952 538 4006 licet
566 3949 804 4005 Verbum
828 3950 847 4017 )
875 3958 931 4006 et
953 3951 1025 4006 ob
1055 3965 1212 4006 suam
1249 3950 1490 4020 denique
1518 3957 1765 4005 sanctam
1792 3963 1857 4004 ac
1881 3950 1993 4005 vir-

407 4042 619 4099 tutibus
646 4042 934 4114 praeditam
963 4043 1155 4099 vitam.
1184 4041 1325 4098 Huic
1371 4044 1541 4114 igitur
1579 4043 1675 4115 qui
1719 4042 1991 4113 ejusmodi

408 4136 626 4206 pietatis
664 4151 837 4207 genus
885 4143 1130 4193 sectatus
1160 4135 1360 4200 fuerat,
1396 4136 1540 4191 facta
1586 4135 1880 4206 promissio
1905 4143 1991 4191 est

407 4228 476 4283 de
502 4228 777 4300 gentibus,
799 4228 969 4284 veluti
1006 4243 1128 4298 quae
1154 4228 1451 4300 aliquando
1483 4228 1783 4285 secundum
1814 4228 1990 4283 Abra-

406 4322 554 4377 hami
583 4322 761 4377 zelum
795 4322 897 4392 piae
926 4320 1126 4377 futura:
1163 4332 1345 4387 erant,
1393 4336 1689 4393 paremque
1728 4321 1987 4393 religioso

2107 1799 2350 1871 λομῶνος
2402 1801 2503 1872 μὲν
2550 1801 2809 1874 ἀλλότρια
2852 1802 3060 1857 ταῦτα’
3097 1804 3355 1873 ἀνάγοιτο
3412 1806 3463 1860 δ’
3506 1806 3576 1860 ἂν
3608 1809 3694 1860 ἐπὶ

2105 1892 2196 1945 τὸν
2228 1894 2293 1945 ἐκ
2321 1891 2634 1965 σπέρματος
2666 1891 2831 1946 Δαϐἱδ
2858 1893 3009 1965 ἥξειν
3041 1894 3437 1966 θεσπιζόμενον
3462 1895 3687 1967 Χριστὸν.

2104 1981 2200 2034 τοῦ
2223 1982 2380 2048 Θεοῦ,
2411 1982 2470 2046 ὃς
2498 1984 2561 2036 ἐκ
2586 1982 2901 2054 σπέρματος
2929 1983 3094 2037 Δαϐὶδ
3113 1983 3336 2057 ἀνέστη.

2105 2294 2210 2349 Διὰ
2235 2296 2296 2349 τι
2341 2297 2497 2370 μετὰ
2524 2298 2629 2370 τὸν
2670 2299 2850 2352 Δαϐὶδ
2868 2301 2994 2370 ,οὐκ
3024 2299 3125 2353 ἐπὶ
3150 2300 3293 2367 τοὺς
3317 2299 3469 2370 ἑξῆς
3498 2301 3689 2356 διιεδοί

2174 2383 2323 2441 χοος
2348 2366 2462 2441 τοῦ
2482 2368 2696 2441 γένους
2729 2369 2991 2440 κατάγει,
3023 2366 3339 2441 ἀνατρέχει
3368 2366 3564 2427 eam
3587 2374 3690 2426 τὸν

2190 2438 2455 2511 Ἀϐραὰμ,
2706 2442 2818 2511 οὐκ
2866 2438 2965 2493 ἐπὶ
3016 2441 3126 2495 τὸν
3174 2438 3385 2511 Ἀδὰμ,
3434 2442 3569 2497 οὐδ’
3596 2444 3691 2509 ἐφ’

2174 2507 2382 2576 ἔτερόν
2406 2525 2544 2563 τινα
2569 2509 2692 2564 τῶν
2727 2510 2917 2566 πάλαι
2940 2510 3239 2581 θεοφιλῶν
3266 2507 3531 2583 (ii-6961'.

2185 2664 2402 2738 Ἐπειδὴ
2429 2664 2631 2739 πρώτῳ
2668 2666 2832 2721 πάλιν
2868 2667 2947 2738 τῷ
2991 2666 3243 2741 ’Δϐραὰμ
3270 2669 3401 2743 περὶ
3432 2671 3532 2742 τῆς
3565 2672 3692 2745 κλή-

2102 2774 2239 2821 σεως
2270 2757 2377 2811 τῶν
2405 2757 2578 2812 ἐθνῶν
2610 2759 2860 2831 διάφοροι
2877 2760 3115 2815 ἐδέδοντο
3135 2765 3416 2834 χρησμοί·
3445 2764 3554 2837 πρὸ
3583 2766 3689 2837 γὰρ

2099 2848 2199 2919 τῆς
2248 2848 2527 2914 Μωῢσέως
2555 2850 2913 2922 νομοθεσίας,
2979 2851 3075 2905 καὶ¹
3123 2852 3232 2926 πρὸ
3271 2853 3369 2908 τοῦ
3416 2855 3690 2911 Ἰουδαίων

2100 2939 2303 3005 ἔθνους,
2327 2940 2387 2994 οὐ
2415 2940 2519 3013 μὴν
2548 2941 2684 2995 ἀλλὰ
2723 2943 2817 2996 καὶ
2851 2944 2956 3014 πρὸ
3008 2944 3109 3015 τῆς
3147 2948 3476 3019 περιτομῆς,
3526 2949 3686 3002 ἀλλο-

2099 3030 2257 3103 εθνὴς
2285 3032 2359 3086 ὢν
2387 3035 2415 3085 ὁ
2442 3034 2713 3106 ’Λϐραὰμ,
2746 3037 2961 3107 καὶτῆς
2985 3037 3267 3093 Χαλδαίων
3295 3041 3399 3110 γῆς
3424 3040 3687 3115 ὁρμώμε-

2099 3139 2207 3187 νος,
2265 3124 2549 3177 ἀπολείπει
2587 3126 2684 3196 μὲν
2723 3126 2794 3179 τὰ
2842 3127 3093 3199 πατρῷα,
3126 3128 3263 3182 Θεὸν
3302 3129 3362 3182 δὲ
3396 3131 3560 3200 γνοὺς
3596 3132 3689 3185 τὸν

2097 3216 2191 3269 ἐπὶ
2241 3216 2479 3281 πάντων,
2536 3219 2956 3293 μεμαρτύρηται
2997 3221 3075 3285 ώς
3122 3222 3231 3294 ἄρα
3278 3224 3569 3277 ἐπίστευσε
3610 3224 3691 3296 τῷ

2097 3303 2238 3377 Θεῷ,
2269 3308 2365 3359 καὶ
2400 3306 2652 3381 ἐλογίσθη
2696 3310 2846 3381 αὐτῷ
2870 3314 2952 3376 εἰς
2980 3313 3328 3388 δικαιοσύνην
3353 3334 3367 3348 ·
3390 3318 3603 3384 δίκαιός
3627 3337 3692 3373 τε

2096 3397 2194 3450 καὶ
2224 3395 2479 3468 θεοφιλὴς
2521 3400 2928 3470 ἀποπέφανται,
2952 3405 3014 3457 οὐ
3045 3404 3135 3458 διὰ
3161 3408 3467 3481 περιτομὴν
3493 3410 3693 3482 σώμα-

2096 3501 2206 3551 τος,
2240 3487 2363 3540 οὐδέ
2405 3486 2493 3541 διὰ
2540 3489 2788 3561 φυλακὴν
2827 3492 3042 3565 ἡμέρας
3077 3495 3427 3571 σαϐϐάτου,ἦ
3458 3502 3691 3572 ἑορτῶν,

2096 3579 2424 3650 νουμηνιῶν,
2465 3581 2585 3635 οὑδέ
2637 3600 2701 3653 γε
2748 3583 2813 3637 δι’
2860 3585 3026 3658 ἄλλης
3069 3589 3213 3654 τινὸς
3263 3593 3416 3664 παρὰ
3459 3595 3694 3651 Munia-ei

2096 3670 2404 3742 φερομένης
2433 3671 2907 3747 ἐθελοθρησκείας,
2943 3678 3079 3732 ἀλλὰ
3111 3680 3178 3733 δι’
3194 3682 3547 3752 ἐπιγνώσεως
3593 3688 3693 3741 τοῦ

2096 3761 2189 3813 ἐπὶ
2215 3760 2434 3851 πάντων
2478 3762 2636 3831 Θεοῦ,
2677 3766 3004 3837 ἐπιφανείας
3029 3770 3089 3824 δέ
3124 3770 3220 3825 τοῦ
3251 3773 3509 3842 ὀφθέντος
3530 3778 3692 3851 αὐτῷ

2094 3853 2301 3925 Κυρίου
2348 3849 2523 3926 (οὗτος
2554 3856 2612 3910 δὲ
2638 3852 2707 3930 ἦν
2730 3860 2759 3911 ὁ
2782 3860 3053 3934 ἡμέτερος
3107 3864 3321 3938 Σωτὴρ,
3356 3868 3386 3920 ὁ
3411 3868 3505 3922 τοῦ
3542 3849 3692 3926 Θεοῦ

2094 3946 2325 4017 Λόγος),
2363 3946 2453 4001 διά
2508 3965 2568 4002 τε
2617 3950 2817 4021 σεμνοῦ
2860 3954 2956 4007 καὶ
3011 3955 3273 4027 ἐναρέτου
3307 3956 3425 4029 βίου
3449 3976 3465 3989 ⁸
3491 3962 3693 4018 τοῦτον

2091 4036 2136 4089 δ’
2166 4032 2257 4091 οὖν
2280 4037 2430 4110 αὐτῷ
2458 4041 2811 4113 κατορθοῦντι
2843 4045 2944 4116 τῆς
2983 4045 3297 4113 θεοσεϐείας
3325 4051 3419 4108 τὸν
3458 4054 3691 4127 τρόπον,

2092 4130 2125 4201 ἡ
2154 4131 2282 4202 περὶ
2308 4131 2417 4185 τῶν
2467 4132 2637 4187 ἐθνῶν
2684 4134 2865 4190 δέδοτο
2896 4140 3218 4208 ἐπαγγελία,
3258 4143 3335 4207 ὡς
3368 4146 3466 4199 καὶ
3502 4148 3691 4203 αὐτῶν

2092 4241 2224 4278 ποτε
2271 4223 2413 4279 κατὰ
2453 4226 2543 4279 τὸν
2575 4226 2669 4281 τοῦ
2710 4228 2961 4303 Ἀϐραὰμ
2990 4230 3151 4305 ζῆλον
3192 4234 3467 4293 θεοσεϐῶν
3510 4241 3689 4297 ὄντων

2091 4318 2186 4402 καὶ
2202 4317 2300 4388 τῆς
2326 4317 2449 4389 ίσης
2464 4318 2543 4390 τῷ
2559 4319 2797 4391 θεοφιλεῖ
2811 4322 3373 4399 καταξιωθησομένων
3401 4332 3684 4402 εὐλογίας·

404 4413 733 4484 patriarchre
773 4412 1210 4469 benedictionem
1243 4422 1645 4470 consecutura.
1675 4413 1809 4481 Quae
1859 4428 1984 4468 cum

2109 4402 2162 4462 ὒν
2188 4408 2359 4473 οὕτως
2391 4410 2645 4481 ἐχόντων,
2674 4411 2967 4469 ἀκόλουθον
2996 4411 3065 4488 ἦν
3090 4417 3192 4488 τῆς
3214 4419 3324 4474 τῶν
3345 4422 3520 4478 ἐθνῶν
3546 4427 3688 4499 κλή-

406 4505 481 4558 ita
514 4520 573 4559 se
605 4505 863 4570 habeant,
900 4516 1332 4561 consentaneum
1359 4517 1497 4574 erat,
1535 4515 1594 4561 ut
1635 4505 1983 4563 Abrahamus

401 4604 721 4653 vocatarum
763 4597 1007 4668 gentium
1037 4599 1316 4670 princeps,
1347 4600 1418 4655 ab
1447 4600 1785 4673 evangelista
1819 4614 1980 4655 assu-

401 4697 645 4744 meretur
679 4687 954 4744 secundus
993 4695 1120 4757 post
1154 4687 1438 4746 Davidem.
1472 4689 1721 4762 Namque
1764 4689 1821 4744 hi
1869 4689 1980 4744 duo

401 4774 624 4833 fuerunt
648 4776 892 4831 illustres
922 4775 1048 4840 viri,
1079 4778 1236 4847 queis
1261 4778 1455 4849 primis
1485 4778 1631 4835 Deus
1655 4778 1860 4835 Christi
1890 4777 1982 4832 ad-

399 4877 625 4925 ventum
684 4869 1041 4941 gentiumque
1096 4871 1440 4928 vocationem
1498 4873 1789 4943 dignanter
1853 4882 1979 4929 ante

401 4961 749 5034 signiﬁcavit.
783 4961 1092 5020 Parautem
1120 4963 1244 5027 fuit.
1282 4972 1343 5018 ut
1366 4964 1415 5020 is
1436 4965 1524 5020 cui
1558 4964 1818 5021 nativitas
1846 4962 1975 5020 Ser-

400 5054 610 5110 vatoris
662 5054 907 5109 omnium
960 5055 1248 5110 hominum
1293 5055 1567 5126 promissa
1608 5055 1733 5124 fuit,
1774 5071 1981 5127 praepo-

401 5150 624 5198 neretur
664 5144 741 5199 illi
768 5144 859 5215 qui
904 5144 973 5202 de
1001 5144 1265 5202 vocandis
1299 5146 1553 5218 gentibus
1582 5147 1977 5218 promissiones

401 5235 615 5303 accepit
648 5252 662 5288 :
689 5236 967 5291 secundus
991 5247 1175 5293 tamen
1208 5238 1264 5292 in
1291 5238 1611 5310 genealogia
1644 5239 1978 5296 scriberetur

398 5323 642 5392 gentium
711 5326 955 5397 ipsarum
1012 5329 1347 5399 patriarcha.
1414 5328 1597 5397 Quare
1652 5331 1791 5388 liber
1840 5328 1972 5388 Jesu

396 5414 602 5473 Christi
653 5418 801 5488 capit
834 5419 1079 5490 auspicia
1122 5421 1360 5491 primum
1405 5423 1626 5493 quidem
1661 5422 1731 5478 ab
1781 5437 1847 5479 eo
1877 5423 1972 5494 qui

396 5504 501 5561 fuit
548 5509 788 5567 carnalis
830 5508 961 5568 Iesu
1014 5510 1214 5570 Christi
1258 5514 1615 5586 progenitor;
1660 5513 1858 5571 deinde
1904 5514 1972 5570 ab

2089 4516 2227 4562 σεως
2248 4500 2570 4572 προπάτορα
2592 4502 2722 4556 δντα
2751 4504 2842 4557 τὸν
2883 4505 3157 4580 Ἀϐραὰμ,
3188 4512 3294 4565 ὑπὸ
3326 4513 3420 4567 τοῦ
3448 4517 3687 4588 εὐαγγε.

2087 4589 2269 4644 λιστοῦ
2335 4592 2586 4666 δεύτερον
2641 4595 3065 4669 παραληφθῆναι
3114 4601 3255 4672 μετὰ
3315 4603 3411 4657 τὸν
3471 4608 3682 4662 Δαϐίδ·

2085 4678 2228 4734 δυοῖν
2254 4684 2362 4756 γὰρ
2383 4685 2588 4739 τούτων
2615 4687 2896 4758 ἐπιφανῶν
2925 4690 3133 4763 ἀνδρῶν
3162 4693 3399 4766 πρώτων
3433 4699 3683 4773 ἠξιωμέ-

2085 4790 2192 4828 νων
2216 4775 2316 4845 τῆς
2358 4775 2453 4830 τοῦ
2480 4776 2616 4831 Θεοῦ
2668 4781 3005 4850 ἐπαγγελίας
3039 4784 3168 4855 περί
3199 4801 3260 4838 τε
3288 4786 3390 4857 τῆς
3411 4787 3512 4841 τοῦ
3541 4791 3685 4863 Χρισ-

2086 4866 2213 4921 στοῦ
2269 4868 2536 4936 γενέσεως
2586 4872 2684 4925 καὶ
2736 4873 2994 4945 περὶτῆς
3034 4874 3282 4946 κλήσεως
3325 4879 3437 4932 τῶν
3482 4880 3679 4945 ἐθνῶν,

2085 4958 2279 5028 χρῆναι
2303 4957 2474 5030 δήπου
2515 4959 2577 5013 τὸ
2612 4960 2709 5031 μὲν
2734 4962 2864 5033 περ)⁴
2908 4962 3010 5033 τῆς
3039 4964 3306 5034 γενέσεως
3332 4967 3425 5022 τοῦ
3452 4970 3682 5026 πάντων

2082 5049 2386 5120 ἀνθρώπων
2434 5052 2686 5123 Σωτῆρος
2726 5052 2825 5117 τὰς
2859 5055 3181 5127 ὑποσχέσεις
3224 5061 3507 5132 εἰληφότα,
3542 5083 3683 5138 προ-

2080 5142 2375 5214 τιμηθῆναι
2404 5147 2471 5216 τῇ
2497 5144 2647 5210 τάξει
2668 5146 2762 5200 τοῦ
2787 5148 2886 5213 τὰς
2923 5151 3051 5222 περὶ
3085 5151 3197 5205 τῶν
3234 5152 3409 5209 ἐθνῶν
3429 5159 3678 5228 ἐπαγγε-

2079 5233 2201 5299 λίας
2250 5237 2691 5310 καταδεξαμένω
2714 5255 2730 5270 '
2758 5239 3013 5314 δεύτερον
3069 5243 3127 5298 δέ
3159 5245 3219 5298 ἐν
3240 5247 3309 5319 τῇ
3344 5249 3676 5325 γενεαλογίᾳ

2080 5329 2507 5401 παραληφθῆναι
2535 5332 2627 5386 τὸν
2668 5333 2779 5387 τῶν
2808 5334 2977 5389 ἐθνῶν
3013 5336 3287 5410 ἀρχηγόν·
3318 5340 3564 5415 διὸπρή
3587 5343 3675 5414 βί-

2077 5420 2206 5485 ϐλος
2246 5422 2419 5494 Ἰησοῦ
2464 5423 2702 5498 Χριστοῦ
2737 5425 2941 5499 πρώτῳ
2988 5429 3090 5499 μὲν
3115 5432 3404 5488 ἀνάκειται
3425 5435 3505 5506 τῷ
3528 5436 3673 5490 κατά

2080 5515 2258 5587 σάρκα
2314 5518 2490 5589 Ἰησοῦ
2543 5520 2780 5591 Χριστοῦ
2826 5522 3157 5597 προπάτορι,
3200 5525 3461 5599 δεύτερον
3496 5528 3555 5584 δέ
3588 5528 3673 5601 τῷ

468 5663 514 5697 ’⁸
552 5661 618 5719 Ill
650 5664 783 5741 Reg.
819 5684 906 5736 XI,
944 5668 1061 5736 1,2.
1137 5669 1184 5703 ³⁵
1219 5669 1350 5725 ibid.
1387 5670 1441 5726 4.
1520 5671 1565 5704 ³⁵
1606 5669 1899 5744 ibid._5-9.
1976 5671 1996 5703 '

2111 5685 2219 5728 om.
2255 5688 2331 5746 iv,
2365 5673 2419 5731 ὃ.
