3826 6218
229 301 340 358 905

761 271 1219 378 ΩΙΜΕεΪΙΟΝΕΞ
1253 319 1708 381 ΕνΑΝσειιωΕ
1747 326 1838 380 AD
1879 327 2316 386 STEPHANUM.
2355 365 2426 376 -—
2463 335 2792 404 ουΑῑδτιο
2835 342 2941 398 VII.

3367 358 3473 416 906

230 428 376 479 κατά
403 427 618 498 πνεῦμα
649 429 824 502 Πατρὶ
850 434 959 489 τῶν
983 436 1071 490 διά
1105 439 1340 506 Χριστοῦ
1380 443 1763 515 σωθησομένων.

1870 477 1882 508 ι
1912 447 2003 501 illo
2037 451 2128 519 qui
2161 452 2357 521 spiritu
2414 453 2572 511 Pater
2603 467 2721 512 erat
2763 462 3156 520 servandorum
3189 484 3289 540 per
3311 473 3473 531 Chri-

225 517 417 588 ήγεῐτο
438 522 546 590 γὰρ
569 521 596 573 ὁ
623 521 809 587 σώζων
835 525 941 579 τῶν
978 529 1296 600 σωζομένων
1326 533 1513 591 ἐθνῶν.

981 683 1052 739 Z'.

223 762 332 817 Διὰ
369 765 426 816 τί
449 765 556 855 τῇς
588 766 806 838 Θάμαρ,
838 774 972 843 οὐχὶ
996 775 1064 828 δὲ
1088 778 1184 855 καὶ
1209 779 1407 848 ἐτέρας
1437 783 1528 835 ἐπ’
1555 786 1799 854 ἀγαθοῖς

297 841 1240 926 κατορθὸ›μας7ε,μαρτρξρουμένης
1287 841 1571 921 {voratde
1604 841 1798 926 ’ἐμνηῖ

287 907 595 972 μόνευσεν
621 913 653 963 ό
685 907 999 980 Μὰτθαῖὁς.

294 1002 365 1049 α’.
409 997 518 1068 Τὴν
549 1000 746 1074 Θάμαρ
781 1005 835 1058 εί
862 1023 946 1069 τις
986 1009 1061 1072 ὡς
1107 1011 1310 1083 πόρνην
1337 1015 1638 1070 διαϐάλλειν
1677 1037 1798 1074 πει·-

223 1087 395 1158 ρῷτο,
437 1092 601 1145 αὑτοῦ
645 1094 708 1165 δὴ
765 1094 856 1148 τοῦ
898 1099 1065 1154 Ἰούδα
1107 1104 1466 1162 ἐπακουσάτω
1513 1111 1792 1180 λέγοντος·

225 1197 247 1230 ο
278 1181 626 1238 Δεδικαίωται
672 1187 870 1260 Θάμαρ
901 1192 932 1261 ἢ
973 1192 1113 1260 ἐγὼ,
1165 1188 1225 1248 οὗ
1271 1197 1455 1252 ἕνεκεν
1492 1205 1591 1257 οὑκ
1621 1204 1795 1261 ἔδωκα

217 1273 390 1345 αὐτὴν
417 1275 597 1346 Σιλὼμ
645 1278 723 1349 τῷ
763 1281 863 1351 υἱῷ
907 1300 1040 1351 μουο
1079 1305 1098 1338 ι
1149 1289 1209 1340 οὑ
1257 1291 1364 1361 γὰρ
1407 1293 1469 1365 δὴ
1514 1298 1793 1367 πορνεύειν

215 1362 526 1435 προθεμένη
557 1367 651 1419 ἐπὶ
681 1368 772 1421 τοῦ
808 1370 1000 1438 τέγους
1034 1373 1184 1446 ἔστη,
1215 1362 1467 1453 λογισμῷ⁷
1506 1385 1562 1437 δὲ
1588 1362 1792 1460 ’σεμνῷ

212 1452 562 1518 παιδοποιΐας
589 1455 746 1529 χάριν
791 1460 882 1513 τὸν
922 1461 1118 1516 Ἰούδαν
1152 1452 1556 1537 θηρᾶταιονούκ
1598 1452 1790 1546 ἄδηλος

211 1540 272 1596 δὲ
299 1543 450 1614 καὶὴ
487 1546 635 1600 αἰτία
659 1563 672 1577 ·
703 1550 732 1601 ὁ
766 1550 865 1619 μὲν
891 1552 999 1622 γὰρ
1041 1555 1178 1625 αὐτῇ
1219 1560 1650 1628 παρακελεύεται
1687 1540 1784 1636 μέ-

211 1648 326 1685 νειν
369 1634 456 1686 ἐπ’
501 1636 679 1702 οἴκου,
727 1640 831 1703 ἕως
883 1643 1054 1712 μέγας
1102 1647 1326 1718 γένηται
1373 1651 1554 1722 Σιλὼμ
1599 1656 1626 1706 ὁ
1675 1634 1788 1720 υίὸς

208 1722 402 1788 αὑτοῦ,
433 1725 507 1789 ὡς
552 1729 714 1793 αὐτὸς
765 1731 1066 1804 ληψόμενος
1119 1738 1317 1809 αύτήνι
1355 1742 1387 1809 ἡ
1441 1741 1496 1794 δὲ
1541 1745 1786 1798 ἐπείθετο

207 1812 528 1884 προθύμως,
563 1817 729 1882 ἄπαις
765 1821 1000 1890 μένουσα
1031 1825 1122 1876 καὶ
1153 1827 1316 1898 χήρα,
1349 1829 1445 1894 τὰς
1486 1832 1580 1886 τοῦ
1619 1833 1785 1888 Ἰούδα

206 1905 528 1975 ¹ιηταρεγγυὰς
557 1909 887 1982 ἐκδεχομένη
909 1929 920 1942 ⁸
954 1914 1029 1977 ὡς
1061 1915 1116 1968 δὲ
1139 1918 1236 1970 οὐκ
1265 1919 1436 1990 ἐπῆγε
1469 1925 1588 1985 ταῖς
1611 1925 1784 1993 ἐπαγ-

205 1995 423 2060 γελίαις
448 1997 619 2062 τέλος,
655 2000 748 2054 τοῦ
784 2004 910 2075 περὶ
944 2007 1138 2070 παῖδας
1181 2011 1346 2064 πόθου
1386 2015 1496 2076 τοῖς
1528 2015 1646 2067 τότε
1688 2017 1783 2069 ἁν-

203 2085 451 2158 θρώποις
479 2090 564 2145 διά
600 2095 836 2164 σπουδῆς
864 2099 1153 2168 ἀγομένου,
1183 2103 1277 2154 καὶ
1318 2105 1415 2176 τῆς
1441 2107 1692 2173 ἀτεκνίας
1724 2113 1782 2163 ὲν

197 2179 458 2258 ἐσχάτοις
487 2189 672 2250 κακοῖς
724 2188 873 2260 παρὰ
904 2193 1035 2244 πᾶσι
1067 2194 1185 2246 τότε
1212 2195 1628 2270 λελογισμένης,
1665 2205 1780 2257 δια-

197 2269 542 2340 ψευσάμενον
572 2276 704 2346 αύτῇ
742 2278 1023 2334 συνιδοῦσα
1049 2283 1138 2336 τὸν
1184 2285 1400 2348 Ἰούδαν,
1427 2290 1520 2342 καὶ
1545 2290 1643 2355 τὰς
1672 2293 1779 2348 ἀπὸ

195 2361 297 2415 τοῦ
331 2363 519 2428 παιδὸς
547 2365 768 2431 ἐλπίδας
806 2372 886 2434 εἰς
925 2372 1099 2445 μάτην
1138 2378 1602 2450 παραληφθείσας,
1638 2385 1774 2457 αὕτη

194 2454 504 2510 ἐπιτίθεται
549 2459 626 2530 τῷ
658 2461 838 2535 ἀνδρί·
887 2466 944 2516 οὐ
999 2465 1217 2521 πώποτε
1267 2472 1428 2542 νόμου
1477 2454 1772 2540 Μωῦσέως,

191 2545 320 2598 οὑδέ
353 2563 417 2614 γε
452 2553 764 2622 προφητῶν,
799 2555 918 2608 οὐδὲ
947 2558 1133 2629 ἐτέρου
1165 2561 1309 2626 τινὸς
1338 2564 1774 2636 ἀπαγορεύοντος

189 2635 268 2690 τὰ
290 2640 512 2694 τοιαῦτα
534 2660 546 2672 °
587 2645 820 2700 κᾶπειτα
852 2650 1128 2719 σοφίζεται
1163 2653 1261 2724 τὴν
1295 2654 1354 2718 ἐξ
1392 2657 1555 2710 αὐτοῦ
1593 2660 1774 2713 παιδο-

191 2729 411 2783 ποιῖαν·
448 2731 520 2801 μὴ
561 2732 780 2800 δείξασα
823 2739 954 2806 γοῦν
985 2741 1184 2812 ἑαυτὴν
1215 2743 1296 2806 τίς
1333 2761 1464 2797 ποτε
1505 2743 1594 2818 ἦν,
1647 2765 1770 2802 συν-

187 2821 372 2874 ελθεῖν
405 2824 550 2895 αὑτῷ
581 2831 915 2898 μηχανᾶται·
952 2832 1085 2898 ὁμοῦ
1119 2834 1179 2886 τὸ
1215 2835 1426 2907 σῶφρον
1457 2839 1516 2892 τὸ
1550 2842 1766 2914 ἑαυτῆς,

185 2914 445 2968 κάκείνου
488 2918 548 2969 τὸ
590 2920 827 2990 ἀκρατὲς
867 2924 1274 2996 ἀπελέγχουσαο
1308 2930 1340 3000 ή
1392 2931 1490 3001 μὲν
1523 2933 1629 3002 γὰρ
1661 2953 1766 3004 μα-

183 3008 346 3074 κροῖς
421 3005 594 3061 ἐτεσιν
640 3011 787 3083 αὐτῷ
849 3016 1180 3088 πειθομένη,
1249 3022 1392 3091 χήρα
1463 3025 1554 3076 καὶ
1602 3024 1766 3091 ἄπαις

1903 545 2066 594 stum.
2095 537 2351 596 Servator
2396 545 2539 600 enim
2588 552 2820 606 servatis
2853 554 3107 620 gentibus
3143 537 3472 630 praeverten-

1900 627 2004 683 dus
2045 638 2179 686 crat.

2626 708 2740 766 VII.

1900 785 2009 882 Cu}:
2038 790 2318 850 Thamarw
2348 797 2495 866 facta
2526 805 2804 882 mentione,
2837 809 3040 882 nullam
3069 823 3325 882 praeterea
3349 837 3466 875 mtto

1968 860 2147 984 fierem
2182 860 2664 926 commemorauerit
2693 860 3466 950 Maizhie'ai’ia'éiéﬁ

1968 946 1984 982 ι
2033 942 2250 984 ustrem-

1967 942 2250 990 tllustrem.

1966 1021 2018 1076 Ι.
2049 1023 2372 1083 Thamaram
2421 1032 2468 1088 si
2507 1034 2634 1103 quis
2668 1052 2768 1092 ceu
2799 1041 3142 1100 meretricem
3177 1049 3466 1110 traducere

1896 1112 2098 1174 studet.
2157 1116 2204 1170 is
2253 1121 2438 1176 audiat
2491 1121 2688 1180 Judam
2741 1128 3066 1189 dicentem:
3115 1153 3134 1188 ι
3187 1134 3463 1200 ἸἸιεωειίι

1889 1199 2092 1267 justior
2121 1221 2206 1260 me
2241 1216 2346 1276 est,
2383 1213 2478 1280 qui
2527 1231 2638 1270 non
2681 1233 2797 1274 eam
2851 1224 3049 1281 tradidi
3100 1228 3306 1287 Silomo
3349 1199 3462 1291 ﬁlio

1893 1306 2016 1346 meo
2056 1294 2120 1347 ’⁷.
2161 1315 2178 1347 ι
2210 1295 2365 1354 Haud
2398 1304 2542 1358 enim
2589 1304 2892 1366 fornicandi
2924 1329 3090 1372 causa
3137 1325 3378 1390 prostitit
3402 1328 3461 1384 in

1892 1381 2051 1447 cella,
2087 1385 2182 1440 sed
2217 1390 2415 1457 pudico
2445 1398 2677 1452 consilio
2723 1411 2776 1455 et
2824 1403 3118 1463 liberorum
3156 1415 3331 1481 gratia
3360 1414 3461 1474 Ju-

1890 1471 2014 1526 dam
2046 1488 2238 1532 venata
2265 1490 2370 1536 est.
2406 1485 2594 1555 Neque
2615 1490 2689 1544 rei
2709 1505 2878 1550 causa
2917 1495 3066 1554 latet.
3089 1471 3227 1558 Huic
3255 1507 3459 1579 quippe

1888 1559 1916 1613 J
1925 1563 2059 1620 udas
2080 1569 2436 1628 mandaverat
2461 1575 2608 1632 domi
2640 1588 2698 1635 ut
2717 1593 2985 1650 maneret,
3005 1588 3182 1647 donec
3216 1559 3456 1654 Silomus

1887 1651 2225 1712 adolesceret
2253 1658 2398 1718 ﬁlius
2429 1670 2710 1738 suus,.qui
2733 1686 2853 1726 eam
2884 1674 3086 1733 deinde
3108 1696 3331 1739 uxorem
3353 1686 3457 1741 du-

1818 1790 1859 1844 Β
1888 1755 2052 1799 ceret.
2086 1749 2208 1816 lpsa
2233 1767 2361 1808 vero
2387 1756 2642 1814 alacriter
2671 1761 3158 1839 obtemperaverat,
3194 1777 3456 1834 sterilita-

1891 1834 1959 1888 tis
1980 1838 2192 1904 patiens
2215 1849 2379 1912 atque
2406 1846 2710 1916 viduitatis,
2736 1834 2892 1909 Iudae
2925 1834 3315 1928 sponsionibus
3340 1867 3453 1926 fre-

1887 1932 1962 1979 ta.
1991 1926 2097 1983 Sed
2128 1933 2273 1987 enim
2302 1951 2426 1989 cum
2452 1938 2543 1993 hic
2573 1934 2843 2010 promissa
2868 1962 2978 2004 non
3010 1951 3238 2019 faceret,
3271 1957 3364 2014 illa
3388 1961 3456 2016 li-

1883 2017 2139 2076 berorum
2181 2024 2452 2083 desiderio
2483 2035 2709 2100 percita,
2739 2040 2884 2107 quod
2910 2057 3099 2099 eorum
3145 2054 3452 2120 temporum

1883 2109 2132 2170 homines
2167 2120 2400 2176 maxime
2433 2126 2680 2194 urgebat,
2723 2133 3063 2191 sterilitatem
3120 2139 3177 2194 in
3222 2148 3454 2204 summis

1883 2204 2044 2259 malis
2079 2208 2238 2278 vulgo
2282 2227 2483 2281 ponere
2513 2219 2740 2287 solitos;
2769 2239 2938 2294 seque
2972 2243 3002 2282 a
3040 2227 3181 2285 Juda
3202 2233 3449 2293 dclusam

1881 2296 2145 2362 sentiens,
2179 2299 2494 2375 frustraque
2530 2309 2679 2379 spem
2708 2313 2761 2367 in
2791 2317 2911 2385 ejus
2943 2319 3054 2376 ﬁlio
3088 2325 3444 2398 collocatam;

1877 2385 1996 2454 ipsa
2027 2388 2129 2442 sibi
2167 2391 2344 2447 virum
2377 2400 2656 2466 conciliat,
2689 2405 2840 2460 nulla
2882 2409 3060 2466 adhuc
3091 2415 3207 2487 lege
3246 2385 3452 2492 Moysis

1877 2487 1968 2532 aut
1994 2482 2385 2550 prophetarum
2422 2498 2514 2544 aut
2534 2495 2829 2563 cujuslibet
2857 2501 3094 2560 hominis
3121 2482 3176 2562 id
3206 2482 3444 2572 vetante.

1876 2568 2011 2625 Tum
2048 2577 2281 2634 solerter
2308 2585 2582 2654 excogitat
2612 2603 2850 2658 quanam
2891 2595 3104 2652 ratione
3127 2614 3194 2654 ex
3229 2601 3350 2672 ipso
3380 2606 3447 2661 lin

1873 2663 2036 2720 heros
2071 2671 2356 2740 suscipiat.
2393 2673 2534 2746 Ergo
2561 2681 2734 2734 celata
2796 2686 3110 2745 conditione
3140 2707 3242 2748 sua
3278 2698 3444 2754 struit

1872 2752 2100 2812 insidias
2126 2768 2182 2813 ut
2206 2777 2329 2816 cum
2353 2780 2418 2820 eo
2447 2783 2558 2822 rem
2588 2769 2814 2840 habeat,
2839 2776 3000 2832 simul
3028 2786 3442 2853 temperantiam

1870 2862 2022 2901 suam
2053 2859 2216 2922 atque
2241 2856 2390 2913 illius
2414 2860 2865 2922 incontinentiam
2901 2882 3248 2943 coargutura.
3274 2877 3442 2934 Nam-

1869 2953 1974 3006 que
2005 2941 2121 3010 ipsa
2152 2943 2280 2998 dum
2317 2950 2504 3006 multis
2548 2954 2707 3010 annis
2752 2957 2828 3010 illi
2881 2941 3440 3036 obtelnperathvidua

1868 3031 2180 3103 sterilisque
2232 3051 2608 3106 permanserat
2643 3065 2655 3099 :
2693 3064 2926 3120 cumque
2953 3052 3004 3106 ei
3033 3031 3266 3114 facultas
3291 3072 3440 3119 esset

181 3093 469 3165 διέμενεν·
525 3101 658 3154 ἀλλά
703 3106 820 3176 καὶ,
851 3109 1023 3176 παρὸν
1075 3109 1353 3179 γήμασθαι
1401 3112 1606 3185 ἑτέρῳ,
1669 3118 1762 3171 καὶ

181 3187 394 3221 pawn...
449 3192 654 3221 ...ηιη
712 3194 771 3221 κ..
829 3213 972 3221 -...,-
1051 3199 1359 3221 μκηηνηοργ
1639 3205 1665 3217 -

2091 3093 2108 3103 ⁸
2232 3093 2248 3106 ⁸
2430 3093 2541 3097 ηή--
2555 3093 2606 3098 --ν
2643 3093 2655 3099 -
2695 3093 2926 3120 ν--ισῚιιν
2953 3093 3004 3106 υ·
3033 3093 3266 3114 ιιιυιιιιαῠ
3291 3093 3437 3119 ῠθδσι

1870 3124 2104 3180 nubendi
2141 3128 2319 3194 alteri,
2347 3137 2617 3206 matrique
2664 3137 2777 3194 ﬁeri
2818 3143 3115 3202 liberorum
3152 3165 3219 3206 ex
3241 3153 3437 3221 quovis

177 3187 394 3240 τέκνων
446 3192 658 3262 μητέρα
710 3194 773 3247 ἐκ
828 3213 972 3260 τινος
1045 3199 1363 3268 ἁλλογενοῢς
1429 3205 1763 3276 καταστῆναι

177 3277 398 3348 ἁνδρξς,
420 3281 479 3332 οὐ
503 3285 646 3333 ποιεῖ
671 3282 826 3337 τοῦτο
848 3302 860 3314 ³
896 3286 996 3355 τῆς
1019 3288 1125 3340 τῶν
1153 3291 1428 3362 προγόνων
1453 3293 1543 3346 τοῦ
1576 3296 1761 3360 Ἰούδα,

191 3369 449 3442 Ἀϐραὰμ
503 3375 595 3426 καί
637 3375 838 3441 Ἰσαὰκ,
889 3380 981 3431 καὶ
1008 3380 1070 3450 δὴ
1122 3383 1214 3434 καὶ
1255 3383 1356 3452 τῆς
1414 3384 1507 3437 τοῦ
1549 3388 1764 3460 Ἰσραὴλ

177 3462 505 3528 συγγενείας
537 3465 816 3538 ἐφιεμένηο
852 3471 880 3522 ὁ
908 3468 964 3522 δὲ
992 3471 1244 3542 χηρεύειν
1271 3475 1368 3545 τὴν
1393 3476 1557 3529 παῖδα
1591 3494 1760 3531 κατα-

173 3551 393 3615 λιπὼν,
432 3555 525 3607 καὶ
571 3555 737 3630 κόρην
789 3558 992 3616 ἄπαιδα
1033 3563 1127 3616 ἐπὶ
1163 3566 1408 3637 μακροὺς
1449 3569 1759 3639 ἀναρτήσας

171 3645 428 3714 χρόνους,
458 3649 555 3719 οὐχ
589 3643 698 3713 οἶός
730 3669 789 3704 τε
820 3648 886 3723 ἦν
913 3658 1130 3725 κρατεῖν
1156 3658 1346 3711 ἑαυτοῦ
1372 3660 1508 3730 μετά
1531 3660 1628 3732 τὴν
1655 3662 1756 3731 τῆς

171 3739 438 3805 γυναικὸς
471 3743 753 3814 τελευτήν·
798 3745 914 3797 ἀλλ’
949 3747 1063 3816 ἅμα
1107 3749 1332 3823 τελευτᾷ
1370 3754 1402 3823 ή
1451 3753 1545 3806 τοῢ
1589 3753 1756 3807 Ἰούδα

170 3830 339 3901 γυνὴ,
380 3833 408 3884 ὁ
438 3833 514 3895 δὲ,
554 3834 778 3904 μηδενός
813 3855 928 3900 πως
962 3839 1126 3910 νόμου
1159 3840 1267 3894 τῶν
1307 3843 1524 3898 τοιῶνδε
1565 3845 1756 3917 ἀπείρ-

168 3935 393 3985 γοντος,
430 3923 632 3995 πόρνην
681 3925 965 3980 ὑπολαϐὼν
997 3928 1094 3999 τὴν
1141 3931 1455 4003 είρημένην,
1501 3933 1754 4005 ἡλίσκετο

170 4012 315 4081 πρὸς
348 4013 516 4084 αὐτῆς
544 4015 604 4068 οὐ
641 4015 821 4072 δίκαια
866 4020 1119 4090 πράττων
1141 4043 1152 4052 -
1187 4024 1269 4076 ὅτι
1300 4024 1361 4093 δὴ
1393 4025 1630 4092 τοιοῦτος
1677 4027 1752 4082 ὢν

171 4103 342 4166 αὑτὸς
390 4104 489 4174 τὴν
539 4107 630 4159 ἐπὶ
665 4113 894 4182 μακροῖς
934 4111 1077 4164 ἔτεσι
1107 4112 1205 4176 τὰς
1243 4116 1563 4186 ὑποσχέσεις
1595 4120 1748 4173 ἐκδε-

169 4194 419 4265 ξαμένην
447 4195 543 4260 τὰς
577 4198 761 4264 αὑτοῦ,
799 4201 1082 4272 φιλόσοφόν
1119 4221 1178 4257 τε
1211 4207 1304 4258 καὶ
1355 4207 1604 4281 σώφρονα
1639 4210 1750 4282 βίον

167 4284 636 4360 ἐπιδεδειγμένην,
676 4291 965 4364 ἀπεστέρει
998 4294 1089 4348 τοῦ
1123 4297 1251 4370 περὶ
1288 4298 1382 4369 τὴν
1408 4299 1751 4357 παιδοποιίαν

167 4393 410 4450 καρπου.

1865 3215 2188 3287 alienigena,
2224 3236 2332 3276 non
2366 3225 2598 3295 tulerat;
2631 3231 2727 3286 sed
2753 3231 2908 3290 Iuda:
2931 3238 3223 3308 majorum,
3254 3215 3436 3303 ﬁbra-

1864 3305 2007 3361 bami
2022 3325 2236 3381 nempe,
2253 3313 2420 3368 lsaaci
2436 3325 2596 3389 atque
2613 3319 3208 3400 lsraelis,cognatinnes
3223 3339 3436 3396 malue-

1862 3405 1967 3450 rat.
2013 3399 2218 3456 Contra
2262 3402 2310 3458 is
2343 3407 2434 3474 qui
2492 3408 2656 3465 ﬁliam
2708 3413 2764 3468 in
2797 3399 3061 3476 viduitate
3112 3424 3431 3499 reliquerat,

1859 3487 2213 3561 sterilemque
2265 3496 2498 3562 puellam
2531 3499 2586 3553 in
2618 3502 2836 3574 longum
2871 3516 3088 3581 tempus
3117 3487 3430 3584 distulerat,

1857 3588 2163 3650 temperare
2189 3585 2294 3641 sibi
2331 3604 2440 3643 non
2462 3594 2640 3662 potuit
2664 3607 2786 3666 post
2820 3603 3006 3659 uxoris
3037 3605 3269 3667 obitum.
3291 3609 3430 3666 Nam

1857 3674 2042 3742 statim
2079 3690 2143 3731 ac
2168 3675 2324 3734 Iudae
2348 3697 2484 3738 uxor
2504 3684 2760 3743 defuncta
2797 3701 2901 3758 est,
2920 3693 2968 3750 is
2997 3697 3163 3752 nulla
3195 3699 3430 3759 fortasse

1855 3761 1973 3832 lege
2002 3779 2116 3819 rem
2151 3767 2422 3836 ejusmodi
2472 3776 2792 3844 prohibente
2831 3780 2965 3854 (15),
2991 3785 3120 3840 dum
3164 3787 3426 3848 feminam

1855 3857 2200 3912 meretricem
2235 3876 2358 3918 esse
2389 3865 2690 3932 existimat,
2724 3872 2792 3924 ab
2820 3888 2906 3937 ea,
2948 3876 3038 3930 cui
3071 3876 3251 3934 fuerat
3275 3881 3425 3952 inju-

1852 3948 1988 4011 rius,
2012 3950 2274 4023 deceptus
2296 3965 2381 4012 est
2410 3978 2423 4012 :
2465 3963 2554 4032 qui
2581 3972 2689 4018 tam
2723 3966 2934 4024 lubrico
2961 3975 3178 4043 ingenio
3224 3948 3426 4046 praedi-

1852 4047 1964 4105 tus,
1997 4046 2232 4112 puellam
2257 4055 2338 4104 tot
2379 4051 2492 4120 jam
2539 4056 2698 4111 annis
2728 4061 3186 4127 promissionibus
3210 4067 3331 4138 ejus
3354 4067 3420 4122 ﬁ-

1851 4129 2091 4196 dentem,
2121 4144 2174 4190 et
2205 4138 2462 4196 solitariae
2511 4149 2941 4220 temperantique
2978 4153 3101 4209 vita:
3151 4129 3417 4224 deditam,

1850 4220 2148 4279 liberorum
2175 4225 2357 4284 fructu
2386 4233 2652 4302 privabat.

243 4469 307 4538 β’.
342 4468 523 4545 Ταύτῃ
547 4468 640 4527 οὖν
667 4474 758 4528 τὸν
795 4476 963 4550 ἄνδρα
993 4477 1251 4546 ὑποδῦσα,
1281 4485 1344 4536 ἐκ
1371 4483 1592 4557 πρώτης
1617 4486 1741 4556 ὁμι-

1913 4492 1968 4546 2.
1998 4491 2090 4550 Sic
2141 4512 2271 4569 ergo
2322 4498 2615 4568 Thamara,
2647 4509 2884 4577 peractis
2932 4513 3159 4584 nuptiis,
3185 4517 3414 4586 gemina

161 4561 286 4624 λίας
318 4561 538 4633 διδύμου
569 4565 731 4636 γονῆς
775 4566 836 4634 ἐξ
875 4569 1038 4624 αὐτοῦ
1067 4572 1275 4642 γίνεται
1323 4576 1524 4646 μήτηρ,
1554 4575 1742 4630 τοῦτον

163 4653 308 4724 αὐτῇ
344 4651 436 4707 τοῦ
463 4653 596 4708 Θεοῦ
627 4658 834 4730 καρπὸν
865 4660 962 4732 τῆς
989 4661 1200 4734 ἀγαθῆς
1229 4666 1536 4736 προθέσεως
1581 4669 1740 4724 ἕνεκα

159 4743 576 4816 δεδωρημὲνου·
628 4747 804 4821 παρὸν
853 4750 960 4822 γὰρ
1011 4750 1189 4817 ἄλλοις
1235 4755 1433 4829 ἑαυτὴν
1474 4759 1736 4829 ἀγαγεῖν,

157 4835 260 4888 καὶ
279 4835 486 4906 ἑτέροις
511 4833 824 4906 ἀλλοφύλοις
847 4840 939 4893 καὶ
966 4840 1186 4896 ἀσεϐέσι
1211 4847 1560 4919 συναφθῆναι,
1580 4850 1738 4907 τοῦτο

159 4928 268 4997 μὲν
305 4928 368 4982 οὑ
402 4928 648 5002 διενοήθη
669 4946 683 4959 ο
718 4930 810 4983 τοῦ
838 4931 896 4986 δὲ
921 4932 1028 4987 τῶν
1065 4933 1325 5004 θεοφιλῶν
1356 4939 1544 5008 γένους
1571 4943 1736 5016 εὐχὴν

155 5020 366 5091 θεμένη
401 5022 822 5093 καταξιωθῆναι,
874 5026 1074 5100 καίπερ
1118 5025 1250 5082 οὖσα
1291 5031 1605 5102 ἀλλόφυλος,
1635 5036 1734 5110 τὴν

150 5111 429 5182 τοσαύτην
465 5115 895 5170 συνεσκευάσατο
943 5118 1413 5194 δραματόυργίαν·
1469 5127 1531 5179 οὐ
1595 5128 1732 5199 πρό-

149 5220 318 5274 τερον
361 5203 417 5258 δὲ
465 5207 497 5276 ή
547 5206 745 5278 Θάμαρ
778 5208 976 5281 ἰτόλμα
1033 5217 1284 5287 παρεῖναι
1338 5215 1432 5270 ἐπὶ
1473 5217 1573 5288 τὴν
1633 5221 1729 5276 τοῦ

229 5340 274 5371 ’⁷
315 5337 454 5394 Gen.
489 5357 732 5406 xxxvm,
763 5344 854 5400 26.
1359 5376 1392 5396 ο

228 5448 372 5576 (152’.
387 5447 542 5516 Quod
569 5451 645 5506 ait
672 5451 940 5511 Eusebius
969 5458 1116 5513 nulla
1148 5457 1382 5517 fortasse
1411 5462 1588 5547 adhuc
1611 5465 1726 5538 lege

228 5519 314 5574 oin
359 5529 493 5574 itum
529 5519 698 5576 fuisse
719 5540 749 5576 a
777 5527 1070 5576 scortando
1098 5527 1313 5576 Jndam-
1340 5533 1392 5576 id
1421 5536 1725 5576 ιηιριιισρ..-

146 5519 493 5607 πει-οιῖίδίιιξω
512 5519 698 5607 fuisse
719 5540 749 5579 a
777 5527 1070 5607 scortando
1098 5527 1319 5607 ludam,
1340 5533 1394 5587 id
1419 5519 1725 5607 intelligei’i;

146 5591 286 5673 dum
309 5600 395 5673 est
416 5589 485 5673 de
512 5591 628 5662 lege
652 5594 797 5663 apud
817 5593 1138 5673 Palaestinos
1172 5589 1410 5673 publica,
1441 5619 1562 5673 quae
1583 5589 1722 5662 εἷ’οῆ-

1845 4584 2028 4639 statim
2058 4589 2229 4657 prolis
2276 4600 2450 4647 mater
2474 4597 2681 4665 evasit;
2717 4600 2820 4655 hoc
2860 4602 2934 4655 illi
2959 4584 3240 4673 praemium
3279 4608 3416 4666 boni

1843 4679 2108 4747 propositi
2145 4680 2410 4752 largiente
2441 4684 2572 4742 Deo.
2606 4687 2738 4754 Quae
2777 4693 2922 4746 enim
2951 4695 3074 4752 aliis
3094 4711 3154 4752 se
3194 4698 3409 4756 tradere

1841 4773 2123 4834 potuerat,
2176 4779 2342 4842 atque
2405 4779 2629 4834 amasiis
2698 4781 3017 4854 alienigenis
3062 4787 3409 4862 ethnicisquo

1837 4855 1946 4914 frui
1971 4898 1985 4922 ,
2012 4861 2144 4915 nihil
2164 4863 2438 4933 ejusmodi
2478 4871 2666 4926 molita
2695 4882 2818 4930 est:
2854 4876 2949 4931 sed
2977 4878 3159 4947 potius
3195 4855 3408 4954 rogavit

1837 4955 1898 5002 ut
1923 4950 2138 5021 piorum
2172 4953 2454 5013 hominum
2481 4976 2678 5031 genere
2705 4965 2867 5036 digna
2895 4966 3063 5023 ﬁeret.
3088 4968 3154 5026 Et
3183 4950 3404 5043 quidem

1835 5053 1958 5094 cum
1981 5041 2096 5110 ipsa
2135 5053 2281 5100 esset
2303 5048 2472 5118 stirpe
2503 5051 2824 5124 alienigena,
2855 5057 3014 5112 talem
3039 5041 3259 5132 tamque
3285 5063 3406 5116 lau-

1833 5129 2068 5188 dabilem
2125 5150 2411 5213 mrsonam
2491 5145 2771 5202 sustinuit.
2832 5129 3197 5220 Praeterquam
3255 5153 3400 5224 quod

1831 5223 2102 5282 Thamara
2131 5228 2274 5284 haud
2301 5231 2458 5301 prius
2489 5247 2625 5291 ausa
2645 5245 2732 5292 est
2765 5252 2880 5294 rem
2912 5239 3112 5298 habere
3138 5223 3400 5301 cumJuo

1824 5470 2156 5590 Bropudiosa
2189 5471 2294 5529 fuit
2323 5483 2378 5530 et
2409 5475 2619 5560 illicita.
2653 5476 2840 5562 Neque
2862 5480 2915 5537 id
2938 5497 3159 5564 mirum,
3181 5483 3399 5542 dicente

1869 5539 2040 5590 aulo]
2074 5541 2203 5590 Cor-
2254 5560 2329 5590 Vl-
2353 5545 2437 5590 18-
2476 5564 2564 5590 nm
2597 5548 2890 5590 fnrnscnlur
2939 5569 2991 5590 an
3025 5569 3213 5590 ρης-σιν.
3244 5571 3394 5590 ...ιη-

1869 5539 2040 5624 aUlo‘l
2074 5541 2203 5599 Cor.
2254 5560 2329 5609 vr,
2353 5545 2438 5611 18,
2476 5548 2564 5624 qui
2593 5539 2910 5624 fornicatur,
2939 5553 2993 5606 in
3024 5539 3396 5624 ουτ-ρεισίήκώ

1821 5620 2049 5698 ρει-σαι,
2083 5628 2412 5698 quo.super
2465 5619 2616 5674 dicto
2661 5619 2861 5692 legesis
2918 5619 3395 5698 sancti'Gregorii

145 5659 284 5746 ἀξίω
343 5659 588 5717 fortasse
630 5659 912 5734 proposita
970 5659 1551 5746 fuerat.'Czeteroquin
1575 5659 1720 5746 apud
1821 5659 2050 5737 stseni
2086 5659 2407 5742 BFSuJEJxB'.

145 5729 452 5802 plerasque
501 5729 692 5802 gentés
733 5729 910 5805 'atque
961 5739 1112 5794 omni
1164 5748 1405 5812 tempore
1433 5729 1716 5802 'scortatio

242 5809 249 5818 ’
468 5823 742 5890 Parnm.
775 5827 892 5890 GI.
927 5830 1132 5892 XXII.

2995 5853 3070 5914 29
