3846 6220
355 340 460 409 9δ7

1074 343 1346 404 EUSEBII
1382 341 1865 401 CESARIENSIS
1901 341 2053 398 OPP.
2095 339 2277 396 PARS
2310 338 2402 395 Ill.
2435 371 2509 383 -α
2545 338 2957 399 EXEGETICA.

3519 343 3625 403 908

353 471 446 535 da,
478 482 644 540 quam
685 466 851 539 hujus
875 481 1015 521 uxor
1047 466 1185 521 obiit
1219 486 1232 521 :
1276 480 1384 537 qua
1428 465 1673 520 nondum
1729 464 1926 520 exstin-

2052 461 2218 515 Ἰούδα
2245 460 2557 527 κοινωνίαν,
2587 460 2621 532 ἢ
2659 459 2903 514 ἐκποδὼν
2935 459 3187 529 γενέσθαι
3223 460 3322 533 τὴν
3353 464 3625 533 προτέραν

353 569 464 624 cta,
491 558 599 613 tale
636 557 768 627 quid
793 555 1013 628 aggredi
1044 554 1200 612 nefas
1218 571 1341 612 esse
1364 562 1671 627 putaverat.
1707 551 1939 609 Mansis-

354 654 440 703 set
467 646 656 717 itaque
704 647 883 716 patria
930 645 987 699 in
1020 645 1184 700 domo
1211 645 1297 701 vel
1328 652 1595 716 perpetuo
1640 645 1936 700 liberorum

353 754 574 809 expers,
623 738 732 792 nisi
773 737 1126 792 occasionem
1176 737 1283 794 sibi
1327 736 1513 793 favere
1558 737 1935 809 cognovisset;

353 830 609 901 ideoque,
638 836 699 885 ut
722 829 857 895 dixi,
898 829 1009 885 Deo
1040 844 1140 886 usa
1177 839 1265 886 est
1291 831 1563 901 adjutore,
1593 835 1687 902 qui
1719 847 1785 887 ex
1825 847 1938 886 uno

353 937 479 975 cum
510 919 539 974 J
549 920 651 975 uda
682 935 982 991 congressu
1015 921 1257 991 gemellae
1299 922 1468 991 prolis
1521 923 1857 977 cumulatum
1886 923 1937 977 ei

353 1013 586 1085 largitus
606 1020 690 1069 est
718 1013 993 1068 fructum:
1023 1013 1187 1069 simul
1216 1013 1275 1067 in
1294 1014 1594 1069 liberorum
1630 1014 1938 1085 generatio-

353 1123 425 1163 ne
478 1123 735 1162 arcanam
791 1107 1119 1161 machinans
1170 1106 1571 1177 providentiam
1614 1126 1627 1161 :
1664 1107 1734 1162 ob
1770 1122 1933 1178 quam

351 1198 702 1270 potissimum
736 1200 990 1255 existimo
1018 1199 1087 1254 ab
1120 1198 1327 1270 inclyto
1349 1199 1682 1269 evangelista
1714 1213 1934 1254 omnem

349 1291 520 1361 hujus
549 1291 631 1347 rei
658 1291 991 1346 mentionem
1023 1291 1080 1345 in
1126 1290 1440 1346 Servatoris
1475 1291 1650 1346 nostri
1677 1290 1935 1361 genealo-

351 1380 441 1452 gia
463 1382 635 1438 fuisse
662 1382 1140 1452 comprehensam.
1168 1380 1428 1438 Gemellis
1458 1383 1607 1437 enim
1633 1398 1664 1437 e
1698 1382 1935 1436 Thama-

350 1491 415 1531 ra
443 1475 588 1530 natis
619 1474 810 1530 liberis
840 1474 978 1529 Zara
1002 1481 1057 1529 et
1083 1474 1311 1539 Phares,
1336 1490 1447 1529 non
1486 1475 1741 1546 vulgares
1768 1489 1934 1530 even-

348 1575 445 1623 tus
483 1567 701 1623 videtur
731 1567 866 1621 mihi
899 1581 963 1620 ex
1004 1566 1202 1621 horum
1234 1567 1591 1637 generatione
1648 1566 1930 1639 Scriptura

350 1658 700 1729 portendere.
731 1660 909 1729 Atque
939 1658 1146 1712 idcirco
1179 1656 1464 1716 Matthaeus
1495 1660 1781 1715 amborum
1805 1675 1929 1715 cum

348 1756 525 1803 matre
567 1748 816 1803 meminit
846 1747 934 1802 his
956 1747 1139 1803 verbis
1166 1766 1178 1802 :
1207 1765 1225 1798 ι
1243 1747 1416 1803 Judas
1437 1750 1623 1819 genuit
1642 1748 1849 1806 Phares
1875 1760 1929 1806 et

2042 554 2205 607 αὐτοῦ
2244 554 2526 625 γαμετήν·
2564 552 2670 623 πρὸ
2702 552 2797 606 τοῦ
2838 551 3042 624 ταύτης
3084 551 3314 608 θανάτου
3354 553 3455 624 οὐχ
3480 554 3626 610 ὅσιον

2039 645 2318 717 ἡγουμένη
2351 644 2413 698 τὸ
2440 644 2780 716 ἐπιχείρημα
2803 661 2815 673 ·
2851 644 3014 717 ἔμενε
3043 644 3174 715 γοῦν
3213 647 3344 718 παρ’
3370 647 3540 718 ἑαυτῇ
3568 648 3624 701 ὲν

2039 738 2117 809 τῷ
2148 739 2281 809 οἴκῳ
2311 734 2405 790 τοῦ
2430 736 2638 809 πατρὸς
2664 737 2853 807 αὐτῆς,
2881 737 3083 809 καίπερ
3108 734 3246 792 οὖσα
3272 738 3501 803 ἄτεκνος
3522 738 3623 793 κᾶν

2042 829 2202 900 μέχρι
2234 828 2419 893 τέλους
2444 828 2612 893 ἅπαις
2639 829 2906 899 διέμενεν,
2946 832 2996 883 εἰ
3031 831 3107 902 μὴ
3137 832 3231 884 τὸν
3262 832 3456 903 καιρὸν
3485 833 3621 903 αὐτῇ

2041 920 2399 975 συλλαϐέσθαι
2447 922 2722 992 ήγήσατο’
2761 922 2844 976 διὸ
2888 922 2975 992 δὴ,
3022 923 3099 985 ὡς
3127 921 3283 992 ἔφην,
3318 922 3455 976 Θεοῦ
3495 940 3623 976 κατ-

2039 1011 2281 1077 αξιοῦται
2319 1012 2606 1085 συνεργοῦ,
2636 1014 2693 1077 ὃς
2725 1015 2789 1067 ἐκ
2828 1016 2955 1084 μιᾶς
2988 1014 3084 1068 τοῦ
3117 1014 3286 1069 Ἰούδα
3314 1015 3620 1079 κοινωνίας,

2038 1104 2244 1159 παίδων
2294 1106 2434 1177 αὐτῇ
2487 1105 2682 1159 διττῶν
2731 1106 2945 1178 ἀθρόως
2994 1108 3308 1179 ἐδωρήσατο
3365 1108 3619 1182 καρπόν·

2035 1196 2171 1268 ὁμοῦ
2222 1197 2352 1268 περὶ
2396 1196 2495 1268 τὴν
2530 1196 2642 1251 τῶν
2689 1197 2895 1250 παίδων
2948 1198 3161 1266 γένεσιν
3221 1197 3622 1271 μυστηριώδεις

2036 1288 2295 1342 ἐπιτελῶν
2328 1290 2670 1361 οἰκονομίας*
2712 1290 2780 1344 δι’
2813 1290 2882 1354 ἃς
2924 1291 3019 1344 καὶ
3050 1287 3205 1363 οίμαι
3248 1291 3485 1362 μάλιστα
3529 1292 3622 1345 τὸν

2036 1379 2336 1451 Θαυμάσιον
2382 1381 2772 1454 εύαγγελιστὴν
2805 1383 2904 1455 τὴν
2955 1384 3133 1437 πᾶσαν
3186 1384 3407 1456 μνήμην
3440 1383 3620 1437 αὐτῶν

2034 1475 2100 1544 τῇ
2143 1472 2237 1526 τοῦ
2286 1473 2536 1545 Σωτῆρος
2581 1476 2614 1544 ή
2624 1474 2742 1545 μῶν
2793 1476 3220 1547 συμπεριλαϐεῖν
3260 1476 3618 1547 γενεαλογίᾳ·

2033 1564 2272 1637 διδύμων
2300 1565 2409 1637 γὰρ
2457 1566 2665 1620 παίδων
2724 1566 2781 1632 ἐξ
2835 1568 3005 1639 αὐτῆς
3058 1569 3386 1640 γενομένων,
3409 1568 3507 1623 τοῦ
3558 1586 3621 1624 τι

2033 1660 2183 1730 Ζαρᾶ
2212 1660 2308 1713 καί⁸
2337 1658 2432 1712 τοῦ
2460 1659 2655 1730 Φαρὲς,
2687 1659 2750 1712 ού
2771 1658 2839 1712 τὰ
2863 1661 3091 1730 τυχόντα
3120 1678 3211 1733 μοι
3240 1661 3389 1716 δοκεί
3414 1663 3483 1715 ἐκ
3518 1662 3619 1734 τῆς

2033 1749 2237 1803 τούτων
2276 1749 2545 1818 γενέσεως
2583 1752 2612 1804 6
2643 1750 2745 1820 τῆς
2786 1750 3012 1823 Γραφῆς
3044 1754 3376 1807 αἰνίττεσθαι
3426 1754 3616 1823 λόγος·

352 1837 546 1892 Zaram
567 1838 634 1892 de
650 1836 908 1891 Thamar.
936 1856 954 1889 ι
974 1836 1086 1891 Cur
1107 1837 1256 1892 enim
1273 1838 1325 1892 ei
1342 1853 1452 1893 non
1483 1838 1695 1894 suﬂecit
1722 1840 1926 1906 dicere,

2033 1840 2111 1894 διὸ
2149 1841 2243 1894 καὶ
2289 1842 2487 1912 ἀμφοῖν
2541 1820 2925 1913 μνημονεῦσαι
2957 1820 3047 1897 τὸν
3087 1845 3364 1900 Ματθαίον
3558 1865 3618 1901 τε

349 1930 520 1986 Judas
552 1930 741 2001 genuit
780 1928 1026 1985 Phares?
1052 1930 1422 2000 praetermisso
1452 1930 1590 1984 Zara
1617 1970 1633 1997 ,
1659 1932 1806 2002 quod
1851 1931 1923 1985 fe-

350 2026 428 2078 cit
459 2025 514 2078 in
564 2022 791 2089 Jacobo,
822 2037 932 2094 quo
986 2038 1097 2077 uno
1146 2030 1471 2090 memorato,
1528 2020 1766 2079 Esavum
1808 2024 1931 2079 reti-

351 2117 486 2175 cuit.

420 2388 475 2441 5.
506 2385 671 2442 Addit
696 2387 860 2442 etiam
892 2402 958 2443 ex
992 2401 1098 2457 qua
1135 2392 1311 2440 matre
1341 2382 1454 2438 sint
1482 2382 1618 2447 nati,
1651 2397 1847 2452 nempe
1865 2397 1929 2436 ex

351 2478 623 2535 Thamara
666 2499 680 2534 :
736 2480 937 2550 quibus
990 2478 1173 2534 verbis
1225 2478 1475 2531 hortatur
1531 2472 1934 2545 quodammodo

349 2586 452 2627 nos
489 2572 554 2626 ad
580 2571 1039 2626 considerandam
1086 2570 1282 2624 horum
1333 2567 1647 2623 historiam.
1688 2566 1799 2637 Age
1847 2581 1933 2620 ve-

348 2678 414 2719 ro
474 2663 530 2717 in
590 2662 789 2719 Genesi
841 2661 1057 2734 Moyses
1104 2662 1220 2715 haec
1265 2660 1385 2714 ait:
1419 2676 1438 2710 ι
1471 2656 1608 2713 Cum
1643 2657 1759 2727 jam
1788 2663 1934 2712 esset

349 2756 598 2827 paritura
645 2755 940 2819 Thamara,
994 2754 1209 2825 gemelli
1253 2758 1413 2808 erant
1454 2750 1509 2805 in
1560 2759 1717 2804 utero
1764 2749 1929 2818 ejus:

348 2849 591 2919 dumque
612 2854 1010 2916 pareret,unus
1035 2845 1264 2916 protulit
1289 2857 1537 2907 manum,
1569 2858 1678 2913 qua
1713 2848 1931 2911 arrepta

348 2940 620 2999 obstetrix
667 2940 912 3011 alligavit
944 2938 995 2993 ei
1049 2938 1340 2993 coccinum
1373 2937 1565 2992 dicens
1598 2956 1611 2991 :
1650 2934 1751 2991 Hic
1782 2936 1934 3005 prior

348 3032 538 3087 exibit.
561 3030 681 3087 Sed
711 3032 857 3088 enim
887 3045 954 3087 eo
972 3030 1287 3085 retrahente
1311 3044 1555 3094 manum,
1590 3028 1774 3084 statim
1799 3026 1933 3082 exiit

346 3124 517 3178 frater
539 3123 679 3193 ejus.
709 3122 908 3192 Aitque
957 3122 1195 3177 mulier:
1226 3121 1338 3177 Cur
1371 3120 1547 3176 divisa
1584 3125 1669 3175 est
1707 3126 1931 3189 propter

347 3225 407 3273 te
436 3216 711 3271 maceria?
756 3215 1004 3286 dixitque
1039 3230 1237 3270 nomen
1275 3214 1398 3285 ejus
1448 3211 1678 3268 Phares.
1721 3210 1927 3266 Deinde

346 3322 605 3379 egressus
654 3316 736 3363 est
765 3308 934 3363 frater
962 3307 1104 3378 ejus,
1137 3309 1192 3363 in
1214 3308 1373 3377 cujus
1401 3320 1567 3360 manu
1600 3312 1718 3359 erat
1741 3303 1925 3358 cocci-

346 3415 482 3458 num
516 3418 529 3454 :
571 3400 898 3469 vocavitque
946 3415 1145 3455 nomen
1178 3399 1304 3469 ejus
1359 3397 1555 3452 Zaram
1585 3396 1653 3452 ³⁸.
1684 3416 1704 3448 ι
1760 3393 1927 3450 Vides

347 3492 630 3567 generatio
658 3492 1047 3563 praedictorum
1100 3500 1301 3562 quanta
1360 3490 1658 3555 contineat,
1691 3504 1925 3560 quorum

347 3600 516 3641 causa
540 3584 733 3657 opinor
764 3600 872 3640 non
904 3600 1027 3640 esse
1059 3583 1278 3640 silentio
1310 3597 1499 3653 pressa
1526 3598 1646 3653 quae
1676 3583 1816 3653 apud
1842 3583 1928 3635 in-

348 3680 555 3751 clytum
589 3676 981 3747 evangelistam
1011 3674 1397 3745 signiﬁcantur
1426 3674 1496 3729 ab
1529 3674 1615 3729 his
1641 3673 1922 3744 mysteria.

346 3768 536 3839 Itaque
562 3784 721 3825 sacer
747 3767 1047 3837 Apostolus
1076 3766 1405 3821 vocabulum
1450 3764 1705 3820 maceria:
1755 3766 1926 3820 inter-

344 3871 570 3934 pretans
617 3861 693 3932 (et
736 3859 957 3931 quidem
998 3859 1233 3914 fortasse
1270 3873 1381 3928 quo
1428 3858 1551 3913 loco
1577 3857 1786 3912 dictum
1816 3864 1922 3923 est,

345 3969 448 4010 cur
478 3952 654 4008 divisa
680 3959 764 4007 est
797 3957 1020 4021 propter
1054 3958 1105 4004 te
1159 3947 1457 4019 maceria)?
1490 3948 1571 4003 sic
1601 3949 1678 4002 ait
1705 3948 1763 4002 in
1798 3945 1925 4017 Epi-

345 4044 491 4100 stola
518 4044 587 4098 ad
620 4043 886 4113 Ephesios
920 4060 935 4096 :
979 4058 998 4091 ι
1028 4040 1148 4110 Ipse
1172 4040 1319 4095 enim
1345 4047 1431 4095 est
1460 4053 1564 4110 pax
1584 4048 1785 4103 vestra,
1829 4037 1922 4109 qui

346 4137 477 4192 fecit
524 4143 756 4204 utraque
783 4149 973 4197 unum,
1004 4140 1059 4188 et
1087 4132 1328 4187 medium
1363 4130 1627 4201 parietem
1673 4130 1925 4185 maceriae

348 4228 587 4292 solvens,
615 4225 934 4281 inimicitias
967 4225 1022 4278 in
1067 4238 1234 4279 carne
1274 4238 1396 4289 sua,
1428 4223 1601 4293 legem
1634 4222 1923 4276 mandato-

346 4336 470 4376 rum
504 4319 742 4375 decretis
774 4332 1073 4384 evacuans,
1110 4323 1169 4370 ut
1202 4316 1343 4373 duos
1371 4316 1571 4371 condat
1618 4316 1676 4369 in
1721 4324 1915 4371 semet-

341 4414 465 4484 ipso
495 4412 551 4467 in
582 4426 750 4466 unum
788 4425 988 4466 novum
1025 4409 1335 4472 hominem;
1365 4416 1418 4463 et
1448 4408 1766 4464 reconciliet
1806 4423 1921 4463 am-

343 4505 446 4565 bos
472 4506 530 4562 in
559 4521 669 4562 uno
691 4519 919 4575 corpore
952 4503 1063 4558 Deo
1079 4505 1147 4557 ’9.
1189 4521 1207 4553 ι

414 4684 469 4739 4.
505 4682 625 4739 Jam
649 4697 779 4737 vero
802 4680 888 4735 his
932 4686 1168 4734 mentem
1213 4678 1522 4745 intendens,
1558 4680 1761 4735 videsis
1790 4696 1920 4734 num

344 4775 487 4830 forte
554 4772 790 4828 duorum
848 4770 1236 4841 praedictorum
1289 4770 1584 4839 conjuncta
1642 4771 1920 4837 nativitas,

344 4883 543 4940 nempe
572 4875 628 4923 et
657 4865 864 4920 Phares
894 4871 1118 4934 propter
1166 4878 1326 4932 quem
1382 4862 1527 4917 facta
1584 4873 1669 4919 est
1700 4864 1919 4933 divisio,

345 4972 400 5017 ct
450 4960 652 5033 prioris
699 4959 791 5028 qui
832 4972 1054 5011 manum
1090 4955 1388 5026 protendit,
1440 4957 1713 5026 posterior
1739 4967 1920 5012 autem

345 5054 502 5118 exiit,
530 5050 801 5124 signiﬁcet
831 5049 1063 5104 duarum
1095 5048 1332 5103 vitarum
1355 5064 1577 5120 genera,
1603 5051 1807 5121 quibus
1830 5053 1918 5107 usi

344 5153 474 5201 sunt
506 5144 585 5198 illi
614 5143 863 5198 homines
892 5141 985 5211 qui
1011 5140 1177 5195 Deum
1200 5138 1418 5194 Patrem
1462 5141 1663 5197 habere
1708 5158 1922 5199 merue-

344 5243 503 5303 runt;
528 5236 727 5305 partim
760 5233 817 5286 in
860 5231 1173 5303 Evangelia,
1208 5233 1406 5303 partim
1447 5232 1503 5287 in
1531 5234 1647 5305 lege
1682 5234 1920 5292 Mosaica

345 5330 680 5386 victitantes.
710 5328 770 5382 In
804 5328 888 5383 his
923 5327 1074 5397 prior
1106 5340 1324 5381 manum
1360 5326 1590 5396 protulit
1616 5328 1722 5382 vita
1753 5345 1922 5385 evan-

343 5423 550 5494 gelica;
576 5437 754 5491 neque
789 5426 969 5475 tamen
1015 5419 1203 5474 eadem
1254 5419 1311 5474 in
1355 5419 1531 5475 lucem
1575 5422 1727 5492 prior
1755 5425 1920 5495 exiit;

345 5512 443 5569 sed
472 5527 635 5565 manu
671 5519 928 5575 retracta,
975 5510 1098 5565 vita:
1152 5508 1426 5576 Mosaicae,
1481 5527 1604 5581 quae
1650 5515 1923 5583 posterior

344 5606 482 5666 erat,
516 5600 757 5669 permisit
795 5598 983 5668 primae
1019 5599 1189 5656 exire.
1228 5597 1319 5655 Sic
1349 5600 1441 5656 illa
1466 5616 1587 5672 qua:
1613 5605 1766 5673 prior
1781 5614 1918 5673 erat,

414 5777 459 5810 “
533 5773 670 5831 Gen.
706 5790 943 5843 xxxvm,
982 5744 1168 5831 2i—50.
1246 5778 1289 5809 ”
1330 5776 1528 5847 Ephes.
1570 5794 1645 5846 ιι,
1687 5780 1875 5839 1446.

2032 1931 2239 1986 τούτων
2295 1933 2499 2005 μητρὸς
2544 1935 2766 1988 εἰπόντα
2808 1954 2826 1987 ι
2872 1936 3073 2001 Ἰούδας
3122 1937 3179 1991 δέ
3216 1939 3476 2011 ἐγέννησε
3526 1939 3618 1994 τὸν

2031 2027 2183 2096 Ζαρᾶ
2213 2026 2277 2079 ἐκ
2297 2025 2396 2095 τῆς
2422 2026 2637 2099 Θάμαρ·
2666 2047 2684 2078 ι
2717 2026 2805 2082 διὰ
2826 2029 2879 2081 τί
2911 2028 3021 2099 γὰρ
3051 2029 3150 2084 οὐκ
3166 2031 3409 2105 ἠρκέσθη
3428 2034 3616 2102 φάναι,

2046 2118 2244 2182 Ἰούδας
2289 2119 2547 2190 ἐγέννησε
2579 2120 2671 2173 τὸν
2700 2121 2904 2194 Φαρὲς,
2953 2123 3276 2193 παραλιπὼν
3304 2126 3397 2183 τὸν
3443 2130 3615 2201 Ζαρᾶ,

2031 2212 2168 2282 ὅπερ
2224 2212 2521 2283 πεποίηκεν
2570 2214 2663 2267 ἐπὶ
2704 2215 2800 2267 τοῦ
2859 2216 3089 2284 ἰακὼ6;
3144 2219 3307 2288 μόνου
3359 2220 3471 2294 γὰρ
3524 2223 3616 2276 τοῦ

2045 2302 2235 2356 Ἰακὼϐ
2263 2302 2541 2376 μνησθεὶς,
2578 2305 2872 2378 ἀποσιωπᾷ
2891 2307 2981 2361 τὸν
3021 2309 3211 2363 Ἠσαῦ.

2101 2392 2169 2462 γ’.
2210 2396 2541 2466 Προστίθησι
2572 2396 2629 2450 δέ
2651 2399 2746 2452 καὶ
2768 2398 2876 2452 ἀπὸ
2908 2400 3055 2465 τίνος
3092 2402 3319 2474 μητρὸς,
3353 2401 3529 2471 λέγων
3553 2406 3619 2458 ἐκ

2032 2486 2132 2555 τῆς
2157 2486 2370 2560 Θάμαρ,
2405 2490 2739 2560 παρακαλῶν
2773 2492 3171 2562 ἐπισκέψασθαι
3203 2495 3302 2568 τὴν
3333 2497 3464 2567 περὶ
3496 2498 3618 2550 τού-

2031 2596 2140 2659 των
2173 2581 2413 2652 ἱστορίαν
2433 2598 2447 2613 ο
2489 2582 2688 2654 γράφει
2709 2582 2842 2652 γοῦν
2870 2587 2899 2639 6
2923 2587 3166 2657 Μωῦσῆς
3195 2589 3255 2641 ἐν
3293 2590 3361 2659 τῇ
3399 2589 3619 2642 Γενέσει

2032 2670 2234 2739 λέγων·
2270 2690 2288 2722 ι
2328 2672 2575 2740 Ἐγένετο
2611 2673 2668 2726 δὲ
2701 2675 2865 2745 ήνίκα
2893 2674 3072 2730 ἔτικτε
3101 2676 3321 2748 Θάμαρ,
3352 2677 3450 2731 καὶ
3491 2678 3619 2750 τῇδε

2030 2758 2099 2834 ἦν
2127 2763 2326 2834 δίδυμα
2382 2764 2440 2817 ἐν
2470 2768 2537 2836 τῇ
2583 2768 2784 2838 γαστρὶ
2829 2768 3034 2838 αὐτῆςο
3082 2769 3303 2838 ἐγένετο
3340 2770 3400 2824 δὲ
3454 2770 3620 2843 ἐντῷ

2031 2844 2237 2908 τίκτειν
2265 2856 2452 2929 αὐτὴν,
2479 2860 2507 2911 ὁ
2531 2851 2611 2923 εἷς
2636 2858 3005 2931 προεξήνεγκε
3027 2861 3128 2932 τὴν
3159 2865 3320 2935 χεῖρα
3337 2880 3353 2892 ⁸
3376 2862 3619 2918 λαϐοῐσα

2030 2940 2086 2993 δὲ
2120 2943 2153 3013 ή
2190 2944 2347 3013 μαῖα,
2384 2944 2574 3015 ἔδησεν
2622 2946 2715 2999 ἐπὶ
2764 2947 2862 3020 τὴν
2916 2953 3073 3020 χεῖρα
3125 2952 3292 3005 αὐτοῦ
3338 2952 3616 3017 κόκκινον,

2031 3032 2283 3102 λέγουσα,
2318 3032 2471 3101 οὗτος
2503 3038 2952 3110 προεξελεύσεται
2975 3043 3239 3116 πρότερος
3259 3063 3272 3075 ·
3299 3045 3376 3110 ὡς
3407 3046 3468 3100 δὲ
3494 3048 3617 3101 ἐπι·

2035 3128 2309 3197 συνήγαγε
2334 3127 2432 3200 τὴν
2462 3131 2638 3200 χεῖρα,
2670 3130 2830 3196 εὐθὺς
2854 3131 3075 3202 ἐξῆλθεν
3093 3135 3121 3187 6
3146 3135 3375 3206 ἁδελφὸς
3407 3137 3576 3191 αὐτοῦ
3600 3155 3613 3167 ·

2030 3219 2062 3287 ἡ
2095 3217 2151 3270 δὲ
2183 3214 2336 3272 εἶπεν
2358 3235 2373 3249 °
2404 3221 2456 3272 τί
2488 3220 2712 3294 διεκόπη
2743 3222 2833 3275 διὰ
2860 3224 2919 3277 σὲ
2954 3226 3243 3298 φραγμός;
3267 3229 3363 3281 καὶ
3386 3228 3616 3282 ἐκάλεσε

2028 3309 2088 3361 τὸ
2133 3310 2301 3380 ὄνομα
2334 3310 2497 3364 αὐτοῦ
2532 3313 2737 3384 Φαρές·
2770 3316 2865 3368 καὶ
2915 3317 3053 3385 μετὰ
3097 3318 3258 3371 τοῦτο
3309 3319 3539 3389 ἐξῆλθεν
3587 3323 3619 3377 6

2028 3401 2255 3471 ἀδελφὸς
2286 3402 2473 3468 αὑτοῦ,
2505 3404 2590 3473 ἐφ’
2693 3406 2786 3458 ἐπὶ
2822 3409 2888 3479 τῇ
2923 3410 3067 3479 χειρὶ
3111 3410 3280 3463 αὐτοῦ
3325 3412 3614 3467 κόκκινον·

2028 3495 2122 3547 καὶ
2154 3493 2380 3548 ἐκάλεσε
2398 3495 2460 3548 τὸ
2485 3495 2656 3568 ὄνομα
2687 3498 2851 3552 αὐτοῦ
2878 3501 3080 3572 Ζαρᾶ.»
3116 3501 3280 3574 Ὁρᾷς
3306 3504 3483 3559 ὁπόσα
3509 3505 3618 3560 τῶν

2027 3586 2331 3657 εἰρημένων
2362 3589 2395 3659 ἡ
2427 3588 2641 3656 γένεσις
2666 3592 2945 3663 περιέχει;
2973 3588 3048 3648 ὧν
3076 3592 3239 3649 ἓνεκα
3264 3596 3511 3669 ἠγοῦμαι
3540 3598 3614 3671 μὴ

2027 3680 2555 3753 παρασεσιωπῆσθαι
2609 3683 2676 3737 τὰ
2709 3685 2860 3757 παρὰ
2913 3686 2991 3758 τῷ
3048 3687 3338 3760 θαυμασίῳ
3384 3692 3614 3761 εὐαγγε-

2025 3770 2178 3844 λιστῇ
2211 3774 2279 3827 τὰ
2319 3776 2377 3830 ἐν
2410 3775 2621 3844 τούτοις
2673 3779 2999 3850 αἰνίγματα·
3046 3782 3214 3853 φησὶν
3256 3779 3349 3837 οὖν
3384 3786 3414 3839 ό
3469 3785 3615 3858 ἱερὸς

2038 3865 2350 3932 Ἀπόστολος
2375 3868 2743 3942 διερμηνεύων
2776 3871 2847 3925 τὰ
2878 3875 3008 3947 περὶ
3038 3874 3132 3928 τοῦ
3164 3876 3419 3948 φραγμοῦ
3449 3879 3617 3948 (τάχα

2025 3973 2129 4027 που
2161 3959 2287 4031 περὶ
2320 3952 2381 4013 οὗ
2427 3961 2676 4033 εἴρηται,
2712 3963 2766 4016 τί
2807 3964 3033 4036 διεκόπη
3081 3966 3171 4021 διὰ
3228 3969 3290 4021 σὲ
3321 3970 3615 4041 φραγμδς)

2023 4041 2126 4102 ὧδέ
2162 4066 2277 4114 πως
2308 4053 2367 4105 ἐν
2399 4055 2464 4123 τῇ
2512 4053 2647 4124 πρὸς
2705 4055 2987 4124 Ἐφεσίους
3029 4057 3313 4129 Ἐπιστολῇ
3337 4075 3351 4088 ·
3392 4078 3412 4110 ι
3438 4060 3617 4125 Αὐτὸς

2022 4140 2132 4211 γάρ
2155 4141 2301 4195 ἐστιν
2327 4144 2359 4212 ή
2394 4143 2585 4214 εἰρήνη
2620 4144 2793 4214 ὑμῶν,
2825 4147 3056 4218 ποιήσας
3087 4146 3156 4199 τὰ
3199 4148 3490 4221 ἀμφότερα
3520 4150 3612 4202 ἓν·

2024 4232 2198 4286 καὶτὸ
2225 4233 2537 4304 μεσότοιχον
2560 4233 2655 4287 τοῦ
2690 4236 2948 4308 φραγμοῦ
2974 4236 3161 4302 λύσας,
3190 4239 3291 4309 τὴν
3319 4238 3524 4312 ἔχθραν
3555 4243 3617 4294 ἐν

2022 4326 2088 4394 τῇ
2123 4326 2287 4396 σαρκὶ
2320 4324 2483 4378 αὑτοῦ
2506 4364 2520 4389 ,
2551 4325 2642 4379 τὸν
2682 4328 2845 4397 νόμον
2877 4327 2984 4381 τῶν
3023 4328 3251 4382 ἐντολῶν
3276 4330 3335 4382 ἐν
3376 4330 3615 4401 δόγμασι

2023 4417 2398 4487 καταργήσας,
2434 4417 2521 4470 ἵνα
2564 4418 2691 4481 τοὺς
2735 4418 2829 4471 δύο
2867 4419 3029 4492 κτίσῃ
3076 4421 3134 4474 ὲν
3163 4419 3345 4491 ἐαυτῷ
3392 4423 3475 4484 εἰς
3520 4422 3617 4475 ἕνα

1953 4511 1995 4565 D
2026 4507 2210 4561 καινὸν
2242 4508 2548 4580 ἄνθρωπον,
2575 4512 2671 4564 καὶ
2702 4511 2987 4584 ἀπαλλάξῃ
3020 4515 3145 4576 τοὺς
3171 4512 3529 4585 ἀμφοτέρους,
3556 4515 3617 4568 ἐν

2031 4600 2111 4651 ἐνὶ
2139 4598 2348 4670 σώματι
2371 4600 2449 4673 τῷ
2477 4601 2613 4674 Θεῷ.
2649 4622 2666 4653 ι

2097 4691 2161 4746 δ’.
2203 4692 2427 4759 Τούτοις
2479 4692 2572 4749 οὖν
2610 4696 2708 4768 τὴν
2751 4696 2991 4753 διάνοιαν
3020 4699 3345 4770 ἐπιστήσας,
3376 4700 3475 4754 θέα
3513 4702 3619 4773 μή⁸

2030 4788 2214 4857 ποτεή
2244 4786 2352 4839 τῶν
2384 4787 2528 4841 δυοῖν
2577 4789 2686 4841 τῶν
2728 4790 3033 4862 εἰρημένων
3086 4791 3183 4861 μία
3226 4792 3465 4861 γένεσις,
3494 4795 3530 4864 ἦ
3554 4810 3614 4847 τε

2028 4877 2121 4931 τοῦ
2148 4880 2323 4950 Φαρὲς
2342 4880 2409 4933 δι’
2442 4880 2499 4933 ὃν
2528 4881 2754 4954 διεκόπη
2781 4884 3054 4955 φραγμὸς,
3085 4884 3180 4936 καὶ
3207 4886 3240 4956 ή
3263 4885 3358 4938 τοῦ
3392 4886 3613 4958 πρώτου

2033 4971 2130 5040 μὲν
2163 4971 2261 5043 τὴν
2294 4976 2454 5045 χεῖρα
2493 4975 2907 5046 προϐάλλοντος,
2936 4977 3188 5049 δευτέρου
3215 4978 3273 5032 δὲ
3321 4980 3614 5051 προελθόν-

2027 5079 2138 5126 τος,
2163 5063 2457 5119 αἰνίττεται
2486 5066 2579 5120 δύο
2617 5066 2746 5137 βίων
2774 5068 3009 5139 τρόπους
3029 5068 3137 5121 τῶν
3157 5069 3483 5141 ἠξιωμένων
3512 5069 3610 5139 τῆς

2028 5154 2179 5226 παρὰ
2211 5155 2288 5225 τῷ
2320 5155 2440 5228 Θεῷ
2459 5161 2766 5230 γεννήσεως
2785 5179 2796 5190 ·
2823 5156 2899 5214 ὧν
2926 5164 2961 5217 6.
2988 5162 3087 5232 μὲν
3118 5162 3260 5216 κατὰ
3287 5164 3350 5218 τὸ
3370 5162 3610 5231 Εὐαγγέ-

2026 5243 2160 5306 λιον,
2183 5247 2212 5316 ό
2233 5245 2289 5298 δὲ
2311 5248 2455 5300 κατὰ
2481 5249 2572 5302 τὸν
2588 5252 2867 5316 Μωῦσέως
2889 5252 3096 5322 ὑπέστη
3131 5253 3296 5323 νόμον
3316 5270 3329 5283 ’
3350 5252 3487 5306 ἀλλὰ
3504 5253 3612 5322 γὰρ

2025 5334 2226 5389 τούτων
2259 5338 2470 5409 πρῶτος
2502 5340 2601 5411 μὲν
2627 5342 2725 5413 τὴν
2745 5345 2905 5415 χεῖρα
2951 5342 3290 5415 προϐέϐλητο
3314 5346 3345 5397 6
3380 5344 3527 5397 κατὰ
3552 5344 3612 5397 τὸ

2025 5428 2356 5497 Εὑαγγέλιον
2376 5447 2389 5459 ·
2438 5434 2499 5486 ού
2533 5433 2639 5505 μὴν
2672 5436 2766 5491 καὶ
2810 5434 3028 5507 πρῶτος
3049 5436 3299 5508 πρόεισιν
3338 5437 3421 5499 εἰς
3455 5435 3571 5505 φῶς
3593 5453 3610 5468 ·

2027 5522 2345 5588 ὑποστείλας
2370 5526 2427 5579 δὲ
2471 5528 2568 5598 τὴν
2606 5532 2784 5600 χεῖρα,
2811 5529 2889 5601 τῷ
2931 5530 3073 5585 κατὰ
3119 5532 3330 5601 Μωῦσῆ
3373 5529 3617 5601 δευτέρῳ

2030 5613 2159 5666 ἰόντι
2192 5616 2474 5686 προελθεῖν
2510 5618 2794 5691 ἐπιτρέπει
2837 5616 3065 5693 πρώτῳ·
3107 5614 3209 5674 εἷθ’
3249 5620 3426 5686 οὕτως
3451 5604 3617 5686 αὐτὸς
