3826 6218
275 359 381 416 809

798 355 1259 425 QU/ESTIONES
1296 355 1754 414 EVANGELICZE
1793 355 1883 410 AD
1923 353 2442 413 STEPIIANUM.—
2478 354 2808 424 QUASSTIO
2846 355 2962 412 V'll.

3425 356 3530 413 910

277 477 491 548 πρῶτος
516 473 611 538 ὢν,
649 476 876 542 ὕστατος
895 477 1082 543 ἔξεισι,
1117 479 1254 550 μετὰ
1284 479 1377 532 τοῦ
1404 481 1530 551 περὶ
1562 481 1658 552 τὴν
1700 483 1850 551 χεῖρα

1960 479 2150 532 ultima
2175 478 2329 539 exiit,
2364 477 2521 547 signo
2545 477 2728 532 manui
2755 478 2997 548 alligato,
3030 491 3059 529 a
3090 490 3200 547 quo
3233 476 3382 547 prior
3411 492 3534 534 esse

276 567 549 640 συμϐόλου
580 569 674 622 τοῦ
709 571 921 640 πρῶτον
941 571 1103 625 αὐτὸν
1134 571 1504 636 συνιστῶντος·
1529 567 1596 643 ἦν
1627 570 1669 624 6‘
1703 574 1730 625 6
1751 571 1857 624 τῶν

278 661 382 733 πρὸ
404 661 680 726 Μωῦσέως
696 662 955 733 θεοφιλῶν
975 664 1180 736 ἀνδρῶν
1202 663 1314 734 βίος
1332 665 1363 717 ό
1379 664 1520 717 κατὰ
1541 664 1601 718 τὸ
1615 663 1708 716 τοῦ
1727 665 1859 734 Χρι-

278 753 406 808 στοῦ
421 755 768 823 Εὐαγγέλιον,
794 756 916 809 καθ’
945 757 1003 810 ὃν
1027 757 1320 829 διαπρέψαι
1355 757 1781 828 μνημονεύονται
1808 759 1856 810 οἱ

273 844 421 915 ἀμφὶ
447 845 536 899 τὸν
552 845 820 916 Ἀϐραὰμ,
850 847 1164 911 καὶἹσαὰκ,
1187 847 1281 901 καὶ
1297 847 1510 910 Ἰακὼϐ,
1526 847 1857 916 Μελχισεδέκ

273 954 335 992 τε
381 939 478 991 καὶ
517 937 659 1003 Ἰὼϐ,
681 939 774 994 καὶ⁴
801 938 932 991 πολὺ
959 938 1164 993 τούτων
1209 939 1462 1012 πρότεροι
1482 940 1531 992 οἱ
1561 939 1704 1010 ἀμφὶ
1732 938 1854 991 Νῶε

273 1029 371 1082 καὶ
396 1030 472 1100 Σὴ
481 1047 538 1100 μ,
562 1029 654 1083 καὶ
681 1030 882 1099 Ἰάφεθ,
914 1030 1081 1100 Ἑνώχ
1108 1049 1166 1084 τε
1212 1032 1305 1084 καὶ
1330 1033 1444 1084 ὅσοι
1466 1031 1614 1084 ἄλλοι
1647 1031 1856 1095 τούτοις

272 1121 529 1189 γεγόνασι
558 1119 955 1191 παραπλήσιοι·
990 1121 1188 1174 δίκαιοι
1215 1121 1345 1189 γοῦν
1369 1121 1476 1174 οἵδε
1506 1121 1727 1185 πάντες,
1761 1123 1857 1175 καὶ

271 1213 520 1276 εὐσεϐεῖς
559 1213 652 1266 καὶ
687 1213 986 1282 θεοφιλεῖς·
1020 1214 1069 1265 εί
1116 1211 1208 1266 καί
1239 1230 1382 1276 τινες
1425 1213 1601 1285 ἐτεροι
1649 1232 1856 1286 μαρτυ-

273 1303 554 1374 ρηθέντες,
587 1303 687 1372 τῆι,
725 1303 823 1373 μὲν
847 1302 986 1356 κατὰ
1011 1301 1252 1356 Μωῦσέα
1282 1303 1600 1374 νομοθεσίας
1623 1305 1855 1375 πάμπαν

272 1397 524 1468 ὑπῆρχον
548 1394 813 1466 ἀλλότριοι
837 1411 851 1424 ·
882 1393 1242 1464 προλαϐόντες
1268 1394 1324 1448 δὲ
1343 1396 1432 1448 τὸν
1459 1396 1603 1450 κατὰ
1617 1397 1751 1451 Μωῡ
1761 1397 1855 1453 σέα

270 1488 499 1559 τρόπον,
547 1489 678 1558 ἡμῖν
723 1487 924 1558 ὁμοίως
955 1489 1022 1557 τῇ
1073 1486 1213 1540 κατὰ
1246 1488 1306 1540 τὸ
1350 1489 1682 1557 Εύαγγέλιυν
1709 1490 1855 1560 φιλο-

273 1580 444 1652 σοφίᾳ
472 1580 795 1650 διέλαμψαν.

345 1693 408 1749 ε’.
457 1696 514 1750 ’0
551 1697 649 1767 μὲν
681 1694 774 1750 οῦν
799 1697 1032 1768 πρῶτος,
1067 1698 1153 1752 διὰ
1184 1696 1277 1750 τοῦ
1305 1698 1454 1769 Ζαρᾶ
1488 1698 1762 1770 ἐδηλοῦτο,
1795 1699 1854 1764 ὃς

1961 569 2370 638 comprobatur.
2409 568 2537 622 Erat
2558 579 2741 623 autem
2773 577 2902 623 ante
2931 567 3171 640 llloyscm
3200 568 3411 638 piorum
3435 567 3536 628 ho-

1961 662 2166 716 tninum
2190 662 2302 714 vita
2335 661 2634 716 secundum
2679 662 2886 716 Christi
2921 660 3308 731 Evangelium;
3338 660 3393 714 in
3426 677 3534 731 qua

1958 753 2282 808 excelluisse
2309 753 2602 808 traduntur
2624 754 2992 818 Abrahamus,
3020 751 3534 818 lsaacus,Jacobus.

1960 845 2386 902 Ilelcltiscdeeus
2425 856 2588 916 atque
2614 845 2786 903 Jobus
2816 867 2829 902 :
2864 855 2917 902 et
2962 848 3136 902 multo
3186 847 3275 903 his
3322 847 3536 917 priores

1957 937 2235 998 Noacltus.
2285 937 2503 1006 Semus,
2537 950 2702 1010 atque
2755 939 3042 1010 Japhetus.
3074 948 3129 994 et
3167 939 3448 1006 Enochus,
3479 947 3534 994 et

1957 1039 2224 1100 quotquot
2249 1030 2334 1087 his
2365 1032 2572 1087 similes
2608 1032 2850 1091 fuerunt.
2887 1031 3030 1087 Justi
3062 1033 3230 1103 igitur
3251 1032 3307 1087 bi
3339 1048 3534 1090 omnes

1957 1130 2013 1178 et
2042 1123 2118 1193 pii
2153 1137 2216 1178 ac
2237 1122 2348 1179 Deo
2377 1125 2564 1179 dilecti
2589 1144 2602 1180 :
2644 1132 2698 1180 et
2738 1125 2957 1195 quidem
2987 1125 3195 1196 aliquot
3225 1125 3316 1180 alii
3346 1125 3535 1182 ferun-

1959 1223 2069 1279 tur,
2097 1229 2237 1283 quos
2277 1229 2309 1268 a
2343 1214 2581 1270 Mosaica
2611 1216 2729 1287 lege
2758 1215 2929 1271 fuisse
2961 1215 3168 1272 alienos
3199 1217 3253 1271 in
3277 1217 3534 1276 confesso

1957 1310 2059 1358 est.
2087 1301 2356 1358 Nimirum
2408 1303 2462 1358 hi
2510 1312 2897 1374 pmvertcntes
2951 1303 3248 1360 Mosaicum
3300 1319 3528 1369 morem,

1957 1395 2075 1466 pari
2130 1396 2420 1451 nobiscum
2481 1397 2824 1468 philosophia
2865 1397 3179 1467 evangelica
3240 1398 3532 1468 splendue-

1955 1495 2103 1544 runt.

2028 1698 2080 1752 5.
2106 1695 2171 1750 Et
2202 1697 2292 1751 illa
2319 1695 2537 1766 quidem
2560 1697 2720 1774 prior
2753 1697 2862 1751 vita
2895 1710 2924 1750 a
2975 1694 3112 1750 Zara
3164 1695 3532 1766 portendeba-

271 1790 636 1864 ἑρμηνεύεται
708 1793 1022 1859 Ἀνατολή·
1073 1791 1251 1861 φωτὸς
1298 1790 1406 1862 γὰρ
1473 1790 1751 1854 εὐσεϐείας
1797 1791 1850 1843 αἱ

1959 1795 2071 1853 tur,
2107 1802 2268 1858 quem
2325 1786 2597 1841 Orientem
2627 1788 3075 1857 interpretamur.
3127 1784 3336 1841 Pietate
3383 1787 3530 1845 enim

273 1853 494 1953 πρῶται
544 1883 641 1956 τῆς
689 1853 1205 1953 ἀνατολῆς-αὐγαὶ,
1365 1853 1473 1936 τῶν
1521 1881 1751 1954 πρώτων
1797 1884 1850 1935 ἐν

1960 1883 2202 1937 lucentes
2233 1880 2393 1952 primi
2433 1882 2664 1936 orientis
2693 1881 2831 1934 radii
2873 1897 2968 1952 per
2993 1895 3110 1944 eos,
3135 1881 3225 1950 qui
3247 1879 3406 1950 primi
3445 1879 3534 1934 ξορ-

272 1973 584 2045 ἀνθρώποις
621 1975 1035 2047 εὐσεϐησάντων
1060 1975 1398 2047 ἐξέλαμψαν·
1428 1971 1530 2028 οἷοί
1570 1994 1676 2047 περ
1715 1971 1856 2047 ἦσαν

272 2068 324 2119 οῖ
375 2067 480 2138 πρὸ
508 2066 784 2132 Μωῦσέως
827 2069 891 2121 ἐκ
925 2067 1149 2140 πρώτης
1189 2068 1491 2139 ἀνθρώπων
1546 2067 1857 2129 συστάσεως

273 2157 546 2227 Θεοφιλεῖς
593 2158 994 2227 ἀποφανθέντες
1018 2177 1030 2190 ·
1059 2161 1109 2212 oi
1138 2159 1202 2230 δὴ
1248 2160 1344 2213 καὶ
1371 2158 1449 2230 τῷ
1497 2159 1645 2228 Ζαρᾷ
1678 2175 1856 2228 παρα-

273 2248 542 2320 πλησίως,
576 2250 782 2319 πρῶτοι
838 2250 943 2322 μὴν
988 2250 1086 2321 τὴν
1142 2253 1298 2322 χεῖρα
1347 2251 1710 2323 προεϐάλοντο
1765 2251 1856 2304 τὸν

274 2339 580 2413 πρακτικὸν
614 2340 728 2409 βίον
767 2339 1164 2410 ἐνδειξάμενοι·
1218 2340 1278 2392 ού
1318 2339 1424 2410 μὴν
1455 2340 1550 2392 καὶ
1591 2339 1855 2410 ἐκράτυνέ

273 2448 340 2499 γε
367 2431 584 2484 τοῦτον·
617 2431 712 2485 τοῦ
747 2432 805 2486 δὲ
849 2433 971 2486 κατ’
1000 2433 1196 2496 αὐτοὺς
1241 2433 1443 2504 τρόπου
1493 2435 1550 2486 ἐν
1586 2433 1853 2504 ὑποστολῇ

273 2523 566 2595 γενομένου
592 2541 606 2555 ·
639 2524 731 2578 καὶ
771 2525 960 2596 ὥσπερ
1002 2524 1144 2589 τινὸς
1185 2523 1439 2596 φραγμοῦ
1485 2524 1853 2588 διακοπέντος,

273 2613 499 2685 ἐξῆλθεν
524 2615 552 2666 6
583 2607 810 2682 ἀδελφὸς
842 2613 1004 2668 αὐτοῦ
1038 2615 1066 2666 6
1091 2613 1232 2667 κατὰ
1264 2613 1502 2666 Μωῡσέα
1531 2613 1671 2682 βίος·
1703 2612 1761 2666 ὃν
1790 2613 1853 2686 δὴ

277 2706 590 2776 μεσότοιχον
619 2705 870 2777 φραγμὸν
899 2705 1163 2776 κέκληκεν
1204 2707 1232 2758 6
1268 2704 1568 2775 θαυμάσιος
1602 2703 1857 2756 Ἀπόστο-

272 2797 396 2861 λος·
431 2797 511 2851 διὸ
543 2799 638 2851 καὶ
667 2797 957 2870 ὠνομάσθη
987 2798 1182 2870 Φαρὲς,
1213 2797 1312 2868 τῆς
1343 2799 1437 2850 τοῦ
1464 2797 1720 2870 φραγμοῦ
1743 2799 1858 2852 δια-

274 2891 456 2961 κοπῆς
483 2890 768 2962 ἐπὼνυμος
789 2908 801 2920 ·
826 2891 1189 2963 ἑρμηνεύεται
1210 2891 1339 2960 γοῦν
1359 2888 1531 2962 Φαρὲς
1545 2893 1852 2961 μερισμός·

274 2982 430 3036 ἐνθεν
456 2983 550 3037 καὶ
589 2985 870 3054 Φαρισαῖοι
901 2985 1031 3056 παρ’
1066 2985 1247 3048 αὐτοῖς
1276 2984 1586 3056 διέπρεπον,
1619 2985 1768 3058 παρὰ
1797 2984 1858 3038 τὸ

277 3073 524 3146 μερίζειν
549 3077 643 3129 καὶ
669 3076 948 3147 ἀφορίζειν
973 3077 1200 3140 ἑαυτοὺς
1230 3075 1331 3147 τῆς
1362 3075 1470 3130 τῶν
1499 3075 1710 3130 πολλῶν
1739 3078 1856 3130 ἐπι-

277 3166 490 3238 μιξίας·
528 3169 795 3240 μακάριον
832 3169 931 3238 μὲν
965 3165 1057 3222 οὖν
1091 3170 1184 3222 καὶ
1227 3167 1362 3221 πολὺ
1405 3170 1651 3239 κρεῖττον
1675 3163 1744 3239 ἦν
1779 3169 1854 3240 μὴ
1884 3193 1926 3250 C

273 3260 598 3331 διακοπῆναι
621 3261 713 3314 τὸν
739 3262 1011 3336 φραγμὸν,
1041 3263 1136 3314 ἕνα
1163 3261 1220 3314 δὲ
1249 3261 1412 3313 αὐτὸν
1438 3261 1533 3314 καὶ¹
1563 3261 1857 3315 ἀδιάκοπον

277 3354 492 3422 μεῖναι·
525 3352 683 3406 τοῦτο
713 3355 758 3407 δ’
786 3353 852 3406 ἂν
882 3354 1105 3422 γέγονεν
1130 3355 1179 3406 εί
1221 3352 1301 3423 τῷ
1335 3354 1434 3424 τὴν
1464 3355 1624 3424 χεῖρα
1656 3353 1854 3423 προϐε-

272 3444 532 3516 ϐλημένῳ
572 3443 806 3520 πρώτῳ,
858 3443 1328 3516 συνακολουθήσας
1358 3447 1386 3497 6
1429 3443 1714 3515 δεύτερος,
1762 3444 1855 3498 τὸν

272 3536 438 3591 αὐτὸν
486 3537 683 3608 τρόπον
737 3537 1151 3590 ἐπολιτεύσατο·
1195 3537 1330 3589 πολὺ
1368 3535 1476 3608 γὰρ
1522 3532 1590 3607 ἦν
1649 3534 1854 3605 βέλτιον

270 3630 389 3693 τοῖς
418 3629 483 3682 ἐκ
517 3630 816 3700 περιτομῆς
861 3630 908 3682 εί
945 3627 1086 3682 κατὰ
1117 3626 1209 3681 τὸν
1254 3626 1367 3697 βίον
1413 3626 1521 3680 τῶν
1578 3626 1853 3698 πρόπαλαι

273 3721 538 3790 θεοφιλῶν
568 3719 870 3792 ἀνθρώπων
903 3721 1197 3791 ἐτύγχανον
1241 3719 1726 3790 πεπολιτευμένοι·
1761 3720 1854 3772 καὶ

269 3813 419 3867 οὕτω
450 3813 559 3891 γᾲρ
592 3809 660 3885 ἧν
685 3807 764 3877 εἷς
793 3815 821 3866 6
853 3813 1125 3885 φραγμὸς,
1156 3813 1248 3866 καὶ
1271 3811 1370 3883 μία
1394 3813 1428 3882 ή
1459 3812 1714 3883 οἰκοδομὴ
1744 3811 1852 3866 τῶν

269 3921 332 3957 τε
362 3902 592 3975 πρώτων
625 3904 718 3957 καὶ
742 3903 851 3958 τῶν
877 3905 1144 3957 ὑστάτων.

347 3995 422 4061 ς’.
477 3996 691 4068 Ἐπειδὴ
720 3997 776 4050 δὲ
814 3996 888 4068 μὴ
912 3997 1003 4051 τὸν
1036 3995 1250 4068 πρῶτον
1283 3995 1555 4068 κρατῆσαι
1587 3996 1783 4067 τρόπον
1816 3998 1850 4067 ἡ

268 4090 385 4142 τῶν
416 4090 680 4160 δευτέρων
708 4089 1083 4162 συνεχώρησεν
1113 4089 1385 4155 ἀσθένεια,
1420 4090 1684 4162 διακοπῆς
1709 4091 1852 4144 εἰκό-

266 4198 382 4244 τως
404 4181 498 4234 τοῦ
531 4181 672 4235 κατὰ
709 4181 840 4235 Θεὸν
862 4181 1115 4254 φραγμοῦ
1145 4182 1460 4254 γενομένης,
1487 4182 1579 4235 τοῦ
1599 4199 1657 4234 τε
1687 4199 1848 4252 μεσο-

266 4272 451 4342 τοίχου
478 4273 572 4326 τοῦ
599 4271 854 4344 φραγμοῦ
888 4272 1346 4344 παραϐληθέντος,
1377 4274 1405 4324 6
1432 4273 1599 4326 πάλαι
1636 4274 1850 4345 πρῶτος

264 4363 370 4436 τὴν
400 4366 558 4435 χεῖρα
608 4363 915 4436 προτείνας,
950 4363 1198 4435 δεύτερος
1230 4363 1425 4428 ἔξεισιν
1475 4367 1555 4427 είς
1583 4365 1718 4434 φῶς,
1761 4366 1850 4420 διὰ

264 4457 365 4510 τοῦ
400 4445 650 4530 Σωτῆρος
679 4455 836 4528 ήμῶν
880 4454 1054 4528 Ἰησοῦ
1106 4456 1340 4527 Χριστοῦ
1388 4456 1482 4509 τοῦ
1521 4456 1610 4509 τὸν
1649 4457 1847 4510 παλαί-

1957 1985 2042 2030 ter
2069 1975 2321 2029 homines
2350 1974 2591 2044 religiosi
2619 1972 2790 2034 fuere.
2813 1975 3193 2028 emicuerunt:
3221 1971 3530 2042 cujusmodi

1957 2075 2115 2124 erant
2163 2066 2198 2120 ii
2225 2067 2319 2135 qui
2349 2075 2474 2121 ante
2503 2065 2741 2137 Moysem
2772 2066 2885 2136 jam
2916 2065 3044 2122 inde
3075 2081 3106 2119 a
3133 2065 3308 2136 prima
3348 2064 3529 2118 homi—

1956 2175 2088 2214 num
2125 2158 2401 2213 creatione
2429 2167 2677 2213 sanctum
2700 2156 2791 2212 Dei
2817 2157 3025 2212 cultum
3055 2172 3165 2228 pra!
3181 2173 3240 2212 se
3263 2157 3528 2214 tulerunt.

1957 2253 2135 2325 Atque
2167 2251 2222 2305 hi
2255 2265 2365 2304 non
2395 2266 2555 2306 secus
2589 2258 2752 2321 atque
2785 2250 2924 2304 Zara
2954 2249 3118 2320 primi
3154 2265 3376 2305 manum
3406 2265 3531 2321 pro~

1957 2342 2273 2409 tenderunt,
2311 2344 2529 2398 solertis
2574 2343 2700 2396 vita:
2746 2342 2954 2396 indicio
2994 2342 3158 2410 facto,
3190 2358 3297 2413 qua
3347 2353 3530 2399 tamen

1957 2447 2067 2487 non
2097 2439 2226 2488 sunt
2270 2432 2450 2503 potiti,
2482 2432 2729 2486 moribus
2772 2447 2960 2486 eorum
3012 2447 3075 2488 se
3101 2434 3528 2489 retrahentibus.

1958 2525 2134 2596 Atque
2177 2526 2395 2580 interim
2449 2525 2689 2587 maceria
2744 2525 2910 2580 veluti
2956 2525 3156 2589 divisa,
3184 2527 3316 2581 exiit
3361 2527 3533 2583 frater

1957 2617 2098 2686 ejus,
2123 2617 2246 2672 vita:
2282 2618 2539 2672 nimirum
2566 2618 2868 2675 secundum
2907 2617 3147 2689 Moysem
3169 2635 3363 2690 genus,
3385 2622 3534 2691 quod

1958 2709 2200 2764 medium
2255 2711 2518 2780 parietem
2554 2709 2820 2765 miriﬁcus
2850 2709 3147 2780 Apostolus
3192 2712 3486 2782 appellavit
3515 2734 3529 2768 :

1959 2815 2130 2870 quare
2162 2808 2216 2854 et
2250 2801 2340 2855 ille
2377 2800 2582 2856 Phares
2609 2807 2838 2856 vocatus
2869 2799 2992 2864 fuit,
3019 2800 3240 2854 nomine
3260 2809 3478 2872 sumpto
3500 2819 3532 2856 a

1959 2890 2210 2944 maceriae
2239 2890 2508 2944 divisione
2532 2908 2544 2943 :
2579 2887 2784 2945 Phares
2807 2889 3006 2959 quippe
3035 2889 3336 2958 explicatur
3363 2892 3534 2959 parti-

1962 2981 2054 3034 tio.
2082 2979 2220 3036 Hinc
2241 2992 2295 3036 et
2319 2980 2581 3037 Pharisaei
2603 2981 2744 3051 apud
2769 2979 2989 3036 Iudaeos
3019 2981 3378 3047 excellebant,
3402 2983 3532 3051 quia

1961 3089 2020 3129 se
2049 3089 2145 3143 per
2181 3073 2473 3144 quamdam
2502 3073 2789 3128 factionem
2825 3088 2854 3127 a
2909 3073 3273 3129 multitudinis
3303 3077 3534 3130 commi-~

1961 3166 2139 3222 stione
2161 3167 2535 3237 sejunxerant.
2563 3167 2781 3223 Beatius
2812 3167 2979 3238 igitur
3010 3169 3291 3239 multoque
3336 3168 3542 3228 melius.

1965 3261 2158 3317 fuisset
2187 3276 2297 3316 non
2319 3259 2526 3319 diliindi
2553 3259 2870 3327 maceriam,
2900 3259 2996 3316 sed
3024 3275 3193 3314 unum
3227 3260 3360 3332 quid
3388 3261 3534 3317 indi-

1961 3353 2252 3423 visumque
2288 3367 2526 3407 manere.
2569 3350 2627 3406 id
2679 3362 2858 3408 autem
2893 3352 3205 3417 accidisset,
3237 3353 3284 3408 si
3339 3353 3387 3409 ei
3438 3353 3533 3424 qui

1961 3444 2114 3516 prior
2144 3458 2364 3498 manum
2396 3443 2660 3508 extendit,
2685 3445 3030 3516 subsequens
3061 3445 3200 3500 alter
3235 3444 3424 3501 eodem
3451 3447 3534 3500 vi—

1961 3545 2030 3592 taz
2053 3551 2253 3608 genere
2284 3537 2536 3592 vixisset.
2569 3536 2752 3608 Longe
2791 3538 2935 3592 enim
2978 3545 3096 3593 erat
3122 3538 3318 3594 melius
3345 3538 3391 3593 si
3424 3539 3533 3593 cir-

1959 3627 2317 3684 cumcisionis
2338 3629 2560 3684 asseclae
2581 3644 2762 3685 mores
2796 3629 3144 3700 antiquorum
3171 3629 3286 3686 Deo
3299 3629 3531 3686 dilecto-

1959 3735 2080 3776 rum
2105 3720 2386 3775 hominum
2420 3719 2656 3791 amplexi
2681 3720 2953 3777 fuissent:
2981 3735 3109 3775 nam
3139 3720 3221 3776 sic
3251 3735 3362 3776 una
3395 3721 3532 3778 fuis-

1958 3821 2043 3868 set
2067 3813 2329 3880 maceria,
2371 3827 2480 3867 una
2520 3812 2811 3868 azditicatio
2845 3812 3146 3884 primoan
3177 3821 3234 3868 et
3257 3819 3532 3870 extremo—

1958 3921 2102 3963 rum.

2031 3997 2086 4052 6'.
2117 3997 2272 4053 Nunc
2314 3997 2444 4068 quia
2488 3997 2724 4070 primum
2771 4013 2978 4053 morem
3024 4011 3376 4069 perseverare
3416 4011 3530 4053 non

1956 4089 2084 4145 sivit
2113 4091 2479 4146 secundorum
2501 4089 2792 4144 infirmitas
2811 4130 2826 4155 ,
2855 4090 3122 4146 divisione
3161 4089 3358 4151 merito
3385 4088 3532 4155 facta

1956 4185 2205 4237 maceria:
2232 4197 2353 4252 quae
2375 4183 2673 4236 secundum
2699 4181 2869 4237 Deum
2899 4189 3004 4250 est,
3027 4180 3316 4252 medioque
3349 4180 3530 4252 parie-

1955 4281 2009 4330 te
2038 4275 2288 4330 maceria;
2309 4275 2616 4345 interiecto,
2644 4273 2743 4344 qui
2767 4272 2894 4326 olim
2915 4271 3066 4342 prior
3092 4285 3314 4325 manum
3337 4277 3524 4326 exten-

1955 4365 2130 4427 derat,
2165 4367 2438 4436 posterior
2483 4365 2538 4419 in
2583 4365 2759 4420 lucem
2815 4364 3016 4436 prodiit
3050 4378 3146 4434 per
3180 4361 3529 4418 Servatorem

1955 4468 2205 4514 nostrum
2264 4457 2453 4513 Jesum
2497 4457 2802 4522 Christum,
2829 4457 2921 4526 qui
2975 4455 3415 4526 antiquissimam
3471 4461 3529 4508 et

263 4566 431 4604 τατον
458 4551 554 4603 καὶ
585 4550 810 4621 ἀρχαῖον
843 4548 1094 4620 φραγμὸν
1120 4549 1568 4620 ἁνακτησαμένου
1591 4563 1605 4577 ·
1646 4548 1726 4602 διὸ
1755 4549 1849 4602 καί

1959 4553 2289 4623 primitivam
2315 4551 2605 4605 maceriam
2647 4549 3011 4619 recuperavit.
3047 4545 3228 4613 Quare
3253 4553 3310 4602 et
3335 4543 3405 4599 de
3433 4545 3530 4599 illo

267 4659 436 4713 φησιν
466 4644 545 4705 εἰς
587 4641 747 4694 αὑτὸν
778 4642 812 4711 ἠ
859 4639 1162 4712 προφητεία
1181 4657 1194 4671 ·
1245 4660 1263 4692 ι
1294 4641 1388 4694 καὶ
1433 4640 1679 4712 κληθήσῃ
1709 4644 1848 4696 οίκο·

262 4733 430 4807 δόμος
468 4733 771 4806 φραγμῶν·
814 4753 831 4784 ι
861 4727 1012 4796 οὗτος
1037 4732 1101 4804 δὴ
1150 4732 1245 4786 καὶ
1290 4733 1351 4786 τὸ
1400 4732 1634 4804 δηλωθέν
1687 4733 1848 4803 μεσό-

263 4844 446 4898 τοιχον
471 4826 678 4881 ἀνεῖλεν
697 4843 712 4858 ·
737 4826 796 4888 ὃς
823 4825 1026 4897 Κύριος
1055 4824 1130 4877 ῶν
1159 4825 1255 4878 καὶ
1281 4825 1375 4878 τοῦ
1405 4825 1674 4878 σαϐϐάτου
1706 4827 1848 4878 ποιεῖ

261 4919 334 4972 τὰ
369 4918 652 4990 ἀμφότερα
687 4917 766 4981 ἓν,
803 4917 943 4970 κατὰ
957 4917 1051 4970 τὸν
1088 4916 1232 4989 ἱερὸν
1272 4916 1589 4970 Ἀπόστολον
1621 4918 1843 4972 είπόντα

268 5030 288 5061 ι
327 5011 501 5073 Αὐτὸς
550 5009 658 5082 γάρ
709 5011 920 5081 ἐστινὴ
972 5010 1163 5080 εἰρήνη
1205 5008 1362 5080 ήμῶν
1410 5011 1438 5061 6
1487 5011 1716 5081 ποιήσας
1773 5009 1840 5062 τὰ

262 5102 552 5176 ἀμφότερα
573 5102 652 5166 ἓν,
673 5101 848 5154 καὶτὸ
873 5101 1180 5172 μεσότοιχον
1201 5101 1294 5154 τοῦ
1325 5101 1578 5174 φραγμοῦ
1605 5100 1771 5163 λύσας
1789 5117 1802 5130 ·
1817 5121 1836 5151 ι

264 5195 362 5248 καὶ
397 5193 452 5247 τί
507 5195 569 5248 τὸ
621 5194 932 5265 μεσότοιχον
983 5193 1297 5266 διασαφῶν,
1346 5193 1618 5263 ἐπιλέγει·
1679 5212 1698 5244 ι
1750 5192 1842 5248 τὸν

261 5288 429 5361 νόμον
449 5287 555 5341 τῶν
576 5285 804 5340 ἐντολῶν
832 5287 889 5338 ἐν
916 5285 1148 5356 δόγμασι
1170 5286 1523 5357 καταργήσας
1553 5304 1570 5337 ι
1600 5285 1842 5338 ἐκποδὼν

264 5378 746 5452 μεταστησάμενος
774 5379 834 5431 τὸ
868 5377 1176 5448 μεσότοιχον
1209 5376 1301 5430 τοῦ
1344 5375 1622 5440 Μωῦσέως
1652 5377 1840 5446 νόμου,

260 5477 402 5547 ὅπερ
444 5475 592 5545 ἡμᾶς
622 5475 746 5536 τοὺς
790 5472 849 5538 ἐξ
899 5471 1065 5525 ἐθνῶν
1096 5472 1194 5542 τῆς
1240 5470 1384 5524 κατὰ
1413 5471 1546 5523 Θεὸν
1591 5470 1842 5541 ἀπείργει

261 5568 546 5632 εὐσεϐείας
575 5608 590 5632 ,
638 5567 725 5622 διὰ
771 5566 831 5626 τὸ
883 5565 1018 5640 μηδὲ
1052 5563 1398 5636 βουλομένοις
1441 5561 1664 5615 δυνατὸν
1703 5557 1841 5624 εἶναι

264 5664 402 5716 πᾶσι
434 5664 545 5726 τοῖς
577 5660 754 5714 ἔθνεσι
782 5658 920 5713 κατὰ
952 5655 1192 5712 Μωῦσέα
1224 5653 1663 5708 πολιτεύσασθαι.
1764 5703 1772 5711 ,

340 5839 385 5870 ³⁸
424 5837 530 5894 lsa.
564 5853 734 5905 um,
773 5836 858 5892 t2.
933 5833 976 5865 “
1017 5832 1216 5905 Ephes.
1252 5849 1325 5903 tt,
1363 5832 1449 5888 14.
1528 5831 1572 5863 ³³
1613 5829 1741 5886 ibid.
1783 5829 1872 5892 15..

1959 4640 2243 4711 prophetia
2272 4638 2405 4694 dicit
2437 4658 2451 4693 :
2495 4655 2517 4688 «ι
2542 4637 2608 4690 Et
2640 4637 2926 4692 vocaberis
2947 4634 3243 4690 aediﬁcator
3261 4633 3528 4690 maceria-

1954 4749 2076 4788 rum
2106 4731 2174 4784 ³ο.
2220 4752 2238 4784 ι
2273 4731 2376 4786 Hic
2395 4732 2559 4785 etiam
2607 4728 2926 4800 praedictum
2981 4727 3243 4797 parietem
3285 4724 3524 4814 medium

1953 4826 2214 4892 abstulit;
2249 4826 2378 4895 quia
2425 4839 2548 4879 cum
2582 4824 2653 4879 sit
2702 4820 2924 4876 Sabbati
2973 4833 3192 4890 quoque
3235 4815 3527 4879 Dominus,

1951 4919 2082 4974 facit
2135 4926 2368 4987 utraque
2419 4931 2632 4970 unum:
2665 4913 2927 4968 sicut'ait
2976 4926 3132 4968 sacer
3177 4909 3527 4980 Apostolus;

1954 5030 1974 5063 ι
2002 5013 2123 5082 Ipse
2149 5011 2292 5066 enim
2326 5016 2415 5064 est-
2443 5024 2547 5078 pax
2573 5014 2783 5068 nostra,
2807 5005 2902 5075 qui
2934 5003 3064 5058 fecit
3083 5010 3316 5070 utraque
3331 5015 3524 5067 unum,

1948 5113 2003 5161 et
2031 5103 2268 5160 medium
2292 5103 2555 5174 parietem
2589 5099 2842 5155 maceria:
2871 5098 3034 5153 solvit
3058 5097 3124 5151 ³¹.
3158 5115 3177 5147 ι
3212 5094 3279 5148 Ει
3302 5094 3525 5165 quidem

1949 5195 2188 5250 medium
2254 5193 2520 5264 parietem
2571 5191 2961 5261 interpretans,
3027 5185 3258 5249 subdit,
3292 5204 3310 5236 ι
3349 5185 3525 5255 legem

1948 5285 2330 5346 mandatorum
2381 5281 2618 5338 decretis
2660 5295 2934 5336 evacuans
2963 5279 3031 5342 ³¹,
3070 5298 3088 5330 ι
3127 5277 3340 5334 sublato
3390 5277 3527 5346 legis

1949 5375 2202 5432 Mosaicae
2239 5374 2420 5430 medio
2450 5373 2686 5444 pariete;
2713 5371 2808 5441 qui
2854 5385 2959 5424 nos
2983 5368 3220 5424 ethnicis
3256 5367 3524 5421 oriundos

1948 5468 2268 5539 parentibus
2297 5465 2622 5522 excludebat
2663 5477 2694 5516 a
2748 5461 2842 5516 Dei
2871 5460 3132 5531 religione
3163 5477 3176 5514 :
3211 5459 3338 5528 quia
3373 5473 3444 5512 ne
3477 5457 3525 5511 si

1949 5561 2254 5624 voluissent
2282 5557 2526 5629 quidem,
2570 5555 2684 5608 fieri
2735 5560 2949 5624 poterat
2982 5559 3041 5605 ut
3079 5559 3291 5612 cunctae
3336 5559 3532 5624 gentes

1952 5670 2018 5714 ex;
2049 5651 2302 5710 Mosaicae
2332 5649 2468 5722 legis
2497 5647 2734 5703 formula
2767 5646 2933 5702 vitam
2966 5643 3260 5715 agitarent.
