3846 6220
349 352 446 406 911

983 347 1249 403 EUSEBII
1287 345 1756 404 CESARIENSIS
1792 345 1944 402 OPP.
1985 343 2164 398 PARS
2197 343 2282 400 lll.
2323 374 2392 385 ——
2430 338 2839 397 EXEGETICA.

420 466 470 518 7.
506 463 648 520 Deus
697 465 885 536 igitur,
921 472 979 517 ιιι
1029 464 1084 517 in
1134 461 1452 532 Evangelica
1503 461 1899 516 demonstratio-

2080 458 2146 524 ζ’.
2193 459 2402 530 Ὠσπερ
2438 455 2532 511 οὖν
2590 457 2997 528 συνεστήσαμεν
3050 456 3107 509 ἐν
3155 455 3276 518 ταῖς
3327 455 3586 524 Eum-re-

348 572 410 610 ne
441 554 556 624 (16)
583 554 695 625 jam
720 554 1081 616 asseruimus,
1109 553 1474 623 evangelicam
1507 555 1674 607 vitam
1697 555 1908 610 cunctis

346 647 656 716 proposuit,
684 645 758 699 ita
789 653 847 699 ut
883 645 1265 714 primigenium
1321 643 1455 698 illud
1500 644 1782 714 religionis
1820 661 1909 716 ge-

346 752 452 792 nus
479 736 772 806 perfectam
820 744 983 806 atque
1019 737 1368 791 illustriorem
1415 737 1680 808 originem
1723 738 1910 792 redde-

346 837 450 894 ret,
486 830 613 883 dum
645 843 806 882 manu
841 829 1057 898 praefert
1096 829 1465 884 testimonium
1506 829 1771 899 primatus
1799 831 1903 884 sui.

345 918 709 986 Quamobrem
739 918 848 972 vita
893 935 988 988 per
1013 920 1253 975 salutare
1295 918 1645 991 Evangelium
1694 921 1908 976 cunctis

344 1013 596 1082 gentibus
634 1011 854 1074 tradita,
888 1011 1076 1067 eadem
1129 1018 1248 1066 erat
1295 1019 1459 1082 atque
1502 1013 1594 1067 illa
1633 1029 1754 1083 quae
1784 1024 1909 1069 ante

345 1103 583 1174 Moysem
615 1118 837 1158 manum
883 1105 1231 1174 protenderat
1265 1124 1278 1160 :
1307 1107 1464 1176 cujus
1490 1107 1614 1160 vitae
1643 1107 1908 1162 exercita-

343 1194 418 1248 tio
452 1194 506 1247 in
537 1194 727 1264 primis
752 1195 858 1249 illis
894 1193 1003 1250 Deo
1038 1195 1250 1251 dilectis
1282 1194 1594 1251 hominibus
1627 1203 1906 1267 perspecta

344 1294 430 1340 est
472 1305 485 1340 :
527 1285 881 1357 eamdemque
920 1287 1187 1358 ﬁgurabat
1222 1287 1311 1342 hic
1334 1286 1493 1352 Zara,
1545 1289 1639 1358 qui
1672 1290 1905 1359 primum

341 1375 540 1430 divinas
584 1377 725 1430 inter
781 1375 1028 1432 homines
1079 1376 1388 1447 reipublicae
1437 1385 1616 1432 ortum
1653 1381 1846 1434 extulit
1889 1399 1902 1433 :

343 1467 556 1538 fuitque
591 1467 732 1522 idem
783 1468 1112 1539 principium
1161 1476 1215 1524 et
1267 1469 1410 1534 ﬁnis,
1445 1471 1654 1540 primus
1701 1480 1755 1526 et
1782 1472 1909 1526 ulti-

343 1576 467 1615 mus
493 1579 508 1625 ;
550 1570 705 1616 ortus
728 1561 910 1617 brevis
941 1562 1033 1632 qui
1064 1571 1341 1632 postremo
1362 1562 1577 1617 cunctis
1600 1577 1794 1617 rursus
1828 1561 1908 1616 el"-

344 1649 498 1706 fulsit
529 1651 861 1707 hominibus.
896 1652 1001 1707 Sed
1041 1654 1184 1707 enim
1213 1660 1268 1707 et
1301 1653 1434 1707 illud
1467 1661 1592 1708 ante
1632 1653 1794 1710 dictis
1821 1653 1908 1708 ad-

342 1741 579 1796 dendum
605 1751 712 1808 est,
746 1743 802 1798 in
841 1744 982 1798 libro
1011 1744 1376 1813 generationis
1396 1743 1526 1800 Jesu
1556 1745 1758 1802 Christi
1795 1763 1906 1802 non

2004 549 2203 616 λικαῖς
2247 548 2594 613 ἀποδείξεσι
2613 587 2628 612 ,
2676 549 2776 619 τὴν
2805 549 2945 602 κατὰ
2995 548 3056 601 τὸ
3107 545 3440 615 Εὐαγγέλιω
3471 548 3582 610 τοῖς

2007 645 2142 697 πᾶσι
2185 643 2516 714 προεϐάλετο
2561 644 2835 698 πολιτείαν
2860 683 2875 708 ,
2909 641 3003 696 τοῦ
3055 641 3270 714 πρώτου
3302 642 3398 713 τῆς
3432 641 3585 694 εὐσε-

2008 735 2159 798 ϐείας
2185 737 2385 808 τρόπου
2429 737 2642 792 τελείαν
2688 735 2782 790 καὶ
2815 735 3198 806 λαμπροτέραν
3239 736 3340 806 τὴν
3371 735 3582 803 γένεσιν

2007 827 2411 897 πεποιημένου,
2465 828 2603 899 μετὰ
2651 828 2744 881 τοῦ
2787 830 2853 898 τῇ
2885 825 3027 897 χειρὶ
3070 825 3469 894 συνεπάγεσθαι
3521 824 3584 878 τὸ

2010 916 2306 990 μαρτύριον
2334 917 2427 972 τοῦ
2476 919 2688 990 πρῶτον
2717 919 2879 972 αὐτὸν
2907 919 3185 986 γεγονέναι
3207 933 3221 946 ο
3257 919 3286 969 6
3331 916 3462 983 γοῦν
3495 916 3586 970 διά

2004 1008 2099 1062 τοῦ
2128 1009 2394 1081 σωτηρίου
2427 1009 2754 1079 Εὐαγγελίου
2801 1011 2934 1062 πᾶσι
2979 1011 3090 1072 τοῖς
3137 1007 3314 1061 ἔθνεσι
3349 1008 3586 1078 παραδο-

2007 1098 2122 1163 θεὶς
2157 1100 2289 1170 βίος,
2323 1095 2477 1164 οὗτος
2503 1097 2571 1172 ἦν
2603 1103 2807 1164 ἐκεῖνος
2839 1103 2867 1154 6
2897 1101 2991 1153 καὶ
3031 1100 3139 1169 πρὸ
3178 1099 3457 1161 Μωῦσέως
3484 1099 3582 1169 τὴν

2007 1194 2160 1263 χεῖρα
2208 1192 2512 1263 προτείνας,
2547 1193 2640 1245 καί
2686 1191 2783 1262 τὴν
2811 1192 3010 1262 πρᾶξιν
3065 1192 3154 1246 διά
3193 1191 3302 1243 τῶν
3351 1190 3582 1260 πρώτων

2005 1283 2263 1354 θεοφιλῶν
2296 1285 2502 1357 ἀνδρῶν
2542 1284 3002 1355 ἐπιδεδειγμένοςσ
3051 1277 3205 1348 οὗτός
3234 1301 3294 1336 τε
3332 1277 3486 1345 οὗτος
3514 1278 3584 1352 ἦν

2006 1374 2035 1425 6
2067 1375 2216 1445 Ζαρᾶ
2245 1374 2345 1444 τῆς
2369 1373 2549 1427 ἐνθέου
2579 1374 2852 1437 πολιτείας
2883 1375 2980 1446 τὴν
3011 1371 3234 1444 πρώτην
3271 1373 3330 1425 ἐν
3367 1373 3578 1443 ἀνθρώ-

2007 1479 2130 1526 ποις
2170 1464 2430 1534 ἀνατολὴν
2479 1464 2980 1534 καταϐεϐλημένος·
3011 1464 3203 1531 γέγονέ
3233 1463 3311 1516 τε
3335 1466 3366 1517 ό
3399 1464 3578 1526 αὐτὸς,

2007 1555 2149 1626 ἀρχὴ
2182 1557 2274 1609 καὶ
2299 1556 2471 1621 τέλος,
2508 1557 2722 1627 πρῶτός
2754 1573 2812 1609 τε
2846 1557 2940 1609 καὶ
2981 1555 3229 1619 ὕστατος,
3263 1555 3495 1626 άνατολή
3523 1571 3580 1606 τε

2009 1647 2179 1718 μικρὰ
2233 1649 2326 1701 καὶ
2394 1649 2598 1718 ὑστάτη
2646 1647 2806 1702 πάλιν
2860 1649 2939 1711 εἰς
2988 1649 3194 1710 πάντας
3254 1647 3580 1718 ἐκλάμψασα

2007 1739 2341 1812 ἀνθρώπους.
2376 1739 2522 1810 Πλὴν
2564 1739 2699 1792 ἀλλά
2729 1741 2951 1793 κάκεῖνο
2979 1741 3246 1812 προσήκει
3279 1743 3392 1802 τοῖς
3427 1741 3580 1812 εἰρη-

341 1848 374 1886 a
401 1833 575 1902 primo
603 1848 666 1889 ex
710 1835 947 1901 duobus,
995 1851 1187 1906 nempe
1225 1835 1385 1904 Zara,
1429 1837 1536 1891 dici
1565 1839 1899 1908 progenitum

2008 1831 2186 1902 μένοις
2221 1830 2508 1894 ἐπιθεῖναι,
2542 1830 2617 1894 ώς
2652 1833 2684 1901 ὴ
2723 1830 2900 1898 βίϐλος
2944 1831 3044 1901 τῆς
3083 1831 3350 1899 γενέσεως
3405 1831 3579 1903 Ἰησοῦ

340 1940 465 1980 eum
491 1925 651 1994 cujus
683 1926 884 1981 texitur
905 1927 1217 1998 genealogia
1242 1944 1255 1993 ;
1282 1926 1377 1983 sed
1404 1940 1434 1979 a
1467 1928 1727 1995 secundo,
1755 1929 1906 1985 vide-

342 2017 466 2071 licet
495 2015 721 2074 Phares.
747 2019 881 2073 Nam
916 2033 1104 2089 reapse
1125 2018 1424 2074 secundum
1447 2033 1666 2076 carnem
1690 2023 1904 2093 genitus

343 2107 446 2162 fuit
470 2108 537 2164 de
557 2118 718 2181 gente
743 2117 796 2166 et
829 2126 1026 2181 genere
1076 2111 1320 2176 secundi,
1352 2125 1528 2182 neque
1567 2121 1778 2168 tantum
1803 2130 1902 2169 na-

343 2207 433 2256 tus
457 2216 488 2256 e
525 2203 771 2268 muliere,
807 2203 902 2259 sed
947 2202 1124 2257 factus
1176 2204 1278 2260 sub
1309 2204 1460 2277 lege,
1497 2213 1557 2260 ut
1597 2214 1650 2261 et
1693 2221 1788 2262 eos
1808 2207 1900 2276 qui

342 2290 447 2345 sub
481 2291 595 2362 lege
615 2299 768 2346 erant
797 2293 1086 2349 redimeret
1117 2295 1182 2362 ³³,
1207 2298 1504 2353 secundum
1526 2297 1772 2368 Apostoli
1801 2298 1902 2353 hac

340 2383 505 2438 etiam
541 2383 608 2438 de
635 2397 694 2439 re
716 2385 1106 2441 testimonium.

1044 2629 1181 2686 VIII.

340 2761 450 2819 Cur
467 2755 648 2820 uxoris
668 2763 810 2821 Uria:
831 2767 1123 2821 meminerit
1152 2767 1204 2820 in
1233 2769 1537 2840 genealogia
1556 2773 1892 2843 evangelista.

422 2941 475 2996 1.
516 2941 679 2997 Liber
721 2944 1091 3014 generationis
1137 2945 1268 3003 Jesu
1327 2945 1552 3015 Christi,
1584 2948 1712 3003 dum
1773 2951 1892 3006 ait:

344 3051 364 3085 ι
401 3032 568 3092 David
621 3050 717 3090 rex
774 3036 960 3106 genuit
1011 3036 1359 3095 Salomonem
1409 3055 1476 3096 ex
1518 3055 1582 3096 ea
1629 3056 1749 3112 qua:
1795 3043 1896 3098 fuit

342 3124 505 3193 Urize,
535 3144 554 3177 ι
583 3125 863 3185 declarare
889 3131 1278 3201 propemodum
1303 3147 1366 3188 ac
1385 3134 1638 3191 nuntiare
1657 3135 1892 3203 videtur,

2009 1923 2242 1994 Χριστοῦ
2271 1924 2370 1976 οὐκ
2398 1923 2504 1976 άπὸ
2541 1922 2633 1976 τοῦ
2664 1923 2770 1976 τῶν
2794 1922 2939 1976 δυοῖν
2968 1921 3208 1995 πρώτου,
3239 1923 3380 1992 λέγω
3405 1923 3462 1976 δὲ
3483 1922 3578 1976 τοῦ

2008 2014 2186 2083 Ζαρᾶ,
2224 2012 2313 2065 τὸν
2345 2010 2831 2082 γενεαλογούμενον
2860 2011 3022 2082 φῦναι
3053 2013 3282 2081 εἰσάγει,
3325 2012 3437 2066 ἀλλ’
3472 2012 3580 2066 ἀπὺ

2006 2103 2100 2156 τοῦ
2124 2103 2376 2174 δευτέρου
2403 2103 2495 2157 τοῦ
2527 2104 2702 2175 Φαρές
2722 2123 2734 2135 ·
2768 2104 2890 2158 ἐπεὶ
2917 2104 3108 2173 γέγονε
3144 2104 3284 2158 κατά
3315 2105 3492 2176 σάρκα
3516 2107 3581 2159 ἐκ

2009 2193 2180 2264 φυλῆς
2207 2196 2299 2246 καὶ
2331 2193 2640 2265 σπέρματος
2667 2195 2761 2248 τοῦ
2785 2195 3034 2264 δευτέρου
3060 2213 3073 2226 ο
3107 2197 3168 2248 οὐ
3201 2196 3360 2267 μόνον
3383 2195 3582 2264 γεννώ-

2010 2304 2168 2358 μενος
2193 2289 2258 2340 ἐκ
2292 2289 2546 2356 γυναικὸς
2571 2329 2585 2354 ,
2627 2288 2762 2342 ἀλλὰ
2806 2290 2899 2342 καὶ
2929 2289 3217 2360 γενόμενος
3250 2289 3353 2342 ὑπὸ
3380 2290 3543 2359 νόμον
3561 2327 3577 2350 ,

2006 2378 2094 2432 ἵνα
2135 2378 2379 2441 καὶτοὺς
2431 2379 2535 2432 ὑπὸ
2583 2378 2746 2449 νόμον
2785 2379 3113 2452 ἐξαγοράσῃ,
3147 2380 3288 2434 κατὰ
3335 2379 3434 2452 τὴν
3483 2377 3577 2432 τοῦ

2021 2470 2343 2523 Ἀποστόλου
2373 2472 2466 2524 καὶ
2488 2471 2615 2544 περὶ
2636 2471 2827 2524 τούτου
2855 2473 3185 2544 μαρτυρίαν.

2739 2627 2818 2679 Η’.

2003 2761 2102 2815 Διὰ
2147 2761 2205 2812 τί
2249 2758 2359 2831 τῆς
2412 2761 2517 2814 τοῦ
2569 2761 2784 2828 Οὐρίου
2834 2762 3120 2831 γυναι-κὸς
3166 2761 3442 2831 ἐμνήσθη
3479 2762 3581 2816 ἐπὶ

2252 2830 2357 2899 τῆς
2383 2833 2775 2902 γενεαλογίας
2810 2830 2848 2886 ό
2876 2830 3328 2902 εὑαγγελισίτής.

2072 2951 2143 2999 α’.
2177 2944 2473 3014 Μονονουχὶ
2502 2943 2590 2996 διὰ
2627 2941 2721 2995 τοῦ
2770 2942 2965 3012 φάναι,
3001 2961 3020 2994 ι
3049 2941 3212 2994 Δαϐὶδ
3255 2943 3284 2994 ό
3324 2941 3579 3011 βασιλεὺς

2001 3034 2256 3106 ἐγέννησε
2285 3034 2373 3087 τὸν
2395 3031 2680 3103 Σολομῶνα
2702 3034 2765 3084 ἐκ
2793 3032 2892 3102 τῆς
2917 3030 3013 3084 τοῦ
3046 3030 3266 3102 Οὐρίου,
3297 3049 3315 3082 ι
3341 3030 3583 3085 τοιοῦτόν

2003 3143 2056 3180 τι
2091 3126 2234 3179 ἔοικε
2281 3125 2472 3196 δηλοῦν
2504 3129 2538 3197 ὴ
2592 3125 2770 3196 βίϐλος
2805 3123 2942 3195 αῦτη
2975 3124 3074 3194 τῆς
3115 3122 3289 3193 Ἰησοῦ
3339 3123 3578 3195 Χριστοῦ

340 3216 458 3274 fore
505 3225 566 3279 ut
593 3234 720 3276 mox
749 3236 940 3290 preces
985 3221 1206 3279 Davidis
1247 3240 1312 3280 ac
1364 3227 1792 3296 supplicationes
1839 3245 1899 3286 re

2007 3217 2286 3286 γενέσεως,
2314 3216 2411 3280 τὰς
2434 3217 2706 3280 λιτανείας
2751 3216 2844 3269 καὶ
2886 3215 2983 3279 τὰς
3021 3215 3229 3276 ίκεσίας
3275 3215 3370 3268 τοῦ
3415 3215 3581 3269 Δαϐὶδ

337 3315 527 3380 optata
561 3311 858 3380 potiantur.
905 3314 1160 3372 Continet
1189 3317 1330 3371 enim
1378 3319 1517 3375 liber
1565 3321 1899 3377 incarnatio-

338 3413 465 3455 nem
517 3398 652 3456 Jesu
692 3401 898 3458 Christi
949 3403 1259 3464 Servatoris
1294 3411 1538 3466 omnium
1579 3422 1632 3467 et
1676 3415 1896 3483 medici,

340 3489 503 3560 cujus
530 3492 694 3552 unius
718 3507 884 3564 opera
913 3497 1169 3565 sperabat
1207 3497 1376 3554 David
1411 3517 1469 3556 se
1506 3503 1897 3560 absolvendum

341 3598 467 3640 esse
487 3598 518 3638 a
551 3584 783 3642 crimine
803 3587 948 3642 circa
1002 3587 1187 3643 Uriam
1221 3591 1450 3664 ejusque
1477 3610 1699 3650 uxorem
1723 3637 1740 3664 ,
1774 3604 1828 3652 et
1865 3611 1898 3650 a

338 3674 534 3730 mortis
571 3676 786 3733 calculo
832 3679 1248 3749 expediendum.
1294 3683 1368 3740 De
1427 3685 1528 3740 hoc
1573 3687 1737 3758 igitur
1767 3687 1896 3745 Jesu

337 3765 558 3822 Christo
605 3783 794 3824 necem
841 3770 1110 3828 subeunte
1153 3773 1354 3845 (cujus
1399 3775 1665 3832 beneﬁcio
1715 3780 1895 3833 anima

334 3871 554 3926 quoque
581 3855 798 3914 Davidis
827 3860 1104 3916 liberanda
1135 3864 1274 3934 erat)
1309 3865 1607 3920 vaticinans
1650 3867 1706 3920 in
1741 3867 1896 3922 Psal-

335 3947 442 4002 mis
472 3947 612 4004 idem
643 3948 810 4006 David
831 3993 846 4018 ,
874 3952 1197 4008 descensum
1233 3953 1539 4011 Servatoris
1571 3957 1638 4012 ad
1691 3957 1896 4013 inferos

337 4054 603 4110 suamque
632 4041 805 4112 ipsius
835 4044 1063 4100 salutem
1098 4047 1443 4117 signiﬁcavit,
1476 4049 1666 4104 dicens
1701 4069 1713 4105 :
1748 4069 1765 4102 ι
1792 4049 1898 4106 Do-

337 4128 504 4194 mine,
533 4129 771 4186 eduxisti
799 4146 866 4186 ex
893 4133 1084 4189 inferis
1133 4136 1374 4191 animam
1432 4153 1629 4205 meam,
1662 4141 1896 4196 servasti

337 4233 427 4274 me
477 4233 508 4272 a
557 4220 1013 4280 descendentibus
1061 4226 1118 4280 in
1161 4226 1423 4282 laeum“.
1463 4247 1481 4280 ι
1517 4229 1690 4285 Item:
1733 4248 1752 4281 ι
1792 4229 1895 4296 Qui

334 4311 544 4367 exaltas
574 4327 660 4368 me
689 4313 755 4369 de
788 4317 961 4385 portis
985 4317 1178 4373 mortis
1199 4318 1266 4372 ³³.
1308 4336 1328 4370 ι
1362 4317 1491 4374 Item
1525 4338 1536 4373 :
1577 4339 1595 4372 ι
1630 4319 1748 4375 Non
1801 4323 1898 4377 de-

335 4403 614 4473 relinques
668 4407 907 4461 animam
974 4423 1146 4464 meam
1198 4409 1253 4464 in
1307 4409 1598 4466 inferno“.
1633 4430 1652 4464 ›
1709 4411 1891 4468 ltem:

341 4513 362 4546 ‹
397 4493 708 4552 Conversus
761 4498 1049 4554 viviiicasti
1086 4516 1206 4567 me;
1238 4507 1294 4556 et
1344 4517 1411 4556 ex
1462 4502 1677 4574 abyssis
1738 4511 1896 4559 terra:

2001 3309 2124 3363 ὅσον
2156 3308 2308 3362 οὔπω
2367 3310 2740 3380 προχωρήσειν
2797 3310 2872 3372 εἰς
2924 3308 3074 3372 τέλος
3130 3308 3574 3376 εὐαγγελίζεται·

2003 3401 2244 3472 περιέχει
2297 3400 2422 3469 γοῦν
2479 3401 2576 3471 τὴν
2619 3400 2929 3470 οἰκονομίαν
2986 3399 3161 3470 Ἰησοῦ
3209 3399 3447 3471 Χριστοῦ
3480 3399 3575 3453 τοῦ

2003 3495 2252 3565 Σωτῆρος
2283 3492 2391 3544 τῶν
2421 3493 2555 3545 ὅλων
2577 3492 2671 3545 καὶ
2704 3492 2910 3564 ἰατροῦ,
2940 3491 3006 3544 δι’
3051 3485 3111 3544 οῦ
3139 3493 3299 3562 μόνου
3327 3492 3484 3556 ἐλπὶς
3511 3489 3578 3563 ἦν

2002 3587 2096 3640 καὶ
2139 3586 2216 3656 τῷ
2249 3585 2412 3638 Δαϐἰδ
2456 3586 2554 3654 τῆς
2583 3585 2724 3637 κατά
2761 3585 2851 3637 τὸν
2879 3584 3082 3655 Οὐρίαν
3117 3585 3211 3636 καὶ
3244 3585 3341 3655 τὴν
3383 3583 3576 3637 τούτου

2001 3681 2232 3748 γυναῖκα
2281 3677 2553 3748 ἁμαρτίας
2603 3675 3067 3746 ἀπολυθήσεσθαι,
3104 3676 3199 3730 καὶ
3249 3676 3350 3746 τῆς
3383 3679 3454 3730 ,ἐν
3496 3675 3579 3746 τῷ

2005 3769 2218 3840 θανάτῳ
2243 3767 2571 3839 καθείρξεως
2597 3767 3130 3839 ἐλευθερωθήσεσθαι
3155 3785 3168 3799 ·
3217 3767 3407 3820 τούτου
3445 3767 3579 3836 γοῦν

2017 3857 2187 3932 Ἰησοῦ
2219 3859 2451 3931 Χριστοῦ
2477 3860 2575 3930 τὴν
2610 3859 2770 3931 μέχρι
2798 3858 3028 3912 θανάτου
3063 3859 3388 3930 παρουσίαν,
3410 3859 3478 3912 δι’
3505 3855 3577 3931 ἦς

2001 3952 2198 4023 ἤμελλε
2223 3953 2317 4005 καὶ
2342 3953 2375 4022 ἡ
2399 3950 2493 4004 τοῦ
2517 3950 2681 4004 Δαϐὶδ
2717 3949 3149 4021 ἀπολυτροῦσθαι
3174 3950 3316 4022 ψυχὴ
3343 3990 3357 4013 ,
3386 3949 3578 4002 θεσπί-

2002 4041 2110 4106 ζων
2143 4045 2198 4096 ἐν
2232 4046 2342 4106 τοῖς
2384 4043 2630 4114 Ψαλμοῖς
2687 4043 2843 4106 αὐτὸς
2881 4044 2909 4095 6
2942 4042 3140 4108 Δαϐἰδ,
3175 4042 3246 4096 τὰ
3297 4042 3428 4113 περὶ
3474 4041 3579 4110 τῆς

2001 4137 2178 4188 ἐκεῖσε
2211 4135 2434 4189 καθόδου
2457 4136 2548 4188 τοῦ
2581 4136 2852 4206 Σωτῆρος,
2882 4136 2951 4189 τά
2985 4153 3045 4188 τε
3080 4136 3206 4206 περί
3245 4135 3346 4204 τῆς
3378 4133 3579 4187 ἑαυτοῦ

2005 4225 2274 4295 σωτηρίας
2310 4224 2498 4296 ἐδήλου
2521 4225 2588 4277 δι’
2616 4219 2692 4279 ὧν
2725 4224 2961 4293 ἔφασκεο
2999 4242 3016 4274 ι
3061 4223 3252 4293 Κύριε,
3297 4224 3578 4293 ἀνήγαγες

2007 4315 2067 4380 ἐξ
2097 4315 2223 4387 ᾅδου
2255 4317 2353 4388 τὴν
2385 4316 2561 4388 ψυχήν
2593 4334 2695 4387 μου
2717 4355 2731 4380 ,
2763 4315 2972 4380 ἐσωσάς
3019 4332 3085 4385 με
3130 4315 3236 4368 ἀπὸ
3265 4314 3374 4367 τῶν
3407 4331 3580 4368 καταο

2005 4405 2294 4460 ϐαινόντων
2329 4409 2406 4472 εἰς
2425 4407 2644 4463 λάκκον.
2672 4427 2690 4459 ι
2720 4406 2830 4460 Καὶ
2853 4409 2945 4460 τόο
2979 4426 2998 4458 ι
3021 4408 3079 4458 'O
3102 4405 3250 4475 ὑψῶν
3283 4422 3349 4474 με
3374 4406 3439 4456 ἐκ
3467 4404 3580 4458 τῶν

2004 4497 2186 4552 πυλών
2210 4497 2305 4552 τοῦ
2335 4498 2565 4553 θανάτου
2593 4539 2606 4552 .
2643 4517 2661 4550 ι
2690 4497 2800 4552 Καὶ
2826 4499 2886 4550 τό
2910 4513 2924 4528 ο
2956 4517 2975 4548 ι
3009 4496 3123 4549 Οὐκ
3163 4495 3581 4564 ἐγκαταλείψεις

337 4585 535 4640 iterum
569 4587 836 4644 reduxisti
860 4604 946 4646 me
968 4589 1035 4644 ³⁷.
1076 4610 1095 4643 ι
1131 4589 1266 4656 Quis
1297 4599 1477 4646 autem
1513 4602 1630 4647 erat
1664 4593 1892 4649 descen-

2007 4589 2092 4660 τὴν
2138 4589 2316 4661 ψυχήν
2363 4607 2464 4660 μου
2503 4592 2583 4654 εἰς
2617 4589 2802 4662 ᾅδην.»
2857 4588 2969 4643 Καὶ
3010 4590 3100 4643 τό·
3147 4606 3166 4640 ι
3211 4589 3580 4660 Ἐπιστρέψας

336 4679 472 4732 dens
525 4678 914 4750 reducensque‘
945 4696 1071 4736 eum
1115 4698 1180 4738 ex
1228 4682 1476 4754 abyssis?
1503 4685 1626 4755 quis
1674 4701 1898 4742 servans

333 4784 460 4825 eum
511 4785 544 4824 a
584 4771 1039 4829 descendentibus
1073 4773 1130 4828 in
1161 4775 1338 4830 lacum
1362 4776 1385 4830 ἰ
1411 4775 1519 4831 nisi
1541 4775 1650 4842 hic,
1681 4777 1748 4833 de
1789 4793 1896 4848 quo

335 4861 533 4918 librum
563 4864 929 4934 generationis
958 4864 1225 4922 mirabilis
1266 4867 1601 4938 evangelista
1651 4870 1897 4926 conscri-

333 4952 456 5009 bit:
488 4955 632 5010 inter
684 4955 790 5011 alia
835 4956 979 5012 bona
1009 4971 1225 5028 quoque
1271 4957 1494 5016 Davidis
1532 4959 1690 5016 nobis
1751 4977 1895 5017 nun-

333 5041 504 5099 tians.

403 5315 457 5370 2.
491 5315 756 5372 Existimo
791 5327 972 5375 autem
1017 5319 1072 5372 in
1129 5319 1183 5374 id
1231 5318 1548 5377 barathrum
1606 5318 1892 5389 delapsum

337 5406 506 5462 fuisse
549 5408 805 5466 Davidem
831 5410 902 5466 ob
929 5410 1092 5466 unius
1129 5411 1334 5466 vocula:
1381 5425 1604 5477 noxam,
1631 5426 1796 5483 quam
1827 5411 1884 5466 in

2003 4679 2374 4751 ἐζωοποίησάς
2403 4697 2490 4752 με,
2525 4681 2620 4735 καί
2645 4679 2831 4733 ἐκτῶν
2866 4680 3116 4733 ἀϐύσσων
3148 4678 3248 4748 τῆς
3285 4680 3388 4750 γῆς
3411 4681 3578 4735 πάλιν

2002 4772 2276 4843 ἀνήγαγές
2309 4790 2398 4843 με.
2441 4791 2459 4824 ι
2499 4773 2595 4838 Τίς
2631 4774 2676 4827 δ’
2709 4770 2823 4846 ἦνό
2874 4772 3112 4836 καταϐάς
3145 4771 3240 4824 καὶ
3279 4773 3578 4841 ἀναγαγὼν

2001 4863 2162 4917 αὐτὸν
2193 4865 2258 4917 ἐκ
2288 4863 2396 4918 τῶν
2439 4865 2731 4929 ἀϐὐσσων;
2779 4866 2862 4930 τίς
2893 4866 2937 4918 δ’
2976 4865 3004 4917 ὁ
3041 4864 3219 4929 σώσας
3255 4865 3420 4918 αὐτὸν
3468 4866 3578 4919 ἀπὸ

1999 4955 2106 5008 τῶν
2139 4956 2572 5010 καταϐαινόντων
2594 4959 2674 5021 εἰς
2696 4958 2897 5021 λάκκον
2921 4975 2937 5024 ;
2966 4957 3079 5010 ἀλλ’
3102 4951 3254 5020 οὗτος
3285 4949 3331 5024 ᾧ
3362 4957 3462 5028 τῆς
3491 4975 3576 5024 γε·

2001 5049 2201 5111 νέσεως
2228 5049 2327 5119 τὴν
2378 5048 2558 5119 βίϐλον
2588 5049 2618 5102 6
2655 5049 2954 5121 θαυμάσιος
3000 5048 3394 5119 εὐαγγελιστὴς
3438 5051 3572 5102 ἀνα-

1976 5155 1978 5157 ’
1999 5139 2220 5210 γράφει,
2249 5139 2387 5211 μετά
2405 5140 2514 5194 τῶν
2536 5141 2710 5195 ἄλλων
2731 5141 2826 5195 καὶ
2847 5140 2914 5195 τὰ
2929 5143 3056 5214 περί
3073 5141 3170 5196 τοῦ
3195 5140 3362 5195 Δαϐὶδ
3390 5140 3572 5208 ἀγαθά

1997 5231 2162 5283 πᾶσιν
2189 5231 2322 5301 ἡμῖν
2353 5227 2852 5301 εὐαγγελιζόμενος.

2070 5319 2135 5390 β’.
2170 5316 2336 5391 Οἶμαι
2386 5319 2442 5374 δὲ
2468 5319 2641 5392 τούτῳ
2692 5319 2770 5391 τῷ
2816 5319 3068 5391 πτώματι
3118 5319 3433 5392 περιπεσεῖν
3477 5315 3568 5371 τὸν

1999 5411 2162 5466 Δαϐἰδ
2190 5411 2277 5466 διὰ
2306 5411 2434 5484 μίαν
2455 5411 2662 5484 ταύτην
2694 5411 2898 5484 φωνὴν,
2925 5411 2992 5483 ἣν
3023 5414 3079 5467 ἐν
3107 5411 3185 5482 τῷ
3217 5408 3445 5482 εἰκοστῷ
3469 5425 3567 5463 και

405 5580 450 5614 ³³
486 5579 604 5638 Gal.
640 5598 710 5648 Iv,
746 5583 799 5640 5.
874 5583 920 5617 “
957 5581 1101 5643 Psal.
1133 5599 1293 5653 uix,
1328 5585 1383 5642 4.
1465 5586 1510 5619 ³⁵
1547 5584 1694 5642 Psal.
1727 5601 1816 5651 Ix,
1854 5584 1899 5642 1ἰ

2023 5585 2068 5620 ³⁸
2106 5583 2250 5644 Psal.
2287 5603 2376 5655 xv,
2413 5587 2500 5645 10.
2577 5589 2620 5622 ³⁷
2665 5586 2810 5646 Psal.
2849 5604 2950 5643 ιιι
2973 5631 2988 5659 ,
3021 5588 3111 5646 20.

407 5753 520 5826 (ιθ)
559 5753 680 5811 hib.
713 5772 751 5822 1,
779 5757 832 5812 5.
