3846 6220
326 240 430 311 9'15

1041 260 1311 331 EUSEBII
1349 273 1828 337 CAESARIENSIS
1863 278 2015 339 OPP.
2057 285 2238 343 PARS
2275 281 2363 344 ΙΙΙ.
2406 282 2906 349 —EXEGETICA.

3468 289 3574 347 916

325 369 539 439 psalmo
569 380 676 447 est,
708 379 892 436 emisit
922 400 935 436 :
974 399 995 435 ι
1036 383 1158 441 Tibi
1204 389 1305 444 soli
1333 393 1575 459 peccavi,
1608 401 1664 451 et
1692 397 1858 453 malui

1964 442 1973 462 ,
2002 400 2147 474 μόνῳ
2176 404 2444 475 ἥμαρτον,
2466 404 2642 459 καὶτὸ
2662 406 2895 479 πονηρὸν
2920 405 3147 460 ἐνώπιόν
3170 421 3263 459 σου
3285 404 3567 477 ἐποίησαοο

323 475 512 519 coram
559 474 612 523 te
642 467 771 527 Ieci.
812 491 833 526 ι
866 472 1005 530 Dum
1044 493 1176 534 vero
1222 482 1321 550 ait,
1363 483 1461 539 tibi
1506 487 1609 542 soli
1651 492 1895 558 peccavi,

321 549 435 609 non
467 555 676 617 idcirco
700 563 781 619 sic
796 565 1061 637 loquitur,
1094 572 1253 641 quasi
1286 549 1341 629 in
1376 575 1553 631 solum
1576 549 1745 635 Deum
1777 549 1899 652 pec:-

322 644 612 706 cavisset:
646 666 773 708 nam
821 671 1000 728 neque
1042 659 1381 732 blasphemia
1425 684 1604 739 neque
1652 644 1896 743 perjurio

321 745 500 804 neque
525 739 693 796 simili
720 742 1001 815 impietate
1028 763 1087 805 se
1105 752 1496 823 obstrinxerat,
1523 767 1581 815 ut
1600 739 1893 833 quisquam

321 826 517 883 merito
556 830 898 891 existimaret
934 839 1006 894 ab
1055 855 1122 897 eo
1166 844 1433 905 adversus
1483 849 1656 908 Deum
1720 853 1892 912 fuisse

319 924 626 982 peccatum.
672 918 895 989 Verum,
922 927 969 982 si
994 929 1157 998 plane
1187 934 1336 1005 loqui
1368 939 1528 1006 licet,
1558 957 1893 1017 magnopere

312 1015 639 1072 peccaverat
683 1010 740 1066 in
789 1012 1141 1089 Bersabeam,
1190 1026 1426 1083 maxime
1460 1028 1518 1084 in
1571 1010 1781 1101 Uriam,
1830 1035 1889 1091 in

314 1095 509 1165 primis
549 1116 682 1158 vero
723 1116 916 1163 contra
970 1126 1127 1168 suam
1177 1117 1439 1175 animam.
1484 1119 1597 1177 Cur
1639 1140 1769 1197 ergo
1796 1127 1889 1184 hic

314 1190 413 1257 ait,
443 1192 545 1248 tibi
575 1195 678 1252 soli
700 1203 963 1268 peccavi?
990 1203 1197 1279 Nempe
1228 1211 1482 1269 existimo
1520 1230 1647 1271 eum
1687 1190 1889 1276 intelli-

311 1295 438 1350 gere
463 1302 476 1339 :
506 1284 605 1341 tibi
634 1289 740 1343 soli
769 1299 959 1348 notum
1008 1295 1113 1352 fuit
1159 1309 1443 1370 peccatum
1468 1321 1669 1363 meum.
1707 1309 1886 1368 Mani-

311 1372 506 1432 l'estius
536 1376 702 1448 igitur
741 1383 892 1438 addit
921 1405 933 1440 :
963 1406 981 1438 ‹
1006 1386 1066 1444 et
1095 1392 1301 1448 malum
1355 1410 1536 1453 meum
1586 1416 1774 1458 coram
1830 1413 1885 1464 te

309 1464 435 1522 feci.
474 1487 495 1521 ι
534 1469 830 1531 Hominum
871 1480 1071 1551 quippe
1124 1485 1310 1543 nullus
1349 1490 1486 1546 mihi
1538 1492 1706 1551 timor
1742 1510 1880 1569 erat,

305 1558 414 1616 nisi
436 1567 564 1618 tuus
610 1564 931 1638 ingruisset.
984 1572 1351 1636 Prosternens
1392 1581 1561 1653 igitur
1610 1587 1762 1644 humi
1801 1558 1882 1646 fa;

305 1650 467 1720 ciem,
503 1654 646 1712 haud
678 1669 806 1717 ante
831 1673 1210 1722 surrecturum
1246 1686 1307 1727 se
1331 1673 1428 1740 ait,
1459 1691 1623 1746 quam
1646 1684 1875 1752 gratiam

2000 493 2176 564 λέγων
2205 496 2282 561 δὲ,
2314 497 2397 551 σοὶ
2432 499 2578 570 μόνῳ
2603 499 2872 572 ἥμαρτον,
2903 499 2965 553 ού
2997 497 3157 553 τοῦτό
3184 514 3352 570 φησιν
3378 498 3461 551 ὅτι
3493 499 3575 560 είς

1996 588 2088 643 τὸν
2116 589 2250 644 Θεὸν
2275 591 2521 663 ἥμαρτον
2549 591 2740 663 μόνον’
2773 591 2899 656 ᾧτε
2919 592 3031 665 γὰρ
3061 590 3427 663 βλασφημίας,
3448 588 3573 645 οὕτε

1994 679 2298 752 ἐπιορκίας,
2326 680 2449 735 οὕτε
2479 683 2735 755 τοιαύτης
2754 683 2899 748 τινὸς
2925 683 3179 747 ἀσεϐείας
3203 684 3233 735 ὁ
3252 681 3457 754 τρόπος
3477 681 3575 735 αὖ·

1990 769 2086 824 τοῦ
2113 772 2217 842 τῆς
2250 774 2543 846 ἁμαρτίας,
2574 775 2661 830 ἵνα
2693 793 2778 839 τις
2818 776 3077 830 ὑπολάϐοι
3117 775 3277 830 αὑτὸν
3326 778 3409 838 είς
3437 774 3573 828 Θεὸν

1993 862 2372 932 ἡμαρτηκέναι
2401 878 2414 892 ⁶
2442 864 2556 918 ἀλλ’
2587 866 2635 918 εἰ
2663 865 2770 937 χρὴ
2799 867 3003 933 εἰπεῖν,
3036 865 3106 919 τὰ
3141 862 3351 937 μέγάλα
3382 864 3569 934 ἦμαρ⁴

1989 969 2081 1008 τεν
2107 956 2188 1018 είς
2218 954 2315 1027 τὴν
2336 956 2637 1029 Βηρσαϐεὲ,
2664 958 2734 1012 τά
2762 959 2994 1030 μέγιστα
3021 958 3080 1012 δὲ
3109 957 3205 1013 καὶ
3236 960 3319 1021 εἰς
3338 956 3430 1011 τὸν
3463 956 3571 1009 Οὐι-

1993 1045 2146 1116 ρίαν,
2178 1042 2331 1120 ύπὲρ⁶
2352 1049 2530 1103 πάντα
2558 1050 2617 1103 δὲ
2648 1052 2727 1114 είς
2747 1050 2847 1122 τὴν
2872 1048 3064 1104 ἑαυτοῦ
3083 1049 3260 1121 ψυχήν
3276 1067 3291 1078 ·
3328 1047 3447 1112 πῶς
3470 1042 3567 1101 οὗν

1988 1136 2406 1211 ὲνταῦθάφησι,
2439 1141 2521 1194 σοὶ
2562 1141 2705 1213 μόνῳ
2742 1143 3019 1213 ἥμαρτον;
3067 1141 3182 1195 ἀλλ’
3218 1136 3373 1211 οἶμαι
3417 1138 3566 1193 τοῦτ’

1986 1227 2147 1280 αὑτὸν
2175 1228 2373 1298 λέγειν,
2405 1231 2487 1285 ὅτι
2535 1247 2619 1284 σοι
2680 1232 2824 1303 μόνῳ
2854 1232 3121 1301 ἔγνωσται
3153 1230 3216 1283 τὸ
3255 1230 3567 1302 ἁμάρτημά

1988 1334 2111 1389 μου.
2165 1321 2446 1392 Ἐπιφέρει
2494 1322 2626 1392 γοῦν
2673 1323 2735 1377 τὺ
2788 1323 3122 1396 σαφέστερον
3154 1324 3213 1376 ὲν
3243 1320 3352 1393 τῷ⁶
3390 1342 3411 1374 ι
3451 1322 3565 1374 Καὶ

1983 1408 2043 1462 τὸ
2069 1410 2301 1482 πονηρὸν
2330 1411 2559 1467 ἐνώπιόν
2600 1430 2691 1467 σου
2729 1415 2980 1486 ἐποίησα.
3017 1432 3036 1466 ι
3080 1411 3405 1485 Ἀνθρώπων
3451 1413 3564 1485 γάρ

1982 1501 2154 1566 οὐδείς
2205 1520 2294 1575 μοι
2352 1504 2513 1574 φόϐος
2540 1500 2630 1578 ἦν,
2663 1508 2712 1558 εἰ
2765 1506 2840 1578 μὴ
2870 1508 2899 1561 6
2930 1506 3023 1569 σὸς
3069 1505 3321 1559 ἐπέκειτο
3370 1503 3558 1575 φόϐος.

1956 1628 1964 1636 ι
1994 1594 2183 1664 Ῥίψας
2209 1595 2340 1665 γοῦν
2363 1593 2553 1651 ἑαυτὸν
2575 1598 2667 1650 ἐπὶ
2693 1598 3008 1671 πρόσωπον,
3036 1598 3096 1651 οὐ
3122 1597 3387 1667 πρότερον
3426 1596 3561 1649 ἀναν-

1983 1686 2278 1757 στήσεσθαί
2312 1705 2477 1760 φησιν
2498 1730 2514 1755 ,
2551 1691 2585 1761 ἢ
2622 1692 2805 1760 τυχεῖν
2833 1689 2930 1761 τῆς
2963 1687 3263 1754 ἀξιώσεως.
3298 1687 3413 1742 Καὶ
3439 1702 3561 1740 συνεί

303 1754 696 1817 consequatur.
730 1750 796 1806 Et
824 1767 1248 1827 comprecantur
1275 1764 1325 1819 ei
1353 1750 1671 1842 quicunque
1692 1774 1858 1832 faven‘

1977 1750 2225 1850 εύχονταί
2256 1750 2509 1853 γεἀὐτῷ
2534 1750 2735 1846 πάντες
2756 1783 2805 1836 oi
2835 1750 3055 1850 ἀγαθῷν
3084 1750 3356 1852 συνεργοὶ,
3377 1794 3562 1852 παρα-ο

302 1834 554 1894 felicitati
588 1843 729 1913 ejus,
765 1857 1031 1919 orantque
1065 1859 1122 1904 ut
1157 1854 1266 1909 voti
1309 1834 1536 1929 co—mpos
1571 1834 1686 1919 fiat.
1739 1865 1875 1924 Pro-

300 1937 487 1999 pterea
508 1931 714 1990 dictum
739 1946 824 1994 est
853 1940 907 1994 in
940 1944 1218 2002 tricesimo
1244 1949 1421 2018 primo
1465 1956 1676 2023 psalmo
1697 1974 1866 2031 supra

299 2025 658 2082 centesimum
688 2048 700 2084 :
734 2047 754 2082 ι
792 2029 1096 2101 Memento,
1140 2038 1369 2097 Domine
1395 2082 1410 2106 ,
1463 2043 1634 2101 David
1664 2058 1718 2105 et
1753 2025 1874 2107 om-

297 2114 387 2171 nis
448 2122 890 2179 mansuetudinis
942 2127 1084 2197 ejus.
1146 2127 1301 2186 Sicut
1350 2135 1557 2205 juravit
1617 2137 1869 2211 Domino,

297 2213 485 2263 votum
514 2211 665 2266 vovit
690 2212 803 2270 Deo
838 2215 1027 2274 Jacob.
1072 2219 1130 2275 Si
1160 2224 1424 2282 introiero
1451 2228 1505 2282 in
1540 2231 1870 2289 tabernacu-

296 2300 410 2355 lum
472 2302 669 2362 domus
725 2314 949 2375 meae,si
1005 2318 1306 2375 ascendere
1365 2322 1418 2377 in
1464 2325 1665 2381 lectum
1710 2331 1869 2385 strati

297 2392 441 2460 mei;
499 2395 548 2450 si
591 2397 733 2453 dabo
786 2416 1039 2459 somnum
1095 2411 1268 2465 oculis
1316 2415 1453 2469 meis
1495 2423 1550 2472 et
1590 2418 1868 2490 palpebris

294 2484 431 2542 meis
481 2488 946 2562 dormitationem,
981 2498 1158 2555 donec
1208 2501 1483 2560 inveniam
1538 2507 1716 2565 locum
1758 2510 1868 2569 Do-

291 2578 463 2645 mino,
496 2582 909 2642 tabernaculum
936 2587 1047 2647 Deo
1076 2589 1247 2651 Iacob
1264 2595 1331 2652 δ’.
1367 2616 1387 2650 ι

358 2690 413 2745 4.
459 2692 597 2749 Dum
628 2696 721 2754 ille
754 2699 837 2755 sic
867 2709 989 2758 orat
1021 2712 1183 2777 atque
1215 2705 1443 2765 allii-mat
1485 2728 1544 2770 se
1587 2730 1696 2771 non
1736 2724 1864 2776 ante

288 2799 648 2844 ascensurum
699 2791 756 2846 in
814 2794 1015 2849 lectum
1063 2800 1223 2855 Strati
1251 2802 1359 2871 sui,
1412 2821 1590 2876 neque
1638 2810 1860 2868 domum

287 2889 443 2929 suam
470 2876 868 2949 ingressurum,
904 2885 1127 2956 lnstlpet‘
1154 2902 1213 2945 se
1240 2906 1347 2946 non
1380 2893 1637 2952 daturum
1673 2902 1858 2972 palpe-

286 2965 402 3022 bris
436 2969 552 3025 suis
585 2969 1056 3045 dormitationem,
1088 2978 1263 3037 donec
1300 2985 1572 3042 invenerit
1612 2965 1858 3048 futurum

285 3057 499 3117 Domini
535 3064 752 3135 locum;
788 3067 1128 3126 demonstrat
1156 3073 1207 3129 ei
1250 3075 1515 3135 Dominus
1563 3080 1850 3142 Bethlebe-

282 3168 454 3208 mum.
493 3154 790 3227 Propterea
838 3170 962 3229 post
1006 3165 1126 3235 ejus
1164 3182 1388 3236 precem
1433 3172 1470 3225 ii
1521 3174 1615 3243 qui
1668 3192 1853 3232 secum
1882 3208 1924 3265 ε

279 3252 442 3299 orant
471 3248 648 3301 sancti
678 3250 854 3320 angeli
887 3251 983 3307 Dei
1010 3255 1219 3311 addunt
1256 3276 1270 3312 :
1309 3276 1328 3309 ‹
1362 3259 1503 3317 Ecce
1540 3264 1853 3324 audivimus

278 3344 400 3385 eam
429 3332 488 3387 in
514 3331 814 3405 Ephratlta.
852 3361 872 3392 ι
907 3339 1081 3398 Porro
1130 3344 1410 3414 Ephratba
1466 3349 1851 3413 Betltlebemus

277 3432 381 3488 est,
416 3425 493 3480 uti
522 3436 713 3483 narrat
761 3429 975 3502 Moyses
1008 3435 1102 3490 ubi
1132 3438 1208 3491 ait
1237 3457 1249 3492 :
1288 3458 1307 3490 ‹
1337 3439 1548 3498 Mortua
1606 3455 1691 3503 est
1736 3448 1851 3504 Ra-

275 3512 419 3579 chel,
448 3524 502 3571 et
534 3517 748 3587 sepulta
784 3527 870 3575 est
902 3520 958 3575 in
993 3525 1077 3577 via
1107 3540 1228 3594 quae
1279 3526 1430 3582 ducit
1481 3528 1847 3603 prratham;

274 3605 397 3678 ipsa
442 3616 528 3664 est
555 3607 942 3669 Bethlehemus
964 3613 1031 3667 ”.
1075 3634 1094 3667 ι
1136 3615 1242 3673 Sed
1271 3627 1327 3674 et
1355 3619 1610 3678 Micbaaas
1641 3623 1848 3695 Ephra-

272 3698 424 3755 tbam
463 3701 539 3755 ait
576 3717 699 3758 esse
741 3702 1149 3762 Bethlehemum
1181 3728 1195 3764 :
1229 3728 1247 3761 ι
1283 3709 1349 3766 Et
1379 3719 1439 3765 tu
1461 3751 1477 3776 ,
1529 3713 1844 3775 Bethlehem

270 3790 467 3849 domus
492 3793 800 3864 Ephratlne,
829 3813 1171 3870 nequaquam
1198 3802 1424 3858 minima
1448 3819 1509 3860 es
1557 3807 1610 3861 in
1640 3809 1846 3877 princi-

269 3886 431 3957 pitius
455 3884 693 3942 Iudae“.
733 3906 753 3941 ο
795 3887 998 3947 Deinde
1020 3901 1140 3947 orat
1199 3893 1368 3950 David
1421 3911 1530 3951 non
1574 3900 1752 3955 solum
1784 3912 1844 3958 ut

267 3985 562 4050 cognoscat
596 3977 811 4039 Domini
832 3980 1036 4048 locum,
1070 3984 1167 4039 sed
1203 3989 1368 4040 etiam
1419 3988 1643 4044 ubinam
1701 3991 1844 4048 l'utu-

267 4087 391 4127 rum
446 4071 520 4127 sit
552 4071 975 4134 .tabernaculum
1023 4075 1164 4148 ejus,
1216 4075 1654 4136 Tabernaculum
1706 4099 1839 4140 vero

265 4170 396 4219 sunt
431 4165 641 4219 exuviae
677 4173 733 4220 et
787 4181 1011 4237 corpus,
1059 4169 1205 4239 quod
1267 4171 1370 4227 sibi
1431 4172 1526 4230 Dei
1600 4174 1835 4232 Verbum

263 4255 479 4311 ascivit.
511 4254 576 4310 Et
610 4255 679 4311 de
725 4256 846 4312 loco
871 4259 1089 4328 quidem
1134 4270 1283 4317 recte
1332 4267 1836 4336 praenuntiaverunt

261 4344 507 4406 dicentes
539 4365 553 4402 :
586 4365 606 4400 ι
646 4346 788 4405 Ecce
819 4350 1130 4407 audivimus
1156 4368 1275 4416 eam
1309 4355 1362 4408 in
1396 4355 1758 4427 Ephratba“.
1808 4380 1827 4413 ι

258 4435 337 4493 De
386 4439 736 4495 tabernaculo
778 4449 957 4497 autem
995 4459 1124 4500 mox
1190 4445 1532 4516 subjiciunt:
1562 4470 1580 4503 ι
1614 4449 1830 4509 Juravit

1976 1870 2268 1937 καλοῦντες
2289 1874 2710 1946 είσακουσθῆναι
2742 1875 2907 1929 αὐτόν
2925 1894 2936 1905 ·
2968 1873 3050 1928 διὸ
3080 1872 3297 1946 εῐρηται
3339 1874 3400 1926 ἒν
3421 1871 3559 1927 ἐκαι-

1972 1969 2146 2041 τοστῷ
2172 1969 2477 2040 τριακοστῷ
2501 1968 2700 2041 πρώτῳ
2722 1968 2922 2041 ψαλμῷ
2939 1986 2954 2000 ο
2978 1988 2997 2020 ι
3024 1968 3331 2040 Μνήσθητι,
3354 1969 3553 2040 Κύριε,

1971 2059 2066 2113 τοῦ
2093 2060 2256 2115 Δαϐὶδ
2276 2066 2368 2115 καὶ
2395 2061 2576 2132 πάσης
2600 2062 2699 2132 τῆς
2721 2062 3029 2134 πραότητος
3047 2059 3214 2116 αὑτοῦ
3228 2077 3241 2091 ’
3264 2061 3341 2123 ὠς
3367 2058 3554 2130 ὤμοσε

1970 2151 2050 2223 τῷ
2086 2153 2295 2225 Κυρίῳ,
2325 2151 2527 2223 ηὕξατο
2558 2152 2637 2223 τῷ
2656 2152 2777 2225 Θεῷ
2821 2151 3032 2207 Ἰακώϐ.
3067 2153 3131 2206 El
3172 2150 3554 2221 εἰσελεύσομαι

1969 2242 2051 2308 είς
2108 2247 2370 2317 σκήνωμα
2401 2245 2551 2300 οίκου
2584 2263 2707 2318 μου,
2744 2249 2795 2300 εί
2827 2247 3168 2319 ἀναϐήσομαι
3220 2246 3314 2300 ἐπὶ
3361 2244 3554 2314 κλίνης

1972 2339 2263 2411 στρωμνῆς
2322 2356 2445 2411 μου,
2486 2341 2536 2393 εί
2574 2339 2730 2394 δώσω
2757 2340 2923 2396 ὕπνον
2949 2343 3061 2404 τοῖς
3089 2337 3390 2410 ὀφθαλμοῖς
3444 2354 3550 2408 μου

1969 2430 2195 2497 καὶτοῖς
2227 2432 2515 2505 βλεφάροις
2555 2450 2656 2505 μου
2681 2433 3015 2505 νυσταγμὸν,
3054 2433 3159 2497 ἕως
3185 2426 3248 2486 οὕ
3276 2430 3424 2503 εὕρω
3453 2430 3549 2484 τό-

1967 2540 2067 2578 πον
2099 2524 2176 2595 τῷ
2206 2524 2415 2596 Κυρίῳ,
2453 2526 2716 2598 σκήνωμα
2741 2524 2821 2597 τῷ
2854 2524 2974 2597 Θεῷ
3023 2523 3237 2579 Ἰακώϐ.
3274 2543 3294 2575 ›

2033 2716 2094 2777 δ’.
2124 2723 2309 2789 Οὕτως
2333 2725 2390 2778 δὲ
2418 2724 2566 2797 αύτῷ
2587 2725 2868 2798 εὐξαμένῳ
2883 2726 2978 2780 καὶ
3002 2720 3546 2798 διαϐεϐαιωσαμὼῳ,

1962 2817 2045 2870 ὃτι
2083 2817 2156 2889 μὴ
2203 2817 2466 2890 πρότερον
2522 2818 2849 2890 ἀναϐήσεται
2895 2819 2989 2872 ὲπὶ
3019 2817 3205 2889 κλίνης
3252 2813 3546 2889 στρωμνῆς

1962 2903 2149 2976 αὐτοῦ,
2189 2910 2271 2963 ὅτι
2299 2927 2358 2963 τε
2378 2910 2486 2964 οὑκ
2514 2905 2881 2964 εἰσελεύσεται
2928 2911 3008 2973 εἰς
3043 2908 3133 2963 τὸν
3163 2904 3313 2962 οἷκον
3344 2905 3539 2971 αὐτοῦ,

1960 3000 2055 3052 καὶ
2087 2998 2167 3053 ἔτι
2197 2995 2256 3053 οὐ
2290 2998 2448 3054 δώσει
2482 3003 2596 3066 τοῖς
2643 3000 2932 3074 βλεφάροις
2987 2999 3152 3054 αὑτοῦ
3203 2997 3538 3070 νυσταγμὸν,

1960 3090 2064 3154 ἕως
2081 3082 2141 3145 οὕ
2168 3086 2303 3165 εὕρῃ
2340 3092 2431 3147 τὸν
2470 3093 2734 3165 μέλλοντα
2758 3093 2852 3147 τοῦ
2881 3094 3089 3166 Κυρίου
3112 3092 3296 3160 τόπον,
3324 3093 3538 3147 δείκνυ-

1960 3200 2043 3238 σιν
2065 3184 2093 3236 ὁ
2123 3183 2325 3257 Κύριος
2346 3184 2495 3257 αὐτῷ
2521 3185 2619 3257 τὴν
2649 3182 2924 3257 Βηθλεέμ·
2955 3185 3035 3240 διὸ
3073 3184 3208 3257 μετά
3247 3184 3347 3257 τὴν
3371 3184 3541 3257 εὐχὴν

1964 3275 2346 3347 συνευξάμενοι
2382 3277 2531 3349 αύτῷ
2575 3279 2708 3351 ἱεροὶ
2749 3278 2967 3347 ἄγγελοι
3014 3277 3146 3332 Θεοῦ
3193 3277 3538 3346 ἐπιλέγουσιν

1959 3363 2114 3441 ὲξῆςδ
2144 3389 2162 3420 ι
2203 3369 2332 3422 Ἰδοὺ
2350 3370 2661 3440 ἠκούσαμεν
2692 3369 2857 3441 αὐτὴν
2892 3371 2949 3423 ἐν
2982 3368 3241 3440 Ἑφραθᾷ.
3274 3389 3292 3419 ι
3337 3368 3535 3438 Ἐφρα-

1959 3457 2029 3511 θά
2061 3458 2119 3512 δέ
2155 3461 2302 3512 ἐστιν
2336 3460 2655 3531 ήΒηθλεὲμ,
2687 3460 2763 3524 ὡς
2805 3458 3008 3532 ἱστορεῖ
3038 3459 3279 3530 Μωῦσῆς
3321 3456 3530 3526 λέγων’

1962 3568 1980 3600 ι
2013 3549 2275 3603 Ἀπέθανε
2297 3545 2352 3604 δὲ
2417 3549 2641 3623 Ῥαχὴλ,
2681 3553 2775 3605 καὶ
2820 3550 2993 3623 ἐτάφη
3015 3552 3073 3604 ἐν
3099 3549 3204 3621 ὁδῷ
3249 3549 3527 3622 Ἐφραθᾶ·

1954 3640 2090 3713 αὕτη
2118 3642 2233 3695 ἐστὶ
2274 3641 2542 3714 Βηθλεέμ.
2603 3664 2622 3695 ι
2676 3643 2833 3697 Ἀλλά
2866 3644 2960 3697 καὶ
2985 3643 3225 3714 Μιχαίας
3254 3642 3390 3714 φησὶ
3431 3640 3532 3714 τὴν

1967 3734 2205 3805 Ἐφραθὰ
2234 3730 2373 3789 εἶναι
2412 3728 2679 3808 Βηθλεὲμ,
2714 3733 2887 3805 λέγων
2907 3754 2920 3766 ·
2963 3754 2982 3788 t
3022 3735 3132 3789 Καὶ
3164 3734 3253 3801 σὺ,
3284 3734 3530 3806 Βηθλεὲμ

1950 3822 2095 3892 οἶκος
2120 3827 2213 3880 τοῦ
2251 3827 2514 3901 Ἐφραθᾶ,
2541 3828 2791 3899 οὐδαμῶς
2815 3823 2867 3881 εἴ
2890 3828 3147 3900 ἐλαχίστη
3170 3828 3230 3882 ὲν
3258 3829 3372 3892 τοῖς
3407 3825 3528 3899 ἦγε-

1952 3918 2110 3988 μόσιν
2141 3918 2330 3973 Ἰούδα.
2375 3937 2393 3971 ι
2419 3916 2553 3973 Εἶτα
2580 3920 2846 3988 ἐπεύξατο
2875 3923 2904 3974 ὁ
2933 3920 3097 3975 Δαϐὶδ
3134 3921 3197 3973 ού
3239 3921 3401 3992 μόνον
3433 3919 3527 3973 τὸν

1946 4008 2109 4063 τόπον
2139 4009 2339 4079 γνῶναι
2372 4008 2466 4064 τοῦ
2500 4010 2731 4081 Κυρίου,
2768 4012 2905 4065 ἀλλὰ
2933 4012 3030 4066 καὶ
3058 4011 3120 4065 τὸ
3144 4012 3411 4083 σκήνωμα
3428 4011 3526 4065 ab.

1944 4100 2038 4153 τοῦ
2068 4101 2261 4155 ὁπόθεν
2285 4101 2436 4155 ἔσται
2455 4119 2469 4133 ·
2496 4103 2760 4173 σκήνωμα
2782 4100 2840 4157 δὲ
2862 4097 2923 4156 τὸ
2941 4103 3137 4174 σκῆνος
3161 4098 3254 4157 καὶ
3278 4098 3338 4157 τὸ
3366 4103 3527 4175 σῶμα

1943 4194 1971 4247 ὃ
1998 4194 2285 4266 ἀνείληφεν
2312 4197 2340 4249 ό
2363 4193 2456 4247 τοῦ
2487 4193 2621 4247 Θεοῦ
2644 4195 2814 4263 Λόγος
2839 4195 3116 4266 τυγχάνειο
3143 4190 3369 4258 εἰκότως
3393 4196 3524 4267 περὶ

1946 4285 2043 4356 μὲν
2096 4286 2187 4340 τοῦ
2235 4287 2400 4341 τόπου
2452 4287 2901 4360 προαπήγγειλαν
2959 4288 3267 4357 φήσαντες’
3322 4306 3341 4338 ι
3386 4287 3521 4340 Ἰδοὺ

1940 4376 2253 4449 ἠκούσαμεν
2283 4379 2451 4451 αὐτὴν
2477 4381 2533 4434 ἐν
2575 4378 2838 4451 Ἐφραθᾷ.
2872 4398 2890 4431 ›
2927 4378 3066 4450 Περὶ
3092 4379 3149 4433 δὲ
3184 4378 3278 4431 τοῦ
3309 4378 3521 4450 σκηνώ-

1942 4488 2109 4542 ματος
2156 4471 2284 4543 ἑξῆς
2308 4472 2649 4541 ἐπιλέγουσιν
2676 4472 2858 4543 αὐτῷ·
2898 4491 2917 4523 ι
2954 4473 3155 4543 Ὧμοσε
3185 4472 3391 4542 Κύριος

258 4527 525 4588 Dominus
580 4531 773 4588 Davidi
820 4535 1145 4604 veritatem,
1198 4548 1256 4594 et
1304 4555 1416 4595 non
1464 4541 1858 4616 frustrabitur‘

1964 4527 2105 4614 0516'
2124 4527 2401 4635 ἀλήθειαν,
2430 4527 2525 4618 καὶ
2555 4564 2615 4617 ού
2655 4563 2730 4636 μὴ
2763 4529 3003 4634 ἀθετήσῃ
3025 4527 3211 4633 ,αὐτήν
3236 4580 3247 4590 ·
3276 4565 3342 4616 ὲκ
3375 4582 3518 4636 καρ-

254 4637 413 4699 eam;
440 4624 509 4680 de
556 4625 740 4690 fructu
783 4629 996 4684 ventris
1039 4631 1118 4685 tui
1172 4647 1370 4702 ponam
1428 4651 1594 4706 super
1641 4639 1825 4699 sedem

254 4725 426 4772 tuam.
471 4736 490 4769 ι
523 4716 736 4782 Quibus
766 4720 949 4777 verbis
974 4720 1304 4785 admonetur
1336 4725 1506 4787 David
1532 4770 1547 4794 ,
1604 4730 1723 4792 fore
1768 4742 1827 4792 ut

256 4807 593 4882 destinatum
638 4809 871 4866 Domino
920 4815 1335 4890 tabernaculum
1369 4820 1580 4880 fructus
1632 4826 1703 4897 sit
1758 4842 1824 4901 ei;

245 4900 370 4970 ejus
400 4901 570 4972 stirpe
601 4902 904 4974 gignendus

990 5047 1076 5103 IX.

505 5157 618 5216 Cur
646 5158 836 5215 Ruthw
869 5163 1164 5219 meminerit
1198 5167 1540 5237 evangelista.

316 5268 370 5328 1.
414 5271 615 5342 Quidni
645 5274 807 5332 divus
847 5276 1178 5349 Apostolus,
1236 5280 1331 5352 qui
1384 5284 1813 5356 alienigenarum

240 5368 484 5438 gentium
524 5370 869 5428 vocationem
894 5372 1093 5444 spiritu
1124 5374 1456 5444 pmvidebat
1481 5393 1581 5447 per
1628 5377 1810 5435 Evan-

241 5458 442 5526 gelium
474 5473 634 5514 suum
667 5460 929 5533 futuram,
962 5465 1179 5536 quidni,
1209 5467 1458 5538 inquam,
1496 5471 1813 5544 alienigenae

238 5549 456 5609 feminas~
493 5553 867 5611 meminisset?
896 5555 1217 5630 Alienigena
1260 5575 1396 5616 sane
1438 5571 1559 5619 erat
1608 5562 1811 5635 ﬂutba,

1932 4652 2034 4706 ποῦ
2067 4652 2168 4724 τῆς
2196 4654 2402 4718 κοιλίας
2441 4672 2535 4708 σου
2566 4654 2803 4726 θήσομαι
2831 4654 2922 4708 ἐπὶ
2950 4655 3040 4707 τὸν
3090 4654 3279 4726 θρόνον
3332 4672 3449 4709 σου.
3490 4676 3511 4708 ι

1928 4744 2006 4799 Δι’
2034 4738 2110 4799 ὧν
2142 4745 2450 4800 διδάσκεται
2491 4748 2521 4799 ό
2568 4746 2732 4812 Δαϐὶδ
2760 4747 2842 4800 ὃτι
2867 4746 2927 4799 τὺ
2959 4746 3147 4818 μέλλον
3169 4746 3389 4800 ἔσεσθαι
3414 4746 3513 4800 τοῦ

1927 4834 2132 4907 Κυρίου
2164 4837 2457 4908 σκήνωμα,
2494 4836 2523 4890 6
2572 4836 2783 4909 καρπὸς
2808 4832 2877 4908 ἦν
2903 4839 2932 4891 ὁ
2969 4839 3033 4891 ὲκ
3080 4837 3287 4902 κοιλίας
3339 4838 3511 4892 αὐτοῦ

1925 4927 2307 5003 γενησόμενος.

2665 5067 2740 5120 Θ¹.

1917 5176 2023 5232 Διὰ
2050 5178 2109 5232 τί
2141 5176 2255 5247 τῆς
2302 5177 2470 5234 Ῥοὺθ
2507 5180 2963 5252 ἐμνημόνευσεν
2985 5183 3018 5236 ὁ
3044 5180 3501 5252 εὐαγγελιστής.

1988 5298 2057 5345 α’.
2091 5291 2201 5346 Καὶ
2233 5292 2350 5357 πῶς
2394 5294 2494 5347 οὐκ
2539 5294 2765 5366 ἔμελλεν
2805 5297 2834 5350 6
2861 5295 3004 5360 θεῖος
3034 5295 3374 5360 Απόστολος,
3401 5297 3503 5367 τὴν

1915 5381 2025 5436 τῶν
2048 5383 2360 5454 ἀλλοφύλων
2398 5386 2569 5441 ὲθνῶν
2606 5388 2800 5458 κλῆσιν
2831 5388 2913 5461 τῷ
2943 5388 3213 5459 πνεύματι
3252 5388 3497 5460 προθεω·

1924 5474 2033 5548 ριῦν
2078 5474 2168 5530 διὰ
2197 5475 2291 5530 τοῦ
2324 5478 2527 5532 οἰκείου
2563 5478 2899 5550 Εὕαγγελίου
2941 5480 3349 5552 γενησομένην,
3398 5481 3499 5552 τῆς

1918 5566 2217 5637 ἀλλοφύλου
2242 5571 2636 5641 μνημονεύειν;
2674 5569 2966 5645 ἀλλόφυλος
2991 5574 3097 5648 γὰρ
3129 5577 3161 5647 ή
3211 5574 3367 5630 Ῥοῦθ
3402 5575 3495 5639 καὶ

310 5698 357 5736 ι’
399 5701 546 5771 Psai,
573 5720 756 5779 cxxxr,
788 5711 902 5766 ινδ.
969 5714 1012 5745 ’³
1042 5713 1173 5771 Gen.
1212 5731 1375 5785 xxxv,
1417 5716 1497 5774 l9.
1577 5719 1620 5753 ν’
1660 5719 1846 5777 Matth.

1985 5725 2035 5781 6.
2118 5725 2160 5757 ⁵³
2202 5723 2346 5784 Psal.
2382 5741 2565 5799 cxxxt,
2602 5728 2656 5785 6.
