3846 6220
296 210 404 271 917

846 206 1315 275 ΟΠᾸΞΒΤΙΟΝΕΒ
1348 205 1814 267 EVANGELICIE
1852 207 1876 261 Α

1983 204 2424 262 STEPHANUM.
2464 235 2534 246 —-
2569 202 2902 273 QUIESTIO
2937 203 3011 261 X.

3443 205 3554 265 918

295 333 359 399 ἐξ
411 331 724 400 ἀλλοφύλων
775 329 887 384 τῶν
937 330 1407 402 ἀπηγορευμένων
1455 331 1608 403 παρὰ
1658 331 1876 384 Meliboei

1983 338 2037 385 et
2086 330 2312 401 quidem
2349 345 2416 386 ex
2449 329 2523 386 iis
2565 329 2892 401 alienigenis
2938 342 3174 400 quorum
3223 330 3556 388 commercio

296 423 604 479 Μωαῦιτῶν
622 440 638 454 ο
671 441 690 475 ι
722 422 1010 477 Μωαϐῖται
1041 422 1170 493 γὰρ,
1196 423 1331 494 φησί
1350 460 1364 484 ,
1409 423 1505 476 καὶ
1550 421 1876 492 Ἀμμανῖται

296 517 400 570 οὑκ
426 514 822 569 εἰσελεύσονται
854 515 935 579 εἰς
970 514 1293 585 Ἐκκλησίαν
1326 514 1531 584 Κυρίου
1563 513 1666 577 ἕως
1690 514 1880 584 τρίτης

297 607 395 659 καί
415 606 682 677 τετάρτης
709 606 923 674 γενεᾶς,
954 607 1049 659 καὶ
1072 605 1177 669 ἕως
1204 606 1286 668 εἰς
1323 604 1415 659 τὸν
1448 603 1648 658 αἰῶνα·
1695 623 1714 655 ›
1740 604 1878 673 πλὴν

297 695 435 748 ἀλλὰ
464 696 559 748 καὶ
579 698 826 768 κρεῖττον
855 694 947 747 τοῦ
976 696 1142 764 νόμου
1168 694 1434 765 γενομένη
1460 693 1733 765 θεοφιλὴς,
1769 695 1881 747 εἰσ-

296 788 459 859 ῆλθεν
509 790 592 852 εἰς
635 788 958 858 Ἐκκλησίαν
999 790 1205 858 Κυρίου
1227 805 1240 818 ο
1271 787 1501 858 ἐπείπερ
1528 788 1557 839 ό
1582 787 1744 858 νόμος
1769 790 1881 849 τοῖς

296 883 356 934 ἐν
382 879 459 951 τῷ
490 880 640 951 νόμῳ
669 879 850 934 λαλεῖ·
891 899 910 931 ι
942 880 1146 951 Δικαίῳ
1177 880 1235 934 δὲ
1260 880 1423 951 νόμος
1441 881 1501 932 οὐ
1535 882 1730 943 κεῖται,
1766 858 1880 932 ἀλλ’

295 969 520 1039 ἀνόμοις
552 969 646 1023 καὶ
668 970 1080 1035 ἀνυποτάκτοις,
1103 970 1327 1023 ἀσεϐέσι
1357 971 1451 1024 καὶ
1476 969 1838 1041 ἁμαρτωλοῖς.
1854 990 1871 1021 ι

309 1058 376 1111 Ἡ
407 1058 465 1112 δὲ
507 1058 662 1113 ῗΡοῦθ
691 1060 753 1112 ού
798 1059 1051 1131 τοιαύτη,
1085 1063 1132 1113 εἰ
1167 1060 1261 1113 καὶ
1290 1060 1350 1113 τὸ
1374 1060 1533 1129 γένος
1584 1060 1880 1129 ἀλλόφυλος

295 1148 386 1222 ἦν,
413 1151 696 1223 ὑπερϐἄσα
718 1153 775 1206 δὲ
803 1153 895 1205 τὸν
912 1152 1187 1225 διορισμὸν
1209 1153 1301 1206 τοῦ
1332 1154 1518 1224 νόμου,
1549 1154 1644 1206 καὶ
1669 1152 1879 1225 εἰσελήι

295 1241 458 1296 λυθεν
511 1245 591 1306 εἰς
642 1244 742 1314 τὴν
787 1244 1113 1313 Ἐκκλησίαν
1143 1243 1371 1314 Κυρίου,
1420 1245 1514 1296 καὶ
1564 1243 1658 1296 τοῦ
1689 1243 1880 1311 γένους

295 1336 634 1407 ἐχρημάτισε
662 1337 755 1390 τοῦ
802 1336 1217 1409 Ἰσραηλιτικοῦ,
1242 1338 1336 1389 καὶ
1366 1339 1423 1389 ὲν
1445 1336 1729 1407 προγόνοις
1750 1337 1879 1389 ἀνα-

295 1424 568 1497 ληφθῆναι
595 1427 690 1481 τοῦ
719 1428 968 1499 Σωτῆρος
991 1427 1147 1499 ἡμῶν
1175 1427 1507 1498 κατηξιώθη,
1535 1427 1623 1480 διά
1649 1427 1746 1499 τὴν
1770 1428 1878 1483 τῶν

295 1518 551 1588 τρόπων,
596 1519 712 1573 ἀλλ’
742 1521 804 1573 οὐ
840 1521 927 1574 διὰ
969 1521 1066 1592 τὴν
1120 1519 1214 1575 τοῦ
1265 1521 1512 1593 σώματος
1556 1522 1833 1591 εὐγένειαν
1860 1541 1872 1554 ·

297 1608 434 1660 πᾶσί
486 1627 544 1663 τε
577 1612 711 1682 ἡμῖν
760 1614 875 1674 τοῖς
926 1610 986 1675 ἐξ
1036 1611 1204 1664 ἐθνῶν
1251 1612 1569 1681 ἀλλοφύλοις
1622 1614 1877 1684 μέγιστον

1984 421 2199 494 Moyses
2242 421 2623 484 interdixerat,
2662 437 2859 493 nempe
2891 420 3165 477 Moabitis.
3206 439 3227 472 ι
3262 420 3557 486 Moabitae,

1986 513 2183 585 inquit,
2216 522 2271 570 et
2299 514 2622 569 Ammonitae
2664 529 2776 569 non
2827 513 3114 569 intrabunt
3160 513 3218 568 in
3242 513 3338 569 Dei
3369 512 3560 570 Eccle-

1987 608 2124 662 siam
2157 622 2334 677 usque
2363 607 2432 663 ad
2475 607 2696 663 tertiam
2749 616 2803 663 et
2846 616 3096 677 quartam
3125 606 3559 678 generationem,

1988 699 2097 755 imo
2131 699 2185 753 in
2212 708 2477 754 aeternum
2494 699 2559 753 ιδ.
2600 718 2619 751 ι
2659 698 2767 755 Sed
2802 706 2983 752 tamen
3008 698 3124 753 haec
3149 698 3218 753 ob
3233 697 3558 768 religionem

1988 804 2142 843 suam
2171 787 2315 843 facta
2362 790 2467 861 legi
2497 789 2750 859 superior
2776 788 3025 859 ingressa
3057 797 3143 845 est
3169 790 3227 844 in
3252 787 3559 845 Ecclesiam

1988 877 2081 933 Dei
2114 896 2126 931 :
2162 878 2425 949 quoniam
2475 879 2562 934 lex
2603 894 2698 935 eos
2725 879 2819 950 qui
2857 878 2963 935 sub
3000 879 3119 950 lege
3144 887 3273 936 sunt
3317 878 3561 951 alloqui-s

1987 978 2077 1025 tur
2104 989 2118 1023 :
2157 988 2176 1021 ι
2207 968 2367 1025 Justo
2399 979 2579 1025 autem
2611 985 2722 1025 non
2749 979 2834 1026 est
2855 972 3154 1027 constituta
3185 971 3294 1039 lex,
3338 970 3436 1027 sed
3472 970 3560 1027 ill-

1981 1061 2151 1130 justis
2180 1069 2235 1117 et
2258 1060 2599 1118 refractariis
2631 1068 2685 1118 et
2711 1062 2896 1133 impiis
2937 1069 2992 1117 ει
3026 1060 3492 1132 peccatoribus".
3532 1076 3553 1115 ι

1985 1153 2166 1209 Rutha
2200 1170 2330 1210 vero
2344 1170 2456 1209 non
2481 1163 2602 1210 erat
2630 1154 2935 1226 ejusmodi,
2962 1153 3183 1211 etiamsi
3226 1158 3388 1225 gente
3424 1153 3558 1209 alie-

1985 1245 2179 1316 nigena
2208 1264 2220 1299 :
2254 1246 2350 1301 sed
2382 1260 2737 1317 supergressa
2786 1245 2924 1317 legis
2968 1244 3104 1301 ﬁnes
3146 1243 3206 1299 in
3254 1243 3560 1299 Ecclesiam

1984 1336 2080 1392 Dei
2114 1337 2382 1402 introivit,
2418 1344 2474 1393 et
2520 1337 2588 1393 de
2618 1352 2821 1409 genere
2863 1336 3053 1392 habita
3101 1343 3187 1394 est
3232 1334 3558 1402 Israelitico,

1984 1435 2149 1495 atque
2175 1426 2315 1482 inter
2339 1427 2720 1497 progenitores
2740 1425 3051 1483 Servatoris
3073 1425 3251 1482 nostri
3270 1424 3559 1498 dignanter

1984 1525 2266 1586 assumpta
2298 1523 2523 1587 pr0pter
2551 1530 2786 1583 morum,
2823 1531 2934 1570 non
2977 1515 3228 1586 corporis
3251 1554 3268 1582 ,
3298 1514 3559 1570 nobilita-

1985 1617 2091 1662 tem
2118 1627 2132 1663 :
2161 1607 2431 1679 nobisque
2461 1608 2717 1663 omnibus
2746 1623 2946 1679 genere
2970 1607 3191 1663 ethnico
3213 1606 3360 1662 natis
3390 1605 3561 1661 maxi-

297 1697 604 1769 ὑπόδειγμα
633 1702 892 1772 κατέστη,
926 1701 1006 1754 ῶι
1046 1700 1111 1772 δὴ
1157 1702 1319 1772 ὅμοια
1366 1702 1670 1773 πράξαντες
1717 1704 1874 1775 αὐτῇ,

1983 1715 2126 1754 mum
2156 1699 2431 1771 blijectum
2459 1706 2545 1755 est
2574 1700 2910 1772 exemplum,
2941 1700 3060 1755 fore
3092 1707 3151 1753 ut
3179 1699 3224 1755 si
3245 1698 3399 1769 paria
3426 1697 3559 1753 huic

295 1789 406 1845 τῶν
432 1789 560 1844 ἴσων
596 1792 746 1863 παρά
776 1792 853 1862 τῷ
874 1792 993 1863 Θεῷ
1014 1792 1335 1864 τευξόμεθα.

371 1882 438 1952 β’.
471 1884 713 1948 Εἰκότως
738 1881 831 1938 οῦν
862 1885 958 1957 τὴν
989 1885 1095 1939 τῶν
1120 1887 1432 1956 ἀλλοφύλων
1465 1888 1656 1961 κλῆσίν
1696 1907 1756 1943 τε
1787 1892 1880 1944 καὶ

295 1976 604 2045 εἰσποίησιν
640 1977 847 2047 μέλλων
898 1978 1386 2048 εὐαγγελίζεσθαι,
1435 1983 1501 2052 τῇ
1557 1982 1880 2053 γενεαλογίᾳ

294 2066 468 2139 αὐτὴν
503 2067 744 2122 τέθεικεν
764 2087 777 2099 ·
806 2070 951 2139 ἡμᾶς
978 2071 1106 2134 τοὺς
1134 2070 1192 2138 ἐξ
1230 2070 1400 2125 ἐθνῶν
1427 2071 1756 2142 ἀλλοφύλους
1786 2092 1880 2145 μο-

296 2160 509 2230 νονουχί
533 2158 802 2213 παιδεύων
821 2160 889 2213 δι’
923 2161 1115 2232 αὐτῆς,
1146 2163 1226 2216 ὅτι
1255 2162 1319 2234 δὴ
1360 2163 1430 2217 τὰ
1465 2165 1669 2236 πάτρια
1713 2183 1881 2219 κατα-

295 2251 568 2318 λιπόντες,
592 2254 818 2317 εἰκότως
847 2254 941 2307 καὶ
969 2255 1038 2308 τὰ
1070 2255 1339 2310 ἀκόλουθα
1368 2258 1450 2321 εἰς
1482 2259 1628 2328 ἡμᾶς
1657 2259 1762 2331 πλη
1774 2278 1878 2333 pw-

296 2343 526 2416 θησεται
549 2362 563 2376 ο
594 2344 777 2398 οὐκέτι
809 2344 917 2418 γὰρ
946 2346 1005 2399 ὲν
1029 2346 1348 2415 ἀλλοφύλοις
1372 2350 1876 2422 καταλεγησόμεθα,

298 2434 407 2488 οὐδ’
433 2433 494 2500 ἐξ
522 2434 838 2505 ἀλλοφύλων
862 2438 1296 2509 χρηματίσομεν,
1324 2439 1439 2493 ἀλλ’
1466 2441 1531 2495 ἐκ
1567 2442 1662 2495 τοῦ
1691 2443 1880 2512 ἀληθι-

297 2525 393 2579 νοῦ
440 2526 655 2598 Ἰσραὴλ
697 2527 792 2580 καὶ
842 2527 935 2580 τοῦ
999 2527 1128 2580 λαοῦ
1162 2528 1256 2581 τοῦ
1308 2529 1508 2602 κλήρου
1557 2530 1651 2585 τοῦ
1704 2532 1838 2586 Θεοῦ
1862 2551 1877 2564 ο

297 2620 612 2689 ἀναγκαίως
632 2619 695 2673 ’δὲ
725 2615 791 2674 αὖ
818 2620 980 2675 πάλιν
1010 2622 1256 2692 ἐμνήσθη
1289 2626 1387 2695 τῆς
1430 2624 1606 2689 Ῥοὺθ,
1638 2625 1707 2679 τὰ
1730 2627 1879 2680 αἴτια

296 2710 388 2764 διά
408 2708 510 2780 τῆς
536 2710 657 2764 κατ’
688 2712 850 2764 αὐτὸν
883 2713 1122 2784 ἱστορίας
1160 2713 1375 2780 διδάξας
1420 2716 1543 2769 τίνα
1577 2711 1646 2788 ἦν
1683 2717 1750 2770 τὰ
1783 2718 1878 2771 λύ-

300 2819 474 2857 σαντα
527 2803 626 2875 τὴν
679 2804 1049 2876 ἀπαγόρευσιν
1097 2803 1191 2858 τοῦ
1237 2806 1404 2876 νόμου
1456 2808 1556 2877 τὴν
1608 2810 1876 2878 φήσασαν,

307 2914 326 2947 ι
366 2895 651 2951 Μωαϐῖται
681 2897 780 2950 οὐκ
827 2882 1225 2952 εἰσελεύσονται
1261 2900 1341 2962 εἰς
1394 2899 1718 2971 Ἐκκλησίαν
1767 2902 1878 2954 Κυ-

303 2986 441 3056 ρίου.
480 3005 499 3038 ›
530 2987 725 3056 Γέγονε
755 2988 924 3060 γάρὴ
962 2990 1246 3053 Μωαϐῖτις
1289 2990 1365 3054 ὡς
1411 2992 1610 3063 Ῥαχὴλ
1661 2994 1756 3047 καὶ
1799 2995 1874 3059 ὡς

1980 1792 2198 1846 feminae
2228 1791 2517 1856 faciamus,
2541 1805 2729 1861 parem
2768 1793 3001 1862 gratiam
3031 1806 3062 1846 a
3095 1789 3206 1846 Deo
3230 1789 3555 1846 referamus.

2047 1885 2103 1940 2.
2143 1882 2315 1941 Recte
2372 1884 2540 1956 igitur
2587 1885 2683 1956 qui
2731 1884 3163 1951 alienigenarum
3211 1883 3559 1939 vocationem

1979 1981 2143 2044 atque
2173 1974 2521 2045 adoptionem
2546 1974 2903 2032 nuntiaturus
2925 1984 3066 2041 erat,
3099 1975 3244 2029 hanc
3269 1974 3324 2029 in
3356 1988 3558 2047 genea-

1982 2063 2123 2134 logia
2170 2064 2458 2119 mulierem
2511 2065 2726 2135 posuit;
2754 2081 2857 2121 nos
2911 2081 2980 2121 ex
3029 2065 3357 2137 alienigenis
3404 2073 3558 2121 ortos

1980 2157 2384 2226 quodammodo
2408 2174 2506 2229 per
2533 2174 2653 2216 eam
2690 2159 2949 2216 erudiens
2981 2158 3099 2215 fore
3124 2166 3185 2214 ut
3203 2200 3218 2225 ,
3272 2159 3320 2216 si
3347 2159 3558 2229 patrios

1980 2265 2160 2306 mores
2197 2250 2535 2317 deseramus,
2553 2250 2683 2321 jure
2708 2253 2916 2323 optimo
2936 2260 3308 2309 consentanea
3343 2253 3557 2308 meritis

1981 2343 2124 2398 bona
2147 2357 2555 2414 consequamur
2591 2360 2606 2398 :
2642 2360 2821 2416 neque
2844 2345 2993 2401 enim
3036 2346 3249 2401 diutius
3292 2345 3557 2417 alienige-

1982 2437 2069 2492 nis
2100 2439 2607 2504 annumerabimur,
2636 2454 2816 2509 neque
2853 2438 2942 2495 his
2981 2438 3202 2493 oriundi
3254 2438 3556 2510 appellabi-

1982 2541 2125 2590 mur,
2157 2527 2253 2581 sed
2289 2542 2358 2581 ex
2380 2541 2513 2582 vero
2543 2525 2746 2582 Israele
2791 2540 2857 2581 ac
2884 2527 3089 2597 populo
3122 2528 3218 2598 qui
3259 2536 3344 2584 est
3381 2526 3558 2584 haere-

1980 2618 2123 2674 ditas
2167 2617 2400 2673 Domini.
2441 2616 2655 2674 Rursus
2703 2619 3022 2675 necessario
3071 2617 3269 2677 Rutha:
3304 2618 3559 2674 meminit

1981 2709 2330 2780 evangelista,
2366 2709 2496 2765 dum
2520 2710 2575 2764 in
2601 2710 2836 2764 historia
2859 2726 2959 2766 sua
2993 2725 3192 2767 causas
3224 2711 3412 2775 tradit,
3431 2725 3555 2781 qua:

1983 2799 2119 2870 legis
2171 2801 2438 2856 tollebant
2495 2802 2848 2858 interdictum
2899 2802 3168 2872 ejusmodi
3194 2820 3213 2857 τι
3252 2822 3271 2854 ι
3303 2801 3556 2858 Moabitae

1983 2906 2093 2946 non
2140 2892 2425 2949 intrabunt
2474 2894 2529 2948 in
2572 2892 2880 2949 Ecclesiam
2925 2893 3043 2950 Dei.
3078 2915 3097 2948 ι
3132 2894 3359 2951 Femina
3405 2898 3556 2953 enim

1982 2982 2236 3040 lioabitis
2270 2984 2338 3039 ad
2370 2986 2741 3041 conditionem
2762 2986 2986 3042 transiit
3014 2984 3272 3045 Rachelis
3321 2995 3377 3045 et
3418 2989 3550 3053 Liaa,

298 3078 454 3143 Λεία,
489 3079 546 3131 αῖ
574 3078 930 3150 ᾠκοδόμησαν
967 3082 1274 3153 ἀμφότεραι
1306 3083 1396 3136 τὸν
1429 3080 1575 3137 οἶκον
1621 3086 1837 3157 Ἰσραήλ
1861 3102 1874 3115 ·

1983 3091 2213 3147 quarum
2265 3085 2498 3149 utraque
2545 3078 2836 3134 aediﬁcavit
2879 3078 3100 3134 domum
3149 3079 3388 3137 lsraelis.
3443 3081 3556 3137 Cur

299 3168 420 3233 πῶς
446 3169 504 3222 δὲ
534 3170 654 3240 οὐχὶ
681 3172 947 3244 χρήσιμος
976 3168 1045 3243 ἦν
1072 3177 1138 3245 τῇ
1158 3174 1251 3228 τοῦ
1294 3176 1545 3249 Σωτῆρος
1580 3178 1735 3249 ἡμῶν
1775 3181 1877 3249 Ἰη-

300 3260 397 3314 σοῦ
422 3262 658 3333 Χριστοῦ
694 3265 1015 3338 γενεαλογίᾳ
1045 3268 1077 3338 ἡ
1116 3270 1302 3340 μνήμη
1337 3270 1432 3340 τῆς
1469 3270 1647 3335 Ῥοὺθ,
1680 3272 1765 3340 ἐφ’
1809 3271 1876 3341 ἢν

299 3350 517 3422 εἴρηται
549 3369 567 3402 ι
595 3353 687 3404 καὶ
720 3353 780 3406 τὸ
820 3355 1041 3425 ποιῆσαι
1066 3355 1294 3426 δύναμιν
1328 3358 1385 3409 ὲν
1423 3357 1687 3428 Ἔφραθᾷ,
1725 3356 1876 3411 ἔσται

298 3440 469 3512 ὄνομα
498 3444 555 3496 ὲν
571 3444 814 3515 Βηθλεέμ
838 3462 853 3511 ;
881 3466 899 3497 ι
921 3447 1252 3517 προφητείας
1266 3447 1375 3520 γὰρ
1404 3448 1661 3519 ἄντικρυς
1676 3450 1876 3513 ταύτας

299 3534 524 3598 εἰκότως
552 3535 617 3589 ἄν
648 3553 732 3600 τις
760 3537 892 3608 φαίη
921 3539 1225 3608 τυγχάνειν,
1258 3539 1317 3593 τὸ
1343 3542 1407 3594 ὲκ
1438 3540 1683 3612 Βηθλεὲμ
1705 3542 1875 3612 ὄνομα

297 3626 360 3678 τὸ
384 3626 533 3697 παρὰ
564 3627 641 3698 τῷ
666 3629 926 3700 Ματθαίῳ
947 3630 1420 3702 γενεαλογουμένῳ
1453 3633 1628 3705 Ἰησοῦ
1659 3634 1876 3706 Χριστῷ

296 3716 621 3783 ἐξάκουστον
642 3721 723 3783 εἰς
748 3721 855 3774 πᾶν
874 3722 1030 3791 γένος
1058 3723 1361 3795 ἀνθρώπων
1392 3725 1754 3797 θεωρῶνλκαὶ
1777 3727 1876 3798 τὴν

299 3810 358 3862 ὲν
418 3810 661 3882 Ἑφραθᾷ
709 3813 1005 3885 γενομένην
1059 3814 1326 3886 δύναμιν·
1379 3816 1444 3870 δι’
1473 3812 1541 3888 ἦς
1594 3818 1876 3889 δυνάμεως

299 3900 478 3955 πάντα
522 3901 591 3954 τὰ
621 3902 746 3973 ἔθνη
778 3904 871 3956 τὸν
908 3906 970 3956 ἐκ
1017 3906 1115 3976 τῆς
1180 3906 1334 3959 Ῥοὺθ
1386 3909 1875 3980 γενεαλογούμενον

299 3991 534 4062 Χριστὸν
564 3991 658 4045 τοῦ
692 3994 826 4046 Θεοῦ
856 3997 1163 4064 ἐπιγνόντα,
1206 4000 1276 4053 δι’
1314 3999 1475 4053 αὐτοῦ
1509 4002 1609 4070 τῆς
1646 4003 1742 4072 μὲν
1772 4020 1877 4056 πα-

298 4080 481 4151 τρῴας
507 4083 739 4154 ἀπέστη,
760 4085 858 4155 τῆς
901 4087 1054 4140 Ῥοὺθ
1092 4089 1488 4162 παραπλησίως
1511 4131 1526 4157 ,
1570 4091 1648 4162 τῷ
1670 4092 1725 4144 δὲ
1758 4093 1876 4163 Θεῷ

298 4172 394 4224 τοῦ
439 4174 655 4245 Ἰσραὴλ
681 4176 847 4231 ἑαυτά
886 4178 1241 4244 ἐπιδέδωκεν,
1278 4182 1479 4253 ὁμοίως
1510 4184 1644 4255 αὐτῇ
1682 4184 1890 4238 πάλιν”

300 4255 375 4315 ὧν
429 4264 593 4316 ἓνεκά
629 4283 717 4336 μοι
754 4268 902 4321 δοκεί
946 4270 1045 4322 οὐκ
1096 4271 1476 4340 ἀσυλλόγιστος
1508 4275 1540 4344 ἡ
1576 4274 1876 4345 παράθεσις

299 4354 399 4423 τῆς
444 4354 598 4408 Ῥοὺο
627 4359 684 4412 ἐν
717 4362 782 4429 τῇ
822 4358 915 4412 τοῦ
957 4361 1235 4416 Ματθαίου
1275 4363 1638 4436 παρειλῆφθαι
1687 4382 1876 4434 γενεα-

300 4444 479 4517 λογίᾳ.

1050 4568 1114 4619 ιν.

298 4672 401 4726 Διὰ
436 4673 494 4727 τί
519 4673 626 4729 τὸν
660 4675 925 4747 Ἰωακεὶμ
964 4680 1255 4755 Ἰεχονίαν
1284 4681 1548 4752 ὀνομάζει
1574 4687 1606 4737 ό
1631 4687 1873 4755 εὐαγγε-

968 4750 1204 4817 λιστής.

366 4861 445 4907 α’.
480 4855 758 4929 Διώνυμος
789 4854 940 4925 οὗτος
965 4858 1033 4933 ἦν
1053 4879 1066 4892 ο
1093 4861 1205 4915 ἀλλ’
1231 4863 1353 4916 ἐπεὶ
1381 4864 1522 4917 κατὰ
1542 4865 1632 4917 τὸν
1656 4865 1869 4937 προφή-

295 4961 393 5014 την
434 4944 701 5019 Ίερεμίαν
742 4950 993 5022 Ἰεχονίας
1026 4952 1345 5024 ὀνομασθεὶς
1380 4954 1730 5025 διακέκληται
1756 4994 1769 5019 ,
1800 4955 1870 5008 δι’

292 5029 368 5088 ὧν
390 5054 574 5107 φησιν,
605 5058 623 5091 ι
648 5042 923 5115 Ἦτιμὼθη
956 5046 1208 5116 Ἰεχονίας
1224 5047 1300 5110 ὡς
1320 5047 1511 5110 σκεῦος
1527 5041 1585 5101 οὗ
1603 5048 1701 5100 οὐκ
1721 5047 1868 5101 ἐστιν

292 5128 459 5181 αὑτοῦ
500 5132 692 5201 χρεία*
733 5133 863 5187 διότι
903 5136 1179 5209 ἀπερρίφη
1214 5137 1375 5201 αὐτὸς
1416 5138 1509 5191 καὶ
1550 5138 1609 5191 τὸ
1652 5138 1872 5208 σπέρμα

292 5220 460 5275 αὐτοῦ
475 5239 488 5251 ο
508 5224 601 5294 γῆ,
625 5226 718 5295 γῆ,
741 5226 904 5280 ἄκουε
924 5228 1080 5297 λόγον
1099 5229 1299 5301 Κυρίου
1321 5247 1333 5260 ο
1358 5230 1565 5301 γράψον
1586 5231 1676 5284 τὸν
1705 5230 1871 5301 ἄνδρα

292 5312 481 5368 τοῦτον
504 5316 875 5388 ὲκκήρυκτον,
921 5323 1003 5374 ὅτι
1030 5323 1092 5374 οὐ
1133 5323 1207 5393 μὴ
1243 5324 1448 5393 ἀναστῇ
1488 5325 1551 5376 ἐκ
1582 5323 1671 5376 τοῦ
1706 5324 1873 5394 σπέρ-

295 5419 465 5470 ματος
492 5405 657 5459 αὐτοῦ
681 5407 990 5480 καθήμενος
1016 5411 1108 5463 ἐπὶ
1142 5411 1330 5484 θρόνου
1357 5412 1521 5465 Δαϐὶδ
1539 5453 1553 5476 ,
1582 5410 1763 5482 ἄρχων
1790 5413 1869 5465 ἔτι

293 5492 352 5543 ἐν
380 5492 456 5563 τῷ
497 5494 698 5566 Ἰούδᾳ*
723 5517 741 5549 ι
773 5499 866 5551 καὶ
898 5499 1081 5571 ἐπειδὴ
1111 5500 1317 5554 τούτων
1345 5501 1505 5554 ἕνεκα
1542 5501 1739 5572 συνέϐη
1772 5502 1868 5573 τὴν

1982 3174 2163 3222 autem
2191 3183 2302 3223 non
2335 3169 2612 3226 decuisset
2642 3170 3014 3241 genealogiam
3039 3170 3348 3228 Servatoris
3375 3174 3555 3228 nostri

1978 3254 2111 3312 Jesu
2156 3259 2363 3314 Christi
2404 3261 2612 3316 mentio
2665 3260 2904 3317 Ruthze?
2937 3261 3007 3318 de
3055 3277 3163 3332 qua
3195 3271 3250 3318 et
3286 3263 3420 3319 illud
3469 3264 3557 3318 di~

1980 3355 2133 3403 ctum
2180 3348 2287 3404 fuit
2334 3369 2355 3403 ‹
2393 3352 2577 3409 facere
2623 3353 3004 3410 virtutem'in
3066 3354 3342 3426 Ephratha
3371 3395 3386 3421 ,
3447 3357 3554 3412 erit

1979 3453 2177 3495 nomen
2205 3441 2261 3495 in
2277 3441 2591 3498 Bethlehem
2609 3444 2731 3498 ‘7‘.»
2764 3443 3087 3517 Prophetias
3118 3449 3261 3501 enim
3303 3462 3427 3503 esse
3453 3448 3555 3505 has

1979 3533 2297 3604 perspicuas
2330 3537 2610 3608 quispiam
2637 3538 2817 3607 dicet;
2847 3540 3101 3597 videlicet
3134 3557 3166 3597 e
3201 3541 3554 3600 Bethlehemo

1978 3639 2178 3680 nomen
2206 3625 2411 3683 Christi
2433 3627 2586 3695 Jesu,
2616 3630 2778 3700 cujus
2793 3633 3162 3703 genealogiam
3203 3632 3377 3688 texuit
3413 3632 3553 3686 Mat-

1980 3715 2175 3783 thaeus,
2205 3733 2302 3787 per
2331 3721 2620 3776 universas
2650 3731 2839 3792 gentes
2869 3722 3128 3777 diti‘usum
3160 3738 3416 3787 cernens,
3441 3723 3553 3776 vir-

1980 3815 2260 3880 tutemque
2286 3811 2344 3865 in
2377 3811 2656 3883 Ephratha
2690 3821 2958 3885 patratam
2996 3834 3010 3869 :
3047 3815 3118 3870 ob
3160 3830 3325 3885 quam
3371 3815 3555 3871 virtu.

1980 3907 2089 3955 tem
2119 3916 2311 3957 omnes
2345 3912 2535 3973 gentes
2575 3904 2856 3960 Christum
2904 3904 2998 3959 Dei
3038 3920 3068 3959 a
3108 3904 3305 3960 Ruthae
3355 3921 3553 3976 genere

1978 3989 2273 4079 deductum
2299 4002 2677 4063 agnoscentes,
2696 3994 2941 4064 ejusdem
2964 4009 3129 4051 causa
3152 4011 3182 4048 a
3208 3995 3401 4065 patriis
3428 3996 3553 4050 riti-

1978 4083 2080 4139 bus
2107 4100 2261 4154 aeque
2300 4100 2364 4140 ac
2394 4083 2576 4141 Rutha
2602 4095 2973 4152 recesserunt,
3013 4103 3183 4158 seque
3228 4086 3341 4142 Deo
3376 4086 3554 4143 lsrae-

1980 4174 2070 4240 lis,
2110 4175 2240 4230 item
2288 4183 2344 4230 ut
2384 4176 2498 4244 illa,
2530 4176 2895 4232 tradiderunt.
2941 4177 3092 4244 Quas
3139 4178 3209 4233 ob
3256 4192 3345 4233 res
3401 4177 3550 4232 haud

1980 4276 2183 4322 temere
2214 4269 2348 4322 mihi
2376 4268 2590 4324 videtur
2617 4269 2686 4324 ad
2718 4270 2923 4325 Christi
2947 4270 3317 4344 genealogiam
3344 4271 3555 4327 mentio

1983 4355 2173 4412 Ruthae
2195 4358 2428 4429 adjecta.

2726 4560 2794 4615 X.

1975 4673 2085 4730 Cur
2126 4672 2427 4729 loacimum
2465 4675 2672 4729 nomine
2709 4674 2978 4747 Jecltom'a:
3022 4675 3363 4747 appellaverit
3392 4692 3549 4731 evan-

2342 4762 2345 4767 λ
2648 4746 2857 4816 gelisla.

2044 4858 2096 4913 ἰ.
2138 4856 2437 4913 Binominis
2466 4856 2556 4913 hic
2575 4866 2711 4913 erat.
2779 4857 2887 4914 Sed
2916 4858 3176 4929 quoniam
3221 4857 3362 4927 apud
3396 4854 3550 4913 Jere—

1971 4949 2136 5003 miam
2167 4950 2487 5019 prophetam
2515 4951 2583 5013 is,
2628 4966 2721 5021 qur
2751 4950 3044 5006 Jechonias
3072 4950 3375 5019 appellatur
3394 4990 3408 5013 ,
3435 4965 3551 5014 ma-

1972 5041 2170 5096 ledicto
2201 5039 2475 5111 appetitur
2502 5041 2589 5093 his
2619 5041 2798 5096 verbis
2837 5061 2850 5096 :
2891 5059 2909 5091 ι
2931 5039 3192 5095 Ludibrio
3218 5040 3437 5095 habitus
3465 5047 3551 5095 est

1973 5131 2265 5189 Jcchonias
2289 5140 2548 5202 tanquam
2579 5148 2677 5187 vas
2707 5132 2867 5202 cujus
2898 5147 3007 5187 non
3042 5139 3126 5187 est
3163 5148 3317 5186 usus.
3344 5130 3549 5198 Quam-

1973 5227 2160 5282 obrem
2186 5226 2432 5294 abjcctus
2462 5232 2546 5281 est
2577 5224 2692 5294 ipse
2724 5234 2778 5280 et
2803 5240 2974 5294 genus
3001 5224 3153 5295 ejus;
3191 5232 3355 5288 terra,
3376 5231 3544 5288 terra,

1974 5320 2101 5374 audi
2133 5334 2439 5375 sermonem
2469 5316 2686 5373 Domini
2724 5338 2735 5371 :
2767 5320 2914 5389 Pone
2944 5318 3089 5372 hunc
3107 5318 3285 5372 virum
3310 5316 3550 5389 proscri-

1974 5423 2148 5482 ptum,
2182 5411 2310 5481 quia
2341 5426 2449 5465 non
2495 5410 2861 5464 constituetur
2906 5410 2974 5464 de
3004 5425 3202 5480 genere
3235 5409 3355 5479 ejus
3384 5422 3548 5479 super

1972 5502 2227 5557 thronum
2259 5500 2503 5568 Davidis,
2536 5500 2628 5571 qui
2664 5500 2870 5555 diutius
2909 5500 2963 5553 in
2994 5498 3135 5554 Juda
3160 5500 3389 5571 imperet
3417 5497 3464 5532 ⁸⁸
3486 5513 3501 5564 ;
3523 5514 3550 5548 ι

364 5644 413 5682 ¹⁴⁶
449 5647 604 5705 Deut.
641 5664 811 5720 mu,
849 5655 882 5708 ὅ
915 5670 930 5721 ;
969 5651 1166 5711 llEsdr
1224 5672 1351 5724 xm,
1394 5656 1442 5713 i.
1519 5658 1562 5690 ⁸⁷
1600 5655 1791 5713 1Τίιιι.
1833 5673 1876 5726 ι,

2046 5659 2110 5692 η’
2154 5656 2296 5713 Ruth
2334 5672 2408 5723 tv,
2448 5658 2532 5713 il.
2610 5656 2655 5692 ⁵⁸
2694 5656 2799 5716 Jer.
2841 5672 2986 5726 χχιι,
3019 5656 3212 5712 28ιὸοσ
