3846 6220
327 226 432 285 919

983 226 1257 288 ΕυδΕΒῙΙ
1295 231 1773 291 CAESARIENSIS
1809 233 1890 293 ΟΡ

2004 234 2184 293 PARS
2222 233 2308 294 ΙΙΙ.
2342 267 2410 280 —
2445 237 2852 296 EXEGETICA.

322 352 379 400 et
406 344 662 414 quoniam
699 344 894 400 herum
941 359 1108 402 causa
1153 346 1416 417 pradicto
1445 347 1559 418 regi
1587 347 1814 422 contigit
1841 358 1890 404 ul

2002 352 2082 414 εἰς
2113 350 2406 405 Βαϐυλῶνα
2443 350 2824 422 αἰχμαλωσίαν
2863 351 2981 422 ἅμα
3011 355 3089 423 τῷ
3129 353 3244 424 λαῷ
3277 355 3579 423 ὑποστῆναι

324 434 707 509 Babylonicam
735 453 857 493 cum
882 439 1082 508 populo
1102 441 1471 510 captivitatem
1511 443 1740 505 subiret,
1783 459 1898 498 me-

323 527 432 582 rito
456 525 696 598 inclytus
720 529 1072 599 evangelista,
1097 527 1474 604 Redemptoris
1497 535 1739 589 omnium
1771 533 1897 590 Ser—

322 617 639 688 vatorisque
691 619 939 674 scribens
987 623 1415 692 generationem,
1466 623 1629 693 hujus
1678 641 1897 699 quoque

321 709 571 765 meminit
619 710 918 781 contempti
969 717 1024 766 et
1071 711 1296 782 projecti
1346 729 1469 768 cum
1511 731 1612 770 sua
1640 718 1809 788 stirpe
1841 720 1896 773 in

322 797 705 871 Babylonicam
732 810 954 866 terram,
999 801 1230 872 ideoque
1258 805 1548 876 proscripti
1569 815 1622 862 et
1646 808 1842 877 captivi
1879 827 1892 864 :

317 888 449 944 hinc
474 890 727 946 videlicet
753 890 978 955 docens,
1013 893 1106 962 qui
1135 893 1202 948 ad
1235 895 1635 964 praedicandam
1663 899 1894 969 captivis

320 981 630 1037 libertatem
659 981 864 1037 missus
897 980 1071 1036 fuerat
1102 998 1132 1036 a
1164 982 1346 1048 Patre,
1393 986 1538 1041 hunc
1565 1004 1686 1044 esse
1707 987 1894 1045 Jesum

317 1073 623 1138 Christum,
679 1075 748 1130 de
791 1089 903 1146 quo
937 1076 1134 1131 librum
1165 1079 1376 1145 scribit,
1407 1088 1460 1136 et
1483 1079 1550 1136 ad
1579 1098 1737 1152 quem
1771 1100 1894 1154 spe-

317 1173 432 1220 ctat
479 1165 625 1236 quod
675 1167 818 1237 apud
860 1166 1182 1240 prophetam
1235 1173 1497 1227 recitatur
1542 1176 1824 1230 oraculum
1876 1197 1890 1232 :

322 1276 342 1308 ι
381 1255 618 1328 Spiritus
641 1257 858 1314 Domini
887 1274 1053 1331 super
1078 1277 1184 1328 me,
1214 1278 1279 1318 eo
1307 1265 1448 1334 quod
1480 1267 1635 1320 unxit
1668 1283 1752 1323 me
1780 1288 1792 1322 :
1825 1270 1892 1324 ad

317 1350 752 1405 annuntiandum
779 1355 1109 1422 pauperibus
1132 1356 1281 1411 misit
1306 1372 1422 1421 me,
1465 1359 1892 1428 pradicandam-

316 1455 426 1511 que
448 1441 682 1511 captivis
721 1442 1021 1499 libertatem
1053 1445 1122 1499 “J
1155 1464 1173 1496 ι
1213 1445 1287 1502 De
1315 1461 1424 1517 quo
1454 1448 1560 1502 alio
1592 1449 1720 1502 item
1772 1449 1892 1505 loco

313 1533 393 1588 ait
417 1533 680 1604 propheta
707 1553 720 1587 :
759 1553 778 1587 ι
809 1534 930 1604 lpse
953 1536 1242 1592 aedificabit
1266 1539 1454 1594 urbem
1484 1556 1658 1596 meam
1678 1583 1692 1606 ,
1729 1549 1892 1613 atque

315 1639 349 1678 a
373 1625 688 1693 captivitate
709 1626 968 1695 populum
999 1642 1178 1682 meum
1214 1631 1492 1685 revocabit
1520 1631 1587 1684 ⁸ο.
1632 1651 1650 1684 ι

384 1713 441 1772 2.
483 1711 828 1786 Tempestive
872 1719 1040 1790 igitur
1066 1717 1340 1776 Jechoniae
1377 1731 1431 1778 et
1459 1723 1622 1792 hujus
1676 1725 1889 1786 animae,
1925 1735 1966 1788 Β

314 1815 480 1878 atque
504 1809 574 1865 iis
602 1811 693 1880 qui
727 1812 960 1868 similem
993 1813 1070 1867 illi
1100 1815 1247 1884 passi
1290 1815 1504 1870 fuerant
1537 1817 1891 1887 ignominiam

312 1907 370 1954 et
400 1901 705 1956 animarum
736 1905 1106 1974 captivitatem
1131 1945 1147 1970 ,
1179 1905 1559 1979 Redemptoris
1599 1910 1889 1964 adventum

313 1998 532 2048 nuntiat
561 1994 868 2057 Mattheus,
904 1997 996 2066 qui
1027 1996 1150 2064 Filii
1183 1996 1276 2053 Dei
1301 1999 1692 2071 genealogiam,
1733 2001 1891 2056 item-

313 2099 422 2154 que
484 2087 716 2142 aliorum
777 2091 1016 2143 sontium
1072 2099 1530 2161 peccatorumque
1586 2092 1887 2156 hominum,

314 2175 525 2231 scribit.
563 2176 716 2234 Unus
743 2179 886 2234 enim
919 2181 1171 2253 idemque
1192 2198 1372 2238 sermo
1399 2190 1483 2240 est
1503 2223 1516 2249 ,
1543 2187 1636 2255 qui
1669 2183 1888 2241 Davidis

313 2268 523 2323 crimen
553 2271 698 2325 circa
729 2269 871 2326 Uria:
895 2289 1140 2340 uxorem,
1188 2284 1242 2331 et
1263 2275 1418 2332 Juda:
1447 2275 1886 2341 fornicationem,

311 2365 369 2413 et
397 2360 757 2432 alienigenam
793 2379 889 2420 seu
920 2364 1267 2422 Moabitidem
1295 2366 1555 2433 Rutbam,
1601 2379 1887 2426 memorat.

311 2447 458 2506 Idem
486 2469 670 2510 sermo
699 2455 884 2512 Jesum
919 2473 1040 2512 cum
1072 2459 1378 2528 publicanis
1403 2464 1890 2534 peccatoribusque

312 2544 608 2610 viventem,
657 2555 713 2603 et
753 2550 1072 2620 turpissima
1103 2552 1172 2607 ab
1201 2552 1513 2609 hominibus
1545 2571 1886 2625 perpessum,

311 2643 368 2693 et
395 2637 631 2708 denique
664 2655 789 2695 cum
821 2641 1082 2698 maleﬁcis
1112 2644 1431 2698 crucifixum
1461 2647 1698 2701 exhibet.
1760 2647 1890 2704 Erat

312 2745 445 2786 vero
474 2732 523 2787 is
562 2747 744 2788 sermo
781 2749 891 2804 quo
920 2735 1125 2790 dictum
1155 2745 1240 2792 est
1270 2757 1282 2792 :
1325 2757 1344 2790 ι
1380 2737 1519 2794 Ecce
1549 2738 1735 2810 Agnus
1769 2741 1884 2806 Dei,

311 2823 408 2894 qui
461 2825 604 2880 tollit
662 2836 945 2896 peccatum
996 2829 1184 2884 mundi
1212 2830 1282 2885 “.
1320 2850 1337 2882 ι
1394 2829 1692 2901 Oportebat
1741 2835 1886 2888 enim

312 2929 438 2971 eum
459 2958 475 2982 ,
511 2919 604 2988 qui
636 2918 854 2976 futurus
879 2926 998 2976 erat
1025 2921 1272 2992 expiator
1296 2931 1535 2978 veterum
1567 2925 1886 2994 quorumvis

313 3007 604 3064 criminum
643 3026 706 3066 ac
729 3010 1057 3078 futurorum,
1097 3013 1296 3084 quique
1339 3015 1574 3070 animam
1607 3019 1886 3086 positurus

1997 442 2087 495 τὸν
2110 444 2399 514 εἰρημένον
2414 484 2428 508 ,
2452 445 2673 508 εἰκότως
2698 445 2727 496 6
2746 443 3048 514 θαυμάσιος
3071 444 3458 514 εὐαγγελιστὴς
3478 445 3578 497 τοῦ

1996 531 2285 604 Λυτρωτοῦ
2313 534 2406 587 καὶ
2432 534 2684 606 Σωτῆρος
2717 535 2969 588 ἁπάντων
2995 534 3327 607 ὑπογράφων
3355 533 3454 604 τήν
3485 535 3578 601 γέο

1996 642 2162 688 νεσιν,
2203 628 2296 678 καί
2328 625 2481 679 τοῦδε
2510 625 2756 697 ἐμνήσθη
2780 624 2875 679 τοῦ
2901 626 3248 696 ἠτιμωμένον
3276 625 3370 678 τοῦ
3404 627 3578 695 ἀπορο

1997 717 2246 787 ῥιφέντος
2272 717 2386 787 ἅμα
2415 716 2490 788 τῷ
2524 715 2802 788 σπέρματι
2831 718 2911 780 εἰς
2933 716 3030 788 τὴν
3061 715 3418 770 Βαϐυλωνίων
3449 716 3573 786 γῆν,

1993 806 2088 859 τοῦ
2127 807 2466 878 ὲκκηρύκτου
2501 808 2832 878 γενομένου,
2873 806 2968 862 τοῦ
3002 805 3381 878 αἰχμαλώτου·
3430 807 3575 861 διδά-

1997 914 2140 951 σκων
2167 899 2248 951 ὅτι
2277 898 2512 970 κηρύξαι
2543 899 2910 969 αἰχμαλώτοις
2935 899 3128 968 ἄφεσιν
3164 898 3573 968 ἀπεσταλμένος

1995 987 2099 1042 ὑπὸ
2132 989 2225 1042 τοῦ
2261 989 2508 1062 Πατρὸς,
2555 986 2710 1054 οὗτος
2742 987 2810 1062 ἦν
2852 990 3058 1061 Ἰησοῦς
3088 990 3350 1063 Χριστὸς,
3380 987 3442 1044 οὗ
3471 993 3572 1060 τὴν

1995 1081 2172 1151 βίϐλον
2190 1082 2528 1153 ἀναγράφει,
2551 1085 2630 1145 εἰς
2655 1082 2714 1136 δν
2740 1081 3070 1152 ἀναφέρεται
3100 1082 3160 1134 τὺ
3180 1082 3387 1151 φάσκον
3405 1083 3465 1134 ὲν
3492 1081 3572 1152 τῷ

1994 1173 2246 1244 προφήτῃ
2273 1171 2450 1242 λόγιον
2471 1191 2484 1204 ·
2523 1192 2541 1224 ι
2565 1172 2788 1245 Πνεῦμα
2821 1174 3026 1246 Κυρίου
3059 1175 3146 1226 ἐπ’
3172 1173 3302 1243 ἐμὲ,
3336 1169 3396 1226 οὗ
3430 1174 3572 1226 εἵνε-

1993 1281 2085 1318 κεν
2103 1263 2283 1335 ἔχρισέ
2307 1282 2373 1335 με
2391 1306 2404 1328 ,
2424 1265 2877 1334 εὐαγγελίσασθαι
2901 1269 3132 1336 πτωχοῖς
3147 1264 3457 1319 ἀπέσταλκέ
3480 1282 3570 1334 με,

1993 1357 2224 1428 κηρύξαι
2257 1358 2621 1426 αἰχμαλώτοις
2655 1360 2847 1428 ἄφεσιν
2867 1377 2880 1389 ο
2911 1377 2928 1410 ι
2959 1359 3084 1430 περί
3111 1351 3171 1410 οὗ
3193 1357 3288 1411 καί
3317 1359 3376 1409 ὲν
3397 1358 3573 1428 ἑτέρῳ

1993 1449 2156 1520 φησὶν
2194 1451 2222 1502 6
2258 1448 2420 1512 αὐτὸς
2454 1452 2772 1522 προφήτης·
2838 1470 2858 1502 ι
2885 1444 3052 1513 Οὗτος
3087 1450 3432 1522 οἰκοδομήσει
3471 1449 3573 1520 τὴν

1991 1540 2146 1595 πόλιν
2189 1558 2292 1612 μου
2317 1580 2331 1603 ,
2367 1542 2460 1595 καὶ
2491 1543 2592 1613 τὴν
2624 1542 2995 1614 αἰχμαλωσίαν
3022 1528 3115 1596 τοῦ
3148 1542 3276 1596 λαοῦ
3313 1559 3416 1613 μου
3450 1544 3572 1595 ὲπι-

1994 1630 2232 1702 στρέψει.
2263 1651 2281 1684 ι

2067 1725 2142 1794 β’.
2192 1722 2348 1777 Κατά
2382 1724 2570 1796 καιρὸν
2617 1723 2904 1796 τοιγαροῦν
2937 1723 3083 1796 αὑτῷ
3115 1742 3176 1778 τε
3221 1725 3445 1796 Ἰεχονίᾳ
3478 1725 3571 1778 καὶ

1991 1818 2055 1887 τῇ
2091 1816 2280 1870 τούτου
2327 1815 2470 1887 ψυχῇ
2497 1855 2512 1879 ,
2559 1817 2670 1879 τοῖς
2705 1833 2763 1870 τε
2791 1816 2889 1888 τὴν
2921 1818 3042 1888 ἴσην
3068 1817 3217 1887 αὐτῷ
3244 1815 3571 1870 πεπονθόσιν

1991 1907 2208 1978 ἀτιμίαν
2228 1925 2285 1960 τε
2304 1909 2398 1961 καὶ
2420 1907 2605 1977 ψυχῶν
2626 1908 3014 1979 αἰχμαλωσίαν,
3041 1909 3140 1979 τὴν
3160 1908 3252 1962 τοῦ
3277 1908 3567 1980 Λυτρωτοῦ

1992 2002 2290 2072 παρουσίαν
2320 2001 2728 2070 εὐαγγελίζεται
2749 2001 3021 2065 Ματθαίος
3041 2005 3070 2054 ὁ
3095 2003 3191 2072 τὴν
3232 2003 3445 2070 γένεσιν
3473 2003 3568 2056 τοῦ

1994 2089 2122 2142 Υἰοῦ
2145 2089 2237 2142 τοῦ
2262 2089 2396 2143 Θεοῦ
2417 2131 2432 2151 ,
2453 2091 2546 2144 καί
2570 2091 2634 2162 δὴ
2659 2091 2765 2144 τῶν
2790 2091 2963 2144 ἄλλων
2985 2091 3248 2144 ὑπαιτίων
3271 2093 3362 2144 καὶ
3389 2093 3570 2163 ἁμαρ-

1989 2181 2174 2233 τωλῶν
2219 2180 2425 2254 ἀνδρῶν
2459 2181 2816 2250 καταγαγώνο
2849 2177 2930 2246 εἷς
2969 2184 3078 2254 γὰρ
3108 2177 3175 2252 ἦν
3219 2185 3313 2236 καὶ
3342 2185 3371 2235 6
3404 2184 3568 2246 αὐτὸς

1991 2274 2174 2342 λόγος,
2210 2275 2276 2327 δι’
2309 2273 2368 2326 ὃν
2400 2274 2493 2327 καὶ
2528 2275 2626 2346 τῆς
2654 2273 2746 2327 τοῦ
2773 2275 2937 2328 Δαϐἰδ
2965 2274 3092 2345 περὶ
3114 2275 3212 2344 τὴν
3238 2274 3333 2326 τοῦ
3367 2275 3566 2346 Οὐρίου

1991 2367 2220 2432 γυναῖκα
2252 2363 2612 2435 παρανομίας,
2640 2364 2738 2434 τῆς
2763 2381 2820 2417 τε
2842 2363 2935 2417 τοῦ
2972 2364 3141 2417 ’ἰούδα
3165 2365 3442 2435 πορνείας,
3468 2366 3570 2433 τῆς

1990 2471 2048 2506 τε
2071 2452 2366 2522 ἀλλοφύλου
2389 2455 2482 2507 καί
2506 2455 2845 2518 Μωαϐίτιδος
2870 2455 3026 2508 Ῥοὺθ
3056 2455 3299 2525 ἐμνήσθη
3318 2471 3333 2487 ο
3354 2457 3382 2508 6
3404 2455 3566 2519 αὐτὸς

1988 2545 2042 2598 δὲ
2070 2546 2325 2615 τυγχάνει
2348 2547 2469 2600 καθ’
2490 2547 2548 2599 ὃν
2569 2547 2660 2599 καὶ
2685 2546 2942 2610 τελώναις
2963 2549 3055 2608 καὶ
3074 2546 3415 2617 ἁμαρτωλοῖς
3438 2563 3569 2617 cup.-

1989 2637 2206 2690 ϐιοῦντα
2227 2677 2240 2701 ,
2267 2637 2360 2690 καὶ
2385 2637 2637 2707 αἴσχιστά
2657 2655 2719 2706 γε
2749 2638 2853 2690 ὑπὸ
2881 2638 3180 2710 ἀνθρώπων
3204 2638 3562 2707 ὑπομένοντα,

1988 2729 2081 2781 καὶ
2119 2728 2271 2792 τέλος
2313 2729 2428 2800 ἃμα
2460 2733 2570 2794 τοῖς
2605 2730 2931 2802 κακούργοις
2976 2730 3372 2801 σταυρούμενον
3402 2730 3565 2783 αὑτὸν

1989 2821 2196 2888 εἰσάγει
2223 2839 2234 2852 ’
2262 2816 2328 2892 ἦν
2358 2822 2403 2876 δ’
2433 2817 2585 2886 οὗτος
2615 2823 2642 2874 6
2674 2823 2828 2889 λόγος
2859 2823 2978 2876 καθ’
3007 2823 3066 2877 ὃν
3098 2823 3312 2894 εἴρηται
3331 2841 3343 2852 ·
3367 2843 3384 2873 ι
3403 2822 3505 2875 Ἴδε
3534 2825 3564 2876 6

1986 2910 2156 2980 ἀμνὸς
2183 2911 2273 2964 τοῦ
2302 2911 2434 2966 Θεοῦ
2472 2915 2500 2967 6
2529 2915 2697 2985 αἴρων
2725 2914 2822 2986 τὴν
2857 2916 3126 2986 ἁμαρτίαν
3150 2914 3246 2967 τοῦ
3285 2914 3510 2984 κόσμου.
3539 2932 3560 2965 ι

2001 3002 2196 3074 Ἐχρῆν
2218 3005 2324 3076 γὰρ
2354 3005 2443 3058 τὸν
2469 3005 2724 3074 μέλλοντα
2747 3007 3041 3079 καθάρσιον
3061 3006 3306 3075 γίνεσθαι
3329 3005 3440 3058 τῶν
3462 3005 3572 3058 ea.

311 3109 433 3158 erat
460 3117 558 3172 pro
590 3102 869 3157 hominum
901 3104 1218 3169 animabus;
1251 3106 1417 3172 hunc,
1455 3108 1696 3178 inquam,
1725 3125 1886 3179 opor-

1994 3096 2077 3148 λαι
2108 3095 2322 3149 πώποτε
2354 3097 2892 3169 πεπλημμεληκότων
2925 3098 3149 3150 καὶτῶν
3170 3115 3232 3165 γε
3266 3098 3403 3168 μετὰ
3429 3095 3567 3150 ταῦ-

315 3195 467 3250 tebat
495 3209 557 3248 ea
592 3195 735 3247 mala
767 3196 950 3250 omnia
983 3199 1209 3268 perpeti,
1242 3208 1292 3254 et
1320 3209 1663 3269 peccatorum
1696 3202 1885 3273 impio-

313 3301 547 3356 rumque
597 3301 785 3355 ρωπος
833 3288 1010 3357 ipsum
1052 3290 1344 3344 innocuum
1377 3291 1668 3359 sustinere,
1711 3293 1886 3350 donec

313 3378 537 3434 oracula
578 3378 647 3433 de
685 3393 752 3432 eo
800 3378 964 3442 dicta,
1017 3390 1070 3434 et
1113 3381 1318 3451 reliqua
1364 3383 1567 3436 exitum
1600 3385 1881 3442 haberent.

315 3467 396 3525 De
417 3468 609 3526 eodem
635 3485 853 3542 quoque
882 3471 1144 3526 mirificus
1173 3472 1249 3525 ait
1277 3473 1446 3529 lsaias
1473 3493 1486 3528 :
1527 3493 1543 3524 ι
1575 3473 1673 3529 llic
1700 3487 1884 3531 nostra

315 3569 544 3634 peccata
576 3561 802 3634 perfert,
829 3569 882 3618 et
908 3577 1005 3632 pro
1038 3563 1198 3618 nobis
1225 3564 1428 3634 petitur
1454 3584 1468 3621 :
1497 3567 1612 3636 ipse
1635 3566 1887 3623 vulnera-~

315 3660 407 3708 tus
454 3661 538 3708 est
577 3661 799 3724 propter
841 3653 1155 3724 iniquitates
1202 3666 1441 3720 nostras,
1475 3658 1780 3714 inﬁrmatus
1801 3669 1885 3715 est

313 3755 538 3816 propter
562 3746 769 3802 scelera
795 3757 1003 3816 nostra,
1033 3749 1201 3805 livore
1222 3750 1341 3821 ejus
1363 3752 1537 3807 sanati
1570 3767 1672 3807 nos
1696 3767 1885 3808 omnes

315 3836 520 3894 fuimus
543 3840 608 3894 ".
640 3859 662 3892 ι

385 4011 440 4067 3.
480 4009 637 4078 Quod
666 4012 713 4068 si
735 4011 996 4083 propheta
1021 4013 1086 4068 de
1101 4010 1360 4068 Jechonia
1375 4014 1450 4068 ait
1474 4021 1632 4069 terra:
1666 4033 1676 4068 :
1711 4011 1889 4070 «Pone

313 4103 462 4160 hunc.
493 4105 672 4160 virum
700 4105 1229 4175 proscriptum,quia
1257 4119 1365 4159 non
1396 4115 1580 4176 surget
1601 4106 1668 4160 de
1692 4121 1889 4177 genere

314 4195 436 4266 ejus
464 4198 556 4267 qui
588 4197 774 4254 sedeat
803 4213 967 4268 super
993 4198 1249 4252 thronum
1298 4196 1539 4263 Davidis,
1593 4206 1890 4269 regnetque

313 4287 371 4345 in
397 4287 538 4344 Juda
553 4291 599 4323 ⁵³
627 4309 640 4345 :
679 4309 698 4342 ι
734 4289 880 4344 haud
908 4305 1135 4360 prorsus
1159 4297 1320 4362 negat
1347 4289 1756 4361 superfuturum
1784 4289 1888 4344 hu-

306 4380 401 4452 jus
447 4395 638 4452 genus,
692 4381 789 4437 sed
829 4383 1096 4437 neminem
1146 4389 1501 4454 regnaturum
1554 4382 1782 4436 allirmat
1823 4381 1891 4437 de

1984 3203 2055 3242 τα
2083 3187 2457 3259 γενησομένων
2479 3229 2493 3252 ,
2531 3189 2817 3261 ἀντίψυχόν
2854 3208 2912 3243 τε
2948 3190 3056 3244 τῶν
3079 3189 3436 3261 ἀνθρωπίνων
3460 3187 3568 3257 ψυ-

1986 3281 2096 3351 χῶν
2113 3321 2127 3343 ,
2150 3280 2236 3333 διὰ
2260 3281 2473 3334 πάντων
2492 3281 2599 3334 τῶν
2619 3281 2920 3351 εἰρημένων
2942 3281 3164 3335 διελθεῖν
3186 3279 3400 3344 καὶτὰς
3423 3280 3569 3334 κατὰ

1987 3372 2093 3426 τῶν
2124 3372 2462 3442 ἁμαρτωλῶν
2485 3374 2578 3425 καὶ
2607 3373 2815 3425 ἀσεϐῶν
2842 3375 3108 3444 τιμωρίας
3129 3374 3289 3426 αὑτὸν
3315 3374 3570 3444 ἀναμάρ-

1986 3481 2147 3534 τητον
2188 3463 2317 3516 ὄντα
2359 3465 2678 3534 ὑπομείναι,
2717 3464 2791 3527 ὡς
2823 3463 2886 3516 ἂν
2927 3464 3238 3535 πληρωθείη
3278 3466 3359 3527 εἰς
3399 3463 3568 3516 αὑτὸν

1987 3555 2053 3608 τὰ
2084 3554 2426 3625 θεσπίσματα
2446 3594 2460 3618 ,
2495 3554 2564 3607 τά
2588 3571 2646 3607 τε
2674 3553 2807 3608 ἄλλα
2826 3570 2838 3584 ·
2876 3554 2967 3606 καὶ
2998 3555 3061 3607 δι’
3088 3556 3148 3608 δν
3177 3571 3339 3626 φησιν
3377 3557 3406 3607 6
3432 3554 3568 3607 θαυ-

1991 3642 2182 3712 μάσιος
2227 3643 2482 3706 Ἡσαΐας·
2529 3661 2545 3693 ι
2572 3635 2744 3706 Οὗτος
2772 3642 2868 3705 τὰς
2897 3643 3170 3716 ἁμαρτίας
3205 3643 3361 3714 ήμῶν
3394 3643 3564 3714 αἴρει,

1988 3736 2082 3788 καὶ
2107 3735 2230 3806 περὶ
2255 3735 2408 3806 ήμῶν
2433 3733 2683 3789 όδυνᾶται
2700 3752 2714 3765 ·
2738 3734 2900 3797 αὐτὸς
2921 3736 3327 3807 ὲτραυματίσθη
3353 3736 3441 3789 διὰ
3463 3734 3566 3798 τᾶς

1987 3825 2260 3897 ἁμαρτίας
2293 3825 2448 3897 ήμῶν
2469 3866 2483 3890 ,
2521 3826 2614 3878 καὶ
2649 3825 3052 3896 μεμαλάκισται
3084 3826 3171 3879 διὰ
3202 3826 3301 3889 τὰς
3332 3825 3568 3896 ἀνομίας

1988 3916 2173 3987 ’ήμῶν⁸
2211 3917 2288 3987 τῷ
2323 3916 2548 3987 μώλωπι
2580 3916 2742 3970 αὐτοῦ
2777 3919 2934 3988 ήμεῖς
2964 3917 3164 3980 πάντες
3197 3918 3442 3986 ἰάθημεν.
3471 3936 3491 3969 ι

2058 4009 2133 4076 γ’.
2170 4010 2232 4061 Εἰ
2254 4009 2308 4061 δὲ
2335 4009 2480 4078 λέγοι
2509 4011 2536 4062 6
2559 4011 2839 4080 προφήτης
2866 4008 3107 4080 περὶτοῦ
3144 4008 3361 4078 Ἰεχονία
3385 4011 3450 4078 τῇ
3470 4011 3563 4078 γῇ,

1994 4116 2012 4148 ι
2036 4099 2248 4169 Γράψον
2287 4099 2378 4152 τὸν
2417 4100 2584 4172 ἄνδρα
2630 4099 2817 4154 τοῦτον
2857 4101 3226 4172 ὲκκήρυκτον,
3269 4101 3349 4152 ὅτι
3393 4099 3454 4152 οὑ
3489 4099 3565 4169 μὴ

1989 4191 2192 4263 ἀναστῇ
2218 4195 2281 4246 ὲκ
2303 4192 2396 4245 τοῦ
2416 4192 2727 4263 σπέρματος
2745 4191 2907 4246 αὑτοῦ
2931 4192 3235 4262 καθήμενος
3257 4191 3348 4243 ἐπὶ
3373 4191 3566 4261 θρόνου

1989 4283 2170 4348 Δαϐἰδ,
2201 4284 2381 4355 ἄρχων
2407 4284 2486 4338 ἔτι
2512 4287 2568 4338 ὲν
2589 4285 2666 4355 τῷ
2703 4284 2888 4355 Ἰούδᾳ,
2913 4305 2928 4334 ι
2951 4283 3011 4337 οὐ
3035 4285 3246 4348 πάντως
3272 4286 3488 4356 ἀναιρεῖ
3506 4282 3570 4336 τὸ

1994 4375 2283 4445 στήσεσθαι
2324 4375 2486 4430 αὑτοῦ
2533 4377 2786 4448 σπέρμα,
2825 4377 2958 4430 ἀλλά
2991 4375 3082 4429 τοῦ
3122 4375 3432 4447 βασιλεῦσαι
3471 4375 3568 4430 τοῦ

311 4451 483 4542 stirpe
525 4472 647 4541 ejus
690 4471 745 4526 in
776 4483 937 4544 gente
979 4451 1255 4528 Judaica':
1291 4474 1436 4544 quod
1482 4488 1668 4529 revera
1714 4473 1789 4527 ita
1831 4489 1889 4528 se

2003 4467 2267 4522 Ἰουδαίων
2290 4467 2474 4531 ἔθνους
2496 4471 2559 4522 ὲκ
2578 4469 2671 4521 τοῦ
2701 4467 3013 4538 σπέρματος
3035 4467 3197 4520 αὑτοῦ
3213 4486 3224 4497 ·
3251 4467 3278 4520 ὃ
3298 4467 3387 4520 καὶ
3411 4465 3571 4535 γέγο⁹

311 4561 523 4618 hahuit.
561 4565 750 4634 Itaque
778 4565 909 4619 dicit
943 4584 955 4620 :
999 4585 1016 4617 ι
1049 4565 1308 4621 Ludibrio
1335 4565 1554 4621 habitus
1580 4576 1666 4621 est
1691 4563 1888 4620 Jecbo-

1994 4577 2080 4611 νεν
2119 4559 2314 4630 ἀληθές
2343 4578 2356 4591 ·
2395 4560 2539 4629 λέγει
2577 4559 2707 4628 γοῦν
2734 4600 2750 4624 ,
2815 4581 2832 4610 ι
2873 4559 3150 4629 Ἦτιμώθη
3202 4559 3454 4628 Ἰεχονίας
3492 4557 3570 4622 ώς

309 4655 452 4722 nias,
504 4670 605 4711 ceu
649 4672 745 4711 vas
779 4659 939 4727 cujus
987 4659 1169 4714 nullus
1196 4665 1282 4714 est
1310 4673 1465 4714 usus.
1522 4657 1885 4724 Quamobrem

1994 4651 2184 4723 σκεῦος
2203 4646 2263 4704 οὗ
2285 4653 2384 4706 οὐκ
2408 4651 2551 4705 ἔστιν
2572 4653 2734 4706 αὑτοῦ
2757 4653 2916 4724 χρεία
2932 4693 2944 4715 ,
2961 4652 3093 4704 διότι
3111 4650 3387 4721 ἀπερρίφη
3403 4649 3570 4712 αὐτὸς

310 4746 588 4817 projectus
629 4758 715 4805 est
743 4749 862 4821 ipse
890 4759 944 4806 et
975 4766 1148 4822 genus
1174 4751 1294 4821 ejus
1323 4751 1378 4806 in
1413 4751 1745 4822 incognitam
1784 4750 1888 4806 sibi

1994 4746 2084 4796 καὶ
2111 4745 2171 4796 τὸ
2199 4745 2421 4816 σπέρμα
2443 4744 2606 4798 αὐτοῦ
2630 4747 2709 4808 εἰς
2737 4747 2838 4817 γῆν
2867 4745 2933 4816 ἥν
2961 4746 3060 4798 οὐκ
3083 4744 3226 4815 ᾔδει·
3256 4763 3273 4792 ι
3307 4741 3571 4812 ἄντικρυς

309 4838 585 4909 regionem
609 4839 656 4872 ⁸⁸
689 4859 702 4894 :
740 4861 760 4892 ι
798 4842 996 4912 quibus
1045 4842 1226 4898 verbis
1256 4846 1544 4913 perspicue
1593 4840 1884 4912 Babyloni-

308 4943 429 4982 cam
460 4937 662 4986 terram
687 4929 955 5002 designat.
974 4932 1093 4987 Jam
1110 4949 1240 4988 vero
1261 4933 1353 5003 qui
1381 4933 1447 4987 ad
1473 4934 1772 4988 libertatem
1798 4946 1889 4987 ca-

309 5022 474 5093 ptivis
519 5023 913 5088 nuntiandam,
950 5033 1005 5080 et
1054 5033 1402 5095 peccatorum
1451 5033 1676 5080 catenas
1726 5032 1890 5094 atque

309 5113 615 5168 animarum
643 5115 774 5169 olim
801 5123 976 5172 morte
996 5115 1369 5171 devinctarum
1393 5117 1649 5172 solvenda
1672 5115 1887 5171 vincula

311 5204 516 5263 missus
543 5206 666 5272 fuit,
701 5207 749 5263 is
780 5223 914 5264 sane
943 5208 1010 5263 ad
1041 5207 1236 5262 horum
1266 5209 1508 5263 omnium
1531 5208 1760 5263 salutem
1793 5219 1887 5276 pa-

306 5296 556 5352 trandam
600 5299 768 5354 venit.
834 5298 1013 5367 Quare
1065 5301 1132 5356 de
1168 5302 1286 5370 ipso
1312 5300 1641 5355 vaticinatur
1667 5297 1835 5352 David
1868 5316 1880 5351 :

313 5404 335 5440 ι
373 5385 518 5443 Misit
544 5390 771 5445 verbum
802 5406 962 5445 suum
1011 5399 1067 5446 et
1099 5393 1313 5446 sanavit
1340 5407 1435 5448 eos
1467 5390 1536 5446 ab
1569 5386 1887 5444 interitioni-

307 5478 414 5536 bus
438 5481 575 5538 suis.
610 5481 956 5539 Confitemini
988 5479 1215 5540 Domino
1239 5481 1646 5540 misericordias
1677 5481 1798 5550 ejus
1830 5485 1886 5534 et

1987 4837 2087 4905 τὴν
2112 4836 2423 4900 Βαϐυλῶνος
2450 4837 2552 4908 γῆν
2585 4836 2854 4902 θεσπίζων
2877 4855 2887 4867 ο
2920 4837 3058 4908 πλὴν
3080 4835 3191 4890 ἀλλ’
3224 4837 3252 4888 6
3279 4833 3447 4887 ὲλθὼν
3468 4851 3572 4904 κη-

1995 4927 2148 4996 ρύξαι
2196 4926 2559 4998 αἰχμαλώτοις
2599 4927 2823 4998 ἄφεσιν,
2869 4930 2962 4981 καί
3009 4928 3108 4991 τὰς
3143 4927 3252 4978 τῶν
3281 4925 3569 4995 ἁμαρτιῶν

1993 5019 2176 5089 σειρὰς
2195 5060 2210 5084 ,
2235 5017 2344 5070 τῶν
2371 5036 2430 5071 τε
2469 5018 2633 5072 πάλαι
2661 5020 2764 5072 ὑπὸ
2795 5021 2885 5072 τὸν
2919 5019 3147 5074 θάνατον
3175 5017 3569 5087 πεπεδημὲνων

1937 5132 1948 5143 ο
1987 5107 2173 5177 ψυχῶν
2202 5105 2326 5171 τούς
2347 5124 2408 5161 τε
2435 5108 2668 5178 δεσμοὺς
2687 5109 2840 5163 λῦσαι
2872 5109 3279 5181 ἀπεσταλμένος
3298 5150 3314 5174 ,
3349 5108 3443 5160 ἐπὶ
3469 5107 3569 5175 τὴν

1992 5200 2206 5253 πάντων
2235 5198 2441 5252 τούτων
2470 5198 2691 5270 ἐλήλυθε
2721 5200 2992 5270 σωτηρίαν
3013 5217 3026 5231 ο
3053 5200 3134 5252 διό
3160 5217 3324 5268 φησιν
3349 5201 3377 5252 6
3399 5198 3571 5251 Δαϐὶδ

1991 5293 2119 5362 περὶ
2156 5291 2318 5344 αὑτοῦ
2345 5289 2614 5356 θεσπίζων
2636 5308 2648 5318 ·
2687 5310 2706 5343 ι
2730 5291 3036 5344 Ἀπέστειλε
3065 5292 3155 5344 τὸν
3183 5292 3340 5359 λόγον
3378 5289 3565 5355 αὑτοῦ,

1991 5381 2085 5435 καὶ
2112 5381 2295 5436 ἰάσατο
2323 5383 2520 5446 αὐτοὺς
2546 5383 2610 5436 ἐκ
2629 5382 2738 5436 τῶν
2764 5382 3068 5454 διαφθορῶν
3085 5381 3290 5434 αὑτῶν·
3317 5379 3570 5450 ἐξομολο-

1991 5473 2174 5542 γεῖσθε
2196 5472 2273 5545 τῷ
2300 5474 2486 5547 Κυρίῳ
2517 5473 2585 5528 τὰ
2619 5475 2742 5546 ἐλέη
2774 5475 2937 5528 αὑτοῦ
2968 5478 3060 5527 καὶ
3092 5473 3370 5544 θαυμάσια
3401 5471 3568 5525 αὐτοῦ

380 5658 546 5718 “lsa.
581 5675 704 5729 ut,
746 5663 795 5729 l;
830 5659 962 5720 Luc.
999 5679 1070 5731 tv,
1114 5662 1196 5719 l8.
1235 5663 1279 5697 '°
1321 5661 1423 5720 lsa.
1462 5677 1582 5730 xtv,
1618 5662 1703 5719 15.
1743 5659 1969 5734 “_Joan.
2008 5677 2060 5730 ι,
2092 5659 2181 5716 29.
2219 5660 2264 5695 ⁸⁸
2290 5658 2392 5716 lea.
2421 5673 2544 5727 Lm,
2570 5658 2621 5713 «ἰ.
2680 5657 2852 5715 "Jer.
2892 5674 3034 5725 un,
3069 5658 3157 5714 30.
3217 5656 3263 5691 “
3303 5658 3435 5714 ibid.
3470 5656 3562 5710 28.
