3846 6220
164 303 267 360 996

697 300 1165 371 QUAESTIONES
1204 299 1661 359 cnnamum
1699 298 1792 358 AD
1830 299 2281 362 srsramuu.
2320 334 2391 345 —
2428 290 2761 373 QUESTIO
2798 305 2914 364 xu.

3323 307 3430 365 923

157 430 277 492 τοῖς
299 428 434 490 υίοῑς
462 428 568 481 τῶν
601 427 900 499 ἀνθρώπων
922 445 936 459 °
972 427 1054 481 δτι
1088 425 1371 499 συνέτριψε
1403 425 1577 490 πύλας
1610 426 1740 497 χαλ-

1852 425 2117 482 mirabilie
2147 427 2268 498 ejus
2291 425 2420 484 ﬁliis
2451 427 2755 484 hominum.
2779 428 2920 496 Quia
2951 428 3209 484 contrivit
3242 442 3431 501 portas

160 522 267 584 κᾶς
286 559 302 585 ,
334 520 430 574 καὶ
473 518 702 590 μοχλοὺς
743 519 996 590 σιδηροῦς
1025 518 1318 574 συνέκλασε
1339 535 1354 549 ο
1393 518 1486 574 καὶ
1517 519 1744 574 ἀντελά-

158 611 289 665 ϐετο
324 610 504 664 αὐτῶν
532 609 592 676 ἐξ
630 609 751 663 6606
783 609 1012 682 ἀνομίας
1039 609 1248 664 αὐτῶν·
1282 609 1742 682 ἐταπεινώθησαν,

159 705 258 758 καὶ
297 703 564 774 ἐξήγαγεν
594 703 791 765 αὐτοὺς
825 703 889 757 ἐκ
924 703 1150 766 σκότους
1181 703 1275 756 καὶ
1304 704 1460 767 σκιᾶς
1490 701 1742 768 θανάτου,

159 793 260 848 καὶ
291 795 419 857 τοὺς
439 795 670 866 δεσμοὺς
703 794 880 848 αὐτῶν
909 793 1182 867 διέρρηξε.
1215 813 1234 847 1
1269 793 1454 848 Ταῦτα
1483 793 1592 864 γὰρ
1617 795 1745 866 περί⁵

157 888 263 960 τῆς
284 889 350 941 ἐκ
367 887 463 942 τοῦ
486 888 715 943 Θανάτου
742 888 829 943 διὰ
849 887 1085 960 Χριστοῦ
1109 888 1405 959 γενομένης
1429 886 1744 959 ἀπολυτρώ-

159 999 305 1045 σεως
324 981 574 1050 λέγεται,
591 981 668 1046 ὡς
683 981 896 1053 συνᾴδει
917 982 1089 1036 καὶτὸ
1110 982 1318 1051 φάσκον
1339 980 1533 1050 λόγιον·
1563 1001 1580 1032 ι
1593 982 1742 1034 Κατι-

157 1073 317 1127 έπιεν
357 1075 388 1126 6
432 1074 660 1137 θάνατος
700 1074 945 1144 ἰσχύσας.
969 1095 988 1126 1
1024 1076 1134 1130 Καὶ
1161 1075 1354 1129 πάλιν·
1393 1094 1412 1127 ι
1449 1077 1690 1145 ’Δφεϊλεν
1715 1079 1744 1130 6

157 1168 298 1232 Θεὸς
325 1168 434 1222 πᾶν
459 1168 689 1239 δάκρυον
714 1167 822 1221 61:6
852 1169 1054 1232 παντὸς
1071 1169 1382 1241 προσώπου.
1413 1189 1430 1221 1
1466 1171 1742 1242 Τηρητέον

152 1261 217 1314 δὲ
243 1259 324 1313 δτι
350 1259 426 1331 μὴ
447 1259 720 1314 διαπίπτει
741 1263 770 1314 6
793 1261 1038 1333 χρησμὸς
1061 1264 1088 1316 6
1111 1268 1288 1334 φήσας
1308 1304 1322 1328 ,
1359 1283 1378 1315 ι
1402 1265 1477 1318 Οὐ
1510 1266 1583 1337 μὴ
1609 1267 1742 1319 ἀνα-

157 1355 262 1424 στῇ
309 1356 374 1407 ὲκ
421 1354 734 1424 σπέρματος
790 1354 1039 1424 Ἰεχονίου
1085 1355 1392 1427 καθήμενος
1429 1357 1522 1410 61:1
1554 1357 1741 1428 θρόνου

150 1445 344 1509 Δασιε,
373 1444 555 1516 ἄρχων
584 1444 666 1498 ἔτι
691 1445 748 1498 ὲν
773 1444 852 1516 τῷ
897 1443 1064 1516 Ἰούδᾳ
1083 1463 1098 1479 ο
1126 1465 1144 1498 1
1180 1449 1302 1500 ἐπεὶ
1336 1447 1525 1519 μηδεὶς
1553 1449 1617 1502 ὲκ
1645 1449 1744 1519 τῆς

148 1535 256 1590 τοῦ
299 1535 469 1591 Ἰούδα
501 1536 673 1608 φυλῆς
705 1537 842 1609 μετὰ
878 1539 1128 1609 Ἰεχονίαν
1153 1540 1251 1610 τῆς
1275 1539 1369 1592 τοῦ
1401 1540 1564 1594 A6616
1592 1539 1744 1611 βασι-

149 1627 314 1693 λείας
339 1629 573 1702 κατέστη
603 1630 842 1701 διάδοχος
863 1649 877 1661 ο
908 1632 1045 1702 μετά
1074 1631 1206 1700 γοῦν
1233 1633 1332 1702 τὴν
1361 1632 1469 1686 ἀπὸ
1489 1633 1742 1686 Βαϐυλῶ-

151 1737 250 1785 νος
293 1721 668 1793 αἰχμαλωσίαν
687 1764 701 1788 ,
746 1723 850 1778 ὑπὸ
889 1727 1003 1789 τοῖς
1034 1726 1351 1799 ἀρχιερεῦσι
1380 1726 1649 1780 διετέλεσε
1680 1728 1741 1781 τὸ

152 1780 272 1866 πάν
294 1780 446 1878 ιθζὸς
464 1780 762 1888 ἀρχόμενον
790 1815 950 1888 μέχρι
971 1780 1183 1888 ἑῆέτῖῡ
1198 1780 1453 1889 έωτῆρος
1473 1818 1627 1890 ήμῶν
1644 1820 1742 1890 Ἰη-
1775 1780 1814 1836 8

153 1904 258 1959 σοῦ
277 1907 515 1976 Χριστοῦ
534 1909 857 1980 παρουσίαςσ
873 1905 1013 1980 ἦσαν
1036 1909 1166 1978 γοῦν
1195 1911 1313 1962 κατ’
1329 1908 1490 1962 αὐτὸν
1509 1908 1741 1981 τετράρ-

150 2016 251 2069 χαι
285 1999 336 2051 οἰ
369 2000 498 2070 περὶ
532 1999 624 2053 τὸν
665 1999 910 2072 Ἡρώδην
943 2002 1038 2054 καὶ
1074 2001 1373 2065 Φίλιππον,
1422 2000 1643 2073 ἡγεμών
1681 2018 1741 2054 τε

151 2091 392 2157 nemo;
415 2133 429 2156 ,
466 2093 561 2146 καὶ
588 2094 680 2148 61:1
705 2095 840 2148 πᾶσι
879 2093 1152 2164 βασιλεύς.

895 2227 998 2286 IA'.

149 2343 262 2396 Διὰ
289 2343 348 2396 τί
367 2341 498 2415 ταῖς
525 2343 596 2397 ἐν
618 2341 692 2415 τῇ
712 2345 1061 2415 γενεαλογίᾳ
1081 2344 1361 2415 κέχρηται
1383 2345 1734 2400 ὐποδιαστο·

227 2415 387 2486 λαῑς,
427 2413 515 2486 μὴ
557 2414 708 2486 ὁμοῦ
742 2413 1029 2486 συνάψας
1058 2413 1195 2469 ἀπό
1223 2417 1466 2486 Ἀϐραὰμ
1501 2416 1602 2470 ἐπὶ
1633 2417 1740 2470 τὸν

227 2484 491 2553 Χριστὸν
518 2484 726 2553 γενεὰς
762 2485 1216 2553 τεσσαράκοντα
1256 2486 1385 2550 δύο,
1424 2484 1640 2541 διελὼν
1671 2487 1740 2541 δὲ

228 2555 338 2619 τὰς
367 2552 652 2622 διαδοχὰς
681 2557 807 2609 καθ’
837 2552 1202 2621 οὒς-ἐξέθετο
1233 2556 1621 2627 ἀρορισμούς.

240 2645 341 2699 Διά
379 2644 478 2709 τὰς
515 2645 802 2717 διαφόρους
844 2647 1210 2710 καταστάσεις
1246 2647 1338 2700 τοῦ
1375 2647 1504 2701 λαοῦ
1535 2649 1632 2711 τὰς
1673 2651 1737 2702 ὲκ

153 2737 260 2807 τῆς
302 2736 544 2808 ἱστορίας
574 2738 1000 2809 παρισταμένας·
1037 2737 1168 2810 ἄλλη
1190 2740 1300 2810 ομὲν
1331 2741 1438 2812 γὰρ
1469 2736 1538 2811 ἦν
1569 2743 1601 2812 ή
1631 2742 1738 2796 61:6

168 2828 428 2903 Ἀδραάμ
475 2829 571 2884 καὶ
617 2830 709 2883 61:1
755 2829 938 2894 66616,
990 2831 1084 2882 καὶ
1138 2831 1299 2884 πάλιν
1348 2831 1511 2904 ἑτέρα
1553 2837 1584 2905 ὴ
1630 2834 1737 2888 61:6

158 2921 346 2983 Δασὶδ,
371 2922 470 2993 ἦτε
510 2922 668 2993 μέχρι
697 2921 796 2992 τῆς
828 2921 1222 2991 αἰχμαλωσίας,
1253 2924 1329 2988 ώς
1358 2925 1519 2978 πάλιν
1559 2927 1591 2996 ἡ
1630 2925 1737 2978 61:6

155 3013 364 3083 ταύτης
388 3013 550 3084 μέχρι
577 3013 669 3067 τοῦ
690 3012 943 3084 Χριστοῦο
975 3015 1081 3067 61:6
1111 3015 1207 3084 μὲν
1231 3015 1339 3086 γὰρ
1376 3015 1622 3087 Ἀϐραὰμ
1645 3017 1737 3070 61:1

158 3104 250 3156 τὸν
274 3103 440 3157 Δαϐὶδ
467 3105 526 3157 οὐ
560 3103 836 3174 φαίνονται
863 3105 967 3160 ὑπὸ
989 3104 1240 3175 βασιλέας
1270 3106 1732 3178 πολιτευσάμενος

156 3188 334 3266 ἦρξαν
378 3193 435 3248 δὲ
479 3194 572 3248 τοῦ
605 3194 790 3260 ἔθνους
837 3195 976 3266 μετὰ
1018 3197 1258 3250 Μωῡσέα
1304 3197 1396 3250 καὶ
1447 3196 1651 3270 Ἰησοῦν
1690 3201 1738 3252 οἰ

157 3285 546 3357 ὲπικληθέντες
582 3289 706 3358 παρ’
740 3288 924 3350 αὐτοῖς
974 3287 1187 3360 κριταί⁶
1223 3289 1316 3341 καὶ
1359 3283 1428 3361 ἦν
1475 3306 1559 3354 τις
1611 3289 1738 3355 ίδιος

157 3377 362 3450 τρόπος
389 3378 488 3448 τῆς
518 3381 723 3433 τούτων
763 3379 1144 3444 καταϐάσεωςο
1179 3379 1292 3433 ἀλλ’
1325 3381 1444 3435 οὐδὲ
1473 3381 1541 3435 τὰ
1576 3381 1736 3454 Ἱερο-

159 3466 375 3539 σόλυμά
413 3485 530 3532 πως
572 3469 934 3539 συνειστήκει,
967 3469 1088 3522 ούδέ
1121 3486 1185 3537 γε
1218 3470 1246 3522 6
1279 3471 1336 3523 ὲν
1366 3472 1548 3535 αὐτοῖς
1581 3471 1735 3536 νεώς·

155 3559 348 3628 διόπερ
381 3558 757 3630 ἐπιστημόνως
783 3561 810 3612 6
841 3558 1231 3631 εὐαγγελιστὴς
1264 3559 1338 3632 μὴ
1371 3561 1616 3632 συγχέων
1643 3560 1740 3633 τὴν

158 3650 425 3721 ἱστορίαν,
456 3648 616 3722 μέχρι
649 3649 812 3702 Δαόἰδ
842 3649 993 3720 ἔστη,
1029 3649 1154 3714 τοὺς
1177 3650 1285 3703 61:6
1323 3649 1573 3722 Ἀϐραὰμ
1598 3651 1742 3714 ἰδίως

156 3741 576 3814 καταριθμήσας
602 3759 616 3772 ο
650 3738 749 3795 εἰτ’
781 3738 873 3796 οὖν
909 3742 1070 3795 πάλιν
1111 3741 1404 3814 ἐπειδήπερ
1435 3743 1544 3796 61:6
1579 3743 1743 3798 Δαϐὶδ

157 3836 254 3890 καὶ
285 3834 446 3906 μέχρι
480 3833 994 3906 τῆς-αἰχμαλωσίας
1023 3836 1243 3899 οἰκείοις
1267 3834 1558 3905 κέχρηνται
1589 3834 1742 3905 βασι⁸

155 3927 330 3992 λεῦσι,
360 3929 472 3990 τοῖς
490 3943 549 3979 τε
565 3926 674 3980 61:6
696 3925 858 3979 Δαϐὶδ
882 3925 1075 3998 ἄρξασι
1095 3928 1318 3990 καὶτοῖς
1350 3928 1406 3980 6v
1425 3929 1491 3998 τῇ
1525 3926 1744 3980 διαστά-

158 4037 244 4074 σει
276 4017 372 4072 τοῦ
419 4017 549 4073 λαοῦ
601 4017 943 4089 γενομένοις·
984 4018 1042 4070 τό
1087 4034 1144 4070 τε
1191 4019 1248 4070 ὲν
1287 4019 1353 4088 τῇ
1392 4017 1744 4089 Ἰερουσαλὴμ

159 4109 308 4182 ἰερδν
337 4110 397 4175 ἐξ
435 4110 642 4163 ἐκείνου
677 4110 769 4164 καὶ
802 4109 960 4181 μέχρι
997 4111 1097 4180 τῆς
1124 4108 1497 4179 αἰχμαλωσίας
1530 4108 1744 4180 διήρκε-

159 4219 274 4267 σεν,
317 4203 540 4266 εἰκότως
571 4203 664 4256 καὶ
696 4201 914 4265 τούτους
947 4201 1108 4254 πάλιν
1149 4201 1294 4266 ἰδίως
1328 4202 1615 4273 ἀφορίσας,
1652 4202 1740 4271 ὑφ’

154 4295 258 4350 ἕνα
285 4296 588 4367 συνήγαγεν
615 4293 846 4366 ἀριθμόν
867 4312 879 4325 ·
913 4292 1100 4366 ὥσπερ
1129 4289 1221 4348 οὖν
1246 4293 1341 4347 καὶ
1367 4295 1494 4358 τοὺς
1520 4293 1626 4346 61:6
1647 4296 1744 4366 τῆς

158 4388 540 4460 αἰχμαλωσίας
573 4388 732 4460 μέχρι
758 4386 852 4440 τοῦ
875 4386 1134 4460 Χριστοῦ,
1164 4389 1294 4459 παρ’
1321 4381 1403 4450 οἷς
1435 4387 1617 4442 οὐκέτι
1645 4388 1744 4459 μὲν

1845 533 2038 582 aereas,
2067 526 2121 574 et
2143 529 2330 576 vectes
2372 519 2582 576 ferreos
2623 520 2916 592 confregit.
2970 520 3037 576 Et
3066 523 3307 592 suscepit
3335 538 3432 580 eos

1845 610 1914 667 de
1943 610 2030 666 via
2056 612 2364 683 iniquitatis
2385 628 2600 668 eorum.
2631 611 2916 667 Humiliati
2950 621 3081 669 sunt
3126 631 3139 666 :
3177 613 3272 669 sed
3296 613 3434 668 edu-

1845 701 1926 758 xit
1951 717 2047 758 eos
2070 701 2139 758 de
2167 703 2412 759 tenebris
2439 711 2494 759 et
2524 704 2717 759 umbra
2745 705 2940 760 mortis
2958 745 2974 770 ,
3015 711 3069 760 et
3095 703 3311 758 vincula
3338 719 3435 758 e0-

1846 809 1966 849 rum
1993 792 2232 864 disrupit
2258 793 2326 850 ".
2365 813 2384 847 1
2433 793 2560 850 Haec
2601 795 2865 850 nimirum
2895 793 2962 850 de
2999 793 3373 864 redemptione
3401 808 3434 848 δ

1845 892 2021 941 morte
2071 901 2167 957 per
2215 885 2495 942 Christum
2542 887 2837 953 dicuntur;
2889 887 2978 942 cui
3030 889 3109 942 rei
3164 893 3434 942 consonat

1847 976 1990 1032 aliud
2020 977 2302 1032 oraculum
2334 997 2348 1032 :
2386 997 2406 1030 ι
2445 977 2736 1034 Devoravit
2780 994 2932 1034 mors
2975 977 3277 1050 praevalens
3307 978 3374 1033 “.
3406 999 3426 1030 1

1845 1067 2172 1140 Rursusque
2211 1090 2223 1125 :
2266 1087 2285 1119 ι
2323 1069 2565 1123 Abstulit
2592 1068 2735 1126 Deus
2765 1084 2981 1124 omnem
3015 1070 3310 1141 lacrymam
3361 1067 3432 1124 ab

1845 1161 1994 1215 omni
2044 1161 2182 1216 facie
2209 1161 2277 1216 ⁸⁷.
2316 1179 2334 1212 1
2373 1158 2543 1214 Porro
2583 1159 3126 1216 animadvertendum
3173 1167 3288 1222 est.
3321 1175 3432 1215 non

1845 1251 2098 1306 excidere
2133 1251 2453 1306 vaticinium
2489 1251 2634 1321 quod
2665 1251 2739 1304 ait
2768 1269 2780 1304 :
2823 1269 2840 1302 ι
2876 1249 2996 1305 Νοη
3031 1257 3217 1322 surget
3247 1248 3315 1305 de
3341 1266 3434 1320 ge-

1845 1359 1976 1400 nere
2017 1342 2298 1400 Jecbonia:
2330 1344 2425 1414 qui
2460 1345 2646 1399 sedeat
2680 1359 2847 1414 super
2881 1344 3138 1398 thronum
3185 1342 3429 1408 Davidis,

1844 1440 1936 1510 qui
1969 1437 2201 1494 ulterius
2232 1440 2287 1493 in
2316 1438 2457 1493 Juda
2514 1439 2745 1509 imperet
2775 1456 2788 1492 :
2833 1457 2852 1491 1
2883 1439 3010 1509 quia
3043 1453 3206 1494 nemo
3242 1452 3434 1509 reapse

1844 1531 1913 1587 de
1955 1530 2101 1585 tribu
2133 1529 2287 1586 Judae
2318 1539 2442 1602 post
2489 1527 2810 1586 Jccboniam
2840 1529 3085 1584 Davidici
3127 1529 3280 1599 regni
3329 1528 3432 1584 fuit

1846 1635 2156 1678 successor.
2206 1620 2422 1677 Etenim
2467 1629 2592 1692 post
2641 1619 3030 1693 Babylonicam
3060 1620 3430 1691 captivitatem

1846 1714 2062 1769 subdita
2106 1714 2209 1770 fuit
2247 1713 2599 1786 pontificibus
2646 1715 2904 1769 universa
2954 1727 3092 1782 gens
3134 1727 3312 1783 usque
3359 1711 3430 1765 ad

1845 1803 2156 1862 Servatoris
2195 1805 2373 1862 nostri
2405 1805 2534 1861 Jesu
2580 1805 2788 1861 Christi
2834 1805 3126 1860 adventum
3171 1821 3186 1860 ι
3238 1803 3428 1875 quoin

1845 1895 2008 1951 terris
2031 1903 2305 1959 versante,
2337 1895 2626 1951 tetrarchae
2649 1903 2807 1951 erant
2835 1894 3078 1950 Herodes
3109 1901 3271 1966 atque
3302 1893 3430 1948 Phi-

1844 1989 2045 2058 lippus,
2073 2003 2280 2058 preses
2310 1987 2544 2054 Pilatus,
2574 1988 2941 2060 dominusque
2972 1988 3219 2043 omnium
3242 1987 3432 2045 Caesar

1842 2081 2158 2152 imperator.

2586 2215 2656 2271 XI

1841 2325 1952 2404 Cur
1978 2329 2296 2404 evangelista
2326 2339 2512 2384 utatur
2534 2329 2966 2386 distinctionibus
3012 2331 3427 2404 inigenealogia,

1911 2399 2052 2470 haud
2097 2399 2262 2453 simul
2307 2411 2588 2455 contexens
2639 2404 3000 2470 generationes
3035 2399 3430 2457 ab'Abralu'tmo

1911 2469 1980 2522 ad
2012 2470 2285 2525 Christum
2325 2472 2687 2542 quadraginta
2720 2473 2876 2537 duas,
2919 2473 3008 2527 sed
3040 2473 3280 2529 dividens
3306 2489 3427 2528 suc-

1910 2542 2170 2595 cessiones
2194 2556 2288 2610 per
2311 2558 2373 2594 ea
2397 2557 2515 2611 qute
2545 2543 2727 2596 scribit
2756 2553 3044 2614 segmenta.

1909 2631 2026 2688 Hoc
2067 2630 2198 2687 facit
2239 2641 2463 2704 propter
2486 2633 2731 2690 diversas
2760 2637 2945 2706 populi
2979 2635 3427 2702 constitutiones,

1836 2739 1959 2795 quae
2005 2739 2072 2778 ex
2123 2724 2352 2780 historia
2398 2726 2692 2796 exploratae
2723 2737 2872 2782 sunt.
2933 2727 3054 2781 Alia
3097 2728 3298 2798 quippe
3327 2727 3430 2784 fuit

1837 2817 2156 2872 constitutio
2204 2818 2273 2872 ab
2316 2817 2628 2872 Abrahamo
2670 2818 2738 2871 ad
2787 2817 3082 2885 Davidem,
3124 2835 3430 2889 rursusque

1837 2909 1943 2964 alia
1978 2923 2008 2962 a
2041 2907 2244 2963 Davide
2279 2924 2453 2980 usque
2480 2910 2545 2962 ad
2584 2909 2994 2978 captivitatem;
3027 2925 3189 2980 quam
3236 2909 3430 2966 subse-

1837 3001 2023 3071 quitur
2059 3001 2217 3054 tertia
2244 3016 2418 3070 usque
2451 3001 2518 3055 ad
2545 3001 2848 3056 Christum.
2883 2999 3127 3072 Namque
3153 3001 3220 3054 ab
3249 3001 3430 3057 Abra-

1839 3092 2001 3145 hamo
2041 3090 2110 3144 ad
2162 3089 2418 3144 Davidem
2452 3099 2670 3145 constat
2704 3089 2944 3146 Hebraeis
2996 3105 3104 3145 non
3144 3089 3315 3146 fuisse
3331 3107 3432 3160 re.

1842 3204 1958 3260 ges,
1994 3186 2090 3244 sed
2117 3187 2263 3258 genti
2294 3196 2417 3256 post
2445 3185 2684 3257 Moysem
2717 3194 2771 3240 et
2800 3185 3024 3240 Josuam
3071 3185 3432 3256 imperavisse

1840 3297 1958 3345 eos,
2009 3296 2149 3352 quos
2187 3280 2404 3350 judices
2449 3279 2792 3349 appellabant
2821 3299 2832 3332 :
2864 3287 2917 3334 et
2941 3284 3060 3334 erat
3087 3279 3308 3350 quidam
3335 3295 3432 3350 pe-

1841 3373 2065 3428 culiaris
2109 3386 2230 3426 mos
2261 3371 2456 3425 borum
2507 3370 2906 3426 successionis.
2968 3367 3074 3423 Sed
3105 3383 3283 3440 neque
3316 3366 3432 3423 for-

1841 3473 1988 3521 tasse
2040 3463 2422 3536 Hierosolyma
2476 3463 2654 3518 adhuc
2701 3470 2860 3518 erant
2903 3461 3194 3527 aediﬁcata,
3252 3475 3432 3533 neque

1840 3565 1988 3614 certe
2021 3556 2225 3612 ibidem
2258 3557 2544 3626 templum.
2577 3554 2758 3621 Quare
2796 3557 3072 3625 sapienter
3096 3555 3432 3626 evangelista

1841 3652 1960 3708 sine
1976 3650 2222 3706 historiae
2251 3651 2659 3722 perturbatione
2690 3652 2746 3704 in
2777 3649 2982 3706 Davide
3012 3651 3279 3718 substitit,
3299 3650 3430 3706 dum

1841 3743 2137 3798 Abrahami
2193 3751 2445 3814 posteros
2471 3743 2765 3814 separatim
2797 3750 3165 3797 enumeraret.
3224 3741 3430 3798 Deinde

1843 3852 2058 3901 rursus,
2101 3835 2360 3906 quoniam
2404 3851 2435 3889 a
2481 3834 2686 3890 Davide
2718 3833 2892 3906 usque
2935 3834 3002 3889 ad
3049 3833 3423 3904 captivitatem

1843 3929 2056 3986 Hebraei
2105 3931 2342 4000 propriis
2392 3931 2474 3985 usi
2520 3937 2648 3986 sunt
2680 3930 2920 4000 regibus,
2973 3928 3171 3999 partim
3203 3926 3429 3984 Davidis

1844 4021 2282 4085 successoribus,
2303 4021 2500 4092 partim
2532 4021 2600 4076 iis
2623 4019 2716 4090 qui
2746 4018 2932 4090 populi
2961 4026 3255 4089 segregatas
3280 4015 3425 4088 parti

1844 4115 2327 4186 imperitaverunt;
2376 4129 2486 4184 quo
2518 4120 2696 4169 tractu
2736 4111 3001 4182 temporis
3033 4108 3428 4181 Hierosolymis

1845 4209 2102 4279 templum
2135 4222 2166 4261 a
2193 4207 2418 4262 conditu
2458 4221 2560 4262 suo
2591 4221 2766 4276 usque
2807 4203 2876 4259 ad
2904 4203 3274 4274 captivitatem
3307 4215 3429 4272 per-

1845 4302 2149 4367 severavit;
2184 4301 2381 4356 merito
2423 4299 2756 4370 evangelista
2786 4297 2887 4354 bos
2915 4311 3133 4369 quoque
3163 4310 3428 4366 separaris

1847 4391 1950 4447 sub
1975 4390 2236 4460 peculiari
2267 4390 2447 4445 classe
2474 4389 2767 4443 conclusit.
2828 4385 2946 4442 iam
2975 4401 3103 4442 vero
3141 4385 3269 4456 quia
3302 4391 3428 4454 post

155 4485 192 4555 ὴ
229 4480 325 4536 τοῦ
369 4481 530 4536 60.616
573 4479 799 4554 συνέστη
844 4479 1106 4550 βασιλεία,
1143 4478 1557 4552 μεταπεπτώκει
1582 4480 1638 4534 δὲ
1675 4479 1740 4534 τὰ

1852 4486 2212 4556 captivitatem
2248 4499 2423 4555 usque
2472 4482 2540 4538 ad
2582 4481 2866 4538 Christum
2907 4481 3116 4534 nullum
3167 4479 3280 4549 jam
3309 4487 3430 4536 erat

158 4573 263 4644 τῆς
283 4572 580 4645 ἡγεμονίας
616 4569 723 4625 61:6
762 4570 860 4641 τῆς
885 4569 979 4622 τοῦ
1015 4570 1183 4624 ’ἰούδα
1210 4570 1382 4641 φυλῆς
1414 4571 1507 4624 61:1
1540 4571 1601 4623 τὸ
1631 4570 1741 4623 τῶν

160 4663 355 4736 ίερέων
376 4663 552 4733 γένος,
583 4663 631 4716 οἳ
659 4661 723 4734 δὴ
763 4661 855 4714 καὶ
883 4657 1056 4732 ἦρξαν
1083 4660 1261 4714 αὐτῶν
1290 4660 1398 4714 61:6
1425 4659 1533 4712 τῶν
1558 4659 1740 4730 Κύρου

159 4758 370 4831 χρόνων
403 4757 497 4811 καὶ
542 4757 631 4811 61:1
672 4757 772 4830 τὴν
814 4758 907 4810 τοῦ
941 4753 1178 4827 Χριστοῦ
1218 4755 1432 4824 γένεσιν
1452 4771 1464 4783 ·
1495 4753 1616 4806 ὅθεν
1650 4755 1743 4806 καὶ

157 4852 384 4916 τούτους
411 4851 553 4916 ἰδίως
575 4852 860 4924 ἀφορίσας,
887 4850 1004 4904 καθ’
1031 4850 1256 4913 ἑαυτοὺς
1279 4847 1582 4919 ἠρίθμησεν
1601 4863 1616 4878 ο
1641 4847 1741 4900 οὐκ

159 4946 562 5015 ἀσυλλογίστως
593 4946 701 5019 ἄρα
731 4943 830 5010 τὰς
856 4947 1005 5016 τρεῖς
1033 4942 1323 5014 πεποίηται
1346 4940 1626 5005 διαστολὰς
1654 4941 1743 4994 διὰ

159 5041 260 5105 τάς
293 5039 651 5104 ἀποδοθείσας
679 5039 874 5102 αἰτίας.

905 5173 1004 5226 ΙΒ’.

156 5288 262 5343 Διὰ
295 5288 354 5342 τί
379 5287 500 5341 ἀπὸ
553 5285 670 5357 τῶν
700 5285 878 5340 Δαὸὶδ
923 5286 1157 5356 χρόνων
1185 5285 1284 5338 ἐπὶ
1324 5284 1628 5357 Ἰεχονίαν(
1650 5281 1748 5357 καὶ

236 5359 354 5426 τὴν
386 5361 474 5423 εἰς
505 5354 834 5412 Βαϐυλῶνα
861 5354 1280 5426 αἰχμαλωσίαν
1311 5355 1459 5426 ἑπτὰ
1481 5355 1577 5408 καὶ
1601 5354 1749 5406 δέκα

228 5422 758 5494 βασιλευσάντων,
799 5422 1245 5495 δεκατέσσαρας
1289 5422 1445 5479 εἶναί
1485 5441 1632 5494 φησι
1661 5441 1747 5493 γε-

237 5500 380 5567 νεὰς
411 5502 443 5554 ό
471 5497 923 5570 wary-3.110169

236 5590 306 5647 α’.
338 5593 401 5646 Εἰ
434 5591 534 5664 μὲν
580 5589 827 5660 διαδοχὰς
867 5589 1202 5661 ἀναγράφειν
1235 5587 1382 5659 αὐτῷ
1433 5585 1722 5658 προῦκειτο

1847 4574 2070 4630 Davidis
2097 4589 2349 4645 regnum,
2408 4573 2504 4628 sed
2537 4587 2566 4625 a
2594 4571 2748 4627 Judae
2780 4571 2926 4626 tribu
2959 4569 3016 4624 in
3049 4583 3220 4641 genus
3247 4582 3432 4624 sacer-

1847 4666 2028 4723 dotale
2059 4666 2402 4736 principatus
2429 4664 2729 4729 deciderat,
2755 4679 2878 4734 qua:
2902 4661 3206 4718 dominatio
3235 4675 3266 4716 a
3300 4659 3431 4732 Cyri

1847 4759 2188 4829 temporibus
2220 4760 2285 4814 ad
2315 4758 2524 4814 Christi
2555 4758 2900 4813 nativitatem
2929 4755 3160 4823 mansit;
3222 4755 3434 4812 idcirco

1848 4860 1903 4907 et
1934 4851 2034 4906 bos
2057 4866 2408 4907 successores
2438 4861 2690 4922 separata
2722 4849 2779 4905 in
2812 4849 2989 4905 classe
3011 4847 3305 4904 recensuit.
3336 4846 3435 4901 At-

1849 4959 1957 5016 que
2002 4943 2086 4998 bte
2134 4959 2315 5000 causae
2359 4943 2602 5006 fuerunt,
2632 4950 2858 5013 propter
2899 4955 3038 5012 quas
3062 4939 3207 4996 baud
3230 4946 3436 4996 temere

1847 5035 2180 5108 evangelista
2208 5043 2318 5093 tres
2351 5035 2480 5092 fecit
2514 5037 2922 5092 distinctiones.

2580 5168 2694 5225 Xll.

1848 5279 1958 5339 Cur
1988 5301 2107 5338 cum
2139 5301 2172 5337 α
2204 5282 2424 5338 Davidis
2458 5283 2777 5351 temporibus
2807 5298 2968 5352 usque
3011 5280 3080 5335 ad
3118 5278 3431 5334 Jechoniam

1919 5371 2011 5409 seu
2042 5355 2111 5408 ad
2141 5355 2520 5426 Babylonicum
2557 5351 2918 5422 captivitatem
2934 5351 3309 5426 septemdecim
3344 5365 3430 5404 re-

1921 5443 2022 5549 ge;
2040 5421 2275 5496 fuerint;
2293 5421 2649 5496 generationes
2681 5421 3078 5494 quatuor-decim
3101 5421 3245 5476 dicat
3275 5437 3432 5475 evan-

1921 5513 1980 5551 ae
2006 5508 2132 5551 ista.

1920 5513 2132 5567 geusta.

1930 5588 1975 5645 Ι.
2019 5587 2076 5642 Si
2111 5587 2491 5645 successiones
2536 5585 2777 5644 scribere
2810 5584 3151 5659 propositum
3179 5583 3435 5641 Mattbm

243 5797 288 5829 "
332 5795 470 5852 [τεαὶ.
510 5813 617 5862 cvt,
650 5795 848 5862 20,2l,
884 5794 965 5859 ll,
1011 5793 1069 5850 16
1111 5793 1189 5849 l7.
1269 5795 1311 5827 ⁸⁸
1351 5793 1455 5849 Isa.
1498 5807 1621 5855 xxv,
1657 5788 1704 5843 8.

1873 5789 2000 5844 ibid.
