3846 6220
389 275 496 339 923

916 290 921 295 ·
1006 280 1013 283 ⁷
1042 259 1325 331 ΕΠΒΕΒΠ
1358 270 1844 329 ϐίΕδΔΒΙΕΝΞΙΒ
1872 271 1998 329 .OPF

2112 272 2258 328 'ARS
2297 270 2381 328 ΙΙΙ.
2406 304 2487 315 --
2521 266 2934 328 EXEGETICA.

3556 266 3679 322 99.4

389 388 586 444 fuisset
608 425 623 450 ,
669 384 919 456 speciose
958 383 1112 439 hunc
1158 382 1358 455 aliquis
1388 382 1847 453 reprehenderet,
1875 399 1974 439 ceu

2115 387 2172 439 αἰ
2203 385 2441 454 εὐλόγως
2473 403 2558 449 τις
2586 385 2873 456 ἐμέμψατο
2903 384 2981 446 ὡς
3010 380 3403 452 παρεκθεμὲνῳ
3433 375 3535 452 τῆν
3554 382 3680 433 τῶν

389 482 483 554 qui
518 494 707 552 regum
740 478 937 535 seriem
971 476 1304 548 abrupisset.
1358 477 1650 533 Constanti
1694 477 1840 532 enim
1899 477 1979 534 af-

393 574 703 643 ﬁrmatione
733 573 787 626 in
806 570 1015 643 Regum
1045 570 1205 626 libris
1236 581 1288 625 et
1313 571 1368 626 in
1395 569 1829 640 Paralipomenis
1856 579 1980 641 post

390 664 674 721 Joramum
693 662 978 733 Josaphati
1012 662 1180 717 ﬁlium
1213 669 1326 718 tres
1351 662 1698 718 continenter
1725 670 1977 733 regnant,

392 756 703 821 Ochozias,
748 754 950 812 Joasus
997 761 1053 809 et
1088 754 1341 811 Amesias
1382 772 1396 808 :
1431 754 1635 825 quibus
1683 755 1984 810 succedunt

395 847 579 911 Ozias,
608 844 932 901 Joathamus
960 852 1015 899 et
1041 843 1315 900 Achazus.
1351 841 1744 908 Nihilominus,
1763 852 1985 913 praeter-

395 939 584 994 missis
643 937 980 1007 evangelista
1038 936 1213 991 tribus
1244 935 1542 1006 prioribus,
1578 933 1800 991 Joramo
1823 933 1982 991 Josa-

322 1025 341 1067 ἰ
384 1028 549 1100 phati
585 1027 697 1082 ﬁlio
718 1026 904 1082 statim
933 1026 1210 1083 subnectit
1237 1026 1448 1093 Oziam,
1475 1025 1791 1083 Jothamum
1823 1038 1986 1098 atque

395 1119 699 1184 Achazum,
744 1118 1104 1174 intermedios
1134 1118 1257 1173 illos
1295 1121 1637 1188 praeteriens.
1696 1117 1754 1174 id
1787 1118 1871 1183 si,
1900 1119 1987 1172 in-

396 1224 585 1280 quam,
612 1208 833 1264 fecisset
866 1222 992 1264 cum
1027 1223 1214 1278 regum
1250 1208 1449 1263 seriem
1482 1215 1669 1264 texere
1709 1207 1986 1265 decrevis-

399 1307 506 1366 set,
556 1300 833 1369 scriptura
871 1299 993 1370 ejus
1022 1297 1282 1354 mendosa
1325 1298 1730 1369 quodammodo
1774 1299 1985 1357 videre.

404 1408 514 1455 iur.
550 1389 708 1446 Nunc
737 1405 928 1446 revera
952 1389 1099 1444 haud
1130 1390 1521 1447 successiones
1551 1390 1649 1446 sed
1680 1391 1987 1462 generatio-

396 1499 502 1539 nes
530 1497 857 1539 enumerare
884 1481 991 1537 sibi
1025 1482 1313 1553 pr0posuit
1350 1500 1363 1536 :
1398 1481 1502 1536 hoc
1538 1482 1687 1537 enim
1717 1483 1991 1554 signiﬁcat

390 1558 587 1630 sermo
615 1573 851 1628 dicentis
892 1590 905 1626 :
959 1591 978 1623 ι
1015 1571 1218 1627 Omnes
1262 1573 1449 1644 itaque
1500 1574 1885 1643 generationes
1920 1575 1990 1631 ab

401 1660 717 1717 Abrahamo
747 1676 923 1731 usque
951 1659 1021 1714 ad
1062 1658 1325 1716 Davidem
1347 1700 1362 1726 ,
1409 1662 1792 1730 generationes
1846 1679 1979 1734 quav

402 1752 708 1808 tuordecim
740 1772 751 1808 :
781 1767 1086 1824 rursusque
1111 1766 1142 1805 a
1160 1750 1363 1809 Davide
1386 1769 1560 1825 usque
1584 1755 1653 1809 ad
1668 1753 1992 1810 Jechoniam
2021 1754 2065 1809 B

405 1860 504 1901 seu
530 1843 599 1898 ad
633 1842 1023 1915 Babylonicam
1068 1844 1609 1916 transmigrationem
1632 1888 1650 1915 ,
1685 1849 1992 1918 generatio-

404 1951 504 1991 nes
552 1934 969 2007 quatuordecim
1008 1954 1027 1988 ι
1078 1949 1191 1990 non
1240 1936 1622 1992 successiones
1652 1938 1991 2009 quatuorde-

404 2021 548 2094 cim;
580 2027 778 2081 merito
802 2026 976 2099 igitur
996 2027 1145 2081 omni
1165 2027 1596 2097 reprehensione
1615 2030 1844 2086 carebit.
1873 2029 1993 2086 Jam

406 2118 536 2188 quia
555 2117 845 2173 Matthaeus
877 2118 1293 2174 successionum
1325 2119 1544 2174 nomine
1574 2134 1685 2176 non
1714 2128 1800 2177 est
1828 2137 1993 2190 usus;

406 2225 597 2282 regum
624 2218 806 2266 autem
834 2211 1063 2267 historia
1094 2220 1148 2267 et
1170 2209 1587 2281 Paralipomena
1617 2200 1995 2269 successiones

407 2308 638 2354 narrant
664 2316 773 2356 non
795 2303 1200 2373 generationes,
1222 2303 1373 2357 nulla
1405 2303 1459 2357 in
1489 2303 1689 2359 horum
1718 2319 2001 2375 compara-

409 2390 561 2447 tione
586 2407 769 2463 pugna
795 2402 1045 2464 apparet.

474 2482 533 2536 2.
551 2485 664 2554 Age
685 2499 814 2540 vero
829 2486 1201 2557 generationis
1213 2487 1437 2543 nomine
1452 2487 1728 2558 appellare
1745 2503 1855 2542 non
1870 2488 1998 2543 licet

413 2574 656 2630 hominis
693 2583 931 2642 aetatem,
953 2579 1212 2646 quoniam
1236 2595 1379 2651 saepe
1413 2580 1613 2635 accidit
1639 2580 1761 2635 aliis
1782 2580 2000 2651 quidem

408 2664 648 2721 breviter
667 2668 852 2723 vivere
872 2669 1231 2741 celeriterque
1252 2669 1526 2741 exstingui
1544 2679 1703 2727 aetate
1726 2670 1963 2726 infanti‘li
1983 2690 2005 2743 ί

408 2756 537 2814 aliis
567 2772 743 2828 usque
771 2759 840 2814 ad
876 2760 1163 2831 pueritiam
1196 2762 1417 2830 venire;
1446 2763 1568 2819 aliis
1604 2764 2000 2833 adjuventam;

411 2847 536 2904 aliis
563 2850 630 2903 ad
658 2849 872 2905 virilem
902 2859 1119 2905 :etatem
1153 2870 1167 2919 ;
1196 2852 1319 2908 aliis
1349 2852 1591 2925 denique
1617 2854 1685 2910 ad
1704 2861 2004 2909 extremam

412 2954 590 3010 usque
609 2948 885 2996 senectam
900 2943 1066 2996 vitam
1087 2943 1409 3013 producere.
1429 2945 1603 3011 Quam
1628 2960 1754 3001 vero
1772 2946 2006 3001 aestima-

411 3044 471 3085 re
496 3030 623 3085 licet
642 3031 1051 3101 generationem
1066 3033 1089 3086 ?
1104 3033 1374 3103 siquidem
1399 3036 1540 3090 alius
1564 3034 1697 3090 vivit
1728 3050 1902 3105 usque
1928 3035 1994 3089 ad

411 3121 686 3176 decimum
710 3137 937 3189 annum,
958 3124 1101 3180 alius
1129 3125 1198 3180 ad
1223 3126 1723 3191 vicesimum,alius
1748 3126 1818 3181 ad
1845 3126 2000 3197 quin-

413 3212 820 3282 quagesimum,
852 3214 995 3268 alius
1025 3231 1201 3285 usque
1225 3215 1293 3270 ad
1324 3217 1823 3287 septuagesimum;
1860 3215 2001 3269 alius

414 3301 652 3372 denique
694 3303 780 3357 vel
825 3304 1189 3360 centesimum
1243 3308 1592 3376 superavisse
1639 3322 1843 3360 annum
1892 3321 2003 3360 non

416 3392 563 3464 apud
613 3401 832 3450 veteres
876 3395 1077 3460 solum,
1124 3413 1315 3452 verum
1347 3398 1511 3453 etiam
1546 3398 1691 3469 apud
1740 3414 1841 3453 nos
1872 3414 2005 3453 con-

417 3472 673 3556 spicitur.
727 3486 840 3542 Cur
879 3487 1047 3557 igitur
1076 3489 1396 3543 existimant
1438 3489 1676 3545 hominis
1709 3490 1877 3544 vitam
1907 3506 2005 3560 ap-

414 3575 728 3647 pellandam
778 3593 902 3633 esse
934 3579 1380 3657 generationem?
1433 3578 1539 3635 Sed
1574 3596 1751 3651 neque
1793 3588 2005 3650 tempus

419 3682 596 3738 usque
628 3669 695 3724 ad
722 3670 930 3741 prolem
962 3670 1141 3741 primo
1186 3680 1497 3741 susceptam
1530 3671 1612 3728 sic
1639 3673 1915 3743 appellare
1940 3673 2007 3726 li-

418 3766 508 3816 cet
534 3780 549 3815 :
581 3771 821 3833 namiiue
844 3763 937 3817 alii
965 3771 1091 3818 ante
1114 3763 1290 3819 aetatis
1322 3779 1526 3817 annum
1549 3762 1875 3834 vigesimum
1904 3779 2007 3833 nu:

418 3852 613 3910 bentes
643 3854 872 3925 gignunt
925 3872 938 3909 :
989 3854 1083 3908 alii
1118 3870 1186 3909 ne
1226 3862 1352 3925 post
1400 3854 1742 3926 trigesimum
1787 3855 2007 3926 quidem

419 3944 598 3999 aetatis
614 3959 819 3999 annum
842 3964 855 4000 :
874 3951 929 4001 et
946 3952 1252 4001 comtaneos
1275 3961 1493 4021 quoque
1515 3945 1870 4012 videas,alios
1885 3942 2009 4016 qui-

422 4037 546 4091 dem
599 4035 655 4090 in
698 4036 877 4107 prima
911 4037 1163 4107 genitura
1212 4037 1392 4092 adhuc
1428 4036 1816 4103 consistentes,
1870 4038 2009 4092 alios

418 4127 532 4197 jam
579 4129 636 4182 in
668 4137 919 4199 quartam
950 4146 1310 4202 progressos;
1355 4132 1429 4185 ita
1462 4140 1520 4186 ut
1553 4130 2010 4202 quinquagesimo

423 4235 570 4276 anno
596 4220 688 4275 alii
718 4231 942 4293 nepotes
979 4222 1217 4287 videant,
1277 4224 1369 4277 alii
1410 4239 1540 4279 vero
1569 4241 1639 4280 ne
1664 4223 2009 4294 septuaginta

423 4312 643 4385 quidem
690 4329 957 4370 annorum
984 4316 1172 4386 'spatio
1205 4317 1413 4387 prolem
1464 4317 1632 4370 ullam
1684 4315 2011 4369 nanciscen-

422 4411 533 4461 tur.
567 4404 688 4473 Quo
714 4414 876 4477 pacto
902 4407 1071 4478 igitur
1097 4406 1452 4463 numeranda:
1486 4415 1670 4462 essent
1698 4406 2007 4477 generatio—
2038 4444 2081 4498 Β

423 4511 544 4563 nes,
572 4512 605 4552 a
632 4498 924 4554 macrobiis
948 4514 1019 4553 an
1049 4499 1117 4553 ab
1143 4499 1577 4570 oligochroniis?
1612 4513 1643 4551 a
1670 4505 1902 4560 mature,
1935 4512 2006 4550 an

423 4585 457 4644 a
498 4603 623 4645 sero
669 4589 1053 4661 gignentibus?
1103 4590 1173 4645 ab
1220 4591 1288 4647 iis
1338 4591 1429 4662 qui
1461 4591 1515 4644 in
1544 4590 1719 4661 prima
1754 4587 2006 4658 genitura

422 4689 734 4745 versantur,
770 4697 838 4735 an
874 4681 1031 4737 abiis
1062 4681 1270 4751 quibus
1296 4681 1408 4752 jam
1436 4682 1623 4751 plures
1648 4680 1807 4735 liberi
1834 4678 2007 4734 sunt?

420 4768 637 4838 Quibus
668 4771 741 4825 ita
775 4773 1059 4842 perpensis
1096 4773 1265 4829 divus
1313 4775 1669 4844 evangelista,
1703 4772 1848 4828 haud
1880 4788 2007 4827 suc-

424 4862 703 4918 cessiones
733 4863 977 4919 scribere
1004 4864 1254 4927 studens,
1271 4865 1365 4919 sed
1397 4867 1779 4935 generationes
1810 4880 2007 4919 secun-

420 4951 554 5007 dum
581 4954 849 5009 rationem
883 4954 987 5011 sibi
1021 4956 1355 5026 exploratam
1387 4971 1750 5022 enumerans,
1784 4971 2006 5012 succes-

425 5046 645 5101 sionum
697 5046 987 5103 historiam
1034 5048 1299 5118 neglexit;
1353 5055 1434 5102 tot
1468 5062 1601 5102 vero
1649 5048 1897 5104 homines
1937 5046 2005 5101 ad

426 5137 797 5209 genealogiam
832 5140 1153 5209 assumpsit,
1185 5147 1321 5210 quot
1345 5140 1393 5195 ei
1417 5139 1757 5195 suﬂiciebant
1779 5140 1846 5194 ad
1877 5156 2007 5211 qua-

427 5229 728 5285 tuordecim
756 5240 1138 5302 generationes
1164 5233 1481 5305 explendas.
1536 5231 1628 5289 Sic
1653 5234 1772 5305 ejus
1797 5234 2072 5290 veridicus

428 5320 730 5377 traditioni.

524 5496 634 5568 17⁸)
660 5497 810 5569 βοά.
852 5499 977 5554 fem.
1016 5515 1231 5569 genere.
1272 5498 1363 5554 Sic
1393 5507 1538 5566 ante,
1579 5508 1633 5554 et
1663 5500 1822 5554 infra.

526 5566 623 5638 18)
654 5566 964 5623 Matthmum
1001 5566 1154 5638 putat
1193 5571 1462 5626 Eusebius
1495 5573 1851 5639 generationis
1906 5585 1999 5623 vo-

432 5639 628 5695 eabulo
661 5646 873 5692 certum
922 5639 1224 5710 quemdam
1263 5656 1327 5694 ac
1364 5642 1660 5696 solemnem
1700 5641 2002 5710 intelligere

427 5721 702 5766 annorum
746 5724 1053 5765 numerum.
1096 5708 1350 5767 PfOfCt'lO
1385 5711 1451 5768 de
1489 5714 1776 5782 temporali
1811 5708 1999 5780 γενεᾶς

2082 478 2346 549 βασιλέων
2366 478 2616 548 διαδοχήν
2639 495 2652 506 ·
2679 479 2737 528 έν
2756 477 2867 547 γὰρ
2885 478 3006 539 ταῖς
3021 474 3328 536 Βασιλείαις
3348 473 3443 525 καὶ
3466 475 3525 525 ὲν
3553 475 3679 534 τοῖς

2082 567 2579 639 Παραλειπομένοις
2598 566 2732 636 (17⁸)
2751 563 3055 635 συμφώνως
3075 564 3210 635 μετὰ
3235 564 3436 635 Ἰωρὰμ
3456 563 3553 615 τὸν
3571 560 3679 615 τοῦ

2051 673 2057 680 ’
2094 661 2384 730 Ἰωσαφὰτ,
2418 659 2584 731 τριῶν
2627 657 2822 730 ἑφεξῆς
2855 657 3286 729 βασιλευσάντων
3332 653 3549 726 ὐχοζία
3576 656 3683 707 καὶ

2096 753 2244 818 Ἰωὰς
2262 755 2359 808 καὶ
2393 752 2639 821 Ἀμεσία,
2656 746 2775 804 εἶτα
2794 754 2908 822 μετ’
2925 750 3118 812 αὐτοὺς
3146 748 3297 812 Ὀζία
3311 749 3403 801 καὶ
3432 746 3684 816 Ἰωάθαμ

2085 849 2179 901 καὶ
2200 844 2393 917 Ἀχαζ,
2413 843 2697 917 παρελθὼν
2710 844 2837 907 τοὺς
2852 842 3147 914 προτέρους
3160 842 3286 902 τοὺς
3299 842 3450 911 τρεῖς
3466 842 3496 892 6
3507 839 3685 906 εὐαγο

2084 941 2358 1012 γελιστὴς,
2375 939 2512 1011 μετὰ
2537 936 2741 1010 Ἰωρὰμ
2763 936 2854 990 τὸν
2864 936 2958 990 τοῦ
2984 933 3251 1003 Ἰωσαφάτ
3265 932 3390 1003 ἑξῆς
3406 931 3684 985 συνάπτει

2085 1037 2175 1090 τὸν
2190 1034 2282 1099 ’οζ
2287 1034 2370 1087 ίαν
2398 1033 2491 1087 καὶ
2515 1031 2604 1087 τὸν
2621 1029 2858 1101 Ἰωάθαμ
2882 1028 2973 1082 καὶ
2989 1028 3078 1080 τὸν
3098 1026 3293 1097 Ἀχαζ,
3307 1026 3435 1087 τοὺς
3450 1024 3688 1095 εἰρημέ-

2086 1147 2209 1193 νους
2243 1127 2444 1199 μεταξὺ
2472 1124 2759 1197 παρελθὼν
2779 1141 2793 1154 ’
2822 1122 2981 1176 τοῦτο
3009 1122 3052 1175 δ’
3082 1123 3129 1173 εί
3156 1123 3447 1192 πεποιήκει
3472 1119 3689 1173 σκοπὸν

2088 1221 2312 1292 θέμενος
2339 1220 2437 1290 τὴν
2480 1219 2591 1272 τῶν
2621 1215 2884 1288 βασιλέων
2927 1215 3175 1285 διαδοχὴν
3216 1213 3499 1278 ἐκθέσθαι,
3537 1214 3691 1283 χρῆν

2086 1315 2161 1377 ὼς
2191 1310 2584 1384 ήμαρτημένην
2625 1308 2880 1362 ἐκθέσθαι
2920 1305 3026 1377 ,τὴν
3072 1308 3202 1377 παρ’
3232 1304 3386 1375 αὐτῷ
3417 1307 3648 1375 γραφήν
3670 1320 3690 1334 ’

2088 1405 2276 1476 ἐπειδὴ
2307 1403 2364 1456 δὲ
2391 1404 2453 1456 οὐ
2487 1399 2761 1471 διαδοχὰς,
2791 1399 2926 1454 ἀλλὰ
2951 1397 3144 1467 γενεὰς
3169 1396 3479 1469 ἀριθμῆσαι
3514 1396 3697 1466 ’προῦ-

2090 1495 2232 1560 θετο,
2256 1494 2415 1549 τοῦτο
2436 1493 2545 1565 γὰρ
2575 1496 2603 1547 6
2627 1492 2783 1561 λόγος
2804 1489 2954 1562 αὐτῷ
2982 1489 3228 1561 βούλεται
3252 1490 3491 1560 φήσαντι
3522 1508 3541 1539 ι
3572 1489 3697 1542 Πᾶ-

2093 1606 2181 1642 σαι
2206 1586 2300 1641 οὖν
2331 1587 2388 1640 αί
2422 1586 2609 1655 γενεαὶ
2641 1582 2749 1637 ἀπὸ
2785 1580 3037 1653 Ἀϐραὰμ
3069 1580 3229 1651 μέχρι
3271 1577 3456 1643 Δαϐὶδ,
3496 1577 3701 1645 γενεαὶ

2090 1681 2487 1752 δεκατέσσαρες
2507 1695 2522 1710 ο
2551 1679 2646 1732 καὶ
2680 1677 2840 1732 πάλιν
2871 1675 2981 1730 ἀπὸ
3021 1674 3184 1727 Δαϐὶδ
3228 1671 3391 1745 μέχρι
3436 1671 3699 1741 Ἰεχονίου

2095 1774 2188 1828 καὶ
2232 1774 2334 1843 τῆς
2369 1770 2722 1844 μετοικησίας
2767 1767 3105 1833 Βαϐυλῶνος,
3132 1768 3320 1835 γενεαὶ
3355 1764 3704 1820 δεκατέσσα-

2095 1886 2187 1940 ρες
2223 1888 2242 1921 ι
2273 1867 2386 1921 ἀλλ’
2412 1867 2474 1919 οὐ
2510 1863 2750 1935 διαδοχαὶ
2779 1862 3198 1932 δεκατέσσαρες,
3236 1859 3463 1921 εἰκότως
3510 1856 3705 1927 πάσης

2094 1961 2369 2016 ἀπολύοιτ’
2407 1960 2473 2018 ἂν
2528 1958 2888 2030 κατηγορίας
2932 1956 3057 2011 ἐπεὶ
3100 1952 3187 2008 διὰ
3233 1952 3287 2005 τί
3323 1951 3398 2022 μὴ
3436 1948 3707 2020 διαδοχὰς

2095 2054 2369 2125 ὠνόμασε,
2400 2053 2497 2122 τῆς
2524 2052 2581 2105 δὲ
2621 2053 2678 2104 ὲν
2723 2053 2843 2114 ταῖς
2860 2047 3168 2110 Βασιλείαις
3206 2046 3303 2098 καὶ
3336 2042 3701 2114 Παραλειτοο-

2100 2148 2282 2218 μένοις
2316 2146 2555 2218 ἱστορίας
2590 2142 2840 2214 διαδοχὰς
2870 2140 2986 2196 ἀλλ’
3023 2141 3085 2194 οὐ
3123 2139 3316 2210 γενεὰς
3346 2138 3705 2209 ἱστορούσης,

2097 2241 2197 2294 οὐκ
2231 2239 2296 2293 ἂν
2320 2240 2528 2308 γένοιτο
2568 2236 2874 2306 ἐναντίωμα
2903 2237 2968 2290 ἐκ
3005 2234 3107 2305 τῆς
3139 2232 3467 2304 ἀμφοτέρων
3514 2248 3707 2302 παρα-

2100 2333 2320 2397 θέσεως.

2173 2490 2236 2563 β’.
2273 2490 2470 2544 Γενεάν
2503 2488 2611 2562 γὰρ
2643 2490 2835 2561 χρόνον
2860 2486 3146 2560 ἀνθρώπου
3181 2483 3328 2557 ζωῆς
3364 2486 3465 2555 οὐχ
3498 2480 3617 2538 οἶόν
3641 2484 3707 2537 τέ

2102 2585 2249 2637 ἐστιν
2292 2579 2598 2651 ὀνομάζειν,
2639 2579 2762 2632 ἐπεὶ
2803 2578 3091 2647 συμϐαίνει
3140 2575 3403 2638 πολλάκις
3436 2575 3568 2638 τοὺς
3601 2574 3704 2644 μὲν

2103 2677 2195 2729 ἐπὶ
2219 2676 2390 2747 βραχὺ
2418 2673 2626 2744 βιῶναι,
2652 2671 2746 2726 καὶ
2770 2670 2963 2723 θᾶττον
2995 2666 3405 2737 ἀποσϐεσθῆναι
3426 2664 3575 2717 κατὰ
3600 2666 3708 2732 τὴν

2104 2762 2196 2815 τοῦ
2228 2761 2414 2824 παιδὸς
2439 2761 2675 2832 ἡλικίαν,
2702 2759 2829 2822 τοὺς
2851 2758 2910 2811 δὲ
2941 2757 3102 2829 μέχρι
3129 2755 3222 2809 τοῦ
3255 2754 3547 2826 μειρακίου
3571 2753 3706 2822 φθά-

2108 2872 2218 2919 σαι,
2248 2856 2373 2919 τοὺς
2389 2853 2447 2906 δὲ
2476 2855 2568 2907 ἐπὶ
2585 2853 2677 2906 τὸν
2694 2852 2912 2906 νεανίαν
2944 2849 3250 2922 προελθεῖν,
3272 2849 3402 2912 τοὺς
3418 2847 3476 2901 δὲ
3498 2847 3595 2900 ἐπὶ
3608 2847 3704 2899 τὸν

2107 2946 2296 3015 ἄνδρα,
2318 2947 2445 3010 τοὺς
2469 2945 2527 2999 δὲ
2560 2944 2654 2999 καὶ⁸
2675 2925 3021 3014 ἐπ”ἐσχατον
3048 2943 3225 3013 γῆρας
3252 2942 3585 3012 παρατεῖναι
3598 2940 3702 3009 τὴν

2108 3039 2253 3110 ζωήν
2275 3055 2290 3070 ·
2311 3036 2471 3090 ποίαν
2487 3031 2580 3091 οὖν
2602 3053 2685 3100 τις
2705 3035 2998 3106 ἀριθμήσει
3029 3032 3256 3102 γενεάν;
3281 3034 3332 3085 εἰ
3358 3032 3388 3083 6
3412 3031 3516 3101 μὲν
3543 3031 3703 3101 φέρει

2105 3128 2265 3200 μέχρι
2280 3127 2507 3181 δεκάτου
2528 3125 2700 3190 ἔτους,
2721 3127 2750 3178 6
2764 3125 2820 3178 δὲ
2837 3124 3029 3195 μέχρις
3064 3120 3333 3183 εἰκοστοῦ,
3361 3123 3390 3174 6
3416 3121 3476 3173 δὲ
3496 3121 3697 3191 μέχρις

2103 3212 2490 3286 πεντηκοστοῦ,
2509 3213 2665 3277 ἄλλος
2674 3212 2731 3267 δὲ
2751 3212 2942 3284 μέχρις
2955 3209 3378 3280 ἑϐδομηκοστοῦ,
3391 3212 3422 3263 6
3434 3209 3494 3263 δὲ
3520 3210 3616 3263 καὶ
3634 3209 3704 3261 τὰ

2102 3306 2293 3361 ἑκατὸν
2305 3305 2547 3378 ὑπερϐὰς
2557 3304 2618 3359 οὐ
2639 3305 2797 3376 μόνον
2816 3302 3029 3357 ἐπὶτῶν
3046 3300 3289 3355 παλαιῶν
3307 3300 3445 3354 ἀλλὰ
3462 3302 3564 3355 καὶ
3575 3299 3705 3354 καθ’

2101 3403 2250 3471 ἡμᾶς
2267 3401 2484 3471 ὁρᾶται·
2511 3398 2629 3460 πῶς
2656 3393 2748 3451 οὖν
2770 3397 2970 3450 οἴονται
2992 3396 3090 3467 τὴν
3119 3393 3410 3465 ἀνθρώπου
3438 3393 3590 3465 ζωὴν
3611 3411 3701 3461 γε·

2103 3494 2228 3547 νεὰν
2243 3492 2527 3564 ὀνομάζειν
2549 3509 2562 3557 ;
2581 3489 2695 3544 ἀλλ’
2710 3488 2830 3542 οὐδὲ
2852 3488 3014 3559 μέχρι
3030 3486 3129 3556 τῆς
3148 3485 3514 3548 παιδοποιΐας·
3529 3486 3584 3538 οἱ
3600 3486 3706 3556 μὲν

2103 3583 2212 3651 γάρ
2243 3583 2348 3652 πρὸ
2369 3582 2477 3636 τῶν
2510 3582 2679 3634 εἴκοσι
2712 3578 2848 3631 ἐτῶν
2876 3578 3155 3647 γήμαντες
3185 3574 3707 3645 πεπαιδοποίηνται,

2104 3676 2152 3727 οἱ
2182 3674 2238 3726 δὲ
2259 3674 2382 3727 οὐδὲ
2417 3672 2558 3743 ὑπὲρ
2578 3670 2647 3724 τὰ
2665 3670 2955 3741 τρίακοντα
2972 3667 3292 3736 γενόμενοι·
3325 3666 3421 3719 καὶ
3454 3665 3567 3717 τῶν
3593 3668 3711 3735 ian;-

2105 3768 2269 3821 λίκων
2308 3766 2363 3819 δὲ
2389 3765 2519 3830 ίδοις
2546 3765 2611 3818 ἂν
2643 3765 2768 3825 τοὺς
2819 3761 2918 3832 μὲν
2942 3760 3035 3813 ἐπὶ
3075 3758 3325 3830 πρώτους
3355 3760 3509 3822 υἱοὺς
3544 3759 3709 3811 στάν-

2104 3879 2223 3925 τας,
2267 3861 2394 3930 τοὺς
2431 3858 2489 3912 δὲ
2531 3856 2623 3911 ἐπὶ
2671 3851 3025 3926 τετραγονίαν
3072 3851 3402 3915 ἐλάσαντας·
3452 3850 3605 3904 ῶστε
3650 3852 3708 3903 ἐν

2108 3954 2444 4025 πεντήκοντα
2478 3950 2645 4013 ἔτεσι,
2671 3950 2798 4011 τοὺς
2828 3948 2925 4019 μὲν
2959 3950 3215 4017 ἐκγόνους
3239 3943 3567 4008 θεάσασθαι,
3598 3944 3708 3995 ἑτέ-

2111 4062 2233 4117 ρους
2265 4044 2321 4097 δὲ
2352 4044 2410 4095 ὲν
2453 4040 2823 4113 ἑϐδομήκοντα
2857 4040 3083 4112 μηδενὸς
3125 4035 3426 4106 ἀξιωθῆναι
3472 4033 3700 4097 παιδός.

2107 4132 2226 4196 πῶς
2282 4129 2377 4186 οὖν
2420 4132 2749 4203 ἁριθμητὲον
2799 4130 2900 4195 τὰς
2948 4131 3175 4199 γενεάς;
3225 4127 3457 4196 πότερον
3490 4127 3559 4178 ἐκ
3598 4123 3703 4177 τῶν

2112 4223 2423 4296 μακροϐίων
2453 4223 2486 4295 ἢ
2508 4223 2617 4276 τῶν
2645 4224 2965 4291 ὀλιγοϐίων;
2992 4223 3088 4275 καὶ
3118 4224 3184 4274 ὲκ
3207 4220 3316 4273 τῶν
3336 4219 3479 4289 ταχὺ
3510 4235 3703 4270 πεπαι-

2109 4313 2502 4386 δοποιημένων,
2537 4315 2570 4385 ἣ
2600 4315 2708 4368 τῶν
2743 4314 3020 4385 βραδέων;
3050 4315 3146 4367 καὶ
3179 4315 3244 4366 ἐκ
3281 4309 3393 4364 τῶν
3427 4311 3524 4363 ἐπὶ
3556 4310 3701 4381 πρὼ-

2110 4406 2223 4468 τοίς
2250 4406 2388 4469 υἱοῖς
2431 4403 2887 4475 σαλευσάντων,ἢ
2920 4406 2983 4457 ἐκ
3016 4404 3122 4457 τῶν
3158 4403 3252 4456 ἐπὶ
3289 4401 3504 4455 πλείοσι
3530 4400 3702 4455 διαδο-

2111 4501 2266 4568 χαῖς;
2303 4491 2378 4551 ὧν
2415 4498 2586 4562 οὕτως
2631 4497 3013 4569 ἐξητασμὲνων
3043 4496 3072 4550 ὁ
3116 4497 3259 4560 θεῖος
3303 4496 3701 4568 εὐαγγελιστὴς

2110 4588 2172 4640 οὐ
2203 4586 2453 4657 διαδοχὰς
2490 4586 2822 4658 προθέμενος
2871 4588 3066 4650 εἰπεῖν,
3118 4584 3310 4655 γενεὰς
3334 4584 3414 4649 δὲ,
3450 4584 3579 4638 καθ’
3610 4584 3699 4646 οὖς

2114 4680 2276 4744 αὐτὸς
2302 4681 2571 4749 ἠπίστατο
2595 4679 2787 4748 λόγους
2808 4678 2921 4749 (18)
2941 4676 3451 4749 ἁπαριθμούμενος,
3472 4676 3578 4746 τῆς
3606 4674 3699 4746 μὲν

2112 4772 2170 4822 ὲν
2198 4772 2318 4833 ταῖς
2341 4770 2602 4841 ἱστορίαις
2641 4768 2894 4839 διαδοχῆς
2930 4763 3092 4837 ἧττον
3130 4766 3484 4838 πεφρόντικε,
3518 4763 3700 4817 τοσοῦ·

2110 4879 2236 4924 τους
2264 4860 2633 4932 ἀναλαμϐάνει
2655 4863 2733 4924 εἰς
2752 4861 2849 4931 τὴν
2871 4860 3243 4929 γενεαλογίαν,
3266 4861 3381 4912 ὅσοι
3412 4859 3529 4929 ἀπή
3539 4875 3700 4929 ρκουν

2111 4952 2260 5023 αὐτῷ
2291 4955 2371 5016 εἰς
2399 4952 2744 5023 ἐκπλήρωσιν
2773 4952 2880 5005 τῶν
2907 4951 3322 5022 δεκατεσσάρων
3350 4949 3588 5018 γενεῶν·
3619 4948 3700 5000 οἱ·

2107 5061 2215 5107 τως
2244 5061 2302 5097 τε
2339 5043 2498 5115 αὐτῷ.
2519 5042 2675 5114 ὑγιὴς
2711 5041 3050 5106 ἀποσώζεται
3068 5044 3096 5095 6
3125 5041 3302 5110 λόγος,
3327 5040 3425 5093 καὶ
3448 5037 3698 5109 οὐδαμὰ

2109 5139 2348 5200 ἐναντίος
2385 5140 2450 5208 τῇ
2486 5139 2596 5191 τῶν
2626 5137 2873 5207 ἱστοριῶν
2902 5139 3109 5209 γραφῇ.

2112 5249 2294 5290 sermo
2332 5239 2436 5298 est,
2457 5248 2631 5305 neque
2689 5233 2912 5287 omnino
2973 5230 3283 5288 contrarius
3340 5226 3696 5283 historiarum

2113 5498 2290 5568 spatio
2341 5493 2718 5568 controversia
2749 5495 2913 5568 ‘inter
2960 5502 3174 5568 veteres
3227 5493 3364 5568 satis
3410 5500 3542 5568 nota
3586 5502 3689 5556 est,

2111 5564 2274 5638 quam
2316 5582 2417 5635 ego
2452 5567 2567 5638 ipse
2612 5564 2885 5638 attigiminr
2925 5564 3409 5638 adnotationibus_
3434 5564 3521 5638 ad_
3554 5576 3690 5638 nova

2109 5632 2414 5710 fragmenta
2472 5632 2742 5708 Dionysii
2771 5636 2945 5693 Halic.
2989 5651 3090 5706 cap
3143 5636 3230 5704 15,
3281 5650 3337 5690 n.
3379 5634 3436 5702 4,
3488 5632 3683 5704 Script.

2109 5721 2213 5768 vet.
2247 5718 2285 5766 t.
2313 5706 2377 5776 ll,
2412 5724 2466 5779 p.
2498 5706 2624 5766 474.
2918 5764 2919 5767 η
3526 5767 3535 5777 ,

2200 5750 2213 5764 0
2248 5747 2285 5766 ι·
2313 5747 2377 5776 ll,
2412 5747 2466 5776 νο
2498 5747 2624 5766 ’.ε’-’⁸
2918 5764 2919 5767 η
