3846 6220
82 287 226 345 9925

857 412 957 467 Il".

111 540 222 596 Διὰ
252 540 312 594 τί
336 539 456 595 τῶν
473 540 623 611 μετὰ
662 543 944 613 Ἰεχονίαν
972 543 1069 596 ἐπὶ
1106 543 1211 597 τὸν
1248 542 1462 614 Ἰωσὴφ
1489 560 1691 614 γενεα-

184 610 570 680 λογουμένων
594 611 704 665 δύο
755 613 853 666 καὶ
905 612 1052 666 δέκα
1098 613 1307 680 ὄντων,
1365 618 1399 669 ό
1451 618 1691 680 εὐαγγε-

486 629 570 663 ων
594 611 704 686 δύο
731 611 853 666 ’καὶ
905 612 1052 686 δέκα
1098 613 1307 686 ὄιςτων,
1365 611 1691 686 discurre-

181 679 406 749 λιστὴς
425 680 877 751 δεκατέσσαρας
899 682 1088 739 πάλιν
1112 679 1268 738 εἷναί
1301 698 1512 753 φησιν.

186 796 257 848 α’.
287 791 385 845 Διά
404 791 504 863 τὴν
538 792 711 864 αὐτὴν
736 793 936 846 αἰτίαν·
962 793 1022 847 οὗ
1057 793 1168 866 γὰρ
1191 794 1462 865 διαδοχὰς,
1497 797 1690 864 γενεὰς

88 883 193 946 ῖδὲ,
214 881 291 945 ὡς
319 880 475 953 ἔφην,
511 882 847 954 ἀναγράφειν
872 882 1138 938 ἐϐούλετο·
1165 885 1451 955 συμϐαίνει
1480 885 1537 940 δὲ
1560 886 1689 940 πολ-

109 973 275 1036 λάκις
291 973 350 1025 ὲν
370 972 689 1044 μακροϐίοις
717 975 813 1027 καὶ
841 974 1143 1040 πολυέτεσι,
1166 976 1265 1040 τὰς
1290 976 1389 1047 μὲν
1411 978 1689 1047 γεγονέναι

106 1062 224 1116 τῶν
249 1063 460 1134 ἀνδρῶν
478 1063 577 1127 τὰς
606 1064 876 1135 διαδοχὰς,
899 1066 990 1119 τὸν
1010 1066 1068 1120 δὲ
1096 1067 1207 1121 τῶν
1237 1068 1438 1136 γενεῶν
1459 1068 1688 1141 ἀριθμὸν

104 1154 466 1209 ἀποδεδόσθαι
484 1155 684 1227 πλήρη·
717 1151 762 1225 ᾧ
785 1158 850 1229 δὴ
890 1153 985 1212 οὖν
1035 1158 1176 1231 λόγῳ
1206 1161 1264 1214 ὲν
1295 1162 1407 1224 τοῖς
1459 1161 1569 1214 ἀπὸ
1592 1160 1687 1215 τοῦ

108 1243 280 1298 Δαϐὶδ
301 1246 397 1299 καὶ
421 1248 513 1299 ἐπὶ
567 1247 667 1319 τὴν
724 1248 1095 1320 αἰχμαλωσίαν
1153 1252 1390 1305 πλείοσιν
1423 1248 1544 1306 οὖσι
1596 1253 1688 1307 τὸν

108 1333 345 1406 ἀριθμὸν
368 1338 481 1400 τοῖς
507 1339 566 1391 ὲν
588 1340 657 1409 τῇ
701 1339 917 1412 διαδοχῇ
964 1342 1304 1413 φερομένοις,
1355 1342 1680 1415 ὁλιγὼτεραι

108 1427 455 1500 ἀπεδόθησαν
473 1431 529 1482 αἱ
551 1430 754 1497 γενεαί·
790 1430 849 1490 ὲν
872 1432 981 1504 γὰρ
1008 1432 1275 1503 διαδοχαῖς
1312 1434 1520 1506 ἀνδρῶν
1551 1436 1688 1490 ἐπτά

92 1520 209 1575 εκαὶ
231 1520 385 1585 δέκα,
413 1523 596 1589 γενεαὶ
645 1523 889 1594 εἰρηνται
933 1524 1351 1596 δεκατέσσαρες·
1407 1525 1549 1580 κατὰ
1595 1528 1687 1583 τὸν

106 1612 277 1666 αὐτὸν
309 1612 563 1684 λογισμὸν
588 1615 681 1667 καὶ
707 1614 803 1667 νῦν
828 1617 915 1669 ἐπ’
944 1616 1153 1689 ἀνδρῶν
1168 1617 1437 1687 διαδοχαῖς
1459 1617 1684 1683 δώδεκα,

93 1705 168 1757 ναί
200 1704 594 1777 δεκατέσσαρες
649 1707 717 1760 ἂν
764 1706 1097 1778 ἐπληροῦντο
1142 1709 1347 1776 γενεαὶ,
1374 1709 1686 1781 μακροϐίων

90 1795 188 1858 -ὡς
221 1796 368 1860 εἰκὸς
389 1798 753 1869 πολυχρονίων
782 1799 961 1853 αὐτῶν
997 1798 1062 1870 δὴ
1085 1797 1197 1852 τῶν
1228 1797 1438 1854 δώδεκα
1456 1817 1685 1871 γεγενη-

90 1887 316 1956 -μένων,
348 1889 443 1944 καὶ
499 1889 810 1961 ἀρκούντων
862 1892 945 1955 εἰς
976 1889 1358 1963 ἀναπλήρωσιν
1394 1892 1503 1945 τῶν
1529 1893 1687 1946 δεκα-

92 1979 391 2057 -τεσσάρων
414 1980 635 2050 γενεῶν.
675 1981 791 2036 Μία
816 1981 915 2052 μὲν
938 1982 1189 2047 ἀπόδοσις
1239 1982 1334 2036 τοῦ
1362 1981 1686 2055 ζητηθέντος

88 2072 227 2143 ἥδε,
1382 2112 1389 2119 ,

182 2245 251 2316 β’.
285 2248 425 2300 Καθ’
455 2245 647 2318 ἑτέραν
683 2246 741 2300 δὲ
788 2246 1024 2300 διάνοιαν
1074 2245 1255 2317 εὕροις
1287 2247 1351 2302 ἂν
1374 2248 1684 2320 ἀκριϐώσας

107 2338 255 2390 κατά
306 2336 406 2407 τὴν
486 2336 724 2409 ἱστορίαν
794 2336 1194 2412 δεκατέσσαρας
1268 2338 1683 2412 ὠνομασμένους

107 2427 207 2479 καὶ
229 2428 286 2479 ὲν
316 2430 383 2498 τῇ
417 2426 922 2500 παρούσῃνδιαδοχῇ,
948 2431 998 2483 εἰ
1027 2430 1163 2501 πρὸς
1180 2433 1293 2494 τοῖς
1313 2430 1520 2486 δώδεκα
1553 2449 1680 2486 συν-⁸

106 2516 476 2589 αριθμήσειας
535 2520 695 2574 αὐτὸν
745 2519 952 2591 Ἰησοῦν
1005 2523 1242 2594 Χριστὸν
1297 2524 1411 2578 υἱὸν
1437 2523 1526 2578 τοῦ
1570 2526 1682 2579 Ἰω-

108 2608 222 2680 σὴφ
252 2610 685 2681 χρηματίσαντα·
716 2612 1008 2683 προσθείης
1034 2631 1093 2666 τε
1112 2613 1321 2679 τούτοις
1341 2616 1436 2669 καὶ
1458 2615 1550 2669 τὸν
1587 2616 1683 2668 Ἰε-

105 2699 293 2770 χονίαν
322 2701 412 2754 τὸν
444 2704 501 2754 ὲν
527 2700 803 2756 Βαϐυλῶνι
856 2705 1244 2776 γεγενημένον,
1272 2706 1393 2776 οὐχὶ
1439 2706 1530 2759 τὸν
1578 2707 1683 2777 πρὸ

105 2793 209 2864 τῆς
237 2794 585 2864 μετοικησίας
638 2797 696 2849 ὲν
746 2798 815 2868 τῇ
865 2797 1215 2870 Ἰερουσαλὴμ
1269 2798 1677 2869 βασιλεύσαντα·

105 2883 203 2937 δύο
234 2884 343 2956 γὰρ
365 2884 642 2957 ὁμώνυμοι
663 2887 947 2956 γεγόνασιν
992 2888 1246 2961 Ἰωακείμ
1267 2889 1403 2960 μετά
1453 2887 1677 2954 Ἰωσίαν,

105 2977 138 3028 ὅ
161 2992 227 3044 γε
253 2974 416 3028 αὐτοῦ
442 2975 537 3028 τοῦ
583 2976 786 3030 Ἰωσίου
819 2974 956 3045 υἱὸς,
1005 2979 1064 3042 ὃς
1102 2978 1239 3049 μετά
1291 2978 1476 3032 τοῦτον
1499 2978 1681 3032 ἐϐασί-

619 287 1084 357 ΩΗΛΕΞἸΊΟΝΕΒ
1120 289 1588 351 ΕἻΑΝΟΕΙᾹΩΑΕ
1624 290 1683 347 Al

1789 289 2203 346 iTEPHANUM.
2244 319 2314 329 —
2352 284 2682 354 QUESTIO
2720 281 2857 338 χιιι.

1717 417 1770 477 Δ

3256 281 3361 341 926

2515 404 2655 460 XllL

1784 544 1902 602 ‘Cur
1942 558 2060 598 cum
2099 561 2132 597 a
2163 539 2419 595 Iechouia
2448 538 2517 592 ad
2546 537 2832 608 Josephum
2864 533 3138 608 duodecim
3178 534 3230 586 in
3267 550 3357 601 ge.

1860 615 2103 685 neatogia
2160 614 2298 677 sint,
2344 604 2685 680 evangelista
2720 604 3121 678 quatuordecim
3164 619 3357 659 rursus

1860 686 2025 739 dicat.

1858 799 1912 855 1.
1954 798 2054 853 Rei
2087 811 2256 853 causa
2286 795 2476 851 eadem
2506 799 2627 848 est:
2662 807 2772 847 non
2797 790 2944 848 enim
2979 787 3357 847 successiones

1789 889 1885 945 sed
1926 888 2340 961 generationes,
2394 892 2453 939 ut
2502 884 2653 950 dixi,
2704 874 3060 939 conscribere
3112 879 3352 935 volehaL

1790 976 1945 1048 Saepe
1974 991 2104 1032 vero
2144 973 2445 1044 contingit,
2487 978 2549 1026 ut
2595 971 2653 1025 in
2694 969 2988 1025 macrobiis
3031 976 3191 1037 atque
3232 967 3354 1021 Ion»

1788 1071 1980 1141 gaevis,
2019 1068 2334 1139 quicunque
2383 1065 2550 1122 fuerit
2591 1063 3003 1119 succedentium
3047 1074 3348 1123 numerus,

1780 1158 2146 1214 nihilominus
2198 1158 2316 1229 ipse
2369 1155 2781 1227 generationum
2840 1167 3101 1208 numerus
3156 1152 3353 1222 plenus

1788 1251 2076 1306 habeatur.
2117 1249 2293 1316 Quam
2333 1248 2403 1304 ob
2441 1262 2557 1303 rem
2594 1245 2760 1303 sicuti
2800 1244 2856 1299 in
2893 1244 3069 1300 classe
3107 1249 3352 1314 patrum-

1789 1342 2026 1398 familias
2053 1357 2085 1396 a
2113 1340 2319 1396 Davide
2351 1339 2422 1394 ad
2454 1339 2826 1409 captivitatem
2848 1376 2863 1401 ,
2892 1351 3017 1392 cum
3044 1336 3209 1406 paulo
3235 1349 3353 1389 ma.

1781 1434 1871 1503 jor
1898 1430 2310 1488 succedentium
2340 1443 2607 1485 numerus
2639 1434 2819 1492 esset,
2856 1427 3145 1496 pauciores
3164 1433 3351 1483 tamen

1787 1523 1855 1577 ab
1880 1521 2215 1592 evangelista
2245 1518 2477 1591 proditae
2508 1526 2638 1576 sunt
2664 1517 3084 1589 generationes;
3115 1531 3352 1586 namque

1785 1613 1844 1668 in
1889 1626 2002 1666 xvu
2043 1610 2287 1665 virorum
2341 1609 2787 1666 successionihus
2841 1607 3223 1680 generationes
3259 1622 3349 1662 xiv

1786 1702 1946 1757 dictae
1981 1709 2150 1768 sunt;
2185 1699 2377 1756 eodem
2416 1714 2566 1754 nunc
2604 1714 2825 1770 quoque
2862 1698 3095 1755 consilio
3142 1697 3199 1751 in
3250 1696 3350 1753 hoe

1786 1791 1993 1847 minum
2025 1791 2471 1848 successionibus
2499 1804 2576 1845 xu
2596 1830 2612 1855 ,
2642 1791 2875 1861 expletat
2900 1788 3159 1844 dicuntur
3184 1804 3351 1860 gene-

1785 1882 2026 1937 rationes
2057 1895 2150 1935 xtv
2168 1921 2184 1946 ,
2212 1881 2340 1951 quia
2372 1880 2626 1936 videlicet
2655 1895 2734 1934 xu
2765 1880 2880 1946 illi,
2913 1886 2972 1933 ut
3000 1879 3224 1934 credere
3250 1895 3349 1949 par

1784 1980 1870 2030 est
1893 2013 1909 2038 ,
1947 1974 2212 2029 macrobii
2246 1973 2467 2029 fuerunt
2496 1980 2661 2044 atque
2693 1973 2920 2044 longaevi
2947 2013 2962 2038 ,
2993 1973 3070 2027 ita
3099 1982 3158 2027 ut
3186 1968 3355 2029 ευιτθέ

1783 2065 1959 2120 cerint
1987 2064 2055 2120 ad
2085 2080 2177 2119 xlv
2209 2064 2515 2135 implendas
2545 2065 2947 2135 generationes.
2975 2064 3057 2120 Ad
3089 2065 3349 2136 quaestio-

1782 2168 1908 2210 nem
1933 2153 2049 2209 haec
2074 2155 2251 2225 prima
2279 2157 2566 2225 responsio
2599 2164 2704 2212 est.

1850 2244 1905 2299 2.
1949 2243 2057 2301 Sed
2085 2245 2231 2300 enim
2263 2245 2381 2298 alia
2402 2259 2622 2315 quoque
2651 2246 2869 2300 ratione
2900 2245 3034 2301 inita
3066 2246 3345 2313 invenies,

1783 2335 1830 2394 si
1870 2335 2161 2410 diligenter
2190 2334 2478 2400 historiam
2509 2336 2948 2396 consideraveris
2970 2380 2984 2404 ,
3017 2339 3349 2410 quatuortlc-

1781 2429 1888 2483 citn
1942 2428 2148 2487 inhac
2198 2429 2317 2499 ipsa
2365 2429 2593 2484 historia
2640 2431 2983 2500 appellatos,
3026 2432 3106 2497 si,
3151 2442 3349 2501 praeter

1781 2518 2099 2585 duodecim,
2130 2522 2506 2575 numeraveris
2533 2519 2719 2575 Jesum
2748 2520 3026 2577 Christum
3054 2523 3233 2593 ipsum
3256 2522 3351 2578 Jo-

1783 2610 1935 2681 sephi
1964 2611 2134 2666 ﬁlium
2167 2611 2539 2667 existimatum
2567 2652 2581 2677 ,
2618 2612 2813 2683 hisque
2840 2614 3156 2682 adjunxeris
3182 2615 3347 2669 etiam

1780 2694 2131 2766 Jcchoniam,
2165 2703 2320 2756 illum
2358 2704 2569 2758 scilicet
2608 2703 2702 2773 qui
2740 2703 3069 2775 Babylonem
3111 2705 3347 2759 transla-

1780 2801 1870 2848 tus
1903 2792 2037 2857 fuit,
2070 2810 2179 2848 non
2219 2795 2451 2850 alterum
2478 2795 2571 2865 qui
2603 2803 2729 2850 ante
2757 2795 3143 2867 Babylonicam
3174 2797 3347 2866 capti-

1781 2882 2000 2938 vitatem
2024 2882 2415 2954 Hierosolymis
2439 2883 2742 2953 imperavit.
2770 2882 2887 2938 Duo
2908 2884 3106 2954 quippe
3128 2883 3348 2939 fuerunt

1780 2975 2132 3047 homonymi;
2171 2974 2452 3032 Joacimus
2513 2977 2769 3032 videlicet
2807 2987 2930 3048 post
2969 2974 3223 3042 Josiam,
3252 2980 3346 3048 qui

104 3065 299 3119 λευσεν
327 3067 386 3118 ὲν
428 3067 808 3139 Ἰερουσαλὴμ,
853 3070 946 3124 καὶ
1002 3069 1030 3124 ὁ
1080 3068 1270 3124 τούτου
1321 3073 1450 3134 παῖς
1494 3071 1679 3142 ἕτερος

1789 3065 1882 3122 luit
1899 3065 2141 3139 ejusdem
2163 3067 2327 3123 Josiae
2360 3067 2501 3125 ﬁlius
2530 3076 2583 3123 et
2609 3068 3002 3140 Hierosolymis
3037 3070 3187 3140 regni
3218 3086 3346 3125 suc-

122 3156 400 3226 Ἰωακείμ⁸
435 3152 579 3211 οὗτοι
611 3157 668 3211 δὲ
696 3160 790 3212 καὶ
824 3159 1068 3231 Ἰεχονίαι
1095 3162 1487 3233 ἐχρημάτισαν,
1532 3157 1683 3226 ἐξελ-

106 3248 449 3319 ληνισθέντος
478 3251 659 3315 αὐτοῖς
690 3248 786 3305 τοῦ
838 3250 1117 3325 ὀνόματος.
1152 3250 1211 3308 '0
1262 3256 1438 3309 τοίνυν
1476 3255 1687 3327 πρῶτος

119 3341 383 3411 Ἰωακείμ
429 3343 457 3395 ὁ
488 3343 583 3396 καὶ
636 3344 889 3415 Ἰεχονίας
921 3346 1033 3410 υἱὸς
1061 3341 1137 3399 ὣν
1181 3347 1407 3413 Ἰωσίου,
1432 3349 1553 3409 ταῖς
1579 3344 1685 3417 πρὸ

106 3433 210 3501 τῆς
239 3432 609 3502 αἰχμαλωσίας
632 3436 1112 3505 συγκαταλεγέσθω
1144 3437 1373 3506 γενεαῖς·
1430 3438 1459 3489 ὁ
1495 3437 1550 3489 δὲ
1573 3435 1689 3490 τού-

108 3541 205 3576 του
237 3525 366 3587 παῖς
388 3525 417 3576 ὁ
458 3524 709 3597 δεύτερος
750 3528 1001 3599 Ἰωακε“ιμ
1055 3529 1150 3582 καὶ
1207 3530 1371 3593 αὐτὸς
1415 3530 1684 3600 Ἰεχονίας,

109 3616 230 3680 υίὸς
253 3617 329 3671 ὣν
350 3615 444 3670 τοῦ
462 3616 677 3689 πρώτου
705 3621 980 3688 Ἰωακεὶμ,
1003 3620 1097 3675 τοῦ
1125 3620 1180 3674 δὲ
1215 3620 1418 3675 Ἰωσίου
1445 3620 1684 3690 ἔκγονος,

107 3710 170 3760 εν
200 3709 315 3770 τοῖς
345 3708 486 3778 μετά
515 3710 613 3782 τὴν
643 3710 1019 3782 αἰχμαλωσίαν
1049 3711 1144 3765 καὶ
1194 3713 1275 3776 εἰς
1317 3711 1408 3766 τὸν
1454 3710 1686 3784 Χριστὸν

110 3798 623 3871 γενεαλογουμένοις
654 3802 1072 3873 ἀριθμούμενος,
1122 3802 1328 3856 τέλειον
1365 3802 1591 3875 ἀποδοίη
1620 3802 1686 3858 ἂν

110 3888 205 3942 τὸν
231 3888 339 3944 τῶν
375 3891 783 3965 δεκατεσσάρων
815 3894 1015 3963 γενεῶν
1044 3893 1273 3968 ἀριθμόν
1304 3896 1437 3969 (19).

181 4064 253 4133 τ’.
291 4067 421 4138 Περὶ
448 4066 504 4121 δὲ
525 4066 619 4121 τοῦ
647 4068 739 4122 δύο
773 4069 1050 4139 γεγονέναι
1093 4072 1372 4144 Ἰωακεὶμ,
1406 4071 1686 4146 μαρτυρή-

111 4169 196 4208 σει
225 4157 258 4226 ή
283 4155 392 4209 τῶν
418 4156 708 4210 Βασιλειῶν
737 4158 949 4230 Γραφὴ,
981 4159 1168 4215 τοῦτον
1196 4160 1391 4232 ἔχουσα
1419 4162 1509 4215 τὸν
1557 4163 1683 4233 τρὸ·

109 4260 233 4299 ποψ
273 4264 297 4296 ι
324 4247 435 4300 Καὶ
462 4246 775 4302 ἐϐασίλευσε
802 4249 999 4322 Φαραὼ
1028 4251 1223 4323 Νεχαὼ
1240 4254 1332 4307 ἐπὶ
1352 4253 1443 4307 τὸν
1468 4254 1684 4326 Ἰσραὴλ

105 4334 202 4389 τὸν
243 4335 522 4407 Ἐλιακεὶμ
573 4337 687 4392 υἱὸν
731 4339 908 4393 Ἰωσία
974 4338 1235 4410 βασιλέως
1302 4342 1502 4408 Ἰούδα,
1561 4343 1681 4396 ἀντὶ

1786 3172 2002 3225 eessor;
2034 3173 2255 3213 rursum
2284 3159 2423 3214 alter
2447 3158 2728 3214 Joaeimus
2758 3159 3000 3229 praedicti
3031 3160 3347 3232 homonymi

1786 3247 1952 3303 ﬁlius.
1998 3247 2064 3302 Hi
2103 3247 2379 3304 Jechouiaa
2418 3266 2635 3321 quoque
2674 3250 2926 3320 appellati
2958 3252 3217 3315 fuerunt,
3247 3267 3347 3307 no-

1786 3340 1934 3394 mine
1981 3355 2168 3395 eorum
2220 3341 2287 3395 ad
2327 3340 2568 3395 Graecam
2603 3340 3144 3398 formaminclinato.
3187 3342 3348 3398 Prior

1788 3430 1969 3501 itaque
1995 3429 2275 3487 Joacimus
2297 3472 2311 3497 ,
2344 3432 2594 3503 idemque
2620 3431 2913 3488 Jechonias
2931 3473 2945 3497 ,
2976 3435 3121 3490 ﬁlius
3149 3432 3343 3500 Josim,

1786 3521 1841 3576 in
1889 3524 2337 3593 generationibus
2386 3531 2511 3578 ante
2554 3524 2923 3593 captivitatem
2965 3525 3342 3581 concludatur.

1786 3615 1959 3687 Hujus
1987 3625 2168 3672 autem
2199 3618 2339 3673 ﬁlius
2359 3659 2374 3682 ,
2409 3619 2547 3672 alter
2572 3615 2852 3672 Joacimus
2872 3658 2887 3683 ,
2922 3617 3173 3687 idemque
3201 3619 3347 3688 pari-

1784 3714 1869 3763 ter
1890 3707 2184 3764 Jechonias
2209 3749 2223 3773 ,
2252 3708 2457 3780 prioris
2482 3708 2710 3764 Joaeimi
2744 3710 2917 3773 illius,
2950 3708 3113 3764 Josiae
3142 3725 3344 3779 nepos,

1786 3801 1832 3855 si
1878 3815 2003 3855 cum
2050 3802 2119 3857 iis
2160 3809 2518 3856 recensentur
2565 3801 2658 3871 qui
2709 3801 2853 3857 inter
2896 3802 3265 3871 captivitatem
3294 3814 3348 3855 et

1785 3892 2059 3949 Christum
2115 3893 2362 3959 fuerunt,
2413 3894 2607 3964 plenus
2660 3896 2884 3951 exsistet
2936 3894 3343 3965 quatuordccim

1784 3985 2191 4054 generationum
2222 3999 2502 4039 numerus.

1851 4073 1904 4128 5.
1944 4071 2115 4127 Porro
2139 4072 2279 4127 duos
2309 4071 2478 4129 fuisse
2502 4069 2777 4128 Joacimos
2799 4114 2813 4139 ,
2842 4072 3152 4144 Regnorum
3179 4081 3346 4128 testae

1784 4171 1872 4217 tur
1926 4162 2210 4234 Scriptura
2265 4165 2353 4220 his
2402 4164 2624 4221 verbis:
2662 4183 2680 4215 ι
2706 4163 3019 4235 Regemque
3062 4164 3367 4219 constituit-

1781 4253 1994 4310 Pharao
2023 4255 2240 4311 Nechao
2271 4256 2594 4309 Eliacimum
2635 4254 2802 4310 Josize
2846 4254 3015 4309 lilium
3061 4270 3162 4325 pro
3194 4254 3345 4311 Josia

1783 4354 1934 4414 patre
1953 4347 2092 4415 ejus,
2112 4347 2390 4416 vertitque
2408 4361 2603 4401 nomen
2626 4346 2746 4414 ejus
2763 4345 3067 4400 Joaeimum
3090 4347 3154 4402 ⁵⁸.
3180 4365 3198 4397 ι
3220 4345 3347 4413 Qui-

114 4423 304 4482 Ἰωσία
332 4428 424 4482 τοῦ
458 4430 662 4502 πατρὸς
685 4430 871 4484 αὑτοῦ·
906 4432 1002 4486 καὶ
1045 4433 1346 4505 ἑτι-,έστρεψε
1394 4436 1456 4488 τὸ
1509 4434 1681 4506 ὄνομα

1789 4434 1889 4489 bus
1914 4433 2113 4490 deinde
2133 4434 2285 4489 addit
2311 4454 2323 4489 :
2352 4453 2371 4486 ι
2393 4434 2564 4490 Filius
2590 4434 2783 4504 viginti
2810 4434 3051 4505 quinque
3075 4449 3345 4489 annorum

106 4517 274 4573 αὐτοῦ
319 4518 623 4593 Ἰωακείμ.»
656 4518 752 4587 Οἷς
786 4522 910 4594 ἑξῆς
969 4525 1229 4594 ἐπιλέγει⁸
1287 4546 1307 4579 ι
1329 4527 1453 4590 Υἱὸς
1484 4528 1684 4581 εἰκοσι-

105 4611 272 4688 πέντε
304 4611 440 4666 ἑτῶν
482 4613 735 4684 Ἰωακεὶμ
750 4617 806 4669 ὲν
832 4615 909 4686 τῷ
938 4616 1239 4687 βασιλεύειν
1260 4618 1439 4673 αὐτόν·
1476 4619 1571 4672 καὶ
1598 4618 1685 4672 ἐν-

105 4702 242 4755 δεκα
268 4701 363 4774 ἐτη
394 4703 742 4759 ἐϐασίλευσεν
756 4709 815 4760 ὲν
848 4708 1253 4780 Ἱερουσαλήμη
1276 4707 1356 4773 οἷς
1391 4710 1682 4780 μεθ’ξτερα

105 4793 373 4863 ἐπιλέγειν
413 4814 432 4847 ι
455 4794 565 4849 Καὶ
590 4795 661 4851 τά
680 4796 845 4853 λοιπὰ
892 4798 1000 4854 τῶν
1028 4799 1202 4868 λόγων
1259 4801 1535 4871 Ἰωακεὶμ,
1587 4801 1681 4855 καὶ

106 4884 289 4939 πάντα
314 4887 414 4940 ὅσα
431 4887 705 4959 ἐποίησεν,
729 4891 831 4943 οὐκ
882 4890 991 4945 ἰδοὺ
1043 4890 1404 4964 γεγραμμένα
1453 4892 1547 4945 ἐπὶ
1599 4891 1674 4961 βι-

106 4974 246 5045 ϐλίῳ
268 4975 440 5045 λόγων
463 4979 572 5034 τῶν
602 4980 825 5052 ἡμερῶν
858 4984 971 5046 τοῖς
1000 4981 1306 5054 βασιλεῦσιν
1352 4981 1556 5048 Ἰούδας
1583 4984 1678 5037 καὶ

105 5066 373 5138 ἐκοιμήθη
409 5068 663 5141 Ἰωακεὶμ
723 5072 860 5143 μετά
886 5072 995 5127 τῶν
1046 5074 1299 5145 πατέρων
1359 5073 1544 5140 αὐτοῦ,
1585 5076 1679 5128 καὶ

104 5157 455 5213 ἐϐασίλευσεν
494 5161 747 5234 Ἰωακεὶμ
804 5164 918 5228 υἱὸς
971 5166 1140 5219 αὐτοῦ
1193 5168 1307 5221 ἀντ’
1340 5164 1526 5219 αὐτοῦ’
1567 5166 1680 5229 υίὸς

103 5248 251 5302 ὀκτὼ
280 5251 375 5304 καὶ
399 5250 531 5306 δέκα
559 5254 696 5309 ἐτῶν
740 5254 992 5329 Ἰωακεὶμ
1018 5259 1076 5312 ὲν
1116 5257 1192 5330 τῷ
1246 5258 1551 5329 βασιλεύειν
1579 5255 1677 5312 αὖ·

180 5402 230 5435 ”
268 5398 337 5459 Ν
372 5402 506 5478 Reg.
542 5422 716 5476 nm,
748 5407 836 5464 34.

178 5556 293 5627 (l9)
330 5558 565 5617 Tractus
589 5563 679 5616 hic
704 5561 943 5619 refertur
978 5563 1139 5618 etiam
1168 5562 1223 5618 in
1254 5560 1455 5619 Nieetze
1483 5558 1675 5618 catena

107 5628 386 5704 cod._Vat.
414 5635 485 5704 β.
523 5632 560 5684 l'.
592 5632 681 5695 67,
719 5632 821 5687 hoc
864 5634 1019 5704 initio
1058 5654 1069 5688 :
1099 5635 1172 5704 Et
1202 5633 1310 5704 γὰρ
1349 5635 1440 5687 καὶ
1468 5632 1674 5704 δώδεκα

108 5698 353 5754 δοκοῦσιν
386 5696 520 5758 εἶναι
552 5704 597 5755 οἱ
631 5704 688 5771 ἓν
717 5707 780 5774 τῇ
814 5703 971 5777 τρίτῃ
1004 5696 1224 5775 διαδοχῇ
1252 5696 1674 5774 γενεαλογούμε-

1779 4537 1896 4582 erat
1926 4526 2237 4591 Joacimus,
2271 4537 2323 4581 et
2350 4527 2509 4582 annis
2543 4525 2792 4581 undecim
2820 4529 3066 4597 regnavit
3091 4526 3361 4582 Hieroso-v

1780 4618 1958 4691 lymis.
1985 4639 2004 4671 ι
2027 4618 2238 4674 Rursus
2266 4618 2523 4689 deinceps
2570 4619 2828 4688 praedicta
2856 4619 3082 4674 historia
3109 4638 3122 4674 :
3155 4636 3176 4672 ι
3198 4618 3357 4674 ιὶειίυ.

1778 4726 1885 4780 qua
1924 4717 2105 4766 autem
2137 4724 2452 4764 sermonum
2482 4707 2713 4763 Jnaeimi
2746 4715 2800 4763 et
2825 4708 3006 4763 omnia
3035 4725 3156 4779 qua:
3184 4710 3307 4764 fecit
3328 4750 3344 4777 ,

1777 4818 1960 4857 nonne
1986 4817 2118 4856 ecce
2143 4805 2344 4870 scripta
2369 4809 2498 4856 sunt
2528 4801 2580 4854 in
2609 4800 2751 4854 libro
2779 4815 3096 4857 sermonum
3133 4800 3359 4856 dierum'

1784 4908 1970 4964 regum
1999 4891 2200 4948 Iudae?
2235 4891 2300 4945 Et
2331 4891 2593 4945 dormivit
2622 4889 2903 4945 Joacim'us
2934 4905 3058 4944 cum
3093 4890 3363 4961 patribus;

1784 4986 1898 5041 suis
1927 5004 1940 5040 :
1979 4985 2328 5055 regnavitque
2360 4982 2639 5039 Joacimus
2672 4982 2815 5037 illius
2847 4983 2967 5051 ejus
3014 4997 3113 5053 pro
3139 4998 3224 5038 eo.
3256 4981 3337 5037 Fl-

1781 5076 1889 5131 lius
1909 5074 2211 5130 octodecim
2238 5088 2503 5128 annorum
2530 5078 2647 5128 erat
2675 5070 2951 5138 Joaeimus
2974 5088 3095 5126 eum
3122 5087 3348 5143 regnare

1782 5166 1985 5236 οωρίι,
2022 5165 2309 5235 tribusque
2339 5164 2622 5219 mensibus
2656 5162 2903 5233 regnavit
2931 5162 3344 5235 Hierosolymis.

1784 5247 1997 5314 Nomen
2038 5259 2232 5313 matris
2269 5257 2393 5327 ejus
2437 5254 2630 5313 Estha.
2661 5254 2730 5308 Et
2777 5254 2905 5311 fecit
2932 5256 3132 5309 malum
3159 5267 3363 5309 coram'

1785 5580 1884 5628 νοι,
1922 5562 2036 5617 ἀλλ’
2075 5561 2253 5637 εύροις
2296 5563 2361 5617 ἂν
2399 5561 2729 5637 ἀκριϐώσας,
2780 5574 2906 5634 etc.,
2945 5572 3001 5621 ut
3035 5563 3174 5637 apud
3203 5563 3345 5619 hanc

1785 5643 2036 5690 nostram
2059 5633 2329 5704 epitomen
2363 5633 2630 5706 sequitur.
2720 5633 2723 5634 ⁷
2894 5633 2898 5634 ⁷
3062 5633 3087 5637 ”
3268 5638 3278 5648 “
