3846 6220
1189 306 1460 365 EUSEBII
1493 302 1973 362 CAESABIENSIS
2010 301 2161 360 OPP.
2203 299 2382 356 PARS
2420 299 2506 356 lll.
2533 294 3031 356 —EXEGETICA.
3673 292 3766 350 σε

495 425 728 482 Domino
745 465 760 489 ,
786 424 943 496 juxta
971 421 1158 478 omnia
1182 437 1305 492 qua:
1336 419 1540 475 fecerat
1566 425 1722 490 pater
1746 418 1888 487 ejus.
1911 416 2044 472 Tem

2174 414 2285 468 τόν·
2320 412 2413 466 καὶ
2468 411 2733 483 τρίμηνον
2754 409 3105 474 ἐϐασίλευσεν
3132 406 3192 460 ἐν
3233 404 3630 478 Ἰερουσαλήμο
3679 407 3766 456 καὶ

494 533 629 592 pore
679 517 773 573 illo
815 515 964 571 venit
1004 512 1585 570 Nabuchodonosorus
1633 525 1726 566 rex
1778 508 2048 581 Babyloni:

2171 504 2342 575 ὄνομα
2366 505 2432 574 τῇ
2463 501 2630 573 μητρὶ
2659 499 2825 556 αὑτοῦ
2859 497 3041 553 Ἐσθά’
3067 498 3162 552 καὶ
3185 497 3408 568 ἐποίησε
3430 497 3493 550 τὸ
3523 497 3764 567 πονηρὸν

492 590 689 666 contra
713 606 1110 678 Hierosolyma,
1139 614 1192 661 et
1221 605 1354 661 urbs
1384 603 1488 659 fuit
1511 603 1761 658 obsessa.
1793 600 2048 656 Accessit

2172 597 2229 649 ἐν
2259 593 2562 666 ὀφθαλμοῖς
2612 593 2820 665 Κυρίου
2872 592 3015 647 κατά
3058 591 3238 646 πάντα
3288 591 3388 645 ὅσα
3440 590 3765 660 ἐποίησε·ιό

491 713 601 770 que
621 696 1194 753 Nabuchodonosorus
1215 712 1309 751 rex
1333 694 1626 767 Babylonis
1650 693 1719 748 ad
1755 693 2030 748 civitatem

2171 691 2353 762 πατὴρ
2378 689 2566 744 αὐτοῦ.
2614 688 2703 742 Ἐν
2734 686 2813 758 τῷ
2865 685 3044 758 καιρῷ
3091 684 3285 755 ἐκείνῳ
3336 682 3504 754 ἀνέϐη
3544 681 3763 735 Ναϐου-

421 801 426 805 ’
493 791 750 860 servique
789 790 912 859 ejus
953 787 1343 860 oppugnabant
1381 801 1525 843 eam.
1565 785 1945 857 Egressusque
1983 798 2044 838 es

2169 783 2454 856 χοδονόσορ
2475 781 2726 853 βασιλεὺς
2751 779 3070 844 Βαϐυλῶνος
3115 779 3197 842 είς
3251 777 3646 850 Ἱερουσαλήμπ
3680 779 3765 829 καὶ

493 880 772 938 Joacimus
815 897 911 936 rex
951 879 1106 936 Iudae
1145 881 1215 934 ad
1259 894 1441 951 regem
1482 877 1813 950 Babylonis,
1850 877 1970 946 ipse
2012 891 2048 931 ei

2166 874 2331 949 ἦλθεν
2364 877 2397 946 ἡ
2429 876 2584 940 πόλις
2606 877 2665 928 ἐν
2694 876 2946 946 περιοχῇο
3001 872 3099 927 καὶ
3128 869 3376 941 εἰσῆλθεν
3423 872 3455 924 6
3501 869 3765 940 Buculeio;

500 972 647 1030 servi
675 971 796 1042 ejus
823 981 878 1027 et
904 979 1082 1026 mater
1107 980 1162 1026 et
1188 971 1482 1042 optimates
1504 977 1559 1026 et
1581 967 1841 1024 eunuchi.
1865 965 2069 1020 Trans-

489 1065 723 1135 lataque
755 1072 886 1121 sunt
923 1064 1134 1119 bellicae
1164 1064 1322 1134 regni
1358 1064 1506 1118 vires
1538 1059 1932 1132 Hierosolymis
1965 1059 2070 1112 Ba-

487 1158 743 1230 bylonem
771 1157 1002 1228 captiva:
1025 1157 1117 1209 η’.
1152 1176 1170 1210 ι
1197 1158 1349 1212 Alter
1365 1156 1529 1227 igitur
1555 1157 1644 1210 hic
1661 1164 1746 1210 est
1765 1152 2064 1218 Joacimus,

483 1249 582 1322 qui
603 1249 932 1323 Babylonem
958 1249 1280 1320 deportatus
1311 1248 1434 1304 fuit.
1462 1245 1514 1303 ls
1546 1247 1690 1302 idem
1717 1256 1867 1310 erat,
1899 1263 2063 1317 quem

483 1337 808 1398 Jechoniam
849 1338 1118 1396 Jeremias
1158 1339 1432 1410 appellat,
1462 1337 1630 1394 Josia:
1659 1353 1830 1408 nepos
1861 1353 1971 1392 non
2002 1337 2065 1391 li-

487 1435 616 1491 lius.
666 1432 877 1490 Idcirco
922 1433 970 1490 is
1017 1433 1212 1489 merito
1263 1431 1754 1487 connumerabitur
1798 1431 1854 1486 in
1900 1432 2064 1486 tertia

486 1527 666 1584 classe
703 1525 1119 1595 generationum
1160 1524 1578 1595 quatuordecim
1602 1563 1617 1587 ,
1652 1540 1774 1594 quae
1803 1538 1835 1577 a
1863 1522 2063 1579 Jecbo-

481 1619 575 1675 nia
598 1619 666 1674 ad
690 1617 969 1674 Christum
993 1625 1325 1674 excurrunt:
1351 1616 1568 1671 interim
1591 1617 1719 1671 dum
1745 1625 1898 1686 pater
1916 1617 2060 1686 ejus,

479 1707 630 1768 Josia
675 1713 926 1782 genitus,
977 1726 1104 1766 eum
1154 1725 1256 1766 suo
1304 1718 1531 1781 parente
1577 1711 1632 1764 in
1684 1709 2060 1778 superioribus

2169 969 2488 1032 Βαϐυλῶνος
2511 969 2570 1022 ἐν
2626 969 2693 1038 τῇ
2741 966 2918 1032 πόλει,
2964 965 3058 1018 καὶ⁵
3100 963 3150 1016 oi
3204 961 3388 1025 παῖδες
3435 961 3766 1014 αὐτῶνέπ-

2165 1062 2415 1134 λιόρκουν
2475 1061 2668 1132 αὐτήν·
2727 1060 2820 1112 καὶ
2899 1055 3120 1128 ἐξῆλθεν
3181 1054 3436 1124 Ἰωακεὶμ.
3501 1050 3766 1122 pasees;

2178 1154 2347 1208 Ἰούδα
2377 1154 2470 1207 ἐπὶ
2500 1152 2724 1224 βασιλέα
2760 1148 3101 1211 Βαϐυλῶνος,
3133 1147 3294 1210 αὐτὸς
3345 1146 3442 1198 καὶ
3473 1145 3524 1196 οἱ
3571 1142 3765 1203 παῖδες

2163 1246 2352 1311 αὑτοῦ,
2385 1246 2479 1301 καὶ
2509 1249 2541 1316 ἡ
2574 1245 2790 1316 μήτηρ,
2843 1243 2940 1296 καὶ
2971 1238 3214 1310 εὐνοῦχοι
3261 1236 3448 1292 αὑτοῦ·
3507 1235 3613 1290 καὶ
3639 1237 3763 1298 τοὺς

2167 1342 2422 1413 ἰσχυροὺς
2465 1341 2565 1412 τῆς
2590 1338 2697 1408 γῆς
2729 1338 3014 1407 ἀπήγαγεν
3054 1331 3374 1387 ἀποικεσίαν
3402 1328 3465 1394 ἐξ
3492 1330 3767 1400 Ἰερουσα-

2162 1434 2274 1506 λὴμ
2305 1436 2384 1497 είς
2417 1430 2768 1487 Βαϐυλῶνα.»
2807 1423 2979 1490 Οὗτος
3025 1425 3089 1497 δὴ
3118 1423 3211 1477 οὖν
3253 1427 3283 1477 6
3313 1423 3575 1492 δεύτερος
3612 1421 3767 1476 Ἰωα-

2161 1527 2293 1599 κεὶμ
2317 1529 2397 1590 είς
2426 1524 2722 1579 Βαϐυλῶνα
2749 1521 3036 1592 ἀπαχθεὶς,
3069 1513 3226 1581 οὗτος
3255 1513 3325 1588 ἦν
3364 1515 3531 1578 αὐτὸς
3559 1517 3592 1568 6
3623 1515 3766 1585 πρὸς

2157 1619 2254 1674 τοῦ
2296 1619 2562 1690 Ἱερεμίου
2591 1615 2844 1686 Ἰεχονίας
2859 1613 3268 1685 ὠνομασμένος,
3292 1610 3518 1678 ἔκγονος
3548 1608 3763 1676 τυγχά-

2158 1729 2266 1766 νων
2297 1711 2391 1765 τοῦ
2430 1710 2630 1772 Ἰωσία,
2686 1711 2798 1763 ἀλλ’
2829 1709 2928 1779 οὐχ
2974 1706 3111 1769 υἱός
3147 1703 3227 1756 διὸ
3255 1703 3488 1766 εἰκότως
3527 1701 3598 1754 ἂν
3637 1717 3765 1753 συν-

479 1804 927 1876 generationibus
970 1811 1314 1858 numeratur.
1369 1805 1546 1874 Atque
1577 1804 1651 1856 ita
1695 1802 1855 1858 nobis
1894 1803 2048 1857 etiam

2166 1804 2446 1876 αριθμοῖτο
2488 1805 2546 1858 ἐν
2575 1808 2641 1876 τῇ
2681 1803 2839 1876 τρίτῃ
2861 1800 3185 1872 γενεαλογίᾳ
3234 1795 3342 1850 τῶν
3381 1796 3494 1850 ἀπὸ
3527 1794 3768 1864 Ἰεχονία

481 1906 883 1968 postremarum
929 1897 1349 1967 quatuordecim
1388 1896 1802 1967 generationum
1847 1896 2054 1966 integer

478 1987 772 2044 conﬁcitur
803 2003 1085 2044 numerus.

2162 1899 2322 1970 μέχρι
2347 1897 2444 1952 τοῦ
2499 1896 2735 1969 Χριστοῦ
2783 1896 2988 1965 γενεῶν
3025 1890 3459 1960 δεκατεσσάρωνο
3520 1886 3621 1940 τοῦ
3661 1903 3767 1940 πα-

2158 1991 2285 2062 τρὸς
2309 1987 2498 2054 αὐτοῦ,
2525 1991 2584 2055 ὃς
2607 1985 2675 2061 ἦν
2706 1988 2800 2043 τοῦ
2840 1985 3022 2042 Ἰωσία
3046 1987 3195 2048 παῖς,
3238 1984 3336 2037 σὺν
3369 1980 3448 2051 τῷ
3495 1980 3680 2050 πατρῖ
3708 1979 3767 2031 ἐν

476 2085 598 2147 ταῖς
622 2081 878 2154 ἀνωτέρω
896 2085 1109 2151 γενεαῖς
1162 2079 1693 2154 καταριθμουμένουο
1745 2083 1840 2136 καὶ⁸
1879 2081 2051 2148 οὕτως
2087 2087 2219 2156 ἡμῖν
2243 2085 2392 2140 καὶὸ
2417 2084 2527 2138 τῶν
2589 2083 2838 2137 ὑστάτων
2894 2063 3310 2148 δεκατεσσάρων
3349 2073 3559 2144 γενεῶν
3635 2073 3768 2140 ἀρο-

477 2173 613 2247 θμὺς
641 2176 950 2230 συνίσταται
979 2175 1214 2247 πλήρης.

1188 2309 1328 2364 XIV.

527 2419 640 2477 Cur
677 2421 1005 2496 fabriﬁlius
1047 2426 1294 2496 cervator
1333 2432 1511 2479 noster
1549 2425 1798 2479 maluerit
1837 2443 1997 2496 quam

679 2493 875 2548 nobilis
905 2494 1137 2563 alicujus
1171 2495 1500 2565 illustrisque
1532 2497 1634 2549 uiri
1665 2493 1852 2552 videri.

545 2649 666 2706 Non
708 2650 776 2706 ad
808 2666 968 2707 suum
1001 2651 1246 2708 divinum
1276 2670 1502 2726 regnum
1535 2657 1922 2714 ostentandum
1953 2674 2049 2712 ve-

473 2743 598 2812 nit;
631 2743 864 2815 ideoque
891 2760 992 2800 nec
1021 2745 1260 2816 gloriose
1289 2763 1391 2803 nec
1421 2750 1731 2819 pompatice
1761 2751 1922 2805 nobis
1953 2750 2051 2804 ad-

474 2835 600 2895 fuit.
631 2835 806 2892 Porro
835 2837 939 2893 iter
971 2837 1048 2892 illi
1079 2840 1138 2892 in
1171 2841 1370 2894 cmlum
1405 2840 1508 2894 fuit
1538 2840 1849 2909 ejusmodi,
1879 2851 1938 2895 ut
1967 2859 2046 2897 vi-

473 2939 583 2984 tam
612 2929 895 2986 hominum
923 2932 1200 3002 expiaret,
1233 2931 1362 2987 dum
1391 2948 1450 2988 se
1479 2949 1546 2987 ex
1576 2934 1856 2987 hominum
1887 2949 2049 3004 grege

473 3021 687 3094 Agnum
715 3021 807 3078 Dei
839 3023 1001 3078 morti
1031 3025 1288 3080 devotum
1316 3032 1370 3079 et
1397 3024 1729 3094 piacularem
1761 3039 1861 3095 pro
1888 3025 2047 3081 nobis

472 3113 734 3170 omnibus
777 3115 1040 3171 traderet.
1088 3115 1455 3182 Quamobrem
1502 3122 1562 3171 ut
1589 3117 1706 3172 sine
1737 3117 1849 3172 ullo
1874 3117 2047 3187 impe-

2901 2313 2999 2364 IA'.

2157 2434 2259 2489 Διὰ
2278 2437 2340 2487 τί
2360 2431 2467 2487 τοῦ
2490 2431 2771 2494 τέκτονος
2792 2424 2924 2492 υἱὸς
2953 2427 2986 2479 ό
3038 2420 3241 2494 Σωτὴρ
3292 2421 3465 2494 ἤμων

2226 2520 2418 2565 τισεν,
2472 2504 2608 2558 ἀλλ’
2660 2489 2938 2562 οὗτινός-
2987 2491 3288 2562 ἐπισήμου
3335 2491 3437 2544 καὶ
3491 2489 3761 2554 ἐνδόξου

2224 2574 2467 2640 ἀνδρός.

2227 2592 2633 2736 ἓζοξὶνῗνςένθεον
2657 2659 2820 2716 αὐτοῦ
2847 2656 3121 2728 βασιλείαν
3152 2653 3437 2718 ἐπιδείξων
3462 2652 3756 2724 ἐλήλυθεν

2153 2759 2278 2812 ἐπεὶ
2305 2757 2441 2828 μηδέ
2479 2755 2790 2825 φανητικῶς
2818 2754 2916 2806 καὶ
2943 2753 3320 2813 ἐπιδεικτικως
3351 2750 3489 2818 ἡμῖν
3521 2745 3752 2818 παρῄειο

2154 2854 2189 2924 ή
2228 2853 2284 2906 δὲ
2315 2851 2434 2914 ὁδὸς
2471 2848 2620 2919 αὐτῷ
2646 2847 2746 2919 τῆς
2783 2849 2863 2909 εἰς
2895 2845 3156 2916 οὐρανοὺς
3183 2843 3425 2912 ἀφίξεως
3443 2840 3543 2892 ἐπὶ
3572 2839 3754 2907 τούτῳ

2155 2943 2385 3014 ἐγίνετο,
2421 2942 2506 3011 ἐφ’
2545 2934 2669 3009 ᾧτε
2721 2939 2811 2992 τὸν
2860 2939 2967 2992 τῶν
3010 2935 3314 3008 ἀνθρώπων
3366 2933 3484 3003 βίον
3515 2949 3752 3000 περικα-

2157 3035 2398 3108 θάροιτο,
2424 3035 2516 3087 τὸν
2549 3036 2613 3087 ἐκ
2640 3032 2739 3103 τῆς
2765 3031 2874 3084 τῶν
2899 3029 3200 3100 ἀνθρώπων
3226 3026 3431 3096 ἀγέλης
3453 3025 3635 3096 ἀμνὸν
3655 3022 3750 3076 τοῦ

2153 3130 2290 3186 Θεοῦ
2322 3129 2614 3199 ἀντίψυχον
2643 3126 2739 3181 καὶ
2768 3124 3063 3195 καθάρσιον
3114 3120 3256 3191 ὑπὲρ
3317 3119 3545 3171 πάντων
3591 3115 3751 3186 ἡμῶν

473 3202 718 3260 (Ιίιηεηιο
761 3205 830 3259 ad
863 3207 1009 3262 hunc
1040 3206 1199 3263 linem
1231 3207 1510 3272 tenderet,
1541 3209 1831 3278 plurimam
1861 3208 2048 3280 prodi~

2166 3223 2316 3286 ιὺτὸς
2343 3221 2536 3276 ἑαυτὸν
2562 3217 2795 3281 ἐπιδούς
2832 3217 2898 3269 ἵν’
2934 3210 3026 3268 οῦν
3057 3211 3517 3284 ἀπαραποδίο-τως
3547 3210 3632 3271 είς
3666 3207 3755 3260 τέ-

473 3296 686 3366 giorum
717 3312 939 3352 suorum
972 3307 1186 3369 partem
1219 3299 1502 3354 celandam
1537 3299 1890 3370 tenebrisque
1915 3315 2047 3371 ope-

472 3386 722 3442 riendam
749 3389 1010 3454 curabat,
1040 3389 1201 3445 modo
1231 3397 1421 3446 vetans
1448 3391 1743 3462 quominus
1774 3406 1862 3447 res
1883 3400 2049 3464 gestae

473 3493 589 3535 suae
629 3480 685 3536 in
729 3481 877 3553 vulgi
917 3481 1170 3536 notitiam
1210 3482 1556 3548 ell‘errentur,
1602 3483 1768 3539 modo
1801 3485 1922 3540 loca
1953 3484 2048 3540 de-

473 3578 622 3628 serta
652 3587 889 3645 sequens
917 3584 1080 3647 atque
1124 3576 1181 3631 in
1224 3576 1506 3631 montibus
1559 3573 2044 3634 commorationes.

471 3661 617 3734 Quin
669 3668 835 3723 etiam
891 3668 1131 3724 divinam
1189 3685 1343 3725 suam
1391 3670 1932 3742 transﬁgurationem
1977 3687 2047 3727 ne

473 3758 692 3815 cunctis
727 3759 948 3830 quidem
995 3760 1284 3833 discipulis
1313 3761 1464 3826 suis,
1497 3763 1594 3818 sed
1627 3764 1804 3819 tribus
1834 3771 2045 3819 tantum

471 3851 754 3920 ostendit;
785 3848 980 3924 hisque
1009 3854 1146 3910 adeo
1176 3852 1484 3920 mandavit,
1520 3870 1591 3910 ne
1631 3855 1721 3910 cui
1756 3870 1932 3910 visum
1960 3856 2047 3912 di-

471 3953 694 4009 cerent,
723 3944 900 4000 donec
930 3943 1101 4002 Filius
1127 3945 1366 4001 hominis
1393 3961 1422 4000 a
1452 3949 1682 4002 mortuis
1713 3955 2042 4018 resurgeret.

469 4035 660 4108 Neque
708 4053 810 4110 pro
859 4039 1018 4094 nobis
1059 4055 1122 4094 ea
1175 4053 1375 4111 passus
1430 4048 1612 4104 esset,
1666 4055 1789 4112 quas
1838 4041 2043 4113 scripta

468 4149 632 4206 sunt,
663 4141 711 4198 si
744 4141 1017 4212 magnifici
1049 4141 1194 4214 regis
1224 4143 1405 4213 specie
1431 4142 1729 4214 divinaque
1778 4158 1904 4198 cum
1946 4157 2044 4197 co-

470 4234 666 4291 mitatu
708 4241 804 4288 aut
841 4234 1088 4290 exercitu
1142 4233 1591 4299 adventavisset,
1643 4232 1810 4288 simul
1857 4231 2042 4288 divina

470 4325 720 4398 prodigia
757 4325 927 4382 edens
948 4366 963 4390 ,
997 4341 1166 4398 seque
1195 4327 1460 4383 universa
1523 4330 1722 4380 natura
1772 4325 2040 4396 potiorem

466 4417 878 4476 demonstrans.
925 4417 1092 4475 Recte
1132 4419 1318 4491 igitur,
1350 4418 1654 4476 secundum
1685 4418 2038 4490 Apostolum,

471 4526 498 4564 ς
517 4525 580 4566 se
603 4509 783 4581 ipsum
811 4509 1140 4574 exinanivit,
1172 4509 1401 4566 formam
1431 4512 1575 4567 servi
1605 4512 1884 4582 accipiens
1912 4511 1984 4576 ”,
2017 4531 2036 4564 ι
2077 4544 2120 4598 D

466 4600 838 4672 pauperisque
863 4599 1085 4672 Josephi
1117 4617 1226 4657 non
1253 4602 1526 4657 recusavit
1555 4602 1698 4658 lilius
1726 4601 1921 4656 videri.
1951 4600 2044 4656 Sic

463 4691 614 4751 enim
663 4691 904 4748 veridica
948 4703 1172 4764 apparet
1219 4694 1490 4750 sententia
1535 4693 1604 4750 de
1644 4693 1740 4749 illo
1768 4693 2039 4764 loquens:

469 4803 494 4838 ι
522 4800 650 4841 eum
681 4792 828 4841 esset
855 4785 1009 4842 dives
1036 4827 1051 4852 ,
1089 4795 1310 4856 prOpter
1343 4802 1445 4842 nos
1478 4803 1684 4854 egenus
1713 4786 1888 4843 factus
1923 4796 2038 4852 est,

465 4882 528 4933 ut
554 4875 704 4933 illius
729 4876 910 4948 inopia
939 4893 1040 4933 nos
1067 4877 1263 4935 divites
1293 4878 1545 4935 heremus
1577 4879 1642 4929 ⁸ο.
1677 4898 1696 4930 ›

1193 5095 1309 5150 XV.

465 5207 710 5277 Quonam
744 5219 897 5279 pacto
935 5211 1146 5265 dicatur
1176 5208 1333 5264 Iesus
1369 5227 1523 5277 super
1544 5208 1762 5264 Davidis
1796 5209 2040 5262 thronum

1146 5281 1363 5336 sedisse.

538 5371 593 5427 Ι.
634 5371 986 5428 Multifariam
1017 5371 1340 5439 intelligitur
1369 5370 1590 5425 Davidis
1623 5371 1886 5424 thronus.
1920 5367 2041 5424 Uno

459 5463 684 5536 quidem
711 5463 872 5519 modo
890 5510 904 5528 ,
932 5463 1098 5518 veluti
1129 5463 1173 5517 si
1199 5463 1325 5533 quis
1353 5462 1650 5533 signiﬁcari
1680 5462 1827 5516 dicat
1853 5462 2005 5517 illum
2027 5504 2039 5526 ,

533 5616 595 5649 ⁸⁸⁵
635 5615 694 5671 IV
739 5616 869 5690 Reg.
910 5633 1059 5685 vav,
1094 5617 1251 5674 5-H.

2149 3313 2238 3377 λος
2267 3311 2461 3384 ἀχθείη
2486 3309 2667 3374 τοῦτο,
2717 3307 2786 3362 τὰ
2821 3307 3047 3360 πλεῖστα
3085 3304 3190 3358 τῶν
3245 3302 3410 3357 αὑτοῦ
3444 3301 3754 3371 θαυμάτων

2148 3403 2466 3476 ἀπέκρυπτέ
2498 3419 2558 3456 τε
2588 3401 2683 3455 καὶ
2705 3398 3018 3462 ἐπεσκίαζε,
3043 3397 3172 3450 ποτέ
3219 3395 3317 3467 μὲν
3346 3391 3641 3464 παραινῶν
3677 3392 3752 3463 μὴ

2149 3499 2229 3562 είς
2255 3496 2461 3559 πάντας
2489 3493 2742 3566 ἐκφέρειν
2772 3491 2840 3545 τὰ
2870 3490 2961 3544 ὑπ’
2983 3486 3148 3543 αὐτοῦ
3187 3485 3569 3559 πραττόμενα,
3611 3485 3752 3537 τεοτέ

2147 3589 2205 3643 δέ
2235 3588 2334 3652 τὰς
2364 3587 2600 3660 ἐρημίας
2631 3585 2842 3638 διώκων
2876 3584 2969 3636 καὶ
2997 3581 3095 3645 τὰς
3122 3582 3178 3633 ἐν
3202 3581 3315 3644 τοῖς
3346 3577 3501 3648 ὄρεσι
3531 3577 3751 3649 διατρι-

2148 3682 2267 3746 ϐάς·
2300 3682 2393 3735 καὶ
2415 3679 2512 3751 τὴν
2564 3677 2744 3732 ἔνθεον
2789 3675 2954 3732 αὑτοῦ
2988 3673 3412 3746 μεταμόρφωσιν
3471 3670 3600 3724 οὐδὲ
3627 3671 3753 3733 τοῖς

2149 3771 2312 3828 αὑτοῦ
2343 3771 2606 3845 μαθηταῖς
2626 3770 2847 3835 ἅπασιν,
2867 3767 3046 3839 μόνοις
3062 3766 3119 3819 δὲ
3135 3765 3311 3836 τρισὶν
3330 3803 3345 3826 ,
3367 3762 3748 3816 ἐπεδείκνυτο·

2147 3865 2330 3929 αὐτοῖς
2383 3881 2443 3918 τε
2499 3861 2707 3926 τούτοις
2765 3857 3164 3931 παρεκελεύετο
3225 3855 3417 3927 μηδενὶ
3461 3854 3635 3923 φάναι
3689 3853 3750 3906 τὸ

2145 3959 2348 4030 ὅραμα,
2371 3956 2474 4020 ἓως
2501 3955 2566 4008 ἂν
2583 3957 2612 4008 6
2629 3953 2754 4016 Υἱὸς
2768 3951 2862 4005 τοῦ
2883 3949 3170 4023 ἀνθρώπου
3196 3949 3260 4000 ἐκ
3282 3945 3495 4016 νεκρῶν
3511 3945 3745 4016 ἐγερθῇ·

2145 4050 2244 4103 οὐκ
2279 4049 2343 4102 ἂν
2371 4049 2428 4102 δὲ
2453 4046 2655 4100 ἔπαθεν
2689 4046 2830 4117 ὑπὲρ
2856 4042 3015 4115 ἡμῶν
3047 4042 3117 4095 τὰ
3154 4037 3664 4110 ἀναγεγραμμένα,
3696 4039 3744 4088 εί

2143 4137 2233 4200 οἶά
2258 4160 2338 4206 τις
2362 4140 2568 4206 ἔνδοξος
2595 4139 2846 4212 βασιλεὺς
2876 4136 3014 4209 μετὰ
3067 4133 3394 4206 δορυφορίας
3421 4131 3618 4184 ἐνθέου
3643 4132 3745 4185 καὶ

2144 4235 2499 4308 παρατάξεως
2544 4233 2721 4304 ἐπῄει·
2757 4230 2891 4302 ὁμοῦ
2953 4230 3049 4284 καὶ
3088 4229 3188 4291 τὰς
3243 4226 3465 4289 ἐνθέους
3498 4224 3742 4298 ἐνεργῶν

2146 4326 2620 4400 παραδοξοποιῒας,
2683 4324 2819 4394 ὁμοῦ
2868 4322 2962 4376 καὶ
3019 4322 3303 4393 κρείττονα
3361 4319 3566 4372 ἐαυτὸν
3619 4319 3738 4370 ἐπι-

2121 4418 2352 4482 ⁴δεικνῦς
2378 4417 2558 4488 πάσης
2579 4417 2809 4486 φύσεως·
2845 4415 3069 4478 εἰκότως
3106 4409 3199 4467 οῦν
3244 4411 3389 4465 κατά
3431 4411 3530 4464 τὸν
3577 4409 3736 4463 11:6-

2150 4511 2354 4576 στολον,
2383 4531 2400 4561 ι
2435 4510 2623 4564 ἐαυτὸν
2681 4509 2916 4563 ἐκένωσε
2977 4506 3188 4579 μορφὴν
3249 4504 3438 4557 δούλου
3493 4502 3728 4556 λαϐών-ι

2148 4604 2240 4656 καὶ
2267 4600 2360 4657 τοῦ
2385 4602 2614 4673 πένητος
2657 4599 2851 4671 Ἰωσὴφ
2883 4599 2996 4664 υίὸς
3023 4599 3124 4651 οὐκ
3150 4597 3471 4666 ἀπηνήνατο
3517 4612 3737 4668 χρημα-

2144 4697 2310 4750 τίσαι·
2339 4696 2424 4750 ἵνα
2452 4697 2546 4750 καὶ
2573 4694 2748 4758 οὕτως
2770 4691 3116 4763 ἐπαληθεύση
3141 4690 3201 4743 τὸ
3226 4689 3438 4758 φάσκον
3473 4689 3608 4758 περὶ
3637 4689 3734 4740 αὑ-

2143 4787 2237 4840 τοῦ
2305 4787 2515 4856 λόγιον·
2569 4806 2586 4839 ι
2626 4787 2747 4841 Ὅτι
2799 4784 3052 4846 πλούσιος
3102 4781 3197 4846 ῶν,
3249 4781 3318 4834 δι’
3346 4782 3504 4850 ἡμᾶς
3559 4781 3737 4832 ert-sib-

2142 4896 2366 4952 χευσεν,
2425 4880 2514 4932 ἴνα
2583 4880 2744 4951 ἡμεῖς
2808 4881 2874 4949 τῇ
2945 4874 3108 4930 αὐτοῦ
3171 4873 3414 4943 πτωχείᾳ
3492 4874 3732 4932 πλουτή-

2143 4991 2344 5044 σωμεν.
2359 4991 2378 5025 ι

2875 5081 2977 5134 ιΕο.

2145 5200 2276 5268 Πῶς
2333 5199 2430 5253 ἐπὶ
2497 5199 2604 5253 τὸν
2665 5194 2881 5268 θρόνον⁵
2940 5193 3179 5268 λέγεται
3249 5189 3427 5244 Δαὸὶδ
3492 5195 3731 5244 κεκαθι-

2789 5264 2957 5321 κέναι
2986 5265 3121 5337 (eo).

2214 5372 2280 5418 α’.
2314 5363 2592 5434 Διαφόρως
2617 5363 2818 5414 νοεῖται
2846 5361 2875 5413 6
2904 5356 3092 5429 θρόνος
3125 5353 3305 5408 Δαϐίδ·
3344 5351 3470 5406 καθ’
3503 5352 3602 5403 ’ἐνα
3629 5349 3716 5419 μὲι

2145 5459 2365 5530 τρόπον,
2396 5457 2516 5510 καθ’
2549 5456 2606 5508 δν
2645 5457 2788 5509 εἴποι
2835 5454 2900 5509 ἄν
2939 5469 3027 5516 τις
3082 5447 3375 5521 δηλοῦσθαι
3439 5444 3531 5499 τὸν
3567 5435 3714 5511 ita":

1329 5619 1375 5649 "
1415 5617 1612 5688 Philip.
1653 5635 1725 5682 ll,
1761 5617 1814 5670 7.
1873 5617 1916 5647 ⁶⁰
1947 5614 1991 5669 ll
2019 5615 2148 5670 Cor.
2191 5630 2305 5677 vm,
2346 5613 2397 5668 9.

533 5772 649 5844 (20)
687 5773 823 5830 Cum
856 5773 958 5830 hac
987 5789 1054 5830 xv
1086 5773 1388 5844 quastione
1411 5773 1729 5830 conferatur
1760 5771 1872 5842 ipse
1899 5770 2166 5827 Eusebius
2201 5769 2504 5824 Demonstr.
2540 5779 2724 5835 euang.
2757 5761 2853 5820 lib.
2885 5774 2982 5825 vti,
3017 5774 3070 5831 p.
3107 5756 3234 5812 353.
