3826 6218
22 344 144 399 929

631 338 1103 411 QUESTIONES
1141 334 1604 393 EVANGELICE.
1646 333 1737 389 AD
1772 333 2211 389 SPEPHANUM.
2256 365 2324 375 —
2363 333 2695 400 ρυιεετιο
2736 333 2850 389 XV.

3237 335 3342 392 930

25 455 367 520 ικαΘὲζετο
393 453 867 527 βασ“ιλεύων,τόιχα
897 469 1000 505 που
1032 449 1091 514 ἐξ
1131 450 1420 518 ἐλέφαντος
1449 447 1542 500 καὶ
1572 445 1664 510 ξύ-

1778 451 1820 500 ιη
1865 462 1974 516 quo
2013 462 2107 500 rex
2155 445 2394 510 residet,
2439 447 2605 501 ebore
2644 455 2770 516 puta
2822 445 3093 518 lignisque
3117 461 3340 524 compa-

26 545 151 598 λων
214 546 637 616 πεποιημένον,
686 542 872 614 χρυσῷ
923 559 984 594 τε
1017 541 1111 595 καὶ
1157 539 1325 603 λίθοις
1367 538 1663 609 βασιλικοῖς

28 638 511 710 κεκοσμημένον·
543 635 664 690 καθ’
689 636 874 708 ἓτερον
906 635 961 688 δὲ
990 634 1112 688 καθ’
1145 634 1204 687 ὃν
1233 634 1331 705 τὴν
1365 633 1538 704 ἀρχὴν
1569 633 1665 685 αὺ-

27 731 141 802 τὴν
178 732 292 786 καὶ
324 731 427 802 τὴν
450 729 591 784 κατά
614 730 812 793 παντὸς
841 728 934 782 τοῦ
962 727 1146 791 ἔθνους
1189 725 1504 798 ἠγεμονίαν,
1536 724 1664 796 θρόο

30 841 130 877 νον
175 823 478 894 βασιλείας
519 822 790 894 εἰώθαμεν
836 820 1150 876 ἀποκαλεῖν·
1184 820 1367 890 τρίτος
1420 818 1486 872 ἂν
1514 818 1664 888 παρὰ

30 919 179 984 τοὺς
219 917 560 989 εἰρημένους
615 915 830 986 λεχθείη
859 913 1060 986 τρόπος
1084 954 1099 978 ,
1140 911 1262 966 καθ’
1298 911 1356 964 ὃν
1404 911 1432 962 ὁ
1487 912 1652 979 ὲτιτηγ⁸

34 1010 340 1081 γελμένος
375 1009 478 1063 ὑπὸ
509 1009 603 1062 τοῦ
629 1006 766 1061 Θεοῦ
803 1005 882 1078 ’εῷ
932 1005 1098 1060 Δαϐὶδ
1125 1005 1313 1077 θρόνος
1338 1003 1662 1074 όνομασθείη

35 1099 108 1150 ἂν
146 1097 368 1161 αὑτοῦ,
402 1099 502 1150 οὐκ
532 1097 616 1166 ἐφ’
640 1097 699 1150 ὃν
719 1095 882 1159 αὐτὸς
906 1094 1195 1166 ὲκαθὲσθη,
1219 1093 1331 1147 ἀλλ’
1357 1094 1415 1147 ὃν
1448 1093 1536 1146 διὰ
1558 1092 1665 1147 τῶν

35 1191 198 1262 πρὸς
237 1191 408 1244 αὑτὸν
431 1188 747 1262 θεοπρεπῶν
770 1190 820 1242 οἱ
848 1188 980 1242 θεῖοι
1013 1187 1161 1256 λόγοι
1207 1187 1541 1257 περιέχουσι·
1573 1186 1666 1255 γέ-

37 1297 318 1353 γραπται
353 1279 461 1352 γὰρ
517 1282 576 1333 ὲν
631 1277 973 1349 ὀγδοηκοστῷ
1021 1277 1192 1348 ὀγδόῳ
1236 1276 1454 1348 ψαλμῷ·
1497 1296 1514 1329 ι
1578 1276 1664 1341 Ὠς

36 1373 260 1443 ὤμοσα
293 1367 464 1424 Δαὸἰδ
485 1369 560 1441 τῷ
590 1369 761 1440 δούλῳ
793 1369 1037 1441 μου,ἓως
1058 1367 1152 1421 τοῦ
1173 1368 1366 1432 αἰῶνος
1396 1368 1666 1438 ἑτοιμάσω

39 1465 103 1518 τδ
147 1465 399 1535 σπέρμα
429 1479 550 1516 σου·
584 1463 681 1517 καὶ
734 1463 1074 1534 οἰκοδομήσω
1120 1461 1427 1530 εἰς-γενεὰν
1456 1461 1548 1514 καὶ
1577 1477 1666 1528 γε-

39 1556 186 1609 νεὰν
263 1557 362 1609 τὸν
439 1554 626 1628 θρόνον
690 1571 807 1609 σου.
843 1572 862 1606 ι
901 1554 1012 1607 Kal
1071 1551 1252 1606 πάλιν·
1293 1571 1312 1602 ι
1349 1551 1461 1605 Kal
1503 1548 1664 1621 θήσο-

43 1667 154 1718 μαι
195 1649 289 1711 εἰς
343 1647 436 1700 τὸν
467 1645 635 1700 αἰῶνα
666 1646 761 1698 τοῦ
816 1644 1011 1708 αἰῶνος
1077 1644 1140 1697 τὸ
1199 1641 1422 1712 σπέρμα
1477 1638 1664 1704 αὐτοῦ,

38 1740 147 1794 καὶ
173 1739 282 1791 τὸν
314 1737 502 1810 θρόνον
540 1736 705 1791 αὑτοῦ
727 1737 801 1802 ὡς
833 1736 932 1799 τὰς
965 1737 1178 1808 ἡμέρας
1208 1734 1298 1788 τοῦ
1357 1731 1607 1806 ούρανοῦ.
1640 1753 1659 1786 ι

41 1833 170 1887 Καὶ
214 1831 407 1886 πάλινο
444 1849 462 1882 ι
502 1829 685 1895 Ἀπαξ
713 1829 903 1901 ὤμοσα
926 1832 983 1883 ὲν
1013 1829 1090 1901 τῷ
1136 1827 1276 1898 ἁγίῳ
1329 1846 1451 1899 μου,
1507 1829 1553 1880 εἰ
1586 1826 1666 1898 τῷ

39 1923 241 1977 Δαόὶδ
272 1923 568 1994 ψεύσομαι,
602 1922 662 1974 τὸ
697 1921 922 1994 σπέρμα
945 1919 1111 1974 αὐτοῦ
1141 1922 1221 1984 εἰς
1249 1921 1337 1973 τὸν
1374 1919 1545 1974 αἰῶνα
1573 1920 1670 1990 μέ-

115 2035 160 2081 ι,
198 2018 305 2070 καὶ
335 2017 365 2068 ὁ
397 2014 585 2085 θρόνος
609 2012 772 2067 αὐτοῦ
805 2013 880 2077 ὼς
903 2014 932 2066 ό
965 2011 1115 2083 ἥλιος
1143 2010 1386 2064 ἐναντίον
1423 2027 1544 2081 μου,
1577 2009 1671 2063 καὶ

41 2111 130 2172 ὼς
165 2111 208 2180 ἡ
241 2107 446 2178 σελήνη
475 2103 886 2177 κατηρτισμένη
915 2105 993 2168 εἰς
1017 2102 1108 2156 τὸν
1136 2102 1328 2164 αἰῶνα,
1363 2101 1458 2154 καὶ
1485 2105 1512 2154 ό
1540 2100 1673 2172 μάρ-

43 2218 156 2264 τυς
201 2202 269 2253 ἐν
302 2198 518 2270 ούρανῷ
546 2198 790 2263 πιστός.»

129 2290 209 2362 β’.
265 2290 424 2343 Ἐπεὶ
449 2289 626 2343 τοίνυν
651 2288 839 2359 θρόνον
891 2289 966 2351 ὡς
997 2286 1096 2350 τὰς
1129 2285 1340 2358 ἡμέρας
1389 2285 1480 2338 τοῦ
1511 2286 1672 2355 ούρα-

47 2381 187 2447 νοῦ,
229 2381 329 2435 καὶ
356 2380 431 2444 ὼς
456 2380 546 2433 τὸν
579 2380 752 2433 αἰῶνα
779 2379 1103 2450 διαμένοντα
1149 2377 1340 2431 δώσειν
1368 2375 1672 2447 ὲπήγγελτο

46 2475 151 2528 διὰ
187 2473 308 2528 τῶν
335 2474 641 2544 εἰρημένων
677 2474 706 2526 ὁ
738 2472 871 2536 Θεὸς
920 2471 998 2544 τῷ
1031 2471 1216 2535 Δαείδ,
1251 2470 1418 2541 πολλὴ
1445 2471 1544 2541 μέν
1590 2487 1672 2533 τις

46 2564 127 2638 ἦν
167 2568 270 2621 διὰ
300 2567 474 2621 ταῦτα
520 2566 599 2637 τῷ
645 2567 810 2620 παντὶ
850 2567 1117 2620 Ἰουδαίων
1175 2565 1318 2618 έθνει
1375 2564 1670 2635 προσδοκία

53 2663 207 2733 περὶ
247 2661 348 2714 τοῦ
370 2661 696 2732 δηλωθέντος
729 2660 940 2733 θρόνου·
973 2659 1177 2731 βραχὺν
1237 2659 1292 2712 δὲ
1339 2657 1530 2729 χρόνον
1576 2657 1670 2710 τοῦ

52 2752 246 2807 Δαὸὶδ
305 2751 680 2823 ἡγησαμένου,
735 2751 828 2804 καὶ
885 2750 1193 2822 Σολομῶνος
1246 2751 1361 2822 μετ’
1396 2751 1578 2813 αὑτὸν,
1609 2750 1669 2803 οὐ

58 2843 186 2915 μὴν
215 2842 362 2897 ἀλλὰ
389 2843 611 2896 καὶτῶν
633 2843 893 2913 διαδόχων
925 2843 1024 2914 τῆς
1051 2843 1230 2898 αὐτῶν
1285 2842 1560 2913 βασιλείας
1592 2844 1671 2906 εἰς

70 2935 357 3006 Ἰεχονίαν
385 2935 478 2987 καὶ
529 2935 630 3006 τὴν
661 2936 740 2998 εἰς
772 2934 1066 2988 Βαϐυλῶνα
1099 2933 1474 3006 αἰχμαλωσίαν
1505 2951 1672 2986 κατα-
1702 2975 1706 2979 κ

58 3026 459 3099 στμψάντων,
485 3026 560 3089 ὡς
588 3027 647 3094 ἐξ
669 3025 878 3080 ἐκείνου
911 3027 1164 3080 λελύσθαι
1201 3027 1292 3080 τὸν
1337 3026 1523 3098 θρόνον
1574 3028 1673 3099 τῆς

61 3118 367 3189 βασιλείας
399 3117 582 3180 Δαόἰδ,
631 3117 804 3170 ἐδόκει
834 3117 905 3171 τὰ
957 3118 1058 3188 τῆς
1083 3118 1192 3172 τῶν
1216 3117 1374 3171 θείων
1408 3117 1672 3190 χρησμῶν
1699 3158 1741 3214 c

58 3211 423 3281 ἐπαγγελίας
459 3212 532 3282 μὴ
556 3211 923 3266 συνίστασθαι·
949 3211 1108 3265 τοῦτο
1148 3207 1241 3265 οῦν
1263 3210 1396 3264 αὐτὸ
1424 3211 1502 3282 τῷ
1543 3210 1671 3281 θείῳ

61 3301 370 3371 Πνεύματι
403 3301 564 3355 πάλιν
596 3303 625 3354 ό
683 3302 847 3365 αὐτὸς
871 3301 1086 3374 ψαλμὸς
1131 3301 1490 3374 προαγορεύει
1547 3301 1674 3370 ἑξῆς

62 3396 194 3456 τοῖς
227 3393 692 3464 προπαρατεθεῖσι
720 3393 919 3463 λέγων’
974 3414 993 3445 ι
1031 3394 1140 3448 Ποῦ
1164 3397 1270 3448 εἰσι
1303 3394 1371 3447 τὰ
1402 3395 1526 3466 ὲλέη
1581 3411 1674 3447 σου

61 3483 145 3538 τὰ
174 3483 409 3554 ἀρχαῖα,
443 3483 636 3556 Κύριε,
664 3485 700 3540 ἃ
721 3485 942 3558 ὤμοσας
971 3485 1051 3557 τῷ
1078 3485 1240 3540 Δαὸἰδ
1261 3487 1317 3540 ὲν
1346 3489 1414 3558 τῇ
1449 3485 1678 3559 ἀληθεία

68 3591 176 3628 σου
201 3592 219 3640 ;
265 3593 285 3626 ι
327 3575 438 3628 Kal
466 3577 568 3647 τήν
585 3593 650 3646 γε
683 3576 1004 3650 καθαίρεσιν
1031 3579 1132 3648 τῆς
1187 3578 1465 3649 βασιλείας
1487 3577 1673 3644 αὑτοῦ,

66 3669 176 3722 καὶ
208 3668 314 3740 τῆς
344 3667 591 3741 διαδοχῆς
621 3669 918 3734 αὐτοῦ,τοῦ
947 3670 1137 3743 θρόνου
1171 3689 1230 3724 τε
1260 3670 1359 3743 τὴν
1376 3688 1679 3742 καταστροε-

71 3761 193 3831 φὴν
233 3759 534 3833 διαρρήδην
581 3762 941 3833 ὑποσημαίνει
975 3763 1135 3818 πάλιν
1168 3762 1296 3833 ἑξῆς
1329 3763 1417 3816 διὰ
1448 3763 1674 3816 τούτων’

77 3873 99 3906 ι
141 3853 228 3906 Σὺ
255 3853 318 3906 δὲ
349 3854 555 3908 ἀπώσω
607 3857 700 3910 καὶ
745 3855 1128 3923 ὲξουδένωσας,
1165 3856 1358 3926 Κύριε
1415 3856 1677 3910 ἀνεϐάλου

73 3947 178 4000 τὸν
214 3947 452 4018 Χριστόν
480 3965 594 4012 σου,
624 3949 996 4022 κατέστρεψας
1030 3950 1126 4023 τὴν
1145 3951 1412 4022 διαθήκην
1440 3949 1532 4003 τοῦ
1553 3949 1676 4003 δού-

74 4039 184 4093 λου
224 4056 344 4106 σου,
372 4038 716 4111 ὲὸεὸήλωσας
743 4044 822 4106 εἰς
851 4044 951 4115 τὴν
974 4045 1078 4115 γῆν
1101 4044 1161 4096 τὸ
1181 4044 1428 4113 ἀγίασμα
1453 4042 1639 4096 αὐτοῦ’
1655 4063 1672 4093 ι

77 4131 188 4187 καὶ
217 4131 489 4202 ἐπιφέρειο
527 4149 546 4184 ι
585 4132 677 4184 τὸν
710 4132 898 4204 θρόνον
926 4133 1090 4187 αὑτοῦ
1131 4136 1210 4197 εἰς
1239 4134 1336 4206 τὴν
1359 4135 1462 4204 γῆν
1489 4134 1658 4206 κατέῤ

78 4223 287 4297 ῥήξας.
304 4243 326 4275 ι

160 4322 240 4386 γ’.
270 4315 459 4372 Ταῦτα
487 4318 665 4373 πάντα
689 4320 828 4373 κατά
848 4319 910 4372 τὸ
942 4319 1071 4372 αὐτὸ
1093 4318 1314 4388 συνάγει
1345 4319 1406 4371 τὸ
1430 4317 1676 4389 Πνεῦμα,

83 4412 388 4481 μονονουχὶ
421 4410 739 4482 βουλόμενον
764 4413 914 4482 ἡμᾶς
953 4412 1181 4479 διδάξαι,
1229 4413 1310 4466 ὅτι
1338 4413 1398 4464 οὑ
1427 4412 1554 4483 περί
1577 4410 1678 4480 τῆς

1697 1795 1740 1854 Β

41 2034 104 2069 νε

1765 547 1912 594 ctum
1932 580 1948 605 ,
1970 554 2216 610 auroque
2242 547 2297 594 et
2325 540 2492 610 regiis
2514 538 2786 609 lapidibus
2825 548 3174 595 exornatum.
3220 541 3344 597 Alio

1763 632 1958 695 modo,
1999 646 2110 702 quo
2157 630 2448 700 imperium
2479 631 2660 700 ipsum
2690 637 2856 700 atque
2884 630 3125 686 universi
3155 633 3342 703 populi

1765 723 2025 779 ducatum
2048 765 2063 789 ,
2090 724 2351 778 thronum
2379 722 2534 794 regni
2566 723 2813 778 solemus
2838 738 3057 779 vocare.
3090 723 3342 790 Tertius,

1765 826 1962 884 praeter
1984 813 2276 885 przedictos
2294 855 2309 880 ,
2341 814 2537 870 modus
2561 822 2646 870 est
2665 854 2680 879 ,
2703 829 2814 885 quo
2844 814 2934 870 ille
2958 831 2988 869 a
3017 814 3129 872 Deo
3154 815 3345 874 Davidl

1767 908 2076 978 promissus
2115 909 2380 974 thronus,
2413 906 2524 962 dici
2558 917 2738 978 potest
2771 908 3008 965 thronus
3041 909 3198 980 ejus,
3233 921 3345 966 non

1766 997 1822 1052 in
1851 1013 1962 1068 quo
1993 997 2111 1069 ipse
2140 998 2381 1063 sederit,
2406 998 2500 1054 sed
2530 1012 2693 1068 quem
2721 1012 2818 1067 per
2847 999 3094 1054 caelestia
3123 997 3191 1054 ad
3221 1015 3345 1056 eum

1765 1091 2030 1147 vaticinia
2080 1089 2282 1148 divinae
2329 1092 2529 1148 littera
2579 1092 2887 1149 continent.
2940 1090 3224 1163 Scriptum
3260 1101 3348 1149 est

1767 1185 1914 1240 enim
1941 1185 1998 1240 in
2023 1185 2364 1256 octogesimo
2389 1194 2586 1240 octavo
2613 1184 2829 1256 psalmo
2859 1203 2874 1239 :
2900 1204 2918 1236 ι
2936 1181 3128 1240 Juravi
3155 1171 3344 1240 Davidi

1769 1293 1929 1335 servo
1968 1295 2130 1334 meo:
2169 1279 2357 1349 Usque
2405 1279 2462 1334 in
2509 1280 2773 1335 saeculum
2808 1279 3126 1350 praeparabo
3161 1292 3346 1334 semen

1769 1381 1922 1425 tuum
1947 1387 1964 1437 ;
1989 1377 2044 1425 et
2071 1371 2328 1426 thronum
2363 1381 2515 1425 tuum
2545 1371 2831 1427 aediﬁcabo
2857 1372 2913 1426 in
2941 1372 3346 1441 generationem

1767 1471 1824 1519 et
1850 1463 2285 1534 generationem.
2318 1482 2337 1515 ι
2367 1461 2434 1517 Ει
2465 1478 2663 1518 rursus
2692 1482 2706 1516 :
2741 1481 2760 1514 ι
2799 1461 3120 1533 Ponamque
3155 1461 3211 1518 in
3240 1475 3346 1517 sm-

1769 1553 1953 1608 culum
1996 1553 2184 1608 saeculi
2228 1567 2415 1608 semen
2457 1552 2613 1624 ejus,
2659 1561 2715 1608 et
2751 1553 3011 1607 thronum
3051 1551 3176 1620 ejus
3204 1551 3350 1607 sicut

1768 1644 1886 1700 dies
1934 1645 2082 1700 cteli.
2112 1664 2132 1698 ι
2163 1643 2229 1698 Et
2269 1644 2491 1699 denuo:
2525 1663 2544 1695 σ
2581 1643 2762 1701 Semel
2807 1644 2994 1714 juravi
3041 1645 3098 1699 in
3151 1651 3349 1699 sancto

1771 1752 1894 1792 meo
1912 1777 1927 1801 ,
1952 1739 1998 1793 si
2026 1737 2219 1792 Davidi
2246 1737 2518 1803 mentiar;
2549 1752 2736 1793 semen
2761 1736 2881 1808 ejus
2901 1744 3085 1792 manet
3107 1737 3165 1791 iu
3190 1742 3350 1791 atere

1773 1843 1925 1884 num.
1988 1826 2248 1884 Thronus
2303 1828 2426 1898 ejus
2469 1835 2732 1898 tanquam
2788 1827 2873 1883 sol
2929 1827 2986 1883 in
3041 1832 3347 1900 conspectu

1771 1938 1895 1978 meo
1916 1962 1931 1987 ,
1964 1931 2019 1978 et
2048 1924 2195 1978 sicut
2226 1923 2356 1978 luna
2387 1921 2629 1992 perfecta
2662 1922 2718 1976 in
2745 1929 3014 1977 aeternum
3044 1937 3060 1989 ;
3096 1927 3153 1977 et
3184 1920 3348 1977 testis

1772 2017 1828 2071 in
1863 2017 2004 2071 coelo
2035 2015 2232 2072 tldelis.
2268 2034 2288 2066 ι

1841 2287 1895 2341 2.
1940 2287 2112 2358 Igitur
2156 2289 2284 2358 quia
2327 2287 2621 2354 tbrcnum,
2671 2297 2933 2359 tanquam
2978 2289 3099 2346 dies
3141 2291 3268 2358 cceli
3297 2299 3351 2348 et

1773 2389 2033 2448 tanquam
2085 2381 2257 2434 sulem
2305 2389 2358 2434 et
2409 2381 2632 2448 lunam,
2673 2381 2728 2435 in
2776 2381 2977 2437 saecula
3021 2381 3349 2438 duraturum

1772 2473 2100 2540 promiserat
2134 2469 2322 2524 Davidi
2353 2471 2536 2526 verbis
2561 2470 2839 2541 praedictis
2865 2471 3036 2537 Deus,
3058 2481 3352 2544 propterea

1773 2562 1941 2615 multa
1969 2569 2087 2616 erat
2115 2563 2171 2617 in
2209 2563 2465 2618 universa
2499 2561 2812 2617 Judaeorum
2857 2573 3016 2636 gente
3061 2563 3353 2634 signiﬁcati

1772 2655 1954 2710 throni
1971 2656 2330 2725 exspectatio.
2357 2655 2604 2727 Cumque
2628 2656 2780 2711 brevi
2807 2664 3052 2727 tempore
3083 2659 3355 2729 principa-

1772 2757 1887 2803 tum
1909 2749 2171 2818 gessisset
2196 2747 2366 2804 David
2382 2789 2398 2814 ,
2425 2758 2479 2804 et
2498 2756 2620 2820 post
2637 2750 2785 2805 hunc
2808 2749 3094 2816 Salomon,
3121 2759 3174 2806 et
3196 2767 3354 2822 rcges

1773 2841 1969 2895 horum
1996 2856 2350 2897 successores
2375 2842 2428 2896 in
2449 2840 2714 2897 Jechonia
2745 2857 2808 2897 ac
2825 2842 3156 2915 Babylonica
3179 2845 3356 2915 capti-

1777 2929 1946 2984 vitate
1975 2930 2346 2985 cessavissent
2373 2971 2388 2996 ,
2426 2931 2501 2986 ita
2543 2939 2604 2985 ut
2643 2940 2769 3003 post
2812 2931 2866 2986 id
2908 2941 3125 3002 tempus
3167 2935 3355 3005 regius

1773 3020 1999 3078 Davidis
2027 3022 2261 3080 thronus
2296 3024 2594 3080 subversus
2631 3024 2836 3092 fuerit;
2879 3025 3210 3082 videbantur
3235 3040 3347 3083 non

1776 3113 1879 3170 sibi
1909 3123 2165 3170 constare
2195 3116 2507 3171 divinorum
2533 3118 2884 3173 oraculorum
2921 3119 3347 3190 promissiones.

1775 3203 2141 3270 Quamobrem
2163 3207 2354 3262 eodem
2375 3205 2564 3262 divino
2583 3207 2789 3278 Spiritu
2814 3224 3035 3264 rursum
3061 3210 3357 3280 praedictus

1777 3298 2043 3368 psalmus,
2073 3311 2273 3370 praeter
2306 3308 2432 3357 ante
2457 3301 2624 3366 dicta,
2656 3302 2738 3358 sic
2766 3302 3041 3373 loquitur:
3063 3301 3200 3360 «Ubi
3227 3313 3359 3360 sunt

1776 3389 2174 3447 misericordiae
2209 3401 2316 3448 tua:
2355 3394 2630 3464 antiquae,
2672 3393 2931 3461 Domine,
2975 3411 3113 3466 quas
3151 3397 3355 3467 jurasti

1781 3482 1973 3539 Davidi
2017 3484 2074 3539 in
2111 3487 2346 3542 veritate
2373 3488 2511 3542 tua?
2535 3507 2553 3539 ι
2581 3485 2723 3542 Tum
2761 3487 2926 3543 etiam
2957 3489 3112 3560 regni
3140 3489 3262 3559 ejus
3287 3504 3353 3546 ac

1777 3578 2150 3634 successionis
2176 3580 2450 3635 excidium
2483 3582 2779 3652 throntque
2803 3583 3144 3638 eversionem
3169 3590 3359 3653 aperte

1777 3669 1957 3724 innuit
1991 3669 2047 3724 in
2094 3672 2487 3741 sequentibus:
2521 3690 2540 3723 ι
2569 3669 2651 3728 Tu
2692 3687 2825 3728 vero
2863 3674 3110 3743 repulisti
3157 3682 3212 3728 et
3254 3672 3354 3730 de-

1777 3760 2005 3832 spexisti
2027 3800 2041 3826 ,
2067 3760 2296 3818 Domine
2324 3780 2338 3830 ;
2369 3761 2636 3819 distulisti
2663 3762 2946 3818 Christum
2975 3771 3130 3818 tuum
3161 3782 3176 3830 ;
3201 3775 3355 3820 ever-

1777 3855 1894 3910 tisti
1945 3861 2337 3910 testamentum
2386 3855 2528 3912 servi
2579 3855 2696 3921 tui;
2746 3855 3054 3928 profanasti
3105 3855 3160 3910 in
3206 3863 3355 3912 terra

1779 3949 2157 4003 sanctuarium
2187 3949 2310 4018 ejus
2331 3967 2377 4016 ;»
2398 3948 2659 4020 additque
2684 3968 2697 4004 :
2737 3967 2754 4000 ι
2780 3957 2835 4005 et
2861 3949 3118 4004 thronum
3145 3949 3268 4020 ejus
3299 3948 3356 4004 in

1780 4047 1980 4093 terram
2011 4039 2284 4096 collisisti.
2309 4059 2328 4093 ι

1847 4311 1902 4368 3.
1941 4311 2066 4367 Haec
2105 4310 2290 4366 omnia
2325 4309 2644 4366 summatim
2683 4309 2892 4382 colligit
2919 4309 3143 4367 divinus
3174 4311 3357 4382 Spiri-

1781 4413 1871 4460 tus
1893 4443 1908 4469 ,
1940 4401 2335 4474 propemodum
2363 4401 2562 4457 docere
2592 4415 2696 4456 nos
2723 4401 2944 4466 volens,
2975 4399 3121 4456 haud
3149 4400 3360 4457 visibile

83 4502 383 4573 βασιλείας
434 4503 533 4573 τῆς
584 4503 869 4575 αἰσθητῆς,
927 4505 1046 4558 οὐδὲ
1073 4505 1200 4576 περὶ
1245 4503 1337 4558 τοῦ
1367 4504 1553 4575 θρόνου
1584 4502 1678 4555 τοῦ

1785 4513 2011 4568 regnum
2054 4495 2245 4551 Davidi
2291 4493 2460 4550 fuisse
2495 4493 2830 4565 promissum
2875 4509 3056 4563 neque
3098 4493 3358 4548 thronum

86 4596 558 4670 σωματικώτερον
579 4600 869 4670 νοουμένου
902 4601 957 4653 αἰ
986 4600 1119 4670 πρὸς
1144 4599 1306 4653 Δαόὶδ
1347 4594 1486 4670 ἦσαν
1511 4601 1680 4667 ἐπαγ-

85 4690 302 4759 γελίαι·
330 4691 388 4744 αἰ
417 4691 514 4762 μὲν
542 4691 652 4763 γὰρ
676 4692 804 4764 περί
840 4710 985 4756 τινος
1009 4693 1228 4746 αἰωνίου
1278 4691 1492 4762 θρόνου,
1529 4692 1686 4744 ἀπει-

86 4784 410 4855 καζομένου
467 4784 606 4856 ἡλίῳ
655 4787 750 4840 καὶ
787 4785 1023 4857 οὐρανῷ,
1086 4782 1432 4856 διαμένοντός
1485 4802 1545 4838 τε
1605 4785 1684 4847 εἰς

89 4875 302 4940 αιιῖινα,
330 4875 744 4948 προεθέσπιζον·
787 4881 820 4948 ἡ
845 4879 901 4932 δέ
925 4895 989 4947 γε
1015 4877 1108 4931 τοῦ
1157 4877 1322 4931 Δαόὶδ
1375 4876 1620 4946 βασιλεία
1650 4877 1684 4946 ὴ

91 4964 360 5038 αἰσθητὴ,
390 4966 566 5039 χρόνῳ
597 4967 785 5021 λέλυτο
812 4969 912 5022 οὐκ
955 4969 1033 5031 εἰς
1065 4967 1292 5038 μακρόν·
1322 4967 1544 5030 εἰκότως
1578 4983 1687 5018 τοι-

92 5056 314 5130 γαροῦν
351 5057 447 5112 τοῦ
485 5057 676 5130 θρόνου
732 5057 829 5130 τῆς
877 5057 1143 5130 αἰσθητῆς
1197 5057 1470 5129 βασιλείας
1525 5055 1688 5110 Δαόἰδ

93 5151 203 5221 τὴν
228 5149 548 5221 καθαίρεσιν
573 5149 914 5220 ὑπογράψας,
929 5150 1020 5202 καὶ
1045 5147 1232 5210 εἰπὼν,
1260 5148 1350 5200 τὸν
1372 5146 1558 5218 θρόνον
1586 5147 1685 5198 αύ-

93 5243 200 5298 τοῦ
228 5245 313 5308 εἰς
337 5243 435 5314 τὴν
465 5243 569 5315 γῆν
597 5237 956 5316 κατέῤῥῆξας,
986 5241 1229 5315 περὶτοῦ
1275 5241 1364 5295 διὰ
1394 5240 1501 5294 τῶν
1528 5241 1686 5296 θείων

95 5335 378 5408 χρησμῶν
402 5336 812 5408 ὲπηγγελμένου
841 5335 1057 5390 αἰωνίου
1085 5335 1178 5388 καί
1225 5333 1473 5404 οὐρανίου
1497 5332 1686 5404 θρόνου

100 5426 237 5495 ἑξῆς
265 5424 368 5496 ⁵ιεὴν
396 5425 558 5497 εὐχὴν
583 5428 817 5480 ποιεῖται
860 5424 1054 5493 λέγων’
1101 5444 1119 5476 ι
1154 5423 1264 5477 Ποῦ
1317 5425 1422 5477 εἰσι
1464 5423 1531 5476 τὰ
1561 5423 1687 5494 ὲλέη

103 5535 204 5570 σου
231 5516 303 5570 τὰ
343 5518 568 5588 ἀρχαῖα,
614 5517 807 5590 Κύριε,
849 5516 887 5572 θ.
930 5515 1153 5588 ὤμοσας
1206 5514 1282 5586 τῷ
1333 5513 1495 5569 Δαϐἰδ
1538 5515 1686 5586 ὲντῇ

103 5609 341 5681 ἀληθείᾳ
387 5625 519 5676 σου;
555 5629 572 5661 ι
618 5608 900 5681 μονονουχὶ
947 5609 1049 5672 τὰς
1101 5607 1356 5671 ἐκϐάσεις
1415 5605 1525 5660 τῶν
1569 5603 1688 5676 μεθ’

103 5704 277 5773 ὃρκου
341 5701 777 5768 διαϐεϐαιώσεως
838 5701 1264 5777 ἐπηγγελμένων
1312 5699 1460 5770 αὐτῷ
1505 5698 1689 5762 τέλους

103 5797 291 5866 τυχεῖν
317 5793 502 5860 ἀξιῶν.
742 5803 744 5806 ’

1784 4590 2144 4662 corporaliter
2174 4588 2608 4660 intelligendum.
2652 4587 2764 4642 Illae
2792 4586 2996 4657 quippe
3033 4585 3359 4657 promissio-

1785 4699 1883 4738 nes
1923 4682 2178 4737 thronum
2217 4679 2513 4751 quemdam
2551 4688 2818 4733 aeternum
2852 4677 3226 4732 vaticinautur
3254 4675 3359 4731 soli

1783 4783 1838 4829 et
1876 4773 2020 4826 luna:
2057 4771 2309 4841 caeloque
2345 4769 2578 4825 similem
2606 4808 2620 4832 ,
2664 4767 2871 4838 quique
2911 4773 3207 4838 perpetuus
3243 4779 3361 4819 ma-

1785 4872 1932 4919 neat.
1973 4862 2138 4933 Atqui
2175 4860 2397 4916 Davidis
2425 4859 2644 4916 visibile
2671 4873 2899 4930 regnum
2929 4859 3078 4913 brevi
3113 4865 3361 4929 tempore

1785 4956 2025 5012 deletum
2059 4963 2164 5012 est.
2228 4953 2597 5021 Quamobrem
2626 4952 2752 5022 jure
2783 4966 2908 5007 cum
2937 4965 3064 5006 mox
3096 4950 3358 5014 dixisset,

1786 5051 2043 5104 thronum
2083 5045 2325 5101 Davidici
2364 5045 2517 5116 regni
2535 5043 2766 5099 visibilis
2807 5040 2976 5097 fuisse
2996 5041 3360 5104 subversum,

1795 5161 1813 5193 ‹
1843 5142 2102 5195 thronum
2157 5139 2278 5209 ejus
2329 5138 2384 5192 in
2437 5145 2639 5192 terram
2691 5133 2986 5200 collisisti;
3021 5139 3181 5186 itum
3229 5145 3362 5186 vero
3474 5134 3481 5141 '

1788 5230 1974 5288 throni
2007 5231 2128 5301 ejus
2153 5231 2329 5301 gratia
2351 5268 2366 5293 ,
2398 5242 2560 5299 quem
2591 5225 2776 5281 divina
2823 5223 3048 5279 oracula
3095 5232 3361 5276 aeternum

1788 5325 2178 5394 cmlestemque
2211 5323 2403 5385 aiunt,
2436 5335 2628 5391 preces
2663 5317 2854 5373 addit:
2886 5333 2905 5367 ι
2938 5312 3045 5369 Ubi
3086 5319 3214 5368 sunt
3259 5311 3362 5366 mi-

1789 5416 2102 5474 sericordia:
2133 5422 2240 5469 tuae
2266 5414 2505 5485 antiquae
2527 5454 2541 5480 ,
2572 5410 2835 5475 Domine,
2866 5421 3006 5479 quas
3027 5404 3227 5478 jurasti
3259 5401 3363 5457 Da-

1790 5509 1904 5566 vidi
1936 5509 1993 5564 in
2024 5508 2260 5564 veritate
2283 5505 2419 5561 tua?
2449 5525 2468 5557 ι
2494 5505 2696 5576 quibus
2720 5500 2905 5559 verbis
2930 5506 3118 5572 petere
3145 5495 3366 5552 videtur

1792 5611 1853 5659 ut
1897 5600 2295 5673 promissiones
2327 5603 2678 5657 sacramento
2717 5594 2944 5651 ﬁrmatae
2976 5590 3186 5648 exitum
3225 5599 3366 5644 uan-

1790 5695 2090 5753 ciscantur.
