3846 6220
466 328 582 392 Ὥὸί

1116 324 1387 385 EUSEBII
1423 325 1903 384 CAESARIENSIS
1957 326 2107 383 OPP.
2150 327 2332 383 PARS
2360 326 2447 385 l'l.
2488 359 2565 369 --
2602 325 3015 384 EXEGETICA.

3631 322 3733 381 95!

552 455 609 509 4.
642 446 741 506 Hic
770 452 1024 505 nimirum
1076 448 1309 503 thronus
1353 448 1444 502 ille
1470 454 1574 509 est,
1604 461 1764 515 quem
1800 461 1861 503 se
1888 445 2049 501 datu-

2220 446 2282 499 δ’.
2352 445 2551 500 Τοῦτον
2594 441 2689 499 οὖν
2737 446 2900 499 αὑτὸν
2953 445 3155 498 ἐκεῖνον
3194 442 3254 496 6v
3282 441 3490 513 ὤμοσεν
3541 443 3575 495 6
3605 442 3733 507 Θεὸς

483 554 605 597 rum
632 541 819 596 Davidi
860 540 1001 594 Deus
1029 540 1256 608 juravit.
1274 546 1535 607 tanquam
1561 537 1684 592 dies
1707 535 1831 590 cmli
1858 544 1913 591 et
1936 536 2051 591 vel-

470 634 568 688 'uti
610 634 779 688 solem
810 633 865 685 in
893 640 1190 700 conspectu
1222 629 1338 693 Dei,
1372 630 1419 683 is
1443 636 1526 683 est
1553 629 1646 699 qui
1675 628 1878 681 dicitur
1911 627 2054 681 sicut

483 724 613 777 l‘una
637 721 877 792 perfecta
909 722 964 774 in
1002 731 1291 785 :etcrnum,
1345 726 1401 773 et
1451 732 1611 789 quem
1634 732 1768 787 gens
1797 716 2054 770 universa

484 814 692 869 tlrmari
721 814 1034 882 exoptabat.
1097 814 1275 881 Atque
1328 810 1477 864 hunc
1535 824 1773 878 magnus
1826 807 2054 877 angelus

483 903 706 965 Gabriel
744 904 954 973 Virgini
1001 903 1274 973 signiﬁcat
1324 902 1510 957 datum
1539 902 1587 955 ei
1620 901 1686 953 iri
1721 899 1813 970 qui
1845 915 1913 954 ex
1938 900 2055 967 ipsa

485 1003 823 1050 nasceretur.
848 994 1029 1060 Quare
1062 996 1142 1049 sic
1184 995 1330 1047 illam
1363 992 1661 1062 alloquitur
1698 1008 1713 1046 :
1746 1009 1766 1041 ι
1800 990 1866 1044 Et
1894 1004 2057 1044 voca-

483 1086 572 1143 bis
590 1101 789 1141 nomen
810 1087 934 1153 ejus
960 1084 1148 1140 Jesum
1186 1101 1200 1135 :
1241 1086 1330 1139 hic
1365 1086 1468 1138 erit
1498 1098 1751 1153 magnus,
1797 1089 1851 1136 et
1885 1081 2055 1137 Filius

485 1175 753 1231 Altissimi
777 1176 1064 1229 vocabitur
1098 1191 1110 1226 :
1143 1182 1197 1229 et
1219 1175 1372 1229 dabit
1409 1174 1488 1229 illi
1515 1173 1779 1229 Dominus
1801 1171 1945 1227 Deus
1965 1186 2054 1229 se-

485 1264 608 1319 dem
632 1264 856 1331 Davidis
885 1266 1059 1335 patris
1089 1265 1229 1334 ejus.
1266 1284 1284 1316 ›
1320 1264 1443 1319 Mox
1472 1279 1633 1335 quem
1680 1264 1939 1318 thronum
1970 1265 2057 1319 in-

485 1356 693 1428 telligat
744 1354 932 1426 pandit
965 1372 978 1407 :
1010 1374 1030 1407 ι
1058 1355 1124 1409 Et
1150 1355 1399 1429 regnabit
1459 1355 1515 1408 in
1568 1353 1731 1409 domo
1778 1352 1949 1410 Jacob
1998 1356 2055 1410 in

485 1454 747 1502 alternum
773 1464 789 1512 ;
820 1453 874 1502 et
909 1446 1064 1516 regni
1096 1446 1216 1515 ejus
1264 1461 1374 1500 non
1407 1447 1512 1499 erit
1562 1444 1723 1499 ﬁnis:
1750 1463 1769 1497 ι
1799 1458 1921 1516 quae
1948 1444 2056 1500 Ga-

487 1537 674 1592 brielis
704 1537 851 1591 dicta
880 1536 1120 1592 oraculis
1164 1544 1495 1591 consonant.
1518 1534 1659 1589 Olim
1688 1535 1910 1605 quidem
1948 1536 2056 1589 Da-

485 1626 598 1681 vidi
626 1626 784 1682 sedes
808 1626 997 1681 aeterni
1044 1626 1195 1695 regni
1229 1639 1295 1679 ac
1339 1624 1581 1679 caelestis
1626 1624 1895 1694 promissa
1924 1622 2053 1693 fuit;

487 1730 634 1771 nunc
654 1716 878 1785 angelus
924 1729 1048 1769 eum
1080 1714 1172 1784 qui
1210 1713 1279 1769 de
1324 1712 1548 1784 Virgine
1594 1714 1897 1784 gignendus
1938 1722 2058 1769 erat

2153 536 2344 590 δώσειν
2384 536 2462 609 τῷ
2504 537 2667 590 Δαϐὶδ
2711 536 2919 608 θρόνον,
2965 535 3058 589 τὸν
3099 535 3176 598 ὡς
3219 533 3319 597 τὰς
3366 534 3584 605 ἡμέρας
3640 533 3730 587 τοῦ

2153 627 2383 700 οὐρανοῦ
2405 667 2419 692 ,
2466 628 2561 682 καὶ
2606 627 2700 681 τὸν
2743 627 2814 691 ὡς
2866 629 2896 681 6
2932 626 3083 698 ἥλιος
3134 625 3372 679 ἐναντίον
3426 624 3522 678 τοῦ
3574 623 3728 685 Θεεσῦ,

2155 720 2249 773 καὶ
2285 720 2375 772 τὸν
2416 721 2491 782 ὡς
2540 718 2766 789 σελήνην
2812 718 3252 791 κατηρτισμένην
3294 718 3374 780 είς
3406 716 3501 768 τὸν
3532 715 3727 775 αἰῶνα,

2154 810 2364 875 παντὸς
2414 811 2699 881 ἐπιστῆναι
2745 808 2839 861 τοῦ
2890 808 3076 872 ἔθνους
3122 809 3446 879 εὐχομένου,
3496 811 3525 861 6
3558 808 3733 878 μέγας

2155 902 2384 971 ἄγγελος
2408 901 2647 973 Γαϐριὴλ
2677 902 2775 973 τὴν
2799 900 3076 971 Παρθένον
3124 898 3536 967 εὐαγγελίζεται
3566 898 3648 968 τῷ
3676 898 3732 963 εξ

2154 994 2321 1062 αὐτῆς
2365 993 2744 1064 γεννησομένῳ
2787 991 3107 1061 δοθήσεσθαι
3152 990 3452 1054 θεσπίζωνο
3486 991 3571 1043 διό
3603 1008 3733 1061 φησι

2155 1084 2291 1157 πρὸς
2318 1083 2486 1155 αὐτὴν
2504 1101 2517 1114 ο
2553 1103 2572 1136 ι
2595 1086 2702 1137 Kal
2730 1083 2979 1145 καλέσεις
3008 1083 3070 1135 τὸ
3099 1083 3269 1153 ὄνομα
3300 1081 3465 1136 αὐτοῦ
3498 1082 3729 1154 Ἰησοῦν⁹

2154 1171 2305 1240 οὗτος
2336 1177 2487 1228 ἔσται
2535 1176 2728 1246 μέγας,
2758 1178 2850 1230 καὶ
2894 1176 3021 1239 Υἱὸς
3068 1174 3321 1244 Ὑψίστου
3367 1174 3730 1246 κληθήσεται·

2155 1267 2251 1320 καὶ
2290 1250 2453 1318 δώσεί
2481 1265 2629 1337 αὑτῷ
2661 1266 2863 1338 Κύριος
2894 1269 2922 1319 6
2943 1265 3076 1329 Θεὸς
3107 1266 3197 1319 τὸν
3230 1264 3418 1335 θρόνον
3442 1264 3614 1318 Δαϐὶδ
3641 1263 3733 1320 τοῦ

2155 1358 2359 1429 πατρὸς
2386 1357 2571 1413 αὐτοῦ.
2607 1378 2626 1409 ι
2671 1358 2950 1430 Ἐπιφέρει
2982 1358 3027 1411 δ’
3055 1352 3145 1411 οὖν
3182 1355 3382 1425 ἐφεξῆς
3413 1357 3514 1409 καὶ
3548 1356 3731 1425 λέγει·

2162 1468 2182 1501 t
2234 1451 2344 1503 Kal.
2398 1448 2702 1520 βασιλεύσει
2757 1450 2849 1501 ἐπὶ
2895 1448 2985 1501 τὸν
3031 1445 3179 1502 οἷκον
3233 1446 3428 1501 Ἰακὼϐ
3485 1448 3567 1510 είς
3611 1449 3737 1510 τοὺς

2156 1540 2356 1605 αἰῶνας
2379 1558 2392 1572 ·
2443 1541 2537 1595 καὶ
2562 1540 2661 1610 τῆς
2687 1540 2962 1611 βασιλείας
2990 1540 3152 1594 αὑτοῦ
3186 1540 3287 1592 οὐκ
3309 1539 3462 1592 ἔσται
3501 1539 3684 1602 τέλος·
3710 1559 3730 1590 ι

2158 1632 2422 1703 σύμφωνα
2448 1635 2561 1695 τοῖς
2585 1631 2694 1684 ἀπὸ
2738 1631 2848 1684 τῶν
2873 1630 3135 1702 χρησμῶν
3179 1631 3501 1701 ἑρμηνεύων
3521 1646 3536 1660 '
3579 1630 3612 1681 6

2156 1721 2266 1793 γὰρ
2305 1722 2442 1794 πρὸς
2485 1721 2575 1775 τὸν
2600 1721 2764 1774 Δαϐὶδ
2797 1723 2922 1793 περὶ
2962 1722 3149 1793 θρόνον
3200 1721 3478 1791 βασιλείας
3516 1721 3736 1773 αἰωνίου

486 1817 879 1878 occupaturum
909 1807 985 1861 ait
1009 1806 1230 1862 Davidis
1261 1807 1554 1873 thronum;
1576 1808 1887 1861 nuntiatum
1910 1806 2056 1862 scili-

2159 1812 2254 1867 καὶ
2298 1811 2547 1883 οὐρανίου
2597 1810 2916 1882 προύλεγεν,
2963 1811 2991 1862 6
3023 1809 3081 1862 δὲ
3112 1808 3376 1872 ὡσαύτως
3424 1807 3614 1861 τὸνιὲκ
3641 1807 3738 1878 τῆς

485 1906 596 1964 cet,
622 1914 800 1969 neque
827 1897 1206 1953 tamendatum
1230 1896 1376 1968 (Si):
1407 1898 1455 1952 is
1486 1905 1664 1952 autem
1687 1898 2057 1953 cmlestiserat

492 2002 549 2048 et
570 1992 690 2048 sine
726 1991 832 2046 ﬁne
861 2006 1177 2047 mansurus.
1201 1990 1333 2045 Erat
1354 1991 1525 2061 igitur
1556 1990 1648 2045 hic
1674 1991 1854 2046 exitus
1883 1990 2059 2045 maxi-

488 2085 562 2139 mi
582 2083 827 2139 vaticinii
862 2082 1050 2138 Davidi
1076 2082 1205 2137 editi
1236 2082 1498 2150 omnique
1524 2081 1725 2151 populo
1756 2082 2055 2151 exspectati

488 2176 744 2246 quodque
764 2174 983 2229 Gabriel
1007 2180 1244 2229 testatur
1283 2173 1339 2227 in
1385 2173 1681 2227 Servatore
1706 2178 1902 2228 uostro
1925 2170 2057 2227 Jesu

480 2267 710 2322 Christo
738 2266 1042 2321 veridicum
1084 2265 1327 2320 evasisse
1355 2283 1373 2316 ‹
1414 2264 1664 2334 regnabit
1688 2263 1745 2317 in
1765 2270 2054 2329 aeternum,

486 2366 543 2413 et
562 2358 714 2428 regni
744 2357 865 2427 ejus
896 2371 1007 2411 non
1035 2355 1142 2410 erit
1163 2355 1309 2410 ﬁnis.
1333 2375 1351 2406 ι
1383 2354 1564 2421 Quare
1586 2361 1640 2410 et
1667 2354 1785 2425 ipse
1802 2352 2058 2410 Servator

489 2462 554 2501 ac
585 2446 849 2503 Dominus
881 2454 1070 2501 noster
1090 2460 1217 2499 cum
1240 2452 1550 2515 rogaretur,
1582 2460 1712 2499 num
1758 2444 1878 2515 ipse
1910 2451 2057 2500 esset

490 2553 585 2593 rex
629 2536 943 2593 Iudaeorum
972 2578 987 2604 ,
1022 2536 1347 2607 respondit:
1389 2555 1421 2591 ο
1446 2535 1693 2605 Regnum
1720 2551 1902 2590 meum
1948 2551 2058 2590 non

487 2635 574 2685 est
623 2628 692 2685 de
724 2629 830 2684 hoc
885 2628 1092 2683 mundo
1118 2629 1185 2680 “.
1225 2648 1244 2681 ι
1293 2626 1440 2681 Nihil
1496 2628 1640 2682 enim
1702 2628 1934 2683 mortale
1964 2634 2059 2682 aut

489 2721 785 2792 temporale
816 2720 1133 2777 conferebat
1160 2722 1210 2776 ei
1251 2720 1405 2791 regni
1436 2718 1596 2774 sedes
1617 2738 1636 2774 :
1669 2719 1766 2775 sed
1797 2719 1915 2790 ipse
1942 2731 2060 2775 erat

488 2814 545 2869 in
568 2812 829 2869 universo
874 2813 1154 2869 hominum
1188 2819 1333 2868 coetu
1362 2812 1502 2866 lucis
1531 2811 1705 2867 instar
1740 2810 2056 2881 splendens,

487 2904 654 2960 veluti
692 2906 774 2959 sol
803 2912 859 2960 et
889 2903 1033 2959 sicut
1053 2904 1180 2958 luna
1226 2900 1465 2973 perfecta
1496 2902 1551 2955 in
1581 2908 1868 2964 aeternum,
1900 2900 2059 2957 intel-

488 2995 748 3052 lectuales
798 2995 1011 3049 animas
1063 3010 1159 3064 per
1193 3007 1350 3048 suam
1378 2991 1622 3047 divinam
1667 2993 2059 3048 coelestemrue

486 3088 794 3144 doctrinam
826 3088 1133 3143 illustrans.

2156 1904 2435 1978 Παρθένου
2492 1905 2881 1978 γεννησόμενον
2935 1900 3202 1971 λήψεσθαι
3254 1916 3389 1970 φησι
3422 1901 3517 1952 τὸν
3550 1900 3739 1970 θρόνον

2156 1996 2340 2059 Δαϐὶδ,
2385 1996 2634 2050 τουτέστι
2672 1996 2763 2049 τὸν
2792 1994 2868 2064 τῷ
2894 1992 3057 2046 Δαίῆδ
3089 1990 3496 2063 ἐπηγγελμένον
3529 1992 3653 2060 μὲν,
3677 1992 3739 2043 ὠ

2160 2087 2267 2158 μὴν
2296 2088 2389 2142 καὶ
2416 2087 2693 2159 δεδομένον
2726 2086 2861 2158 (21)·
2881 2080 3033 2148 οὗτος
3061 2083 3105 2136 δ’
3127 2079 3195 2154 ἦν
3215 2087 3245 2137 6
3264 2083 3521 2153 οὐράνιος
3544 2083 3643 2135 καὶ
3660 2083 3742 2145 εἰς

2157 2179 2325 2232 αἰῶνα
2374 2179 2671 2250 διαμένων·
2728 2174 2796 2250 ἦν
2850 2173 2942 2231 οὖν
2996 2178 3090 2231 καὶ
3145 2175 3303 2230 τοῦτο
3361 2173 3742 2245 συμπέρασμα

2161 2271 2420 2340 μεγίστης
2451 2270 2784 2342 προφητείας
2808 2268 2887 2338 τῷ
2908 2268 3072 2321 Δαϐὶδ
3109 2265 3526 2338 κεχρησμένης,
3568 2280 3739 2335 προσ-

2157 2360 2469 2432 δοκωμένης
2511 2379 2570 2415 τε
2606 2360 2684 2431 τῷ
2723 2361 2885 2413 παντὶ
2915 2359 3048 2429 λαῷ,
3088 2356 3533 2429 πεπληρωμένης
3563 2355 3623 2408 δέ
3650 2356 3742 2407 ἐπὶ

2156 2448 2250 2503 τοῦ
2295 2451 2544 2523 Σωτῆρος
2596 2450 2752 2522 ἡμῶν
2789 2448 2962 2520 Ἰησοῦ
2996 2446 3251 2520 Χριστοῦ,
3302 2444 3447 2499 κατὰ
3500 2445 3606 2516 τὴν
3648 2443 3739 2497 τοῦ

2157 2539 2392 2612 Γαϐριὴλ
2428 2541 2730 2613 μαρτυρίαν
2762 2542 3071 2612 φήσαντοςα
3110 2558 3128 2589 ι
3165 2539 3274 2591 Καὶ
3311 2536 3629 2608 βασιλεύσει
3663 2536 3741 2597 εἰς

2156 2633 2283 2694 τοὺς
2330 2632 2562 2699 αἰῶνας,
2612 2632 2706 2684 καὶ
2751 2633 2852 2703 τῆς
2908 2630 3183 2702 βασιλείας
3234 2628 3401 2683 αὑτοῦ
3447 2629 3553 2682 οὐκ
3592 2627 3740 2680 ἔσται

2158 2722 2326 2786 τέλος.
2374 2741 2393 2773 ι
2452 2724 2650 2795 Διόπερ
2697 2724 2792 2778 καὶ
2852 2724 3014 2787 αὐτὸς
3066 2726 3094 2777 6
3137 2721 3327 2794 Σωτὴρ
3386 2722 3483 2776 καὶ
3538 2721 3740 2792 Κύριος

2158 2813 2314 2884 ἡμῶν
2360 2814 2499 2886 πρὸς
2535 2814 2627 2868 τὸν
2660 2815 2920 2887 ἐρόμενον
2953 2814 3137 2875 αὑτὸν,
3170 2814 3220 2866 εἰ
3260 2812 3424 2874 αὐτὸς
3456 2812 3545 2882 εἴη
3576 2812 3607 2863 6
3635 2809 3740 2862 τῶν

2171 2904 2437 2958 Ἰουδαίων
2488 2904 2759 2975 βασιλεὺς,
2788 2906 3139 2978 ἀπεκρίνατο·
3180 2925 3198 2955 ι
3249 2904 3313 2956 Ἦ
3346 2903 3602 2973 βασιλεία
3634 2902 3739 2971 ἐμὴ

2157 2995 2256 3049 οὐκ
2284 2995 2429 3051 ἐστιν
2468 2997 2531 3050 ἐκ
2552 2996 2647 3049 τοῦ
2674 2996 2879 3068 κόσμου
2906 2996 3095 3050 τούτου
3114 3012 3128 3025 ·
3164 3013 3180 3047 ι
3218 2994 3371 3047 οὐδὲν
3408 2992 3521 3065 γὰρ
3552 2992 3739 3064 θνητὸν

2157 3087 2280 3140 οὐδὲ
2320 3087 2605 3161 ἐπίκαιρον
2637 3089 2871 3159 ἐπήγετο
2900 3086 3048 3157 αύτῷ
3087 3088 3116 3139 6
3151 3086 3249 3156 τῆς
3291 3084 3581 3154 βασιλείας
3619 3083 3736 3155 θρό-

487 3197 609 3245 νος·
664 3180 779 3234 ἀλλ’
828 3176 896 3251 ἦν
948 3180 1164 3252 άληθῶς
1217 3178 1338 3232 καθ’
1399 3179 1526 3251 ὅλης
1586 3178 1687 3249 τῆς
1751 3177 2054 3251 ἀνθρώπων
2091 3182 2419 3255 οἰκουμένης
2446 3225 2461 3248 ,
2520 3183 2697 3252 φωτὸς
2741 3183 2918 3254 δίκην,
2970 3181 3265 3252 ἐκλάμπων
3310 3180 3386 3241 ὡς
3444 3179 3480 3249 ἡ
3546 3179 3738 3249 σελήνη

489 3273 893 3346 κατηρτισμένη
958 3276 1039 3338 εἰς
1084 3274 1176 3328 τὸν
1234 3272 1439 3339 αἰῶνα,
1492 3273 1670 3345 ψυχὰς
1729 3274 1921 3345 νοερέις
1982 3278 2340 3346 καταυγάζων
2409 3277 2497 3330 διὰ
2564 3278 2665 3347 τῆς
2708 3276 2890 3331 ἐνθέου
2931 3275 3026 3330 καὶ
3090 3272 3341 3346 ούρανίου
3389 3269 3740 3333 διδασκαλίας

489 3367 677 3425 αὑτοῦ.

561 3459 614 3515 5.
643 3458 800 3525 Quod
857 3459 1120 3514 siaitzet
1141 3475 1306 3530 super
1355 3458 1524 3515 Jacob
1574 3461 1864 3533 regnabit,
1921 3477 2055 3519 cave

490 3559 649 3621 putes
668 3549 981 3607 Iudaeorum
1010 3558 1223 3621 gentem
1270 3566 1368 3622 per
1423 3549 1682 3607 Jacobum
1736 3554 2054 3625 signiﬁcari.

489 3640 745 3697 Profecto
768 3642 860 3712 qui
890 3641 1005 3696 haec
1052 3648 1241 3695 narrat
1291 3640 1470 3696 Lucas
1503 3644 1858 3712 evangelista,
1891 3659 2060 3715 quan-

489 3730 782 3801 doquidem
816 3741 940 3801 post
963 3729 1269 3786 Servatoris
1292 3731 1466 3785 nostri
1499 3730 1554 3784 in
1610 3733 1806 3786 coelum
1842 3748 2059 3789 assum-

490 3821 728 3890 ptionem
753 3819 1021 3874 Gabrielis
1056 3820 1202 3874 dicta
1239 3822 1523 3889 scripturae
1574 3836 1688 3876 suae
1709 3823 2060 3879 commenda-

489 3912 589 3976 vit,
612 3911 780 3982 probe
807 3918 1032 3967 noverat
1062 3909 1248 3966 Jesum
1294 3910 1640 3967 Servatorem
1671 3913 1724 3967 in
1743 3912 2056 3971 Iudaeorum

489 4006 650 4069 gente
671 4013 1015 4069 nequaquam
1066 3999 1399 4069 regnavisse,
1446 4002 1646 4056 nedum
1675 4001 1791 4059 fore
1815 4011 1871 4058 ut
1901 4013 2059 4061 aeter-

489 4106 621 4145 num
670 4091 958 4160 imperium
1005 4090 1059 4144 in
1106 4106 1202 4146 eos
1230 4104 1544 4161 exerceret;
1598 4109 1833 4163 quorum
1894 4098 2058 4152 etiam

490 4182 756 4237 adversus
814 4180 962 4235 hunc
991 4181 1266 4236 molimina
1327 4191 1487 4252 atque
1536 4184 1778 4239 exitialia
1814 4185 2060 4241 facinora

492 4281 681 4331 narrat
713 4291 728 4327 :
760 4288 938 4343 neque
987 4274 1167 4329 solum
1214 4275 1271 4330 in
1304 4272 1622 4345 Evangelio,
1672 4291 1862 4331 verum
1894 4278 2058 4333 etiam

476 4365 547 4425 ,in
571 4363 800 4419 Actibus
831 4364 1225 4433 apostolorum,
1283 4365 1510 4420 hostiles
1551 4364 1863 4437 Iudaeorum
1890 4369 2061 4439 impe-

491 4466 582 4513 tus
609 4465 798 4511 contra
827 4453 959 4511 Jesu
1010 4455 1310 4525 discipulos
1348 4456 1564 4511 scribit.
1596 4456 1766 4527 lgitur
1784 4474 1909 4513 cum
1945 4460 2061 4513 exi—

491 4548 741 4603 stimaret
767 4560 901 4601 voce
952 4560 1146 4616 reapse
1191 4543 1463 4603 Gabrielis
1495 4547 1815 4619 signiﬁcari,
1850 4548 1967 4603 fore
2002 4557 2061 4604 ut

490 4631 745 4687 Christus
768 4640 1022 4702 regnaret
1040 4647 1206 4702 super
1235 4648 1331 4689 eos
1357 4652 1372 4700 ;
1401 4634 1456 4689 id
1487 4651 1613 4691 vere
1647 4636 1754 4691 dici
1802 4636 1945 4692 haud
1969 4637 2060 4708 ju-

491 4723 806 4791 dicavisset,
836 4724 943 4779 nisi
988 4732 1216 4779 cunctos
1243 4726 1494 4782 homines
1549 4728 1831 4784 vocatione
1862 4727 2058 4785 Serva-
2088 4722 2133 4776 Β

492 4816 630 4871 toris
663 4816 837 4870 nostri
860 4830 927 4870 ex
946 4816 1201 4870 omnibus
1230 4817 1481 4886 gentibus
1510 4818 1564 4872 in
1595 4819 1940 4889 adoptionem
1970 4834 2059 4876 as-

493 4915 761 4976 sumptos,
796 4920 891 4975 per
912 4904 1133 4961 domum
1162 4903 1351 4960 Jacobi
1374 4905 1742 4962 demonstrari
1791 4910 2052 4966 credidis-

493 5006 613 5053 set..
664 4996 818 5052 Unde
873 5004 928 5052 et
981 4996 1141 5053 divus
1175 4997 1468 5068 Aposlolus
1524 5001 1809 5071 perspicue
1830 5002 2059 5057 edoctus

489 5091 602 5145 ait:
640 5109 658 5141 ι
689 5087 807 5144 Non
836 5089 983 5144 enim
1047 5090 1139 5159 qui
1176 5090 1231 5143 in
1288 5089 1604 5154 manifesto,
1666 5091 1889 5148 Judaeus
1937 5103 2054 5149 est:

490 5197 670 5252 neque
691 5196 811 5252 quae
842 5182 895 5236 in
929 5180 1218 5238 manifesto
1266 5182 1319 5238 in
1359 5197 1523 5238 carne
1553 5193 1636 5239 est
1669 5185 2055 5252 circumcisio;

492 5272 588 5328 sed
621 5273 712 5344 qui
744 5273 801 5327 in
830 5274 1171 5339 abscondito,
1211 5273 1432 5330 Iudaeus
1484 5284 1607 5330 est:
1634 5284 1686 5330 et
1709 5276 2059 5332 circumcisio

493 5363 677 5419 cordis
729 5365 784 5418 in
835 5366 1051 5436 spiritu,
1108 5382 1217 5421 non
1249 5368 1426 5423 littera
1460 5384 1476 5420 :
1506 5368 1665 5438 cujus
1696 5368 1817 5425 laus
1851 5386 1961 5427 non
1991 5387 2057 5427 ex

494 5455 807 5515 hominibus
838 5457 933 5514 sed
963 5475 1027 5513 ex
1060 5458 1170 5515 Deo
1190 5467 1275 5515 est
1308 5460 1373 5515 θ’.
1405 5480 1425 5512 ι

486 5604 489 5609 ’
562 5613 607 5647 ⁸⁸
646 5613 806 5670 Joan.
845 5633 999 5683 xvm,
1040 5617 1129 5674 56.
1204 5616 1248 5649 θ’
1290 5616 1447 5673 Rom.
1487 5633 1556 5683 ll,
1591 5618 1682 5671 25.

2227 3460 2288 3506 ε’.
2329 3454 2392 3507 El
2424 3453 2481 3507 δὲ
2511 3454 2722 3523 λέγοιτο
2758 3455 2851 3508 ἐπὶ
2889 3454 2980 3508 τὸν
3024 3451 3219 3507 Ἰακὼϐ
3259 3451 3629 3522 βασιλεύσειν,
3667 3452 3741 3522 μὴ

2156 3545 2217 3599 τὸ
2248 3544 2514 3600 Ἰουδαίων
2541 3546 2695 3610 ἔθνος
2726 3545 2916 3617 νόμιζε
2947 3545 3038 3599 διὰ
3063 3544 3159 3598 τοῦ
3198 3543 3396 3599 Ἰακὼϐ
3423 3542 3740 3614 δηλοῦσθαι.

2169 3638 2227 3691 '0
2250 3636 2378 3705 γοῦν
2409 3636 2582 3691 ταῦτα
2614 3637 2841 3709 ἱστορῶν
2868 3636 3080 3700 Λουκᾶς
3109 3638 3139 3690 6
3163 3635 3583 3707 εὐαγγελιστὴς,
3606 3636 3743 3707 μετὰ

2155 3727 2255 3797 τὴν
2291 3727 2372 3790 είς
2412 3726 2674 3797 οὐρανοὺς
2722 3726 2989 3797 ἀνάληψιν
3036 3726 3131 3779 τοῦ
3156 3726 3412 3799 Σωτῆρος
3452 3726 3617 3797 ἡμῶν
3645 3727 3744 3796 τὴν

2155 3815 2250 3871 τοῦ
2276 3816 2512 3889 Γαϐριὴλ
2555 3818 2739 3889 φωνὴν
2767 3819 2945 3890 οἰκεία
2983 3819 3259 3890 παραδοὺς
3299 3822 3524 3892 τραφῇ,
3559 3820 3743 3887 σατρῶς

2154 3906 2422 3977 ἠπίστατο
2472 3907 2563 3960 τὸν
2609 3906 2815 3979 Ἰησοῦν
2868 3908 2967 3961 οὐκ
3016 3907 3111 3960 ἐπὶ
3156 3908 3218 3960 τὸ
3267 3907 3539 3962 Ἰουδαίων
3594 3906 3745 3970 ἔθνος

2155 3998 2247 4053 τὸν
2285 3997 2513 4069 Σωτῆρα
2566 3997 3021 4068 βεϐασιλευκότα,
3068 3999 3191 4053 οὐδὲ
3238 4001 3319 4061 είς
3362 4000 3493 4062 τοὺς
3540 3998 3744 4061 αἰῶνας

2156 4092 2318 4145 αὑτὸν
2344 4091 2605 4163 ἄρξαντα,
2640 4084 2714 4146 ὧν
2744 4109 2808 4160 γε
2843 4093 2939 4148 xal.
2968 4092 3068 4163 τὴν
3101 4093 3221 4145 κατ’
3248 4089 3414 4146 αὐτοῦ
3449 4091 3741 4161 συσκευὴν,

2156 4185 2252 4237 καὶ
2296 4184 2397 4255 τὴν
2445 4187 2526 4249 εἰς
2574 4184 2803 4238 θάνατον
2853 4182 3147 4255 ἐπιϐουλὴν
3197 4181 3447 4259 ἀκριϐῶς
3504 4183 3738 4254 inope?-

2158 4276 2253 4329 καὶ
2286 4276 2346 4328 οὐ
2389 4275 2571 4346 μόνον,
2610 4274 2746 4332 ἀλλὰ
2783 4273 2876 4327 καὶ
2917 4276 2977 4327 ἐν
3012 4276 3135 4338 ταῖς
3168 4272 3410 4344 Πράξεσι
3453 4271 3567 4327 τῶν
3612 4272 3741 4325 ἁπο-

2159 4365 2359 4419 στόλων
2398 4363 2500 4429 τὰς
2540 4363 2685 4419 κατὰ
2725 4363 2833 4417 τῶν
2875 4362 2972 4416 τοῦ
3022 4361 3197 4434 Ἰησοῦ
3236 4361 3503 4434 μαθητῶν
3540 4363 3731 4416 ἐπανα-

2160 4456 2376 4521 στάσεις
2421 4455 2631 4510 αὐτῶν·
2679 4456 2779 4510 οὐκ
2810 4454 2877 4508 ἂν
2909 4451 3003 4508 οὖν
3035 4456 3122 4506 ἐπ’
3153 4454 3349 4517 αὐτοὺς
3400 4453 3738 4523 βασιλεύσειν

2157 4548 2249 4605 τὸν
2273 4548 2507 4623 Χριστὸν
2551 4548 2652 4619 τὴν
2699 4547 2884 4618 φωνὴν
2921 4545 3016 4599 τοῦ
3046 4544 3286 4617 Γαϐριὴλ
3313 4545 3548 4616 νομίσας
3592 4547 3737 4619 είρη-

2158 4639 2333 4703 κέναι,
2360 4640 2435 4703 ὡς
2461 4638 2637 4711 ἀληθῆ
2671 4637 2839 4709 αὐτὴν
2873 4636 3313 4710 παρελάμϐανεν,
3345 4638 3397 4691 εί
3431 4636 3510 4708 μὴ
3535 4637 3739 4698 πάντας

2160 4733 2283 4796 τοὺς
2307 4731 2396 4786 διὰ
2420 4730 2522 4801 τῆς
2547 4731 2791 4800 κλήσεως
2816 4727 2911 4782 τοῦ
2940 4728 3191 4800 Σωτῆρος
3216 4726 3375 4801 ἡμῶν
3402 4726 3467 4794 ἐξ
3489 4728 3741 4785 ἁπάντων

2162 4823 2270 4878 τῶν
2304 4821 2471 4879 ἐθνῶν
2498 4824 2577 4886 εἰς
2615 4822 2712 4893 τὴν
2744 4820 2852 4875 τῶν
2882 4820 3052 4889 ἁγίων
3087 4819 3361 4873 υἱοθεσίαν
3391 4819 3740 4888 εἰσποιούμε-

2164 4931 2280 4978 νος,
2315 4909 2460 4967 οἷκον
2494 4912 2684 4967 Ἰακὼϐ
2717 4913 2961 4983 ἡγήσατο
2992 4911 3132 4966 κατὰ
3158 4911 3397 4967 διάνοιαν
3425 4909 3736 4983 δηλοῦσθαι*

2162 5005 2283 5058 ὅθεν
2316 5005 2411 5058 καὶ
2440 5004 2470 5056 6
2497 5003 2640 5068 θεῖος
2665 5002 2987 5066 Ἀπόστολος
3008 5001 3369 5073 ἐπιστάμενος
3406 5002 3736 5070 σαφέστατα,

2166 5098 2403 5170 παρίστη
2453 5097 2626 5167 λέγων
2662 5114 2676 5127 ·
2742 5116 2761 5149 ι
2792 5098 2866 5153 Οὐ
2914 5096 3024 5168 γάρ
3058 5095 3087 5149 6
3132 5097 3191 5148 ὲν
3232 5093 3573 5166 “rip.”an
3616 5092 3740 5146 Ἰον-

2163 5189 2309 5253 δαῖός
2343 5192 2510 5254 ἐστιν,
2528 5189 2650 5243 οὐδὲ
2680 5191 2713 5260 ἡ
2736 5190 2794 5243 ἐν
2816 5187 2894 5259 τῷ
2923 5186 3141 5257 φανερῷ
3169 5188 3228 5244 ἐν
3254 5185 3424 5258 σαρκὶ
3448 5181 3741 5256 περιτομὴ,

2165 5281 2278 5336 ἀλλ’
2299 5282 2329 5335 6
2357 5284 2414 5335 ἐν
2439 5280 2517 5353 τῷ
2544 5279 2772 5353 κρυπτῷ
2803 5280 3071 5346 Ἰουδαῖος,
3099 5280 3195 5333 καὶ
3220 5279 3495 5350 περιτομὴ
3518 5275 3737 5350 καρδίας

2164 5373 2221 5424 ἐν
2267 5372 2566 5444 πνεύματι,
2622 5374 2684 5426 οὐ
2728 5373 3037 5444 γράμματι,
3083 5366 3146 5429 οὗ
3199 5372 3228 5425 6
3269 5370 3493 5434 ἔπαινος
3535 5369 3635 5423 οὐκ
3677 5364 3733 5431 ἐξ

2164 5462 2490 5535 ἀνθρώπων,
2524 5464 2638 5521 ἀλλ’
2668 5465 2733 5518 ἐκ
2759 5462 2850 5519 τοῦ
2885 5462 3042 5517 Θεοῦ.
3080 5482 3100 5514 ι

568 5724 682 5797 (‘2!)
723 5725 929 5782 Confer
979 5727 1198 5784 Eusebii
1254 5728 1712 5783 commentarium
1764 5725 1817 5781 in
1872 5724 2099 5794 Lucam,
2139 5742 2255 5797 cap.
2295 5742 2333 5793 ι,
2365 5726 2456 5783 32.
