3846 6220
131 315 261 371 95ὅῖ

876 434 991 500 ις’.

134 542 280 611 Πῶς
602 546 868 632 ξηθξεξμ
973 545 1092 624 μὲις
1115 545 1413 632 Μαςθαῖρς
1443 547 1530 608 εἰς
1555 544 1731 632 Αἴγυ-

213 632 368 669 πτον
417 616 661 682 ἱστορεῖ,
709 620 742 669 ό
780 615 848 669 δὲ
891 615 1129 682 Λουκᾶς
1173 619 1261 681 εἰς
1320 615 1730 683 Ἰερουσαλὴμ,

214 684 493 757 κάκεῖθεν
532 689 621 751 είς
646 683 909 757 Ναζαρὲθ
950 686 1102 756 πρὸς
1135 685 1254 739 τῶν
1288 685 1516 757 γονέων
1562 683 1732 754 φέρε-

216 760 358 810 σθαι
403 756 509 809 τὸν
548 755 804 824 Ἰησοῦν.

214 873 285 926 α’.
329 872 544 935 Λουκᾶς
587 872 688 944 μὲν
725 873 817 927 τὸν
864 873 1056 945 καιρὸν
1092 871 1321 945 ἱστορῶν
1355 873 1457 943 τῆς
1496 873 1590 926 τοῦ
1622 874 1735 926 Σω-

135 965 315 1035 τῆρος
370 963 528 1033 ἡμῶν
584 962 893 1030 γενέσεως,
942 963 1043 1033 τῆς
1089 963 1399 1031 Αὐγούστου
1460 963 1735 1034 βασιλείας

141 1053 477 1128 μνημονεύει
509 1055 603 1108 καὶ
630 1054 733 1124 τῆς
762 1055 884 1108 κατ’
918 1055 1079 1108 αὑτὸν
1113 1056 1440 1127 ἀπογραφῆς
1471 1071 1486 1086 ο
1510 1055 1644 1126 φησί
1674 1072 1735 1108 τε

142 1147 283 1218 μηδὲ
318 1146 609 1217 ἐσχηκέναι
666 1147 862 1210 αὐτοὺς
916 1148 976 1199 έν
1029 1149 1096 1217 τῇ
1126 1145 1374 1218 Βηθλεὲμ
1423 1132 1749 1218 κατάλυμα,.

139 1240 383 1311 πλήθους
429 1239 682 1303 συνόντος
710 1237 788 1302 ὡς
826 1239 975 1301 είκὸς
1007 1238 1064 1292 ἐν
1092 1241 1159 1311 τῇ
1194 1238 1441 1312 Βηθλεὲμ
1485 1238 1591 1295 τῶν
1631 1239 1738 1293 ἀπὸ

138 1334 335 1402 γένους
367 1331 532 1386 Δαὸὶδ
560 1332 659 1403 τῆς
694 1333 1019 1403 ἀπογραφῆς
1046 1332 1260 1386 ἕνεκεν·
1309 1332 1389 1386 διὸ
1423 1333 1558 1404 μηδὲ
1588 1331 1736 1385 οἴκου

139 1424 234 1478 τὸν
263 1422 463 1493 Ἰωσὴφ
491 1423 745 1493 εὐπορεῖν
763 1441 774 1451 ·
805 1424 926 1476 ὅθεν
945 1422 1207 1477 τεκοῦσάν
1238 1440 1371 1494 φησι
1398 1425 1495 1493 τὴν
1521 1423 1745 1493 Μαρίαν.

142 1514 539 1586 σπαργανῶσαι
589 1514 650 1566 τὸ
708 1513 909 1586 βρέφος
957 1515 1049 1568 καὶ
1096 1514 1392 1568 ἀποθέσθαι
1442 1516 1500 1567 ἐν
1540 1516 1738 1590 φάτνῃ,

140 1607 233 1661 διὰ
274 1609 335 1660 τὸ
374 1608 450 1678 μὴ
496 1602 638 1659 εἶναι
685 1608 868 1670 αὐτοῖς
930 1606 1094 1659 τόπον
1144 1608 1200 1659 ἐν
1241 1606 1320 1677 τῷ
1365 1606 1762 1678 καταλύματιο,

143 1703 241 1756 καὶ
270 1701 416 1765 εἰκός
444 1718 506 1769 γε
535 1696 604 1771 ἦν
633 1699 901 1752 πλείστων
941 1699 1211 1752 συνόντων
1234 1699 1321 1752 διὰ
1352 1699 1454 1771 τὴν
1494 1700 1741 1772 ἀπογρα-

654 315 1123 384 ΟΠᾹΞΞΤῙΟΝΕΞ
1162 315 1619 373 EVANGELICAE
1659 315 1741 370 AD

1847 315 2238 373 I‘EPHANUM.
2284 342 2349 354 —-
2384 313 2716 383 QUESTIO
2757 314 2898 370 XVI.

1752 434 1801 491 A

3309 313 3433 374 934-

2556 425 2700 483 XVI.

1834 545 1940 610 Qui
1970 545 2030 613 ﬁt
2054 553 2110 596 ut
2128 542 2465 596 Bethlehemo
2484 540 2774 596 Matt/meus
2795 541 3004 613 quidem
3026 539 3413 613 iit/Egyptum,

1902 609 2075 668 Lucas
2106 623 2283 667 autem
2313 612 2692 682 Hierosolyma
2716 609 2872 682 atque
2900 610 3027 666 inde
3049 609 3415 667 Nazarethum

1904 703 1935 738 α
1951 684 2258 755 parentibus
2287 681 2523 737 delatum
2550 679 2729 736 narret
2747 679 2972 737 Iesum?

1907 863 1958 916 1.
1990 858 2168 916 Lucas
2197 860 2326 915 dum
2350 869 2565 931 tempus
2597 868 2774 924 notat,
2807 876 2916 930 quo
2945 859 3204 915 Servator
3231 870 3417 917 noster

1834 960 2000 1008 natus
2026 959 2129 1019 est,
2161 950 2393 1022 Augusti
2406 966 2633 1022 regnum
2649 959 2917 1007 memorat
2947 966 3285 1022 censumque
3311 956 3416 1010 sub

1835 1061 1901 1101 eo
1926 1045 2285 1115 descriptum.
2318 1042 2410 1098 Ait
2448 1049 2632 1098 autem
2665 1044 2914 1099 caruisse
2954 1059 3049 1099 eos
3071 1044 3417 1101 Bethlebemi

1836 1137 2165 1203 diversorio,
2216 1138 2288 1192 ob
2338 1142 2688 1207 posterorum
2747 1134 2972 1190 Davidis
3004 1136 3417 1192 multitudinem

1837 1230 2272 1293 Bethlehemum,
2306 1234 2366 1282 ut
2392 1228 2692 1283 verisimile
2713 1235 2818 1295 est,
2855 1234 3273 1284 concurrentem
3292 1243 3421 1298 pro-

1840 1321 2164 1377 ﬁtendorum
2218 1321 2500 1375 nominum
2556 1334 2724 1375 causa
2760 1334 2973 1390 :quare
3024 1335 3092 1375 ne
3119 1319 3419 1390 hospitium

1841 1414 2059 1485 quidem
2087 1412 2360 1483 Josephus
2399 1421 2593 1468 nactus
2615 1419 2702 1467 est
2732 1431 2745 1466 :
2778 1413 2855 1466 ita
2888 1419 2949 1465 ut
2977 1410 3145 1465 Maria
3168 1411 3237 1467 ab
3253 1426 3421 1467 evan-

1840 1506 2032 1577 gelista
2064 1505 2280 1559 dicatur
2314 1512 2531 1575 partum
2581 1519 2745 1559 suum
2781 1502 2971 1559 fasciis
2998 1504 3299 1559 involvisse
3329 1511 3415 1558 at-

1843 1614 1950 1669 que
1979 1601 2032 1653 in
2065 1597 2296 1669 praesepi
2323 1596 2703 1659 reclinavisse,
2726 1596 2854 1666 quia
2879 1611 2986 1651 non
3011 1605 3130 1651 erat
3150 1596 3231 1650 eis
3261 1596 3420 1654 locus

1844 1693 1902 1747 in
1926 1691 2253 1747 diversorio.
2282 1689 2426 1744 Sane
2457 1689 2534 1743 nil
2566 1690 2766 1743 mirum
2790 1694 2875 1743 est
2902 1688 2947 1742 si
2977 1688 3048 1743 ob
3083 1687 3420 1744 conﬂuentes

144 1794 255 1865 φὴν
297 1794 372 1864 μὴ
403 1794 665 1865 εὐπορεῖν
702 1792 1084 1859 καταγωγίου,
1126 1790 1260 1844 άλλά
1287 1793 1399 1854 καὶ,
1426 1792 1606 1857 «Ὅτε,
1643 1811 1741 1864 φη-

1848 1785 1913 1838 ad
1938 1798 2162 1839 censum
2197 1783 2387 1837 turbas
2408 1780 2652 1851 hospitio
2675 1787 2990 1836 caruerunt.
3010 1779 3176 1835 Addit
3199 1779 3416 1834 Lucas:

144 1886 254 1949 σὶν,
276 1886 331 1939 αἱ
357 1884 557 1957 ἡμέραι
586 1884 933 1956 ἐπλήσθησαν
962 1884 1055 1938 τοῦ
1080 1886 1397 1954 περιτεμεῖν
1425 1884 1587 1937 αὐτὸν
1608 1883 1734 1956 (χρὴ

144 1977 205 2030 δὲ
235 1975 393 2030 τοῦτο
432 1976 679 2046 γίνεσθαι
715 1976 877 2048 ὀγδόῃ
913 1975 1053 2047 μετὰ
1082 1976 1180 2046 τὴν
1215 1974 1474 2039 ἀπότεξιν
1504 1975 1732 2048 ἡμέρᾳ),

145 2070 423 2140 ἀνήγαγον
452 2070 513 2121 τὸ
543 2068 753 2122 παιδίον
780 2071 859 2133 εἰς
894 2068 1262 2140 Ἱεροσόλυμα,
1298 2068 1392 2120 καὶ
1420 2067 1736 2131 τελέσαντες

146 2164 239 2236 ἐπ’
278 2161 425 2234 αὐτῷ
471 2162 540 2216 τὰ
589 2161 976 2233 νενομισμένα,
1023 2161 1249 2215 ἀπίασιν
1282 2161 1361 2225 εἰς
1395 2160 1671 2233 Ναζαρέθ.
1711 2179 1730 2212 ι

145 2254 367 2307 Τούτων
384 2253 534 2325 παρὰ
549 2253 626 2325 τῷ
637 2255 820 2324 Λουκᾷ
843 2253 1108 2324 κειμένων
1128 2252 1339 2317 οὐδενὸς
1358 2252 1736 2324 μνημονεύσας

148 2349 179 2400 6
200 2346 502 2412 Ματθαῖος,
531 2348 941 2419 παραχωρήσας
965 2345 1021 2398 δὲ
1046 2344 1121 2414 τῷ
1141 2345 1328 2415 Λουκᾷ
1353 2344 1421 2396 τὰ
1448 2343 1735 2415 εἰρημένα,

144 2439 312 2509 ἕτερα
340 2439 500 2501 αὐτὸς
526 2438 794 2510 διηγεῖται
814 2457 827 2470 ·
864 2439 984 2492 τίνα
1011 2439 1068 2492 δὲ
1093 2434 1162 2510 ἦν
1196 2434 1388 2499 ταῦτα,
1417 2434 1533 2488 ἀλλ’
1563 2435 1596 2504 ἢ
1625 2432 1735 2505 (22)

148 2529 263 2583 τῶν
295 2530 503 2599 Μάγων
535 2531 643 2585 ἀπὸ
678 2529 964 2600 Ἀνατολῆς
1003 2529 1221 2599 ἄφιξις;
1263 2526 1602 2597 κινησάντων
1639 2524 1738 2595 μὲν

146 2623 260 2676 ἀπὸ
282 2622 383 2693 τῆς
405 2624 613 2687 οἰκείας
646 2625 749 2694 γῆς
779 2622 895 2694 ἅμα
930 2622 1006 2693 τῷ
1033 2620 1360 2692 γεννηθῆναι
1388 2618 1480 2672 τὸν
1507 2616 1736 2688 Ἰησοῦν,

149 2714 384 2786 ἀστέρος
434 2715 620 2778 αὐτοῖς
668 2715 768 2784 τὴν
800 2714 1002 2782 γνῶσιν
1049 2714 1148 2783 τῆς
1179 2714 1485 2782 γεννήσεως
1529 2709 1739 2778 ὑποφή-

147 2822 363 2871 ναντος,
382 2806 617 2877 οὺδήπου
634 2807 691 2860 δὲ
714 2805 813 2877 τήν
836 2804 1104 2875 τοσαύτην
1126 2803 1305 2857 στειλα
1314 2802 1488 2873 μένων
1513 2799 1739 2871 πορείαν

148 2897 598 2970 καιρῷίβραχεῖο
647 2898 708 2951 οὐ
740 2896 849 2970 γὰρ
897 2900 955 2951 ὲν
1006 2897 1242 2968 ἡμέραις
1291 2891 1435 2948 ὀκτὼ
1479 2893 1580 2963 τὴν
1631 2889 1740 2945 ἀπὸ

164 2969 464 3043 Ἀνατολῶν
496 2989 616 3043 ὁδὸν
650 2989 795 3052 εἰκὸς
823 2969 1010 3052 αὐτοῖς
1039 2988 1132 3041 ἐπὶ
1177 2986 1275 3058 τὴν
1317 2984 1574 3039 Ἰουδαίαν
1603 2982 1738 3058 ηνῦ-

155 3083 301 3147 σθαι,
334 3082 409 3147 ὡς
439 3083 529 3136 τὸν
558 3082 717 3135 αὑτὸν
745 3081 966 3152 νομίσαι
1000 3075 1139 3133 εἶναι
1173 3078 1362 3149 καιρὸν
1395 3077 1494 3148 τῆς
1522 3093 1583 3129 τε
1609 3075 1735 3128 τού-

1848 1894 1868 1926 (
1901 1874 2193 1944 Postquam
2240 1872 2447 1943 impleti
2486 1878 2614 1927 sunt
2668 1871 2787 1927 dies
2818 1877 2877 1924 ut
2929 1869 3422 1926 circumcideretur

1840 1985 1978 2039 puer
2009 1969 2082 2039 (id
2119 1975 2299 2021 autem
2330 1965 2443 2021 ﬁeri
2494 1964 2779 2034 oportebat
2826 1971 3022 2019 octavo
3051 1970 3176 2034 post
3200 1971 3422 2034 partum

1842 2061 1974 2134 die),
2024 2060 2267 2115 tulerunt
2291 2059 2443 2112 illum
2461 2057 2837 2128 Hierosolyma
2864 2075 2877 2110 :
2912 2057 3256 2127 peractisque
3272 2056 3421 2110 circa

1841 2148 2093 2206 eumdem
2116 2147 2405 2220 legitimis,
2440 2145 2807 2202 Nazaretlium
2845 2145 3123 2201 abierunt.
3164 2165 3184 2198 ι
3213 2144 3422 2200 Horum

1843 2239 1987 2310 apud
2010 2238 2212 2292 Lucam
2244 2237 2578 2307 scriptorum
2626 2235 2763 2291 nihil
2792 2242 3061 2290 memorat
3088 2234 3378 2289 Mattharus
3401 2276 3418 2301 ,

1843 2331 1937 2402 qui
1969 2345 2186 2384 omnem
2214 2329 2268 2383 id
2288 2344 2462 2399 genus
2512 2327 2883 2383 narrationem
2932 2327 3197 2396 praedicto
3258 2324 3423 2381 Lucae

1844 2421 2112 2492 permisit,
2163 2420 2270 2474 alia
2326 2419 2443 2488 ipse
2490 2424 2832 2487 persecutus.
2897 2416 3158 2484 Quaenam
3220 2417 3425 2487 porro?

1843 2512 2048 2584 Nempe
2071 2511 2354 2583 Magorum
2403 2525 2469 2564 ex
2522 2507 2746 2564 Oriente
2798 2508 3091 2563 adventum
3145 2507 3424 2578 digresso-

1843 2617 1967 2656 rum
1995 2615 2026 2654 a
2061 2600 2280 2671 propria
2339 2598 2565 2668 regione
2624 2604 2749 2667 post
2773 2594 2904 2652 Jesu
2928 2596 3292 2661 nativitatem,
3345 2594 3425 2650 si-

1844 2693 1974 2748 dere
2022 2692 2159 2763 ipsis
2209 2691 2463 2745 notitiam
2499 2690 2611 2742 nati
2643 2689 2797 2760 pueri
2846 2687 3211 2758 signiﬁcante,
3246 2702 3425 2758 neque

1843 2792 2028 2839 tamen
2047 2782 2199 2838 brevi
2228 2789 2475 2851 tempore
2500 2788 2714 2835 tantum
2744 2779 2958 2833 itineris
2997 2777 3421 2833 absolventium.

1845 2875 2004 2931 Haud
2032 2876 2177 2930 enim
2206 2872 2467 2928 credibile
2493 2881 2579 2928 est
2608 2873 2754 2928 intra
2784 2871 2902 2927 dies
2926 2877 3053 2926 octo
3098 2870 3166 2924 ab
3199 2868 3425 2925 Oriente

1845 2967 2034 3039 Magos
2053 2969 2110 3022 in
2134 2965 2378 3023 Judaeam
2425 2982 2601 3036 usque
2632 2964 2855 3021 venisse
2875 3002 2890 3027 ,
2927 2962 3002 3017 ita
3022 2969 3084 3017 ut
3104 2962 3251 3016 circa
3279 2961 3425 3016 idem

1848 3068 2062 3131 tempus
2096 3057 2445 3115 Servatorem
2476 3066 2727 3113 nostrum
2775 3060 2968 3109 natum
2991 3068 3113 3109 esse
3142 3060 3424 3123 putemus,

151 3194 261 3229 των
288 3145 548 3244 ἀφίξεως,
582 3175 676 3228 καὶ
707 3145 824 3245 1'71;-
840 3173 935 3226 τοῦ
966 3172 1218 3244 Σωτῆρος
1250 3145 1411 3242 μῶν
1442 3145 1735 3238 γενέσεωςι

1847 3170 1954 3226 quo
1988 3154 2081 3209 isti
2111 3158 2570 3222 supervenerunt.
2603 3149 2928 3218 Quanquam
2979 3151 3161 3200 autem
3191 3145 3426 3200 interro-

152 3269 204 3320 εί
230 3267 287 3321 δὲ
316 3268 410 3320 καὶ
438 3266 830 3338 πυνθανόμενοι
861 3265 1098 3334 λέγουσι,
1122 3282 1140 3313 ι
1163 3261 1270 3316 Ποῦ
1306 3265 1453 3315 ἐστιν
1478 3263 1506 3314 6
1531 3260 1740 3331 τεχθεὶς

155 3356 410 3425 βασιλεὺς
459 3357 566 3411 τῶν
627 3356 926 3421 Ἰουδαίων;
995 3354 1208 3426 εἴδομεν
1263 3351 1375 3423 γὰρ
1428 3351 1592 3405 αὐτοῦ
1648 3350 1758 3403 τὸν.

154 3451 384 3523 ἀστέρα,
410 3452 504 3505 καὶ
522 3451 756 3523 ’ήλθομεν
774 3448 1154 3521 προσκυνῆσαι
1184 3445 1386 3516 αὐτῷ,›
1427 3444 1486 3497 οὐ
1520 3443 1612 3497 τὸν
1643 3445 1740 3514 σή-

159 3561 328 3616 μερον
364 3544 652 3614 τεχθέντα,
675 3543 750 3607 ὡς
780 3544 845 3597 ἀν
881 3558 966 3605 τις
1002 3538 1290 3601 ὑπολάϐοι,
1326 3536 1449 3590 καθ’
1479 3536 1536 3590 ὃν
1568 3534 1742 3588 ταῦτα

153 3636 523 3691 ἐπυνθάνοντο
565 3636 756 3706 χρόνον
797 3634 1070 3706 δηλοῦσιν,
1112 3630 1248 3686 ἀλλά
1289 3630 1382 3684 τὸν
1421 3630 1544 3683 τότε
1585 3627 1739 3697 γενό-

156 3747 323 3802 μενον
354 3730 443 3783 ὅτε
471 3705 658 3792 αὑτοίς
690 3730 718 3781 6
747 3705 923 3799 ἀστήρ
950 3726 1210 3794 ὲπέφανε.
1325 3705 1334 3715 ’
1749 3709 1752 3712 ’

193 3874 197 3878 ,
235 3820 313 3890 β’.»
342 3820 516 3884 Πόσος
560 3820 619 3873 δὲ
663 3814 731 3890 ἦν
778 3812 934 3882 οὗτος
980 3818 1010 3869 6
1052 3814 1254 3887 μεταξὺ
1288 3814 1512 3885 χρόνος,
1547 3812 1641 3866 τοῦ
1680 3829 1771 3865 τε,

155 3910 422 3983 φανέντος
467 3912 580 3974 τοῖς
617 3908 831 3977 Μάγοις
873 3908 966 3962 ἐπὶ
1010 3907 1106 3977 τῆς
1152 3904 1245 3958 τοῦ
1289 3903 1540 3976 Σωτῆρος
1584 3901 1743 3974 ἡμῶν

155 4002 427 4072 γενέσεως
454 4001 703 4070 ἀστέρος,
733 4000 829 4054 καὶ
854 3999 957 4069 τῆς
984 3997 1161 4052 αὐτῶν
1190 3999 1271 4061 εἰς
1298 3996 1370 4050 τὰ
1400 3996 1744 4068 Ἰεροσόλυμα

155 4094 487 4166 παρουσίας,
522 4093 684 4156 αὑτός
718 4108 777 4144 σε
808 4091 1010 4158 διδάξει
1046 4093 1075 4144 6
1106 4089 1498 4159 εὐαγγελιστὴς
1548 4088 1740 4156 λέγων’

162 4206 185 4237 ι
218 4187 354 4239 Τότε
388 4184 633 4257 Ἡρώδης
663 4183 841 4257 λάθρα
873 4181 1106 4246 καλέσας
1137 4184 1264 4245 τοὺς
1294 4180 1549 4249 Μάγους,
1590 4178 1746 4250 ἠκρί-

157 4280 306 4333 6ωσε
328 4278 457 4350 παρ’
492 4276 672 4331 αὐτῶν
709 4276 801 4329 τὸν
837 4276 1026 4348 χρόνον
1068 4274 1164 4328 τοῦ
1212 4273 1536 4345 φαινομένου
1583 4271 1743 4324 ἀστέ-

161 4387 277 4443 ρος.
316 4389 334 4422 ι
404 4369 516 4423 Καὶ
547 4369 622 4433 ὡς
654 4368 721 4423 ἂν
759 4366 1074 4440 ἀκριϐώσας
1125 4369 1253 4438 παρ’
1297 4364 1499 4428 αὐτῶν,
1558 4361 1744 4434 μαθὼν

157 4465 312 4527 ὅστις
357 4457 425 4534 ἢν
479 4455 681 4524 οὗτος,
712 4458 957 4531 μετά,τὺ
998 4458 1350 4530 ἀναχωρῆσαι
1401 4455 1575 4526 λάθρα
1619 4455 1745 4517 τοὺς

1841 3257 1971 3320 gant
2005 3265 2019 3302 :
2056 3265 2075 3299 ι
2105 3246 2209 3301 Ubi
2239 3254 2323 3302 est
2354 3245 2446 3316 qui
2482 3249 2646 3298 natus
2674 3250 2758 3297 est
2773 3255 2873 3295 rex
2906 3237 3256 3294 Judazorum?
3284 3236 3417 3291 vidi-

1840 3358 1964 3398 mus
1993 3342 2138 3397 enim
2163 3341 2375 3397 stellam
2406 3337 2549 3408 ejus,
2590 3343 2644 3391 et
2673 3338 2927 3390 venimus
2957 3332 3185 3388 adorare
3213 3346 3372 3397 eum;
3402 3349 3422 3381 ι

1841 3451 1951 3490 non
1979 3442 2184 3499 tamen,
2234 3441 2294 3486 ut
2331 3431 2537 3501 aliquis
2579 3427 2974 3499 suspicabitur,
3035 3439 3212 3495 nuper
3236 3432 3426 3477 natum

1842 3524 2159 3595 designant,
2194 3524 2342 3578 circa
2400 3528 2616 3591 tempus
2641 3519 2901 3574 nimirum
2929 3532 3038 3588 quo
3060 3516 3163 3587 ipsi
3190 3515 3426 3568 interro-

1842 3623 2004 3688 gant;
2039 3615 2135 3672 sed
2166 3631 2290 3670 eum
2327 3615 2423 3685 qui
2476 3620 2594 3668 tum
2625 3621 2788 3667 natus
2823 3610 3004 3666 fuerat
3032 3622 3157 3662 cum
3188 3605 3323 3676 ipsis
3356 3603 3427 3660 si-

1842 3710 1946 3765 dus
1978 3708 2253 3781 apparuit.

1911 3802 1966 3857 2.
1999 3802 2273 3868 Quantum
2301 3813 2432 3854 vero
2475 3796 2736 3867 temporis
2765 3791 3001 3862 spatium
3037 3790 3180 3844 inter
3202 3787 3357 3843 sidus
3386 3800 3420 3839 a

1843 3892 2016 3963 Magis
2057 3892 2258 3956 visum,
2309 3888 2602 3944 Servatore
2661 3890 2853 3940 nostro
2920 3890 3203 3940 nascente,
3261 3883 3426 3946 atque

1841 3983 2041 4038 borum
2076 3980 2457 4051 Hierosolyma
2512 3975 2808 4031 adventrum
2862 3970 3117 4034 ﬂuxerit,
3174 3966 3316 4023 idem
3370 3972 3427 4020 to

1843 4079 2062 4135 docebit
2090 4074 2425 4147 evangelista
2450 4072 2580 4127 dum
2611 4070 2723 4124 ait:
2764 4084 2783 4118 ι
2825 4066 2979 4120 Tunc
3013 4061 3255 4117 Herodes
3284 4059 3425 4113 clam

1842 4169 2055 4226 vocatis
2110 4168 2300 4238 Magis,
2374 4164 2662 4234 diligenter
2707 4157 2898 4215 didicit
2954 4155 3033 4223 ab
3077 4154 3158 4209 eis
3207 4158 3425 4221 tempus

1846 4264 2018 4318 stellas
2047 4275 2168 4331 quae
2199 4263 2528 4329 apparuerat
2550 4254 2651 4308 eis.
2697 4271 2716 4302 ι
2744 4249 2900 4316 Quod
2930 4263 3054 4302 cum
3087 4241 3424 4300 adamussim

1846 4356 1916 4410 ab
1945 4354 2012 4409 iis
2039 4351 2374 4413 rescivisset,
2410 4360 2643 4416 cumque
2671 4342 2814 4412 Magi
2852 4341 2920 4395 ab
2946 4352 3012 4395 eo
3043 4337 3182 4391 clam
3208 4350 3269 4390 se
3294 4332 3444 4388 sub-‘

1846 4446 2133 4501 duxissent
2166 4462 2183 4494 ι
2221 4442 2415 4497 videns
2445 4455 2504 4494 se
2538 4438 2782 4499 illusum,
2818 4434 2990 4487 iratus
3021 4436 3103 4484 est
3142 4424 3299 4479 valde
3326 4443 3338 4477 :
3371 4429 3426 4477 et

156 4515 421 4624 ἱίάγᾎυέ,
460 4515 581 4607 ίδων
612 4515 1018 4624 ’ἐνεπαίχθη
1053 4515 1144 4603 ί)τὲ
1174 4515 1372 4613 αὐτῶν,
1440 4567 1458 4599 ι
1488 4515 1741 4617 ὲῑθυμώθη

1849 4538 2073 4594 mittens
2103 4535 2307 4591 occidit
2336 4546 2528 4588 omnes
2559 4543 2779 4599 pueros,
2828 4524 2922 4594 qui
2953 4527 3111 4578 erant
3140 4515 3428 4624 Bethle‘lie—

153 4647 307 4712 λίαν,
346 4648 442 4702 καὶ
473 4647 800 4712 ἀποστείλας
834 4646 1011 4703 ἀνεῖλε
1046 4645 1256 4708 πάντας
1298 4644 1425 4707 τοὺς
1463 4640 1658 4703 παῖδας
1689 4640 1746 4690 ἐν

158 4739 434 4812 Βηθλεὲμ,
468 4740 562 4794 καὶ
592 4742 650 4794 ἐν
682 4741 818 4793 πᾶσι
846 4741 958 4801 τοῖς
986 4738 1156 4809 ὁρίοις
1185 4736 1373 4805 αὐτῆς,
1409 4734 1518 4787 ἀπὸ
1542 4728 1748 4793 διετοῦς

160 4835 262 4888 καὶ
299 4835 616 4906 κατωτέρω,
653 4833 796 4887 κατὰ
824 4832 916 4886 τὸν
963 4831 1153 4904 χρόνον
1191 4829 1250 4883 ὂν
1283 4825 1559 4899 ήκρίὸωσε
1596 4822 1750 4894 παρὰ

160 4926 274 4979 τῶν
295 4926 557 4994 Μάγων.»
594 4924 802 4979 Οὐκοῦν
828 4924 1006 4996 διετὴς
1031 4922 1222 4994 χρόνος
1254 4920 1354 4990 ἤδη
1385 4914 1749 4988 παρεληλύθει

161 5019 276 5073 ἀπὸ
325 5019 424 5089 τῆς
469 5016 644 5089 Ἰησοῦ
691 5017 957 5087 γενέσεως
1006 5016 1102 5070 καὶ
1144 5014 1237 5066 ἐπὶ
1278 5010 1376 5082 τὴν
1422 5008 1603 5079 ἄφιξιν
1641 5006 1748 5059 τῶν

162 5109 504 5179 εἰρημένων·
541 5110 643 5163 οὐκ
688 5108 797 5180 ἄρα
836 5108 1095 5176 διαφωνεῖ
1138 5103 1209 5158 τὰ
1244 5103 1395 5175 παρὰ
1425 5105 1540 5165 τοῖς
1586 5102 1751 5173 ἱεροῖς

164 5200 602 5268 εὐαγγελισταῖς,
636 5201 684 5252 εί
720 5201 749 5252 6
780 5199 878 5270 μὲν
908 5198 1125 5259 Λουκᾶς
1157 5196 1319 5268 ὀγδόῃ
1351 5194 1453 5264 τῆς
1481 5192 1751 5261 γενέσεως

163 5293 355 5365 ἡμέρᾳ
386 5293 576 5361 ἀνάγει
605 5291 768 5344 αὐτὸν
803 5291 919 5361 ἅμα
946 5292 1058 5353 τοῖς
1082 5286 1332 5357 γονεῦσιν
1366 5287 1447 5348 είς
1480 5284 1752 5354 Ἰερουσα-

164 5386 282 5457 λὴμ
299 5387 399 5457 τῆς
424 5385 534 5439 τῶν
562 5384 808 5455 νομίμων
846 5381 1244 5455 ὲκπληρὼσεως
1277 5380 1462 5441 ἓνεκα,
1496 5375 1752 5430 κάκεῖθεν

165 5479 376 5548 ἀπάγει
407 5479 501 5533 ἐπὶ
527 5479 626 5550 τὴν
654 5475 933 5548 Ναζαρέθ·
971 5477 999 5528 6
1037 5475 1094 5527 δὲ
1121 5473 1400 5535 Ματθαίος
1440 5467 1577 5541 μετά
1600 5467 1750 5537 διετῆ

167 5572 361 5643 χρόνον
388 5572 713 5642 γενομένους
741 5568 904 5623 πάλιν
947 5568 1004 5621 ὲν
1025 5564 1273 5638 Βηθλεὲμ
1301 5561 1629 5634 ἀναγράφει,
1661 5560 1748 5611 ὲν-

244 5726 356 5796 (22)
399 5724 475 5779 Ila
505 5726 676 5780 codex
711 5740 814 5796 pro
842 5722 955 5796 ἀλλ’
986 5722 1020 5792 ἢ
1053 5722 1105 5796 ή.
1136 5720 1234 5796 _S_ic
1278 5714 1744 5796 autemscribere

171 5782 395 5868 solitum
410 5782 1111 5862 Eusebiumhnimadvértit
1128 5787 1566 5845 Montl'auconius
1590 5782 1739 5852 przef.

1848 4631 1944 4693 mi,
1978 4636 2142 4698 atque
2162 4627 2216 4680 in
2248 4623 2463 4679 cunctis
2495 4620 2693 4673 finibus
2717 4617 2861 4686 ejus.
2888 4629 2917 4667 a
2946 4613 3152 4667 bimatu
3175 4617 3231 4661 et
3260 4603 3425 4668 infra,

1848 4722 2150 4777 secundum
2199 4728 2413 4786 tempus
2465 4712 2609 4784 quod
2661 4707 3031 4784 exquisive‘rat
3080 4716 3111 4755 a
3162 4698 3353 4769 Magis.
3402 4714 3422 4745 ι

1848 4813 2134 4869 Biennium
2167 4825 2295 4880 ergo
2325 4808 2572 4876 elapsum
2605 4804 2784 4858 fuerat
2810 4814 2839 4851 a
2869 4795 2998 4852 Jesu
3046 4791 3327 4848 nativitate
3358 4786 3426 4841 ad

1849 4904 2129 4975 Magorum
2166 4901 2482 4954 adventum.
2517 4894 2702 4962 Neque
2724 4886 2992 4947 dissident
3023 4881 3165 4940 sacri
3194 4893 3428 4947 evange—

1850 4971 2055 5068 gclista:
2081 5014 2095 5063 ;
2119 4990 2334 5049 etiamsi
2354 4988 2533 5042 Lucas
2555 4993 2750 5040 octavo
2776 4996 2806 5034 a
2837 4977 3124 5033 nativitate
3154 4973 3242 5026 die
3264 4971 3429 5024 ducat

1850 5065 1975 5146 cum
2036 5102 2160 5141 cum
2218 5080 2540 5156 parentibus
2620 5071 3000 5143 Hierosolyma
3062 5065 3425 5156 legitimorum

1851 5194 2018 5234 causa
2050 5150 2466 5245 explendorum,
2497 5175 2661 5236 atque
2691 5161 2817 5219 inde
2851 5156 3147 5213 transferat
3192 5150 3430 5206 Nazare-

1853 5275 2049 5336 thum;
2112 5267 2397 5322 Mattbazus
2455 5268 2635 5315 autem
2701 5262 2825 5326 post
2872 5250 3155 5308 biennium
3232 5258 3428 5336 rursus

1852 5333 2189 5420 Bethlchcmi
2224 5362 2510 5411 versantes
2538 5350 2784 5414 scribat;
2818 5353 2983 5414 atque
3011 5343 3141 5395 hinc
3171 5337 3228 5392 in
3260 5333 3429 5404 Egy-

1852 5468 2003 5529 ptum
2050 5451 2349 5509 secessisse
2404 5453 2624 5517 propter
2672 5440 2817 5511 regis
2850 5435 3102 5492 insidias.
3155 5426 3430 5486 Credibile

1852 5524 1982 5604 vero
2011 5555 2097 5602 est
2123 5561 2219 5601 eos
2252 5558 2362 5597 non
2398 5535 2642 5595 secundo
2692 5533 2868 5587 solum
2899 5524 2995 5582 sed
3054 5527 3432 5591 saepenumero

1852 5709 1917 5762 ad
1952 5700 2384 5762 commentarios
2417 5691 2640 5751 Eusebii
2671 5687 2919 5760 ejusdem
2938 5683 2994 5740 in
3011 5679 3278 5754 psalmos,
3304 5685 3428 5745 cap.
