3846 6220
417 291 523 386 95s

1118 323 1386 382 EUSEBII
1424 320 1905 381 CASSARIENSIS
1940 319 1985 375 Ο

2139 315 2318 372 PARS
2354 313 2445 372 111.
2463 345 2533 356 ——
2554 311 2969 369 EXEGETICA.

3582 310 3696 370 933

422 443 657 498 rediisse
683 440 750 495 ad
784 441 1016 496 eundem
1052 441 1254 508 locum,
1289 440 1626 496 admirabilis
1657 441 1805 494 illius
1833 453 1991 494 even-

2103 433 2295 489 τεῦθέν
2343 450 2400 485 τε
2444 435 2524 497 εις
2549 432 2821 499 Ατγυπτον
2868 427 3260 499 ἀπεληλυθέναι
3300 427 3431 496 φηιή⁵
3464 427 3557 481 διὰ
3595 431 3695 498 τὴν

416 543 505 592 tus
537 538 728 606 gratia.
769 534 1146 590 lndubitanter
1195 535 1377 604 itaque
1428 533 1861 588 demonstratum
1911 541 1997 587 est

414 644 525 683 non
555 629 694 682 idem
727 643 854 683 esse
879 635 1112 697 tempus,
1141 643 1250 696 quo
1279 619 1578 680 secundum
1603 627 1803 678 Lucam
1833 633 1996 678 natus

415 725 501 772 est
560 716 820 772 Servator
873 725 1083 776 noster.
1125 724 1288 785 atque
1345 715 1478 770 illud
1535 729 1644 786 quo
1692 713 1996 770 secundum

417 805 730 864 Mattheum
762 815 1025 862 venerunt
1073 808 1128 861 in
1175 815 1528 877 conspectum
1562 806 1690 863 Jesu
1733 806 1872 877 Magi
1923 807 1994 862 ab

418 895 664 955 Oriente.

488 1079 540 1134 5.
586 1075 743 1144 Quod
795 1086 974 1133 autem
1029 1093 1135 1133 non
1192 1077 1333 1132 idem
1388 1077 1462 1132 sit
1511 1077 1655 1148 apud
1704 1085 1998 1149 utrumque

417 1171 804 1240 evangelistam
829 1178 1063 1238 tempus.
1089 1169 1192 1222 alia
1219 1184 1436 1239 quoque
1460 1170 1676 1224 ratione
1699 1170 1993 1240 colligitur.

419 1258 600 1315 Lucas
631 1260 774 1314 enim
804 1261 879 1314 ait
907 1276 1014 1314 non
1056 1261 1328 1314 invenisse
1359 1274 1455 1316 eos
1503 1261 1802 1331 hospitium
1834 1259 1997 1316 Beth-

418 1353 616 1408 lehemi
649 1370 661 1406 :
695 1350 924 1423 ideoque
952 1361 1006 1407 et
1038 1367 1069 1406 a
1117 1360 1291 1406 matre
1319 1352 1643 1406 reclinatum
1675 1368 1905 1422 puerum
1941 1352 1996 1406 in

417 1446 668 1518 praesepi,
697 1445 824 1516 quia
858 1459 966 1498 non
999 1452 1116 1498 erat
1147 1445 1228 1499 eis
1270 1444 1424 1499 locus
1455 1444 1511 1498 in
1558 1443 1902 1512 diversorio;
1937 1451 1998 1498 ut

417 1542 681 1598 credibile
710 1551 816 1605 est,
849 1555 1050 1596 census
1081 1555 1269 1606 causa,
1307 1540 1712 1595 conﬂuentibus
1757 1539 1998 1609 undique

416 1635 472 1690 in
520 1633 720 1688 dictam
778 1633 968 1687 urbem
1002 1632 1296 1703 gentilibus
1336 1632 1685 1702 posterisque
1729 1631 1993 1695 Davidis;

417 1725 654 1796 ideoque
690 1725 760 1780 ob
789 1726 1120 1780 advenarum
1150 1723 1554 1778 multitudinem
1587 1725 1740 1794 copia
1773 1723 1995 1794 hospitii

417 1826 632 1887 negata.
695 1817 978 1873 Matlhazus
1026 1823 1206 1870 autem
1263 1834 1281 1866 ι
1343 1814 1481 1887 Magi
1531 1815 1736 1878 audito,
1791 1815 1988 1887 inquit.

416 1909 630 1966 Herode
662 1925 809 1980 rege,
829 1908 1237 1964 Betlilehemum
1269 1907 1540 1962 abierunt.
1569 1906 1633 1961 Et
1662 1922 1789 1962 ecce
1813 1907 1989 1973 stella,

415 2016 578 2071 quam
610 1999 859 2053 viderant
897 1999 949 2052 in
979 1996 1221 2057 Oriente.
1260 1997 1618 2052 antecedebat
1662 2013 1778 2057 eos.
1816 1997 1991 2051 donec

416 2093 644 2147 veniens
704 2098 876 2146 staret
931 2106 1094 2159 supra
1150 2091 1242 2145 ubi
1295 2097 1412 2144 erat
1463 2105 1598 2158 puer
1651 2104 1774 2142 cum
1825 2089 1992 2144 Maria

417 2192 593 2238 matre
635 2181 778 2251 ejus.
836 2180 902 2234 Et
958 2181 1303 2250 procidentes
1355 2179 1718 2236 adoraverunt
1770 2195 1914 2234 cum.
1968 2199 1986 2230 ι

417 2273 582 2342 Atqui
611 2287 720 2326 non
754 2271 808 2324 in
869 2271 1092 2341 praesepi
1121 2271 1188 2324 ab
1222 2270 1307 2324 his
1335 2269 1758 2339 deprehenditur
1789 2269 1990 2334 infans,

418 2373 480 2419 ut
513 2381 540 2418 a
573 2362 911 2434 pastoribus,
945 2361 1042 2416 sed
1078 2363 1220 2415 intra
1263 2360 1485 2415 domum
1533 2375 1656 2413 cum
1705 2368 1880 2415 matre
1906 2361 1990 2414 vi-

420 2456 578 2509 situr.
616 2453 786 2508 Porro
817 2453 996 2508 Lucas
1025 2454 1238 2507 dixerat
1270 2468 1377 2507 non
1409 2451 1579 2508 fuisse
1609 2453 1788 2506 locum
1822 2453 1903 2508 eis
1937 2452 1991 2506 in

419 2545 743 2601 diversorio.
791 2544 1075 2610 Quomodo
1105 2544 1269 2616 igitur
1300 2543 1580 2599 Matthteus
1630 2544 1850 2599 domum
1886 2543 1992 2599 illis

421 2638 714 2692 attribuit?
753 2635 860 2692 Sed
890 2637 1150 2706 quoniam
1180 2636 1354 2692 Lucas
1381 2643 1596 2707 tempus
1635 2645 1823 2690 narrat
1851 2637 1994 2690 nati-

417 2728 625 2794 vitatis,
655 2742 765 2798 quo
792 2728 1048 2781 nimirum
1077 2743 1276 2782 census
1299 2727 1676 2799 peragebatur,
1701 2727 1993 2796 cunctique

420 2818 643 2876 Davidis
676 2819 880 2891 posteri
916 2819 1232 2873 catervatim
1269 2819 1334 2873 ad
1361 2821 1603 2889 ejusdem
1634 2819 1826 2874 urbem
1861 2833 1994 2873 con-

418 2912 754 2977 currebant;
802 2918 990 2964 contra
1040 2923 1070 2962 a
1126 2897 1379 2963 Matthreo
1427 2925 1512 2964 res
1544 2917 1664 2978 post
1712 2909 1993 2964 biennium

417 3013 583 3074 gesta:
630 3001 948 3057 scribuntur
981 3001 1362 3067 (tantumdem
1415 3001 1557 3054 enim
1613 3009 1827 3070 tempus
1895 2999 1994 3054 fuit

418 3093 568 3164 quod
603 3093 842 3148 Herodes
887 3091 1254 3161 exquisiverat
1285 3105 1315 3142 a
1347 3087 1590 3160 Magis);
1623 3097 1737 3142 tum
1774 3089 1992 3143 demum

419 3201 590 3239 vacua
618 3185 730 3254 jam
761 3184 1062 3253 peregrinis
1091 3182 1249 3247 urbe,
1272 3183 1483 3251 c0piam
1504 3182 1655 3251 juxta
1681 3181 1991 3237 Mattliaeum

420 3277 707 3332 diversorii
740 3275 887 3330 nacti
927 3285 1077 3330 sunt.
1109 3275 1290 3342 Quare
1337 3276 1568 3346 ingressi
1599 3275 1819 3329 domum
1853 3273 1992 3342 Magi

422 3369 750 3423 invenerunt
775 3382 1001 3436 puerum
1033 3383 1156 3420 cum
1187 3366 1355 3420 Maria
1389 3376 1560 3421 matre
1589 3366 1746 3436 ejus;
1788 3375 1841 3421 et
1871 3382 1994 3437 pro-

421 3461 669 3516 cidentes
716 3457 1082 3512 adoraverunt
1120 3471 1266 3510 eum.
1320 3457 1496 3511 Atoue
1533 3456 1648 3510 haec
1675 3458 1993 3528 quastionis

421 3553 624 3612 solutio
657 3560 764 3608 est.

493 3729 618 3784 Haec
649 3744 679 3782 a
704 3743 788 3783 me
841 3726 961 3790 tibi,
1001 3725 1282 3780 hominum
1323 3723 1672 3779 sanctissime
1718 3732 1773 3779 et
1821 3725 1995 3780 soler-

418 3821 630 3876 tissime
684 3819 757 3872 ﬁli
807 3817 1100 3888 Stephane,
1134 3816 1246 3870 veri
1292 3814 1496 3869 indicia
1559 3815 1761 3869 amoris
1812 3813 1995 3870 dicata

423 3924 607 3968 ουηιο.

492 4112 605 4182 (23)
647 4110 795 4166 Duos
830 4109 999 4166 fuisse
1036 4109 1137 4164 hos
1173 4109 1239 4164 ad
1275 4106 1609 4182 Stephanum
1645 4106 1814 4182 libros
1843 4107 1994 4182 dicet

419 4179 546 4238 mox
577 4179 874 4248 Eusebius;
910 4189 1129 4250 quanta:
1169 4189 1348 4234 autem
1385 4179 1712 4241 latitudinis,
1748 4179 1994 4234 divinare

418 4267 527 4308 non
575 4268 866 4324 possumus
896 4271 911 4324 7:
942 4266 1066 4324 nam
1113 4250 1387 4324 breviator
1434 4265 1740 4324 anonymus
1771 4266 1841 4304 ne
1870 4250 1986 4304 illo-

419 4335 540 4378 rum
558 4321 775 4394 quidem
797 4322 1121 4394 divisionem
1151 4321 1405 4376 servavit.
1439 4323 1572 4376 Item
1602 4329 1995 4394 gutrumuquze-

419 4390 629 4449 stioiies
643 4408 853 4455 omnes,
872 4393 976 4448 etsi
995 4399 1327 4453 contractas,
1354 4390 1663 4454 retinuerit,
1687 4407 1754 4445 an
1780 4390 1991 4461 aliquas

417 4463 638 4555 levioris
663 4464 897 4555 fortasse
937 4463 1408 4555 niomenti,'quod
1433 4464 1524 4520 vix
1553 4461 1739 4525 credo,
1765 4461 1986 4555 subtlra-
2022 4500 2063 4555 Β

417 4535 577 4605 serit,
603 4549 756 4605 atque
779 4533 1081 4605 obscurum»
1098 4543 1201 4587 est.
1231 4529 1366 4586 Illud
1390 4543 1571 4605 tamen
1597 4547 1696 4602 pro
1718 4544 1868 4587 certo
1891 4533 1984 4586 lia-

414 4601 683 4674 bendum;
715 4611 931 4674 partem,
964 4601 1238 4674 utiliorem
1270 4617 1352 4674 ac;
1367 4601 1658 4659 medullam
1696 4617 1988 4672 propemo-

413 4671 749 4745 dnmoperis
777 4673 1068 4728 Euscbiani
1093 4671 1297 4745 turned
1321 4671 1655 4744 Stephanum
1682 4671 1986 4745 tutn’etiain

414 4744 482 4799 ad
509 4741 798 4806 Marinum,
826 4745 878 4798 in
917 4745 1018 4798 hac
1048 4757 1148 4798 nos
1182 4741 1431 4810 Epitome
1458 4746 1888 4812 recuperavisse.
1922 4742 1988 4796 Et

415 4830 549 4871 sane
581 4815 770 4869 mirari
803 4815 929 4870 licet
951 4820 1029 4868 tot
1060 4828 1090 4866 a
1124 4812 1560 4871 laboriosissimo
1592 4812 1828 4867 Eusebio
1850 4815 1988 4868 scri-

412 4895 506 4956 pta
533 4900 700 4956 opera
735 4884 804 4939 ad
828 4884 1156 4956 Christianae
1178 4883 1456 4956 religionis
1485 4884 1879 4956 expositionem
1904 4895 1987 4956 at-

412 4952 521 5026 que
559 4952 806 5026 tutelam.
842 4969 1038 5026 nempe
1078 4953 1372 5026 Histgriam
1419 4952 1574 5020 ccci;
1621 4952 1985 5026 Pfa'paratt'o-

414 5022 552 5090 tiam,
599 5022 1163 5094 Demonstrationemt
1186 5022 1596 5094 Theophaniam,
1652 5023 1982 5090 Quwstioms

412 5097 760 5166 euangelicos,
801 5106 855 5151 et
891 5093 1090 5166 Contra
1128 5093 1428 5166 lulianum,
1465 5095 1784 5166 Hieroclem,
1827 5105 1982 5163 atque

407 5163 751 5234 lari-ellum,
770 5173 880 5224 etc.
904 5165 1048 5232 Quin
1069 5169 1232 5220 etiam
1253 5163 1550 5236 deperdita:
1568 5165 1690 5236 ejus
1713 5166 1983 5235 generalis

2096 526 2192 579 τοῦ
2221 525 2486 596 βασιλέως
2530 521 2854 592 ἐπιϐουλήνο
2887 521 2980 572 καὶ⁵
3009 516 3077 591 ἦν
3104 520 3248 583 εἰκὸς
3276 519 3336 571 οὐ
3375 519 3535 589 μόνον
3567 517 3696 572 δεύ-

2097 635 2272 687 τερον.
2312 616 2446 670 ἀλλὰ
2502 617 2598 669 καὶ
2647 612 2963 675 πλειστάκις
3016 613 3299 682 ὲπιφοιτᾷν
3353 611 3554 673 αὐτοὺς
3612 609 3694 679 τῷ

2096 711 2265 780 τόπῳ,
2300 711 2518 780 μνήμης
2551 707 2642 761 τοῦ
2672 706 2977 780 παραδόξου
3021 708 3181 777 χάριν
3202 722 3215 734 ”
3257 704 3528 757 δείκνυται
3553 702 3692 771 γοῦν

2099 803 2485 873 ἀναμφιϐόλως
2512 803 2610 872 οὐχ
2655 802 2683 854 ὁ
2709 801 2868 864 αὐτὸς
2901 799 2976 853 ὢν
3002 798 3192 868 καιρὸς
3217 799 3275 850 ὲν
3297 790 3340 862 ᾧ
3363 796 3691 865 γεγέννηται

2098 894 2240 948 κατὰ
2285 894 2377 946 τὸν
2408 895 2620 947 Λουκᾶν
2663 895 2692 946 ό
2713 893 2903 963 Σωτὴρ
2946 890 3128 962 ἡμῶν,
3157 892 3215 942 ἐν
3246 882 3290 956 ᾧ
3318 906 3377 942 τε
3409 888 3550 941 κατὰ
3596 887 3692 939 τὸν

2099 972 2376 1040 Ματθαίον
2403 987 2720 1057 ὑπήντησαν
2749 986 2796 1038 οἱ
2831 984 2890 1049 ἐξ
2929 982 3224 1036 Ἀνατολῶν
3252 982 3454 1048 Μάγοι.

2169 1083 2236 1145 γ’.
2282 1075 2406 1132 ’Ὁτι
2455 1076 2510 1130 δὲ
2563 1078 2638 1148 μὴ
2687 1071 2768 1140 εἷς
2814 1071 2880 1146 ἦν
2934 1078 2962 1129 ὁ
3009 1075 3138 1146 παρ’
3189 1075 3519 1146 ἀμφοτέροις
3572 1076 3691 1137 τοῖς

2098 1167 2508 1238 εὐαγγελισταῖς
2535 1169 2743 1241 χρόνος,
2774 1170 2867 1222 καὶ
2893 1168 3067 1231 ἄλλως
3091 1167 3208 1220 ἐστὶ
3242 1166 3686 1234 συλλογίσασθαι.

2098 1261 2319 1319 Λουκᾶς
2359 1275 2491 1329 φησι
2542 1259 2616 1329 μὴ
2651 1257 2952 1330 εὐπορῆσαι
3001 1257 3197 1321 αὐτοὺς
3245 1259 3594 1325 καταγωγίου
3626 1261 3691 1314 ὲν

2096 1352 2163 1422 τῇ
2196 1350 2441 1421 Βηθλεέμ
2461 1369 2474 1380 ·
2509 1349 2589 1403 διὸ
2632 1350 2726 1404 καὶ
2765 1349 3030 1403 τεκοῦσαν
3061 1349 3342 1403 ἀνακλῖναι
3380 1349 3443 1402 τὸ
3471 1348 3689 1404 παιδίον

2098 1441 2156 1495 ἐν
2187 1443 2383 1516 φάτνῃ,
2417 1442 2504 1494 διὰ
2530 1442 2591 1494 τὸ
2623 1442 2694 1512 μὴ
2732 1436 2872 1494 εἶναι
2902 1441 3067 1494 τόπον
3099 1441 3157 1492 ἐν
3189 1439 3267 1512 τῷ
3311 1440 3686 1510 καταλύματι.

2095 1535 2172 1598 ὡς
2199 1537 2366 1599 εἰκὸς,
2388 1535 2487 1606 τῆς
2519 1535 2846 1605 ἀπογραφῆς
2874 1534 3059 1587 ἕνεκεν
3097 1533 3313 1587 πάντων
3344 1534 3688 1606 πανταχόθεν

2094 1626 2204 1681 τῶν
2228 1626 2288 1692 ἐξ
2309 1628 2456 1681 οῐκου
2484 1629 2578 1681 καὶ
2602 1627 2835 1699 πατριᾶς
2854 1624 3015 1678 Δαῦὶδ
3045 1625 3445 1696 συντρεχόντων
3483 1630 3564 1691 είς
3584 1627 3687 1697 τὴν

2097 1721 2395 1793 εἰρημένην
2430 1719 2603 1783 πόλιν,
2635 1720 2723 1773 διὰ
2767 1736 2824 1770 τε
2855 1719 2915 1771 τὸ
2949 1717 3147 1788 πλῆθος
3191 1719 3300 1772 τῶν
3329 1717 3690 1791 ἐπιξενουμέ-

2020 1801 2063 1856 Β
2091 1831 2198 1867 νων
2231 1812 2419 1868 αὐτόθι
2449 1811 2522 1884 μὴ
2551 1810 2922 1882 εὐπορούντων
2950 1809 3322 1880 καταλύματος
3340 1827 3354 1839 ⁶
3389 1813 3418 1864 ό
3446 1811 3505 1864 δὲ
3530 1813 3686 1865 Ματ-

2094 1904 2245 1967 θαῖος
2298 1924 2317 1955 ‹
2341 1905 2716 1965 Ἀκούσαντες,
2760 1902 2943 1972 φησὶν,
2978 1904 3024 1954 οἱ
3057 1903 3238 1969 Μάγοι
3282 1901 3376 1954 τοῦ
3415 1901 3688 1971 βασιλέως

2105 1997 2346 2069 Ἡρώδου
2369 2036 2382 2059 ,
2420 1995 2794 2068 επορεύθησαν
2816 1997 2896 2060 εἰς
2920 1994 3184 2065 Βηθλεέμο
3211 1995 3303 2048 καὶ
3325 1995 3479 2049 itSo-3'6
3503 1995 3688 2068 ἀστὴρ

2093 2086 2153 2140 ὃν
2185 2083 2323 2138 εἶδον
2357 2086 2414 2138 ὲν
2447 2089 2511 2157 τῇ
2563 2085 2819 2157 Ἀνατολῇ
2857 2087 3097 2158 προῆγεν
3133 2087 3347 2149 αὐτοὺς.
3375 2085 3479 2148 ἕως
3513 2078 3576 2138 οὗ
3614 2079 3687 2157 ἦν

2091 2178 2154 2230 τὸ
2182 2178 2391 2232 παιδίον
2434 2177 2571 2248 μετὰ
2600 2178 2819 2249 Μαρίας
2845 2178 2944 2248 τῆς
2989 2178 3191 2249 μητρὸς
3223 2176 3418 2231 αὐτοῦ·
3455 2178 3554 2231 καὶ
3586 2194 3690 2230 περ

2096 2269 2278 2333 σόντες
2345 2268 2760 2342 προσεκύνησαν
2805 2268 2972 2339 αὐτῷ.
3009 2288 3027 2319 ι
3089 2267 3226 2321 Ἀλλ’
3276 2268 3374 2320 οὐκ
3413 2269 3472 2320 ὲν
3501 2267 3688 2340 φάτνῃ

2094 2362 2347 2431 κείμενον
2398 2355 2543 2415 οὗτοι
2584 2360 3061 2430 καταλαμϐάνουσι
3101 2360 3160 2414 τὺ
3215 2361 3427 2414 παιδίον
3475 2359 3688 2430 ὁμοίως

2092 2455 2205 2516 τοῖς
2252 2454 2524 2524 ποιμέσιν,
2559 2453 2672 2506 ἀλλ’
2708 2452 2852 2505 ἔνδον
2885 2455 2940 2505 ὲν
2966 2453 3110 2524 οἰκίᾳ
3143 2451 3284 2523 μετὰ
3322 2451 3424 2522 τῆς
3471 2452 3686 2523 μητρὸς

2094 2548 2225 2600 αὐτὸ
2255 2547 2552 2618 θεωροῦσι·
2591 2545 2765 2599 καίτοι
2795 2547 3009 2608 Λουκᾶς
3040 2545 3208 2614 ἔφησε
3245 2543 3320 2616 μὴ
3347 2539 3486 2597 εἶναι
3516 2545 3687 2598 τόπον

2094 2639 2276 2703 αὐτοῖς
2302 2641 2359 2692 ὲν
2385 2638 2462 2708 τῷ
2484 2636 2848 2707 καταλύματγ
2882 2635 2998 2700 πῶς
3022 2631 3113 2688 οὖν
3138 2637 3166 2688 ό
3194 2635 3475 2699 Ματθαῖος
3501 2634 3686 2690 οἰκίαν

2093 2730 2280 2792 αὐτοῖς
2347 2728 2635 2800 ἀφορίζει;
2685 2727 2824 2780 Ἀλλ’
2886 2729 3019 2782 ,ἐπεὶ
3074 2729 3290 2792 Λουκᾶς
3338 2727 3434 2780 τὸν
3487 2728 3686 2800 καιρὸν

2098 2821 2299 2892 ἱστορεῖ
2324 2819 2424 2888 τῆς
2453 2820 2738 2887 γενέσεως,
2774 2810 2928 2881 οὗτος
2961 2818 3004 2870 δ’
3032 2815 3100 2890 ἦν
3130 2806 3159 2874 ό
3187 2818 3288 2890 τῆς
3321 2819 3681 2891 ἀπογραφῆς,

2094 2915 2215 2969 καθ’
2244 2914 2302 2968 ὃν
2335 2915 2603 2985 πανδημεὶ
2633 2913 2948 2983 συνέτρεχον
2979 2913 3027 2964 οἱ
3051 2910 3128 2982 τῷ
3155 2909 3303 2981 αὐτῷ
3331 2909 3480 2979 γένει
3512 2927 3685 2982 προσ-

2095 3010 2318 3080 ήκοντες
2364 3009 2421 3060 ὲν
2459 3009 2526 3077 τῇ
2570 3006 2664 3058 τοῦ
2715 3005 2880 3058 Δαϐὶδ
2916 3004 3089 3064 πόλει,
3136 3005 3166 3055 ό
3201 3003 3259 3056 δὲ
3289 3002 3571 3068 Ματθαῖος
3613 3002 3686 3058 τὰ

2020 3143 2065 3204 C
2098 3093 2234 3166 μετὰ
2269 3094 2361 3147 δύο
2401 3093 2538 3146 ὲτῶν
2569 3093 2790 3164 χρόνους
2844 3093 3051 3164 ἱστορεῖ
3097 3090 3370 3160 (τοσοῦτος
3408 3091 3523 3164 γὰρ
3554 3087 3623 3163 ἦν
3654 3093 3686 3147 δ

2094 3185 2286 3258 χρόνος
2334 3185 2394 3239 ὃν
2427 3184 2672 3257 Ἡρώδης
2719 3183 2870 3256 παρὰ
2924 3184 3034 3236 τῶν
3069 3184 3276 3252 Μάγων
3321 3184 3681 3256 ἠκρίϐωσενγ

2094 3275 2235 3330 ὥστε
2278 3274 2477 3346 σχολῆς
2522 3273 2689 3345 οὐσης
2717 3276 2774 3327 ἐν
2806 3277 2871 3346 τῇ
2900 3273 3179 3344 Βηθλεὲμ,
3221 3273 3364 3328 κατὰ
3401 3274 3495 3328 τὸν
3524 3276 3683 3330 Ματ-

2095 3368 2242 3421 θαίον
2269 3368 2533 3437 εὐπόρουν
2562 3367 2926 3436 καταγωγίου·
2955 3366 3035 3419 διὸ
3065 3365 3396 3431 εἰσελθόντες
3423 3368 3473 3420 oi
3495 3367 3684 3436 Μάγοι

2094 3463 2174 3524 είς
2205 3461 2302 3532 τὴν
2349 3453 2556 3524 olxiav,
2591 3455 2728 3513 εἶδον
2769 3459 2829 3512 τὸ
2870 3459 3080 3512 παιδίον
3128 3457 3269 3530 μετὰ
3317 3458 3541 3530 Μαρίας
3581 3459 3688 3529 τῆς

2097 3553 2306 3625 μητρὸς
2340 3553 2516 3606 ίαύτοῦ
2539 3569 2552 3581 ·
2604 3553 2698 3606 καὶ
2747 3554 3002 3615 πεσόντες
3045 3551 3464 3622 προσεκύνησαν
3505 3550 3680 3623 αὐτῷ·

2095 3647 2188 3700 καὶ
2219 3646 2357 3719 αὐτη
2395 3645 2493 3718 μὲν
2521 3648 2553 3717 ἡ
2582 3644 2676 3699 τοῦ
2705 3645 3032 3717 ζητηθέντος
3056 3645 3229 3709 λύσις.

2165 3737 2352 3791 Ταῦτά
2383 3753 2465 3790 σοι
2491 3736 2548 3802 ἐξ
2583 3735 2759 3807 ἡμῶν,
2793 3734 3053 3807 ἱερώτατε
3087 3735 3296 3806 ἀνδρῶν
3327 3736 3420 3789 καὶ
3459 3735 3688 3805 φιλοπο-

2094 3827 2298 3882 νώτατε
2332 3827 2413 3880 υἱὲ
2437 3826 2676 3895 Στέφανε
2697 3863 2711 3888 ,
2756 3825 2986 3897 γνησίας
3023 3825 3152 3878 ὄντα
3187 3825 3461 3880 δείναατα
3500 3825 3686 3881 διαθέ-

2095 3937 2254 3986 σεως,
2289 3917 2593 3973 ἀνακείσθω
2617 3917 2749 3988 (25).

2094 4118 2335 4190 Isagoga:
2393 4117 2694 4190 fragmenta
2725 4116 2950 4190 aliquot
3001 4132 3106 4190 nos
3155 4117 3680 4190 postea‘recitaturi

2095 4185 2286 4246 sumus
2307 4206 2371 4244 ex
2399 4185 2693 4243 Anastasio
2725 4185 2990 4242 Vaticano
3011 4185 3318 4256 desumpta.
3345 4185 3502 4254 Quos
3524 4187 3677 4254 dum,

2094 4261 2338 4330 inquam,
2373 4260 2589 4330 labores
2619 4259 2974 4330 demiramur,
3008 4259 3157 4312 venit
3180 4258 3537 4330 inmeritem
3558 4273 3681 4314 cor-

2093 4327 2581 4401 rigendamﬂvideri
2607 4329 3124 4401 interpretationem
3158 4327 3392 4401 _A_ubert_i
3430 4329 3546 4398 (cui
3578 4343 3678 4384 nos

2092 4396 2312 4470 quoque
2340 4400 2468 4470 olim
2499 4396 2852 4467 credidimus)
2885 4399 2941 4470 in
2968 4396 3173 4470 Julian}
3201 4396 3678 4470 i_nip._fragmento

2092 4465 2238 4540 apud
2269 4469 2326 4524 S.
2365 4469 2628 4540 Cyrillum
2661 4470 2753 4540 lib.
2785 4465 2858 4540 vit
2892 4465 3102 4540 Contra
3128 4465 3384 4540 πίνω.
3416 4465 3680 4540 δρομικ-

2094 4537 2184 4612 niii
2218 4557 2272 4612 p.
2307 4537 2434 4600 222',
2478 4541 2567 4594 ubi
2601 4539 2766 4594 verba
2816 4537 3020 4612 Juliani
3047 4540 3077 4612 ό
3100 4537 3678 4612 μοχθηρὸς-Εὐσέβιος

2093 4606 2286 4665 Latine
2320 4619 2611 4665 vertuntur
2654 4625 2876 4679 nequam
2917 4606 3211 4663 Eusebius.
3235 4606 3401 4679 Atqui
3441 4624 3513 4664 eo
3559 4611 3677 4664 loco

2091 4679 2347 4735 Julianus
2387 4681 2442 4734 in
2481 4677 2773 4735 Eusebium
2811 4694 2918 4732 non
2951 4679 3246 4741 invehitur,
3278 4677 3376 4732 sed
3403 4679 3531 4747 ejus
3557 4689 3678 4735 tan-

2095 4759 2208 4805 tum
2244 4751 2568 4806 sententiam
2599 4751 2746 4804 circa
2781 4747 3130 4803 Hebraeorum
3158 4749 3472 4804 doctrinam
3501 4762 3678 4807 artes-

2095 4837 2202 4892 que
2233 4829 2522 4892 memorat.
2559 4820 2700 4892 Ergo
2732 4819 3098 4892 retrahendus
3129 4819 3262 4874 mibi
3291 4829 3564 4892 accentus
3593 4822 3676 4876 vi-

2092 4889 2272 4962 detur,
2313 4899 2372 4945 nt
2410 4891 2483 4962 sit
2526 4889 2819 4962 μόχθηρος,
2869 4889 3204 4962 laboriosus,
3237 4889 3388 4962 quod
3434 4893 3677 4946 maxime

2090 4961 2390 5032 epithetum
2432 4959 2914 5032 EuSebio‘laboris
2955 4959 3208 5016 Herculei
3240 4959 3361 5014 viro
3391 4961 3671 5032 congruit.

2143 5034 2318 5113 i-catur
2368 5033 2552 5113 itaque
2579 5048 2653 5113 in
2703 5045 2769 5085 eo
2810 5031 3113 5103 fragmento
3144 5045 3255 5086 non
3289 5031 3542 5100 aequant,
3577 5032 3674 5086 sed

2089 5100 2386 5157 laboriosus
2429 5100 2707 5156 Eusebius.
