  <div class='ocr_page' id='page_1' title='image "/cluster/home/n/w/nwhite01/storage/ocr_20150623/22/nnc1.0046978372/524.png"; bbox 0 0 3846 6220; ppageno 0'>
   <div class='ocr_carea' id='block_1_1' title="bbox 85 395 196 451">
    <p class='ocr_par' dir='ltr' id='par_1_1' title="bbox 85 395 196 451">
     <span class='ocr_line' id='line_1_1' title="bbox 85 395 196 451; baseline -0.027 0"><span class='ocrx_word' id='word_1_1' title='bbox 85 395 196 451; x_wconf 69' lang='grc' dir='ltr'><strong>εει</strong></span> 
     </span>
    </p>
   </div>
   <div class='ocr_carea' id='block_1_2' title="bbox 716 385 2780 459">
    <p class='ocr_par' dir='ltr' id='par_1_2' title="bbox 716 385 2780 459">
     <span class='ocr_line' id='line_1_2' title="bbox 716 385 2780 459; baseline 0.002 -12"><span class='ocrx_word' id='word_1_2' title='bbox 716 385 1183 459; x_wconf 61' lang='lat' dir='ltr'><strong>QUIESTIONES</strong></span> <span class='ocrx_word' id='word_1_3' title='bbox 1220 389 1702 447; x_wconf 65' lang='lat' dir='ltr'><strong>EVA‘NGELICzE.</strong></span> <span class='ocrx_word' id='word_1_4' title='bbox 1748 421 1814 432; x_wconf 85' lang='lat'><strong>-—</strong></span> <span class='ocrx_word' id='word_1_5' title='bbox 1853 391 2182 459; x_wconf 70' lang='lat' dir='ltr'><strong>QUASSTIO</strong></span> <span class='ocrx_word' id='word_1_6' title='bbox 2223 394 2264 447; x_wconf 90' lang='lat' dir='ltr'><strong>ll</strong></span> <span class='ocrx_word' id='word_1_7' title='bbox 2305 391 2395 446; x_wconf 81' lang='lat' dir='ltr'><strong>AD</strong></span> <span class='ocrx_word' id='word_1_8' title='bbox 2435 393 2780 452; x_wconf 77' lang='lat' dir='ltr'><strong>MARINUM.</strong></span> 
     </span>
    </p>
   </div>
   <div class='ocr_carea' id='block_1_3' title="bbox 3267 401 3369 457">
    <p class='ocr_par' dir='ltr' id='par_1_3' title="bbox 3267 401 3369 457">
     <span class='ocr_line' id='line_1_3' title="bbox 3267 401 3369 457; baseline -0.01 0"><span class='ocrx_word' id='word_1_9' title='bbox 3267 401 3369 457; x_wconf 70' lang='lat'><strong>942</strong></span> 
     </span>
    </p>
   </div>
   <div class='ocr_carea' id='block_1_4' title="bbox 89 509 1653 588">
    <p class='ocr_par' dir='ltr' id='par_1_4' title="bbox 89 509 1653 585">
     <span class='ocr_line' id='line_1_4' title="bbox 89 509 1653 585; baseline 0.001 -22"><span class='ocrx_word' id='word_1_10' title='bbox 89 511 239 581; x_wconf 77' lang='grc' dir='ltr'>μετᾶ</span> <span class='ocrx_word' id='word_1_11' title='bbox 272 509 329 563; x_wconf 80' lang='grc' dir='ltr'>τὸ</span> <span class='ocrx_word' id='word_1_12' title='bbox 357 509 632 565; x_wconf 83' lang='grc' dir='ltr'>Σάϐϐατον</span> <span class='ocrx_word' id='word_1_13' title='bbox 651 525 664 540; x_wconf 81' lang='lat'><strong><em>°</em></strong></span> <span class='ocrx_word' id='word_1_14' title='bbox 697 510 840 564; x_wconf 75' lang='grc' dir='ltr'>οὕτω</span> <span class='ocrx_word' id='word_1_15' title='bbox 869 511 977 584; x_wconf 81' lang='grc' dir='ltr'>γὰρ</span> <span class='ocrx_word' id='word_1_16' title='bbox 1017 513 1112 565; x_wconf 74' lang='grc' dir='ltr'><strong>καὶ</strong></span> <span class='ocrx_word' id='word_1_17' title='bbox 1140 511 1235 581; x_wconf 72' lang='grc' dir='ltr'><strong>ὀψὲ</strong></span> <span class='ocrx_word' id='word_1_18' title='bbox 1264 514 1362 584; x_wconf 81' lang='grc' dir='ltr'>τῆς</span> <span class='ocrx_word' id='word_1_19' title='bbox 1388 513 1536 585; x_wconf 83' lang='grc' dir='ltr'>ὧρας</span> <span class='ocrx_word' id='word_1_20' title='bbox 1561 512 1653 566; x_wconf 85' lang='grc' dir='ltr'><strong>εἰώ</strong></span> 
     </span>
    </p>
   </div>
   <div class='ocr_carea' id='block_1_5' title="bbox 1771 509 3372 588">
    <p class='ocr_par' dir='ltr' id='par_1_5' title="bbox 1789 512 3372 588">
     <span class='ocr_line' id='line_1_5' title="bbox 1789 512 3372 588; baseline 0.006 -21"><span class='ocrx_word' id='word_1_21' title='bbox 1789 512 1993 567; x_wconf 88' lang='lat' dir='ltr'><strong>batum.</strong></span> <span class='ocrx_word' id='word_1_22' title='bbox 2035 512 2127 568; x_wconf 86' lang='lat' dir='ltr'><strong>Sic</strong></span> <span class='ocrx_word' id='word_1_23' title='bbox 2159 515 2305 569; x_wconf 90' lang='lat' dir='ltr'><strong>enim</strong></span> <span class='ocrx_word' id='word_1_24' title='bbox 2335 521 2390 570; x_wconf 92' lang='lat' dir='ltr'><strong>et</strong></span> <span class='ocrx_word' id='word_1_25' title='bbox 2437 531 2562 571; x_wconf 91' lang='lat' dir='ltr'><strong>sero</strong></span> <span class='ocrx_word' id='word_1_26' title='bbox 2604 517 2752 572; x_wconf 66' lang='lat' dir='ltr'><strong>horae</strong></span> <span class='ocrx_word' id='word_1_27' title='bbox 2773 516 3014 573; x_wconf 85' lang='lat' dir='ltr'><strong>solemus</strong></span> <span class='ocrx_word' id='word_1_28' title='bbox 3041 518 3258 588; x_wconf 82' lang='lat' dir='ltr'><strong>dicere,</strong></span> <span class='ocrx_word' id='word_1_29' title='bbox 3317 531 3372 577; x_wconf 87' lang='lat' dir='ltr'><strong>et</strong></span> 
     </span>
    </p>
   </div>
   <div class='ocr_carea' id='block_1_6' title="bbox 83 605 1678 680">
    <p class='ocr_par' dir='ltr' id='par_1_6' title="bbox 83 605 1678 680">
     <span class='ocr_line' id='line_1_6' title="bbox 83 605 1678 680; baseline 0.002 -22"><span class='ocrx_word' id='word_1_30' title='bbox 83 606 271 676; x_wconf 84' lang='grc' dir='ltr'>θαμεν</span> <span class='ocrx_word' id='word_1_31' title='bbox 287 605 468 674; x_wconf 84' lang='grc' dir='ltr'>λέγειν</span> <span class='ocrx_word' id='word_1_32' title='bbox 484 647 499 670; x_wconf 91' lang='grc'><strong>,</strong></span> <span class='ocrx_word' id='word_1_33' title='bbox 522 608 616 660; x_wconf 70' lang='grc' dir='ltr'>καὶ</span> <span class='ocrx_word' id='word_1_34' title='bbox 637 606 735 676; x_wconf 80' lang='grc' dir='ltr'><strong>ὀψὲ</strong></span> <span class='ocrx_word' id='word_1_35' title='bbox 756 606 851 660; x_wconf 89' lang='grc' dir='ltr'><strong>τοῦ</strong></span> <span class='ocrx_word' id='word_1_36' title='bbox 877 607 1090 679; x_wconf 80' lang='grc' dir='ltr'><strong>καιροῦ,</strong></span> <span class='ocrx_word' id='word_1_37' title='bbox 1107 610 1200 660; x_wconf 74' lang='grc' dir='ltr'><strong>καὶ</strong></span> <span class='ocrx_word' id='word_1_38' title='bbox 1224 607 1321 677; x_wconf 69' lang='grc' dir='ltr'><strong>ὀψὲ</strong></span> <span class='ocrx_word' id='word_1_39' title='bbox 1345 608 1446 678; x_wconf 83' lang='grc' dir='ltr'>τῆς</span> <span class='ocrx_word' id='word_1_40' title='bbox 1470 609 1678 680; x_wconf 73' lang='grc' dir='ltr'>χρείαςο</span> 
     </span>
    </p>
   </div>
   <div class='ocr_carea' id='block_1_7' title="bbox 79 697 1681 772">
    <p class='ocr_par' dir='ltr' id='par_1_7' title="bbox 79 697 1681 772">
     <span class='ocr_line' id='line_1_7' title="bbox 79 697 1681 772; baseline 0.001 -20"><span class='ocrx_word' id='word_1_41' title='bbox 79 699 148 752; x_wconf 80' lang='grc' dir='ltr'>οὐ</span> <span class='ocrx_word' id='word_1_42' title='bbox 183 699 286 771; x_wconf 79' lang='grc' dir='ltr'>τὴν</span> <span class='ocrx_word' id='word_1_43' title='bbox 314 699 554 770; x_wconf 78' lang='grc' dir='ltr'><strong>ἑσπέραν</strong></span> <span class='ocrx_word' id='word_1_44' title='bbox 599 697 1060 770; x_wconf 83' lang='grc' dir='ltr'>δηλοῦντες,·οὐδὲ</span> <span class='ocrx_word' id='word_1_45' title='bbox 1102 701 1194 752; x_wconf 83' lang='grc' dir='ltr'><strong>τὸν</strong></span> <span class='ocrx_word' id='word_1_46' title='bbox 1235 701 1372 770; x_wconf 83' lang='grc' dir='ltr'>μετὰ</span> <span class='ocrx_word' id='word_1_47' title='bbox 1401 701 1550 772; x_wconf 81' lang='grc' dir='ltr'>ἡλίου</span> <span class='ocrx_word' id='word_1_48' title='bbox 1587 702 1681 754; x_wconf 77' lang='grc' dir='ltr'>δυ-</span> 
     </span>
    </p>
   </div>
   <div class='ocr_carea' id='block_1_8' title="bbox 83 791 1681 865">
    <p class='ocr_par' dir='ltr' id='par_1_8' title="bbox 83 791 1681 865">
     <span class='ocr_line' id='line_1_8' title="bbox 83 791 1681 865; baseline -0.01 -5"><span class='ocrx_word' id='word_1_49' title='bbox 83 793 240 864; x_wconf 78' lang='grc' dir='ltr'>σμὰς</span> <span class='ocrx_word' id='word_1_50' title='bbox 264 791 476 864; x_wconf 80' lang='grc' dir='ltr'>χρόνον,</span> <span class='ocrx_word' id='word_1_51' title='bbox 495 791 555 845; x_wconf 78' lang='grc' dir='ltr'><strong>τὸ</strong></span> <span class='ocrx_word' id='word_1_52' title='bbox 576 792 633 845; x_wconf 77' lang='grc' dir='ltr'>δὲ</span> <span class='ocrx_word' id='word_1_53' title='bbox 667 793 874 865; x_wconf 80' lang='grc' dir='ltr'>σφόδρα</span> <span class='ocrx_word' id='word_1_54' title='bbox 893 793 1106 864; x_wconf 86' lang='grc' dir='ltr'><strong>βράδιον</strong></span> <span class='ocrx_word' id='word_1_55' title='bbox 1127 793 1302 863; x_wconf 81' lang='grc' dir='ltr'>τούτῳ</span> <span class='ocrx_word' id='word_1_56' title='bbox 1328 794 1681 864; x_wconf 81' lang='grc' dir='ltr'><strong>σημαίνοντες</strong></span> 
     </span>
    </p>
   </div>
   <div class='ocr_carea' id='block_1_9' title="bbox 79 885 1682 959">
    <p class='ocr_par' dir='ltr' id='par_1_9' title="bbox 79 885 1682 959">
     <span class='ocr_line' id='line_1_9' title="bbox 79 885 1682 959; baseline 0.001 -20"><span class='ocrx_word' id='word_1_57' title='bbox 79 886 166 958; x_wconf 83' lang='grc' dir='ltr'><strong>τῷ</strong></span> <span class='ocrx_word' id='word_1_58' title='bbox 187 887 376 959; x_wconf 89' lang='grc' dir='ltr'>τρόπῳ</span> <span class='ocrx_word' id='word_1_59' title='bbox 395 904 408 916; x_wconf 79' lang='lat'>&#39;</span> <span class='ocrx_word' id='word_1_60' title='bbox 456 886 577 940; x_wconf 82' lang='grc' dir='ltr'>ὅθεν</span> <span class='ocrx_word' id='word_1_61' title='bbox 605 885 795 959; x_wconf 84' lang='grc' dir='ltr'>ὥσπερ</span> <span class='ocrx_word' id='word_1_62' title='bbox 834 885 1210 957; x_wconf 83' lang='grc' dir='ltr'>διερμηνεύων</span> <span class='ocrx_word' id='word_1_63' title='bbox 1239 887 1401 952; x_wconf 81' lang='grc' dir='ltr'>αὐτὸς</span> <span class='ocrx_word' id='word_1_64' title='bbox 1431 888 1622 940; x_wconf 78' lang='grc' dir='ltr'>ἑαυτὸν</span> <span class='ocrx_word' id='word_1_65' title='bbox 1653 890 1682 940; x_wconf 89' lang='lat'><strong>6</strong></span> 
     </span>
    </p>
   </div>
   <div class='ocr_carea' id='block_1_10' title="bbox 77 977 1682 1051">
    <p class='ocr_par' dir='ltr' id='par_1_10' title="bbox 77 977 1682 1051">
     <span class='ocr_line' id='line_1_10' title="bbox 77 977 1682 1051; baseline -0.001 -18"><span class='ocrx_word' id='word_1_66' title='bbox 77 979 373 1043; x_wconf 83' lang='grc' dir='ltr'>Ματθαῖος</span> <span class='ocrx_word' id='word_1_67' title='bbox 401 980 538 1051; x_wconf 83' lang='grc' dir='ltr'>μετὰ</span> <span class='ocrx_word' id='word_1_68' title='bbox 559 979 621 1033; x_wconf 78' lang='grc' dir='ltr'>τὸ</span> <span class='ocrx_word' id='word_1_69' title='bbox 655 979 770 1049; x_wconf 77' lang='grc' dir='ltr'><strong>ὀψὲ</strong></span> <span class='ocrx_word' id='word_1_70' title='bbox 802 977 1139 1044; x_wconf 75' lang='grc' dir='ltr'>Σαϐϐάτων,</span> <span class='ocrx_word' id='word_1_71' title='bbox 1169 980 1414 1050; x_wconf 82' lang='grc' dir='ltr'>ἐπήγαγε</span> <span class='ocrx_word' id='word_1_72' title='bbox 1442 979 1519 1046; x_wconf 77' lang='grc' dir='ltr'>τῇ</span> <span class='ocrx_word' id='word_1_73' title='bbox 1554 979 1682 1031; x_wconf 65' lang='lat' dir='ltr'><strong>6m-</strong></span> 
     </span>
    </p>
   </div>
   <div class='ocr_carea' id='block_1_11' title="bbox 77 1069 1682 1144">
    <p class='ocr_par' dir='ltr' id='par_1_11' title="bbox 77 1069 1682 1144">
     <span class='ocr_line' id='line_1_11' title="bbox 77 1069 1682 1144; baseline 0.001 -22"><span class='ocrx_word' id='word_1_74' title='bbox 77 1071 426 1138; x_wconf 75' lang='grc' dir='ltr'>φωσκούσῃ</span> <span class='ocrx_word' id='word_1_75' title='bbox 453 1069 586 1141; x_wconf 85' lang='grc' dir='ltr'>φησί</span> <span class='ocrx_word' id='word_1_76' title='bbox 608 1086 620 1100; x_wconf 73' lang='grc'><strong><em>⁸</em></strong></span> <span class='ocrx_word' id='word_1_77' title='bbox 646 1070 848 1143; x_wconf 82' lang='grc' dir='ltr'>δηλαδὴ</span> <span class='ocrx_word' id='word_1_78' title='bbox 872 1069 994 1143; x_wconf 71' lang='grc' dir='ltr'>ὥρᾳ.</span> <span class='ocrx_word' id='word_1_79' title='bbox 1015 1075 1084 1144; x_wconf 80' lang='grc' dir='ltr'>τῇ</span> <span class='ocrx_word' id='word_1_80' title='bbox 1107 1071 1292 1126; x_wconf 83' lang='grc' dir='ltr'>λοιπὸν</span> <span class='ocrx_word' id='word_1_81' title='bbox 1323 1071 1424 1142; x_wconf 77' lang='grc' dir='ltr'>ἤδη</span> <span class='ocrx_word' id='word_1_82' title='bbox 1449 1072 1682 1140; x_wconf 84' lang='grc' dir='ltr'>ὑποφαι-</span> 
     </span>
    </p>
   </div>
   <div class='ocr_carea' id='block_1_12' title="bbox 76 1163 1678 1236">
    <p class='ocr_par' dir='ltr' id='par_1_12' title="bbox 76 1163 1678 1236">
     <span class='ocr_line' id='line_1_12' title="bbox 76 1163 1678 1236; baseline 0.001 -21"><span class='ocrx_word' id='word_1_83' title='bbox 76 1163 282 1233; x_wconf 83' lang='grc' dir='ltr'>νούσῃ,</span> <span class='ocrx_word' id='word_1_84' title='bbox 333 1163 427 1216; x_wconf 68' lang='grc' dir='ltr'>καὶ</span> <span class='ocrx_word' id='word_1_85' title='bbox 471 1163 860 1236; x_wconf 78' lang='grc' dir='ltr'><strong>ἐπιφωσκούσῃ</strong></span> <span class='ocrx_word' id='word_1_86' title='bbox 883 1166 965 1228; x_wconf 84' lang='grc' dir='ltr'>εἰς</span> <span class='ocrx_word' id='word_1_87' title='bbox 996 1164 1094 1236; x_wconf 83' lang='grc' dir='ltr'>τὴν</span> <span class='ocrx_word' id='word_1_88' title='bbox 1127 1163 1414 1236; x_wconf 84' lang='grc' dir='ltr'>Κυριακὴν</span> <span class='ocrx_word' id='word_1_89' title='bbox 1442 1164 1678 1235; x_wconf 79' lang='grc' dir='ltr'>ἡμέραν,</span> 
     </span>
    </p>
   </div>
   <div class='ocr_carea' id='block_1_13' title="bbox 75 1251 1682 1327">
    <p class='ocr_par' dir='ltr' id='par_1_13' title="bbox 75 1251 1682 1327">
     <span class='ocr_line' id='line_1_13' title="bbox 75 1251 1682 1327; baseline 0.002 -21"><span class='ocrx_word' id='word_1_90' title='bbox 75 1255 210 1324; x_wconf 77' lang='grc' dir='ltr'>ἥτις</span> <span class='ocrx_word' id='word_1_91' title='bbox 231 1251 303 1327; x_wconf 83' lang='grc' dir='ltr'>ἦν</span> <span class='ocrx_word' id='word_1_92' title='bbox 328 1254 425 1324; x_wconf 71' lang='grc' dir='ltr'><strong>ὀψὲ</strong></span> <span class='ocrx_word' id='word_1_93' title='bbox 451 1257 546 1309; x_wconf 71' lang='grc' dir='ltr'><strong>καὶ</strong></span> <span class='ocrx_word' id='word_1_94' title='bbox 573 1256 762 1327; x_wconf 78' lang='grc' dir='ltr'>πόρρω</span> <span class='ocrx_word' id='word_1_95' title='bbox 787 1257 973 1310; x_wconf 75' lang='grc' dir='ltr'>λοιπὸν</span> <span class='ocrx_word' id='word_1_96' title='bbox 1001 1257 1299 1311; x_wconf 80' lang='grc' dir='ltr'>ἐλαύνουσα</span> <span class='ocrx_word' id='word_1_97' title='bbox 1328 1256 1436 1310; x_wconf 84' lang='grc' dir='ltr'><strong>τῶν</strong></span> <span class='ocrx_word' id='word_1_98' title='bbox 1469 1257 1682 1310; x_wconf 73' lang='grc' dir='ltr'>Σαϐϐάο</span> 
     </span>
    </p>
   </div>
   <div class='ocr_carea' id='block_1_14' title="bbox 74 1346 1678 1421">
    <p class='ocr_par' dir='ltr' id='par_1_14' title="bbox 74 1346 1678 1421">
     <span class='ocr_line' id='line_1_14' title="bbox 74 1346 1678 1421; baseline 0.001 -22"><span class='ocrx_word' id='word_1_99' title='bbox 74 1363 226 1399; x_wconf 82' lang='grc' dir='ltr'>των·</span> <span class='ocrx_word' id='word_1_100' title='bbox 259 1346 507 1400; x_wconf 86' lang='grc' dir='ltr'>λέλεκται</span> <span class='ocrx_word' id='word_1_101' title='bbox 541 1347 597 1400; x_wconf 83' lang='grc' dir='ltr'>δὲ</span> <span class='ocrx_word' id='word_1_102' title='bbox 632 1347 747 1416; x_wconf 75' lang='grc' dir='ltr'><strong>ὀψὲ</strong></span> <span class='ocrx_word' id='word_1_103' title='bbox 785 1347 892 1401; x_wconf 88' lang='grc' dir='ltr'><strong>τοῦ</strong></span> <span class='ocrx_word' id='word_1_104' title='bbox 925 1349 1233 1403; x_wconf 78' lang='grc' dir='ltr'>Σαϐϐάτου</span> <span class='ocrx_word' id='word_1_105' title='bbox 1264 1349 1416 1420; x_wconf 82' lang='grc' dir='ltr'>παρὰ</span> <span class='ocrx_word' id='word_1_106' title='bbox 1452 1350 1543 1402; x_wconf 88' lang='grc' dir='ltr'><strong>τοῦ</strong></span> <span class='ocrx_word' id='word_1_107' title='bbox 1589 1351 1678 1421; x_wconf 81' lang='grc' dir='ltr'>έρ-</span> 
     </span>
    </p>
   </div>
   <div class='ocr_carea' id='block_1_15' title="bbox 78 1435 1680 1512">
    <p class='ocr_par' dir='ltr' id='par_1_15' title="bbox 78 1435 1680 1512">
     <span class='ocr_line' id='line_1_15' title="bbox 78 1435 1680 1512; baseline 0.011 -25"><span class='ocrx_word' id='word_1_108' title='bbox 78 1435 466 1508; x_wconf 82' lang='grc' dir='ltr'>μηνεύσαντος</span> <span class='ocrx_word' id='word_1_109' title='bbox 513 1438 612 1506; x_wconf 79' lang='grc' dir='ltr'>τὴν</span> <span class='ocrx_word' id='word_1_110' title='bbox 645 1439 869 1509; x_wconf 83' lang='grc' dir='ltr'>Γραφήν</span> <span class='ocrx_word' id='word_1_111' title='bbox 890 1457 902 1468; x_wconf 70' lang='grc' dir='ltr'><strong>ο</strong></span> <span class='ocrx_word' id='word_1_112' title='bbox 933 1441 962 1491; x_wconf 98' lang='lat'><strong>6</strong></span> <span class='ocrx_word' id='word_1_113' title='bbox 1004 1440 1103 1510; x_wconf 82' lang='grc' dir='ltr'><strong>μὲν</strong></span> <span class='ocrx_word' id='word_1_114' title='bbox 1144 1440 1252 1512; x_wconf 84' lang='grc' dir='ltr'><strong>γάρ</strong></span> <span class='ocrx_word' id='word_1_115' title='bbox 1287 1440 1680 1511; x_wconf 80' lang='grc' dir='ltr'>εὐαγγελιστὴς</span> 
     </span>
    </p>
   </div>
   <div class='ocr_carea' id='block_1_16' title="bbox 73 1528 1673 1605">
    <p class='ocr_par' dir='ltr' id='par_1_16' title="bbox 73 1528 1673 1605">
     <span class='ocr_line' id='line_1_16' title="bbox 73 1528 1673 1605; baseline 0.003 -23"><span class='ocrx_word' id='word_1_116' title='bbox 73 1528 374 1593; x_wconf 78' lang='grc' dir='ltr'>Ματθαῖος</span> <span class='ocrx_word' id='word_1_117' title='bbox 416 1530 661 1601; x_wconf 80' lang='grc' dir='ltr'>Ἐϐραΐδι</span> <span class='ocrx_word' id='word_1_118' title='bbox 681 1530 896 1605; x_wconf 82' lang='grc' dir='ltr'><strong>γλώττῃ</strong></span> <span class='ocrx_word' id='word_1_119' title='bbox 923 1531 1207 1604; x_wconf 85' lang='grc' dir='ltr'>παρέδωκε</span> <span class='ocrx_word' id='word_1_120' title='bbox 1241 1533 1303 1586; x_wconf 80' lang='grc' dir='ltr'>τὸ</span> <span class='ocrx_word' id='word_1_121' title='bbox 1329 1533 1673 1602; x_wconf 76' lang='grc' dir='ltr'>εὐαγγέλιον·</span> 
     </span>
    </p>
   </div>
   <div class='ocr_carea' id='block_1_17' title="bbox 73 1619 1680 1695">
    <p class='ocr_par' dir='ltr' id='par_1_17' title="bbox 73 1619 1680 1695">
     <span class='ocr_line' id='line_1_17' title="bbox 73 1619 1680 1695; baseline 0.004 -23"><span class='ocrx_word' id='word_1_122' title='bbox 73 1621 107 1672; x_wconf 77' lang='lat'><strong>6</strong></span> <span class='ocrx_word' id='word_1_123' title='bbox 140 1619 206 1674; x_wconf 84' lang='grc' dir='ltr'>δὲ</span> <span class='ocrx_word' id='word_1_124' title='bbox 237 1619 332 1673; x_wconf 74' lang='grc' dir='ltr'><strong>ἐπὶ</strong></span> <span class='ocrx_word' id='word_1_125' title='bbox 363 1621 460 1691; x_wconf 77' lang='grc' dir='ltr'><strong>τὴν</strong></span> <span class='ocrx_word' id='word_1_126' title='bbox 493 1621 759 1690; x_wconf 81' lang='grc' dir='ltr'>Ἑλλήνων</span> <span class='ocrx_word' id='word_1_127' title='bbox 809 1622 993 1694; x_wconf 83' lang='grc' dir='ltr'>φωνὴν</span> <span class='ocrx_word' id='word_1_128' title='bbox 1040 1623 1358 1692; x_wconf 82' lang='grc' dir='ltr'>μεταϐαλὼν</span> <span class='ocrx_word' id='word_1_129' title='bbox 1391 1625 1545 1690; x_wconf 85' lang='grc' dir='ltr'>αὐτὸ,</span> <span class='ocrx_word' id='word_1_130' title='bbox 1579 1626 1680 1695; x_wconf 80' lang='grc' dir='ltr'><strong>τὴν</strong></span> 
     </span>
    </p>
   </div>
   <div class='ocr_carea' id='block_1_18' title="bbox 71 1713 1681 1787">
    <p class='ocr_par' dir='ltr' id='par_1_18' title="bbox 71 1713 1681 1787">
     <span class='ocr_line' id='line_1_18' title="bbox 71 1713 1681 1787; baseline 0.002 -21"><span class='ocrx_word' id='word_1_131' title='bbox 71 1713 511 1783; x_wconf 82' lang='grc' dir='ltr'>ἐπιφωσκοῦσαν</span> <span class='ocrx_word' id='word_1_132' title='bbox 542 1713 691 1785; x_wconf 83' lang='grc' dir='ltr'>ὤραν</span> <span class='ocrx_word' id='word_1_133' title='bbox 721 1715 801 1778; x_wconf 83' lang='grc' dir='ltr'><strong>είς</strong></span> <span class='ocrx_word' id='word_1_134' title='bbox 831 1715 933 1785; x_wconf 83' lang='grc' dir='ltr'><strong>τὴν</strong></span> <span class='ocrx_word' id='word_1_135' title='bbox 965 1717 1253 1787; x_wconf 82' lang='grc' dir='ltr'>Κυριακὴν</span> <span class='ocrx_word' id='word_1_136' title='bbox 1287 1715 1523 1786; x_wconf 81' lang='grc' dir='ltr'>ἡμέραν,</span> <span class='ocrx_word' id='word_1_137' title='bbox 1563 1716 1681 1784; x_wconf 78' lang='grc' dir='ltr'><strong>ὀψὲ</strong></span> 
     </span>
    </p>
   </div>
   <div class='ocr_carea' id='block_1_19' title="bbox 69 1805 1681 1879">
    <p class='ocr_par' dir='ltr' id='par_1_19' title="bbox 69 1805 1681 1879">
     <span class='ocr_line' id='line_1_19' title="bbox 69 1805 1681 1879; baseline 0.001 -19"><span class='ocrx_word' id='word_1_138' title='bbox 69 1805 405 1860; x_wconf 68' lang='grc' dir='ltr'>Σαϐϐάτων</span> <span class='ocrx_word' id='word_1_139' title='bbox 450 1809 774 1878; x_wconf 71' lang='grc' dir='ltr'>προσεῖπενο</span> <span class='ocrx_word' id='word_1_140' title='bbox 807 1806 950 1861; x_wconf 81' lang='grc' dir='ltr'>ὥστε</span> <span class='ocrx_word' id='word_1_141' title='bbox 990 1808 1082 1862; x_wconf 84' lang='grc' dir='ltr'><strong>τὸν</strong></span> <span class='ocrx_word' id='word_1_142' title='bbox 1114 1808 1277 1861; x_wconf 75' lang='grc' dir='ltr'>αὑτὸν</span> <span class='ocrx_word' id='word_1_143' title='bbox 1313 1809 1499 1879; x_wconf 76' lang='grc' dir='ltr'>σχεδὸν</span> <span class='ocrx_word' id='word_1_144' title='bbox 1544 1811 1681 1862; x_wconf 86' lang='grc' dir='ltr'>νοεῖ-</span> 
     </span>
    </p>
   </div>
   <div class='ocr_carea' id='block_1_20' title="bbox 70 1887 1747 1972">
    <p class='ocr_par' dir='ltr' id='par_1_20' title="bbox 70 1887 1747 1972">
     <span class='ocr_line' id='line_1_20' title="bbox 70 1887 1747 1972; baseline 0.003 -23"><span class='ocrx_word' id='word_1_145' title='bbox 70 1895 211 1950; x_wconf 86' lang='grc' dir='ltr'>σθαι</span> <span class='ocrx_word' id='word_1_146' title='bbox 257 1898 470 1970; x_wconf 76' lang='grc' dir='ltr'>καιρὸν,</span> <span class='ocrx_word' id='word_1_147' title='bbox 505 1898 537 1969; x_wconf 77' lang='grc' dir='ltr'>ἢ</span> <span class='ocrx_word' id='word_1_148' title='bbox 573 1898 661 1952; x_wconf 85' lang='grc' dir='ltr'><strong>τὸν</strong></span> <span class='ocrx_word' id='word_1_149' title='bbox 692 1899 899 1972; x_wconf 80' lang='grc' dir='ltr'>σφόδρα</span> <span class='ocrx_word' id='word_1_150' title='bbox 928 1899 1096 1968; x_wconf 79' lang='grc' dir='ltr'>ἐγγὺς</span> <span class='ocrx_word' id='word_1_151' title='bbox 1124 1900 1272 1970; x_wconf 85' lang='grc' dir='ltr'>παρά</span> <span class='ocrx_word' id='word_1_152' title='bbox 1303 1905 1414 1965; x_wconf 82' lang='grc' dir='ltr'>τοῖς</span> <span class='ocrx_word' id='word_1_153' title='bbox 1447 1903 1675 1970; x_wconf 77' lang='grc' dir='ltr'>εὐαγγε-</span> <span class='ocrx_word' id='word_1_154' title='bbox 1703 1887 1747 1942; x_wconf 82' lang='grc' dir='ltr'>Β</span> 
     </span>
    </p>
   </div>
   <div class='ocr_carea' id='block_1_21' title="bbox 69 1988 1675 2064">
    <p class='ocr_par' dir='ltr' id='par_1_21' title="bbox 69 1988 1675 2064">
     <span class='ocr_line' id='line_1_21' title="bbox 69 1988 1675 2064; baseline 0.004 -23"><span class='ocrx_word' id='word_1_155' title='bbox 69 1988 299 2053; x_wconf 85' lang='grc' dir='ltr'>λισταῖς</span> <span class='ocrx_word' id='word_1_156' title='bbox 323 1989 599 2060; x_wconf 80' lang='grc' dir='ltr'>διαφόροις</span> <span class='ocrx_word' id='word_1_157' title='bbox 615 1990 847 2061; x_wconf 79' lang='grc' dir='ltr'>ὀνόμασι</span> <span class='ocrx_word' id='word_1_158' title='bbox 873 1994 1244 2064; x_wconf 85' lang='grc' dir='ltr'>τετηρημένον</span> <span class='ocrx_word' id='word_1_159' title='bbox 1259 2010 1272 2023; x_wconf 88' lang='grc'>·</span> <span class='ocrx_word' id='word_1_160' title='bbox 1296 1993 1462 2064; x_wconf 87' lang='grc' dir='ltr'>μηδέν</span> <span class='ocrx_word' id='word_1_161' title='bbox 1477 2010 1536 2046; x_wconf 88' lang='grc' dir='ltr'><strong>τε</strong></span> <span class='ocrx_word' id='word_1_162' title='bbox 1557 1993 1675 2047; x_wconf 89' lang='grc' dir='ltr'>δια-</span> 
     </span>
    </p>
   </div>
   <div class='ocr_carea' id='block_1_22' title="bbox 65 2081 1674 2159">
    <p class='ocr_par' dir='ltr' id='par_1_22' title="bbox 65 2081 1674 2159">
     <span class='ocr_line' id='line_1_22' title="bbox 65 2081 1674 2159; baseline 0.003 -25"><span class='ocrx_word' id='word_1_163' title='bbox 65 2081 274 2152; x_wconf 77' lang='grc' dir='ltr'>φέρειν</span> <span class='ocrx_word' id='word_1_164' title='bbox 319 2082 594 2136; x_wconf 86' lang='grc' dir='ltr'>Ματθαῖον</span> <span class='ocrx_word' id='word_1_165' title='bbox 626 2084 908 2154; x_wconf 72' lang='grc' dir='ltr'>εἰρηκόταο</span> <span class='ocrx_word' id='word_1_166' title='bbox 941 2103 960 2135; x_wconf 74' lang='grc' dir='ltr'><strong>ι</strong></span> <span class='ocrx_word' id='word_1_167' title='bbox 997 2085 1124 2156; x_wconf 78' lang='grc' dir='ltr'><strong>Ὀψὲ</strong></span> <span class='ocrx_word' id='word_1_168' title='bbox 1179 2086 1236 2140; x_wconf 83' lang='grc' dir='ltr'><strong>δὲ</strong></span> <span class='ocrx_word' id='word_1_169' title='bbox 1280 2086 1576 2141; x_wconf 87' lang='grc' dir='ltr'>Σαϐϐάτων</span> <span class='ocrx_word' id='word_1_170' title='bbox 1607 2090 1674 2159; x_wconf 82' lang='grc' dir='ltr'>τῇ</span> 
     </span>
    </p>
   </div>
   <div class='ocr_carea' id='block_1_23' title="bbox 69 2174 1675 2253">
    <p class='ocr_par' dir='ltr' id='par_1_23' title="bbox 69 2174 1675 2253">
     <span class='ocr_line' id='line_1_23' title="bbox 69 2174 1675 2253; baseline 0.004 -25"><span class='ocrx_word' id='word_1_171' title='bbox 69 2175 477 2248; x_wconf 75' lang='grc' dir='ltr'>ἐπιφωσκούσῃ</span> <span class='ocrx_word' id='word_1_172' title='bbox 535 2178 616 2241; x_wconf 80' lang='grc' dir='ltr'>εἰς</span> <span class='ocrx_word' id='word_1_173' title='bbox 678 2177 806 2247; x_wconf 84' lang='grc' dir='ltr'>μίαν</span> <span class='ocrx_word' id='word_1_174' title='bbox 854 2177 1149 2232; x_wconf 83' lang='grc' dir='ltr'>Σαϐϐάτων</span> <span class='ocrx_word' id='word_1_175' title='bbox 1191 2174 1322 2250; x_wconf 82' lang='grc' dir='ltr'>ἦλθε</span> <span class='ocrx_word' id='word_1_176' title='bbox 1389 2181 1579 2253; x_wconf 86' lang='grc' dir='ltr'>Μαρία</span> <span class='ocrx_word' id='word_1_177' title='bbox 1641 2183 1675 2252; x_wconf 79' lang='grc' dir='ltr'>ἡ</span> 
     </span>
    </p>
   </div>
   <div class='ocr_carea' id='block_1_24' title="bbox 68 2269 1676 2345">
    <p class='ocr_par' dir='ltr' id='par_1_24' title="bbox 68 2269 1676 2345">
     <span class='ocr_line' id='line_1_24' title="bbox 68 2269 1676 2345; baseline 0.002 -23"><span class='ocrx_word' id='word_1_178' title='bbox 68 2269 419 2340; x_wconf 80' lang='grc' dir='ltr'>Μαγδαληνὴ</span> <span class='ocrx_word' id='word_1_179' title='bbox 476 2272 570 2324; x_wconf 75' lang='grc' dir='ltr'><strong>καὶ</strong></span> <span class='ocrx_word' id='word_1_180' title='bbox 608 2273 642 2342; x_wconf 82' lang='grc' dir='ltr'><strong>ὴ</strong></span> <span class='ocrx_word' id='word_1_181' title='bbox 693 2271 825 2341; x_wconf 83' lang='grc' dir='ltr'>ἄλλη</span> <span class='ocrx_word' id='word_1_182' title='bbox 878 2272 1066 2345; x_wconf 88' lang='grc' dir='ltr'>Μαρία</span> <span class='ocrx_word' id='word_1_183' title='bbox 1111 2272 1386 2344; x_wconf 83' lang='grc' dir='ltr'>θεωρῆσαι</span> <span class='ocrx_word' id='word_1_184' title='bbox 1441 2272 1534 2326; x_wconf 85' lang='grc' dir='ltr'><strong>τδν</strong></span> <span class='ocrx_word' id='word_1_185' title='bbox 1578 2273 1676 2326; x_wconf 88' lang='grc' dir='ltr'>τά-</span> 
     </span>
    </p>
   </div>
   <div class='ocr_carea' id='block_1_25' title="bbox 69 2363 1678 2436">
    <p class='ocr_par' dir='ltr' id='par_1_25' title="bbox 69 2363 1678 2436">
     <span class='ocr_line' id='line_1_25' title="bbox 69 2363 1678 2436; baseline 0.002 -22"><span class='ocrx_word' id='word_1_186' title='bbox 69 2380 202 2430; x_wconf 78' lang='grc' dir='ltr'>φον,</span> <span class='ocrx_word' id='word_1_187' title='bbox 239 2382 260 2414; x_wconf 71' lang='grc' dir='ltr'><strong>ι</strong></span> <span class='ocrx_word' id='word_1_188' title='bbox 305 2363 548 2416; x_wconf 77' lang='grc' dir='ltr'>Ἰωάννου</span> <span class='ocrx_word' id='word_1_189' title='bbox 582 2365 851 2434; x_wconf 76' lang='grc' dir='ltr'>φήσαντος</span> <span class='ocrx_word' id='word_1_190' title='bbox 881 2382 895 2396; x_wconf 77' lang='grc' dir='ltr'><strong><em>ο</em></strong></span> <span class='ocrx_word' id='word_1_191' title='bbox 937 2381 957 2414; x_wconf 83' lang='grc'><strong><em>‹</em></strong></span> <span class='ocrx_word' id='word_1_192' title='bbox 1001 2367 1069 2436; x_wconf 78' lang='grc' dir='ltr'>τῇ</span> <span class='ocrx_word' id='word_1_193' title='bbox 1101 2364 1157 2417; x_wconf 83' lang='grc' dir='ltr'>δὲ</span> <span class='ocrx_word' id='word_1_194' title='bbox 1193 2366 1294 2436; x_wconf 81' lang='grc' dir='ltr'>μιᾷ</span> <span class='ocrx_word' id='word_1_195' title='bbox 1324 2364 1432 2418; x_wconf 85' lang='grc' dir='ltr'>τῶν</span> <span class='ocrx_word' id='word_1_196' title='bbox 1465 2365 1678 2418; x_wconf 87' lang='grc' dir='ltr'>Σαϐϐά-</span> 
     </span>
    </p>
   </div>
   <div class='ocr_carea' id='block_1_26' title="bbox 68 2453 1676 2530">
    <p class='ocr_par' dir='ltr' id='par_1_26' title="bbox 68 2453 1676 2530">
     <span class='ocr_line' id='line_1_26' title="bbox 68 2453 1676 2530; baseline 0.004 -24"><span class='ocrx_word' id='word_1_197' title='bbox 68 2471 189 2508; x_wconf 81' lang='grc' dir='ltr'><strong>των</strong></span> <span class='ocrx_word' id='word_1_198' title='bbox 221 2453 443 2526; x_wconf 71' lang='grc' dir='ltr'>ἔρχεται</span> <span class='ocrx_word' id='word_1_199' title='bbox 471 2456 659 2527; x_wconf 82' lang='grc' dir='ltr'>Μαρία</span> <span class='ocrx_word' id='word_1_200' title='bbox 698 2458 730 2526; x_wconf 84' lang='grc' dir='ltr'><strong>ἡ</strong></span> <span class='ocrx_word' id='word_1_201' title='bbox 757 2456 1091 2529; x_wconf 83' lang='grc' dir='ltr'>Μαγδαληνὴ</span> <span class='ocrx_word' id='word_1_202' title='bbox 1118 2457 1262 2530; x_wconf 77' lang='grc' dir='ltr'>πρωῒ</span> <span class='ocrx_word' id='word_1_203' title='bbox 1292 2461 1372 2523; x_wconf 85' lang='grc' dir='ltr'><strong>είς</strong></span> <span class='ocrx_word' id='word_1_204' title='bbox 1425 2459 1485 2512; x_wconf 82' lang='grc' dir='ltr'><strong>τὸ</strong></span> <span class='ocrx_word' id='word_1_205' title='bbox 1539 2477 1676 2530; x_wconf 89' lang='grc' dir='ltr'>μνη-</span> 
     </span>
    </p>
   </div>
   <div class='ocr_carea' id='block_1_27' title="bbox 75 2547 1674 2624">
    <p class='ocr_par' dir='ltr' id='par_1_27' title="bbox 75 2547 1674 2624">
     <span class='ocr_line' id='line_1_27' title="bbox 75 2547 1674 2624; baseline 0.003 -25"><span class='ocrx_word' id='word_1_206' title='bbox 75 2550 257 2616; x_wconf 85' lang='grc' dir='ltr'>μεῖον,</span> <span class='ocrx_word' id='word_1_207' title='bbox 305 2547 384 2601; x_wconf 77' lang='grc' dir='ltr'>ἔτι</span> <span class='ocrx_word' id='word_1_208' title='bbox 414 2547 583 2618; x_wconf 78' lang='grc' dir='ltr'>οὔσης</span> <span class='ocrx_word' id='word_1_209' title='bbox 631 2547 868 2614; x_wconf 80' lang='grc' dir='ltr'>σκοτίας.</span> <span class='ocrx_word' id='word_1_210' title='bbox 906 2569 926 2602; x_wconf 77' lang='grc' dir='ltr'><strong>ι</strong></span> <span class='ocrx_word' id='word_1_211' title='bbox 963 2549 1260 2615; x_wconf 85' lang='grc' dir='ltr'>Πλατυκῶς</span> <span class='ocrx_word' id='word_1_212' title='bbox 1290 2550 1400 2624; x_wconf 84' lang='grc' dir='ltr'><strong>γὰρ</strong></span> <span class='ocrx_word' id='word_1_213' title='bbox 1442 2551 1539 2606; x_wconf 72' lang='grc' dir='ltr'>ἕνα</span> <span class='ocrx_word' id='word_1_214' title='bbox 1579 2551 1674 2605; x_wconf 73' lang='grc' dir='ltr'><strong>καὶ</strong></span> 
     </span>
    </p>
   </div>
   <div class='ocr_carea' id='block_1_28' title="bbox 70 2639 1674 2715">
    <p class='ocr_par' dir='ltr' id='par_1_28' title="bbox 70 2639 1674 2715">
     <span class='ocr_line' id='line_1_28' title="bbox 70 2639 1674 2715; baseline 0.002 -23"><span class='ocrx_word' id='word_1_215' title='bbox 70 2641 170 2693; x_wconf 79' lang='grc' dir='ltr'><strong>τὸν</strong></span> <span class='ocrx_word' id='word_1_216' title='bbox 205 2639 372 2694; x_wconf 80' lang='grc' dir='ltr'>αὑτὸν</span> <span class='ocrx_word' id='word_1_217' title='bbox 405 2640 624 2712; x_wconf 86' lang='grc' dir='ltr'>δηλοῦσι</span> <span class='ocrx_word' id='word_1_218' title='bbox 670 2642 780 2713; x_wconf 77' lang='grc'><strong>(50)</strong></span> <span class='ocrx_word' id='word_1_219' title='bbox 813 2643 1004 2715; x_wconf 84' lang='grc' dir='ltr'>χρόνον</span> <span class='ocrx_word' id='word_1_220' title='bbox 1044 2643 1322 2715; x_wconf 70' lang='grc' dir='ltr'>διαφόροις</span> <span class='ocrx_word' id='word_1_221' title='bbox 1367 2645 1611 2715; x_wconf 79' lang='grc' dir='ltr'>ῥήμασι·</span> <span class='ocrx_word' id='word_1_222' title='bbox 1645 2646 1674 2695; x_wconf 84' lang='grc' dir='ltr'><strong>ὁ</strong></span> 
     </span>
    </p>
   </div>
   <div class='ocr_carea' id='block_1_29' title="bbox 77 2730 1668 2802">
    <p class='ocr_par' dir='ltr' id='par_1_29' title="bbox 77 2730 1668 2802">
     <span class='ocr_line' id='line_1_29' title="bbox 77 2730 1668 2802; baseline 0.001 -18"><span class='ocrx_word' id='word_1_223' title='bbox 77 2731 183 2801; x_wconf 76' lang='grc' dir='ltr'><strong>μὲν</strong></span> <span class='ocrx_word' id='word_1_224' title='bbox 206 2730 490 2796; x_wconf 83' lang='grc' dir='ltr'>Ματθαίος</span> <span class='ocrx_word' id='word_1_225' title='bbox 520 2731 656 2800; x_wconf 69' lang='grc' dir='ltr'><strong>ὀψὲ,</strong></span> <span class='ocrx_word' id='word_1_226' title='bbox 686 2733 806 2786; x_wconf 74' lang='grc' dir='ltr'>ἀντὶ</span> <span class='ocrx_word' id='word_1_227' title='bbox 836 2733 928 2787; x_wconf 86' lang='grc' dir='ltr'><strong>τοῦ</strong></span> <span class='ocrx_word' id='word_1_228' title='bbox 953 2733 1214 2802; x_wconf 81' lang='grc' dir='ltr'>βράδιον</span> <span class='ocrx_word' id='word_1_229' title='bbox 1236 2750 1249 2763; x_wconf 82' lang='grc'><strong><em>⁸</em></strong></span> <span class='ocrx_word' id='word_1_230' title='bbox 1287 2733 1383 2786; x_wconf 75' lang='grc' dir='ltr'><strong>καὶ</strong></span> <span class='ocrx_word' id='word_1_231' title='bbox 1415 2734 1532 2802; x_wconf 77' lang='grc' dir='ltr'><strong>ὀψὲ</strong></span> <span class='ocrx_word' id='word_1_232' title='bbox 1561 2733 1668 2801; x_wconf 83' lang='grc' dir='ltr'>τῆς</span> 
     </span>
    </p>
   </div>
   <div class='ocr_carea' id='block_1_30' title="bbox 73 2819 1673 2894">
    <p class='ocr_par' dir='ltr' id='par_1_30' title="bbox 73 2819 1673 2894">
     <span class='ocr_line' id='line_1_30' title="bbox 73 2819 1673 2894; baseline 0.002 -22"><span class='ocrx_word' id='word_1_233' title='bbox 73 2819 306 2886; x_wconf 78' lang='grc' dir='ltr'>νυκτὸς</span> <span class='ocrx_word' id='word_1_234' title='bbox 343 2819 614 2891; x_wconf 83' lang='grc' dir='ltr'>ὀνομάσας</span> <span class='ocrx_word' id='word_1_235' title='bbox 651 2822 819 2890; x_wconf 81' lang='grc' dir='ltr'>πρωῒ,</span> <span class='ocrx_word' id='word_1_236' title='bbox 855 2825 884 2876; x_wconf 89' lang='grc' dir='ltr'>ὁ</span> <span class='ocrx_word' id='word_1_237' title='bbox 920 2823 1293 2894; x_wconf 84' lang='grc' dir='ltr'>διερμηνεύων</span> <span class='ocrx_word' id='word_1_238' title='bbox 1331 2825 1578 2894; x_wconf 81' lang='grc' dir='ltr'>ἐπήγαγε</span> <span class='ocrx_word' id='word_1_239' title='bbox 1612 2823 1673 2875; x_wconf 81' lang='grc' dir='ltr'>τὸ</span> 
     </span>
    </p>
   </div>
   <div class='ocr_carea' id='block_1_31' title="bbox 73 2910 1670 2989">
    <p class='ocr_par' dir='ltr' id='par_1_31' title="bbox 73 2910 1670 2989">
     <span class='ocr_line' id='line_1_31' title="bbox 73 2910 1670 2989; baseline 0.002 -25"><span class='ocrx_word' id='word_1_240' title='bbox 73 2910 333 2978; x_wconf 82' lang='grc' dir='ltr'>σκοτίας</span> <span class='ocrx_word' id='word_1_241' title='bbox 361 2913 578 2981; x_wconf 81' lang='grc' dir='ltr'>οὔσης,</span> <span class='ocrx_word' id='word_1_242' title='bbox 615 2913 702 2966; x_wconf 80' lang='grc' dir='ltr'><strong>ἵνα</strong></span> <span class='ocrx_word' id='word_1_243' title='bbox 737 2915 810 2986; x_wconf 86' lang='grc' dir='ltr'>μή</span> <span class='ocrx_word' id='word_1_244' title='bbox 844 2933 929 2978; x_wconf 88' lang='grc' dir='ltr'><strong>τις</strong></span> <span class='ocrx_word' id='word_1_245' title='bbox 960 2915 1052 2969; x_wconf 85' lang='grc' dir='ltr'><strong>τὸν</strong></span> <span class='ocrx_word' id='word_1_246' title='bbox 1084 2914 1280 2989; x_wconf 80' lang='grc' dir='ltr'>ὄρθρον</span> <span class='ocrx_word' id='word_1_247' title='bbox 1307 2915 1486 2985; x_wconf 86' lang='grc' dir='ltr'>λέγειν</span> <span class='ocrx_word' id='word_1_248' title='bbox 1508 2915 1670 2970; x_wconf 75' lang='grc' dir='ltr'>αὐτὸν</span> 
     </span>
    </p>
   </div>
   <div class='ocr_carea' id='block_1_32' title="bbox 73 3003 1668 3079">
    <p class='ocr_par' dir='ltr' id='par_1_32' title="bbox 73 3003 1668 3079">
     <span class='ocr_line' id='line_1_32' title="bbox 73 3003 1668 3079; baseline 0.004 -23"><span class='ocrx_word' id='word_1_249' title='bbox 73 3003 378 3059; x_wconf 79' lang='grc' dir='ltr'>ὑπολάϐοι·</span> <span class='ocrx_word' id='word_1_250' title='bbox 409 3005 486 3069; x_wconf 86' lang='grc' dir='ltr'>ὼς</span> <span class='ocrx_word' id='word_1_251' title='bbox 521 3005 618 3060; x_wconf 77' lang='grc' dir='ltr'>καὶ</span> <span class='ocrx_word' id='word_1_252' title='bbox 654 3006 683 3058; x_wconf 92' lang='lat'><strong>6</strong></span> <span class='ocrx_word' id='word_1_253' title='bbox 723 3007 1002 3072; x_wconf 88' lang='grc' dir='ltr'>Ματθαῖος</span> <span class='ocrx_word' id='word_1_254' title='bbox 1041 3007 1118 3079; x_wconf 83' lang='grc' dir='ltr'>τῷ</span> <span class='ocrx_word' id='word_1_255' title='bbox 1168 3008 1284 3077; x_wconf 72' lang='grc' dir='ltr'><strong>ὀψὲ</strong></span> <span class='ocrx_word' id='word_1_256' title='bbox 1333 3009 1668 3074; x_wconf 71' lang='grc' dir='ltr'>Σαϐϐάτων,</span> 
     </span>
    </p>
   </div>
   <div class='ocr_carea' id='block_1_33' title="bbox 75 3095 1666 3172">
    <p class='ocr_par' dir='ltr' id='par_1_33' title="bbox 75 3095 1666 3172">
     <span class='ocr_line' id='line_1_33' title="bbox 75 3095 1666 3172; baseline 0.004 -25"><span class='ocrx_word' id='word_1_257' title='bbox 75 3095 166 3148; x_wconf 80' lang='grc' dir='ltr'>ἵνα</span> <span class='ocrx_word' id='word_1_258' title='bbox 216 3096 294 3167; x_wconf 83' lang='grc' dir='ltr'>μὴ</span> <span class='ocrx_word' id='word_1_259' title='bbox 337 3097 436 3168; x_wconf 82' lang='grc' dir='ltr'>τὴν</span> <span class='ocrx_word' id='word_1_260' title='bbox 468 3097 762 3170; x_wconf 77' lang='grc' dir='ltr'>ἑσπερινὴν</span> <span class='ocrx_word' id='word_1_261' title='bbox 796 3099 947 3172; x_wconf 84' lang='grc' dir='ltr'>ὥραν</span> <span class='ocrx_word' id='word_1_262' title='bbox 1001 3101 1242 3171; x_wconf 89' lang='grc' dir='ltr'>νομίσειέ</span> <span class='ocrx_word' id='word_1_263' title='bbox 1281 3118 1366 3164; x_wconf 88' lang='grc' dir='ltr'><strong>τις</strong></span> <span class='ocrx_word' id='word_1_264' title='bbox 1393 3100 1666 3169; x_wconf 89' lang='grc' dir='ltr'>λέγεσθαι,</span> 
     </span>
    </p>
   </div>
   <div class='ocr_carea' id='block_1_34' title="bbox 1787 606 3371 680">
    <p class='ocr_par' dir='ltr' id='par_1_34' title="bbox 1787 606 3371 680">
     <span class='ocr_line' id='line_1_34' title="bbox 1787 606 3371 680; baseline 0.007 -21"><span class='ocrx_word' id='word_1_265' title='bbox 1787 619 1912 660; x_wconf 86' lang='lat' dir='ltr'><strong>sero</strong></span> <span class='ocrx_word' id='word_1_266' title='bbox 1943 607 2229 675; x_wconf 88' lang='lat' dir='ltr'><strong>temporis,</strong></span> <span class='ocrx_word' id='word_1_267' title='bbox 2259 614 2314 661; x_wconf 90' lang='lat' dir='ltr'><strong>et</strong></span> <span class='ocrx_word' id='word_1_268' title='bbox 2344 606 2524 662; x_wconf 88' lang='lat' dir='ltr'><strong>serius</strong></span> <span class='ocrx_word' id='word_1_269' title='bbox 2554 623 2717 678; x_wconf 89' lang='lat' dir='ltr'><strong>quam</strong></span> <span class='ocrx_word' id='word_1_270' title='bbox 2763 611 2843 664; x_wconf 97' lang='lat' dir='ltr'><strong>rei</strong></span> <span class='ocrx_word' id='word_1_271' title='bbox 2879 626 3014 666; x_wconf 91' lang='lat' dir='ltr'><strong>usus</strong></span> <span class='ocrx_word' id='word_1_272' title='bbox 3034 612 3371 680; x_wconf 85' lang='lat' dir='ltr'><strong>postulavis-</strong></span> 
     </span>
    </p>
   </div>
   <div class='ocr_carea' id='block_1_35' title="bbox 1786 697 3372 774">
    <p class='ocr_par' dir='ltr' id='par_1_35' title="bbox 1786 697 3372 774">
     <span class='ocr_line' id='line_1_35' title="bbox 1786 697 3372 774; baseline 0.005 -24"><span class='ocrx_word' id='word_1_273' title='bbox 1786 705 1902 763; x_wconf 89' lang='lat' dir='ltr'><strong>set;</strong></span> <span class='ocrx_word' id='word_1_274' title='bbox 1943 712 2121 766; x_wconf 89' lang='lat' dir='ltr'><strong>neque</strong></span> <span class='ocrx_word' id='word_1_275' title='bbox 2155 697 2360 754; x_wconf 90' lang='lat' dir='ltr'><strong>idcirco</strong></span> <span class='ocrx_word' id='word_1_276' title='bbox 2387 714 2672 770; x_wconf 83' lang='lat' dir='ltr'><strong>vesperam</strong></span> <span class='ocrx_word' id='word_1_277' title='bbox 2727 700 3100 771; x_wconf 85' lang='lat' dir='ltr'><strong>signiﬁcamus</strong></span> <span class='ocrx_word' id='word_1_278' title='bbox 3123 741 3142 768; x_wconf 88' lang='lat'><strong>,</strong></span> <span class='ocrx_word' id='word_1_279' title='bbox 3192 719 3372 774; x_wconf 89' lang='lat' dir='ltr'><strong>neque</strong></span> 
     </span>
    </p>
   </div>
   <div class='ocr_carea' id='block_1_36' title="bbox 1785 791 3373 867">
    <p class='ocr_par' dir='ltr' id='par_1_36' title="bbox 1785 791 3373 867">
     <span class='ocr_line' id='line_1_36' title="bbox 1785 791 3373 867; baseline 0.008 -26"><span class='ocrx_word' id='word_1_280' title='bbox 1785 795 2000 860; x_wconf 81' lang='lat' dir='ltr'><strong>tempus</strong></span> <span class='ocrx_word' id='word_1_281' title='bbox 2033 798 2157 860; x_wconf 93' lang='lat' dir='ltr'><strong>post</strong></span> <span class='ocrx_word' id='word_1_282' title='bbox 2214 791 2350 848; x_wconf 93' lang='lat' dir='ltr'><strong>solis</strong></span> <span class='ocrx_word' id='word_1_283' title='bbox 2392 807 2676 859; x_wconf 84' lang='lat' dir='ltr'><strong>occasum,</strong></span> <span class='ocrx_word' id='word_1_284' title='bbox 2706 795 2803 852; x_wconf 92' lang='lat' dir='ltr'><strong>sed</strong></span> <span class='ocrx_word' id='word_1_285' title='bbox 2841 795 2988 864; x_wconf 91' lang='lat' dir='ltr'><strong>quod</strong></span> <span class='ocrx_word' id='word_1_286' title='bbox 3042 811 3373 867; x_wconf 82' lang='lat' dir='ltr'><strong>magnOpere</strong></span> 
     </span>
    </p>
   </div>
   <div class='ocr_carea' id='block_1_37' title="bbox 1784 880 3372 955">
    <p class='ocr_par' dir='ltr' id='par_1_37' title="bbox 1784 880 3372 955">
     <span class='ocr_line' id='line_1_37' title="bbox 1784 880 3372 955; baseline 0.003 -18"><span class='ocrx_word' id='word_1_287' title='bbox 1784 896 1969 937; x_wconf 88' lang='lat' dir='ltr'><strong>serum</strong></span> <span class='ocrx_word' id='word_1_288' title='bbox 2021 882 2111 938; x_wconf 90' lang='lat' dir='ltr'><strong>sit.</strong></span> <span class='ocrx_word' id='word_1_289' title='bbox 2157 880 2338 948; x_wconf 84' lang='lat' dir='ltr'><strong>Quare</strong></span> <span class='ocrx_word' id='word_1_290' title='bbox 2366 899 2427 941; x_wconf 92' lang='lat' dir='ltr'><strong>se</strong></span> <span class='ocrx_word' id='word_1_291' title='bbox 2457 884 2637 955; x_wconf 87' lang='lat' dir='ltr'><strong>ipsum</strong></span> <span class='ocrx_word' id='word_1_292' title='bbox 2670 886 2839 941; x_wconf 89' lang='lat' dir='ltr'><strong>veluti</strong></span> <span class='ocrx_word' id='word_1_293' title='bbox 2881 885 3168 944; x_wconf 74' lang='lat' dir='ltr'><strong>Matthacus</strong></span> <span class='ocrx_word' id='word_1_294' title='bbox 3199 889 3372 944; x_wconf 89' lang='lat' dir='ltr'><strong>inter-</strong></span> 
     </span>
    </p>
   </div>
   <div class='ocr_carea' id='block_1_38' title="bbox 1783 976 3370 1052">
    <p class='ocr_par' dir='ltr' id='par_1_38' title="bbox 1783 976 3370 1052">
     <span class='ocr_line' id='line_1_38' title="bbox 1783 976 3370 1052; baseline 0.006 -24"><span class='ocrx_word' id='word_1_295' title='bbox 1783 983 2006 1046; x_wconf 89' lang='lat' dir='ltr'><strong>pretans</strong></span> <span class='ocrx_word' id='word_1_296' title='bbox 2062 982 2352 1046; x_wconf 75' lang='lat' dir='ltr'><strong>postquam</strong></span> <span class='ocrx_word' id='word_1_297' title='bbox 2397 976 2536 1032; x_wconf 81' lang='lat' dir='ltr'><strong>dixit</strong></span> <span class='ocrx_word' id='word_1_298' title='bbox 2565 993 2688 1034; x_wconf 89' lang='lat' dir='ltr'><strong>sero</strong></span> <span class='ocrx_word' id='word_1_299' title='bbox 2717 978 3072 1034; x_wconf 82' lang='lat' dir='ltr'><strong>Sabbatorum</strong></span> <span class='ocrx_word' id='word_1_300' title='bbox 3097 1019 3112 1044; x_wconf 94' lang='lat'><strong>,</strong></span> <span class='ocrx_word' id='word_1_301' title='bbox 3157 981 3233 1036; x_wconf 86' lang='lat' dir='ltr'><strong>ait</strong></span> <span class='ocrx_word' id='word_1_302' title='bbox 3253 999 3370 1052; x_wconf 70' lang='lat' dir='ltr'><strong>qua:</strong></span> 
     </span>
    </p>
   </div>
   <div class='ocr_carea' id='block_1_39' title="bbox 1781 1066 3370 1142">
    <p class='ocr_par' dir='ltr' id='par_1_39' title="bbox 1781 1066 3370 1142">
     <span class='ocr_line' id='line_1_39' title="bbox 1781 1066 3370 1142; baseline 0.006 -23"><span class='ocrx_word' id='word_1_303' title='bbox 1781 1066 2060 1130; x_wconf 72' lang='lat' dir='ltr'><strong>illucescit,</strong></span> <span class='ocrx_word' id='word_1_304' title='bbox 2091 1082 2284 1137; x_wconf 89' lang='lat' dir='ltr'><strong>nempe</strong></span> <span class='ocrx_word' id='word_1_305' title='bbox 2324 1067 2461 1122; x_wconf 88' lang='lat' dir='ltr'><strong>hora</strong></span> <span class='ocrx_word' id='word_1_306' title='bbox 2491 1084 2613 1138; x_wconf 70' lang='lat' dir='ltr'><strong>quae</strong></span> <span class='ocrx_word' id='word_1_307' title='bbox 2642 1070 2901 1141; x_wconf 87' lang='lat' dir='ltr'><strong>deinceps</strong></span> <span class='ocrx_word' id='word_1_308' title='bbox 2932 1072 3154 1127; x_wconf 75' lang='lat' dir='ltr'><strong>suberat</strong></span> <span class='ocrx_word' id='word_1_309' title='bbox 3205 1081 3370 1142; x_wconf 90' lang='lat' dir='ltr'><strong>atque</strong></span> 
     </span>
    </p>
   </div>
   <div class='ocr_carea' id='block_1_40' title="bbox 1781 1159 3366 1235">
    <p class='ocr_par' dir='ltr' id='par_1_40' title="bbox 1781 1159 3366 1235">
     <span class='ocr_line' id='line_1_40' title="bbox 1781 1159 3366 1235; baseline 0.003 -21"><span class='ocrx_word' id='word_1_310' title='bbox 1781 1159 2133 1216; x_wconf 87' lang='lat' dir='ltr'><strong>illucescebat</strong></span> <span class='ocrx_word' id='word_1_311' title='bbox 2162 1161 2218 1215; x_wconf 90' lang='lat' dir='ltr'><strong>in</strong></span> <span class='ocrx_word' id='word_1_312' title='bbox 2239 1161 2381 1216; x_wconf 92' lang='lat' dir='ltr'><strong>diem</strong></span> <span class='ocrx_word' id='word_1_313' title='bbox 2415 1159 2799 1230; x_wconf 90' lang='lat' dir='ltr'><strong>Dominicum;</strong></span> <span class='ocrx_word' id='word_1_314' title='bbox 2838 1180 2961 1234; x_wconf 68' lang='lat' dir='ltr'><strong>quae</strong></span> <span class='ocrx_word' id='word_1_315' title='bbox 3011 1180 3206 1235; x_wconf 86' lang='lat' dir='ltr'><strong>nempe</strong></span> <span class='ocrx_word' id='word_1_316' title='bbox 3251 1165 3366 1235; x_wconf 78' lang='lat' dir='ltr'><strong>jam</strong></span> 
     </span>
    </p>
   </div>
   <div class='ocr_carea' id='block_1_41' title="bbox 1780 1252 3368 1325">
    <p class='ocr_par' dir='ltr' id='par_1_41' title="bbox 1780 1252 3368 1325">
     <span class='ocr_line' id='line_1_41' title="bbox 1780 1252 3368 1325; baseline 0.003 -18"><span class='ocrx_word' id='word_1_317' title='bbox 1780 1266 1901 1307; x_wconf 88' lang='lat' dir='ltr'><strong>sera</strong></span> <span class='ocrx_word' id='word_1_318' title='bbox 1925 1259 2043 1308; x_wconf 89' lang='lat' dir='ltr'><strong>erat</strong></span> <span class='ocrx_word' id='word_1_319' title='bbox 2072 1259 2126 1308; x_wconf 85' lang='lat' dir='ltr'><strong>et</strong></span> <span class='ocrx_word' id='word_1_320' title='bbox 2156 1253 2370 1324; x_wconf 81' lang='lat' dir='ltr'><strong>longius</strong></span> <span class='ocrx_word' id='word_1_321' title='bbox 2412 1267 2442 1306; x_wconf 90' lang='lat' dir='ltr'><strong>a</strong></span> <span class='ocrx_word' id='word_1_322' title='bbox 2468 1252 2709 1308; x_wconf 89' lang='lat' dir='ltr'><strong>Sabbato</strong></span> <span class='ocrx_word' id='word_1_323' title='bbox 2738 1255 2943 1325; x_wconf 90' lang='lat' dir='ltr'><strong>elapsa.</strong></span> <span class='ocrx_word' id='word_1_324' title='bbox 2975 1254 3030 1310; x_wconf 86' lang='lat' dir='ltr'><strong>ld</strong></span> <span class='ocrx_word' id='word_1_325' title='bbox 3065 1272 3195 1312; x_wconf 88' lang='lat' dir='ltr'><strong>vero</strong></span> <span class='ocrx_word' id='word_1_326' title='bbox 3228 1267 3368 1313; x_wconf 83' lang='lat' dir='ltr'><strong>tem-</strong></span> 
     </span>
    </p>
   </div>
   <div class='ocr_carea' id='block_1_42' title="bbox 1781 1343 3368 1416">
    <p class='ocr_par' dir='ltr' id='par_1_42' title="bbox 1781 1343 3368 1416">
     <span class='ocr_line' id='line_1_42' title="bbox 1781 1343 3368 1416; baseline 0.004 -20"><span class='ocrx_word' id='word_1_327' title='bbox 1781 1359 1885 1414; x_wconf 91' lang='lat' dir='ltr'><strong>pus</strong></span> <span class='ocrx_word' id='word_1_328' title='bbox 1915 1359 1943 1396; x_wconf 92' lang='lat' dir='ltr'><strong>a</strong></span> <span class='ocrx_word' id='word_1_329' title='bbox 1983 1343 2280 1414; x_wconf 64' lang='lat' dir='ltr'><strong>Scriptura:</strong></span> <span class='ocrx_word' id='word_1_330' title='bbox 2301 1347 2630 1416; x_wconf 67' lang='lat' dir='ltr'><strong>evangelicae</strong></span> <span class='ocrx_word' id='word_1_331' title='bbox 2657 1347 2951 1416; x_wconf 84' lang='lat' dir='ltr'><strong>interprete</strong></span> <span class='ocrx_word' id='word_1_332' title='bbox 2979 1366 3094 1403; x_wconf 83' lang='lat' dir='ltr'><strong>sero</strong></span> <span class='ocrx_word' id='word_1_333' title='bbox 3145 1349 3368 1403; x_wconf 78' lang='lat' dir='ltr'><strong>Sabbati</strong></span> 
     </span>
    </p>
   </div>
   <div class='ocr_carea' id='block_1_43' title="bbox 1780 1437 3363 1510">
    <p class='ocr_par' dir='ltr' id='par_1_43' title="bbox 1780 1437 3363 1510">
     <span class='ocr_line' id='line_1_43' title="bbox 1780 1437 3363 1510; baseline 0.003 -18"><span class='ocrx_word' id='word_1_334' title='bbox 1780 1440 2109 1508; x_wconf 87' lang='lat' dir='ltr'><strong>appellatum</strong></span> <span class='ocrx_word' id='word_1_335' title='bbox 2153 1447 2258 1494; x_wconf 90' lang='lat' dir='ltr'><strong>est.</strong></span> <span class='ocrx_word' id='word_1_336' title='bbox 2310 1437 2557 1509; x_wconf 86' lang='lat' dir='ltr'><strong>Namque</strong></span> <span class='ocrx_word' id='word_1_337' title='bbox 2606 1440 2724 1510; x_wconf 91' lang='lat' dir='ltr'><strong>ipse</strong></span> <span class='ocrx_word' id='word_1_338' title='bbox 2775 1440 3062 1496; x_wconf 70' lang='lat' dir='ltr'><strong>Matthaeus</strong></span> <span class='ocrx_word' id='word_1_339' title='bbox 3097 1441 3363 1497; x_wconf 80' lang='lat' dir='ltr'><strong>Hebraica</strong></span> 
     </span>
    </p>
   </div>
   <div class='ocr_carea' id='block_1_44' title="bbox 1779 1530 3364 1604">
    <p class='ocr_par' dir='ltr' id='par_1_44' title="bbox 1779 1530 3364 1604">
     <span class='ocr_line' id='line_1_44' title="bbox 1779 1530 3364 1604; baseline 0.003 -20"><span class='ocrx_word' id='word_1_340' title='bbox 1779 1531 1964 1602; x_wconf 72' lang='lat' dir='ltr'><strong>lingua</strong></span> <span class='ocrx_word' id='word_1_341' title='bbox 1993 1530 2163 1586; x_wconf 78' lang='lat' dir='ltr'><strong>edidit</strong></span> <span class='ocrx_word' id='word_1_342' title='bbox 2192 1530 2578 1603; x_wconf 84' lang='lat' dir='ltr'><strong>Evangelium;</strong></span> <span class='ocrx_word' id='word_1_343' title='bbox 2615 1533 2685 1587; x_wconf 90' lang='lat' dir='ltr'><strong>ab</strong></span> <span class='ocrx_word' id='word_1_344' title='bbox 2706 1547 2772 1588; x_wconf 93' lang='lat' dir='ltr'><strong>eo</strong></span> <span class='ocrx_word' id='word_1_345' title='bbox 2794 1543 2977 1587; x_wconf 89' lang='lat' dir='ltr'><strong>autem</strong></span> <span class='ocrx_word' id='word_1_346' title='bbox 3004 1533 3096 1604; x_wconf 90' lang='lat' dir='ltr'><strong>qui</strong></span> <span class='ocrx_word' id='word_1_347' title='bbox 3130 1534 3185 1587; x_wconf 93' lang='lat' dir='ltr'><strong>in</strong></span> <span class='ocrx_word' id='word_1_348' title='bbox 3213 1531 3364 1588; x_wconf 64' lang='lat' dir='ltr'><strong>Grat-</strong></span> 
     </span>
    </p>
   </div>
   <div class='ocr_carea' id='block_1_45' title="bbox 1780 1625 3364 1689">
    <p class='ocr_par' dir='ltr' id='par_1_45' title="bbox 1780 1625 3364 1689">
     <span class='ocr_line' id='line_1_45' title="bbox 1780 1625 3364 1689; baseline 0.001 -10"><span class='ocrx_word' id='word_1_349' title='bbox 1780 1639 1900 1679; x_wconf 89' lang='lat' dir='ltr'><strong>cam</strong></span> <span class='ocrx_word' id='word_1_350' title='bbox 1932 1626 2236 1689; x_wconf 85' lang='lat' dir='ltr'><strong>transtulit,</strong></span> <span class='ocrx_word' id='word_1_351' title='bbox 2270 1627 2598 1683; x_wconf 89' lang='lat' dir='ltr'><strong>illucescens</strong></span> <span class='ocrx_word' id='word_1_352' title='bbox 2651 1627 2787 1682; x_wconf 89' lang='lat' dir='ltr'><strong>hora</strong></span> <span class='ocrx_word' id='word_1_353' title='bbox 2832 1627 2889 1681; x_wconf 92' lang='lat' dir='ltr'><strong>in</strong></span> <span class='ocrx_word' id='word_1_354' title='bbox 2919 1627 3065 1681; x_wconf 91' lang='lat' dir='ltr'><strong>diem</strong></span> <span class='ocrx_word' id='word_1_355' title='bbox 3121 1625 3364 1680; x_wconf 88' lang='lat' dir='ltr'><strong>Domini-</strong></span> 
     </span>
    </p>
   </div>
   <div class='ocr_carea' id='block_1_46' title="bbox 1779 1716 3362 1788">
    <p class='ocr_par' dir='ltr' id='par_1_46' title="bbox 1779 1716 3362 1788">
     <span class='ocr_line' id='line_1_46' title="bbox 1779 1716 3362 1788; baseline 0.001 -19"><span class='ocrx_word' id='word_1_356' title='bbox 1779 1731 1904 1770; x_wconf 92' lang='lat' dir='ltr'><strong>cum</strong></span> <span class='ocrx_word' id='word_1_357' title='bbox 1935 1757 1950 1780; x_wconf 94' lang='lat'><strong>,</strong></span> <span class='ocrx_word' id='word_1_358' title='bbox 1991 1733 2108 1771; x_wconf 80' lang='lat' dir='ltr'><strong>sero</strong></span> <span class='ocrx_word' id='word_1_359' title='bbox 2131 1716 2486 1772; x_wconf 87' lang='lat' dir='ltr'><strong>Sabbatorum</strong></span> <span class='ocrx_word' id='word_1_360' title='bbox 2528 1719 2794 1788; x_wconf 88' lang='lat' dir='ltr'><strong>appellata</strong></span> <span class='ocrx_word' id='word_1_361' title='bbox 2822 1718 2922 1772; x_wconf 82' lang='lat' dir='ltr'><strong>fuit</strong></span> <span class='ocrx_word' id='word_1_362' title='bbox 2955 1738 2967 1773; x_wconf 91' lang='lat'>:</span> <span class='ocrx_word' id='word_1_363' title='bbox 3002 1718 3075 1771; x_wconf 88' lang='lat' dir='ltr'><strong>ita</strong></span> <span class='ocrx_word' id='word_1_364' title='bbox 3107 1727 3167 1771; x_wconf 92' lang='lat' dir='ltr'><strong>ut</strong></span> <span class='ocrx_word' id='word_1_365' title='bbox 3216 1717 3362 1772; x_wconf 89' lang='lat' dir='ltr'><strong>idem</strong></span> 
     </span>
    </p>
   </div>
   <div class='ocr_carea' id='block_1_47' title="bbox 1782 1807 3361 1881">
    <p class='ocr_par' dir='ltr' id='par_1_47' title="bbox 1782 1807 3361 1881">
     <span class='ocr_line' id='line_1_47' title="bbox 1782 1807 3361 1881; baseline 0 -20"><span class='ocrx_word' id='word_1_366' title='bbox 1782 1808 1895 1864; x_wconf 77' lang='lat' dir='ltr'><strong>fere</strong></span> <span class='ocrx_word' id='word_1_367' title='bbox 1924 1816 2142 1880; x_wconf 86' lang='lat' dir='ltr'><strong>tempus</strong></span> <span class='ocrx_word' id='word_1_368' title='bbox 2165 1811 2524 1881; x_wconf 76' lang='lat' dir='ltr'><strong>intelligatur,</strong></span> <span class='ocrx_word' id='word_1_369' title='bbox 2552 1819 2647 1864; x_wconf 89' lang='lat' dir='ltr'><strong>aut</strong></span> <span class='ocrx_word' id='word_1_370' title='bbox 2679 1810 2837 1865; x_wconf 86' lang='lat' dir='ltr'><strong>valde</strong></span> <span class='ocrx_word' id='word_1_371' title='bbox 2860 1810 3190 1880; x_wconf 79' lang='lat' dir='ltr'><strong>proximum,</strong></span> <span class='ocrx_word' id='word_1_372' title='bbox 3213 1807 3361 1878; x_wconf 86' lang='lat' dir='ltr'><strong>apud</strong></span> 
     </span>
    </p>
   </div>
   <div class='ocr_carea' id='block_1_48' title="bbox 1776 1900 3362 1972">
    <p class='ocr_par' dir='ltr' id='par_1_48' title="bbox 1776 1900 3362 1972">
     <span class='ocr_line' id='line_1_48' title="bbox 1776 1900 3362 1972; baseline -0.002 -16"><span class='ocrx_word' id='word_1_373' title='bbox 1776 1902 2143 1972; x_wconf 76' lang='lat' dir='ltr'><strong>evangeliStas</strong></span> <span class='ocrx_word' id='word_1_374' title='bbox 2198 1903 2433 1960; x_wconf 88' lang='lat' dir='ltr'><strong>diversis</strong></span> <span class='ocrx_word' id='word_1_375' title='bbox 2479 1903 2796 1958; x_wconf 89' lang='lat' dir='ltr'><strong>nominibus</strong></span> <span class='ocrx_word' id='word_1_376' title='bbox 2841 1902 3223 1972; x_wconf 77' lang='lat' dir='ltr'><strong>designatum:</strong></span> <span class='ocrx_word' id='word_1_377' title='bbox 3277 1900 3362 1954; x_wconf 84' lang='lat' dir='ltr'><strong>ni-</strong></span> 
     </span>
    </p>
   </div>
   <div class='ocr_carea' id='block_1_49' title="bbox 1777 1989 3362 2064">
    <p class='ocr_par' dir='ltr' id='par_1_49' title="bbox 1777 1989 3362 2064">
     <span class='ocr_line' id='line_1_49' title="bbox 1777 1989 3362 2064; baseline -0.001 -18"><span class='ocrx_word' id='word_1_378' title='bbox 1777 1992 1962 2064; x_wconf 85' lang='lat' dir='ltr'><strong>hilque</strong></span> <span class='ocrx_word' id='word_1_379' title='bbox 1985 1993 2200 2050; x_wconf 76' lang='lat' dir='ltr'><strong>diﬂ‘erat</strong></span> <span class='ocrx_word' id='word_1_380' title='bbox 2227 1993 2516 2050; x_wconf 64' lang='lat' dir='ltr'><strong>Matthaaus</strong></span> <span class='ocrx_word' id='word_1_381' title='bbox 2540 1995 2765 2049; x_wconf 88' lang='lat' dir='ltr'><strong>dicens:</strong></span> <span class='ocrx_word' id='word_1_382' title='bbox 2801 2014 2819 2044; x_wconf 88' lang='grc'><strong><em>‹</em></strong></span> <span class='ocrx_word' id='word_1_383' title='bbox 2853 1992 2989 2048; x_wconf 91' lang='lat' dir='ltr'><strong>Sero</strong></span> <span class='ocrx_word' id='word_1_384' title='bbox 3011 2001 3192 2048; x_wconf 86' lang='lat' dir='ltr'><strong>autem</strong></span> <span class='ocrx_word' id='word_1_385' title='bbox 3221 1989 3362 2046; x_wconf 84' lang='lat' dir='ltr'><strong>Sab-</strong></span> 
     </span>
    </p>
   </div>
   <div class='ocr_carea' id='block_1_50' title="bbox 1777 2085 3362 2158">
    <p class='ocr_par' dir='ltr' id='par_1_50' title="bbox 1777 2085 3362 2158">
     <span class='ocr_line' id='line_1_50' title="bbox 1777 2085 3362 2158; baseline -0.003 -17"><span class='ocrx_word' id='word_1_386' title='bbox 1777 2087 2049 2151; x_wconf 89' lang='lat' dir='ltr'><strong>batorum,</strong></span> <span class='ocrx_word' id='word_1_387' title='bbox 2073 2103 2195 2158; x_wconf 66' lang='lat' dir='ltr'><strong>qua:</strong></span> <span class='ocrx_word' id='word_1_388' title='bbox 2230 2088 2459 2143; x_wconf 88' lang='lat' dir='ltr'><strong>lucescit</strong></span> <span class='ocrx_word' id='word_1_389' title='bbox 2488 2089 2541 2142; x_wconf 93' lang='lat' dir='ltr'><strong>in</strong></span> <span class='ocrx_word' id='word_1_390' title='bbox 2572 2103 2734 2142; x_wconf 90' lang='lat' dir='ltr'><strong>unam</strong></span> <span class='ocrx_word' id='word_1_391' title='bbox 2768 2086 3132 2142; x_wconf 82' lang='lat' dir='ltr'><strong>Sabbatorqu</strong></span> <span class='ocrx_word' id='word_1_392' title='bbox 3153 2125 3168 2149; x_wconf 93' lang='lat'><strong>,</strong></span> <span class='ocrx_word' id='word_1_393' title='bbox 3213 2085 3362 2139; x_wconf 90' lang='lat' dir='ltr'><strong>venit</strong></span> 
     </span>
    </p>
   </div>
   <div class='ocr_carea' id='block_1_51' title="bbox 1777 2177 3360 2250">
    <p class='ocr_par' dir='ltr' id='par_1_51' title="bbox 1777 2177 3360 2250">
     <span class='ocr_line' id='line_1_51' title="bbox 1777 2177 3360 2250; baseline -0.001 -18"><span class='ocrx_word' id='word_1_394' title='bbox 1777 2177 1945 2234; x_wconf 86' lang='lat' dir='ltr'><strong>Maria</strong></span> <span class='ocrx_word' id='word_1_395' title='bbox 2000 2180 2356 2250; x_wconf 81' lang='lat' dir='ltr'><strong>Magdalena,</strong></span> <span class='ocrx_word' id='word_1_396' title='bbox 2416 2189 2470 2234; x_wconf 89' lang='lat' dir='ltr'><strong>et</strong></span> <span class='ocrx_word' id='word_1_397' title='bbox 2501 2181 2669 2236; x_wconf 88' lang='lat' dir='ltr'><strong>altera</strong></span> <span class='ocrx_word' id='word_1_398' title='bbox 2720 2179 2888 2234; x_wconf 83' lang='lat' dir='ltr'><strong>Maria</strong></span> <span class='ocrx_word' id='word_1_399' title='bbox 2933 2178 3117 2233; x_wconf 86' lang='lat' dir='ltr'><strong>videre</strong></span> <span class='ocrx_word' id='word_1_400' title='bbox 3178 2177 3360 2247; x_wconf 87' lang='lat' dir='ltr'><strong>sepul-</strong></span> 
     </span>
    </p>
   </div>
   <div class='ocr_carea' id='block_1_52' title="bbox 1777 2273 3359 2347">
    <p class='ocr_par' dir='ltr' id='par_1_52' title="bbox 1777 2273 3359 2347">
     <span class='ocr_line' id='line_1_52' title="bbox 1777 2273 3359 2347; baseline -0.003 -18"><span class='ocrx_word' id='word_1_401' title='bbox 1777 2290 1955 2340; x_wconf 92' lang='lat' dir='ltr'><strong>crum,</strong></span> <span class='ocrx_word' id='word_1_402' title='bbox 2005 2297 2024 2328; x_wconf 74' lang='grc' dir='ltr'><strong>ι</strong></span> <span class='ocrx_word' id='word_1_403' title='bbox 2064 2293 2094 2330; x_wconf 90' lang='lat' dir='ltr'><strong>a</strong></span> <span class='ocrx_word' id='word_1_404' title='bbox 2122 2275 2332 2332; x_wconf 81' lang='lat' dir='ltr'><strong>Joanne</strong></span> <span class='ocrx_word' id='word_1_405' title='bbox 2360 2277 2452 2347; x_wconf 91' lang='lat' dir='ltr'><strong>qui</strong></span> <span class='ocrx_word' id='word_1_406' title='bbox 2496 2277 2616 2330; x_wconf 85' lang='lat' dir='ltr'><strong>ait:</strong></span> <span class='ocrx_word' id='word_1_407' title='bbox 2677 2294 2696 2327; x_wconf 86' lang='grc'><em>‹</em></span> <span class='ocrx_word' id='word_1_408' title='bbox 2738 2291 2844 2330; x_wconf 90' lang='lat' dir='ltr'><strong>una</strong></span> <span class='ocrx_word' id='word_1_409' title='bbox 2873 2281 3055 2330; x_wconf 88' lang='lat' dir='ltr'><strong>autem</strong></span> <span class='ocrx_word' id='word_1_410' title='bbox 3088 2273 3359 2328; x_wconf 85' lang='lat' dir='ltr'><strong>Sabbato-</strong></span> 
     </span>
    </p>
   </div>
   <div class='ocr_carea' id='block_1_53' title="bbox 1777 2367 3354 2439">
    <p class='ocr_par' dir='ltr' id='par_1_53' title="bbox 1777 2367 3354 2439">
     <span class='ocr_line' id='line_1_53' title="bbox 1777 2367 3354 2439; baseline -0.003 -18"><span class='ocrx_word' id='word_1_411' title='bbox 1777 2383 1897 2422; x_wconf 92' lang='lat' dir='ltr'><strong>rum</strong></span> <span class='ocrx_word' id='word_1_412' title='bbox 1925 2369 2073 2423; x_wconf 88' lang='lat' dir='ltr'><strong>venit</strong></span> <span class='ocrx_word' id='word_1_413' title='bbox 2104 2367 2273 2423; x_wconf 81' lang='lat' dir='ltr'><strong>Maria</strong></span> <span class='ocrx_word' id='word_1_414' title='bbox 2299 2368 2616 2439; x_wconf 81' lang='lat' dir='ltr'><strong>Magdalena</strong></span> <span class='ocrx_word' id='word_1_415' title='bbox 2642 2383 2802 2422; x_wconf 90' lang='lat' dir='ltr'><strong>mane</strong></span> <span class='ocrx_word' id='word_1_416' title='bbox 2831 2367 2898 2422; x_wconf 87' lang='lat' dir='ltr'><strong>ad</strong></span> <span class='ocrx_word' id='word_1_417' title='bbox 2916 2372 3354 2423; x_wconf 85' lang='lat' dir='ltr'><strong>monumentum.</strong></span> 
     </span>
    </p>
   </div>
   <div class='ocr_carea' id='block_1_54' title="bbox 1775 2457 3354 2516">
    <p class='ocr_par' dir='ltr' id='par_1_54' title="bbox 1775 2457 3354 2516">
     <span class='ocr_line' id='line_1_54' title="bbox 1775 2457 3354 2516; baseline -0.003 -3"><span class='ocrx_word' id='word_1_418' title='bbox 1775 2475 1900 2513; x_wconf 91' lang='lat' dir='ltr'><strong>cum</strong></span> <span class='ocrx_word' id='word_1_419' title='bbox 1940 2459 2119 2515; x_wconf 88' lang='lat' dir='ltr'><strong>adhuc</strong></span> <span class='ocrx_word' id='word_1_420' title='bbox 2168 2461 2407 2516; x_wconf 65' lang='lat' dir='ltr'><strong>tenebrae</strong></span> <span class='ocrx_word' id='word_1_421' title='bbox 2458 2468 2666 2515; x_wconf 88' lang='lat' dir='ltr'><strong>essent.</strong></span> <span class='ocrx_word' id='word_1_422' title='bbox 2721 2478 2738 2512; x_wconf 83' lang='grc'>›</span> <span class='ocrx_word' id='word_1_423' title='bbox 2801 2457 2934 2513; x_wconf 89' lang='lat' dir='ltr'><strong>Late</strong></span> <span class='ocrx_word' id='word_1_424' title='bbox 2985 2457 3130 2513; x_wconf 91' lang='lat' dir='ltr'><strong>enim</strong></span> <span class='ocrx_word' id='word_1_425' title='bbox 3183 2471 3354 2511; x_wconf 89' lang='lat' dir='ltr'><strong>unum</strong></span> 
     </span>
    </p>
   </div>
   <div class='ocr_carea' id='block_1_55' title="bbox 1775 2549 3346 2622">
    <p class='ocr_par' dir='ltr' id='par_1_55' title="bbox 1775 2549 3346 2622">
     <span class='ocr_line' id='line_1_55' title="bbox 1775 2549 3346 2622; baseline -0.001 -19"><span class='ocrx_word' id='word_1_426' title='bbox 1775 2550 2028 2622; x_wconf 89' lang='lat' dir='ltr'><strong>idemque</strong></span> <span class='ocrx_word' id='word_1_427' title='bbox 2082 2553 2423 2622; x_wconf 81' lang='lat' dir='ltr'><strong>signiﬁcatur</strong></span> <span class='ocrx_word' id='word_1_428' title='bbox 2499 2560 2718 2622; x_wconf 88' lang='lat' dir='ltr'><strong>tempus</strong></span> <span class='ocrx_word' id='word_1_429' title='bbox 2778 2550 2949 2605; x_wconf 86' lang='lat' dir='ltr'><strong>variis</strong></span> <span class='ocrx_word' id='word_1_430' title='bbox 3005 2549 3346 2604; x_wconf 88' lang='lat' dir='ltr'><strong>nominibus.</strong></span> 
     </span>
    </p>
   </div>
   <div class='ocr_carea' id='block_1_56' title="bbox 1775 2639 3358 2711">
    <p class='ocr_par' dir='ltr' id='par_1_56' title="bbox 1775 2639 3358 2711">
     <span class='ocr_line' id='line_1_56' title="bbox 1775 2639 3358 2711; baseline -0.001 -17"><span class='ocrx_word' id='word_1_431' title='bbox 1775 2639 2028 2696; x_wconf 65' lang='lat' dir='ltr'><strong>Hatthazo</strong></span> <span class='ocrx_word' id='word_1_432' title='bbox 2055 2659 2171 2696; x_wconf 78' lang='lat' dir='ltr'><strong>sero</strong></span> <span class='ocrx_word' id='word_1_433' title='bbox 2219 2641 2574 2698; x_wconf 84' lang='lat' dir='ltr'><strong>Sabbatorum</strong></span> <span class='ocrx_word' id='word_1_434' title='bbox 2618 2642 2835 2696; x_wconf 88' lang='lat' dir='ltr'><strong>dicente</strong></span> <span class='ocrx_word' id='word_1_435' title='bbox 2875 2655 2978 2711; x_wconf 93' lang='lat' dir='ltr'><strong>pro</strong></span> <span class='ocrx_word' id='word_1_436' title='bbox 3008 2639 3215 2694; x_wconf 77' lang='lat' dir='ltr'><strong>tardius</strong></span> <span class='ocrx_word' id='word_1_437' title='bbox 3241 2679 3258 2705; x_wconf 90' lang='lat'><strong>,</strong></span> <span class='ocrx_word' id='word_1_438' title='bbox 3301 2648 3358 2694; x_wconf 91' lang='lat' dir='ltr'><strong>et</strong></span> 
     </span>
    </p>
   </div>
   <div class='ocr_carea' id='block_1_57' title="bbox 1775 2730 3356 2803">
    <p class='ocr_par' dir='ltr' id='par_1_57' title="bbox 1775 2730 3356 2803">
     <span class='ocr_line' id='line_1_57' title="bbox 1775 2730 3356 2803; baseline -0.003 -17"><span class='ocrx_word' id='word_1_439' title='bbox 1775 2751 1928 2787; x_wconf 87' lang='lat' dir='ltr'><strong>mane</strong></span> <span class='ocrx_word' id='word_1_440' title='bbox 1948 2745 2054 2803; x_wconf 86' lang='lat' dir='ltr'><strong>&#39;pro</strong></span> <span class='ocrx_word' id='word_1_441' title='bbox 2077 2743 2226 2788; x_wconf 85' lang='lat' dir='ltr'><strong>nocte</strong></span> <span class='ocrx_word' id='word_1_442' title='bbox 2252 2735 2507 2794; x_wconf 79' lang='lat' dir='ltr'><strong>serotina,</strong></span> <span class='ocrx_word' id='word_1_443' title='bbox 2541 2734 2810 2802; x_wconf 88' lang='lat' dir='ltr'><strong>interpres</strong></span> <span class='ocrx_word' id='word_1_444' title='bbox 2847 2730 3054 2786; x_wconf 86' lang='lat' dir='ltr'><strong>addidit</strong></span> <span class='ocrx_word' id='word_1_445' title='bbox 3104 2747 3228 2783; x_wconf 87' lang='lat' dir='ltr'><strong>cum</strong></span> <span class='ocrx_word' id='word_1_446' title='bbox 3257 2731 3356 2782; x_wconf 83' lang='lat' dir='ltr'><strong>ad—</strong></span> 
     </span>
    </p>
   </div>
   <div class='ocr_carea' id='block_1_58' title="bbox 1773 2823 3357 2896">
    <p class='ocr_par' dir='ltr' id='par_1_58' title="bbox 1773 2823 3357 2896">
     <span class='ocr_line' id='line_1_58' title="bbox 1773 2823 3357 2896; baseline 0 -20"><span class='ocrx_word' id='word_1_447' title='bbox 1773 2827 1872 2878; x_wconf 82' lang='lat' dir='ltr'><strong>huc</strong></span> <span class='ocrx_word' id='word_1_448' title='bbox 1905 2826 2128 2880; x_wconf 69' lang='lat' dir='ltr'><strong>tenebrae</strong></span> <span class='ocrx_word' id='word_1_449' title='bbox 2155 2835 2347 2890; x_wconf 78' lang='lat' dir='ltr'><strong>essent,</strong></span> <span class='ocrx_word' id='word_1_450' title='bbox 2374 2843 2442 2880; x_wconf 91' lang='lat' dir='ltr'><strong>ne</strong></span> <span class='ocrx_word' id='word_1_451' title='bbox 2463 2827 2588 2896; x_wconf 88' lang='lat' dir='ltr'><strong>quis</strong></span> <span class='ocrx_word' id='word_1_452' title='bbox 2619 2840 2875 2880; x_wconf 88' lang='lat' dir='ltr'><strong>auroram</strong></span> <span class='ocrx_word' id='word_1_453' title='bbox 2905 2823 3013 2877; x_wconf 91' lang='lat' dir='ltr'><strong>dici</strong></span> <span class='ocrx_word' id='word_1_454' title='bbox 3043 2824 3113 2878; x_wconf 90' lang='lat' dir='ltr'><strong>ab</strong></span> <span class='ocrx_word' id='word_1_455' title='bbox 3141 2823 3233 2877; x_wconf 91' lang='lat' dir='ltr'><strong>illo</strong></span> <span class='ocrx_word' id='word_1_456' title='bbox 3258 2838 3357 2892; x_wconf 70' lang='lat' dir='ltr'><strong>puo</strong></span> 
     </span>
    </p>
   </div>
   <div class='ocr_carea' id='block_1_59' title="bbox 1773 2911 3354 2972">
    <p class='ocr_par' dir='ltr' id='par_1_59' title="bbox 1773 2911 3354 2972">
     <span class='ocr_line' id='line_1_59' title="bbox 1773 2911 3354 2972; baseline -0.003 -2"><span class='ocrx_word' id='word_1_457' title='bbox 1773 2926 1932 2971; x_wconf 88' lang='lat' dir='ltr'><strong>taret.</strong></span> <span class='ocrx_word' id='word_1_458' title='bbox 1970 2917 2143 2972; x_wconf 89' lang='lat' dir='ltr'><strong>Sicuti</strong></span> <span class='ocrx_word' id='word_1_459' title='bbox 2175 2917 2341 2971; x_wconf 90' lang='lat' dir='ltr'><strong>etiam</strong></span> <span class='ocrx_word' id='word_1_460' title='bbox 2374 2915 2660 2970; x_wconf 57' lang='lat' dir='ltr'><strong>Mattheus</strong></span> <span class='ocrx_word' id='word_1_461' title='bbox 2701 2914 2883 2970; x_wconf 85' lang='lat' dir='ltr'><strong>verbis</strong></span> <span class='ocrx_word' id='word_1_462' title='bbox 2931 2930 3050 2968; x_wconf 78' lang='lat' dir='ltr'><strong>sero</strong></span> <span class='ocrx_word' id='word_1_463' title='bbox 3091 2911 3354 2967; x_wconf 85' lang='lat' dir='ltr'><strong>Sabbato-</strong></span> 
     </span>
    </p>
   </div>
   <div class='ocr_carea' id='block_1_60' title="bbox 1773 3004 3352 3080">
    <p class='ocr_par' dir='ltr' id='par_1_60' title="bbox 1773 3004 3352 3080">
     <span class='ocr_line' id='line_1_60' title="bbox 1773 3004 3352 3080; baseline 0.001 -21"><span class='ocrx_word' id='word_1_464' title='bbox 1773 3024 1911 3072; x_wconf 88' lang='lat' dir='ltr'><strong>rum,</strong></span> <span class='ocrx_word' id='word_1_465' title='bbox 1943 3025 2014 3064; x_wconf 89' lang='lat' dir='ltr'><strong>ne</strong></span> <span class='ocrx_word' id='word_1_466' title='bbox 2045 3009 2172 3080; x_wconf 89' lang='lat' dir='ltr'><strong>quis</strong></span> <span class='ocrx_word' id='word_1_467' title='bbox 2209 3009 2278 3064; x_wconf 91' lang='lat' dir='ltr'><strong>de</strong></span> <span class='ocrx_word' id='word_1_468' title='bbox 2309 3008 2622 3078; x_wconf 85' lang='lat' dir='ltr'><strong>vespertino</strong></span> <span class='ocrx_word' id='word_1_469' title='bbox 2652 3015 2900 3077; x_wconf 90' lang='lat' dir='ltr'><strong>tempore</strong></span> <span class='ocrx_word' id='word_1_470' title='bbox 2929 3007 3225 3076; x_wconf 78' lang='lat' dir='ltr'><strong>cogitaret,</strong></span> <span class='ocrx_word' id='word_1_471' title='bbox 3259 3004 3352 3060; x_wconf 88' lang='lat' dir='ltr'><strong>ad-</strong></span> 
     </span>
    </p>
   </div>
   <div class='ocr_carea' id='block_1_61' title="bbox 1772 3095 3350 3180">
    <p class='ocr_par' dir='ltr' id='par_1_61' title="bbox 1772 3095 3350 3180">
     <span class='ocr_line' id='line_1_61' title="bbox 1772 3095 3350 3180; baseline -0.003 -26"><span class='ocrx_word' id='word_1_472' title='bbox 1772 3100 1909 3154; x_wconf 88' lang='lat' dir='ltr'><strong>didit</strong></span> <span class='ocrx_word' id='word_1_473' title='bbox 1937 3118 2055 3171; x_wconf 79' lang='lat' dir='ltr'><strong>qua:</strong></span> <span class='ocrx_word' id='word_1_474' title='bbox 2093 3102 2307 3154; x_wconf 73' lang='lat' dir='ltr'><strong>lucescit</strong></span> <span class='ocrx_word' id='word_1_475' title='bbox 2345 3102 2588 3180; x_wconf 33' lang='lat' dir='ltr'><strong>in‘unam</strong></span> <span class='ocrx_word' id='word_1_476' title='bbox 2629 3099 3005 3154; x_wconf 85' lang='lat' dir='ltr'><strong>Sabbatorum.</strong></span> <span class='ocrx_word' id='word_1_477' title='bbox 3032 3097 3100 3150; x_wconf 88' lang='lat' dir='ltr'><strong>Et</strong></span> <span class='ocrx_word' id='word_1_478' title='bbox 3127 3095 3350 3167; x_wconf 87' lang='lat' dir='ltr'><strong>quidem</strong></span> 
     </span>
    </p>
   </div>
   <div class='ocr_carea' id='block_1_62' title="bbox 72 3188 1653 3284">
    <p class='ocr_par' dir='ltr' id='par_1_62' title="bbox 72 3188 1653 3262">
     <span class='ocr_line' id='line_1_62' title="bbox 72 3188 1653 3262; baseline 0.004 -22"><span class='ocrx_word' id='word_1_479' title='bbox 72 3188 391 3260; x_wconf 79' lang='grc' dir='ltr'>προσέθηκε</span> <span class='ocrx_word' id='word_1_480' title='bbox 425 3189 485 3242; x_wconf 83' lang='grc' dir='ltr'>τὸ</span> <span class='ocrx_word' id='word_1_481' title='bbox 523 3189 598 3259; x_wconf 79' lang='grc' dir='ltr'>τῇ</span> <span class='ocrx_word' id='word_1_482' title='bbox 637 3191 1071 3260; x_wconf 70' lang='grc' dir='ltr'>ἐπιφωσκούσῃ</span> <span class='ocrx_word' id='word_1_483' title='bbox 1116 3196 1202 3258; x_wconf 78' lang='grc' dir='ltr'>εὶς</span> <span class='ocrx_word' id='word_1_484' title='bbox 1235 3194 1386 3262; x_wconf 83' lang='grc' dir='ltr'>μίαν</span> <span class='ocrx_word' id='word_1_485' title='bbox 1443 3191 1653 3246; x_wconf 79' lang='grc' dir='ltr'>Σαϐϐά-</span> 
     </span>
    </p>
   </div>
   <div class='ocr_carea' id='block_1_63' title="bbox 1771 3188 3349 3284">
    <p class='ocr_par' dir='ltr' id='par_1_63' title="bbox 1773 3190 3349 3264">
     <span class='ocr_line' id='line_1_63' title="bbox 1773 3190 3349 3264; baseline -0.001 -18"><span class='ocrx_word' id='word_1_486' title='bbox 1773 3203 2027 3248; x_wconf 85' lang='lat' dir='ltr'><strong>accurate</strong></span> <span class='ocrx_word' id='word_1_487' title='bbox 2056 3193 2102 3250; x_wconf 90' lang='lat' dir='ltr'><strong>is</strong></span> <span class='ocrx_word' id='word_1_488' title='bbox 2134 3195 2406 3264; x_wconf 82' lang='lat' dir='ltr'><strong>expressit</strong></span> <span class='ocrx_word' id='word_1_489' title='bbox 2429 3208 2608 3248; x_wconf 89' lang='lat' dir='ltr'><strong>seram</strong></span> <span class='ocrx_word' id='word_1_490' title='bbox 2654 3192 2870 3259; x_wconf 86' lang='lat' dir='ltr'><strong>horam,</strong></span> <span class='ocrx_word' id='word_1_491' title='bbox 2893 3206 2962 3246; x_wconf 91' lang='lat' dir='ltr'><strong>ne</strong></span> <span class='ocrx_word' id='word_1_492' title='bbox 2995 3190 3120 3260; x_wconf 90' lang='lat' dir='ltr'><strong>quis</strong></span> <span class='ocrx_word' id='word_1_493' title='bbox 3154 3204 3349 3260; x_wconf 83' lang='lat' dir='ltr'><strong>vespe-</strong></span> 
     </span>
    </p>
   </div>
   <div class='ocr_carea' id='block_1_64' title="bbox 72 3275 1653 3354">
    <p class='ocr_par' dir='ltr' id='par_1_64' title="bbox 72 3275 1653 3354">
     <span class='ocr_line' id='line_1_64' title="bbox 72 3275 1653 3354; baseline 0.003 -24"><span class='ocrx_word' id='word_1_494' title='bbox 72 3294 218 3332; x_wconf 78' lang='grc' dir='ltr'>των.</span> <span class='ocrx_word' id='word_1_495' title='bbox 261 3279 415 3332; x_wconf 82' lang='grc' dir='ltr'>Ἐπεὶ</span> <span class='ocrx_word' id='word_1_496' title='bbox 465 3280 562 3334; x_wconf 75' lang='grc' dir='ltr'>καὶ</span> <span class='ocrx_word' id='word_1_497' title='bbox 603 3282 848 3354; x_wconf 83' lang='grc' dir='ltr'>ἀκριϐῶς</span> <span class='ocrx_word' id='word_1_498' title='bbox 888 3275 1042 3347; x_wconf 70' lang='grc' dir='ltr'>οὗτος</span> <span class='ocrx_word' id='word_1_499' title='bbox 1083 3283 1360 3337; x_wconf 86' lang='grc' dir='ltr'>Σαϐϐάτου</span> <span class='ocrx_word' id='word_1_500' title='bbox 1393 3279 1543 3338; x_wconf 77' lang='grc' dir='ltr'>εἶπεν</span> <span class='ocrx_word' id='word_1_501' title='bbox 1569 3283 1653 3354; x_wconf 57' lang='grc' dir='ltr'><strong>τὴκ</strong></span> 
     </span>
    </p>
   </div>
   <div class='ocr_carea' id='block_1_65' title="bbox 1771 3275 3346 3354">
    <p class='ocr_par' dir='ltr' id='par_1_65' title="bbox 1773 3283 3346 3353">
     <span class='ocr_line' id='line_1_65' title="bbox 1773 3283 3346 3353; baseline -0.002 -16"><span class='ocrx_word' id='word_1_502' title='bbox 1773 3299 1889 3337; x_wconf 89' lang='lat' dir='ltr'><strong>ram</strong></span> <span class='ocrx_word' id='word_1_503' title='bbox 1919 3287 2239 3353; x_wconf 86' lang='lat' dir='ltr'><strong>opinaretur</strong></span> <span class='ocrx_word' id='word_1_504' title='bbox 2286 3299 2410 3338; x_wconf 88' lang='lat' dir='ltr'><strong>esse</strong></span> <span class='ocrx_word' id='word_1_505' title='bbox 2467 3294 2590 3353; x_wconf 86' lang='lat' dir='ltr'><strong>post</strong></span> <span class='ocrx_word' id='word_1_506' title='bbox 2629 3283 2763 3338; x_wconf 90' lang='lat' dir='ltr'><strong>solis</strong></span> <span class='ocrx_word' id='word_1_507' title='bbox 2815 3296 3075 3338; x_wconf 89' lang='lat' dir='ltr'><strong>occasum</strong></span> <span class='ocrx_word' id='word_1_508' title='bbox 3121 3283 3346 3344; x_wconf 86' lang='lat' dir='ltr'><strong>horam;</strong></span> 
     </span>
    </p>
   </div>
   <div class='ocr_carea' id='block_1_66' title="bbox 73 3369 1666 3447">
    <p class='ocr_par' dir='ltr' id='par_1_66' title="bbox 73 3369 1666 3447">
     <span class='ocr_line' id='line_1_66' title="bbox 73 3369 1666 3447; baseline 0.004 -24"><span class='ocrx_word' id='word_1_509' title='bbox 73 3369 259 3438; x_wconf 80' lang='grc' dir='ltr'>ὀψίαν,</span> <span class='ocrx_word' id='word_1_510' title='bbox 316 3372 390 3442; x_wconf 87' lang='grc' dir='ltr'>μή</span> <span class='ocrx_word' id='word_1_511' title='bbox 441 3389 524 3434; x_wconf 88' lang='grc' dir='ltr'><strong>τις</strong></span> <span class='ocrx_word' id='word_1_512' title='bbox 566 3371 664 3444; x_wconf 82' lang='grc' dir='ltr'><strong>τὴν</strong></span> <span class='ocrx_word' id='word_1_513' title='bbox 705 3374 942 3447; x_wconf 78' lang='grc' dir='ltr'>ἑσπέραν</span> <span class='ocrx_word' id='word_1_514' title='bbox 986 3377 1246 3430; x_wconf 86' lang='grc' dir='ltr'>ὑπολάϐοι</span> <span class='ocrx_word' id='word_1_515' title='bbox 1289 3376 1542 3445; x_wconf 85' lang='grc' dir='ltr'>λέγεσθαι</span> <span class='ocrx_word' id='word_1_516' title='bbox 1572 3377 1666 3447; x_wconf 80' lang='grc' dir='ltr'>τὴν</span> 
     </span>
    </p>
   </div>
   <div class='ocr_carea' id='block_1_67' title="bbox 73 3461 1554 3537">
    <p class='ocr_par' dir='ltr' id='par_1_67' title="bbox 73 3461 1554 3537">
     <span class='ocr_line' id='line_1_67' title="bbox 73 3461 1554 3537; baseline 0.005 -24"><span class='ocrx_word' id='word_1_517' title='bbox 73 3461 223 3532; x_wconf 75' lang='grc' dir='ltr'>μετὰ</span> <span class='ocrx_word' id='word_1_518' title='bbox 250 3462 402 3532; x_wconf 78' lang='grc' dir='ltr'>ἡλίου</span> <span class='ocrx_word' id='word_1_519' title='bbox 427 3463 658 3536; x_wconf 83' lang='grc' dir='ltr'>δυσμὰς,</span> <span class='ocrx_word' id='word_1_520' title='bbox 703 3465 839 3519; x_wconf 85' lang='grc' dir='ltr'>ἀλλὰ</span> <span class='ocrx_word' id='word_1_521' title='bbox 871 3467 1186 3521; x_wconf 74' lang='grc' dir='ltr'>Σαϐϐάτων</span> <span class='ocrx_word' id='word_1_522' title='bbox 1223 3468 1388 3537; x_wconf 74' lang='grc' dir='ltr'>φησὶν</span> <span class='ocrx_word' id='word_1_523' title='bbox 1421 3467 1554 3536; x_wconf 68' lang='grc' dir='ltr'><strong>ὀψέ.</strong></span> 
     </span>
    </p>
   </div>
   <div class='ocr_carea' id='block_1_68' title="bbox 149 3553 1650 3630">
    <p class='ocr_par' dir='ltr' id='par_1_68' title="bbox 149 3553 1650 3630">
     <span class='ocr_line' id='line_1_68' title="bbox 149 3553 1650 3630; baseline 0.004 -23"><span class='ocrx_word' id='word_1_524' title='bbox 149 3553 216 3623; x_wconf 85' lang='grc' dir='ltr'><strong>β’.</strong></span> <span class='ocrx_word' id='word_1_525' title='bbox 246 3555 407 3620; x_wconf 87' lang='grc' dir='ltr'>Ἐθος</span> <span class='ocrx_word' id='word_1_526' title='bbox 439 3557 496 3609; x_wconf 85' lang='grc' dir='ltr'><strong>δέ</strong></span> <span class='ocrx_word' id='word_1_527' title='bbox 531 3557 660 3630; x_wconf 84' lang='grc' dir='ltr'>ὃλην</span> <span class='ocrx_word' id='word_1_528' title='bbox 693 3559 794 3630; x_wconf 83' lang='grc' dir='ltr'>τὴν</span> <span class='ocrx_word' id='word_1_529' title='bbox 825 3559 1093 3630; x_wconf 80' lang='grc' dir='ltr'>ἑϐδομάδα</span> <span class='ocrx_word' id='word_1_530' title='bbox 1126 3560 1407 3614; x_wconf 81' lang='grc' dir='ltr'>Σάϐϐατον</span> <span class='ocrx_word' id='word_1_531' title='bbox 1445 3561 1650 3625; x_wconf 85' lang='grc' dir='ltr'>καλεῖν,</span> 
     </span>
    </p>
   </div>
   <div class='ocr_carea' id='block_1_69' title="bbox 71 3647 1664 3723">
    <p class='ocr_par' dir='ltr' id='par_1_69' title="bbox 71 3647 1664 3723">
     <span class='ocr_line' id='line_1_69' title="bbox 71 3647 1664 3723; baseline 0.003 -23"><span class='ocrx_word' id='word_1_532' title='bbox 71 3647 172 3700; x_wconf 73' lang='grc' dir='ltr'><strong>καὶ</strong></span> <span class='ocrx_word' id='word_1_533' title='bbox 198 3647 377 3711; x_wconf 89' lang='grc' dir='ltr'>πάσας</span> <span class='ocrx_word' id='word_1_534' title='bbox 395 3649 495 3712; x_wconf 85' lang='grc' dir='ltr'><strong>τὰς</strong></span> <span class='ocrx_word' id='word_1_535' title='bbox 520 3650 731 3722; x_wconf 81' lang='grc' dir='ltr'>ἡμέρας</span> <span class='ocrx_word' id='word_1_536' title='bbox 760 3651 930 3716; x_wconf 78' lang='grc' dir='ltr'>οὕτως</span> <span class='ocrx_word' id='word_1_537' title='bbox 951 3653 1254 3722; x_wconf 78' lang='grc' dir='ltr'>ὀνομάζειν.</span> <span class='ocrx_word' id='word_1_538' title='bbox 1286 3653 1515 3722; x_wconf 81' lang='grc' dir='ltr'>Λέγεται</span> <span class='ocrx_word' id='word_1_539' title='bbox 1535 3653 1664 3723; x_wconf 85' lang='grc' dir='ltr'>γοῦν</span> 
     </span>
    </p>
   </div>
   <div class='ocr_carea' id='block_1_70' title="bbox 71 3740 1663 3814">
    <p class='ocr_par' dir='ltr' id='par_1_70' title="bbox 71 3740 1663 3814">
     <span class='ocr_line' id='line_1_70' title="bbox 71 3740 1663 3814; baseline 0.005 -22"><span class='ocrx_word' id='word_1_540' title='bbox 71 3740 233 3812; x_wconf 79' lang='grc' dir='ltr'>παρὰ</span> <span class='ocrx_word' id='word_1_541' title='bbox 269 3745 382 3805; x_wconf 83' lang='grc' dir='ltr'>τοῖς</span> <span class='ocrx_word' id='word_1_542' title='bbox 406 3743 817 3812; x_wconf 80' lang='grc' dir='ltr'>εὑαγγελισταῖς</span> <span class='ocrx_word' id='word_1_543' title='bbox 848 3744 923 3814; x_wconf 82' lang='grc' dir='ltr'>τῇ</span> <span class='ocrx_word' id='word_1_544' title='bbox 949 3744 1058 3814; x_wconf 84' lang='grc' dir='ltr'>μιᾷ</span> <span class='ocrx_word' id='word_1_545' title='bbox 1090 3745 1208 3800; x_wconf 81' lang='grc' dir='ltr'><strong>τῶν</strong></span> <span class='ocrx_word' id='word_1_546' title='bbox 1230 3745 1570 3800; x_wconf 81' lang='grc' dir='ltr'>Σαϐϐἀτων·</span> <span class='ocrx_word' id='word_1_547' title='bbox 1604 3749 1663 3800; x_wconf 86' lang='grc' dir='ltr'><strong>ἐν</strong></span> 
     </span>
    </p>
   </div>
   <div class='ocr_carea' id='block_1_71' title="bbox 69 3831 1663 3906">
    <p class='ocr_par' dir='ltr' id='par_1_71' title="bbox 69 3831 1663 3906">
     <span class='ocr_line' id='line_1_71' title="bbox 69 3831 1663 3906; baseline 0.005 -23"><span class='ocrx_word' id='word_1_548' title='bbox 69 3831 131 3884; x_wconf 77' lang='grc' dir='ltr'>δὲ</span> <span class='ocrx_word' id='word_1_549' title='bbox 154 3834 220 3902; x_wconf 78' lang='grc' dir='ltr'>τῇ</span> <span class='ocrx_word' id='word_1_550' title='bbox 253 3832 525 3905; x_wconf 66' lang='grc' dir='ltr'>συνηθείᾳ,</span> <span class='ocrx_word' id='word_1_551' title='bbox 556 3835 803 3904; x_wconf 81' lang='grc' dir='ltr'>δευτέρα</span> <span class='ocrx_word' id='word_1_552' title='bbox 836 3837 1164 3900; x_wconf 78' lang='grc' dir='ltr'>Σαϐϐἁτων,</span> <span class='ocrx_word' id='word_1_553' title='bbox 1201 3841 1296 3892; x_wconf 74' lang='grc' dir='ltr'>καὶ</span> <span class='ocrx_word' id='word_1_554' title='bbox 1323 3840 1487 3906; x_wconf 82' lang='grc' dir='ltr'><strong>τρίτη</strong></span> <span class='ocrx_word' id='word_1_555' title='bbox 1523 3841 1663 3891; x_wconf 71' lang='grc' dir='ltr'>Σαϐ-</span> 
     </span>
    </p>
   </div>
   <div class='ocr_carea' id='block_1_72' title="bbox 71 3923 1661 3996">
    <p class='ocr_par' dir='ltr' id='par_1_72' title="bbox 71 3923 1661 3996">
     <span class='ocr_line' id='line_1_72' title="bbox 71 3923 1661 3996; baseline 0.006 -21"><span class='ocrx_word' id='word_1_556' title='bbox 71 3923 289 3988; x_wconf 75' lang='grc' dir='ltr'>σάτων,</span> <span class='ocrx_word' id='word_1_557' title='bbox 341 3927 435 3978; x_wconf 77' lang='grc' dir='ltr'>καὶ</span> <span class='ocrx_word' id='word_1_558' title='bbox 475 3927 722 3996; x_wconf 77' lang='grc' dir='ltr'>τετάρτη</span> <span class='ocrx_word' id='word_1_559' title='bbox 752 3928 1091 3982; x_wconf 74' lang='grc' dir='ltr'>Σαϐϐάτων·</span> <span class='ocrx_word' id='word_1_560' title='bbox 1128 3931 1300 3993; x_wconf 77' lang='grc' dir='ltr'>οὕτως</span> <span class='ocrx_word' id='word_1_561' title='bbox 1331 3927 1424 3984; x_wconf 82' lang='grc' dir='ltr'><strong>οὖν</strong></span> <span class='ocrx_word' id='word_1_562' title='bbox 1452 3933 1480 3982; x_wconf 89' lang='lat'><strong>6</strong></span> <span class='ocrx_word' id='word_1_563' title='bbox 1510 3933 1661 3985; x_wconf 84' lang='grc' dir='ltr'>Ματ-</span> 
     </span>
    </p>
   </div>
   <div class='ocr_carea' id='block_1_73' title="bbox 72 4013 1660 4092">
    <p class='ocr_par' dir='ltr' id='par_1_73' title="bbox 72 4013 1660 4092">
     <span class='ocr_line' id='line_1_73' title="bbox 72 4013 1660 4092; baseline 0.005 -26"><span class='ocrx_word' id='word_1_564' title='bbox 72 4013 229 4078; x_wconf 74' lang='grc' dir='ltr'>θαῖος</span> <span class='ocrx_word' id='word_1_565' title='bbox 276 4015 369 4068; x_wconf 84' lang='grc' dir='ltr'><strong>τὸν</strong></span> <span class='ocrx_word' id='word_1_566' title='bbox 413 4018 605 4089; x_wconf 84' lang='grc' dir='ltr'>καιρὸν</span> <span class='ocrx_word' id='word_1_567' title='bbox 649 4018 738 4070; x_wconf 80' lang='grc' dir='ltr'><strong>τὸν</strong></span> <span class='ocrx_word' id='word_1_568' title='bbox 783 4019 1189 4088; x_wconf 80' lang='grc' dir='ltr'>ἐπιφαύσκοντα</span> <span class='ocrx_word' id='word_1_569' title='bbox 1218 4021 1298 4083; x_wconf 82' lang='grc' dir='ltr'><strong>είς</strong></span> <span class='ocrx_word' id='word_1_570' title='bbox 1327 4021 1425 4092; x_wconf 82' lang='grc' dir='ltr'><strong>τὴν</strong></span> <span class='ocrx_word' id='word_1_571' title='bbox 1459 4019 1534 4074; x_wconf 74' lang='grc' dir='ltr'>ἔω</span> <span class='ocrx_word' id='word_1_572' title='bbox 1564 4022 1660 4091; x_wconf 82' lang='grc' dir='ltr'>τῆς</span> 
     </span>
    </p>
   </div>
   <div class='ocr_carea' id='block_1_74' title="bbox 68 4105 1658 4181">
    <p class='ocr_par' dir='ltr' id='par_1_74' title="bbox 68 4105 1658 4181">
     <span class='ocr_line' id='line_1_74' title="bbox 68 4105 1658 4181; baseline 0.004 -23"><span class='ocrx_word' id='word_1_573' title='bbox 68 4105 365 4177; x_wconf 80' lang='grc' dir='ltr'>Κυριακῆς</span> <span class='ocrx_word' id='word_1_574' title='bbox 410 4109 644 4180; x_wconf 84' lang='grc' dir='ltr'>ἡμέρας,</span> <span class='ocrx_word' id='word_1_575' title='bbox 680 4109 996 4164; x_wconf 72' lang='grc' dir='ltr'>Σαϐϐάτωγ</span> <span class='ocrx_word' id='word_1_576' title='bbox 1043 4110 1158 4178; x_wconf 71' lang='grc' dir='ltr'><strong>ὀψὲ</strong></span> <span class='ocrx_word' id='word_1_577' title='bbox 1201 4111 1510 4181; x_wconf 72' lang='grc' dir='ltr'>ὠνόμασεψ</span> <span class='ocrx_word' id='word_1_578' title='bbox 1559 4112 1658 4164; x_wconf 77' lang='grc' dir='ltr'><strong>οὐκ</strong></span> 
     </span>
    </p>
   </div>
   <div class='ocr_carea' id='block_1_75' title="bbox 70 4195 1653 4272">
    <p class='ocr_par' dir='ltr' id='par_1_75' title="bbox 70 4195 1653 4272">
     <span class='ocr_line' id='line_1_75' title="bbox 70 4195 1653 4272; baseline 0.004 -23"><span class='ocrx_word' id='word_1_579' title='bbox 70 4195 247 4250; x_wconf 68' lang='grc' dir='ltr'>εἰπὼν</span> <span class='ocrx_word' id='word_1_580' title='bbox 293 4199 530 4270; x_wconf 75' lang='grc' dir='ltr'>ἑσπέραν</span> <span class='ocrx_word' id='word_1_581' title='bbox 566 4199 662 4254; x_wconf 91' lang='grc' dir='ltr'><strong>τοῦ</strong></span> <span class='ocrx_word' id='word_1_582' title='bbox 715 4201 1014 4266; x_wconf 87' lang='grc' dir='ltr'>Σαϐϐάτου,</span> <span class='ocrx_word' id='word_1_583' title='bbox 1053 4202 1177 4255; x_wconf 80' lang='grc' dir='ltr'>οὐδὲ</span> <span class='ocrx_word' id='word_1_584' title='bbox 1215 4203 1311 4272; x_wconf 69' lang='grc' dir='ltr'><strong>ὀψὲ</strong></span> <span class='ocrx_word' id='word_1_585' title='bbox 1344 4203 1653 4258; x_wconf 84' lang='grc' dir='ltr'>Σαϐϐάτου·</span> 
     </span>
    </p>
   </div>
   <div class='ocr_carea' id='block_1_76' title="bbox 69 4288 1658 4366">
    <p class='ocr_par' dir='ltr' id='par_1_76' title="bbox 69 4288 1658 4366">
     <span class='ocr_line' id='line_1_76' title="bbox 69 4288 1658 4366; baseline 0.004 -25"><span class='ocrx_word' id='word_1_586' title='bbox 69 4288 199 4342; x_wconf 73' lang='grc' dir='ltr'>ἐπεὶ</span> <span class='ocrx_word' id='word_1_587' title='bbox 249 4289 417 4360; x_wconf 81' lang='grc' dir='ltr'>ἐχρῆν</span> <span class='ocrx_word' id='word_1_588' title='bbox 466 4292 613 4361; x_wconf 81' lang='grc' dir='ltr'>ἡμᾶς</span> <span class='ocrx_word' id='word_1_589' title='bbox 669 4295 734 4362; x_wconf 82' lang='grc' dir='ltr'>τῇ</span> <span class='ocrx_word' id='word_1_590' title='bbox 785 4293 971 4364; x_wconf 78' lang='grc' dir='ltr'>ἡμέρᾳ</span> <span class='ocrx_word' id='word_1_591' title='bbox 1014 4292 1108 4346; x_wconf 86' lang='grc' dir='ltr'><strong>τοῦ</strong></span> <span class='ocrx_word' id='word_1_592' title='bbox 1167 4293 1445 4348; x_wconf 85' lang='grc' dir='ltr'>Σαϐϐάτου</span> <span class='ocrx_word' id='word_1_593' title='bbox 1523 4295 1658 4366; x_wconf 79' lang='grc' dir='ltr'>μετὰ</span> 
     </span>
    </p>
   </div>
   <div class='ocr_carea' id='block_1_77' title="bbox 66 4381 1652 4459">
    <p class='ocr_par' dir='ltr' id='par_1_77' title="bbox 66 4381 1652 4459">
     <span class='ocr_line' id='line_1_77' title="bbox 66 4381 1652 4459; baseline 0.004 -25"><span class='ocrx_word' id='word_1_594' title='bbox 66 4381 228 4452; x_wconf 81' lang='grc' dir='ltr'>ἡλίου</span> <span class='ocrx_word' id='word_1_595' title='bbox 267 4383 476 4453; x_wconf 81' lang='grc' dir='ltr'>δυσμάς</span> <span class='ocrx_word' id='word_1_596' title='bbox 535 4385 774 4456; x_wconf 79' lang='grc' dir='ltr'>ἑσπέρας</span> <span class='ocrx_word' id='word_1_597' title='bbox 818 4386 1112 4456; x_wconf 83' lang='grc' dir='ltr'>γινομένης</span> <span class='ocrx_word' id='word_1_598' title='bbox 1161 4386 1652 4459; x_wconf 76' lang='grc' dir='ltr'>άπσνηστίξεσθαι·</span> 
     </span>
    </p>
   </div>
   <div class='ocr_carea' id='block_1_78' title="bbox 68 4474 1658 4551">
    <p class='ocr_par' dir='ltr' id='par_1_78' title="bbox 68 4474 1658 4551">
     <span class='ocr_line' id='line_1_78' title="bbox 68 4474 1658 4551; baseline 0.006 -26"><span class='ocrx_word' id='word_1_599' title='bbox 68 4474 168 4525; x_wconf 79' lang='grc' dir='ltr'><strong>καὶ</strong></span> <span class='ocrx_word' id='word_1_600' title='bbox 195 4475 379 4526; x_wconf 76' lang='grc' dir='ltr'>οὐκέτι</span> <span class='ocrx_word' id='word_1_601' title='bbox 409 4475 506 4546; x_wconf 80' lang='grc' dir='ltr'>τὴν</span> <span class='ocrx_word' id='word_1_602' title='bbox 536 4475 816 4548; x_wconf 79' lang='grc' dir='ltr'>Κυριακὴν</span> <span class='ocrx_word' id='word_1_603' title='bbox 841 4477 1052 4547; x_wconf 80' lang='grc' dir='ltr'>ἡμέραν</span> <span class='ocrx_word' id='word_1_604' title='bbox 1085 4478 1365 4550; x_wconf 79' lang='grc' dir='ltr'>ἁγαλλιᾷν,</span> <span class='ocrx_word' id='word_1_605' title='bbox 1395 4479 1532 4532; x_wconf 79' lang='grc' dir='ltr'>ἀλλὰ</span> <span class='ocrx_word' id='word_1_606' title='bbox 1559 4479 1658 4551; x_wconf 80' lang='grc' dir='ltr'><strong>τὴν</strong></span> 
     </span>
    </p>
   </div>
   <div class='ocr_carea' id='block_1_79' title="bbox 1769 3376 2607 3446">
    <p class='ocr_par' dir='ltr' id='par_1_79' title="bbox 1769 3376 2607 3446">
     <span class='ocr_line' id='line_1_79' title="bbox 1769 3376 2607 3446; baseline 0.001 -16"><span class='ocrx_word' id='word_1_607' title='bbox 1769 3391 1962 3446; x_wconf 88' lang='lat' dir='ltr'><strong>nempe</strong></span> <span class='ocrx_word' id='word_1_608' title='bbox 1986 3376 2061 3430; x_wconf 87' lang='lat' dir='ltr'><strong>ait</strong></span> <span class='ocrx_word' id='word_1_609' title='bbox 2087 3393 2203 3430; x_wconf 73' lang='lat' dir='ltr'><strong>sero</strong></span> <span class='ocrx_word' id='word_1_610' title='bbox 2233 3376 2607 3431; x_wconf 87' lang='lat' dir='ltr'><strong>Sabbatorum.</strong></span> 
     </span>
    </p>
   </div>
   <div class='ocr_carea' id='block_1_80' title="bbox 1836 3551 3345 3610">
    <p class='ocr_par' dir='ltr' id='par_1_80' title="bbox 1836 3551 3345 3610">
     <span class='ocr_line' id='line_1_80' title="bbox 1836 3551 3345 3610; baseline -0.002 -3"><span class='ocrx_word' id='word_1_611' title='bbox 1836 3554 1891 3609; x_wconf 77' lang='lat'><strong>2.</strong></span> <span class='ocrx_word' id='word_1_612' title='bbox 1933 3554 2287 3610; x_wconf 88' lang='lat' dir='ltr'><strong>Consuetudo</strong></span> <span class='ocrx_word' id='word_1_613' title='bbox 2313 3563 2494 3609; x_wconf 88' lang='lat' dir='ltr'><strong>autem</strong></span> <span class='ocrx_word' id='word_1_614' title='bbox 2525 3553 2627 3607; x_wconf 77' lang='lat' dir='ltr'><strong>fuit</strong></span> <span class='ocrx_word' id='word_1_615' title='bbox 2649 3561 2708 3606; x_wconf 87' lang='lat' dir='ltr'><strong>ut</strong></span> <span class='ocrx_word' id='word_1_616' title='bbox 2733 3552 2986 3608; x_wconf 83' lang='lat' dir='ltr'><strong>universa</strong></span> <span class='ocrx_word' id='word_1_617' title='bbox 3003 3551 3345 3607; x_wconf 87' lang='lat' dir='ltr'><strong>hebdomada</strong></span> 
     </span>
    </p>
   </div>
   <div class='ocr_carea' id='block_1_81' title="bbox 1765 3643 3346 3714">
    <p class='ocr_par' dir='ltr' id='par_1_81' title="bbox 1765 3643 3346 3714">
     <span class='ocr_line' id='line_1_81' title="bbox 1765 3643 3346 3714; baseline -0.003 -14"><span class='ocrx_word' id='word_1_618' title='bbox 1765 3646 2043 3702; x_wconf 89' lang='lat' dir='ltr'><strong>diceretur</strong></span> <span class='ocrx_word' id='word_1_619' title='bbox 2089 3646 2409 3712; x_wconf 89' lang='lat' dir='ltr'><strong>Sabbatum,</strong></span> <span class='ocrx_word' id='word_1_620' title='bbox 2437 3647 2548 3700; x_wconf 92' lang='lat' dir='ltr'><strong>imo</strong></span> <span class='ocrx_word' id='word_1_621' title='bbox 2580 3657 2639 3700; x_wconf 85' lang='lat' dir='ltr'><strong>ut</strong></span> <span class='ocrx_word' id='word_1_622' title='bbox 2668 3645 2785 3700; x_wconf 91' lang='lat' dir='ltr'><strong>dies</strong></span> <span class='ocrx_word' id='word_1_623' title='bbox 2817 3644 3019 3714; x_wconf 83' lang='lat' dir='ltr'><strong>singuli</strong></span> <span class='ocrx_word' id='word_1_624' title='bbox 3050 3645 3132 3698; x_wconf 87' lang='lat' dir='ltr'><strong>sic</strong></span> <span class='ocrx_word' id='word_1_625' title='bbox 3159 3643 3346 3712; x_wconf 84' lang='lat' dir='ltr'><strong>appel-</strong></span> 
     </span>
    </p>
   </div>
   <div class='ocr_carea' id='block_1_82' title="bbox 1764 3731 3344 3808">
    <p class='ocr_par' dir='ltr' id='par_1_82' title="bbox 1764 3731 3344 3808">
     <span class='ocr_line' id='line_1_82' title="bbox 1764 3731 3344 3808; baseline -0.008 -13"><span class='ocrx_word' id='word_1_626' title='bbox 1764 3740 2026 3795; x_wconf 89' lang='lat' dir='ltr'><strong>larentur.</strong></span> <span class='ocrx_word' id='word_1_627' title='bbox 2065 3737 2277 3794; x_wconf 90' lang='lat' dir='ltr'><strong>Dicitur</strong></span> <span class='ocrx_word' id='word_1_628' title='bbox 2301 3753 2432 3808; x_wconf 89' lang='lat' dir='ltr'><strong>ergo</strong></span> <span class='ocrx_word' id='word_1_629' title='bbox 2460 3735 2603 3808; x_wconf 85' lang='lat' dir='ltr'><strong>apud</strong></span> <span class='ocrx_word' id='word_1_630' title='bbox 2633 3735 2993 3805; x_wconf 87' lang='lat' dir='ltr'><strong>evangelistas</strong></span> <span class='ocrx_word' id='word_1_631' title='bbox 3007 3749 3116 3786; x_wconf 85' lang='lat' dir='ltr'><strong>una</strong></span> <span class='ocrx_word' id='word_1_632' title='bbox 3134 3731 3344 3786; x_wconf 84' lang='lat' dir='ltr'><strong>Sabba-</strong></span> 
     </span>
    </p>
   </div>
   <div class='ocr_carea' id='block_1_83' title="bbox 1766 3821 3345 3899">
    <p class='ocr_par' dir='ltr' id='par_1_83' title="bbox 1766 3821 3345 3899">
     <span class='ocr_line' id='line_1_83' title="bbox 1766 3821 3345 3899; baseline -0.006 -15"><span class='ocrx_word' id='word_1_633' title='bbox 1766 3842 1958 3884; x_wconf 88' lang='lat' dir='ltr'><strong>torum.</strong></span> <span class='ocrx_word' id='word_1_634' title='bbox 1993 3829 2060 3884; x_wconf 90' lang='lat' dir='ltr'><strong>Et</strong></span> <span class='ocrx_word' id='word_1_635' title='bbox 2086 3830 2304 3899; x_wconf 90' lang='lat' dir='ltr'><strong>quidem</strong></span> <span class='ocrx_word' id='word_1_636' title='bbox 2341 3830 2395 3882; x_wconf 91' lang='lat' dir='ltr'><strong>in</strong></span> <span class='ocrx_word' id='word_1_637' title='bbox 2431 3828 2642 3898; x_wconf 88' lang='lat' dir='ltr'><strong>vulgari</strong></span> <span class='ocrx_word' id='word_1_638' title='bbox 2686 3824 3085 3882; x_wconf 90' lang='lat' dir='ltr'><strong>consuetudine</strong></span> <span class='ocrx_word' id='word_1_639' title='bbox 3111 3821 3345 3877; x_wconf 78' lang='lat' dir='ltr'><strong>secunda</strong></span> 
     </span>
    </p>
   </div>
   <div class='ocr_carea' id='block_1_84' title="bbox 1764 3915 3342 3988">
    <p class='ocr_par' dir='ltr' id='par_1_84' title="bbox 1764 3915 3342 3988">
     <span class='ocr_line' id='line_1_84' title="bbox 1764 3915 3342 3988; baseline -0.006 -11"><span class='ocrx_word' id='word_1_640' title='bbox 1764 3923 2140 3983; x_wconf 84' lang='lat' dir='ltr'><strong>Sabbatorum,</strong></span> <span class='ocrx_word' id='word_1_641' title='bbox 2161 3923 2316 3976; x_wconf 82' lang='lat' dir='ltr'><strong>tertia</strong></span> <span class='ocrx_word' id='word_1_642' title='bbox 2341 3921 2724 3984; x_wconf 89' lang='lat' dir='ltr'><strong>Sabbatorum,</strong></span> <span class='ocrx_word' id='word_1_643' title='bbox 2743 3929 2937 3988; x_wconf 84' lang='lat' dir='ltr'><strong>quarta</strong></span> <span class='ocrx_word' id='word_1_644' title='bbox 2961 3915 3342 3970; x_wconf 85' lang='lat' dir='ltr'><strong>Sabbatorum.</strong></span> 
     </span>
    </p>
   </div>
   <div class='ocr_carea' id='block_1_85' title="bbox 1765 4009 3341 4088">
    <p class='ocr_par' dir='ltr' id='par_1_85' title="bbox 1765 4009 3341 4088">
     <span class='ocr_line' id='line_1_85' title="bbox 1765 4009 3341 4088; baseline -0.005 -16"><span class='ocrx_word' id='word_1_645' title='bbox 1765 4018 1854 4072; x_wconf 89' lang='lat' dir='ltr'><strong>Sic</strong></span> <span class='ocrx_word' id='word_1_646' title='bbox 1881 4034 2012 4088; x_wconf 89' lang='lat' dir='ltr'><strong>ergo</strong></span> <span class='ocrx_word' id='word_1_647' title='bbox 2043 4017 2326 4071; x_wconf 66' lang='lat' dir='ltr'><strong>Mattliaaus</strong></span> <span class='ocrx_word' id='word_1_648' title='bbox 2358 4025 2573 4085; x_wconf 88' lang='lat' dir='ltr'><strong>tempus</strong></span> <span class='ocrx_word' id='word_1_649' title='bbox 2608 4015 2932 4070; x_wconf 90' lang='lat' dir='ltr'><strong>illucescens</strong></span> <span class='ocrx_word' id='word_1_650' title='bbox 2955 4014 3009 4066; x_wconf 91' lang='lat' dir='ltr'><strong>in</strong></span> <span class='ocrx_word' id='word_1_651' title='bbox 3050 4013 3195 4066; x_wconf 90' lang='lat' dir='ltr'><strong>diem</strong></span> <span class='ocrx_word' id='word_1_652' title='bbox 3231 4009 3341 4064; x_wconf 88' lang='lat' dir='ltr'><strong>Do-</strong></span> 
     </span>
    </p>
   </div>
   <div class='ocr_carea' id='block_1_86' title="bbox 1761 4102 3343 4166">
    <p class='ocr_par' dir='ltr' id='par_1_86' title="bbox 1761 4102 3343 4166">
     <span class='ocr_line' id='line_1_86' title="bbox 1761 4102 3343 4166; baseline -0.006 0"><span class='ocrx_word' id='word_1_653' title='bbox 1761 4112 2022 4166; x_wconf 87' lang='lat' dir='ltr'><strong>minicum</strong></span> <span class='ocrx_word' id='word_1_654' title='bbox 2079 4127 2195 4165; x_wconf 77' lang='lat' dir='ltr'><strong>sero</strong></span> <span class='ocrx_word' id='word_1_655' title='bbox 2249 4109 2605 4164; x_wconf 86' lang='lat' dir='ltr'><strong>Sabbatorum</strong></span> <span class='ocrx_word' id='word_1_656' title='bbox 2663 4104 2940 4160; x_wconf 86' lang='lat' dir='ltr'><strong>vocitavit.</strong></span> <span class='ocrx_word' id='word_1_657' title='bbox 2992 4102 3165 4159; x_wconf 89' lang='lat' dir='ltr'><strong>Secus</strong></span> <span class='ocrx_word' id='word_1_658' title='bbox 3211 4117 3343 4158; x_wconf 88' lang='lat' dir='ltr'><strong>vero</strong></span> 
     </span>
    </p>
   </div>
   <div class='ocr_carea' id='block_1_87' title="bbox 1759 4197 3342 4271">
    <p class='ocr_par' dir='ltr' id='par_1_87' title="bbox 1759 4197 3342 4271">
     <span class='ocr_line' id='line_1_87' title="bbox 1759 4197 3342 4271; baseline -0.004 -16"><span class='ocrx_word' id='word_1_659' title='bbox 1759 4208 2035 4271; x_wconf 85' lang='lat' dir='ltr'><strong>oporteret</strong></span> <span class='ocrx_word' id='word_1_660' title='bbox 2079 4217 2180 4256; x_wconf 90' lang='lat' dir='ltr'><strong>nos</strong></span> <span class='ocrx_word' id='word_1_661' title='bbox 2210 4200 2299 4254; x_wconf 90' lang='lat' dir='ltr'><strong>die</strong></span> <span class='ocrx_word' id='word_1_662' title='bbox 2345 4198 2567 4253; x_wconf 85' lang='lat' dir='ltr'><strong>Sabbati</strong></span> <span class='ocrx_word' id='word_1_663' title='bbox 2597 4206 2721 4267; x_wconf 91' lang='lat' dir='ltr'><strong>post</strong></span> <span class='ocrx_word' id='word_1_664' title='bbox 2752 4197 2886 4251; x_wconf 88' lang='lat' dir='ltr'><strong>solis</strong></span> <span class='ocrx_word' id='word_1_665' title='bbox 2918 4209 3174 4249; x_wconf 88' lang='lat' dir='ltr'><strong>occasum</strong></span> <span class='ocrx_word' id='word_1_666' title='bbox 3198 4233 3212 4253; x_wconf 93' lang='grc'><strong>,</strong></span> <span class='ocrx_word' id='word_1_667' title='bbox 3245 4209 3342 4248; x_wconf 89' lang='lat' dir='ltr'><strong>ve-</strong></span> 
     </span>
    </p>
   </div>
   <div class='ocr_carea' id='block_1_88' title="bbox 1761 4286 3338 4366">
    <p class='ocr_par' dir='ltr' id='par_1_88' title="bbox 1761 4286 3338 4366">
     <span class='ocr_line' id='line_1_88' title="bbox 1761 4286 3338 4366; baseline -0.006 -16"><span class='ocrx_word' id='word_1_668' title='bbox 1761 4310 1919 4366; x_wconf 88' lang='lat' dir='ltr'><strong>spere</strong></span> <span class='ocrx_word' id='word_1_669' title='bbox 1951 4294 2098 4349; x_wconf 87' lang='lat' dir='ltr'><strong>facto</strong></span> <span class='ocrx_word' id='word_1_670' title='bbox 2119 4335 2133 4360; x_wconf 95' lang='lat'><strong>,</strong></span> <span class='ocrx_word' id='word_1_671' title='bbox 2177 4292 2446 4362; x_wconf 85' lang='lat' dir='ltr'><strong>jejunium</strong></span> <span class='ocrx_word' id='word_1_672' title='bbox 2487 4291 2730 4360; x_wconf 89' lang='lat' dir='ltr'><strong>polluere</strong></span> <span class='ocrx_word' id='word_1_673' title='bbox 2763 4310 2774 4343; x_wconf 89' lang='lat'><strong>:</strong></span> <span class='ocrx_word' id='word_1_674' title='bbox 2810 4305 2987 4359; x_wconf 88' lang='lat' dir='ltr'><strong>neque</strong></span> <span class='ocrx_word' id='word_1_675' title='bbox 3039 4289 3127 4343; x_wconf 91' lang='lat' dir='ltr'><strong>die</strong></span> <span class='ocrx_word' id='word_1_676' title='bbox 3159 4286 3338 4342; x_wconf 84' lang='lat' dir='ltr'><strong>Domi-</strong></span> 
     </span>
    </p>
   </div>
   <div class='ocr_carea' id='block_1_89' title="bbox 1759 4381 3338 4456">
    <p class='ocr_par' dir='ltr' id='par_1_89' title="bbox 1759 4381 3338 4456">
     <span class='ocr_line' id='line_1_89' title="bbox 1759 4381 3338 4456; baseline -0.003 -15"><span class='ocrx_word' id='word_1_677' title='bbox 1759 4387 1884 4442; x_wconf 90' lang='lat' dir='ltr'><strong>nico</strong></span> <span class='ocrx_word' id='word_1_678' title='bbox 1930 4385 2188 4456; x_wconf 86' lang='lat' dir='ltr'><strong>jubilare,</strong></span> <span class='ocrx_word' id='word_1_679' title='bbox 2221 4383 2316 4439; x_wconf 87' lang='lat' dir='ltr'><strong>sed</strong></span> <span class='ocrx_word' id='word_1_680' title='bbox 2348 4384 2531 4454; x_wconf 90' lang='lat' dir='ltr'><strong>potius</strong></span> <span class='ocrx_word' id='word_1_681' title='bbox 2560 4398 2786 4452; x_wconf 89' lang='lat' dir='ltr'><strong>vespere</strong></span> <span class='ocrx_word' id='word_1_682' title='bbox 2828 4381 3088 4448; x_wconf 85' lang='lat' dir='ltr'><strong>Sabbati;</strong></span> <span class='ocrx_word' id='word_1_683' title='bbox 3125 4383 3173 4436; x_wconf 91' lang='lat' dir='ltr'><strong>si</strong></span> <span class='ocrx_word' id='word_1_684' title='bbox 3216 4383 3338 4450; x_wconf 87' lang='lat' dir='ltr'><strong>qui-</strong></span> 
     </span>
    </p>
   </div>
   <div class='ocr_carea' id='block_1_90' title="bbox 1757 4475 3334 4546">
    <p class='ocr_par' dir='ltr' id='par_1_90' title="bbox 1757 4475 3334 4546">
     <span class='ocr_line' id='line_1_90' title="bbox 1757 4475 3334 4546; baseline -0.004 -12"><span class='ocrx_word' id='word_1_685' title='bbox 1757 4479 1879 4534; x_wconf 90' lang='lat' dir='ltr'><strong>dem</strong></span> <span class='ocrx_word' id='word_1_686' title='bbox 1915 4479 1991 4532; x_wconf 86' lang='lat' dir='ltr'><strong>ita</strong></span> <span class='ocrx_word' id='word_1_687' title='bbox 2030 4475 2417 4546; x_wconf 83' lang='lat' dir='ltr'><strong>intelligendus</strong></span> <span class='ocrx_word' id='word_1_688' title='bbox 2459 4485 2605 4529; x_wconf 88' lang='lat' dir='ltr'><strong>esset</strong></span> <span class='ocrx_word' id='word_1_689' title='bbox 2630 4475 2983 4544; x_wconf 80' lang='lat' dir='ltr'><strong>evangelista.</strong></span> <span class='ocrx_word' id='word_1_690' title='bbox 3017 4475 3178 4543; x_wconf 79' lang='lat' dir='ltr'><strong>Atqui</strong></span> <span class='ocrx_word' id='word_1_691' title='bbox 3227 4490 3334 4528; x_wconf 88' lang='lat' dir='ltr'><strong>nou</strong></span> 
     </span>
    </p>
   </div>
   <div class='ocr_carea' id='block_1_91' title="bbox 68 4563 1653 4641">
    <p class='ocr_par' dir='ltr' id='par_1_91' title="bbox 68 4565 1653 4641">
     <span class='ocr_line' id='line_1_91' title="bbox 68 4565 1653 4641; baseline 0.005 -25"><span class='ocrx_word' id='word_1_692' title='bbox 68 4565 316 4635; x_wconf 69' lang='grc' dir='ltr'>ἑσπέραν</span> <span class='ocrx_word' id='word_1_693' title='bbox 346 4567 440 4619; x_wconf 89' lang='grc' dir='ltr'><strong>τοῦ</strong></span> <span class='ocrx_word' id='word_1_694' title='bbox 469 4567 766 4630; x_wconf 85' lang='grc' dir='ltr'>Σαϐϐἀτου,</span> <span class='ocrx_word' id='word_1_695' title='bbox 797 4569 953 4640; x_wconf 81' lang='grc' dir='ltr'>εἴπερ</span> <span class='ocrx_word' id='word_1_696' title='bbox 980 4570 1121 4622; x_wconf 76' lang='grc' dir='ltr'>τοῦτ’</span> <span class='ocrx_word' id='word_1_697' title='bbox 1149 4571 1338 4641; x_wconf 76' lang='grc' dir='ltr'>ἐδήλου</span> <span class='ocrx_word' id='word_1_698' title='bbox 1367 4573 1395 4624; x_wconf 89' lang='lat'><strong>6</strong></span> <span class='ocrx_word' id='word_1_699' title='bbox 1427 4572 1653 4639; x_wconf 83' lang='grc' dir='ltr'>εὐαγγε-</span> 
     </span>
    </p>
   </div>
   <div class='ocr_carea' id='block_1_92' title="bbox 1771 4563 3337 4641">
    <p class='ocr_par' dir='ltr' id='par_1_92' title="bbox 1771 4563 3337 4639">
     <span class='ocr_line' id='line_1_92' title="bbox 1771 4563 3337 4639; baseline -0.003 -17"><span class='ocrx_word' id='word_1_700' title='bbox 1771 4584 1988 4639; x_wconf 80' lang='lat' dir='ltr'><strong>vespere</strong></span> <span class='ocrx_word' id='word_1_701' title='bbox 2021 4566 2246 4622; x_wconf 88' lang='lat' dir='ltr'><strong>Sabbati</strong></span> <span class='ocrx_word' id='word_1_702' title='bbox 2284 4567 2527 4622; x_wconf 87' lang='lat' dir='ltr'><strong>solemus</strong></span> <span class='ocrx_word' id='word_1_703' title='bbox 2555 4565 2767 4634; x_wconf 78' lang='lat' dir='ltr'><strong>jejunia</strong></span> <span class='ocrx_word' id='word_1_704' title='bbox 2814 4565 3076 4633; x_wconf 89' lang='lat' dir='ltr'><strong>polluere,</strong></span> <span class='ocrx_word' id='word_1_705' title='bbox 3106 4563 3201 4619; x_wconf 88' lang='lat' dir='ltr'><strong>sed</strong></span> <span class='ocrx_word' id='word_1_706' title='bbox 3237 4580 3337 4618; x_wconf 84' lang='lat' dir='ltr'><strong>uo-</strong></span> 
     </span>
    </p>
   </div>
   <div class='ocr_carea' id='block_1_93' title="bbox 67 4657 1654 4734">
    <p class='ocr_par' dir='ltr' id='par_1_93' title="bbox 67 4657 1654 4734">
     <span class='ocr_line' id='line_1_93' title="bbox 67 4657 1654 4734; baseline 0.006 -27"><span class='ocrx_word' id='word_1_707' title='bbox 67 4657 282 4727; x_wconf 80' lang='grc' dir='ltr'>λιστής.</span> <span class='ocrx_word' id='word_1_708' title='bbox 329 4657 466 4711; x_wconf 79' lang='grc' dir='ltr'>Ἀλλ’</span> <span class='ocrx_word' id='word_1_709' title='bbox 499 4661 596 4730; x_wconf 86' lang='grc' dir='ltr'><strong>οὐχ</strong></span> <span class='ocrx_word' id='word_1_710' title='bbox 639 4661 876 4732; x_wconf 79' lang='grc' dir='ltr'>ἑσπέρας</span> <span class='ocrx_word' id='word_1_711' title='bbox 925 4662 1018 4716; x_wconf 84' lang='grc' dir='ltr'><strong>τοῦ</strong></span> <span class='ocrx_word' id='word_1_712' title='bbox 1062 4663 1338 4716; x_wconf 87' lang='grc' dir='ltr'>Σαϐϐάτου</span> <span class='ocrx_word' id='word_1_713' title='bbox 1382 4663 1654 4734; x_wconf 74' lang='grc' dir='ltr'>εἰώθαμεν</span> 
     </span>
    </p>
   </div>
   <div class='ocr_carea' id='block_1_94' title="bbox 66 4750 1648 4826">
    <p class='ocr_par' dir='ltr' id='par_1_94' title="bbox 66 4750 1648 4826">
     <span class='ocr_line' id='line_1_94' title="bbox 66 4750 1648 4826; baseline 0.006 -26"><span class='ocrx_word' id='word_1_714' title='bbox 66 4750 168 4812; x_wconf 76' lang='grc' dir='ltr'><strong>τὰς</strong></span> <span class='ocrx_word' id='word_1_715' title='bbox 202 4750 455 4818; x_wconf 79' lang='grc' dir='ltr'>νηστείας</span> <span class='ocrx_word' id='word_1_716' title='bbox 473 4751 784 4817; x_wconf 85' lang='grc' dir='ltr'>καταλύειν,</span> <span class='ocrx_word' id='word_1_717' title='bbox 821 4753 934 4807; x_wconf 76' lang='grc' dir='ltr'>ἀλλ’</span> <span class='ocrx_word' id='word_1_718' title='bbox 963 4753 996 4825; x_wconf 78' lang='grc' dir='ltr'>ἢ</span> <span class='ocrx_word' id='word_1_719' title='bbox 1041 4755 1232 4818; x_wconf 76' lang='grc' dir='ltr'>νυκτὸς</span> <span class='ocrx_word' id='word_1_720' title='bbox 1262 4755 1648 4826; x_wconf 82' lang='grc' dir='ltr'>ἐπιλαϐούσης,</span> 
     </span>
    </p>
   </div>
   <div class='ocr_carea' id='block_1_95' title="bbox 65 4839 1650 4918">
    <p class='ocr_par' dir='ltr' id='par_1_95' title="bbox 65 4839 1650 4918">
     <span class='ocr_line' id='line_1_95' title="bbox 65 4839 1650 4918; baseline 0.007 -27"><span class='ocrx_word' id='word_1_721' title='bbox 65 4839 222 4910; x_wconf 78' lang='grc' dir='ltr'>αὐτῷ</span> <span class='ocrx_word' id='word_1_722' title='bbox 268 4843 622 4913; x_wconf 86' lang='grc' dir='ltr'>μεσονυκτίῳ,</span> <span class='ocrx_word' id='word_1_723' title='bbox 669 4844 764 4898; x_wconf 72' lang='grc' dir='ltr'>καὶ</span> <span class='ocrx_word' id='word_1_724' title='bbox 817 4845 850 4916; x_wconf 79' lang='grc' dir='ltr'>ἦ</span> <span class='ocrx_word' id='word_1_725' title='bbox 903 4847 1031 4915; x_wconf 52' lang='grc' dir='ltr'><strong>περὶ⁸</strong></span> <span class='ocrx_word' id='word_1_726' title='bbox 1081 4846 1390 4917; x_wconf 84' lang='grc' dir='ltr'>ἀλεκτόρων</span> <span class='ocrx_word' id='word_1_727' title='bbox 1419 4846 1566 4917; x_wconf 83' lang='grc' dir='ltr'>βοὰς,</span> <span class='ocrx_word' id='word_1_728' title='bbox 1617 4847 1650 4918; x_wconf 83' lang='grc' dir='ltr'>ἢ</span> 
     </span>
    </p>
   </div>
   <div class='ocr_carea' id='block_1_96' title="bbox 65 4931 1650 5010">
    <p class='ocr_par' dir='ltr' id='par_1_96' title="bbox 65 4931 1650 5010">
     <span class='ocr_line' id='line_1_96' title="bbox 65 4931 1650 5010; baseline 0.004 -25"><span class='ocrx_word' id='word_1_729' title='bbox 65 4931 216 5002; x_wconf 68' lang='grc' dir='ltr'>ἀμφὶ</span> <span class='ocrx_word' id='word_1_730' title='bbox 238 4931 328 4984; x_wconf 71' lang='grc' dir='ltr'><strong>τόν</strong></span> <span class='ocrx_word' id='word_1_731' title='bbox 356 4932 552 5006; x_wconf 73' lang='grc' dir='ltr'>ὄρθρον</span> <span class='ocrx_word' id='word_1_732' title='bbox 571 4951 584 4964; x_wconf 76' lang='grc' dir='ltr'><strong><em>ο</em></strong></span> <span class='ocrx_word' id='word_1_733' title='bbox 613 4933 753 4988; x_wconf 83' lang='grc' dir='ltr'>ὥστε</span> <span class='ocrx_word' id='word_1_734' title='bbox 785 4938 880 4989; x_wconf 74' lang='grc' dir='ltr'><strong>καὶ</strong></span> <span class='ocrx_word' id='word_1_735' title='bbox 906 4935 964 5003; x_wconf 77' lang='grc' dir='ltr'>ἐξ</span> <span class='ocrx_word' id='word_1_736' title='bbox 992 4937 1158 4990; x_wconf 80' lang='grc' dir='ltr'>αὑτοῦ</span> <span class='ocrx_word' id='word_1_737' title='bbox 1187 4937 1281 4990; x_wconf 90' lang='grc' dir='ltr'><strong>τοῦ</strong></span> <span class='ocrx_word' id='word_1_738' title='bbox 1305 4938 1650 5010; x_wconf 87' lang='grc' dir='ltr'>πράγματος,</span> 
     </span>
    </p>
   </div>
   <div class='ocr_carea' id='block_1_97' title="bbox 65 5025 1650 5101">
    <p class='ocr_par' dir='ltr' id='par_1_97' title="bbox 65 5025 1650 5101">
     <span class='ocr_line' id='line_1_97' title="bbox 65 5025 1650 5101; baseline 0.005 -25"><span class='ocrx_word' id='word_1_739' title='bbox 65 5026 162 5077; x_wconf 78' lang='grc' dir='ltr'><strong>καὶ</strong></span> <span class='ocrx_word' id='word_1_740' title='bbox 217 5026 281 5076; x_wconf 88' lang='grc' dir='ltr'><strong>ἐκ</strong></span> <span class='ocrx_word' id='word_1_741' title='bbox 321 5025 419 5095; x_wconf 84' lang='grc' dir='ltr'>τῆς</span> <span class='ocrx_word' id='word_1_742' title='bbox 471 5027 874 5099; x_wconf 84' lang='grc' dir='ltr'>κεκρατηκυίας</span> <span class='ocrx_word' id='word_1_743' title='bbox 907 5031 965 5081; x_wconf 86' lang='grc' dir='ltr'><strong>ἐν</strong></span> <span class='ocrx_word' id='word_1_744' title='bbox 1005 5032 1123 5092; x_wconf 86' lang='grc' dir='ltr'>ταῖς</span> <span class='ocrx_word' id='word_1_745' title='bbox 1178 5029 1526 5101; x_wconf 87' lang='grc' dir='ltr'>Ἐκκλησίαις</span> <span class='ocrx_word' id='word_1_746' title='bbox 1555 5030 1650 5083; x_wconf 88' lang='grc' dir='ltr'><strong>τοῦ</strong></span> 
     </span>
    </p>
   </div>
   <div class='ocr_carea' id='block_1_98' title="bbox 61 5113 1653 5190">
    <p class='ocr_par' dir='ltr' id='par_1_98' title="bbox 61 5113 1653 5190">
     <span class='ocr_line' id='line_1_98' title="bbox 61 5113 1653 5190; baseline 0.004 -24"><span class='ocrx_word' id='word_1_747' title='bbox 61 5113 203 5168; x_wconf 83' lang='grc' dir='ltr'>Θεοῦ</span> <span class='ocrx_word' id='word_1_748' title='bbox 253 5116 557 5188; x_wconf 83' lang='grc' dir='ltr'>συνηθείας,</span> <span class='ocrx_word' id='word_1_749' title='bbox 595 5118 686 5172; x_wconf 86' lang='grc' dir='ltr'><strong>τὸν</strong></span> <span class='ocrx_word' id='word_1_750' title='bbox 716 5119 804 5173; x_wconf 82' lang='grc' dir='ltr'>διὰ</span> <span class='ocrx_word' id='word_1_751' title='bbox 841 5118 932 5172; x_wconf 89' lang='grc' dir='ltr'><strong>τοῦ</strong></span> <span class='ocrx_word' id='word_1_752' title='bbox 959 5119 1073 5187; x_wconf 76' lang='grc' dir='ltr'><strong>ὀψὲ</strong></span> <span class='ocrx_word' id='word_1_753' title='bbox 1102 5119 1414 5174; x_wconf 78' lang='grc' dir='ltr'>Σαϐϐάτων</span> <span class='ocrx_word' id='word_1_754' title='bbox 1466 5120 1653 5190; x_wconf 83' lang='grc' dir='ltr'>δηλού-</span> 
     </span>
    </p>
   </div>
   <div class='ocr_carea' id='block_1_99' title="bbox 66 5207 1651 5282">
    <p class='ocr_par' dir='ltr' id='par_1_99' title="bbox 66 5207 1651 5282">
     <span class='ocr_line' id='line_1_99' title="bbox 66 5207 1651 5282; baseline 0.006 -26"><span class='ocrx_word' id='word_1_755' title='bbox 66 5223 234 5275; x_wconf 84' lang='grc' dir='ltr'>μενον</span> <span class='ocrx_word' id='word_1_756' title='bbox 280 5207 492 5279; x_wconf 76' lang='grc' dir='ltr'>καιρὸν,</span> <span class='ocrx_word' id='word_1_757' title='bbox 539 5211 613 5282; x_wconf 80' lang='grc' dir='ltr'>μὴ</span> <span class='ocrx_word' id='word_1_758' title='bbox 656 5211 754 5281; x_wconf 87' lang='grc' dir='ltr'>τὴν</span> <span class='ocrx_word' id='word_1_759' title='bbox 799 5211 1092 5282; x_wconf 86' lang='grc' dir='ltr'>έσπερινὴν</span> <span class='ocrx_word' id='word_1_760' title='bbox 1124 5210 1272 5282; x_wconf 82' lang='grc' dir='ltr'>ὥραν</span> <span class='ocrx_word' id='word_1_761' title='bbox 1323 5209 1482 5276; x_wconf 83' lang='grc' dir='ltr'>εἶναι,</span> <span class='ocrx_word' id='word_1_762' title='bbox 1515 5212 1651 5266; x_wconf 75' lang='grc' dir='ltr'>ἀλλὰ</span> 
     </span>
    </p>
   </div>
   <div class='ocr_carea' id='block_1_100' title="bbox 62 5297 1651 5375">
    <p class='ocr_par' dir='ltr' id='par_1_100' title="bbox 62 5297 1651 5375">
     <span class='ocr_line' id='line_1_100' title="bbox 62 5297 1651 5375; baseline 0.006 -26"><span class='ocrx_word' id='word_1_763' title='bbox 62 5297 288 5370; x_wconf 77' lang='grc' dir='ltr'>ταύτην,</span> <span class='ocrx_word' id='word_1_764' title='bbox 318 5299 385 5370; x_wconf 74' lang='grc' dir='ltr'>ἢν</span> <span class='ocrx_word' id='word_1_765' title='bbox 406 5301 680 5366; x_wconf 84' lang='grc' dir='ltr'>Ματθαῖος</span> <span class='ocrx_word' id='word_1_766' title='bbox 697 5304 859 5368; x_wconf 77' lang='grc' dir='ltr'>αὐτὸς</span> <span class='ocrx_word' id='word_1_767' title='bbox 889 5303 1232 5375; x_wconf 86' lang='grc' dir='ltr'>παρέστησεν</span> <span class='ocrx_word' id='word_1_768' title='bbox 1252 5303 1422 5358; x_wconf 84' lang='grc' dir='ltr'>είπὼν</span> <span class='ocrx_word' id='word_1_769' title='bbox 1438 5303 1512 5372; x_wconf 79' lang='grc' dir='ltr'>τῇ</span> <span class='ocrx_word' id='word_1_770' title='bbox 1527 5305 1651 5358; x_wconf 78' lang='grc' dir='ltr'>ἐπι-</span> 
     </span>
    </p>
   </div>
   <div class='ocr_carea' id='block_1_101' title="bbox 62 5393 1650 5468">
    <p class='ocr_par' dir='ltr' id='par_1_101' title="bbox 62 5393 1650 5468">
     <span class='ocr_line' id='line_1_101' title="bbox 62 5393 1650 5468; baseline 0.006 -25"><span class='ocrx_word' id='word_1_771' title='bbox 62 5393 400 5460; x_wconf 69' lang='grc' dir='ltr'>φωσκούσῃ</span> <span class='ocrx_word' id='word_1_772' title='bbox 428 5395 514 5460; x_wconf 81' lang='grc' dir='ltr'>εὶς</span> <span class='ocrx_word' id='word_1_773' title='bbox 531 5397 679 5462; x_wconf 82' lang='grc' dir='ltr'>μίαν</span> <span class='ocrx_word' id='word_1_774' title='bbox 710 5397 1040 5451; x_wconf 77' lang='grc' dir='ltr'>Σαϐϐάτων.</span> <span class='ocrx_word' id='word_1_775' title='bbox 1070 5397 1206 5452; x_wconf 82' lang='grc' dir='ltr'>Οὑδέ</span> <span class='ocrx_word' id='word_1_776' title='bbox 1232 5396 1340 5467; x_wconf 86' lang='grc' dir='ltr'>γάρ</span> <span class='ocrx_word' id='word_1_777' title='bbox 1363 5396 1516 5466; x_wconf 87' lang='grc' dir='ltr'>λόγον</span> <span class='ocrx_word' id='word_1_778' title='bbox 1537 5393 1650 5468; x_wconf 75' lang='grc' dir='ltr'>εἶχε</span> 
     </span>
    </p>
   </div>
   <div class='ocr_carea' id='block_1_102' title="bbox 63 5483 1649 5560">
    <p class='ocr_par' dir='ltr' id='par_1_102' title="bbox 63 5483 1649 5560">
     <span class='ocr_line' id='line_1_102' title="bbox 63 5483 1649 5560; baseline 0.005 -25"><span class='ocrx_word' id='word_1_779' title='bbox 63 5483 206 5537; x_wconf 87' lang='grc' dir='ltr'><strong>κατά</strong></span> <span class='ocrx_word' id='word_1_780' title='bbox 231 5483 332 5556; x_wconf 82' lang='grc' dir='ltr'><strong>τὴν</strong></span> <span class='ocrx_word' id='word_1_781' title='bbox 360 5486 599 5557; x_wconf 79' lang='grc' dir='ltr'>ἑσπέραν</span> <span class='ocrx_word' id='word_1_782' title='bbox 628 5487 724 5540; x_wconf 89' lang='grc' dir='ltr'><strong>τοῦ</strong></span> <span class='ocrx_word' id='word_1_783' title='bbox 755 5488 1032 5544; x_wconf 85' lang='grc' dir='ltr'>Σαϐϐάτου</span> <span class='ocrx_word' id='word_1_784' title='bbox 1061 5488 1317 5543; x_wconf 83' lang='grc' dir='ltr'>τοιούτων</span> <span class='ocrx_word' id='word_1_785' title='bbox 1357 5489 1649 5560; x_wconf 85' lang='grc' dir='ltr'>θαυμάτων</span> 
     </span>
    </p>
   </div>
   <div class='ocr_carea' id='block_1_103' title="bbox 63 5573 1649 5650">
    <p class='ocr_par' dir='ltr' id='par_1_103' title="bbox 63 5573 1649 5650">
     <span class='ocr_line' id='line_1_103' title="bbox 63 5573 1649 5650; baseline 0.007 -27"><span class='ocrx_word' id='word_1_786' title='bbox 63 5573 210 5641; x_wconf 75' lang='grc' dir='ltr'>ἀμφὶ</span> <span class='ocrx_word' id='word_1_787' title='bbox 245 5574 308 5626; x_wconf 83' lang='grc' dir='ltr'><strong>τὸ</strong></span> <span class='ocrx_word' id='word_1_788' title='bbox 351 5580 613 5648; x_wconf 85' lang='grc' dir='ltr'>μνημεῖον</span> <span class='ocrx_word' id='word_1_789' title='bbox 645 5577 738 5630; x_wconf 87' lang='grc' dir='ltr'><strong>τοῦ</strong></span> <span class='ocrx_word' id='word_1_790' title='bbox 775 5578 1027 5650; x_wconf 77' lang='grc' dir='ltr'>Σωτῆρος</span> <span class='ocrx_word' id='word_1_791' title='bbox 1069 5579 1535 5650; x_wconf 87' lang='grc' dir='ltr'>ἀποτελουμένων,</span> <span class='ocrx_word' id='word_1_792' title='bbox 1573 5578 1649 5650; x_wconf 83' lang='grc' dir='ltr'>μὴ</span> 
     </span>
    </p>
   </div>
   <div class='ocr_carea' id='block_1_104' title="bbox 64 5663 1646 5738">
    <p class='ocr_par' dir='ltr' id='par_1_104' title="bbox 64 5663 1646 5738">
     <span class='ocr_line' id='line_1_104' title="bbox 64 5663 1646 5738; baseline 0 -20"><span class='ocrx_word' id='word_1_793' title='bbox 64 5663 185 5732; x_wconf 70' lang='grc' dir='ltr'>οὐχὶ</span> <span class='ocrx_word' id='word_1_794' title='bbox 220 5663 429 5728; x_wconf 78' lang='grc' dir='ltr'>πάντας</span> <span class='ocrx_word' id='word_1_795' title='bbox 461 5667 587 5729; x_wconf 79' lang='grc' dir='ltr'>τοὺς</span> <span class='ocrx_word' id='word_1_796' title='bbox 621 5666 718 5738; x_wconf 79' lang='grc' dir='ltr'><strong>τὴν</strong></span> <span class='ocrx_word' id='word_1_797' title='bbox 753 5667 905 5720; x_wconf 81' lang='grc' dir='ltr'>πόλιν</span> <span class='ocrx_word' id='word_1_798' title='bbox 933 5666 1216 5730; x_wconf 75' lang='grc' dir='ltr'>οἰκοῦντας</span> <span class='ocrx_word' id='word_1_799' title='bbox 1249 5667 1440 5737; x_wconf 85' lang='grc' dir='ltr'>μαθεῖν</span> <span class='ocrx_word' id='word_1_800' title='bbox 1464 5666 1530 5720; x_wconf 80' lang='grc' dir='ltr'><strong>τά</strong></span> <span class='ocrx_word' id='word_1_801' title='bbox 1562 5684 1646 5734; x_wconf 84' lang='grc' dir='ltr'><strong>γι-</strong></span> 
     </span>
    </p>
   </div>
   <div class='ocr_carea' id='block_1_105' title="bbox 138 5819 670 5900">
    <p class='ocr_par' dir='ltr' id='par_1_105' title="bbox 138 5819 670 5900">
     <span class='ocr_line' id='line_1_105' title="bbox 138 5819 670 5900; baseline 0.006 -3"><span class='ocrx_word' id='word_1_802' title='bbox 138 5843 252 5898; x_wconf 68' lang='lat' dir='ltr'><strong>tam</strong></span> <span class='ocrx_word' id='word_1_803' title='bbox 292 5844 425 5899; x_wconf 88' lang='lat' dir='ltr'><strong>Cod.</strong></span> <span class='ocrx_word' id='word_1_804' title='bbox 458 5819 670 5900; x_wconf 57' lang='grc' dir='ltr'>δηλοῦν.</span> 
     </span>
    </p>
   </div>
   <div class='ocr_carea' id='block_1_106' title="bbox 1757 4655 3340 4725">
    <p class='ocr_par' dir='ltr' id='par_1_106' title="bbox 1757 4655 3340 4725">
     <span class='ocr_line' id='line_1_106' title="bbox 1757 4655 3340 4725; baseline -0.003 -12"><span class='ocrx_word' id='word_1_805' title='bbox 1757 4666 1844 4713; x_wconf 87' lang='lat' dir='ltr'><strong>cte</strong></span> <span class='ocrx_word' id='word_1_806' title='bbox 1868 4658 2104 4713; x_wconf 89' lang='lat' dir='ltr'><strong>medium</strong></span> <span class='ocrx_word' id='word_1_807' title='bbox 2135 4670 2362 4711; x_wconf 92' lang='lat' dir='ltr'><strong>cursum</strong></span> <span class='ocrx_word' id='word_1_808' title='bbox 2412 4655 2526 4724; x_wconf 89' lang='lat' dir='ltr'><strong>jam</strong></span> <span class='ocrx_word' id='word_1_809' title='bbox 2559 4662 2800 4718; x_wconf 89' lang='lat' dir='ltr'><strong>tenente,</strong></span> <span class='ocrx_word' id='word_1_810' title='bbox 2829 4663 2924 4708; x_wconf 88' lang='lat' dir='ltr'><strong>aut</strong></span> <span class='ocrx_word' id='word_1_811' title='bbox 2962 4658 3108 4708; x_wconf 90' lang='lat' dir='ltr'><strong>circa</strong></span> <span class='ocrx_word' id='word_1_812' title='bbox 3137 4655 3340 4725; x_wconf 88' lang='lat' dir='ltr'><strong>gallici-</strong></span> 
     </span>
    </p>
   </div>
   <div class='ocr_carea' id='block_1_107' title="bbox 1757 4745 3336 4815">
    <p class='ocr_par' dir='ltr' id='par_1_107' title="bbox 1757 4745 3336 4815">
     <span class='ocr_line' id='line_1_107' title="bbox 1757 4745 3336 4815; baseline -0.003 -11"><span class='ocrx_word' id='word_1_813' title='bbox 1757 4751 1908 4804; x_wconf 91' lang='lat' dir='ltr'><strong>nium</strong></span> <span class='ocrx_word' id='word_1_814' title='bbox 1927 4749 2012 4804; x_wconf 87' lang='lat' dir='ltr'><strong>vel</strong></span> <span class='ocrx_word' id='word_1_815' title='bbox 2032 4763 2288 4802; x_wconf 89' lang='lat' dir='ltr'><strong>auroram</strong></span> <span class='ocrx_word' id='word_1_816' title='bbox 2316 4767 2330 4802; x_wconf 87' lang='lat'>:</span> <span class='ocrx_word' id='word_1_817' title='bbox 2367 4747 2441 4800; x_wconf 89' lang='lat' dir='ltr'><strong>ita</strong></span> <span class='ocrx_word' id='word_1_818' title='bbox 2474 4758 2533 4801; x_wconf 89' lang='lat' dir='ltr'><strong>ut</strong></span> <span class='ocrx_word' id='word_1_819' title='bbox 2556 4755 2610 4802; x_wconf 91' lang='lat' dir='ltr'><strong>et</strong></span> <span class='ocrx_word' id='word_1_820' title='bbox 2632 4745 2778 4802; x_wconf 83' lang='lat' dir='ltr'><strong>facto</strong></span> <span class='ocrx_word' id='word_1_821' title='bbox 2810 4746 2928 4815; x_wconf 90' lang='lat' dir='ltr'><strong>ipso</strong></span> <span class='ocrx_word' id='word_1_822' title='bbox 2953 4754 3007 4802; x_wconf 89' lang='lat' dir='ltr'><strong>et</strong></span> <span class='ocrx_word' id='word_1_823' title='bbox 3036 4747 3336 4802; x_wconf 86' lang='lat' dir='ltr'><strong>inveterata</strong></span> 
     </span>
    </p>
   </div>
   <div class='ocr_carea' id='block_1_108' title="bbox 1757 4836 3338 4908">
    <p class='ocr_par' dir='ltr' id='par_1_108' title="bbox 1757 4836 3338 4908">
     <span class='ocr_line' id='line_1_108' title="bbox 1757 4836 3338 4908; baseline -0.004 -12"><span class='ocrx_word' id='word_1_824' title='bbox 1757 4843 1810 4896; x_wconf 91' lang='lat' dir='ltr'><strong>in</strong></span> <span class='ocrx_word' id='word_1_825' title='bbox 1838 4841 1928 4896; x_wconf 88' lang='lat' dir='ltr'><strong>Dei</strong></span> <span class='ocrx_word' id='word_1_826' title='bbox 1960 4839 2223 4894; x_wconf 86' lang='lat' dir='ltr'><strong>Ecclesiis</strong></span> <span class='ocrx_word' id='word_1_827' title='bbox 2249 4839 2669 4901; x_wconf 90' lang='lat' dir='ltr'><strong>consuetudine,</strong></span> <span class='ocrx_word' id='word_1_828' title='bbox 2715 4847 2931 4908; x_wconf 88' lang='lat' dir='ltr'><strong>tempus</strong></span> <span class='ocrx_word' id='word_1_829' title='bbox 2966 4836 3338 4908; x_wconf 81' lang='lat' dir='ltr'><strong>signiﬁcatum</strong></span> 
     </span>
    </p>
   </div>
   <div class='ocr_carea' id='block_1_109' title="bbox 1757 4929 3338 5002">
    <p class='ocr_par' dir='ltr' id='par_1_109' title="bbox 1757 4929 3338 5002">
     <span class='ocr_line' id='line_1_109' title="bbox 1757 4929 3338 5002; baseline -0.002 -15"><span class='ocrx_word' id='word_1_830' title='bbox 1757 4948 1854 5002; x_wconf 89' lang='lat' dir='ltr'><strong>per</strong></span> <span class='ocrx_word' id='word_1_831' title='bbox 1883 4932 2047 4988; x_wconf 87' lang='lat' dir='ltr'><strong>verba</strong></span> <span class='ocrx_word' id='word_1_832' title='bbox 2083 4949 2200 4986; x_wconf 74' lang='lat' dir='ltr'><strong>sero</strong></span> <span class='ocrx_word' id='word_1_833' title='bbox 2237 4930 2624 4993; x_wconf 85' lang='lat' dir='ltr'><strong>Sabbatorum,</strong></span> <span class='ocrx_word' id='word_1_834' title='bbox 2659 4929 2802 4983; x_wconf 89' lang='lat' dir='ltr'><strong>haud</strong></span> <span class='ocrx_word' id='word_1_835' title='bbox 2833 4930 3144 4999; x_wconf 88' lang='lat' dir='ltr'><strong>vespertina</strong></span> <span class='ocrx_word' id='word_1_836' title='bbox 3203 4930 3338 4984; x_wconf 83' lang='lat' dir='ltr'><strong>hora</strong></span> 
     </span>
    </p>
   </div>
   <div class='ocr_carea' id='block_1_110' title="bbox 1758 5021 3340 5095">
    <p class='ocr_par' dir='ltr' id='par_1_110' title="bbox 1758 5021 3340 5095">
     <span class='ocr_line' id='line_1_110' title="bbox 1758 5021 3340 5095; baseline -0.003 -16"><span class='ocrx_word' id='word_1_837' title='bbox 1758 5025 1849 5090; x_wconf 92' lang='lat' dir='ltr'><strong>sit,</strong></span> <span class='ocrx_word' id='word_1_838' title='bbox 1874 5025 1969 5079; x_wconf 90' lang='lat' dir='ltr'><strong>sed</strong></span> <span class='ocrx_word' id='word_1_839' title='bbox 1997 5039 2162 5095; x_wconf 87' lang='lat' dir='ltr'><strong>quam</strong></span> <span class='ocrx_word' id='word_1_840' title='bbox 2217 5023 2503 5078; x_wconf 73' lang='lat' dir='ltr'><strong>Matthzeus</strong></span> <span class='ocrx_word' id='word_1_841' title='bbox 2533 5022 2753 5077; x_wconf 83' lang='lat' dir='ltr'><strong>exhibet</strong></span> <span class='ocrx_word' id='word_1_842' title='bbox 2781 5021 2912 5075; x_wconf 87' lang='lat' dir='ltr'><strong>dum</strong></span> <span class='ocrx_word' id='word_1_843' title='bbox 2952 5022 3069 5074; x_wconf 88' lang='lat' dir='ltr'><strong>ait:</strong></span> <span class='ocrx_word' id='word_1_844' title='bbox 3124 5037 3241 5092; x_wconf 78' lang='lat' dir='ltr'><strong>qua:</strong></span> <span class='ocrx_word' id='word_1_845' title='bbox 3278 5021 3340 5074; x_wconf 81' lang='lat' dir='ltr'><strong>il-</strong></span> 
     </span>
    </p>
   </div>
   <div class='ocr_carea' id='block_1_111' title="bbox 1757 5113 3337 5184">
    <p class='ocr_par' dir='ltr' id='par_1_111' title="bbox 1757 5113 3337 5184">
     <span class='ocr_line' id='line_1_111' title="bbox 1757 5113 3337 5184; baseline -0.003 -13"><span class='ocrx_word' id='word_1_846' title='bbox 1757 5119 1970 5172; x_wconf 79' lang='lat' dir='ltr'><strong>lucescit</strong></span> <span class='ocrx_word' id='word_1_847' title='bbox 1993 5118 2048 5170; x_wconf 84' lang='lat' dir='ltr'><strong>in</strong></span> <span class='ocrx_word' id='word_1_848' title='bbox 2076 5134 2237 5171; x_wconf 84' lang='lat' dir='ltr'><strong>unam</strong></span> <span class='ocrx_word' id='word_1_849' title='bbox 2256 5113 2840 5184; x_wconf 81' lang='lat' dir='ltr'><strong>Sabbatorum.Nequc</strong></span> <span class='ocrx_word' id='word_1_850' title='bbox 2875 5113 3018 5168; x_wconf 91' lang='lat' dir='ltr'><strong>enim</strong></span> <span class='ocrx_word' id='word_1_851' title='bbox 3051 5115 3337 5167; x_wconf 88' lang='lat' dir='ltr'><strong>commode</strong></span> 
     </span>
    </p>
   </div>
   <div class='ocr_carea' id='block_1_112' title="bbox 1757 5201 3337 5276">
    <p class='ocr_par' dir='ltr' id='par_1_112' title="bbox 1757 5201 3337 5276">
     <span class='ocr_line' id='line_1_112' title="bbox 1757 5201 3337 5276; baseline -0.004 -15"><span class='ocrx_word' id='word_1_852' title='bbox 1757 5208 2091 5262; x_wconf 87' lang='lat' dir='ltr'><strong>accidissent</strong></span> <span class='ocrx_word' id='word_1_853' title='bbox 2112 5221 2338 5276; x_wconf 90' lang='lat' dir='ltr'><strong>vespere</strong></span> <span class='ocrx_word' id='word_1_854' title='bbox 2363 5204 2585 5260; x_wconf 85' lang='lat' dir='ltr'><strong>Sabbati</strong></span> <span class='ocrx_word' id='word_1_855' title='bbox 2605 5205 2733 5259; x_wconf 88' lang='lat' dir='ltr'><strong>talia</strong></span> <span class='ocrx_word' id='word_1_856' title='bbox 2759 5203 3006 5274; x_wconf 89' lang='lat' dir='ltr'><strong>prodigia</strong></span> <span class='ocrx_word' id='word_1_857' title='bbox 3032 5203 3182 5256; x_wconf 89' lang='lat' dir='ltr'><strong>circa</strong></span> <span class='ocrx_word' id='word_1_858' title='bbox 3206 5201 3337 5256; x_wconf 51' lang='lat' dir='ltr'><strong>Ser.</strong></span> 
     </span>
    </p>
   </div>
   <div class='ocr_carea' id='block_1_113' title="bbox 1755 5295 3337 5366">
    <p class='ocr_par' dir='ltr' id='par_1_113' title="bbox 1755 5295 3337 5366">
     <span class='ocr_line' id='line_1_113' title="bbox 1755 5295 3337 5366; baseline -0.003 -12"><span class='ocrx_word' id='word_1_859' title='bbox 1755 5301 1964 5355; x_wconf 82' lang='lat' dir='ltr'><strong>vatoris</strong></span> <span class='ocrx_word' id='word_1_860' title='bbox 2014 5307 2464 5361; x_wconf 88' lang='lat' dir='ltr'><strong>monumentum,</strong></span> <span class='ocrx_word' id='word_1_861' title='bbox 2524 5314 2593 5353; x_wconf 88' lang='lat' dir='ltr'><strong>ne</strong></span> <span class='ocrx_word' id='word_1_862' title='bbox 2667 5297 2876 5352; x_wconf 89' lang='lat' dir='ltr'><strong>scilicet</strong></span> <span class='ocrx_word' id='word_1_863' title='bbox 2933 5295 3140 5366; x_wconf 89' lang='lat' dir='ltr'><strong>passim</strong></span> <span class='ocrx_word' id='word_1_864' title='bbox 3180 5295 3337 5350; x_wconf 90' lang='lat' dir='ltr'><strong>urbis</strong></span> 
     </span>
    </p>
   </div>
   <div class='ocr_carea' id='block_1_114' title="bbox 1757 5386 3334 5460">
    <p class='ocr_par' dir='ltr' id='par_1_114' title="bbox 1757 5386 3334 5460">
     <span class='ocr_line' id='line_1_114' title="bbox 1757 5386 3334 5460; baseline -0.004 -12"><span class='ocrx_word' id='word_1_865' title='bbox 1757 5394 1948 5448; x_wconf 63' lang='lat' dir='ltr'><strong>incola;</strong></span> <span class='ocrx_word' id='word_1_866' title='bbox 1976 5407 2092 5448; x_wconf 88' lang='lat' dir='ltr'><strong>rem</strong></span> <span class='ocrx_word' id='word_1_867' title='bbox 2114 5400 2530 5458; x_wconf 74' lang='lat' dir='ltr'><strong>cognoscerent,</strong></span> <span class='ocrx_word' id='word_1_868' title='bbox 2548 5392 2806 5460; x_wconf 70' lang='lat' dir='ltr'><strong>fieretque</strong></span> <span class='ocrx_word' id='word_1_869' title='bbox 2830 5403 3135 5444; x_wconf 91' lang='lat' dir='ltr'><strong>concursus</strong></span> <span class='ocrx_word' id='word_1_870' title='bbox 3157 5386 3226 5440; x_wconf 90' lang='lat' dir='ltr'><strong>ad</strong></span> <span class='ocrx_word' id='word_1_871' title='bbox 3249 5397 3334 5442; x_wconf 89' lang='lat' dir='ltr'><strong>tu-</strong></span> 
     </span>
    </p>
   </div>
   <div class='ocr_carea' id='block_1_115' title="bbox 1755 5480 3333 5555">
    <p class='ocr_par' dir='ltr' id='par_1_115' title="bbox 1755 5480 3333 5555">
     <span class='ocr_line' id='line_1_115' title="bbox 1755 5480 3333 5555; baseline -0.005 -15"><span class='ocrx_word' id='word_1_872' title='bbox 1755 5487 1995 5550; x_wconf 89' lang='lat' dir='ltr'><strong>mulum,</strong></span> <span class='ocrx_word' id='word_1_873' title='bbox 2019 5485 2370 5555; x_wconf 86' lang='lat' dir='ltr'><strong>vigilantibus</strong></span> <span class='ocrx_word' id='word_1_874' title='bbox 2400 5485 2674 5539; x_wconf 91' lang='lat' dir='ltr'><strong>omnibus.</strong></span> <span class='ocrx_word' id='word_1_875' title='bbox 2697 5482 3143 5538; x_wconf 84' lang='lat' dir='ltr'><strong>Consentaneum</strong></span> <span class='ocrx_word' id='word_1_876' title='bbox 3172 5480 3333 5551; x_wconf 88' lang='lat' dir='ltr'><strong>quip-</strong></span> 
     </span>
    </p>
   </div>
   <div class='ocr_carea' id='block_1_116' title="bbox 1756 5573 3334 5647">
    <p class='ocr_par' dir='ltr' id='par_1_116' title="bbox 1756 5573 3334 5647">
     <span class='ocr_line' id='line_1_116' title="bbox 1756 5573 3334 5647; baseline -0.003 -16"><span class='ocrx_word' id='word_1_877' title='bbox 1756 5592 1822 5647; x_wconf 89' lang='lat' dir='ltr'><strong>pe</strong></span> <span class='ocrx_word' id='word_1_878' title='bbox 1859 5585 1999 5641; x_wconf 88' lang='lat' dir='ltr'><strong>erat,</strong></span> <span class='ocrx_word' id='word_1_879' title='bbox 2027 5576 2206 5646; x_wconf 89' lang='lat' dir='ltr'><strong>lapide</strong></span> <span class='ocrx_word' id='word_1_880' title='bbox 2233 5575 2544 5646; x_wconf 87' lang='lat' dir='ltr'><strong>prodigiose</strong></span> <span class='ocrx_word' id='word_1_881' title='bbox 2595 5575 2874 5639; x_wconf 86' lang='lat' dir='ltr'><strong>revoluto,</strong></span> <span class='ocrx_word' id='word_1_882' title='bbox 2913 5573 3098 5629; x_wconf 84' lang='lat' dir='ltr'><strong>statim</strong></span> <span class='ocrx_word' id='word_1_883' title='bbox 3128 5588 3334 5628; x_wconf 78' lang='lat' dir='ltr'><strong>como-</strong></span> 
     </span>
    </p>
   </div>
   <div class='ocr_carea' id='block_1_117' title="bbox 1753 5667 3332 5738">
    <p class='ocr_par' dir='ltr' id='par_1_117' title="bbox 1753 5667 3332 5738">
     <span class='ocr_line' id='line_1_117' title="bbox 1753 5667 3332 5738; baseline -0.003 -11"><span class='ocrx_word' id='word_1_884' title='bbox 1753 5676 1864 5730; x_wconf 84' lang='lat' dir='ltr'><strong>lare</strong></span> <span class='ocrx_word' id='word_1_885' title='bbox 1903 5670 2184 5737; x_wconf 86' lang='lat' dir='ltr'><strong>custodes,</strong></span> <span class='ocrx_word' id='word_1_886' title='bbox 2222 5669 2360 5725; x_wconf 88' lang='lat' dir='ltr'><strong>hora</strong></span> <span class='ocrx_word' id='word_1_887' title='bbox 2399 5667 2450 5724; x_wconf 91' lang='lat' dir='ltr'><strong>id</strong></span> <span class='ocrx_word' id='word_1_888' title='bbox 2485 5668 2836 5733; x_wconf 80' lang='lat' dir='ltr'><strong>concedente,</strong></span> <span class='ocrx_word' id='word_1_889' title='bbox 2872 5669 2938 5723; x_wconf 92' lang='lat' dir='ltr'><strong>ad</strong></span> <span class='ocrx_word' id='word_1_890' title='bbox 2967 5682 3031 5723; x_wconf 89' lang='lat' dir='ltr'><strong>ea</strong></span> <span class='ocrx_word' id='word_1_891' title='bbox 3063 5681 3183 5738; x_wconf 75' lang='lat' dir='ltr'><strong>qua:</strong></span> <span class='ocrx_word' id='word_1_892' title='bbox 3207 5681 3332 5723; x_wconf 84' lang='lat' dir='ltr'><strong>eve-</strong></span> 
     </span>
    </p>
   </div>
  </div>
