3846 6220
455 381 560 438 9.15
1169 369 1438 428 EUSEBII
1478 362 1960 426 CESARI'ENSIS
1992 367 2142 426 OPP.
2180 370 2359 426 PARS
2392 373 2479 428 Ill.
2521 405 2591 415 —
2625 375 3040 433 EXEG‘ETICA.
3633 383 3747 438 9M

451 509 653 560 nerant
683 496 1070 556 renuntianda.
1133 494 1201 550 Et
1249 495 1469 565 quidem
1520 494 1577 548 hi
1625 493 1894 550 docentur
1944 495 2033 552 die

2143 495 2354 566 νόμενα,
2383 497 2476 550 καί⁵
2511 499 2783 570 συνδρομὴ
2813 498 3028 567 γεγόνει
3067 497 3161 550 ἐπὶ
3185 496 3246 550 τὸ
3273 497 3484 569 μνῆμα,
3508 497 3748 552 πάντων

455 602 675 666 postero
691 607 721 646 a
742 589 1115 648 sacerdotibus
1135 596 1195 640 ut
1219 601 1492 642 rumorem
1517 586 1573 640 in
1595 588 1793 657 vulgus
1823 595 2033 654 serant,

2149 589 2548 660 ἐγρηγορότων.
2605 591 2920 645 Ἀκόλουθον
2967 591 3025 646 δὲ
3067 587 3134 662 ἦν
3179 590 3583 662 ἀνατραπέντος
3641 592 3746 645 τοῦ

456 686 674 742 venisse
703 690 869 736 noctu
901 676 1204 747 discipulos
1233 673 1362 730 Jesu
1407 674 1472 728 ad
1511 673 1806 728 furandum
1839 691 2033 746 corpus

2145 677 2294 732 λίθου
2323 681 2661 752 παραδόξως,
2686 683 3031 756 παραχρῆμα
3062 682 3293 736 σπεῦσαι
3314 683 3440 746 τοὺς
3460 684 3747 754 φρουροὺς

455 781 586 836 dum
621 777 724 848 ipsi
761 788 954 831 somno
1000 769 1377 841 iudulgerent;
1415 769 1468 824 id
1510 768 1657 840 quod
1700 769 1769 824 ab
1795 771 1876 824 eis
1909 769 2033 839 fingi

2143 771 2210 826 τά
2244 772 2552 844 πραχθέντα
2582 775 2842 844 δηλῶσαι,
2880 777 2978 847 τῆς
3011 775 3160 846 ῶρας
3188 777 3373 838 αὐτοῖς
3406 773 3746 846 ἐπιτρεπού-

455 869 602 928 haud
631 881 770 938 opus
815 863 1028 929 fuisset,
1057 863 1104 917 si
1144 877 1371 932 vespere
1398 859 1561 916 Jesus
1616 860 2032 917 resurrexisset.

2143 880 2260 934 σης.
2290 866 2352 917 Ol
2377 865 2434 919 δὲ
2473 867 2568 920 καὶ
2602 867 2943 921 διδάσκονται
2972 871 3037 938 τῇ
3069 867 3333 938 ὑστεραίᾳ
3357 867 3464 920 ὑπὸ
3489 866 3600 919 τῶν
3639 867 3746 937 ἁρ-

454 963 642 1034 Itaque
674 959 929 1016 existimo
985 973 1053 1012 ex
1087 955 1172 1010 his
1219 955 1618 1019 demonstrari,
1673 955 1728 1010 id
1759 954 1906 1026 quod
1957 954 2033 1008 ait

2143 958 2370 1029 χιερέων
2419 959 2746 1030 διαφημίσαι
2777 962 2856 1024 εἰς
2890 960 3113 1025 πάντας,
3143 963 3224 1014 ὅτι
3255 961 3305 1013 oi
3344 959 3589 1031 μαθηταὶ
3633 961 3744 1014 αὒ-

457 1053 744 1108 Matthaeus
775 1067 892 1104 sero
923 1047 1311 1114 Sabbatorum,
1353 1049 1497 1103 haud
1537 1047 1846 1119 significare
1877 1063 2032 1102 sero-

2143 1047 2236 1102 τοῦ
2279 1051 2471 1115 νυκτὸς
2521 1051 2766 1118 ἐλθόντες
2808 1053 3038 1124 ἔκλεψαν
3065 1055 3225 1108 αὑτὸν
3259 1057 3417 1126 ἡμῶν
3454 1055 3746 1126 κοιμωμέ-

457 1146 625 1201 tinam
663 1142 888 1198 Sahbati
931 1141 1123 1196 horam
1160 1156 1336 1210 neque
1373 1148 1591 1210 tempus
1621 1139 2030 1210 vespertinum;

2143 1157 2249 1196 νων
2269 1159 2283 1172 ·
2317 1142 2346 1195 ὃ
2374 1143 2436 1214 δὴ
2481 1143 2664 1216 χώραν
2696 1147 2796 1200 οὐκ
2831 1143 2975 1219 εἶχεν
3008 1148 3337 1202 πλάττεσθαι
3364 1149 3561 1211 αὐτοὺς
3589 1150 3643 1200 εί
3670 1149 3740 1218 τῇ

456 1253 693 1308 namque
724 1239 840 1306 ipse
871 1235 1157 1290 Matthmus
1189 1234 1374 1288 addit:
1409 1233 1539 1286 hora
1559 1249 1675 1300 qua:
1720 1233 1932 1287 lucescit
1973 1233 2033 1286 in

2143 1237 2352 1310 ἑσπέρα
2398 1239 2682 1310 ἐγήγερτο.
2731 1240 2891 1294 Ἀλλά
2937 1240 3046 1312 γάρ
3106 1239 3346 1311 ἡγοῦμαι
3392 1241 3480 1294 διὰ
3522 1238 3740 1292 τούτων

2135 1327 2555 1384 ἀποδείκνυσθαι
2584 1330 2644 1385 τὸ
2672 1332 2822 1403 παρά
2863 1331 2942 1403 τῷ
2983 1333 3247 1402 Ματθαίῳ
3275 1333 3572 1403 λεγόμενον
3616 1329 3742 1399 ἀψὲ

456 1422 641 1477 ηειπω
681 1430 900 1484 essent,
943 1419 1241 1474 secundum
1275 1415 1560 1470 Joannem.
1612 1413 1705 1468 Sic
1729 1415 1874 1468 enim
1909 1415 2033 1469 har-

2143 1421 2470 1486 Σαϐὅάτων,
2493 1425 2565 1494 μὴ
2593 1423 2690 1495 τὴν
2718 1423 2907 1495 ὀψινὴν
2936 1423 3084 1494 ὥραν
3103 1424 3198 1476 τοῦ
3219 1423 3497 1476 Σαὸϐάτου
3524 1423 3736 1492 σημαί-

446 1513 641 1567 monia
671 1509 1224 1580 fietevangelicarum
1274 1523 1493 1572 vocum,
1538 1506 1704 1562 veluti
1753 1522 1862 1561 uno
1908 1515 2033 1561 tem-

2143 1531 2266 1578 νειν,
2294 1515 2427 1586 μηδὲ
2449 1516 2539 1568 τὸν
2568 1515 2853 1588 ἐσπερινὸν
2899 1517 3108 1588 καιρόν·
3136 1515 3248 1569 ἀλλ’
3271 1516 3433 1579 αὐτὸς
3448 1514 3739 1578 Ματθαῖος

456 1621 590 1676 pore
624 1605 693 1658 ab
729 1603 863 1673 ipsis
895 1601 1203 1673 signiﬁcato
1227 1641 1240 1663 ,
1274 1601 1422 1671 quod
1466 1607 1647 1654 tamen
1701 1599 1754 1653 in
1805 1600 2033 1672 singulis

2143 1605 2420 1676 ἐπήγαγεν
2451 1605 2550 1677 τὴν
2587 1606 3008 1676 ἐπιφώσκουσαν
3036 1605 3196 1676 ὤραν
3224 1608 3313 1672 είς
3337 1607 3488 1675 μίαν
3513 1604 3740 1658 Σαϐϐά-

453 1704 700 1752 mutatur
741 1695 1053 1765 scripturis,
1089 1694 1162 1747 ita
1207 1701 1267 1746 ut
1319 1693 1463 1746 intra
1491 1708 1655 1746 unam
1682 1691 2033 1762 eamdemque

2143 1715 2278 1762 των,
2321 1699 2443 1770 ἥτις
2468 1695 2537 1772 ἦν
2570 1699 2733 1772 πρωῒ,
2763 1699 2841 1754 ἔτι
2874 1700 3094 1763 σκοτίας
3118 1699 3284 1770 οῦσης
3311 1699 3455 1752 κατά
3484 1698 3577 1750 τὸν
3622 1698 3741 1750 Ἰω-

455 1787 647 1842 horam
670 1785 996 1856 principium
1017 1783 1178 1837 liccat
1201 1781 1464 1850 cogitare,
1485 1781 1745 1843 medium,
1765 1787 1818 1835 et
1842 1780 2024 1838 finem.

2143 1785 2294 1857 iwqu
2315 1805 2327 1818 ·
2352 1788 2496 1842 οὕτω
2523 1790 2632 1862 γάρ
2665 1791 2699 1861 ή
2733 1789 3020 1860 συμφωνία
3061 1790 3356 1861 συνδράμοι
3384 1788 3449 1842 ἂν
3481 1787 3595 1841 τῶν
3647 1787 3741 1840 εὑ-

457 1879 764 1950 αγγελικῶν
791 1878 1011 1949 φωνῶν·
1048 1877 1123 1940 ὡς
1157 1875 1351 1946 καιροῦ
1383 1875 1484 1946 μὲν
1513 1874 1631 1938 ἑνὸς
1655 1875 1722 1928 δι’
1781 1875 1961 1928 αὐτῶν
2024 1881 2452 1954 σημαινομένου,
2483 1883 2925 1938 ἀναλλαττόντων
2953 1884 3010 1937 δέ
3039 1885 3169 1954 παρ’
3219 1883 3453 1936 ἑκάστου
3486 1879 3598 1934 τῶν
3636 1878 3738 1933 τοῦ

456 1979 648 2052 καιροῦ
686 1977 920 2048 μορίων·
960 1976 1083 2028 ἐπεὶ
1111 1976 1203 2028 καὶ
1237 1975 1365 2044 μιᾶς
1399 1974 1492 2026 καὶ
1531 1973 1630 2044 τῆς
1659 1972 1829 2042 αὐτῆς
1859 1971 2030 2044 ὥρας,
2070 1979 2162 2030 καὶ
2193 1979 2292 2049 τὴν
2326 1981 2502 2052 ἀρχήν
2527 1983 2674 2034 ἐστιν
2698 1981 3005 2052 ἐπινοῆσαι,
3067 1979 3159 2034 καὶ
3195 1979 3256 2033 τὸ
3291 1979 3473 2050 μέσον,
3507 1974 3606 2028 καὶ
3675 1973 3740 2028 τὸ

455 1348 618 1386 unam
651 1328 1034 1387 Sabbatorum;
1089 1339 1248 1380 mane
1293 1322 1548 1388 videlicet
1587 1322 1715 1377 dum
1750 1323 1927 1378 adhuc
1956 1330 2038 1376 te-

457 2075 627 2136 τέλος.

529 2170 583 2224 5.
624 2167 780 2222 Haud
806 2167 974 2238 igitur
999 2181 1031 2220 a
1061 2168 1292 2221 veritate
1313 2165 1676 2228 aberraveris,
1699 2165 1746 2222 si
1771 2181 1800 2220 a
1818 2163 2030 2221 Joanne

451 2260 675 2314 initium
710 2256 1136 2314 resurrectionis
1172 2254 1482 2312 Serratoris
1517 2258 1693 2312 nostri
1748 2257 1903 2313 dicas
1953 2259 2032 2314 si-

457 2350 733 2422 gniﬁcari,
759 2349 903 2420 apud
935 2364 1096 2420 quem
1128 2347 1448 2418 Magdalena
1480 2362 1662 2414 mane,
1693 2347 1822 2402 dum
1855 2347 2032 2402 adhuc

460 2443 700 2498 tenebrze
719 2449 926 2506 essent,
961 2439 1130 2496 semel
1161 2446 1323 2509 atque
1372 2439 1570 2494 iterum
1611 2437 1679 2492 ad
1710 2453 2034 2493 monumen-

382 2593 387 2598 ,
459 2543 576 2605 tum
625 2547 938 2605 progressa,
974 2530 1286 2586 Servatoris
1333 2545 1565 2601 corpore
1607 2529 1754 2584 haud
1787 2530 2030 2593 invento,

457 2624 550 2680 flet
581 2644 594 2680 :
627 2624 755 2694 quia
786 2623 992 2678 nemini
1021 2621 1202 2677 adhuc
1237 2622 1572 2678 resurrectio
1603 2620 1726 2692 ejus
1748 2623 2030 2693 explorata

456 2723 594 2770 erat.
648 2713 747 2768 Est
797 2721 978 2767 autem
1011 2713 1134 2782 ejus
1165 2713 1314 2766 hora:
1345 2726 1472 2782 pars
1519 2712 1690 2766 altera
1719 2720 1936 2782 tempus
1979 2713 2031 2768 id

457 2811 525 2866 de
545 2824 654 2880 quo
684 2807 975 2862 Mattlmus
1007 2805 1281 2875 loquitur;
1313 2819 1437 2859 cum
1463 2803 1716 2860 videlicet
1743 2805 1908 2859 tertio
1936 2821 2032 2860 ve-

457 2905 617 2958 niens
652 2900 720 2955 ad
747 2905 1162 2954 monumentum
1191 2896 1380 2951 eadem
1418 2895 1739 2966 Magdalena
1766 2910 1889 2950 cum
1925 2895 2032 2950 alia

457 2995 652 3058 Maria,
685 2991 831 3047 haud
860 2991 972 3060 jam
1004 2989 1116 3054 flet,
1147 2989 1350 3060 quippe
1379 3003 1520 3058 quae,
1570 2996 1631 3042 ut
1661 2989 1738 3042 ait
1764 2987 2028 3050 Joannes,

452 3086 565 3154 jam
616 3083 842 3154 angelos
877 3081 1088 3137 viderat
1139 3079 1432 3150 ipsumque
1467 3077 1840 3135 Servatorem.
1891 3077 2027 3132 Nam

460 3189 584 3245 quae
611 3174 874 3228 dicuntur
905 3187 936 3225 a
970 3169 1116 3225 Luca
1161 3178 1217 3225 et
1268 3169 1454 3224 Marco
1498 3170 1604 3223 alia
1660 3186 1762 3226 nos
1813 3169 2033 3234 docent,
2064 3161 2105 3218 C

461 3266 607 3338 apud
655 3281 794 3336 quos
845 3267 1108 3320 nimirum
1161 3264 1349 3334 plures
1389 3265 1618 3317 veniunt
1663 3262 2038 3318 observatum

371 3406 376 3412 .
458 3359 742 3413 mulieres.
800 3356 971 3411 Porro
1029 3364 1210 3410 autem
1269 3354 1643 3424 Magdalenam
1699 3355 2038 3425 temporibus

459 3451 610 3508 haud
638 3464 970 3522 magnopere
1021 3449 1165 3504 inter
1207 3463 1267 3503 se
1324 3447 1660 3502 distantibus
1715 3445 2036 3502 interfuisse

455 3551 613 3615 puta,
652 3543 748 3598 sed
777 3558 888 3597 uno
918 3541 1031 3596 fere
1064 3539 1330 3594 continuo
1371 3546 1640 3608 tempore,
1691 3537 1821 3592 dum
1866 3539 2036 3594 semel

458 3644 512 3690 et
543 3637 742 3692 iterum
788 3635 940 3690 circa
988 3649 1110 3689 eum
1164 3632 1348 3686 locum
1395 3639 1741 3698 versaretur;
1795 3630 2035 3701 primum

459 3732 575 3802 ipsa
607 3731 753 3798 sola;
785 3727 1027 3786 secundo
1066 3741 1190 3782 cum
1215 3725 1321 3779 alia
1352 3722 1542 3777 Maria.
1579 3722 1670 3777 Sic
1701 3725 1890 3780 eadem
1923 3723 2035 3778 Ma-

457 3819 889 3896 ria'Magdalena
927 3829 982 3877 et
1010 3819 1152 3891 apud
1183 3817 1495 3873 Matthaaum
1539 3823 1772 3886 spectat,
1805 3826 1858 3871 et
1890 3815 2034 3888 apud

459 3919 746 3975 Joannem.
792 3915 980 3985 Neque
1009 3913 1217 3968 idcirco
1245 3909 1587 3966 excludenda
1615 3917 1698 3964 est
1749 3924 1778 3961 a
1809 3917 2036 3963 czetero-

459 4024 580 4064 rum
611 4006 1070 4078 evangelistarum
1101 4001 1516 4058 narrationibus
1548 4019 1562 4053 :
1597 4015 1706 4052 non
1753 3999 1900 4053 enim
1949 4013 2036 4052 re-

459 4101 689 4156 cedebat
721 4115 753 4154 a
784 4100 928 4164 loco,
975 4096 1074 4153 sed
1125 4097 1315 4150 aderat
1364 4096 1754 4167 perstabatque
1803 4091 2034 4146 attonita

455 4195 614 4263 visis,
643 4193 979 4266 CUpiensque
1007 4197 1130 4261 post
1152 4189 1410 4260 primam,
1435 4185 1678 4244 secunda
1712 4187 1877 4241 etiam
1926 4193 2035 4238 ter-

454 4289 646 4358 tiaque
675 4285 1017 4356 apparitione
1055 4283 1160 4337 frui
1193 4301 1206 4336 :
1239 4282 1293 4336 id
1338 4279 1486 4351 quod
1515 4295 1708 4350 reapse
1736 4285 2033 4333 consecuta

455 4388 561 4445 est,
595 4379 726 4434 dum
752 4376 1092 4432 multimodis
1119 4373 1432 4443 complures
1465 4372 1726 4426 mulieres
1755 4369 1824 4424 ad
1850 4376 2037 4424 tumu-

2203 2165 2276 2235 γ’.
2313 2164 2432 2220 Οὐκ
2467 2164 2534 2219 ἂν
2567 2165 2702 2234 γοῦν
2731 2165 3001 2236 ἁμάρτοις
3021 2164 3090 2218 τά
3127 2164 3224 2235 μέν
3246 2165 3441 2236 πρῶτα
3467 2164 3569 2235 τῆς
3601 2165 3741 2220 ἀναι-

2140 2259 2382 2322 στάσεως
2406 2258 2501 2312 τοῦ
2535 2258 2790 2328 Σωτῆρος
2813 2258 2970 2329 ἡμῶν
2996 2255 3357 2327 σημαίνεσθαι
3380 2255 3554 2311 εἰπὼν
3581 2261 3737 2329 παρὰ

2137 2349 2215 2420 τῷ
2247 2350 2492 2420 Ἰωάννῃ,
2518 2353 2643 2420 παρ’
2726 2347 3106 2420 ήΜαγδαληνὴ
3118 2347 3282 2419 πρωῒ,
3311 2347 3393 2400 ἐτι
3411 2348 3582 2417 οῠσης
3607 2365 3739 2403 σκο-

2138 2441 2278 2507 τίας,
2302 2443 2402 2495 καὶ
2419 2442 2635 2512 πρῶτον
2661 2441 2757 2494 καὶ
2779 2440 3029 2512 δεύτερον
3059 2442 3332 2494 ἐπιστᾶσα
3346 2440 3425 2510 τῷ
3456 2444 3732 2512 μνήματι,

2142 2534 2234 2587 καὶ
2260 2534 2334 2606 μὴ
2359 2533 2596 2605 εὑροῦσα
2627 2533 2687 2587 τὸ
2720 2533 2880 2604 σῶμα
2914 2533 3007 2587 τοῦ
3041 2532 3316 2604 Σωτῆρος,
3339 2533 3521 2587 κλαίει
3546 2535 3641 2589 διὰ
3676 2537 3737 2587 τὸ

2145 2629 2345 2698 μηδένα
2369 2630 2537 2699 μήπω
2566 2628 2865 2696 ἐγνωκέναι
2898 2627 3025 2698 περὶ
3052 2627 3153 2696 τῆς
3172 2628 3526 2691 ἀναστάσεως
3541 2628 3730 2681 αὐτοῦ·

2140 2722 2238 2792 τῆς
2270 2721 2440 2791 αὐτῆς
2466 2721 2522 2774 δὲ
2546 2720 2695 2792 ὥρας
2729 2721 2896 2792 μέρος
2925 2713 3064 2773 εἶναι
3085 2719 3335 2791 δεύτερον
3357 2720 3448 2773 τὸν
3468 2721 3628 2792 παρὰ
3659 2720 3735 2788 τῷ

2141 2809 2406 2881 Ματθαίῳ
2455 2809 2678 2881 χρόνον,
2733 2808 2855 2863 καθ’
2895 2809 2953 2862 ὃν
2986 2808 3167 2878 τρίτον
3216 2810 3488 2861 ἐπιστᾶσα
3525 2810 3562 2880 ή
3593 2809 3730 2877 αὑτὴ

2141 2902 2471 2974 Μαγδαληνὴ
2506 2904 2622 2973 ἃμα
2647 2905 2712 2973 τῇ
2747 2901 2882 2974 ἄλλῃ
2917 2901 3106 2971 Μαρια
3136 2899 3216 2970 τῷ
3246 2901 3513 2970 μνήματι,
3544 2899 3728 2954 οὐκέτι

2139 2993 2334 3057 κλαίει,
2366 2993 2442 3057 ὼς
2482 2993 2547 3047 ἂν
2577 2993 2728 3063 παρά
2757 2991 2836 3062 τῷ
2882 2992 3104 3063 Ἰωάννῃ
3143 2990 3445 3061 τεθεαμένη
3476 2992 3609 3054 τοὺς
3634 2992 3728 3055 ἀγα

2137 3085 2327 3152 γέλους
2359 3086 2452 3138 καὶ
2476 3084 2636 3138 αὐτὸν
2660 3084 2750 3138 τὸν
2771 3084 3017 3155 Σωτῆρα·
3043 3083 3112 3136 τά
3132 3081 3241 3152 γὰρ
3258 3080 3410 3153 παρὰ
3437 3080 3520 3152 τῷ
3545 3081 3729 3150 Acuti.

2141 3178 2236 3231 καὶ
2288 3176 2365 3247 τῷ
2400 3179 2611 3250 Μάρκῳ
2655 3177 2857 3249 ἐτέρων
2907 3175 2974 3230 ἀν
3026 3175 3112 3245 εἴη
3141 3173 3440 3244 δηλωτικὰ,
3486 3174 3621 3244 παρ’
3651 3166 3726 3233 οἷς

2143 3269 2360 3332 πλείους
2375 3268 2687 3322 ἀπαντῶσιν
2721 3271 2978 3337 γυναῖκες
3008 3269 3102 3322 ἐπὶ⁵
3136 3266 3234 3338 τὴν
3261 3265 3410 3319 θέαν·
3448 3264 3551 3336 τὴν
3579 3265 3636 3317 δέ
3669 3281 3728 3330 γε

2140 3359 2506 3432 Μαγδαληνὴν
2533 3358 2607 3431 μὴ
2644 3361 2862 3432 μακράν
2901 3360 3144 3430 ἀλλήλων
3169 3358 3454 3412 διεστῶσιν
3485 3359 3727 3428 ἀπηντη-

2137 3452 2293 3506 κέναι
2338 3455 2550 3524 καιροίς
2586 3452 2797 3524 νόμιζε,
2838 3451 2953 3506 ἀλλ’
2999 3453 3056 3504 ἐν
3081 3450 3158 3522 τῷ
3190 3450 3339 3521 αὐτῷ
3367 3451 3463 3502 καὶ
3496 3448 3642 3502 κατά
3673 3446 3728 3498 τὸ

2139 3543 2270 3596 αὐτὸ
2303 3546 2636 3615 παρατυχεῖν
2673 3544 2767 3596 καὶ
2797 3541 2858 3596 τὸ
2883 3543 3097 3614 πρῶτον
3125 3543 3220 3596 καὶ
3254 3542 3317 3595 τὸ
3347 3541 3626 3611 δεύτερον·
3671 3539 3728 3590 τὸ

2142 3638 2242 3704 μὲν
2270 3634 2505 3704 πρῶτον,
2527 3635 2648 3691 καθ’
2669 3635 2866 3705 ἑαυτὴν
2891 3634 3058 3704 μόνην
3081 3650 3095 3664 ·
3121 3634 3182 3686 τὸ
3203 3633 3260 3687 δὲ
3288 3632 3570 3703 δεύτερον,
3590 3631 3726 3701 μετὰ

2137 3725 2237 3796 τῆς
2257 3724 2422 3795 ἄλλης
2447 3725 2686 3796 Μαρίας·
2711 3723 2853 3778 οὕτω
2882 3724 2929 3777 δ’
2943 3719 3037 3777 οῦν
3067 3725 3101 3794 ή
3125 3723 3262 3794 αὐτὴ
3292 3715 3486 3793 Μαρία
3511 3724 3549 3794 ἡ
3567 3723 3723 3788 Μαγ-

2138 3816 2338 3888 δαληνὴ
2369 3817 2464 3870 καὶ
2491 3816 2561 3869 τά
2594 3801 2833 3888 παράτῷ
2848 3815 3111 3886 Ματθαίῳ
3127 3814 3316 3867 ἐθεᾶτο
3350 3815 3448 3868 καὶ
3482 3813 3555 3867 τά
3580 3813 3725 3884 παρά

2137 3908 2217 3980 τῷ
2250 3909 2488 3980 Ἰωάννῃ·
2514 3909 2613 3962 οὐκ
2639 3907 3046 3977 άπελιμπάνετο
3072 3906 3130 3959 δὲ
3156 3905 3262 3959 τῶν
3284 3905 3437 3977 παρά
3465 3909 3584 3968 τοῖς
3603 3906 3726 3958 πολι

2139 4000 2249 4066 λοῖς
2275 3999 2802 4072 ἀναγεγραμμένων·
2836 3999 2898 4052 οὺ
2937 3999 3046 4068 γάρ
3074 3997 3369 4052 ἀπεστάτει
3401 3997 3500 4051 τοῦ
3535 3997 3720 4049 τόπου·

2139 4094 2318 4164 παρῆν
2329 4095 2386 4147 δὲ
2402 4095 2494 4147 καὶ
2506 4091 2811 4164 παρέμενεν
2828 4089 3329 4160 καταπεπληγμένη
3348 4089 3450 4159 μὲν
3464 4089 3535 4142 τά
3547 4088 3727 4142 τεθεαο

2141 4189 2299 4258 μένα,
2329 4186 2566 4240 ποθοῦσα
2592 4185 2649 4238 δὲ
2673 4183 2808 4256 πρὸς
2823 4187 2934 4247 τοῖς
2963 4183 3198 4255 πρώτοις
3219 4182 3312 4234 καὶ
3344 4181 3622 4253 δευτέρων
3637 4181 3723 4234 καὶ

2137 4279 2302 4352 τριῶν
2337 4277 2664 4347 θεοφανειῶν
2696 4275 3118 4346 καταξιωθῆναι·
3153 4266 3227 4327 ὧν
3257 4272 3566 4343 ἐτύγχανεν
3598 4271 3720 4343 μετά

2137 4373 2310 4427 ταῦτα
2343 4373 2616 4444 διαφόρως
2651 4372 2750 4442 μὲν
2769 4369 3028 4423 πλειόνων
3062 4367 3340 4437 γυναικῶν
3374 4368 3475 4420 ἐπὶ
3506 4367 3570 4420 τὸ
3603 4384 3719 4438 μνη-

457 4473 568 4525 lum
597 4471 857 4536 veniunt;
913 4477 1075 4537 atque
1124 4465 1246 4520 aliis
1283 4465 1441 4517 aliter
1492 4462 1738 4532 angelica
1782 4459 1923 4515 visio
1975 4475 2033 4513 se

2144 4469 2292 4536 μεῖον
2333 4463 2743 4534 ἀφικνουμένων
2759 4503 2776 4530 ,
2804 4461 2993 4515 ἄλλοτε
3012 4461 3056 4514 δ’
3080 4461 3254 4524 άλλως
3277 4460 3476 4522 αὐταῖς
3505 4460 3713 4527 ἀγγελι-

454 4563 651 4630 oﬂert;
688 4563 808 4632 ipsa
841 4570 1020 4614 autem
1070 4559 1387 4628 Magdalena
1438 4555 1672 4626 singulis
1727 4552 2034 4608 visionibus

459 4655 708 4709 interest.
738 4652 916 4722 Atque
945 4651 1020 4704 ita
1052 4665 1234 4704 rerum
1267 4645 1412 4719 apud
1468 4655 1704 4716 quatuor
1757 4643 2032 4714 evangeli-

460 4757 574 4802 stas
607 4746 940 4816 scriptarum
973 4741 1268 4812 spectatrix
1325 4739 1426 4794 fuit
1463 4739 1780 4809 Magdalena
1815 4754 1828 4789 :
1865 4749 2034 4805 quare

457 4848 512 4893 et
543 4839 709 4907 hujus
733 4835 879 4907 apud
929 4851 1119 4889 omnes
1165 4833 1371 4888 mentio
1420 4831 1496 4884 fit.
1547 4829 1642 4883 Sic
1693 4828 1856 4882 etiam
1889 4825 2032 4879 idem

459 4937 674 5001 tempus
707 4937 848 4992 erat,
871 4927 1014 4996 quod
1052 4926 1150 4980 abs
1185 4923 1395 4978 Joanne
1427 4931 1480 4976 et
1506 4938 1535 4974 a
1568 4919 1818 4974 Mattth
1849 4918 2034 4988 perhi-

447 5023 666 5076 betur:
713 5020 809 5076 sed
841 5031 1020 5074 tamen
1067 5017 1234 5086 hujus
1283 5013 1546 5085 temporis
1599 5011 1814 5066 diversa
1869 5010 2037 5064 inter-

457 5114 600 5168 valla
634 5112 778 5184 apud
809 5112 1054 5182 singulos
1086 5118 1364 5164 notantur.

529 5289 584 5346 4.
626 5287 815 5360 Neque
840 5296 894 5343 te
926 5290 1218 5343 conturbet
1238 5287 1291 5342 id
1310 5286 1458 5357 quod
1491 5302 1520 5340 a
1547 5283 1802 5339 Mattlueo
1831 5282 2034 5337 dicitur

461 5391 748 5450 postquam
779 5379 900 5434 duae
936 5379 1118 5433 Mariae
1164 5379 1232 5432 ad
1258 5376 1546 5433 visendum
1577 5375 1849 5430 tumulum
1873 5388 2033 5427 vene-

531 5583 642 5654 (51)
686 5583 1076 5654 Quaestiohzcc
1110 5583 1394 5654 hucusque
1457 5581 1654 5654 partim
1695 5580 1835 5654 inest
1867 5575 2031 5654 etiam

459 5655 514 5708 in
538 5646 734 5710 codice
763 5651 1158 5714 Gr.'Mediceo,
1193 5646 1328 5707 teste
1358 5646 1626 5705 Bandinio
1667 5657 1704 5702 ι.
1743 5649 1784 5710 Ι,
1817 5665 1870 5717 p.
1905 5646 2028 5700 159.

458 5725 607 5778 ldein
652 5735 828 5778 tamen
882 5722 1087 5776 frustra
1133 5724 1463 5790 suspicatur,
1507 5735 1628 5789 qua:
1659 5718 1857 5790 ibidem
1889 5719 2034 5790 apud

459 5810 583 5848 cum
614 5803 913 5865 sequuntur
951 5792 1069 5844 λίαν
1117 5788 1400 5868 θαυμάζω,
1450 5788 1581 5866 etc},
1629 5802 1751 5865 esse
1783 5788 2030 5847 eiusdem

2140 4555 2243 4625 κῆς
2269 4555 2443 4625 ὅψεως
2475 4553 2981 4626 παραφαινομένης,
3013 4553 3183 4622 αὐτῆς
3204 4551 3261 4603 δὲ
3286 4552 3370 4619 ἐφ’
3399 4553 3613 4622 ἑκάστῃ
3631 4549 3714 4616 θέᾳ

2140 4644 2686 4718 παρατυγχανούσης·
2708 4646 2851 4699 οὕτω
2881 4645 3016 4714 γοῦν
3044 4644 3152 4699 τῶν
3183 4641 3339 4714 παρά
3364 4646 3483 4707 τοῖς
3498 4645 3712 4711 τέσσαρ-

2141 4757 2224 4792 σιν
2259 4737 2670 4807 εὑαγγελισταίς
2699 4735 3204 4806 ἀναγεγραμμένων
3233 4733 3445 4804 θεωρὸς
3481 4733 3713 4802 ἐγίγνετο

2140 4833 2172 4901 ή
2201 4829 2552 4900 Μαγδαληνή·
2588 4829 2668 4882 διὸ
2695 4829 2790 4882 καὶ
2814 4827 2967 4898 παρά
3004 4830 3115 4889 τοῖς
3143 4827 3307 4878 πᾶσιν
3339 4823 3713 4896 ἐμνημονεύθη

2141 4923 2272 4994 (51)·
2302 4921 2445 4976 οὓτω
2469 4921 2524 4974 δὲ
2551 4921 2644 4974 καὶ
2663 4922 2692 4974 ὁ
2728 4921 2826 4991 μὲν
2856 4919 3044 4990 καιρὸς
3081 4920 3111 4970 ὁ
3142 4916 3306 4980 αὐτὸς
3334 4913 3405 4988 ἧν
3436 4919 3466 4970 ό
3498 4916 3608 4970 ὑπὸ
3629 4912 3710 4967 τοῦ

2152 5015 2396 5069 Ἰωάννου
2430 5016 2526 5068 καὶ
2553 5013 2646 5066 τοῦ
2673 5011 2953 5068 Ματθαίου
2976 5011 3405 5082 παριστάμενος·
3432 5009 3533 5062 τοῦ
3563 5009 3608 5062 δ’
3628 5008 3707 5060 αὺ-

2134 5105 2233 5159 τοῦ
2263 5105 2456 5178 καιροῦ
2480 5105 2713 5176 διάφορα
2738 5103 3082 5175 διαστήματα
3107 5105 3234 5170 παρ’
3257 5101 3479 5171 ἑκάστῳ
3496 5114 3708 5171 τετηρηο

2137 5198 2296 5267 μένα.
2577 5222 2580 5226 ’

2208 5291 2270 5344 δ’.
2309 5291 2401 5362 Μὴ
2432 5291 2744 5362 ταραττέτω
2770 5289 2826 5344 δέ
2862 5306 2919 5342 σε
2942 5290 3004 5342 τὸ
3027 5288 3279 5356 λέγεσθαι
3303 5288 3457 5358 παρά
3473 5287 3552 5358 τῷ
3571 5287 3706 5340 Ματ-

2139 5381 2275 5451 θαίῳ
2311 5383 2450 5452 μετά
2482 5382 2541 5435 τὸ
2573 5381 2746 5434 ἐλθεῖν
2787 5380 2885 5443 τάς
2925 5380 3018 5433 δύο
3061 5379 3280 5450 Μαρίας
3313 5379 3589 5450 θεωρῆσαι
3631 5378 3706 5428 τὶν

2137 5584 2390 5651 Eusebii;
2422 5593 2550 5640 sunt
2572 5584 2715 5638 enim
2742 5580 3293 5642 lsodori‘Pelusiotae,
3322 5588 3387 5632 ut.
3406 5586 3696 5651 apparetur:

2136 5645 2638 5782 eodgiliavaticanis,
2671 5658 2782 5710 imo
2802 5669 2868 5710 ex
2903 5651 3098 5709 lsidori
3128 5651 3396 5716 editione,
3424 5645 3583 5721 epist.
3612 5645 3688 5700 lib.

2138 5743 2201 5782 ιι.
2343 5768 2358 5782 .
