3846 6220
453 279 563 338 947

1137 279 1403 339 EUSEBII
1440 281 1918 340 CIESARIENSIS
1955 281 2104 339 OPP.
2147 282 2324 339 PARS
2353 283 2440 340 Ill.
2481 315 2549 324 —
2591 280 3036 339 EXEGE’I’ICA.‘

3601 281 3702 334 εδδ

449 413 580 454 rans
613 396 1092 463 resurrectionem,
1113 398 1344 470 ideoque
1367 399 1522 464 ﬂens,
1551 400 1688 454 nihil
1709 408 2008 455 tortuosum

2121 401 2218 473 τὴν
2233 402 2547 465 ἀνάστασιν,
2571 404 2664 456 καὶ
2691 401 2779 455 διὰ
2791 400 2952 454 τοῦτο
2976 397 3287 460 κλαίουσαν,
3311 397 3462 450 οὐδὲν
3480 396 3547 448 av
3578 413 3701 448 σκο-

449 489 550 545 tibi
583 496 860 552 occurret,
893 489 1042 542 omni
1081 489 1194 558 jam
1238 491 1582 546 dubitatione
1611 507 1676 546 ac
1715 493 2020 561 quaestione

447 584 678 633 remota.
711 577 882 648 Igitur
913 578 1058 647 quod
1089 595 1215 634 sero
1245 579 1633 647 Sabbatorum,
1675 582 1838 636 sicuti
1871 593 2019 636 retro

445 670 795 734 tradidimus,
839 679 1142 741 perpetrata
1182 672 1387 728 fuerint
1423 689 1486 728 ea
1515 691 1636 744 quce
1685 675 1829 746 apud
1877 674 2016 730 Mat-

445 763 644 818 tbaeum
678 763 999 817 scribuntur
1051 764 1119 820 dc
1167 765 1478 821 interventu
1533 767 1824 822 Mariarum
1880 769 2017 823 dua-

447 867 604 915 rum;
645 851 898 920 quodque
942 866 1100 906 mane
1130 868 1236 906 una
1269 852 1631 908 Sabbatorum
1675 855 1797 908 alite
1834 854 2017 909 Maria:

444 959 507 997 ea
549 959 668 1013 quae
709 951 836 997 sunt
884 943 1026 1012 apud
1077 942 1344 999 Joannem
1379 945 1779 1014 spectaverint;
1831 946 2014 1000 omnia

446 1035 582 1097 haec,
613 1035 854 1104 inquam,
887 1049 1014 1089 vera
1044 1043 1193 1100 sunt,
1244 1037 1505 1104 nullaque
1536 1037 1900 1106 repugnantia
1930 1045 2015 1091 est

445 1125 528 1179 vel
560 1125 804 1178 locorum
843 1125 924 1178 vel
956 1132 1260 1194 temporum
1293 1125 1376 1179 vel
1405 1137 1764 1193 personarum
1795 1123 1879 1177 vel
1913 1122 2012 1176 de-

447 1219 610 1286 nique
634 1216 985 1270 narrationis.

519 1309 570 1361 7.
612 1307 747 1361 Nam
788 1308 834 1362 si
875 1306 1019 1361 forte
1044 1306 1377 1376 Magdalenze
1411 1321 1632 1368 nomen,
1683 1305 1832 1376 quod
1866 1303 2013 1373 apud

447 1406 743 1470 utrumque
772 1397 1164 1466 evangelistam
1205 1395 1484 1464 adjicitur.
1516 1397 1840 1451 sententiam
1879 1409 2016 1448 con-

442 1492 665 1556 turbat;
721 1490 1003 1544 enimvero
1049 1487 1196 1542 haud
1252 1503 1467 1557 azquum
1497 1495 1581 1544 est
1609 1488 1850 1542 divinam
1885 1500 2011 1558 per—

443 1583 665 1639 misceri
686 1581 1026 1652 Scripturam
1052 1580 1218 1634 unius
1246 1580 1453 1634 voculae
1477 1579 1786 1635 nominisve
1816 1595 2006 1645 causa,

2118 492 2230 545 λιὸν
2244 493 2635 563 ἀπαντήσεται,
2655 493 2836 562 πάσης
2857 489 3088 561 ἀπορίας
3104 490 3198 543 καὶ
3221 489 3500 558 ζητήσεως
3538 488 3701 538 ἐκπο-

2117 583 2222 636 δὼν
2242 583 2535 654 ἀρθείσης”
2558 585 2651 636 καὶ
2683 583 2780 650 ὀψὲ
2811 583 2907 652 μὲν
2941 580 3254 643 Σαϐϐάτων,
3283 578 3426 631 κατά
3458 578 3525 631 τά
3561 579 3701 630 ἀπο-

2117 674 2407 745 δεδομένα,
2442 674 2850 744 πεπραγμένων
2880 671 2989 725 τῶν
3020 672 3112 726 ἐπὶ
3161 671 3239 741 τῷ
3271 668 3536 738 Ματθαίῳ
3573 684 3701 734 συγ-

2119 764 2521 836 γεγραμμένων
2541 765 2634 816 ὲπὶ
2662 764 2931 835 παρουσίᾳ
2951 761 3059 814 τῶν
3091 760 3184 814 δύο
3206 759 3454 831 Μαριιῖιν,
3487 760 3703 831 πρωῖας

2118 856 2174 908 δὲ
2188 859 2253 926 τῇ
2274 857 2384 926 μιᾷ
2407 853 2515 908 τῶν
2547 853 2839 907 Σαϐϐάτων
2870 855 3061 925 ἑτέρας
3075 853 3295 923 Μαρίας
3319 851 3419 914 τὰς
3449 851 3604 922 παρά
3625 851 3702 919 τῷ

2129 947 2348 1018 Ἰωάννῃ
2409 945 2760 1016 τεθεαμένας,
2803 945 3160 1018 ἀληθεύεσθαί
3209 961 3267 996 τε
3321 945 3554 997 κάκεῖνα
3607 946 3700 996 καὶ

2115 1035 2307 1100 ταῦτα,
2339 1035 2473 1106 μηδὲ
2525 1036 2832 1103 ἀντιλογίαν
2861 1026 3132 1106 περιέχειν
3161 1035 3286 1096 τοὺς
3312 1033 3528 1097 τόπους,
3561 1035 3700 1104 μήτε

2117 1128 2259 1182 κατά
2274 1127 2402 1190 τοὺς
2416 1127 2661 1196 χρόνους,
2684 1128 2822 1198 μήτε
2845 1126 2988 1180 κατά
3013 1127 3079 1180 τά
3094 1125 3383 1196 πρόσωπα,
3404 1127 3539 1196 μήτε
3556 1127 3698 1178 κατά

2114 1220 2242 1282 τοὺς
2265 1219 2475 1286 λόγους.

2187 1311 2253 1374 ζ’.
2290 1312 2354 1364 El
2381 1312 2437 1364 δὲ
2467 1310 2526 1364 τὺ
2557 1312 2656 1382 τῆς
2682 1311 3050 1381 Μαγδαληνῆς
3080 1311 3478 1381 προσκείμενον
3511 1312 3570 1362 ἐν
3595 1312 3700 1380 ἀμ-

2119 1403 2366 1476 φοτέροις
2395 1407 2507 1468 τοῖς
2540 1404 2954 1472 εύαγγελισταῖς
2993 1403 3164 1474 ὄνομα
3200 1403 3300 1473 τὴν
3331 1402 3572 1457 διάνοιαν
3599 1421 3698 1456 τα-

2123 1496 2326 1567 ράττει,
2357 1496 2470 1550 ἀλλ’
2499 1496 2559 1548 οὐ
2602 1497 2866 1568 προσήκει
2895 1495 2993 1565 τὴν
3031 1494 3182 1548 θείαν
3219 1496 3439 1563 συγχεῖν
3474 1494 3698 1564 Γραφὴν

2119 1583 2315 1650 λέξεως
2347 1587 2476 1656 μιᾶς
2519 1586 2552 1655 ἢ
2593 1585 2854 1655 ὀνόματος
2879 1583 3085 1648 ἕνεκεν,
3121 1585 3149 1636 ὅ
3182 1584 3441 1647 πολλάκις
3470 1584 3702 1654 συμϐαῖ-

443 1675 497 1730 id
538 1673 682 1744 quod
716 1688 858 1743 saepe
888 1671 1086 1726 accidit
1119 1686 1305 1726 errore
1340 1671 1552 1726 librarii
1601 1671 1844 1725 obtrudi.
1901 1671 2008 1726 Aut

2123 1694 2203 1729 νει
2233 1676 2327 1730 καὶ
2355 1675 2496 1729 κατά
2533 1674 2800 1746 γραφικδν
2835 1674 3187 1746 προσκεῖσθαι
3220 1675 3465 1744 σφά).μα’
3514 1675 3547 1744 ἢ
3589 1675 3698 1745 γὰρ

442 1766 587 1820 enim
618 1765 756 1818 duas
786 1763 884 1818 has
919 1777 986 1816 ex
1016 1777 1124 1815 una
1155 1762 1292 1816 urbe
1340 1777 1434 1816 seu
1487 1762 1714 1816 castello
1765 1761 2008 1832 Magdalo

2121 1769 2208 1821 δύο
2238 1768 2333 1820 καὶ
2376 1766 2580 1830 ταύτας
2612 1767 2720 1820 ἀπὸ
2755 1768 2884 1837 μιᾶς
2909 1766 3116 1830 πόλεως
3147 1767 3180 1837 ἢ
3219 1767 3412 1838 κώμης
3445 1767 3558 1837 (35)
3600 1769 3700 1837 τῆς

443 1857 735 1911 advenisse
757 1853 1059 1922 putandum
1089 1859 1214 1918 est;
1260 1860 1354 1906 aut
1387 1852 1637 1906 alterutri
1683 1867 1751 1905 ex
1797 1852 1883 1908 his
1934 1863 2013 1908 te-

441 1963 590 2004 mere
617 1945 790 2001 fuisse
821 1945 1091 2014 adjectum
1127 1942 1460 2013 Magdaleuae
1487 1957 1814 2012 cognomen,
1841 1943 2012 1998 semel

442 2033 668 2094 librario
698 2039 791 2108 qui
823 2038 1129 2107 antiquitus
1185 2036 1408 2106 scripsit
1458 2036 1514 2089 in
1543 2051 1786 2091 errorem
1818 2037 2011 2104 lapso;

443 2131 589 2200 quod
618 2130 877 2199 deinceps
904 2129 1161 2183 mendum
1215 2128 1589 2197 exscriptores
1635 2127 1832 2197 reliqui
1876 2127 2010 2182 reti-

442 2230 705 2278 nuerunt.
746 2222 802 2276 ld
852 2221 1032 2292 ipsum
1092 2221 1226 2276 alias
1270 2233 1488 2289 quoque
1548 2219 1816 2274 accidisse
1849 2220 2012 2289 paulo

442 2322 569 2384 post
616 2312 1142 2368 demonstrabimus.
1204 2311 1408 2380 Nempe
1453 2326 1580 2364 cum
1631 2310 1688 2364 in
1737 2311 2008 2380 ejusmodi

440 2409 606 2462 rebus
634 2422 663 2459 a
696 2405 970 2475 principio
990 2403 1210 2474 quidem
1233 2404 1494 2458 dictatum
1519 2410 1668 2459 recte
1698 2403 1884 2468 fuerit,
1913 2405 2008 2458 sed

441 2507 631 2570 postea
660 2497 912 2553 mendum
947 2498 1270 2567 obrepserit,
1298 2512 1475 2566 neque
1503 2503 1684 2551 tamen
1710 2511 2011 2552 amanuen-

441 2609 532 2648 ses
584 2593 870 2662 scriptura:
929 2591 1285 2645 mutationem
1335 2590 1678 2660 agnoverint,
1730 2589 2010 2644 nonnulla:

439 2683 770 2752 quaestiones
791 2691 994 2736 exortae
1024 2687 1170 2735 sunt.
1205 2679 1383 2750 Atque
1406 2681 1480 2734 ita
1507 2681 1654 2734 circa
1678 2680 2010 2751 Magdalena:

440 2787 766 2842 cognomen,
824 2784 1162 2840 supervacue
1226 2770 1322 2823 uni
1383 2785 1450 2824 ex
1502 2768 1688 2825 Mariis
1736 2769 2004 2835 additum,

440 2863 738 2933 contigisse
770 2861 920 2916 dices
962 2878 975 2913 :
1009 2875 1119 2929 quo
1169 2859 1372 2923 ablato,
1403 2859 1616 2914 tollitur
1643 2860 1824 2916 omnis
1854 2875 2006 2930 quae-

439 2955 567 3017 stio,
600 2953 819 3007 nemine
863 2952 977 3020 jam
1013 2951 1070 3004 in
1119 2949 1208 3006 his
1267 2951 1406 3007 locis
1443 2951 1749 3006 dubitante.
1783 2950 1924 3022 Ergo
1951 2958 2007 3006 et

440 3061 564 3102 sero
593 3043 978 3107 Sabbatorum,
1020 3042 1076 3098 id
1120 3051 1205 3099 est
1246 3042 1516 3114 profunda
1547 3050 1727 3108 nocte,
1767 3058 1853 3107 ea,
1885 3058 2008 3113 qua:

2115 1859 2484 1930 Μαγδαληνῆς
2522 1857 2796 1929 ὁρμᾶσθαι
2855 1857 3108 1928 ἡγητέον·
3149 1857 3182 1928 ἢ
3222 1853 3483 1929 talpa;
3518 1857 3699 1911 αὐτῶν

2114 1949 2470 2023 προσκεῖσθαι
2498 1951 2560 2002 τὸ
2583 1949 2684 2020 τῆς
2712 1948 3080 2019 Μαγδαληνῇ
3109 1947 3414 2020 ἐπώνυμον,
3433 1949 3584 2014 ἅπαξ
3602 1948 3699 2001 τοῦ

2112 2043 2371 2114 γραφέως
2406 2041 2547 2095 κατά
2579 2041 2679 2112 τὴν
2717 2039 2893 2112 ἀρχὴν
2923 2039 3237 2108 σφαλέντος,
3273 2041 3352 2094 ὅτι
3380 2040 3441 2105 ὲξ
3485 2040 3699 2093 ἐκείνου

2110 2132 2220 2186 τῶν
2256 2133 2371 2202 μετ’
2400 2131 2560 2185 αὑτὸν
2600 2129 2802 2202 πρώτῳ
2835 2131 3353 2202 ὲπηκολουθηκότων
3379 2133 3663 2204 σφάλματι
3683 2151 3698 2162 ·

2111 2223 2268 2276 τοῦτο
2300 2223 2357 2276 δὲ
2385 2222 2478 2276 καὶ⁸
2504 2223 2588 2291 ἐφ’
2613 2221 2784 2294 ἑτέρῳ
2818 2222 3052 2293 συμϐὰν,
3083 2223 3312 2294 σμικρὸν
3329 2223 3558 2294 ὕστερον
3579 2226 3702 2277 tm-

2109 2313 2388 2384 δείξωμενο
2425 2313 2542 2366 ἀλλ’
2573 2313 2763 2384 ὥσπερ
2789 2315 2884 2366 ἐπὶ
2919 2313 3176 2367 τοιούτων
3214 2314 3390 2386 ὀρθῶς
3422 2314 3568 2367 κατά
3597 2316 3699 2384 τὴν

2110 2406 2285 2478 ἀρχὴν
2307 2405 2650 2476 ὑπηγόρευτο
2667 2445 2682 2468 ,
2711 2405 2852 2458 κατὰ
2879 2405 3100 2476 σφάλμα
3128 2407 3184 2459 δὲ
3212 2407 3321 2460 τῶν
3349 2408 3488 2478 μετά
3524 2407 3698 2461 ταῦτα

2113 2494 2188 2565 μὴ
2210 2493 2579 2564 ἀκριϐούντων
2610 2493 2707 2565 τὴν
2744 2495 3067 2567 μεταϐολὴν,
3100 2497 3416 2568 συμϐέϐηκέ
3446 2515 3570 2552 τινα
3597 2498 3664 2569 ξιτ
3689 2531 3695 2538 τ

2108 2585 2341 2648 τεῖσθαι,
2372 2584 2516 2639 οὕτω
2538 2587 2631 2640 καὶ
2655 2587 2748 2639 ἐπὶ
2775 2587 2868 2640 τοῦ
2896 2587 3186 2658 ἐπωνύμου
3205 2590 3304 2660 τῆς
3326 2589 3697 2662 Μαγδαληνῆς

2109 2674 2379 2746 περιττῶς
2400 2674 2494 2728 ἐπὶ
2526 2677 2654 2745 μιᾶς
2671 2676 2890 2746 Μαρίας
2909 2678 3166 2747 κειμένου
3193 2678 3368 2742 εἴποις
3390 2680 3456 2732 ἂν
3478 2683 3698 2748 γέγονέ·

2110 2784 2217 2819 ναι·
2260 2759 2321 2820 οὗ
2353 2767 2759 2839 ὑφαιρεθέντος,
2789 2768 3227 2839 περιγέγραπται
3259 2772 3413 2823 πᾶσα.
3445 2770 3693 2841 ζήτησις,

2111 2857 2338 2927 μηδενὸς
2367 2857 2562 2929 μηκέτι
2582 2857 2724 2912 κατά
2755 2859 2882 2922 τοὺς
2902 2859 3102 2922 τόπους
3128 2861 3536 2931 ἀπορουμένου.

2110 2950 2205 3002 καὶ
2232 2949 2330 3018 ὀψὲ
2371 2950 2684 3015 Σαϐϐάτων,
2720 2949 2864 3004 τοῦτ’
2898 2951 3014 3004 ἐστι
3057 2951 3280 3022 βαθείας
3331 2954 3551 3018 νυκτὸς,
3582 2956 3695 3007 τῶν

2111 3039 2264 3111 παρά
2279 3039 2356 3109 τῷ
2385 3039 2652 3111 Ματθαίῳ
2670 3041 3072 3112 πεπραγμένων
3101 3041 3432 3112 ἑωραμένων
3462 3044 3571 3097 ὑπὸ
3594 3045 3693 3114 τῆς

439 3137 580 3208 apud
613 3135 923 3190 Matthaeum
956 3109 1274 3199 narrantur,
1323 3135 1441 3190 visa
1469 3134 1692 3190 fuerunt
1722 3150 1752 3188 a
1784 3109 2005 3206 Magda-

2121 3109 2467 3202 Μαγδαληνῆς
2498 3131 2591 3185 καὶ
2751 3109 2918 3204 ἄλλης
2948 3109 3198 3205 Μαρίαςλ
3229 3109 3324 3190 καὶ
3356 3137 3594 3207 πρωϊας,
3616 3109 3696 3189 ἔτι

439 3227 563 3280 lena
594 3233 757 3295 atque
787 3226 856 3279 ab
878 3225 986 3279 alia
1008 3225 1179 3280 Maria
1213 3243 1227 3278 :
1262 3233 1318 3280 et
1349 3239 1534 3288 mane.
1565 3225 1694 3280 dum
1718 3225 1897 3280 adhuc
1921 3234 2005 3282 te-

437 3316 625 3370 nebrae
653 3321 860 3376 essent,
901 3315 1049 3369 venit
1079 3315 1188 3368 alia
1218 3313 1388 3368 Maria
1420 3315 1474 3369 in
1503 3316 1754 3370 eumdem
1787 3316 2002 3384 locum;

437 3421 558 3476 quae
607 3407 781 3476 primo
817 3405 1035 3476 quidem
1069 3405 1232 3460 anxia
1262 3414 1403 3472 erat,
1439 3407 1585 3461 haud
1621 3407 1843 3461 invento
1879 3406 2006 3463 Ser-

436 3497 644 3553 vatoris
672 3512 932 3567 corpore;
957 3497 1154 3553 deinde
1182 3505 1237 3554 et
1274 3498 1394 3569 ipsa
1427 3499 1723 3570 spectatrix
1759 3499 2004 3569 ejusdem

439 3592 563 3647 fuit.
602 3590 959 3648 Laudabilius
993 3602 1175 3648 tamen
1200 3593 1311 3657 (iet,
1343 3594 1478 3649 sine
1506 3594 1762 3648 mendum
1788 3593 2007 3663 quidem

430 3683 496 3738 ‘in
525 3684 611 3738 his
642 3684 778 3738 locis
812 3699 935 3740 esse
959 3685 1332 3749 causabimur,
1367 3685 1612 3755 duasque
1637 3686 1820 3757 potius
1856 3685 2006 3756 Mag-

437 3774 663 3830 dalenas
691 3777 1057 3842 censebimus,
1080 3777 1246 3832 sicuti
1272 3777 1384 3848 jam
1404 3784 1640 3847 quatuor
1667 3777 2009 3833 demonstra-

437 3869 618 3924 vimus
650 3868 820 3925 fuisse
848 3862 1065 3924 Marias.
1109 3871 1269 3925 Certe
1312 3871 1461 3924 nulla
1495 3869 1810 3925 absurditas
1836 3880 2004 3936 vetat,

438 3961 734 4029 quominus
769 3961 910 4017 duas
941 3962 1142 4017 Marias
1175 3963 1244 4017 ab
1269 3963 1460 4018 eodem
1493 3963 1721 4019 castello
1759 3962 2008 4034 Magdalo

437 4053 656 4108 venisse
685 4051 938 4110 dicamus
977 4074 989 4109 :
1022 4071 1253 4124 prorsus
1280 4063 1334 4110 et
1365 4057 1514 4110 nulla
1536 4056 1648 4126 jam
1675 4057 2008 4127 perplexitas

437 4142 800 4210 relinquatur,
831 4144 925 4198 sed
947 4145 1116 4199 altera
1141 4145 1212 4201 sit
1240 4145 1331 4198 illa
1358 4161 1479 4215 quae
1497 4160 1621 4200 sero
1644 4143 2008 4202 Sabbatorum

439 4235 582 4304 apud
612 4233 948 4301 Matthaaum,
1001 4238 1174 4292 altera
1215 4254 1410 4292 rursus
1439 4245 1494 4290 et
1525 4238 1644 4308 ipsa
1693 4237 2007 4309 Magdalena

440 4341 562 4396 qum
590 4327 733 4396 apud
756 4325 1024 4383 Joannem
1052 4344 1211 4384 mane
1229 4328 1296 4383 ad
1328 4339 1740 4385 monumentum
1761 4331 2003 4387 accedit:

2115 3221 2332 3285 σκοτίας
2346 3220 2533 3293 ούσης,
2557 3222 2746 3294 ἐτέρας
2771 3225 2987 3295 Μαρίας
3009 3226 3348 3298 ἀφικομένης
3368 3228 3462 3280 ἐπὶ
3484 3228 3580 3280 τὸν
3598 3229 3696 3282 αὑ-

2111 3315 2204 3368 τὸν
2235 3314 2434 3366 τόπον·
2467 3315 2564 3368 καὶ
2601 3315 2864 3387 πρότερον
2905 3317 3003 3388 μὲν
3049 3319 3363 3390 ἀπορούσης
3396 3320 3493 3372 ἐπὶ
3522 3320 3585 3374 τδ
3621 3321 3696 3390 μὴ

2114 3405 2292 3475 εὑρεῖν
2322 3404 2384 3456 τὸ
2416 3405 2574 3475 σῶμα
2600 3405 2695 3459 τοῦ
2729 3407 2996 3479 Σωτῆρος·
3031 3407 3258 3480 ὕστερον
3295 3411 3354 3464 δὲ
3392 3410 3489 3464 καὶ
3529 3413 3698 3481 αὐτῆς

2114 3497 2490 3569 αὑτοπτούσης
2520 3499 2700 3551 αὐτόν’
2738 3499 2953 3552 κάλλιον
2978 3499 3034 3552 δὲ
3061 3499 3123 3553 τὺ
3151 3503 3228 3572 μὴ
3255 3503 3314 3555 δὲ
3347 3503 3580 3576 σφάλμα
3609 3506 3697 3558 αι-

2113 3586 2402 3640 τιάσασθαι
2435 3587 2574 3640 κατά
2602 3587 2727 3652 τοὺς
2754 3588 2955 3652 τόπους
2975 3629 2989 3654 ,
3018 3588 3113 3642 δύο
3138 3590 3196 3642 δὲ
3233 3590 3450 3662 ἀληθῶς
3476 3593 3701 3660 γεγονέ-

2115 3698 2204 3733 ναι
2226 3681 2326 3743 τάς
2359 3679 2720 3750 Μαγδαληνάς
2761 3679 3010 3748 φάσκειν,
3043 3681 3118 3746 ὡς
3151 3682 3245 3735 καὶ
3278 3682 3552 3753 τέτταρας
3589 3684 3700 3737 ἀπ-

2117 3769 2396 3837 εδείξαμεν
2414 3768 2511 3831 τάς
2532 3769 2765 3840 Μαρίας
2790 3763 2864 3822 ὧν
2882 3769 3031 3822 οὐδὲν
3051 3771 3248 3824 ἄτοπον
3267 3771 3374 3824 ἀπὸ
3400 3772 3504 3842 τῆς
3526 3773 3700 3844 αὐτῆς

2117 3859 2476 3929 Μαγδαληνῆς
2505 3858 2599 3910 δύο
2629 3861 2848 3930 Μαρίας
2874 3860 3150 3930 ὁρμᾶσθαι
3190 3861 3390 3929 λέγειν,
3435 3863 3606 3933 μηδέν
3638 3881 3699 3916 τε

2117 3949 2298 4002 λοιπὸν
2328 3950 2574 4019 ἀπορεῖν,
2607 3949 2718 4001 ἀλλ’
2739 3950 2931 4020 ἑτέραν
2957 3952 3053 4021 μὲν
3073 3947 3211 4004 εἶναι
3235 3952 3335 4022 τὴν
3367 3952 3466 4020 ὀψὲ
3488 3953 3701 4006 Σαϐϐά-

2116 4058 2224 4094 των
2261 4040 2410 4112 παρὰ
2442 4040 2519 4112 τῷ
2545 4042 2808 4112 Ματθαίῳ
2837 4042 3220 4114 Μαγδαληνὴν,
3246 4043 3440 4114 ἑτέραν
3460 4045 3518 4096 δὲ
3542 4041 3698 4107 αὖθις

2118 4131 2213 4184 καὶ
2241 4132 2408 4202 αὐτὴν
2430 4131 2790 4202 Μαγδαληνὴν
2824 4131 2920 4204 τὴν
2947 4131 3098 4202 παρά
3124 4133 3200 4202 τῷ
3235 4134 3459 4207 Ἰωάννῃ
3484 4137 3699 4205 πρωῖας

2118 4222 2210 4275 ἐπὶ
2237 4223 2297 4275 τὸ
2326 4226 2586 4294 μνημεῖον
2621 4223 2880 4277 ἐλθοῦσαν
2901 4241 2914 4255 ·
2953 4225 3158 4296 ταύτην
3189 4225 3246 4278 δὲ
3279 4222 3420 4280 εἶναι
3459 4227 3560 4298 τὴν
3605 4231 3699 4282 καὶ

2120 4315 2271 4387 παρὰ
2287 4315 2367 4386 τῷ
2388 4315 2599 4388 Μάρκῳ
2615 4316 2971 4388 δηλουμένην,
2999 4318 3140 4371 κατά
3162 4335 3281 4372 τινα
3303 4319 3412 4371 τῶν
3438 4320 3696 4392 ἀντιγρά-

443 4430 608 4485 quam
669 4423 1000 4486 postremam
1041 4418 1303 4474 credibile
1359 4419 1431 4473 sit
1478 4434 1510 4472 a
1554 4418 1738 4474 Marco
1792 4435 2008 4491 quoque

2121 4424 2272 4476 φων,
2307 4406 2401 4474 ἀφ’
2425 4401 2494 4478 ἦς
2526 4405 2846 4477 ἐκϐεϐλήκει
2893 4406 3034 4460 ἑπτὰ
3079 4407 3360 4477 δαιμόνια·
3410 4409 3506 4462 καὶ
3570 4408 3697 4462 ταύ-

438 4510 736 4564 memorari
771 4510 1072 4565 secundum
1103 4510 1313 4580 aliquot
1359 4509 1753 4580 exemplarium
1805 4509 2002 4578 (idem;

437 4601 506 4656 de
527 4616 634 4671 qua
662 4601 918 4654 nimirum
959 4611 1164 4671 septem
1197 4601 1413 4657 fuerant
1452 4601 1719 4656 dzemonia
1759 4601 1935 4670 ejecta
1987 4620 2003 4658 :

438 4699 603 4762 atque
633 4691 748 4747 haec
785 4692 1002 4747 videtur
1031 4692 1121 4746 cui
1167 4693 1373 4748 dictum
1417 4692 1584 4748 fuerit
1623 4691 1754 4746 Noli
1781 4709 1861 4748 me
1887 4701 2008 4747 tan-

435 4797 576 4850 gere,
601 4795 708 4834 non
737 4781 830 4836 illa
855 4797 976 4852 qua:
1010 4783 1152 4851 apud
1180 4781 1490 4836 Matthaaum
1529 4801 1541 4835 :
1575 4797 1701 4836 nam
1723 4783 1826 4838 etsi
1867 4782 2008 4837 forte

435 4881 488 4926 et
518 4872 637 4942 ipsa
669 4887 698 4924 a
726 4871 973 4944 Magdalo
1002 4873 1234 4928 oriunda
1283 4882 1419 4936 erat,
1469 4873 1616 4927 haud
1646 4881 1829 4928 tamen
1857 4889 2006 4929 eam-

435 4961 557 5017 dem
600 4964 719 5034 pari
749 4965 964 5019 macula
993 4964 1233 5035 aspergit
1263 4964 1448 5019 divina
1487 4963 1790 5033 Scriptura.

1175 5097 1262 5153 llI.

433 5207 709 5273 Quomodo
748 5225 863 5278 qua:
901 5211 1186 5264 secundum
1221 5209 1534 5264 Matt/imum
1582 5227 1697 5265 sero
1741 5209 2002 5265 Sabbato-

505 5295 623 5331 rum
663 5279 982 5350 Magdalena
1019 5299 1138 5335 cum
1181 5282 1352 5335 altera
1390 5280 1569 5334 Maria
1609 5283 1775 5350 tetigit
1813 5279 2002 5335 Serva—

504 5350 633 5416 toris
659 5349 833 5416 pedes,
873 5351 1054 5405 eadem
1097 5369 1246 5405 mane
1294 5369 1402 5405 una
1450 5350 1674 5405 Sabbati
1706 5349 2002 5404 secundum

500 5415 760 5472 Joannem
797 5421 994 5474 audivit
1029 5440 1049 5471 ‹
1088 5421 1219 5475 Noli
1252 5439 1332 5477 me
1360 5432 1589 5492 tangere.
1627 5441 1644 5473 ι

505 5571 558 5623 1.
604 5571 663 5626 Si
713 5574 930 5644 quidem
965 5591 1074 5631 una
1113 5577 1411 5647 eademque
1461 5577 1627 5630 Maria
1685 5582 1828 5631 esset
1859 5573 1999 5644 apud

2037 4465 2088 4526 D

2114 4516 2211 4570 την
2238 4499 2384 4562 εἰκὸς
2414 4494 2552 4551 εἶναι
2577 4497 2673 4569 τὴν
2702 4498 3014 4553 ἀκούσασαν
3041 4499 3137 4566 Μή
3173 4517 3293 4570 μου
3335 4501 3554 4565 ἅπτου,

2111 4593 2171 4644 οὑ
2201 4592 2299 4663 τὴν
2325 4591 2476 4661 ποιρά
2506 4590 2584 4661 τῷ
2612 4590 2891 4662 Ματθαίῳο
2922 4594 2970 4644 εί
2999 4591 3107 4665 γὰρ
3132 4593 3225 4646 καὶ
3247 4592 3318 4645 τά
3340 4592 3579 4662 μάλιστα
3600 4595 3695 4648 κά-

2113 4683 2264 4754 κείνη
2295 4683 2401 4736 ἀπὸ
2430 4683 2529 4752 τῆς
2552 4683 2913 4755 Μαγδαληνῇ
2942 4683 3186 4754 ὡρμᾶτο,
3207 4684 3324 4738 ἀλλ’
3356 4686 3419 4738 ού
3447 4685 3520 4739 τά
3537 4686 3694 4756 ὁμου

2115 4777 2208 4829 καὶ
2233 4776 2402 4847 αὐτῆς
2429 4778 2461 4847 ἡ
2492 4775 2612 4829 θεία
2651 4779 2948 4847 κατηγορεῖ
2967 4778 3158 4848 Γραφή

2114 5205 2244 5272 Πῶς
2283 5204 2431 5258 κατὰ
2461 5204 2568 5276 τὸν
2589 5203 2888 5276 Ματθᾳῖον
2911 5204 3026 5272 ὀψὲ
3061 5204 3379 5258 Σαϐϐάτων
3394 5204 3434 5271 ἠ
3459 5205 3689 5276 Mardo-

2182 5279 2342 5344 ληνὴ
2376 5275 2527 5344 μετὰ
2575 5273 2699 5344 τῆς
2733 5273 2931 5340 ἄλλης
2968 5277 3199 5341 Μαρίας
3244 5276 3537 5344 ἁψαμένη
3566 5273 3690 5328 ’τῶν

2180 5343 2388 5400 ποδῶν
2414 5345 2518 5398 τοῦ
2549 5343 2840 5414 Σωτῆρος,
2880 5347 2918 5415 ἡ
2965 5345 3118 5412 αὑτὴ
3152 5347 3305 5410 πρωῒ
3326 5346 3408 5414 τῇ
3445 5343 3554 5415 μιᾷ
3586 5345 3689 5399 τοῦ

2180 5416 2489 5469 Σαϐϐάτου
2514 5417 2719 5469 ἀκούει
2755 5433 2772 5463 ι
2805 5413 2901 5481 Μή
2939 5433 3058 5484 μου
3103 5415 3297 5470 ἅπτου
3341 5437 3360 5466 ι
3389 5413 3544 5471 κατὰ
3589 5417 3687 5468 τὸν

2193 5486 2488 5554 Ἰωάννην.

2179 5574 2246 5628 α’.
2289 5577 2351 5628 Et
2389 5576 2486 5646 μὲν
2505 5571 2596 5628 οὖν
2632 5575 2728 5645 μία
2755 5573 2846 5628 καὶ
2878 5575 2909 5645 ἠ
2936 5574 3070 5644 αὕτη
3105 5576 3188 5644 εἴη
3219 5576 3409 5646 Μαρία
3431 5575 3561 5650 παρ’
3584 5576 3680 5648 ἀμρ

504 5723 612 5795 (35)
654 5724 924 5784 Eusebius
962 5738 1014 5786 et
1051 5728 1413 5802 Hieronymus
1439 5731 1515 5790 De
1544 5732 1646 5790 loc.
1682 5732 1872 5802 Helm,
1909 5733 2008 5789 Ma‘

2121 5729 2166 5787 τά
2203 5729 2374 5804 φυλῆς
2412 5729 2600 5798 Ἰούδα,
2632 5728 2887 5804 Hagdala
2920 5732 2970 5786 in
3003 5729 3140 5784 tribu
3165 5727 3336 5785 Iuda.
