3846 6220
230 244 361 310 '94'9

859 253 1329 323 commones
1360 255 1840 312 EVANGICDICE.
1881 284 1951 296 -
1986 256 2328 324 ρυιεετιοι
2350 256 2419 313 ιιι
2456 255 2549 312 AD
2587 237 2959 317 M-ARINUM.’

3416 260 3521 316 9εο

250 366 509 441 φτέροις
540 367 651 430 τοῖς
680 366 1116 436 εὐαγγελισταῖς,
1145 368 1371 440 λέξομεν
1394 370 1477 424 ὅτι
1497 371 1547 440 ὴ·
1564 370 1702 442 αὐτὴ
1723 371 1846 424 πολ-

1952 379 2247 442 utrumque
2284 371 2719 444 evangelistam,
2749 369 3043 426 dicendum
3097 369 3239 428 foret
3274 375 3521 429 eamdem

252 456 418 522 λάκις
446 457 540 512 ἐπὶ
557 457 651 512 τὸν
681 457 845 512 αὑτὸν
863 458 1079 530 ἀπήντα
1103 460 1289 525 τόπον,
1332 460 1518 532 ἐπειδὴ
1543 455 1723 515 εἷλκεν
1746 461 1845 515 αὐ-

251 548 359 622 τὴν
382 550 417 621 ἡ
446 548 709 620 ἔκπληξις
735 548 830 602 τοῦ
866 548 1192 621 πράγματος
1211 552 1307 604 καὶ
1333 552 1367 622 ή
1391 552 1485 605 ἐπὶ
1508 551 1589 623 τῷ
1602 551 1846 621 γεγονότι

248 639 434 712 χαρά·
466 638 659 712 πρώτη
697 640 877 695 τοίνυν
909 629 1270 713 ἀπαντήσασα
1297 643 1389 696 καὶ
1431 641 1622 715 πρώτη
1653 642 1844 697 τεθεα-

260 732 403 804 μένη
427 731 498 786 τὰ
518 731 672 804 παρὰ
696 731 774 802 τῷ
824 732 1071 805 Ἰωάννῃ,
1097 734 1482 805 ἐσπευσμένως
1505 733 1670 806 ἀπῄει
1708 734 1845 807 πρὸς

254 825 390 889 τοὺς
418 825 751 888 ἀποστόλους
769 824 832 878 τὸ
859 823 1099 897 πρῶτον,
1121 825 1362 897 τὴντοῦ,
1384 828 1665 899 μνήματος
1696 827 1845 882 ἄνοια

252 916 346 982 ειν
366 916 802 986 ἀπαγγέλλουσαο
823 912 920 970 εἷθ’
946 916 1064 989 ἅμα
1092 916 1190 989 τὴν
1207 918 1502 981 ἀνάστασιν
1520 918 1844 990 τεθεαμένη,

250 1007 547 1078 ἐδυσφόρει
588 1007 888 1062 ὑπονοοῦσα
919 1004 1085 1080 ἦρθαι
1115 1009 1178 1062 τὸ
1205 1009 1364 1081 σῶμα
1406 1010 1499 1065 τοῦ
1537 1008 1711 1081 Ἰησοῦ
1739 1011 1847 1064 ἀπὸ

251 1098 359 1153 τοῦ
392 1102 691 1171 μνήματος,
730 1100 803 1172 μὴ
830 1099 1030 1154 ειδέναι
1074 1118 1135 1154 τε
1171 1103 1302 1156 ὅπου
1335 1103 1563 1160 τέθειτο·
1602 1099 1699 1156 εἴτ’
1751 1104 1848 1156 ἐπ-

255 1191 418 1262 ανῄει
444 1190 695 1263 δεύτερον
736 1192 831 1245 σὺν
872 1191 1054 1255 αὐτοῖς
1094 1193 1281 1246 ἐπὶιτδ
1314 1196 1525 1264 μνῆμα’
1555 1194 1630 1256 ὡς
1664 1194 1707 1247 δ’
1748 1194 1848 1246 ἐπ-

252 1284 529 1356 έστρεφον
543 1284 725 1339 οἶκαδε
738 1287 956 1349 ἐκεῖνοι,
978 1286 1113 1357 μόνη
1130 1285 1288 1340 πάλιν
1301 1286 1686 1350 ἀπολειφθεῖσα
1700 1289 1757 1340 ἐν
1770 1287 1849 1359 τῷ

252 1375 437 1447 τόπῳ,
458 1376 676 1432 ἔκλαιεν
713 1379 929 1434 ἑστῶσα
954 1396 970 1410 °
998 1375 1237 1433 εἷτα-τοῦ
1278 1382 1557 1452 μνήματος
1583 1381 1717 1435 εἵσω
1734 1382 1849 1435 δια·-

256 1466 506 1531 κύψασα,
529 1470 657 1532 τοὺς
687 1469 782 1524 δύο
801 1470 1064 1540 ἀγγέλους
1079 1470 1322 1543 ἐθεώρει*
1348 1471 1536 1526 ἔπειτα
1558 1473 1652 1526 καὶ
1685 1473 1848 1526 αὑτὸν

252 1561 368 1630 ὁρᾷ
398 1560 492 1613 τὸν
519 1561 777 1633 Σωτῆρα·
811 1562 893 1627 ὃς,
928 1562 1115 1634 ἐπειδὴ
1145 1561 1408 1617 κλαίουσα
1449 1565 1723 1636 εἱστήκει,
1764 1565 1851 1617 ἀν-

256 1649 554 1722 θρωπίνως
575 1652 632 1706 δὲ
652 1653 747 1706 καὶ
771 1653 1065 1718 ταπεινῶς,
1089 1654 1167 1718 ὡς
1182 1653 1249 1707 ἂν
1270 1653 1567 1718 κλαπέντος
1598 1653 1850 1725 σώματος

1947 476 2090 532 saepe
2113 462 2171 517 in
2196 463 2449 520 eumdem
2479 463 2662 518 locum
2701 462 2944 528 venisse,
2970 476 3138 533 quam
3183 462 3398 518 scilicet
3440 470 3527 520 at-

1945 554 2202 619 traliebat
2222 554 2515 610 admiratio
2537 556 2617 611 rei
2649 562 2814 624 gestae
2839 560 2893 611 et
2916 568 3212 611 successus
3238 553 3522 627 gaudium.

1944 645 2127 702 Prima
2156 646 2323 718 igitur
2348 647 2480 704 illuc
2512 647 2780 718 profecta,
2814 646 3101 718 primaque
3130 661 3341 710 rerum,
3384 661 3526 718 quas

1945 734 2185 795 Joannes
2229 742 2445 804 narrat,
2477 736 2804 806 spectatrix,
2854 735 3182 796 festinanter
3212 735 3430 791 redibat
3457 736 3526 790 ad

1946 828 2260 899 apostolos;
2307 828 2577 899 principio
2634 827 2857 897 quidem
2907 826 3147 897 sepulcri
3187 827 3526 895 apertionem

1947 920 2210 975 nuntians
2243 938 2256 975 :
2291 919 2511 986 deinde,
2532 934 2847 989 quanquam
2876 917 3341 973 resurrectionem
3371 917 3529 971 vide-

1951 1018 2061 1079 rat,
2093 1011 2400 1083 angebatur
2430 1010 2793 1073 nihilominus
2823 1009 3139 1087 suspicione
3171 1024 3241 1063 ne
3271 1007 3396 1079 quis
3427 1023 3528 1079 po.

1951 1105 2063 1159 tius
2088 1102 2463 1175 Jesu,corpus
2518 1118 2549 1159 e
2595 1110 2951 1159 monumento
2998 1101 3339 1166 abstulisset,
3375 1098 3525 1171 quod

1952 1194 2232 1253 nesciebat
2265 1208 2505 1264 quonam
2538 1200 2685 1249 esset
2721 1192 3074 1248 translatum.
3110 1190 3250 1245 Exin
3280 1188 3527 1245 secundo

1951 1285 2069 1347 ibat
2090 1300 2215 1344 cum
2249 1285 2514 1355 apostolis
2552 1285 3102 1347 admonumentnm.
3133 1283 3436 1353 Postquam
3471 1282 3528 1338 lii

1948 1374 2173 1430 domum
2221 1375 2428 1430 reversi
2477 1383 2630 1439 sunt,
2679 1376 2797 1432 sola
2827 1376 3104 1431 rursusin
3154 1375 3277 1430 loco
3309 1374 3522 1436 relicta.

1949 1463 2085 1520 ﬂens
2118 1464 2195 1519 ibi
2228 1464 2586 1520 subsistebat.
2616 1463 2831 1522 Deinde.
2870 1464 2928 1519 in
2969 1471 3389 1519 monumentum
3448 1461 3527 1517 in-

1950 1556 2281 1627 trospiciens
2331 1555 2473 1613 duos
2521 1556 2749 1628 angelos
2794 1554 2961 1612 vidit.
2991 1575 3009 1611 :
3059 1556 3298 1626 denique
3345 1554 3526 1625 ipsum

1950 1649 2130 1703 oculis
2181 1648 2302 1718 ejus
2348 1647 2595 1704 oblatum
2627 1646 2978 1706 Servatorem
3023 1667 3036 1703 :
3087 1662 3253 1719 quam
3289 1647 3365 1702 ibi
3398 1661 3527 1701 cum

252 1741 455 1805 αὑτοῦ,
493 1742 811 1815 διακειμένη
831 1784 849 1809 ,
880 1744 1078 1812 ἀνάξιά
1106 1762 1164 1799 τε
1196 1747 1326 1817 περὶ
1351 1745 1516 1800 αὐτοῦ
1552 1744 1846 1817 φρονοῦσα,

1953 1740 2084 1794 lletu
2108 1739 2438 1804 haerentem,
2486 1750 2542 1795 et
2586 1755 2654 1796 ex
2705 1740 2961 1804 humanae
2989 1739 3330 1795 inﬁrmitatis
3361 1747 3527 1812 atque

256 1833 484 1903 πρῶτον
529 1834 631 1904 μὲν
676 1835 848 1905 αὐτὴν
887 1837 1124 1904 γυναῖκα
1157 1835 1414 1907 ὀνομάζει
1437 1875 1457 1901 ,
1502 1837 1849 1908 ἐπιπλήττων

256 1922 406 1995 αὐτῇ
431 1925 525 1978 καὶ
546 1924 821 1990 ὀνειδίζων
861 1927 927 1983 τὰ
960 1929 1267 1994 γυναικεῖον
1304 1926 1505 1990 πάθοςο
1533 1927 1622 1981 διό
1663 1944 1847 1999 φησιν,

255 2015 465 2085 γύναι,
489 2017 548 2069 τι
588 2017 853 2083 ululare;
878 2013 998 2071 εἶτά
1026 2035 1189 2090 φησιν
1225 2018 1363 2091 πρὸς
1388 2020 1577 2091 αὐτήν·
1614 2020 1847 2088 Mapla.-

253 2104 359 2159 ἂιά
387 2104 482 2160 τοῦ
511 2105 773 2177 ὀνόματος
805 2106 974 2178 αὐτὴν
1016 2109 1218 2179 ἑαυτῆς
1257 2109 1690 2181 ὑπομιμνήσκων
1713 2149 1728 2173 ,
1756 2109 1852 2163 καὶ

254 2194 378 2249 ’ὠν
405 2195 572 2250 πάλαι
606 2196 743 2268 πρὸς
767 2197 936 2269 αὐτήν
968 2214 1027 2252 τε
1064 2200 1159 2252 καὶ
1191 2201 1317 2264 τοὺς
1357 2200 1576 2273 λοιποὺς
1605 2200 1851 2272 μαθητὰς

261 2285 400 2356 περὶ
427 2285 528 2355 τῆς
556 2288 905 2352 ἀναστάσεως
923 2288 1087 2342 αὑτοῦ
1110 2289 1301 2359 λόγων⁸
1331 2291 1365 2362 ή
1390 2291 1437 2344 δ’
1461 2293 1541 2355 είς
1562 2291 1853 2365 συναίσθη-

262 2393 363 2430 σιν
378 2376 626 2442 ἐλθοῦσα,
652 2379 746 2437 καὶ
762 2379 826 2437 τί
862 2396 993 2434 ποτε
1014 2377 1081 2453 ἦν
1111 2383 1220 2436 ἀπὸ
1260 2382 1361 2452 τῆς
1400 2384 1583 2455 φωνῆς
1622 2383 1717 2441 καὶ
1752 2385 1851 2455 τῆς

252 2467 362 2529 τοῦ
381 2468 853 2541 λόγουιδυνάμεως
896 2472 1213 2541 ἐπιγνοῦσα,
1252 2473 1562 2531 Ῥαϐϐουνί
1584 2492 1746 2546 φησιν
1767 2476 1853 2545 ,ηὸ

262 2560 739 2637 μεθερμηνεύεται
759 2562 1113 2622 διδάσκαλε.

343 2833 416 2905 β’.
449 2828 565 2889 Εἶτ’
593 2834 781 2906 ἐπειδὴ
806 2834 882 2899 ὠς
909 2835 1214 2909 διδασκάλῳ
1247 2837 1401 2910 αὐτῷ
1424 2838 1506 2894 ἔτι
1539 2839 1634 2895 καὶ
1655 2840 1753 2912 οὐχ
1772 2842 1850 2906 ὡς

254 2924 387 2994 θεῷ
404 2924 683 2996 προσιέναι
704 2927 929 2998 ὡρμᾶτο
944 2966 960 2993 ,
980 2927 1727 3003 ἀναίνεταικαὶπαραιτεῖται
1751 2930 1853 2985 αὐ-

256 3015 397 3121 τήν,
432 3012 526 3127 Mlti
549 3032 669 3084 μου
699 3014 920 3117 (ϋηο-ν’
949 3014 1118 3087 θνητά
1142 3014 1254 3127 γιάρ
1274 3014 1356 3069 ἔτι
1389 3015 1661 3089 φρονοῦσα
1680 3057 1696 3082 ,
1745 3017 1847 3087 οὐχ
1874 3068 1917 3127 C

256 3105 354 3165 οἱα
382 3122 443 3158 τε
467 3101 537 3177 ἦν
567 3108 667 3178 τῆς
694 3105 863 3165 αὐτοῦ
894 3106 1147 3179 θεότητος
1172 3105 1378 3176 θίγειν·
1412 3108 1533 3169 οὐδέ
1567 3106 1675 3180 γὰρ
1698 3107 1847 3176 ἄξιον

256 3193 336 3268 ἦν
352 3195 453 3269 τήν
482 3197 563 3252 ἔτι
583 3198 879 3254 κλαίουσαν
895 3239 913 3266 ,
941 3199 1039 3257 καὶ
1058 3199 1209 3255 κάτω
1229 3200 1358 3273 περὶ¹
1380 3199 1450 3255 τὰ
1475 3202 1734 3277 μνήματα
1754 3201 1849 3255 καὶ

259 3287 471 3357 τάφους
504 3284 594 3347 οἷα
625 3288 819 3361 νεκρὸν
853 3287 1122 3361 ζητοῦσαν
1154 3288 1314 3347 αὐτὸν
1332 3330 1362 3354 ,,
1394 3290 1626 3344 ταπεινά
1659 3307 1718 3347 τε
1753 3291 1849 3344 καὶ

257 3379 581 3451 ἀνθρώπινα
600 3382 731 3457 περὶ
751 3380 916 3436 αὐτοῦ
941 3380 1267 3447 δοξάζουσαν
1286 3424 1302 3448 ,
1319 3380 1419 3452 τῆς
1442 3383 1660 3454 ἐπαφῆς
1681 3381 1847 3436 αὐτοῦ

259 3473 574 3525 κοινωνεῖν
615 3471 698 3533 διὸ
732 3471 833 3543 τὴν
874 3471 1054 3526 αἰτίαν
1089 3472 1398 3545 ἀπήλεγχεν
1420 3514 1436 3538 ,
1477 3475 1551 3546 μὴ
1597 3476 1708 3547 γάρ
1751 3477 1847 3530 ἀν-

259 3563 582 3635 εληλυθέναι
611 3563 766 3619 οὔπω
796 3566 982 3636 φησιν,
1006 3566 1130 3619 ὅσον
1157 3565 1221 3619 τὸ
1241 3566 1327 3619 ἐπ’
1359 3567 1550 3639 αὐτὴν,
1586 3569 1723 3640 πρὸς
1753 3569 1848 3623 τὸν

260 3656 486 3729 Πατέρα
502 3697 519 3723 ,
546 3658 690 3720 ἐπεὶ,
704 3657 787 3731 μὴ
806 3657 950 3711 τοῦτ’
969 3657 1290 3714 ἐπίστευσεν
1310 3659 1625 3729 γεγονέναι,
1655 3662 1847 3733 νεκρὸν

256 3748 324 3810 δέ
368 3767 473 3805 που
515 3750 922 3809 κεῖσθαιαύτὸν
964 3749 1099 3821 ᾤετο
1120 3771 1136 3783 ·
1173 3751 1254 3806 διό
1287 3769 1450 3824 φησιν
1486 3753 1625 3826 πρὸς
1656 3755 1845 3827 αὐτήν·

259 3843 363 3911 Μή
387 3860 507 3912 μου
539 3842 769 3909 ἅπτου,
809 3844 1035 3915 τοιαύτη
1060 3862 1143 3908 τις
1171 3840 1308 3899 οὖσα
1340 3846 1434 3899 καὶ
1456 3845 1681 3900 τοιαῦτα
1719 3848 1849 3918 περὶ

260 3932 400 4004 ἐμοῦ
440 3933 795 4007 λογιζομένηο
829 3935 917 3995 σοὶ
957 3935 1066 4007 γὰρ
1100 3934 1233 3998 Θεὸς
1259 3934 1413 3990 οὔπω
1442 3937 1810 4008 πεπίστευμαι
1830 3956 1843 3966 ·

260 4026 351 4078 σοὶ
375 4024 455 4079 ἐτι
495 4025 648 4079 κάτω
684 4021 822 4080 εἶναι
849 4026 1166 4103 λελόγισμαι
1189 4043 1205 4058 ⁸
1247 4026 1405 4081 οὕτω
1428 4027 1528 4105 τὴν
1557 4027 1848 4089 κλαίουσαν

258 4119 362 4176 καὶ
397 4117 627 4184 δόξασαν
654 4117 818 4172 αὐτὸν
846 4114 985 4173 εἶναι
1015 4117 1109 4172 τὸν
1131 4119 1438 4191 κηπουρὸν,
1487 4119 1576 4173 διά
1621 4119 1721 4190 μὲν
1750 4120 1846 4175 τοῦ

259 4206 361 4276 Μή
381 4226 502 4278 μου
522 4207 714 4264 ἅπτου
734 4208 1074 4281 ἀπέστρεφεν
1095 4210 1443 4282 ἐπιπλήττων
1462 4211 1597 4283 αὐτῇ
1617 4229 1632 4244 ·
1653 4211 1729 4276 ὡς
1752 4214 1848 4267 καὶ

257 4299 354 4363 διὰ
379 4298 475 4353 τοῦ
498 4302 732 4377 γυναῖκα
760 4300 1078 4367 καλεῖν,καὶ
1108 4300 1197 4355 διά
1214 4301 1308 4355 τοῦ
1336 4301 1537 4372 λέγειν,
1576 4302 1639 4356 Τί
1669 4304 1845 4357 κλαί-

1952 1830 2282 1892 humilitatis
2316 1830 2583 1889 instinctu
2610 1831 3039 1893 furtohablatum
3071 1846 3274 1901 corpus
3298 1832 3528 1888 creden—

1951 1930 2083 1988 tem,
2107 1930 2271 1993 atque
2302 1922 2529 1994 indigna
2551 1921 2761 1993 ἀείρεο
2791 1922 3138 1988 sentientem,
3165 1921 3327 1980 Jesus
3347 1923 3528 1995 primo

1952 2016 2241 2073 mulierem
2271 2016 2527 2088 appellat,
2556 2017 2850 2088 increpans
2882 2023 3046 2087 atque
3078 2016 3422 2089 exprobrans
3448 2011 3529 2068 fe-

1952 2109 2191 2163 mineam
2240 2108 2414 2163 animi
2460 2108 2844 2180 aegritudinem
2883 2124 2901 2164 :
2954 2108 3102 2164 unde
3152 2107 3250 2171 ait,
3311 2104 3529 2169 mulier,

1951 2198 2078 2271 quid
2100 2198 2323 2268 ploras?
2347 2198 2553 2255 Deinde
2585 2199 2757 2264 addit,
2790 2197 3009 2264 Maria;
3061 2205 3123 2252 ut
3170 2198 3264 2252 illa
3306 2197 3531 2253 nomine

1951 2291 2232 2346 admonita
2262 2289 2331 2344 ad
2358 2297 2601 2345 mentem
2642 2295 3023 2354 revocaretur,
3079 2294 3243 2358 atque
3276 2297 3338 2345 ut
3385 2287 3530 2342 anti-

1951 2395 2183 2452 quarum
2207 2380 2566 2451 sponsionum
2592 2389 2707 2441 tum
2734 2380 2842 2461 ipsi
2870 2389 2987 2435 tum
3019 2380 3251 2452 reliquis
3283 2379 3531 2451 discipu-

1951 2474 2023 2530 lis
2055 2472 2124 2534 de
2173 2472 2379 2529 Christi
2432 2472 2842 2533 resurrectione
2892 2470 3168 2527 factarum
3208 2469 3531 2526 recordare-

1952 2574 2063 2623 tur.
2095 2567 2192 2621 Illa
2222 2568 2406 2624 animo
2432 2582 2499 2623 ex
2529 2563 2879 2627 aberratione
2904 2572 3149 2635 recepto,
3182 2564 3345 2635 vique
3374 2563 3531 2619 vocis

1952 2671 2017 2717 ac
2043 2657 2334 2717 verborum
2362 2657 2548 2728 agnita
2590 2654 2838 2718 Rabboni
2877 2655 3090 2726 inquit;
3132 2668 3242 2725 qua
3284 2667 3417 2709 voce
3453 2655 3528 2715 si-

1948 2746 2240 2820 gniﬁcatur
2262 2748 2536 2818 magister.

2019 2837 2077 2893 2.
2111 2835 2236 2898 Mox
2267 2836 2347 2893 ad
2373 2837 2529 2898 illum
2575 2835 2759 2899 adhuc
2803 2841 2865 2889 ut
2911 2833 3260 2906 magistrum,
3310 2845 3422 2886 non
3466 2838 3528 2887 ut

1949 2926 2143 2995 Deum,
2176 2928 2439 2987 accedere
2464 2935 2722 3000 prOperat
2748 2914 2764 2983 Ξ
2787 2941 2896 2998 qua
2920 2927 3011 2982 ille
3042 2925 3316 2997 prohibita
3343 2930 3396 2979 et
3429 2923 3526 2978 de-

1949 3020 2142 3084 territa
2168 3021 2274 3086 ait,
2298 3018 2430 3075 Noli
2453 3037 2533 3075 me
2553 3029 2805 3090 tangere.
2830 3017 2967 3073 Nam
3003 3033 3125 3088 quae
3157 3017 3398 3071 humana
3435 3014 3528 3070 ad-

1949 3113 2058 3168 huc
2082 3113 2350 3184 sapiebat,
2395 3128 2511 3169 non
2558 3111 2877 3181 eratdigna
2920 3109 3259 3165 divinitatem
3290 3109 3410 3177 ejus
3444 3116 3526 3161 at-

1947 3206 2199 3275 tingere:
2230 3220 2411 3275 neque
2453 3219 2553 3276 par
2603 3211 2724 3259 erat
2758 3186 2930 3267 illam,
2964 3217 3086 3272 quae
3120 3201 3300 3256 adhuc
3338 3199 3520 3261 ﬂebat,

1947 3304 2002 3352 et
2031 3295 2219 3353 Jesum
2252 3295 2465 3351 inferne
2492 3295 2548 3349 in
2577 3295 2951 3354 monumentis
2977 3293 3354 3364 sepulcrisque
3376 3308 3525 3362 quae-

1947 3391 2123 3455 rebat,
2148 3397 2313 3460 atque
2353 3388 2632 3446 humiliter
2675 3396 2730 3444 et
2760 3370 2974 3442 inﬁrme
2996 3386 3064 3442 de
3102 3387 3195 3440 illo
3228 3385 3518 3448 sentiebat,
3629 3411 3633 3415 -

1948 3482 2114 3548 haud,
2151 3484 2404 3553 inquam,
2438 3496 2657 3551 aequum
2678 3490 2827 3559 erat
2847 3488 3138 3534 contactus
3166 3478 3284 3549 ejus
3305 3492 3525 3546 compo-

1946 3581 2057 3628 tem
2095 3572 2232 3629 ὕει-ἱ.
2282 3571 2648 3638 Quamobrem
2693 3569 2867 3652 Iesus.
2905 3584 3132 3625 causam
3177 3583 3397 3652 quoque
3443 3568 3520 3622 rei

1945 3664 2146 3736 aperit,
2192 3663 2440 3720 nondum
2468 3678 2557 3728 ,se
2595 3646 2911 3718 ascendisse
2958 3660 3246 3731 (quantum
3294 3646 3361 3713 ad
3399 3672 3523 3711 eam

1946 3754 2240 3825 attineret)
2268 3754 2360 3811 .ad
2413 3752 2630 3815 Patrem
2685 3753 2909 3820 dicens;
2960 3751 3222 3822 quoniam
3271 3749 3390 3820 ipsa
3442 3750 3521 3804 rei

1945 3848 2299 3921 gestae,lidem
2329 3845 2577 3910 nondum
2602 3845 2914 3925 adhibebat,
2948 3858 3117 3914 seque
3137 3849 3414 3897 mortuum
3434 3841 3522 3911 ja-

1945 3956 2068 3994 cere
2091 3938 2320 4009 putabat
2337 3957 2349 3994 :
2366 3939 2598 4006 ideoque
2627 3922 2735 3999 ait,
2753 3922 2888 4013 Noli
2904 3950 2983 3988 me
3005 3943 3235 4004 tangere,
3251 3948 3376 3988 cum
3393 3933 3521 3989 talis

1945 4029 2045 4094 sis,
2092 4029 2369 4100 talemque
2412 4026 2479 4081 de
2526 4041 2615 4081 me
2654 4012 2969 4098 opinionem
3013 4039 3173 4101 geras
3198 4044 3211 4079 :
3236 4024 3337 4080 tibi
3375 4024 3523 4079 enim

1943 4118 2090 4175 Deus
2122 4116 2369 4173 nondum
2394 4115 2629 4182 credor,
2652 4115 2750 4171 sed
2779 4115 3061 4171 terrestris
3083 4114 3263 4171 adhuc
3293 4116 3518 4171 habeor.

1946 4211 2042 4268 Sic
2085 4213 2134 4268 is
2168 4212 2501 4283 plorantem,
2562 4218 2618 4265 et
2649 4224 2771 4279 quae
2803 4208 3155 4264 hortulanum
3198 4209 3379 4280 ipsum
3408 4223 3523 4264 cre-

1943 4304 2139 4367 debat,
2173 4299 2262 4356 his
2302 4299 2510 4365 verbis,
2568 4297 2701 4353 Noli
2754 4315 2836 4353 me
2880 4308 3093 4370 tangere
3119 4299 3309 4369 rejecit
3341 4300 3523 4354 incre-

260 4408 388 4460 atc;
415 4393 477 4446 τὸ
499 4392 610 4464 γὰρ
642 4392 850 4447 κλαίειν
881 4394 973 4447 τὸν
998 4392 1206 4460 ζῶντα,
1240 4394 1438 4466 μᾶλλον
1469 4394 1528 4449 δέ
1560 4396 1661 4468 τὴν
1697 4396 1839 4468 ζωὴν

1950 4397 2166 4469 pitans:
2193 4392 2340 4448 unde
2378 4400 2453 4448 et-
2482 4392 2769 4447 mulierem
2792 4393 3042 4448 eamdem
3093 4392 3375 4456 voeitavit,
3415 4394 3523 4446 ait-

261 4484 435 4555 αὐτὴν
458 4524 472 4548 ,
498 4484 737 4556 ἐσχάτης
754 4479 824 4556 ἦν
843 4484 1084 4556 ἀμαθίας
1101 4503 1117 4516 ·
1155 4487 1251 4542 καὶ
1275 4485 1364 4540 διά
1389 4487 1487 4557 μὲν
1508 4487 1712 4559 τούτων
1746 4490 1847 4542 ἐπ·-

260 4576 527 4649 έπληττεν
553 4578 689 4647 αὐτῇ
708 4592 723 4607 ο
750 4576 838 4631 διὰ
855 4576 913 4631 δὲ
937 4577 1045 4633 τῶν
1061 4577 1191 4649 ἑξῆς
1210 4580 1308 4651 τὴν
1331 4579 1455 4635 καθ’
1479 4580 1669 4634 ἐαυτὸν
1691 4583 1849 4635 ἐπαί-

258 4669 415 4723 δευεν
446 4667 722 4737 θεολογίαν
741 4685 756 4698 ·
784 4671 818 4740 ή
847 4669 892 4722 δ’
919 4670 1015 4723 ἐπὶ
1044 4670 1253 4734 τούτοις
1282 4671 1352 4725 τά
1392 4673 1601 4743 μεγάλα
1628 4674 1844 4746 ὠφελη-

264 4761 402 4840 μένη
417 4801 432 4826 ,
455 4761 617 4815 πάλιν
638 4763 910 4832 ἀναχωρεῖ
925 4761 1020 4814 τοῦ
1041 4763 1322 4834 μνήματος
1340 4782 1354 4795 ·
1379 4765 1536 4819 τοῦτο
1557 4765 1811 4838 δεύτερον
1827 4783 1841 4798 ·

260 4850 361 4907 εἴτ’
387 4851 678 4918 ἐξειποῦσα
704 4856 772 4926 τῇ
805 4853 939 4925 ἄλλῃ
965 4854 1154 4926 Μαρίᾳ
1178 4855 1246 4909 τὰ
1270 4855 1574 4928 τεθεαμένα
1596 4858 1745 4929 παρά
1765 4858 1845 4930 τῷ

273 4944 492 5015 Ἰωάννῃ
512 4984 528 5009 ,
555 4944 783 5016 ἐπανῄει
817 4946 914 4999 σὺν
955 4945 1124 5017 αὐτῇο
1168 4948 1328 5002 τοῦτο
1355 4948 1571 5021 τρίτονε
1603 4951 1698 5004 καὶ
1734 4949 1844 5005 τῶν

259 5034 423 5106 παρὰ·
443 5034 522 5106 τῷ
550 5034 812 5107 Ματθαίῳ
842 5038 1329 5110 μνημονευομένων
1368 5038 1571 5112 θεωρὸς
1601 5042 1845 5110 ἐγίγνετο

257 5125 442 5179 οὐκέτι
466 5128 630 5198 μόνη,
657 5129 755 5182 σὺν
780 5128 838 5181 δὲ
866 5130 930 5199 τῇ
956 5130 1118 5200 ἑτέρᾳ
1144 5130 1332 5203 Μαρίᾳ
1354 5148 1367 5162 ο
1384 5134 1490 5185 ικαὶ
1511 5133 1693 5187 οὐκέτι
1713 5135 1843 5187 εἵσω

257 5215 353 5270 τοῦ
377 5216 548 5287 τάφου
584 5219 1015 5292 παρακύπτουσα
1042 5222 1117 5285 ὡς
1142 5222 1296 5292 παρὰ,
1322 5224 1398 5293 τῷ
1435 5225 1652 5296 Ἰωάννῃ
1676 5265 1690 5290 ,
1723 5226 1842 5279 οὐδέ

137 5356 143 5364 ,
255 5306 353 5360 δύο
403 5309 668 5377 ἀγγέλους
695 5350 709 5375 ,
760 5311 873 5369 ἀλλ’
913 5313 1008 5368 Eva
1054 5314 1192 5385 πρὸς
1238 5314 1318 5386 τῷ
1365 5315 1496 5387 λίθῳ
1533 5318 1841 5390 καθήμενον

257 5396 466 5468 ὁρῶσα.

327 5579 398 5642 τ’.
416 5569 533 5627 Εἶτ’
554 5575 646 5630 ἐπί
661 5578 868 5644 τούτοις
885 5579 1047 5635 αὐτὸν
1066 5583 1226 5638 πάλιν
1245 5584 1335 5637 τὸν
1349 5585 1574 5657 Σωτῆρα
1593 5587 1728 5656 μετά
1746 5588 1840 5658 τῆς

257 5664 427 5740 ἀλλης
444 5668 663 5740 Μαρίας
684 5669 879 5745 θεωρεῖ
894 5690 908 5706 ι
930 5673 1087 5729 τοῦτο
1111 5675 1357 5749 δεύτερον
1379 5696 1395 5709 κ
1418 5679 1509 5732 καὶ
1532 5680 1714 5734 οθκέτι
1742 5682 1839 5753 μὲν

1947 4502 2075 4559 que,
2108 4483 2249 4551 Quid
2276 4483 2654 4553 ploras?.nam
2688 4482 2873 4552 lugere
2895 4483 3186 4550 viventem,
3205 4483 3315 4537 imo
3343 4482 3519 4557 ipsam

1947 4579 2137 4640 vitam,
2170 4584 2427 4631 extremae
2462 4581 2583 4629 erat
2638 4574 2873 4630 inscitiae
2902 4592 2916 4629 :
2945 4590 3053 4645 qua
3100 4590 3265 4645 super
3305 4590 3365 4637 re
3409 4590 3520 4635 nou

1948 4669 2192 4742 pepercit
2213 4665 2603 4737 objurgationi.
2639 4664 2779 4720 Tum
2806 4666 2863 4720 in
2892 4666 3253 4736 sequentibus
3277 4665 3520 4723 divinam

1946 4761 2026 4815 illi
2062 4760 2149 4816 sui
2186 4758 2440 4814 notitiam
2486 4757 2833 4827 impertivit:
2864 4770 2987 4827 quae
3040 4756 3129 4811 his
3174 4756 3359 4811 verbis
3409 4771 3522 4815 ma-

1945 4865 2186 4922 gnopere
2234 4850 2485 4913 erudita,
2532 4848 2715 4903 denuo
2770 4846 3017 4902 deseruit
3064 4853 3519 4909 monumentum,

1945 4939 2189 4997 secundo
2219 4939 2492 4995 videlicet.
2527 4937 2665 4992 Exin
2698 4939 2941 4994 narratis
2976 4936 3163 5002 Mariae
3190 4938 3373 5002 alteri,
3398 4953 3521 5008 qua:

1944 5032 2151 5089 vidisse
2183 5046 2304 5088 eam
2346 5038 2536 5085 narrat
2574 5029 2839 5097 Joannes,
2872 5032 3003 5086 illuc
3032 5046 3158 5089 eum
3209 5031 3401 5087 eadem
3432 5045 3521 5085 re-

1944 5140 2102 5180 versa
2153 5137 2263 5187 est,
2306 5123 2487 5179 tertio.
2525 5123 2777 5178 videlicet
2804 5143 2817 5179 :
2846 5138 2917 5187 ac
2962 5131 3345 5187 tum,eorum.
3396 5137 3521 5191 Quae

1944 5222 2213 5271 memorat
2238 5213 2548 5278 Matthaaus,
2572 5212 3039 5285 spectatrixluit;
3068 5212 3346 5282 haudjam
3377 5213 3516 5278 sola,

1944 5306 2039 5363 sed
2074 5323 2199 5362 cum
2231 5307 2398 5362 altera
2433 5306 2602 5361 Maria
2631 5325 2646 5361 :
2681 5320 2858 5376 neque
2890 5304 3431 5380 jam-introspiciens
3458 5302 3513 5356 in

1942 5403 2276 5473 sepulcrum,
2307 5403 2389 5457 uti
2420 5401 2683 5456 narrabat
2722 5400 2994 5467 Joannes;
3030 5416 3208 5472 neque
3233 5400 3347 5469 jam
3376 5399 3515 5455 duos

1943 5496 2188 5564 angelos,
2218 5493 2315 5549 sed
2349 5508 2521 5548 unum
2551 5492 2719 5563 lapidi
2749 5492 3079 5548 insidentem
3115 5506 3368 5546 cernens.

2014 5587 2067 5643 5.
2108 5585 2241 5642 Post
2281 5586 2395 5641 haec
2448 5585 2631 5641 denuo
2659 5583 2828 5646 videt,
2864 5584 3067 5638 comite
3114 5585 3285 5641 altera
3322 5582 3514 5649 Maria,

1944 5681 2125 5752 ipsum
2163 5681 2507 5738 Servatorem
2530 5719 2543 5745 ,
2595 5677 2838 5737 secundo
2861 5678 3152 5735 videlicet:
3201 5693 3377 5751 neque
3401 5677 3514 5750 jam
