3826 6218
417 271 518 330 951
1081 267 1350 326 EUSEBII
1389 264 1874 326 CESARIENSIS
1907 265 1953 323 0

2100 261 2282 320 PARS
2318 263 2404 319 111.
2441 296 2510 308 -
2548 264 2962 325 Ειῑςετιω.
3565 265 3654 324 151

419 391 594 456 audit,
637 389 772 446 Noli
792 408 872 446 me
900 399 1145 463 tangere;
1187 392 1298 448 imo
1325 392 1587 463 gaudere,
1620 391 1818 447 nedum
1845 389 1953 445 lien

2073 388 2312 455 ⁵ἀκούει,
2340 387 2438 459 Μή
2474 407 2593 458 μου
2634 390 2828 445 ἅπτου
2849 429 2864 452 ,
2897 387 3205 442 τούναντίον
3239 387 3298 441 δέ
3319 385 3526 458 χαίρειν
3553 386 3650 439 ἀντὶ

417 484 489 539 ab
518 483 640 555 ipso
669 482 894 554 jubetur
920 502 934 538 :
965 483 1098 557 quin
1141 485 1306 539 etiam
1339 485 1486 539 hunc
1516 492 1739 554 tangere
1771 484 1953 539 sinitm

2101 481 2196 535 τοῦ
2227 481 2434 535 κλαίειν
2459 481 2550 536 ὑπ’
2586 481 2752 536 αὑτοῦ
2780 482 3059 536 κελεύεται
3078 499 3092 512 ·
3121 479 3257 534 ἀλλά
3283 479 3378 534 καὶ
3409 477 3649 532 amem

416 588 581 644 quem
609 573 722 644 jam
759 582 820 628 ut
869 574 1037 630 Deum
1066 576 1454 631 venerabatur.
1491 575 1582 628 Ait
1622 589 1754 644 ergo
1786 575 1870 629 his
1917 573 1953 630 ῐε

2101 572 2266 628 αὑτοῦ
2284 575 2666 645 συγχωρείται,
2688 574 2809 626 ἐπεὶ
2821 572 2914 626 καὶ
2931 573 3225 643 προσκυνεί
3241 569 3403 622 αὐτὸν
3414 567 3492 630 ὡς
3507 567 3622 619 Θεόν
3635 582 3646 596 ⁸

416 665 585 720 minis
619 663 801 732 Jesus,
853 663 1112 720 Gaudete.
1151 666 1260 721 Illa;
1288 683 1416 722 vero
1446 666 1770 721 accedentes
1799 673 1953 721 tenue

2101 665 2246 734 λέγει
2263 666 2394 734 γοῦν
2426 667 2619 730 αὐταῖς
2645 670 2674 720 ὁ
2709 665 2934 738 Ἰησοῦς,
2963 666 3205 733 Xat'pete
3223 680 3235 691 ·
3270 663 3326 716 αἱ
3354 662 3414 715 δὲ
3442 660 3647 732 προσελ-

417 766 546 812 runt
577 756 744 828 pedes
773 759 894 828 ejus
918 768 982 814 et-
1001 759 1389 815 adoraverunt.
1426 757 1493 812 Et
1518 774 1645 813 vera
1669 759 1836 828 igitur
1861 772 1953 811 nar

2101 756 2288 810 θοῠσαι
2306 799 2321 824 ,
2355 759 2665 830 ἐκράτησαν
2697 757 2858 811 αὑτοῦ
2883 757 3010 820 τοὺς
3037 755 3202 818 πόδας
3224 755 3316 806 καὶ
3339 749 3650 824 προσεκύνη-

416 859 542 903 rant
590 865 747 904 sacra
803 849 1118 921 Evangelia,
1165 860 1220 907 et
1255 852 1405 906 nulla
1450 852 1506 906 in
1559 858 1715 923 parte
1761 849 1904 905 inter
1933 866 1953 906 ε

2102 867 2200 904 σαν
2227 849 2376 920 αὑτῷ
2397 868 2410 881 ·
2439 851 2533 904 καὶ
2560 850 2732 914 οὕτως
2772 851 2888 920 ἆμα
2916 847 3169 918 ἀληθεύει
3194 845 3261 898 τὰ
3283 843 3407 915 ἱερά
3433 839 3649 909 Εὐαγγέ-

415 948 665 1011 pugnant
693 959 706 995 :
741 958 1053 1013 quanquam
1085 943 1330 997 eamdem
1365 943 1589 997 Mariam
1620 942 1953 1014 Magdalenat

2098 943 2186 995 λια
2205 982 2219 1005 ,
2264 942 2385 996 κατ’
2420 943 2606 997 οὐδένα
2644 943 2802 1012 λόγον
2834 940 3234 1011 διαφωνοῦνταο
3271 936 3369 1006 τὴν
3411 933 3575 1002 αὐτὴν
3602 931 3649 986 δὲ

413 1032 769 1088 introducunt
807 1043 861 1089 et
902 1050 1010 1089 non
1054 1043 1361 1105 tangentem
1403 1036 1577 1105 primo
1619 1034 1953 1089 Servatorem

2097 1034 2316 1107 Μαρίαν
2335 1035 2434 1105 τὴν
2454 1033 2816 1105 Μαγδαληνὴν
2839 1035 3124 1100 εἰσάγοντα
3142 1029 3240 1084 καὶ
3262 1027 3336 1098 μὴ
3361 1022 3651 1094 ἁπτομένην

409 1125 540 1181 dum
576 1123 764 1191 ﬂebat,
812 1139 1038 1199 eratque
1087 1127 1391 1191 incredula,
1438 1136 1493 1182 et
1520 1142 1644 1182 eum
1677 1133 1953 1196 tangente:

2096 1127 2358 1200 πρότερον
2386 1126 2482 1180 τοῦ
2515 1128 2766 1198 Σωτῆρος
2784 1167 2800 1189 ,
2847 1127 2936 1179 ὅτε
2965 1125 3145 1178 ἔκλαιε
3171 1123 3266 1175 καὶ
3297 1119 3548 1188 ἠπίστειο
3571 1115 3651 1169 καὶ

409 1225 697 1287 postquam
730 1219 966 1290 gaudere
1003 1220 1156 1289 jussa
1201 1227 1305 1274 est.
1349 1215 1469 1273 Jam
1500 1221 1681 1290 priora
1711 1233 1834 1274 esse
1869 1219 1953 1273 exi

2094 1219 2408 1291 ἁπτομένην
2436 1218 2601 1273 αὑτοῦ
2626 1259 2640 1283 ,
2682 1220 2771 1271 ὅτε
2801 1219 3013 1289 χαίρειν
3040 1213 3317 1268 ἐκελεύετο
3338 1229 3354 1240 ·
3391 1207 3576 1279 πρώτα
3603 1205 3648 1258 δὲ

407 1309 684 1363 stimanda
727 1326 849 1380 qua:
894 1319 1022 1365 sunt
1075 1312 1218 1381 apud
1261 1310 1525 1365 Joannem
1572 1313 1639 1368 iis
1682 1327 1803 1382 quae
1843 1325 1953 1379 aput

2093 1313 2346 1383 ἡγεῖσθαι
2376 1313 2445 1366 τά
2477 1312 2627 1383 παρά
2669 1310 2747 1382 τῷ
2793 1311 3012 1380 Ἰωάννῃ
3042 1307 3347 1379 δηλούμενα
3377 1303 3489 1356 τῶν
3520 1299 3650 1369 παρὰ

407 1397 742 1462 Matthaeum,
772 1400 826 1454 in
855 1401 1148 1472 disputatis
1178 1408 1326 1455 retro
1353 1401 1654 1457 secundum
1691 1401 1953 1472 quamdam

2091 1404 2170 1474 τῷ
2197 1404 2461 1476 Ματθαίῳ
2495 1405 2810 1477 φερομένων
2827 1443 2841 1466 ,
2875 1402 2968 1455 καὶ
2998 1401 3087 1452 διὰ
3111 1398 3216 1452 τῶν
3240 1394 3545 1468 ἔμπροσθεν
3569 1408 3648 1459 γε-

405 1495 824 1564 explicationem
851 1496 1354 1566 comprobavimus,
1386 1497 1515 1551 dum
1546 1496 1953 1552 ostenderemus

2090 1497 2486 1566 γυμνασμένων
2513 1498 2545 1566 ὴ
2553 1497 2644 1565 μίν
2673 1493 2814 1546 κατὰ
2841 1493 2968 1564 μίαν
2992 1492 3100 1544 τῶν
3129 1488 3365 1558 ἐκδοχῶν
3387 1485 3644 1556 παρεστή-

405 1585 499 1639 ubi
534 1585 738 1640 dicitur
769 1587 910 1656 apud
946 1585 1257 1640 Matthaeum
1291 1603 1409 1640 sero
1456 1585 1834 1650 Sabbatorum,
1871 1600 1953 1638 n01

2092 1604 2263 1657 σαμεν
2286 1628 2300 1648 ,
2350 1588 2780 1657 διασαφήσαντες
2812 1586 2959 1647 ὅπως
2990 1583 3202 1655 εἴρηται
3233 1578 3386 1650 παρά
3418 1576 3496 1646 τῷ
3524 1577 3658 1630 Ματ-
3700 1655 3708 1661 1

402 1678 770 1747 vespertinam
821 1677 1014 1732 horam
1059 1677 1354 1748 signiﬁcari
1403 1677 1472 1730 ab
1500 1675 1855 1746 evangelista,
1885 1691 1953 1730 sei

2090 1679 2227 1748 θαίῳ
2259 1679 2319 1731 τὸ
2351 1679 2465 1747 ὀψὲ
2493 1677 2811 1732 rust:de
2829 1719 2843 1742 ,
2874 1677 2934 1730 οὐ
2961 1675 3060 1746 τὴν
3098 1671 3386 1742 ἐσπερινὴν
3407 1669 3552 1740 ὥραν
3571 1667 3625 1737 δη

401 1777 620 1841 tempus
650 1772 976 1826 illucescens
1009 1769 1062 1824 in
1090 1787 1253 1824 unam
1291 1768 1679 1824 Sabbatorum.
1719 1769 1849 1822 Erat
1881 1785 1949 1822 au

2084 1771 2302 1834 λοῦντος
2318 1770 2413 1823 τοῦ
2435 1769 2821 1840 εὐαγγελιστοῦ
2843 1807 2857 1831 ,
2894 1767 3032 1821 ἀλλά
3051 1767 3142 1820 τὸν
3163 1763 3566 1831 ἐπιφαύσκοντα
3581 1761 3654 1819 είς

399 1869 509 1918 tem
547 1863 650 1918 hoc
684 1873 896 1933 tempus
928 1866 1200 1932 posterius
1236 1863 1350 1926 illo,
1379 1861 1447 1915 de
1487 1877 1598 1931 quo
1624 1861 1865 1917 Joannes
1905 1861 1953 1915 lo

2087 1863 2214 1934 μίαν
2259 1862 2582 1916 Σαϐϐάτωνο
2625 1857 2694 1932 ἦν
2725 1860 2770 1914 δ’
2810 1854 2963 1924 οὗτος
2995 1858 3242 1928 δεύτερος
3275 1854 3370 1908 τοῦ
3408 1851 3557 1923 παρὰ
3583 1850 3652 1918 τῷ

401 1956 610 2026 quitur.
662 1954 839 2025 Atque
887 1956 1003 2010 hac
1054 1956 1199 2010 dicta
1256 1965 1442 2016 sunto,
1497 1955 1538 2008 si
1585 1954 1710 2024 quis
1757 1953 1953 2007 omnim

2096 1957 2316 2028 Ἰωάννῃ
2338 1955 2728 2026 δεδηλωμένον.
2764 1955 2874 2008 Kal.
2895 1953 3066 2007 ταῦτα
3091 1953 3188 2022 μὲν
3212 1948 3454 2023 εἰρήσθω
3470 1987 3485 2011 ,
3508 1945 3649 2014 εἴπερ

400 2049 646 2102 eamdem
673 2047 900 2101 Mariam
927 2049 1068 2117 apud
1093 2055 1383 2116 utrumque
1407 2047 1797 2116 evangelistam
1814 2044 1950 2100 Joan

2080 2065 2164 2112 τις
2194 2048 2252 2114 ἐξ
2286 2048 2522 2111 ἅπαντος
2555 2047 2655 2117 τὴν
2688 2047 2856 2116 αὐτὴν
2894 2041 3033 2098 εἶναι
3075 2043 3290 2115 Μαρίαν
3320 2041 3455 2110 παρ’
3484 2039 3647 2107 ἀμφο-

399 2152 522 2191 nem
550 2146 713 2208 atque
741 2136 1053 2192 Matthteum
1080 2153 1202 2192 esse
1232 2136 1552 2191 contendat.

2077 2139 2257 2210 τέροις
2295 2143 2408 2202 τοῖς
2451 2138 2858 2206 εὑαγγελισταίς
2915 2137 3134 2208 Ἰωάννῃ
3172 2153 3230 2188 τε
3273 2137 3368 2189 καὶ
3401 2131 3654 2198 Ματθαίφ

2076 2232 2478 2304 διῖσχυρίζοιτο.

466 2319 519 2373 4.
567 2317 662 2372 Sin
712 2334 838 2371 vero
879 2318 1213 2372 concedatur
1246 2332 1353 2370 non
1398 2315 1644 2370 eamdem
1682 2329 1823 2372 esse,
1878 2314 1971 2366 sed
2036 2374 2042 2378 _

393 2410 557 2464 aliam
605 2397 727 2480 quae
774 2426 898 2465 sero
949 2409 1336 2471 Sabbatorum,
1381 2408 1582 2461 comite
1635 2407 1739 2459 alia
1782 2406 1970 2468 Maria,

393 2500 544 2557 venit
573 2499 642 2555 ad
690 2506 1146 2565 monumentum;
1178 2499 1342 2552 aliam
1375 2513 1496 2567 quae
1535 2497 1676 2565 apud
1705 2493 1969 2550 Joannem

395 2606 556 2646 mane
582 2607 688 2646 una
723 2589 1110 2653 Sabbatorum,
1139 2589 1268 2644 dum
1300 2588 1479 2642 adhuc
1505 2588 1741 2643 tenebrae
1761 2595 1969 2651 essent,

393 2683 509 2738 sola
539 2681 606 2737 ad
648 2679 791 2738 idem
825 2688 1240 2736 monumentum
1271 2680 1541 2742 accessit;
1583 2680 1763 2734 omnis
1795 2680 1970 2733 ambi-

2144 2327 2215 2380 δ’.
2253 2327 2315 2379 Ei
2337 2325 2394 2381 δὲ
2422 2325 2800 2397 συγχωρηθείη
2828 2325 2887 2377 τὸ
2915 2324 2988 2396 μὴ
3022 2324 3122 2395 τὴν
3147 2323 3316 2392 αὐτὴν
3333 2316 3477 2373 εἶναι
3497 2358 3512 2381 ,
3539 2315 3646 2370 ἐτέ-

2075 2435 2177 2489 ραν
2217 2417 2273 2470 δὲ
2317 2417 2416 2488 τὴν
2455 2417 2551 2486 ὀψὲ
2585 2416 2877 2468 Σαϐϐάτων
2911 2413 3052 2468 κατὰ
3084 2413 3175 2466 τὸν
3204 2412 3486 2466 Ματθαῖον
3523 2406 3644 2480 μετά

2071 2508 2172 2577 τῆς
2192 2507 2358 2579 ἄλλης
2380 2507 2601 2579 Μαρίας
2625 2509 3044 2577 ἀπαντήσασαν,
3075 2506 3169 2558 καὶ
3193 2503 3361 2572 ἀλλην
3388 2502 3487 2573 τὴν
3511 2498 3654 2571 παρά

2070 2599 2147 2669 τῷ
2197 2599 2420 2673 Ἰωάννῃ
2465 2597 2610 2669 πρωῒ
2653 2601 2718 2669 τῇ
2753 2601 2850 2670 μιᾷ
2895 2598 3004 2651 τῶν
3037 2597 3349 2660 Σαὸϐἀτων,
3385 2594 3468 2648 ἔτι
3498 2589 3648 2661 οὔσης

2074 2688 2314 2752 σκοτίας,
2355 2688 2524 2758 μόνην
2549 2687 2810 2741 ἐλθοῦσαν
2853 2687 2945 2740 ἐπὶ
2975 2687 3036 2740 τὸ
3063 2686 3354 2757 μνημεῖον,
3390 2685 3538 2738 πᾶσα
3561 2683 3646 2735 λυ-

391 2773 572 2841 guitas
627 2772 1006 2843 dissipabitur.
1054 2771 1326 2826 Nimirum
1385 2772 1621 2841 priores,
1676 2785 1797 2840 quae
1844 2786 1953 2825 sert

2073 2778 2187 2849 θείη
2215 2779 2280 2832 ἂν
2300 2778 2598 2849 ἀμφιϐολία
2615 2795 2628 2810 ⁸
2654 2779 2715 2832 τὸ
2743 2778 2842 2842 τὰς
2875 2779 2972 2849 μὲν
2998 2777 3219 2850 πρώτας
3240 2776 3339 2845 ὀψὲ
3364 2774 3643 2829 Σαϐϐάτων

392 2863 756 2918 Sabbatorum
805 2870 1092 2925 venerunt.
1139 2871 1362 2933 propter
1411 2877 1566 2916 suum
1619 2862 1953 2916 sedulitatem

2073 2870 2426 2942 ἀφικομένας,
2449 2871 2545 2926 ἆτε
2580 2870 3005 2943 σπουδαιοτέρας
3029 2871 3124 2924 καὶ
3143 2867 3472 2939 πιστοτέρας
3493 2867 3645 2936 ὑπαρ-

389 2967 552 3026 atque
583 2957 989 3020 credulitatem,
1014 2956 1202 3026 jussas
1246 2969 1369 3009 esse
1399 2970 1427 3007 a
1454 2955 1674 3007 Christo
1705 2953 1953 3024 gaudere1

2073 2963 2159 3033 χού
2168 2981 2266 3028 σας
2279 3004 2294 3028 ,
2314 2964 2409 3018 καὶ
2427 2964 2490 3018 τὸ
2510 2965 2720 3037 χαίρειν
2743 2964 2892 3036 παρὰ
2913 2963 3006 3018 τοῦ
3029 2963 3278 3034 Σωτῆρος
3293 2960 3546 3022 ἀκοῦσαι,
3565 2959 3645 3011 καὶ

387 3065 620 3118 eumque
666 3049 1003 3113 adoravisse,
1056 3047 1288 3116 ejusaue
1334 3047 1500 3116 pedes
1548 3055 1734 3102 tenere
1767 3046 1953 3116 dignas

2073 3057 2462 3126 προσκυνῆσαι,
2484 3057 2719 3120 καὶτοὺς
2740 3057 2908 3120 πόδας
2925 3054 3089 3110 αὐτοῦ
3111 3054 3386 3126 κρατῆσαι
3403 3050 3644 3116 καταξιω-

389 3140 579 3194 ίιιίεεθ.
615 3138 765 3194 Illam
788 3155 918 3195 vero
950 3139 1092 3210 apud
1115 3137 1381 3193 Joannem
1407 3137 1653 3204 Mariam,
1689 3138 1953 3193 diversam

2073 3147 2253 3217 θῆναιο
2279 3147 2377 3219 τὴν
2398 3148 2454 3202 δέ
2475 3148 2626 3220 παρά
2653 3148 2730 3219 τῷ
2775 3149 2997 3221 Ἰωάννῃ
3025 3147 3243 3218 Μαρίαν
3265 3146 3464 3215 ἑτέραν
3495 3139 3641 3198 οὖσαν

389 3247 416 3280 a
461 3230 862 3299 superioribus,
915 3231 1117 3294 serius,
1170 3245 1330 3284 mane
1372 3230 1648 3296 videlicet,
1699 3245 1953 3300 superve-

2073 3239 2194 3310 παρ’
2217 3238 2429 3302 ἐκείνας
2452 3238 2668 3310 βράδιον
2693 3239 2790 3309 μὲν
2813 3236 3191 3308 ἀπηντηκέναι
3208 3236 3302 3289 καὶ
3326 3234 3480 3306 πρωῒ
3495 3252 3508 3264 ο
3526 3233 3640 3287 ταύ-

388 3323 558 3376 ιιίεεο.
607 3321 865 3376 Eamdem
914 3323 1056 3376 hanc
1095 3339 1220 3378 esse
1255 3324 1398 3393 apud
1436 3323 1700 3386 Marcum,
1747 3323 1815 3377 de
1856 3337 1953 3393 qua

2073 3348 2162 3400 την
2183 3331 2228 3385 δ’
2257 3331 2426 3403 αὐτὴν
2443 3328 2580 3384 εἶναι
2604 3329 2745 3385 κατά
2764 3331 2857 3384 τὸν
2880 3329 3108 3401 Μάρκον
3126 3330 3216 3398 ἀφ’
3235 3323 3304 3400 ἧς
3332 3326 3642 3396 ἐκϐεϐλήκει

386 3424 592 3482 septem
622 3413 888 3467 daemonia
921 3414 1096 3483 ejecta
1131 3413 1347 3469 fuerant
1377 3434 1388 3468 :
1416 3431 1644 3486 quaeque
1673 3417 1953 3472 vehemen-

2073 3423 2202 3476 ἑπτὰ
2234 3423 2487 3495 δαιμόνια
2509 3442 2522 3453 ·
2544 3423 2751 3496 σφόδρα
2766 3423 2821 3476 δὲ
2840 3424 2939 3494 τὴν
2955 3421 3133 3492 ψυχὴν
3147 3419 3544 3491 τεθορυϐἦσθαι
3563 3419 3644 3470 καὶ

386 3507 468 3556 ter
501 3502 684 3556 animo
728 3503 1019 3574 perterrita
1061 3503 1247 3573 fuerit,
1292 3514 1346 3561 et
1385 3508 1549 3576 paulo
1583 3507 1953 3576 incredulior;

2073 3514 2422 3587 interorépav
2443 3511 2581 3568 εἶναι
2603 3515 2678 3578 ὡς
2701 3512 2944 3567 ἐστῶσαν
2966 3511 3170 3566 κλαίειν
3189 3550 3202 3572 ,
3227 3510 3322 3562 καὶ
3344 3504 3643 3578 ὑπολαμϐά-

386 3591 616 3662 ideoque
659 3599 936 3647 manserat
962 3593 1035 3648 ibi
1089 3593 1245 3658 ﬂens,
1284 3604 1338 3650 et
1393 3597 1683 3667 suspicans
1724 3614 1793 3654 ne
1823 3599 1953 3654 forte

2073 3622 2173 3659 νειν
2203 3605 2551 3678 ὑφαιρεῖσθαι
2577 3606 2670 3660 τοῦ
2698 3605 2966 3676 μνημείου
2985 3603 3046 3656 τδ
3072 3602 3232 3672 σῶμα
3258 3599 3352 3653 τοῦ
3384 3600 3640 3670 Μτῆρος,

386 3680 700 3738 Servatoris
725 3698 924 3752 corpus
949 3683 1017 3740 de
1045 3685 1299 3755 sepulcro
1324 3685 1518 3742 fuisset
1546 3687 1846 3752 sublatum,
1879 3695 1963 3741 at-

383 3790 490 3844 que
515 3774 569 3828 in
603 3775 739 3830 alias
769 3785 944 3830 terras
978 3775 1257 3848 abactum.
1298 3776 1475 3848 Atque
1506 3778 1643 3834 adeo
1675 3779 1962 3849 perturba-

385 3878 474 3921 tus
502 3864 684 3920 fuerat
722 3866 798 3920 illi
838 3868 1076 3935 animus,
1110 3877 1170 3923 ut
1199 3887 1266 3925 ne
1299 3872 1526 3940 angelos
1555 3871 1776 3942 quidem
1815 3872 1959 3926 intra

383 3958 693 4026 sepulcrum
767 3960 915 4016 visos
972 3975 1302 4032 magnopere
1365 3963 1719 4033 suspexerit,
1783 3979 1958 4033 neque

379 4046 560 4116 ipsum
605 4048 781 4103 oculis
831 4050 1073 4104 oblatum
1122 4049 1466 4106 Servatorem
1512 4054 1815 4123 agnoverit,
1861 4053 1957 4109 sed

380 4138 565 4208 potius
597 4139 947 4194 hortulanum
974 4158 1096 4198 esse
1119 4145 1409 4213 putaverit.

1117 4256 1209 4311 IV.

553 4367 625 4423 De
651 4370 891 4437 sepulcro
919 4379 970 4424 et
999 4369 1062 4424 de
1092 4372 1446 4440 repugnantia
1476 4383 1778 4441 apparente.

2067 3697 2162 3750 καὶ
2187 3699 2244 3750 ἐν
2279 3699 2440 3770 ἑτέρᾳ
2471 3697 2859 3769 μετενηνέχθαι
2884 3699 2953 3767 γῇ
2973 3714 2986 3726 ·
3026 3694 3168 3748 οὕτω
3197 3693 3254 3747 δὲ
3286 3692 3638 3762 συγκέχυτοή

2062 3789 2209 3862 ψυχὴ
2232 3790 2370 3862 αὐτῇ
2394 3829 2410 3853 ,
2447 3790 2523 3854 ὠς
2551 3790 2689 3861 μηδὲ
2721 3791 2847 3852 τοὺς
2868 3789 2959 3842 δύο
2979 3787 3243 3856 ἀγγέλους
3264 3786 3395 3849 τοὺς
3413 3785 3542 3838 εἵσω
3561 3781 3644 3835 τοῦ

2068 3884 2349 3953 μνήματος
2379 3881 2646 3952 ὀφθέντας
2679 3881 2816 3951 αὐτῇ
2849 3878 3285 3948 καταπλαγῆναι,
3316 3876 3456 3947 μηδὲ
3497 3871 3642 3927 αὑτὸν

2065 3974 2329 4045 γνωρίσαι
2349 3974 2581 4043 ὀφθέντα
2609 3975 2747 4044 αὐτῇ
2763 3975 2854 4026 τὸν
2877 3975 3105 4046 Σωτῆρα
3123 4014 3137 4037 ,
3165 3971 3384 4044 νομίσαι
3412 3971 3469 4024 δὲ
3497 3966 3647 4022 αὐτὸν

2070 4061 2210 4119 εἶναι
2237 4066 2328 4119 τὸν
2353 4065 2632 4137 κηπουρὸν
2660 4065 2893 4135 (36-37).

2809 4266 2892 4316 A'.

2114 4374 2255 4442 Περὶ
2283 4373 2392 4427 τοῦ
2427 4373 2618 4443 τάφου
2647 4373 2744 4426 καὶ
2777 4372 2889 4441 τῆς
2916 4373 3219 4440 δοκούσης
3251 4373 3593 4443 διαφωνίας.

451 4482 740 4551 Quomodo
772 4485 917 4555 apud
966 4484 1278 4542 Matthaeum
1327 4486 1496 4541 Maria
1534 4486 1848 4557 Magdalena
1880 4487 1953 4542 si-

2131 4488 2256 4550 Πῶς
2287 4487 2442 4558 παρὰ
2470 4486 2548 4558 τῷ
2571 4487 2838 4557 Ματθαίῳ
2867 4488 2901 4558 ἡ
2931 4487 3267 4558 Μαγδαληνὴ
3296 4489 3493 4559 Μαρία
3515 4486 3639 4559 μετά

375 4577 490 4631 mut
525 4591 650 4630 cum
685 4576 856 4632 altera
892 4576 1062 4632 Maria
1093 4587 1248 4633 extra
1291 4586 1711 4634 monumentum
1753 4578 1954 4634 viderit

374 4683 544 4722 unum
591 4669 843 4738 angelum
890 4669 1219 4725 insidentem
1269 4669 1434 4740 lapidi
1483 4670 1846 4724 monumenti.
1885 4667 1952 4722 Et

372 4762 672 4830 quomodo,
730 4762 1034 4817 secundum
1079 4760 1368 4827 Joannem,
1423 4763 1567 4817 intra
1625 4778 1952 4816 monumen-

373 4862 491 4915 tum
524 4853 748 4924 angelos
787 4853 927 4908 duos
966 4854 1298 4922 spectaverit
1330 4853 1584 4909 sedentes
1627 4851 1797 4906 Maria
1836 4852 1951 4906 Ma-

373 4947 626 5018 gdalena,
663 4946 966 5002 secundum
1009 4953 1190 5000 autem
1223 4945 1450 5010 Lucam,
1485 4945 1596 5000 duo
1621 4945 1724 4999 viri
1757 4946 1948 5000 astite-

368 5041 482 5094 rint
509 5038 856 5096 mulieribus.
886 5038 1131 5110 Denique
1176 5038 1482 5095 secundum
1525 5037 1766 5092 Marcum
1792 5038 1949 5107 juve-

370 5132 458 5186 nis
493 5131 549 5185 in
586 5130 782 5185 dextro
813 5131 1063 5187 residens
1100 5132 1442 5186 monumenti
1492 5131 1664 5186 latere
1699 5131 1850 5185 visus
1877 5132 1949 5185 sit

369 5223 553 5279 Mariae
587 5223 920 5295 Magdalenae
946 5235 1002 5281 et
1031 5225 1214 5280 Mariae
1247 5225 1438 5280 Jacobi
1471 5231 1526 5280 et
1560 5223 1810 5278 Salomze.

441 5314 490 5368 1.
535 5315 727 5371 Priora
777 5324 905 5372 sunt
935 5334 1057 5389 quae
1099 5329 1290 5373 narrat
1339 5319 1663 5374 Matthams:
1695 5333 1866 5389 quare
1893 5329 1946 5374 et

369 5398 490 5456 dua:
520 5401 705 5459 Mariae
730 5405 985 5460 viderunt
1011 5409 1261 5476 angelum
1291 5409 1385 5477 qui
1415 5425 1586 5478 nuper
1623 5410 1748 5463 illuc
1778 5425 1944 5464 vene-

368 5496 456 5541 rat
510 5491 852 5565 lapidemque
906 5500 1229 5552 revolverat.
1286 5498 1604 5568 Sequuntur
1660 5500 1750 5553 illa
1796 5501 1941 5569 apud

2060 4579 2160 4649 τῆς
2185 4579 2353 4652 ἄλλης
2375 4580 2593 4652 Μαρίας
2611 4579 2717 4644 ἔξω
2739 4579 2834 4633 τοῦ
2864 4580 3147 4651 μνήματος
3173 4578 3420 4650 ἑώρακεν
3443 4581 3532 4634 τὸν
3554 4580 3636 4631 ἕνα

2059 4671 2288 4738 ἄγγελον
2308 4671 2711 4742 ἐπικαθήμενον
2728 4670 2806 4742 τῷ
2821 4669 2957 4741 λίθῳ
2973 4669 3066 4724 τοῦ
3087 4673 3366 4742 μνήματος
3382 4690 3396 4701 ·
3418 4673 3512 4726 καὶ

2063 4763 2203 4815 κατὰ
2227 4763 2317 4816 τὸν
2361 4763 2616 4834 Ἰωάννην
2652 4763 2783 4815 είσω
2821 4760 2916 4814 τοῦ
2947 4763 3228 4834 μνήματος
3261 4762 3528 4831 ἀγγέλους
3552 4759 3638 4815 δύο

2059 4855 2253 4925 θεωρεῖ
2281 4854 2675 4926 καθημένουςή
2706 4852 3036 4925 Μαγδαληνὴ
3058 4856 3274 4926 Μαρίαο
3304 4854 3448 4908 κατά
3477 4855 3532 4908 δὲ
3553 4854 3633 4907 τὸν

2058 4949 2270 5001 Λουκᾶν
2298 4947 2392 5000 δύο
2415 4947 2602 5019 ἄνδρες
2627 4947 2936 5018 ἐπέστησαν
2965 4949 3084 5010 ταῖς
3114 4945 3360 5014 γυναιξίν
3377 4965 3392 4977 ·
3423 4947 3561 5001 κατὰ
3582 4945 3633 4998 δὲ

2056 5039 2145 5092 τὸν
2171 5041 2392 5110 Μάρκον
2425 5040 2707 5102 νεανίσκος
2731 5034 2798 5109 ἦν
2832 5041 3023 5104 αὑταῖς
3049 5043 3077 5094 ὁ
3097 5038 3374 5111 ὁρώμενος
3399 5040 3629 5109 καθήμε-

2055 5149 2145 5192 νος
2167 5133 2221 5182 ἐν
2249 5134 2357 5195 τοῖς
2385 5131 2574 5195 δεξιοῖς
2596 5130 2691 5184 τοῦ
2717 5132 2984 5202 μνημείου
3011 5134 3077 5202 τῇ
3100 5131 3433 5203 Μαγδαληνῇ
3457 5129 3630 5199 Μαρίᾳ

2058 5226 2151 5277 καὶ
2183 5227 2371 5296 Μαρίᾳ
2408 5225 2666 5294 Ἰακώβου
2697 5226 2790 5278 καὶ
2819 5224 3074 5298 Σαλώμῃ.

2125 5324 2206 5372 α’.
2246 5316 2326 5368 Τὰ
2370 5315 2470 5385 μὲν
2503 5313 2654 5385 παρά
2685 5313 2761 5384 τῷ
2791 5313 3054 5384 Ματθαίῳ
3089 5311 3485 5385 προηγοῦνται·
3517 5310 3626 5362 ὅθεν

2057 5409 2149 5460 καὶ
2183 5409 2237 5460 αἱ
2271 5407 2364 5460 δύο
2396 5407 2603 5478 Μαρίαι
2654 5405 2780 5476 ἄρτι
2825 5406 2917 5458 τὸν
2951 5404 3181 5472 ἄγγελον
3215 5403 3513 5460 ἐπιστάντα
3540 5399 3624 5452 καὶ
3738 5445 3745 5454 .

2049 5501 2140 5554 τὸν
2187 5499 2331 5552 λίθον
2373 5500 2779 5553 ἀποκυλίσαντα
2814 5499 3137 5552 ἐθεάσαντο·
3187 5499 3254 5550 τά
3290 5496 3345 5550 δὲ
3379 5492 3527 5565 παρά
3553 5491 3622 5558 τῷ

439 5641 1057 5727 (ὖίῖ-δῖὶηρηαεειὶοιιβω
1089 5650 1340 5727 ᾀςμπτίη
1367 5653 1662 5727 angomini
1690 5653 1850 5724 pedes
1873 5656 2188 5725 procidcnte
2223 5657 2485 5713 exscribit
2510 5655 2592 5712 vel
2617 5655 2860 5711 imitatur
2892 5654 3254 5727 Hieronymus
3283 5654 3440 5724 epist.
3469 5643 3617 5714 59,4.

380 5725 478 5764 nec
509 5727 619 5764 non
646 5714 871 5772 Photius
905 5721 1060 5787 epist.
1093 5722 1212 5774 l57.
