3846 6220
377 330 486 387 955

1026 302 1036 310 ’
1094 323 1363 380 EUS’EBII
1397 318 1888 380 CESABlENSlS‘
1919 313 2071 372 OPP.
2113 315 2298 371 PARS
2338 314 2422 369 ΙΙΙ.
2455 343 2525 354 --
2561 306 2974 367 ΕΧΕΟΕΤΙΟΑ·.
3005 303 3013 316 ’

3541 298 3664 356 950

376 451 515 514 sole,
553 467 583 505 a
610 451 814 519 juvene
837 449 1021 505 oblato
1049 446 1374 503 mulieribus
1410 443 1594 500 Mariae
1627 440 1951 512 Magdalenm

2062 437 2344 498 νεανίσκος
2361 437 2390 488 6
2413 431 2597 502 ὀφθεὶς
2618 432 2740 492 ταῖς
2761 425 3008 498 γυναιξὶν
3026 425 3093 496 τῇ
3113 421 3303 494 Μαρίᾳ
3326 423 3393 492 τῇ
3423 419 3653 519 M4761:

377 551 432 598 et
468 541 654 596 Mariae
684 538 875 596 Jacobi
919 551 974 597 et
1013 539 1267 603 Salomae,
1299 553 1422 610 qua:
1459 552 1584 592 cum
1622 532 1960 590 aromatibus

375 641 664 698 venerant,
716 634 801 688 hae
863 633 998 704 ipsae
1054 635 1394 689 audierunt:
1426 651 1445 684 ‹
1481 630 1666 686 Nolite
1726 640 1964 696 expave-

379 739 565 792 scere;
611 723 801 780 Jesum
856 726 1106 795 quaeritis
1161 725 1505 782 Nazarenum
1558 722 1904 778 crucifixum.
1936 740 1954 772 ι

380 814 542 872 Medii
573 827 754 872 autem
790 826 920 873 sunt
949 818 1127 890 angeli
1159 819 1260 884 illi,
1300 818 1396 889 qui
1431 816 1574 888 apud
1605 815 1872 870 Joannem
1908 822 1962 870 et

380 909 584 964 Lucam
619 916 882 980 apparent
928 926 1025 979 per
1062 909 1351 965 intervalla
1387 907 1730 980 singillatim.
1780 906 1962 976 Appa—

379 1005 491 1058 ruit
541 1003 688 1059 enim
737 1018 864 1059 sero
914 1000 1283 1057 Sabbatorum
1329 1001 1559 1071 angelus
1609 1013 1753 1053 unus
1803 1005 1959 1052 extra

379 1101 827 1162 monumentum;
867 1103 992 1166 post
1024 1111 1186 1165 quem
1218 1095 1337 1165 ipse
1369 1092 1650 1147 Servator.
1677 1089 1835 1145 Mane
1869 1105 1962 1144 au-

378 1197 488 1243 tem
512 1189 623 1259 jam
651 1187 860 1252 adulto,
887 1188 982 1242 alii
1010 1188 1118 1243 duo
1142 1187 1284 1258 apud
1310 1185 1516 1241 Lucam
1546 1184 1648 1239 viri
1677 1183 1958 1256 appellati,

375 1271 525 1334 haud
555 1277 699 1331 intra
746 1285 1164 1332 monumentum
1206 1276 1333 1332 visi.
1384 1274 1676 1330 Extremus
1715 1273 1961 1334 omnium

377 1371 468 1425 ille
500 1369 763 1440 juvenis;
795 1377 849 1425 et
890 1378 1016 1426 ante
1058 1370 1228 1434 hunc,
1277 1384 1380 1424 nec
1421 1383 1535 1423 non
1577 1375 1705 1421 ante
1745 1366 1897 1422 viros
1929 1379 1962 1420 a

378 1459 527 1518 Luca
560 1470 918 1528 memoratos,
956 1465 1065 1518 duo
1091 1462 1171 1516 illi
1201 1462 1347 1516 intra
1374 1466 1816 1516 monumentum.

449 1553 502 1606 ‘5.
545 1550 723 1607 Lucas
771 1552 848 1606 ait
901 1567 1008 1607 una
1052 1550 1420 1606 Sabbatorum
1469 1565 1630 1604 mane
1668 1547 1962 1620 perspicuo

380 1640 573 1695 tulisse
605 1648 853 1694 aromata
878 1641 1135 1696 mulieres
1164 1639 1324 1708 duas,
1365 1654 1486 1709 quae
1513 1645 1716 1695 secutae
1746 1638 1964 1694 fuerant

2061 529 2197 601 ληνῇ
2233 527 2328 581 καὶ
2359 527 2426 596 τῇ
2457 521 2648 595 Μαρίᾳ
2691 519 2948 590 Ἰακώβου
2986 519 3082 571 καὶ
3114 515 3350 587 Σαλώμῃ
3370 555 3384 577 ,
3433 515 3490 565 αἳ
3527 511 3650 582 μετ’

2060 618 2368 692 ἀρωμάτων
2391 613 2641 668 ἐλθοῦσαι
2662 613 2904 683 ἥκουσαν
2921 649 2936 674 ,
2965 627 2986 660 r
3005 607 3097 678 Μὴ
3117 603 3479 676 ἐκθαμϐεῖσθε
3494 643 3509 664 ,
3546 603 3652 692 Ἰησ

2063 691 2190 758 σοῦν
2202 703 2415 776 ζητεῖτε
2435 702 2526 755 τὸν
2540 699 2862 771 Ναζαρηνὸν
2872 697 2966 751 τὸν
2983 695 3415 767 ἐσταυρωμένον.
3429 713 3448 745 ι
3468 691 3647 746 Μέσοι

2061 797 2120 852 δὲ
2153 797 2203 849 οί
2245 793 2399 868 παρὰ
2439 792 2519 864 τῷ
2564 792 2785 862 Ἰωάννῃ
2817 790 2928 844 καὶ-
2952 787 3031 860 τῷ
3059 788 3242 858 Δουκᾷ
3269 785 3364 839 καὶ
3385 783 3650 854 ὀφθέντες

2061 889 2202 944 κατὰ
2237 888 2428 960 καιρὸν
2461 886 2750 950 ἰδιάζοντες
2768 901 2798 916 ·-
2830 881 3000 953 ἐφάνη
3039 880 3136 950 μὲν
3168 878 3278 950 γὰρ
3298 877 3396 946 ὀψὲ
3425 875 3648 931 Σαόεά-

2060 997 2166 1033 των
2190 978 2418 1048 ἄγγελος
2443 971 2524 1040 εἷς
2551 976 2708 1039 ἐκτὸς
2735 973 2828 1027 τοῦ
2862 973 3167 1044 μνήματος·
3198 969 3316 1040 μεθ’
3343 962 3411 1023 οὗ·
3431 967 3651 1021 καὶαύ-

2061 1072 2152 1134 τδς
2179 1073 2208 1124 6
2249 1071 2440 1142 Σωτήρ
2459 1085 2490 1102 ο·
2510 1067 2707 1140 ὄρθρου
2741 1066 2804 1119 δὲ·
2837 1064 3060 1136 βαθέος,
3093 1063 3350 1133 ἕτεροι-οἱ
3382 1058 3524 1113 κατὰ
3551 1058 3652 1111 τὸν

2061 1164 2276 1218 Λουκᾶν
2315 1161 2409 1214 δύο
2457 1161 2648 1232 ἄνδρες
2673 1157 3049 1230 ὠνομασμένοι
3079 1156 3179 1208 οὐκ
3210 1153 3342 1207 εἴσω
3368 1152 3476 1206 τοῦ
3503 1153 3649 1223 μνή-

2064 1271 2231 1325 ματος
2262 1251 2518 1321 ὀφθέντες
2537 1265 2569 1282 ο·
2587 1249 2814 1319 ὕστερος
2845 1248 3102 1301 ἁπάντων
3138 1248 3166 1298 6
3197 1244 3473 1306 νεανίσκος
3495 1280 3509 1304 ,
3547 1242 3658 1294 καὶ·

2061 1346 2171 1417 πρὸ
2206 1344 2398 1399 τούτου
2429 1345 2525 1398 καὶ
2553 1342 2662 1397 τῶν
2694 1339 2847 1413 παρὰ
2873 1339 2951 1412 τῷ
2979 1339 3162 1410 Λουκᾷ
3188 1339 3236 1391 οἱ
3265 1337 3360 1391 δύο
3387 1336 3519 1389 εἵσω
3545 1333 3649 1389 τοῦ

2063 1437 2168 1507 μνή
2177 1452 2368 1507 ματος.

2129 1535 2207 1597 γ’.
2225 1529 2348 1582 Ὀτι
2370 1530 2398 1582 6
2427 1528 2638 1592 Λουκᾶς
2672 1527 2767 1597 μιᾷ
2795 1524 2942 1592 λέγει
2969 1523 3077 1576 τῶν
3102 1521 3413 1577 Σαϐϐάτων.
3440 1519 3648 1591 ὄρθρον

2062 1621 2276 1693 βαθέος,
2309 1621 2495 1692 φέρειν
2518 1618 2785 1691 ἀρώματα
2813 1619 3074 1685 γυναῖκας
3104 1615 3196 1668 δύο
3219 1613 3319 1676 τὰς
3341 1611 3642 1679 ἀκολουθη-

377 1729 584 1794 Jesum,
626 1730 848 1785 Galilaea
877 1731 1164 1796 oriundas,
1196 1705 1427 1800 qumque
1455 1728 1797 1784 deduxerant
1834 1729 1951 1798 ejus

2063 1715 2232 1776 σάσας
2265 1710 2413 1782 αὐτῷ
2433 1750 2447 1774 ,
2482 1711 2684 1774 αἵτινες
2725 1705 2870 1779 ἦσαν
2917 1707 3026 1761 ἀπὸ
3061 1708 3158 1778 τῆς
3196 1706 3484 1767 Γαλιλαίας
3517 1721 3660 1756 συν-.

377 1777 584 1794 _..-_.--,
632 1777 845 1785 cum.-.
880 1777 1164 1796 v.......-_-,
1199 1777 1426 1800 Ἴρην-
1459 1777 1795 1784 --------κ---
1839 1777 1951 1798 -,__

377 1819 542 1874 funus
565 1829 618 1874 et
643 1828 906 1875 venerant
931 1819 994 1873 ad
1041 1826 1474 1872 monumentum.
1508 1815 1601 1870 Hie
1630 1816 1770 1870 duos
1799 1830 1951 1887 ange~

2062 1803 2510 1874 ακολουθὴσασαι,
2527 1802 2615 1855 ὅτε
2632 1801 2862 1854 ἔθαπτον
2875 1799 3034 1852 αὐτὸν
3048 1796 3292 1849 ἐλθοῦσαι
3311 1794 3404 1847 ἐπὶ
3423 1794 3486 1846 τὸ
3505 1792 3644 1863 μνῆ-

377 1909 461 1964 los
493 1910 744 1964 viderunt
774 1911 878 1965 sibi
898 1911 1144 1964 dicentes
1172 1928 1184 1962 :
1218 1927 1238 1958 ι
1271 1908 1384 1962 Cur
1410 1907 1656 1976 quaeritis
1683 1907 1955 1961 viventem

381 2000 527 2055 inter
563 2002 852 2057 mortuos?
881 2017 990 2055 non
1036 2008 1120 2055 est
1156 2001 1267 2063 hic,
1300 2000 1399 2056 sed
1453 1999 1714 2054 surrexit.
1750 1997 1960 2053 Recor-

375 2095 581 2148 damini
621 2111 741 2164 qua:
773 2095 927 2148 vobis
968 2094 1107 2162 dixit
1141 2093 1270 2147 dum
1302 2093 1584 2148 vobiscum
1619 2099 1953 2156 versaretur,

376 2187 522 2254 quod
573 2202 767 2256 nempe
803 2194 1079 2256 oporteret
1113 2185 1314 2240 Filium
1366 2185 1608 2242 hominis
1651 2186 1800 2256 pati;
1833 2205 1853 2238 ι
1901 2191 1959 2240 et

376 2277 608 2344 reﬁqua.

448 2365 501 2421 4.
542 2365 781 2422 Joannes
810 2367 886 2420 ait
928 2381 1036 2420 una
1076 2364 1441 2422 Sabbatorum
1469 2365 1693 2420 Mariam
1735 2364 1956 2435 Magda-

377 2456 554 2510 lcnam
580 2459 750 2512 solam
777 2457 1079 2512 accessisse
1101 2457 1166 2511 ad
1190 2465 1602 2512 monumentum
1626 2472 1750 2511 cum
1776 2457 1966 2512 adhuc-

377 2551 611 2604 tenebm
636 2559 858 2616 essent;
895 2551 1104 2606 vidisse
1130 2551 1362 2621 lapidem
1397 2550 1708 2616 sublatum;
1741 2550 1954 2604 venisse

376 2639 446 2693 ad
496 2638 772 2695 Simonem
819 2651 981 2712 atque
1005 2640 1290 2702 Joannem,
1337 2642 1536 2712 quibus
1585 2641 1701 2696 ait:
1741 2659 1760 2691 ‹
1789 2639 1956 2695 Tule—

377 2739 506 2786 runt
534 2730 822 2785 Dominum
847 2733 914 2786 de
943 2741 1320 2798 monumento,
1343 2741 1396 2788 et
1428 2735 1614 2788 nescio
1642 2733 1733 2787 ubi
1754 2748 1956 2802 posue—

377 2831 507 2877 runt
538 2839 684 2878 eum.
715 2823 876 2879 Venit
908 2841 1037 2896 ergo
1061 2823 1257 2878 Petrus
1287 2834 1448 2896 atque
1467 2823 1710 2881 Joannes
1737 2825 1805 2880 ad
1834 2841 1954 2879 mo-

378 2924 736 2985 numentum;
769 2937 787 2969 ›
823 2928 876 2972 et
903 2919 1134 2987 reliqua.
1174 2916 1379 2972 Deinde
1409 2917 1781 2988 Magdalenam
1821 2917 1955 2972 flen-

377 3015 485 3062 tem
517 3009 740 3065 exhibet
769 3011 1131 3080 evangelista;
1178 3026 1341 3080 quam
1391 3017 1565 3064 semet
1596 3009 1953 3064 inclinantem

2060 1913 2167 1968 μαο
2201 1897 2402 1960 αἵτινες
2429 1893 2522 1947 δύο
2553 1892 2819 1962 ἀγγέλους
2854 1887 3023 1954 εἶδον,
3071 1889 3120 1942 οἳ
3155 1889 3254 1942 καὶ
3297 1883 3484 1948 εἶπον,
3524 1904 3543 1935 ι
3575 1884 3644 1936 Τί

2058 1989 2267 2060 ζητεῖτε
2294 1987 2387 2042 τὸν
2416 1985 2596 2051 ζῶντα
2630 1984 2768 2056 μετὰ
2793 1984 2902 2038 τῶν
2931 1981 3176 2054 νεκρῶν;
3206 1981 3304 2034 οὐκ
3341 1980 3486 2032 ἔστιν
3511 1972 3642 2043 ὧδε,

2055 2077 2170 2131 ἀλλ’
2194 2075 2402 2148 ἠγέρθη
2422 2093 2438 2108 ο
2476 2074 2857 2146 μνήσθητετὼς
2882 2070 3141 2142 ἐλάλησεν
3171 2071 3298 2139 ὑμῖν
3325 2069 3404 2122 ἔτι
3437 2068 3513 2121 ὣν
3541 2070 3646 2122 σὺν

2056 2172 2185 2240 ὑμῖν
2211 2169 2384 2236 λέγων
2400 2208 2414 2231 ,
2442 2168 2523 2220 ὅτι
2547 2167 2639 2219 δεῖ·
2655 2165 2848 2219 παθεῖν
2880 2165 2972 2217 τὸν
2999 2161 3126 2215 Υἱδν
3151 2159 3437 2231 ἀνθρώπου
3459 2200 3474 2220 ,
3497 2179 3515 2210 ι
3545 2160 3658 2211 καὶη

2053 2261 2122 2314 τὰ
2156 2258 2306 2331 ἑξῆς.

2123 2352 2198 2405 δ’.
2233 2353 2358 2405 Ὀτι
2389 2350 2642 2421 Ἰωάννης
2673 2349 2818 2418 λέγει
2843 2351 2918 2420 τῇ
2945 2348 3044 2418 μιᾷ
3067 2346 3175 2399 τῶν
3195 2343 3486 2398 Σαϐϐατων
3514 2343 3644 2395 Μα-

2059 2444 2179 2516 ρίαν
2206 2444 2304 2515 τὴν
2327 2441 2692 2512 Μαγδαληνὴν
2721 2441 2888 2513 μὸνην
2906 2437 3159 2511 ἔρχεσθαι
3186 2437 3321 2507 πρὸς
3345 2435 3408 2488 τὺ
3426 2435 3639 2505 μνῆμα,

2055 2535 2274 2599 σκοτίας
2301 2534 2380 2588 έτι
2407 2533 2574 2603 οὔσης
2593 2574 2608 2600 ,
2643 2533 2743 2587 καὶ
2773 2532 2957 2603 βλέπει
2987 2530 3079 2584 τὸν
3115 2528 3261 2582 λίθον
3285 2526 3521 2599 ἠρμένον
3543 2529 3661 2579 καὶ·

2053 2627 2271 2699 ἔρχεται
2321 2626 2459 2698 πρὸς
2489 2627 2711 2697 Σίμωνα
2741 2625 2838 2679 καὶ
2867 2624 3006 2696 πρὸς
3053 2621 3304 2693 Ἰωάννην
3336 2621 3433 2674 καὶ
3468 2617 3640 2686 λέγει,

2059 2739 2078 2771 ι
2099 2716 2282 2792 Ἦραν
2309 2719 2402 2773 τὸν
2443 2719 2648 2790 Κύριον
2687 2716 2798 2770 ἀπδ
2822 2715 2917 2770 τοῦ
2955 2715 3222 2786 μνημείου
3255 2714 3350 2766 καὶ
3389 2713 3493 2765 οὐκ
3523 2706 3666 2765 oua.-

2052 2811 2156 2865 ποῢ
2195 2812 2399 2883 ἔθηκαν
2436 2811 2598 2865 αὐτόν
2621 2827 2633 2840 ·
2666 2806 2831 2881 ἦλθεν
2871 2805 2965 2863 οὖν
2997 2808 3205 2878 Πέτρος
3236 2808 3332 2860 καὶ
3384 2806 3643 2876 Ἰωάννης

2052 2906 2146 2959 ἐπὶ
2173 2906 2234 2958 τὸ
2262 2907 2521 2977 μνημεῖον
2541 2945 2554 2969 ,
2581 2923 2599 2956 ι
2629 2905 2724 2957 καὶ
2746 2903 2816 2956 τὰ
2844 2902 2990 2971 έξῆς.
3025 2892 3158 2955 Εἶτα
3185 2900 3395 2968 εἰσάγει
3425 2900 3641 2953 κλαίου-

2055 3015 2152 3054 σαν
2185 2998 2285 3070 τὴν
2317 2997 2682 3066 Μαγδαληνὴν
2703 3035 2717 3059 ,
2760 2993 2855 3048 καὶ
2890 2993 3292 3064 παρακύψασαν
3327 2993 3456 3045 [δεῖν
3493 2991 3640 3058 λέγει

375 3101 582 3157 vidisse
607 3101 682 3156 ait
705 3106 842 3158 duos
887 3104 1112 3172 angelos
1153 3102 1430 3168 sedentes,
1460 3118 1628 3156 unum
1657 3102 1724 3157 ad
1759 3111 1948 3172 caput,

2062 3091 2147 3144 δύο
2169 3090 2434 3159 ἀγγέλους
2466 3086 2888 3157 καθεζομένους,
2919 3085 3017 3137 ἕνα
3048 3083 3186 3153 πρὸς
3211 3086 3276 3154 τῇ
3293 3082 3525 3153 κεφαλῇ,
3546 3080 3656 3135 καὶε

373 3195 605 3248 alterum
641 3193 710 3248 ad
740 3194 904 3264 pedes
923 3235 938 3259 ,
959 3195 1171 3262 sibique
1199 3195 1446 3250 dicentes
1477 3213 1490 3248 :
1529 3213 1547 3245 ι
1582 3193 1795 3259 Mulier,
1818 3193 1952 3263 quid

375 3284 598 3353 ploras?
625 3305 644 3336 ι
676 3301 798 3354 quae
830 3285 904 3338 ait
937 3303 950 3339 :
983 3304 1000 3335 ι
1033 3284 1299 3339 Tulerunt
1327 3283 1612 3338 Dominum
1656 3298 1859 3346 meum,
1897 3292 1952 3338 et

379 3375 567 3430 nescio
595 3375 686 3430 ubi
713 3384 1016 3445 posuerunt
1049 3393 1203 3434 eum.
1234 3397 1254 3428 ›
1289 3375 1412 3430 Mox
1448 3391 1718 3432 conversa
1741 3385 1952 3430 retror-

378 3481 500 3522 sum
545 3466 682 3521 vidit
727 3466 915 3523 Jesum
973 3477 1230 3530 stantem,
1279 3484 1455 3538 neque
1509 3475 1692 3522 tamen
1741 3468 1951 3524 sciebat

374 3573 500 3612 eum
516 3573 638 3614 esse
653 3556 861 3613 Iesum.
885 3557 1022 3612 Dicit
1052 3567 1233 3613 autem
1258 3559 1308 3612 ei
1337 3557 1498 3614 Jesus
1528 3578 1540 3613 :
1573 3579 1590 3610 ι
1616 3559 1829 3624 Mulier,
1850 3575 1951 3614 cur

377 3649 602 3718 ploras?
629 3666 788 3719 quem
816 3651 1056 3721 quaeris?
1085 3671 1102 3701 ι

447 3741 505 3796 5.
547 3739 842 3812 Ambigunt
898 3743 1148 3797 nonnulli
1204 3760 1441 3814 quonam
1489 3754 1648 3814 pacto
1683 3752 1794 3798 tres
1832 3744 1951 3798 dies

376 3841 676 3904 noctesque
704 3843 814 3889 tres
843 3835 1104 3890 absoluta:
1135 3835 1356 3900 fuerint,
1392 3837 1468 3890 uti
1505 3836 1753 3906 prmdixit
1791 3835 1950 3890 Chri-

378 3932 518 3988 stus,
543 3936 668 3980 ante
695 3925 998 3982 faciendam
1025 3930 1506 3985 resurrectionem.
1530 3928 1702 3984 Porro
1733 3944 1948 3997 respon-

375 4013 506 4069 dere
540 4015 620 4070 sic
661 4015 804 4069 licet.
838 4016 944 4069 Alii
984 4033 1014 4070 a
1048 4026 1315 4087 tempore,
1350 4035 1460 4088 quo
1499 4017 1660 4074 Jesus
1700 4019 1949 4088 proditus

376 4101 501 4167 fuit,
531 4113 818 4158 numerant
852 4125 863 4159 :
893 4106 983 4159 alii
1037 4123 1368 4176 parasccven
1421 4109 1474 4162 in
1522 4108 1631 4163 duo
1678 4108 1946 4171 dividunt,

372 4194 500 4261 quia
559 4209 665 4248 nox
722 4194 819 4248 fuit
873 4211 1175 4266 rursusque
1227 4196 1365 4263 dies,
1410 4198 1536 4266 quia
1584 4198 1794 4252 scilicet
1858 4198 1948 4251 illa

372 4285 461 4340 die
493 4287 572 4339 sol
601 4286 950 4352 obscuratus,
983 4288 1163 4344 denuo
1188 4290 1407 4343 reluxit.
1447 4289 1581 4343 Exin
1613 4301 1694 4344 est
1727 4288 1947 4344 Sabbati

375 4373 493 4430 dies
529 4375 760 4446 integra,
790 4376 1020 4448 ejusque
1057 4394 1186 4433 nox.
1214 4379 1320 4432 Alii
1370 4386 1671 4448 supputant
1701 4393 1952 4449 parasce-

2057 3183 2154 3236 ἕνα
2185 3181 2325 3253 πρὸς
2352 3182 2466 3243 τοῖς
2491 3179 2646 3232 ποσίν
2665 3193 2678 3206 ·
2707 3177 2802 3230 καὶ
2831 3175 3079 3242 λέγουσιν
3100 3174 3236 3244 αὐτῇ
3262 3215 3276 3238 ,
3317 3192 3336 3223 ι
3361 3173 3524 3224 Γύναι
3544 3210 3559 3234 ,
3589 3170 3642 3223 τί

2059 3272 2296 3338 κλαίεις;
2329 3291 2346 3323 ι
2374 3274 2408 3343 ἢ
2431 3271 2488 3324 δὲ
2513 3266 2686 3333 εἶπεν,
2717 3287 2735 3319 ι
2757 3263 2940 3338 Ἦραν
2961 3266 3050 3319 τὸν
3072 3264 3276 3337 Κύριὸν
3301 3281 3402 3334 μου
3427 3264 3522 3316 καὶ
3543 3264 3643 3315 οὐκ

2057 3361 2174 3418 οῖδα
2202 3362 2304 3417 ποῦ
2329 3363 2531 3434 ἔθηκαν
2556 3361 2738 3414 αὐτόν.
2767 3379 2785 3412 ι
2819 3355 2952 3412 Εἶτα
2975 3357 3220 3428 ἐστράφη
3250 3359 3329 3420 είς
3352 3355 3420 3408 τὰ
3442 3355 3662 3416 ὁπίσω,,

2057 3459 2150 3513 καὶ
2188 3451 2326 3511 εἶδεν
2372 3456 2461 3510 τὸν
2507 3453 2714 3525 Ἰησοῦν
2744 3452 2978 3505 ἑστῶτα·
3018 3451 3114 3504 καῖ
3143 3450 3243 3501 οὐκ
3271 3448 3388 3518 ᾔδει
3413 3449 3497 3500 ὅτι
3540 3447 3644 3514 Ἰη-

2059 3549 2185 3614 σοῦς
2206 3551 2350 3603 ἐστιν
2371 3566 2382 3576 ·
2419 3550 2447 3601 6
2478 3546 2535 3599 δὲ
2567 3543 2774 3614 Ἰησοῦς
2807 3542 2975 3611 λέγει,
3019 3559 3036 3592 ι
3062 3539 3260 3603 Γύναι,
3305 3539 3360 3591 τί
3395 3538 3639 3602 κλαίειςς

2055 3641 2179 3696 τίνα
2206 3641 2387 3711 ζητεῖς
2403 3655 2417 3702 ;
2443 3657 2460 3688 ι

2128 3734 2188 3780 ε’.
2215 3728 2334 3780 Ὅτι
2359 3723 2623 3795 ἀποροῦσὶ
2647 3740 2793 3785 τινες
2823 3721 2897 3784 ὡς
2938 3724 3089 3792 τρεῖς
3122 3723 3323 3793 ἡμέραι
3353 3723 3448 3776 καὶ
3494 3725 3660 3795 τρεῖς

2057 3819 2248 3881 νύκτες
2274 3814 2624 3887 πληροῦνται,
2652 3810 2834 3874 καθὼς
2858 3807 3012 3863 εἶπεν
3033 3811 3284 3882 Χριστὸς,
3309 3813 3364 3863 αἱ
3390 3812 3488 3882 τῆς
3511 3811 3642 3864 ἀνα-

2059 3911 2335 3971 στάσεως’
2367 3906 2462 3960 καὶ
2489 3905 2633 3957 ἔστιν
2660 3903 2835 3955 εἰπεῖν
2859 3901 2992 3972 (41)·
3023 3901 3073 3953 oi
3109 3900 3207 3972 μὲν
3239 3901 3346 3954 ἀπὸ
3372 3902 3472 3971 τῆς
3503 3917 3636 3970 προ..

2056 4002 2238 4064 δοσίας
2261 4016 2275 4030 ο
2303 4001 2353 4052 oi
2382 3997 2438 4050 δὲ
2463 3995 2561 4066 τὴν
2587 3992 2947 4064 Παρασκευὴν
2985 3994 3067 4056 είς
3093 3991 3188 4046 δύο
3216 3992 3484 4056 ποιοῦσιν,
3519 3994 3641 4045 ἐπεὶ

2056 4093 2152 4160 νὺξ
2185 4093 2408 4161 γέγονεν
2450 4087 2544 4140 καὶ
2594 4086 2756 4139 πάλιν
2802 4087 2986 4156 ἡμέρα
3007 4103 3028 4117 ι
3057 4085 3116 4138 έν
3153 4085 3336 4156 ἐκείνῃ
3360 4088 3427 4154 τῇ
3458 4085 3640 4155 ἡμέρᾳ

2056 4186 2148 4241 τοῦ
2173 4186 2326 4257 ἡλίου
2353 4179 2726 4240 σκοτισθέντος
2751 4179 2843 4231 καὶ
2864 4177 3025 4230 πάλιν
3044 4177 3473 4247 ἀναφλεχθέντος
3489 4197 3500 4209 ο
3526 4173 3641 4230 εἶτα

2057 4279 2090 4348 ἡ
2122 4274 2215 4328 τοῦ
2249 4272 2524 4326 Σαϐϐάτου
2557 4269 2738 4338 ἡμέρα
2770 4266 2864 4337 ὅλη
2913 4265 3006 4317 καὶ
3048 4266 3082 4335 ἡ
3130 4263 3227 4330 νὺξ
3260 4265 3452 4333 αὐτῆς.
3485 4266 3550 4318 Οἱ
3587 4264 3647 4321 δὲ,

2058 4366 2270 4437 ἡμέραν
2303 4363 2402 4433 μὲν
2424 4359 2520 4430 τὴν
2548 4354 2907 4429 Παρασκευὴν
2937 4354 3066 4425 ὅλην
3091 4355 3186 4406 καὶ
3209 4353 3310 4424 τὴν
3341 4353 3515 4406 νύκτα
3543 4355 3637 4407 αύ-

371 4480 474 4521 ven
506 4444 695 4532 totam,
725 4444 867 4525 diem
897 4444 1251 4542 noctemque;
1287 4444 1582 4525 Sabbatiim
1612 4444 1738 4526 item
1767 4479 1940 4524 totum

2062 4461 2168 4532 πῆς,
2194 4455 2473 4509 Σάϐϐατον
2495 4452 2612 4512 ὅλον
2635 4449 2730 4504 καὶ
2761 4447 2859 4518 τὴν
2892 4444 3064 4499 νύκτα
3092 4446 3287 4500 αὐτοῦ·
3321 4449 3420 4515 τῆς
3447 4446 3504 4498 δὲ
3533 4448 3639 4498 Ku-

371 4560 601 4630 ejusque
651 4570 905 4629 noctem;
962 4561 1257 4619 Dominicae
1315 4571 1496 4618 autem
1545 4564 1649 4618 diei
1700 4563 1939 4625 initium,

374 4655 495 4710 loco
530 4653 754 4724 integrae
793 4654 901 4710 diei
947 4657 1268 4722 metiuntur,
1303 4673 1410 4727 qua
1447 4656 1745 4726 incipiente
1785 4655 1947 4709 Chri-

371 4753 490 4806 stus
514 4746 774 4800 surrexit.
825 4745 1000 4814 Atque
1049 4747 1122 4800 ita
1165 4758 1278 4803 tres
1314 4749 1430 4803 dies
1460 4747 1670 4802 dicunt.
1703 4745 1863 4800 Certe
1895 4752 1948 4798 et

372 4838 426 4892 in
458 4839 690 4894 mortuis
739 4854 804 4892 ac
843 4839 895 4892 in
933 4855 1123 4895 recens
1173 4844 1314 4896 natis
1359 4842 1545 4911 pueris
1579 4843 1654 4895 ita
1707 4841 1947 4895 solemus

369 4939 542 4985 totam
573 4932 715 4985 diem
755 4935 956 5000 metiri,
1019 4935 1131 4988 sive
1165 4934 1423 4988 nativitas
1473 4934 1764 5004 contigerit
1803 4933 1940 4988 hora

366 5024 602 5082 decima.
631 5023 746 5079 sive
777 5023 863 5079 die
893 5025 1232 5080 exordiente.
1269 5024 1360 5080 Sic
1393 5025 1554 5080 etiam
1585 5026 1817 5080 mortuis
1845 5033 1944 5080 ter-

367 5117 442 5168 tia
479 5115 567 5170 die
607 5123 660 5167 et
684 5130 825 5182 nona
871 5124 927 5171 et
961 5117 1379 5188 quadragesima
1415 5115 1644 5171 inferias
1676 5116 1947 5186 legitimas

370 5207 621 5269 ferimus,
658 5207 800 5261 haud
854 5217 966 5262 tota
1015 5213 1172 5263 tertia
1213 5225 1337 5264 cum
1385 5224 1483 5264 sua
1538 5216 1718 5272 nocte,
1771 5223 1948 5278 neque

366 5304 479 5352 tota
510 5313 652 5350 nona
685 5312 807 5351 cum
853 5314 950 5352 sua
989 5300 1115 5353 item
1158 5307 1339 5362 nocte,
1371 5314 1549 5368 neque
1581 5306 1692 5353 tota
1722 5298 1950 5368 quadra-

371 5385 578 5454 gesima
629 5387 882 5443 similiter
910 5403 1034 5442 cum
1074 5405 1172 5444 sua
1202 5399 1382 5454 nocte,
1419 5391 1516 5446 sed
1547 5392 1718 5446 initiis
1751 5399 1948 5444 morta-

373 5475 506 5539 lium
553 5475 762 5531 dierum
828 5479 1111 5549 spectatis,
1167 5481 1316 5550 justa
1371 5483 1728 5548 absolvimus,
1783 5482 1948 5553 idque

371 5571 590 5634 tempus
615 5582 713 5635 pro
750 5569 837 5624 die
861 5570 1069 5642 integra
1105 5571 1370 5629 habemus
1397 5581 1558 5642 atque
1596 5575 1873 5634 metimur.

2037 4549 2251 4628 1ριακῆς
2295 4545 2394 4617 τὴν
2446 4543 2618 4615 ἀρχὴν
2665 4544 2746 4604 εἰς
2779 4538 2994 4611 ἡμέραν
3028 4537 3322 4609 μετροῦσιν
3368 4538 3532 4606 ὃλην·
3569 4538 3641 4600 ὡς

2034 4625 2364 4718 ξάρξαμένης
2397 4637 2496 4708 ἡδη
2527 4635 2650 4687 τότε
2694 4635 2723 4686 6
2758 4631 2993 4704 Χριστὸς
3035 4629 3275 4702 ἠγέρθηο
3312 4629 3458 4682 οὕτω
3495 4631 3640 4700 τρεῖς

2036 4683 2733 4813 ’λέγουσιν-..ἐπέ
3114 4683 3244 4792 plina.
3264 4723 3362 4774 καὶ
3405 4721 3504 4774 ἐπὶ

2035 4822 2348 4908 ,ἀρτιγενῶν
2381 4819 2588 4872 παίδων
2616 4816 2788 4879 οὕτως
2820 4818 3039 4886 μετρεῖν
3080 4813 3201 4876 ἔθος
3233 4813 3364 4884 ὃλην
3403 4813 3640 4884 ἡμέραν,

2034 4905 2135 4982 ,ὅτε
2176 4917 2274 4988 τὴν
2315 4913 2424 4968 ἀπὸ
2464 4913 2563 4981 τῆς
2605 4909 2839 4979 δεκάτης
2867 4907 3015 4978 ὧρας
3047 4905 3363 4976 ἀρξαμένην
3389 4905 3642 4975 γέννησιν
3703 4950 3706 4952 ν

2035 4999 2381 5084 ἑμετροῦμεν,
2412 5004 2445 5075 ἢ
2480 5002 2579 5072 τὴν
2613 5001 2723 5054 ἀπὸ
2752 5000 2852 5068 τῆς
2882 4997 3059 5068 ἀρχῆς
3084 4999 3184 5067 τῆς
3213 4996 3432 5067 ἡμέρας
3470 4997 3642 5068 εἶρξεν

2052 5105 2221 5177 μένην
2266 5102 2551 5170 γέννησινο
2583 5097 2785 5167 ὁμοίως
2831 5094 2927 5148 καὶ¹
2957 5095 3049 5146 ἐπὶ
3072 5092 3284 5164 νεκρῶν
3318 5092 3425 5162 sip;
3454 5092 3644 5163 τρίτην

2049 5198 2260 5269 ἡμέραν
2316 5194 2410 5247 καὶ
2439 5191 2536 5262 τὴν
2564 5190 2760 5260 ἐνάτην
2810 5188 2903 5240 καὶ
2945 5187 3046 5256 τὴν
3090 5185 3545 5256 τεσσαρακοστὴν
3575 5185 3645 5237 τά

2049 5283 2410 5356 νενομισμένα
2466 5279 2776 5340 ποιοῦντες·
2823 5279 2922 5348 οὐχ
2971 5277 3099 5347 ὅλην
3129 5277 3230 5347 τὴν
3275 5275 3473 5346 τρίτην
3507 5273 3643 5344 peti

2048 5380 2147 5450 τῆς
2183 5376 2375 5436 νυκτὺς
2417 5373 2615 5442 αύτῆς’
2650 5371 2772 5424 οὐδὲ
2807 5371 2934 5441 ὃλην
2967 5370 3066 5440 τὴν
3104 5369 3303 5439 ἐνάτην
3367 5368 3511 5438 μετὰ
3546 5368 3642 5436 τῆς

2050 5469 2256 5532 οἰκείας
2278 5467 2470 5528 νυκτὸς
2488 5467 2657 5534 αὐτῆς
2677 5481 2690 5494 ο
2716 5464 2836 5516 οὐδὲ
2856 5463 2955 5532 τὴν
2979 5460 3422 5532 τεσσαρακοστὴν
3439 5460 3642 5529 ὁμοίως

2051 5561 2179 5632 ὅλην
2217 5558 2354 5631 μετὰ
2377 5558 2570 5619 νυκτὸς
2599 5556 2798 5624 αὐτῆς·
2829 5554 2965 5608 ἀλλὰ
2991 5555 3093 5616 τὰς
3117 5553 3291 5624 ἀρχὰς
3315 5551 3427 5603 τῶν
3454 5551 3636 5612 τελευ-

2052 5653 2218 5705 ταίων
2261 5648 2482 5721 ἡμερῶν
2531 5646 2765 5718 ὁρῶντες
2807 5644 3131 5716 ὲκτελοῦμεν
3165 5645 3232 5697 τὰ
3262 5643 3632 5714 πραττόμενα,

2053 5745 2181 5799 ὃλην
2207 5743 2417 5799 ἡμέραν
2442 5741 2642 5808 ταύτην
2671 5741 2763 5794 καὶ
2803 5739 3125 5810 μετροῦντες
3150 5737 3242 5792 καὶ
3267 5735 3631 5806 λογιζόμενοι.
