3846 6220
205 317 329 381 ΜΤ

1069 321 1576 384 SUPPLEMENTA
1615 321 2094 396 QUESTIONUM
2130 322 2226 378 AD
2261 319 2710 378 STEPHANUM.

3406 318 3510 378 953

208 459 211 489 ;
291 437 367 503 ς’.
405 436 544 492 Ἀλλ’
577 438 703 492 ἐπει
751 438 988 511 Χριστός
1036 457 1225 512 φησιν,
1247 444 1396 512 τρεῖς
1445 441 1660 513 ἡμέρας
1716 439 1795 495 καί

2000 435 2056 493 6.
2089 433 2198 492 Sed
2223 436 2482 506 quoniam
2530 429 2790 498 Christus
2823 433 3038 494 dixerat
3065 435 3132 499 ⁸⁸,
3169 428 3348 492 tribus
3390 438 3508 493 die-

211 533 368 603 τρεῖς
412 529 615 595 νύκτας
661 532 722 584 ὲν
768 534 836 602 τῇ
885 532 1085 604 καρδίᾳ
1103 533 1202 604 τῆς
1232 534 1334 604 γῆς
1360 532 1576 605 ἔσομαι,
1608 533 1724 586 ἐστι
1755 533 1812 586 δὲ

209 622 391 687 οὕτως
420 625 597 677 εἰπεῖν
627 622 763 694 (ιιγ
791 619 901 694 ἆρα
942 626 991 677 εί
1025 624 1310 696 χρεώστην
1343 625 1811 695 ἐπαγγειλάμενον

207 712 293 784 τῷ
317 712 503 785 οἰκείῳ
533 713 785 786 δανειστῇ
824 715 962 784 μετὰ
986 719 1136 788 τρεῖς
1161 717 1376 789 ἡμέρας
1407 716 1719 790 πληρώσειν
1748 716 1811 770 τὸ

205 804 396 875 χρέος,
429 804 537 876 πρὸ
568 806 669 876 τῆς
698 806 1036 878 προθεσμίας
1070 807 1435 879 πληρώσαντα
1460 808 1807 880 θεασάμενοι,

203 895 286 960 ὡς
319 896 666 968 ψευσάμενον
698 897 1014 970 κρινοῦμεν,
1045 900 1080 970 ἢ
1107 900 1183 964 ὡς
1209 900 1371 954 πλέον
1395 900 1804 972 ἀληθεύσαντα;

207 988 325 1041 Καὶ
359 988 568 1052 ἄλλως·
602 993 652 1042 εί
685 989 879 1045 θᾶττον
908 989 941 1062 ἢ
976 989 1089 1064 (42)
1123 987 1538 1062 εἶπεν,άνέστη,
1567 992 1745 1046 πλέων
1771 994 1805 1064 ή

206 1080 462 1153 δύναμις,
497 1082 593 1136 καί
619 1082 873 1153 ἔγκλημα
915 1084 1017 1137 οὐκ
1060 1083 1194 1154 ἔχει·
1230 1083 1292 1137 τὸ
1338 1085 1396 1138 δὲ
1437 1085 1672 1156 βράδιον,
1704 1086 1808 1138 ὑπ-

207 1172 372 1241 οψίας
404 1173 565 1243 γέμει
588 1173 684 1226 καὶ
710 1172 904 1242 ψεῦδος
931 1173 1203 1242 λογίζεται
1229 1174 1548 1244 γιγνόμενον
1569 1191 1581 1203 ·
1609 1172 1804 1242 ψεῦδος

211 1266 336 1336 μὲν,
366 1266 450 1318 ὅτι
484 1264 762 1336 παρῆλθεν
809 1267 838 1318 ὀ
879 1265 1089 1338 λεχθεὶς
1138 1267 1294 1338 ὅρος·
1333 1265 1574 1318 ὕποπτον
1615 1265 1693 1329 δὲ,
1719 1266 1801 1318 ὅτι

206 1357 322 1412 τῶν
343 1357 599 1428 φυλάκων
625 1359 1118 1430 ἀναχωρησάντων,
1146 1357 1321 1430 κλοπὴ
1346 1358 1408 1411 τὸ
1428 1359 1660 1430 πρᾶγμα
1685 1359 1802 1412 ἐνο-

1925 529 2030 584 bus
2055 528 2339 598 tribusque
2365 528 2622 583 noctibus
2652 543 2711 584 se
2740 529 2804 598 in
2834 526 3002 583 corde
3048 535 3210 584 terra
3236 526 3505 596 futurum,

1911 619 2061 675 lubet
2107 620 2181 674 ita
2220 619 2494 676 disserere
2521 639 2534 674 :
2565 619 2612 675 si
2635 620 2761 690 quis
2810 635 2920 675 tere
2969 618 3154 676 alieno
3200 619 3504 675 obstrictus

1911 713 2174 768 creditori
2227 727 2328 768 suo
2379 713 2700 784 recepisset.
2737 727 2798 767 se
2830 721 2953 783 post
2991 720 3106 768 tres
3135 711 3254 768 dies
3301 712 3504 767 solutu-

1909 820 2072 872 rum;
2117 805 2286 872 bunc,
2328 805 2574 876 inquam,
2617 805 2663 860 si
2698 811 2830 860 ante
2877 805 3190 860 condictam
3234 804 3379 860 diem
3425 819 3503 862 res

1909 899 2047 956 illud
2085 901 2388 956 dissolvere
2419 899 2756 962 videremus,
2783 898 3174 953 mendacemne
3215 912 3289 953 an
3328 898 3503 954 multo

1910 992 2251 1049 veraciorem
2307 991 2728 1064 judicaremus?
2793 989 3088 1056 Praeterea,
3147 990 3196 1047 si
3246 990 3503 1048 Christus

1909 1085 2089 1150 ocius,
2138 1100 2303 1156 quam
2339 1085 2730 1155 spoponderat,
2783 1084 3106 1150 resurrexit,
3148 1084 3324 1152 major
3371 1084 3504 1140 hinc

1907 1175 2086 1232 virtus
2106 1175 2390 1240 elucescit,
2413 1175 2614 1232 nedum
2637 1175 2792 1230 locus
2831 1174 3242 1245 reprehensioni
3263 1183 3366 1232 est.
3403 1173 3502 1232 Su-

1908 1266 2086 1336 spicio
2107 1277 2302 1321 contra
2328 1274 2493 1337 atque
2521 1265 2872 1320 mendacium
2916 1281 2982 1320 ex
3016 1265 3276 1322 tarditate
3307 1280 3503 1322 conse-

1909 1359 2222 1428 quebantur
2267 1378 2279 1413 :
2330 1358 2698 1426 mendacium,
2740 1359 2866 1431 quia
2908 1359 3198 1414 condictus
3237 1359 3502 1416 terminus

1907 1446 2102 1502 fuisset
2132 1447 2386 1517 elapsus;
2418 1447 2685 1518 suspicio,
2721 1448 2875 1518 quia,
2910 1448 3296 1506 recedentibus
3323 1459 3504 1507 casto-

1905 1539 2092 1605 dibus,
2125 1554 2189 1595 ea
2220 1555 2310 1597 res
2344 1538 2480 1596 furti
2507 1539 2704 1597 fuisset
2732 1541 3075 1598 insimulata.

202 1449 382 1523 μίσθη
420 1451 506 1506 ἄν.

1481 1693 1841 1751 EXPLICIT
1874 1694 2244 1753 ΕΡΙΤΟΜΕ.

1558 2065 2084 2161 LECTORI

292 2259 562 2316 Hactenus
592 2263 854 2317 edidimus
891 2263 1195 2318 continuam
1227 2271 1382 2332 atque
1416 2260 1687 2315 illibatam
1729 2259 2023 2314 Eusebiani
2064 2261 2237 2328 operis
2266 2263 2500 2330 priscam
2538 2274 2588 2318 et
2636 2267 2957 2336 prteclaram
2999 2266 3306 2337 Epitomen,
3340 2277 3498 2339 prout

205 2370 279 2409 ea
324 2362 403 2408 est
445 2356 500 2408 in
546 2354 901 2424 pulcherrimo
943 2355 1120 2410 codice
1160 2354 1414 2408 Palatino
1467 2353 1590 2410 Vat.
1637 2350 1857 2417 CCXX,
1925 2369 1960 2406 a
2003 2352 2046 2422 f.
2093 2352 2156 2408 61
2201 2371 2365 2424 usque
2407 2355 2477 2410 ad
2508 2356 2599 2426 96,
2639 2358 2729 2413 ubi
2761 2375 2890 2429 opus
2923 2375 3107 2430 reapse
3131 2360 3490 2426 concluditur,

209 2447 413 2501 relictis
441 2445 680 2515 deinceps
725 2448 934 2519 paginis
962 2449 1135 2517 puris.
1170 2445 1410 2501 Fuerunt
1441 2455 1639 2508 autem,
1676 2453 1731 2498 ut
1779 2443 2030 2509 vidimus,
2060 2446 2378 2515 quaestiones
2421 2464 2531 2513 xx;
2575 2451 2778 2506 scilicet
2823 2451 2893 2505 ad
2919 2451 3247 2522 Stephanum
3274 2468 3390 2520 xvt,
3423 2455 3493 2508 ad

208 2537 493 2594 Marinum
535 2555 610 2596 ιν.
649 2538 971 2611 Quanquam
999 2556 1116 2594 vero
1155 2539 1320 2594 variis
1367 2552 1432 2592 ex
1472 2534 1708 2606 fontibus
1745 2533 1896 2588 nobis
1939 2537 2279 2603 suppetebant
2305 2539 2581 2610 utriusque
2606 2542 2779 2609 partis
2811 2540 3492 2610 supplementa,-noluimus

206 2652 277 2690 ea
305 2651 424 2688 cum
457 2633 702 2705 Epitome
733 2633 1047 2697 admiscere,
1072 2651 1136 2688 ne
1163 2633 1349 2700 scripti
1387 2646 1477 2700 per
1508 2646 1563 2684 se
1591 2628 1834 2683 concinni
1869 2636 1920 2682 et
1949 2628 2168 2698 perfecti
2207 2629 2398 2682 seriem
2441 2631 2830 2701 quodammodo
2863 2634 2944 2689 his
2973 2636 3184 2690 insertis
3213 2636 3494 2705 perturba-

208 2746 413 2784 remus.
461 2725 619 2782 Nunc
659 2737 836 2782 tamen
874 2727 1237 2796 supplementa
1274 2741 1392 2797 qua:
1428 2722 1719 2777 invenimus
1759 2729 1870 2774 tum
1904 2723 2258 2791 quaestionum
2288 2725 2356 2780 ad
2402 2723 2729 2795 Stephanum
2773 2736 2884 2780 tum
2919 2730 3083 2781 etiam
3121 2729 3189 2782 ad
3216 2727 3492 2785 Marinum

207 2820 539 2876 subtexenda
578 2830 721 2876 sunt.
759 2817 826 2872 Et
855 2821 1086 2890 primum
1129 2819 1293 2874 lautte
1332 2817 1533 2886 aliquot
1577 2821 1755 2884 partes
1793 2827 1860 2866 ex
1903 2820 2098 2885 magna
2146 2833 2250 2872 ms.
2295 2825 2483 2871 catena
2531 2816 2736 2872 Niceta:
2766 2818 2837 2872 ad
2883 2819 3085 2873 Lucam
3123 2821 3178 2874 in
3211 2820 3389 2877 codice
3418 2823 3490 2885 Α,

207 2931 309 2969 seu
352 2913 472 2969 Vat.
514 2913 676 2978 1611,
718 2930 852 2983 quas
883 2930 989 2968 non
1020 2927 1084 2966 ea:
1118 2911 1356 2982 Epitome
1390 2910 1480 2966 sed
1510 2924 1576 2964 ea:
1604 2908 1808 2978 integro
1843 2921 1994 2975 opere
2020 2906 2294 2979 decerptus
2329 2910 2498 2980 fuisse
2527 2918 2784 2980 apparet;
2813 2925 3114 2982 quanquam
3151 2914 3260 2980 ipse
3287 2929 3496 2985 quoque

212 3007 437 3064 Hicetas
466 3008 670 3064 videtur
695 3008 980 3091 interdum,
1013 3017 1071 3062 ut
1101 3011 1162 3079 ﬁt
1192 3013 1245 3066 in
1274 3013 1498 3076 catenis,
1536 3013 1823 3068 Eusebium
1850 3011 2184 3078 diminuere;
2211 3013 2364 3084 cujus
2392 3013 2470 3068 rei
2503 3013 2758 3068 indicium
2811 3021 2910 3078 est,
2941 3011 3085 3082 quod
3111 3013 3402 3084 aliquando
3433 3017 3492 3070 in

209 3101 456 3170 Epitome
510 3111 634 3156 sunt
694 3102 895 3171 aliquot
937 3105 1237 3172 particulis,
1297 3122 1430 3176 quas
1477 3105 1696 3162 Nicetas
1756 3106 2023 3161 subtrahit
2065 3121 2083 3159 :
2123 3109 2226 3162 etsi
2271 3107 2471 3179 alioqui
2514 3108 2572 3163 in
2619 3106 2860 3162 laudatis
2898 3124 2931 3160 a
2962 3105 3154 3162 Niceta
3215 3107 3480 3178 partibus.

206 3192 475 3248 Eusebius
518 3195 823 3266 plerumque
869 3195 1066 3267 integer
1109 3207 1210 3262 est,
1253 3208 1304 3254 et
1351 3198 1540 3270 ubique
1581 3199 1808 3268 plenior.
1872 3197 2030 3253 Nunc
2075 3199 2242 3269 igitur
2265 3201 2444 3271 priore
2491 3199 2607 3255 loco
2646 3199 3010 3270 supplementa
3043 3201 3393 3271 qutestionunt
3420 3201 3489 3257 ait
3533 3276 3536 3279 _

203 3284 565 3352 Stephanum.

1155 3492 1640 3584 EUSEBII
1737 3495 2556 3591 CAESARIENSIS

462 3682 580 3743 EX
631 3682 1168 3746 INTEGRIORE
1210 3682 1495 3746 OPERE
1529 3684 2110 3760 ρΠίΕςΤΙΟΝΠΜ
2146 3689 2882 3754 EVANGELICARUM
2913 3690 3241 3752 PARTES

1253 3851 1327 3910 in.
1351 3849 1584 3912 Nicetis
1625 3850 1862 3912 Catena
1893 3871 2014 3914 ms.
2055 3855 2139 3917 ad
2170 3854 2424 3918 Lucam.

281 4098 352 4149 α’.
395 4091 505 4162 (45)
545 4093 680 4163 Περὶ
726 4091 783 4144 δὲ
827 4091 921 4144 τοῦ
973 4091 1064 4145 τὸν
1094 4090 1373 4145 Ματθαῖον
1421 4090 1628 4148 ἄνωθεν
1668 4112 1795 4148 κατ-

1974 4097 2028 4152 1.
2063 4093 2223 4163 Quod
2275 4093 2570 4150 Matthaaus
2619 4109 2859 4165 superne
2903 4091 3286 4149 successiones
3315 4091 3491 4148 dedu-

205 4185 366 4253 ἀγειν
399 4185 498 4247 τὰς
529 4183 799 4254 διαδοχὰς,
828 4183 919 4236 τὸν
951 4183 1009 4236 δὲ
1035 4184 1246 4237 Λουκᾶν
1273 4183 1541 4238 ἀνάπαλιν
1565 4202 1798 4257 πεποιη-

193 4279 388 4340 κέναι,
421 4278 548 4348 μίαν
592 4279 686 4331 καὶ
714 4277 812 4348 τὴν
853 4277 1024 4348 αὐτὴν
1063 4276 1180 4330 ὁδὸν
1227 4277 1611 4348 πορευθέντας,
1645 4281 1797 4334 οὐδὲν

207 4369 622 4441 ἐπιμέμφεσθαι
654 4369 763 4422 δεί“
797 4369 920 4422 ἐπεὶ
955 4370 1047 4422 καὶ
1075 4370 1202 4433 τοὺς
1234 4370 1437 4440 ἀνάντη
1478 4372 1571 4423 καὶ
1615 4371 1797 4444 ὄρθιον

211 4462 442 4534 πορείαν
474 4462 744 4525 ἀνιόντας,
777 4462 871 4515 καὶ
921 4462 1049 4525 τοὺς
1095 4461 1330 4533 ἔμπαλιν
1378 4461 1467 4514 διὰ
1500 4463 1597 4533 τῆς
1628 4463 1799 4535 αὐτῆς

207 4554 518 4617 κατιόντας,
546 4555 646 4607 οὐκ
697 4553 762 4608 ἄν
812 4571 895 4617 τις
944 4553 1138 4625 ἑτέραν
1183 4554 1318 4624 φαίη
1374 4552 1630 4624 βαδίζειν,
1668 4557 1798 4625 μιᾶς

205 4644 541 4718 ἀμφοτέροις
576 4644 832 4714 κειμένης
859 4647 974 4708 τοῖς
995 4661 1056 4696 τε
1085 4643 1293 4697 ἀνιοῦσι
1319 4644 1412 4697 καὶ
1440 4647 1553 4708 τοῖς
1579 4645 1798 4699 κατιοῦ-

206 4756 262 4792 σι
289 4738 501 4810 τρίϐου.
530 4738 634 4791 Τὸν
681 4737 844 4793 αὑτὸν
889 4736 1022 4807 γοῦν
1068 4738 1270 4809 τρόπον
1310 4738 1403 4791 καὶ
1434 4737 1527 4791 ἐπὶ
1553 4737 1653 4808 τῆς
1687 4739 1796 4793 τῶν

206 4832 383 4901 γενῶν
414 4831 664 4902 διαδοχῆς
695 4831 979 4903 πάρεστιν,
1006 4832 1114 4902 ὅτῳ
1143 4830 1295 4900 φίλον
1321 4831 1408 4884 ἐπ’
1436 4830 1686 4898 ἐξουσίας
1708 4831 1797 4885 διὰ

126 4970 135 4977 .
208 4925 323 4980 τῶν
354 4924 553 4987 αὐτῶν,
587 4927 701 4988 τοῖς
729 4924 826 4995 μὲν
857 4922 1102 4978 κάτωθεν
1147 4924 1240 4977 ἐπὶ
1284 4924 1411 4987 τοὺς
1441 4923 1629 4996 πρόσω
1652 4923 1797 4978 ἀνιέο

205 5034 321 5082 ναι,
351 5019 461 5078 τοῖς
484 5015 539 5068 δὲ
571 5014 681 5069 ἀπὸ
706 5013 812 5068 τῶν
833 5013 1040 5069 ἄνωθεν
1061 5013 1420 5087 προπατόρων
1447 5013 1792 5086 ἀρξαμένοις,

204 5109 304 5164 ἐπὶ
349 5111 474 5171 τοὺς
515 5108 777 5171 ὑστάτους
805 5107 1166 5178 καταλήγεινο
1200 5099 1352 5169 οὗτος
1377 5107 1434 5160 δὲ
1457 5108 1550 5160 καὶ
1578 5108 1795 5179 πόρῤωο

203 5203 300 5255 θεν
335 5199 608 5271 Ἑϐραίοις
641 5199 789 5269 φίλος
813 5195 881 5270 ἦν
907 5199 935 5251 ὁ
966 5199 1184 5270 τρόπος,
1217 5206 1346 5264 etc.,
1372 5209 1428 5252 ut
1460 5201 1515 5252 in
1538 5199 1795 5268 impressa

200 5291 406 5346 anobis
437 5294 683 5360 epitome,
717 5291 817 5346 col.
853 5292 977 5356 891,
1003 5291 1099 5346 lin.
1127 5291 1162 5345 4
1189 5309 1221 5344 a
1249 5293 1372 5360 ﬁne,
1405 5309 1564 5362 usque
1600 5293 1670 5346 ad
1697 5290 1792 5345 τοῦ

201 5384 460 5458 Σωτῆρος
476 5385 636 5456 ἡμῶν
647 5384 1060 5453 εὐαγγελιστάς,
1075 5389 1174 5438 σοί.
1193 5383 1317 5450 895,
1334 5384 1430 5439 lin.
1459 5383 1546 5440 '57.
1571 5383 1689 5438 Είδ’
1709 5385 1791 5438 ὅτι

279 5517 326 5551 ⁸³
365 5517 556 5574 Matth.
595 5536 708 5584 xu,
744 5521 833 5574 40.

278 5632 394 5702 (41)
433 5632 704 5705 Expilavit
733 5634 883 5705 hanc
906 5633 1127 5689 Eusebii
1159 5633 1515 5705 quaestionem
1547 5631 1792 5705 Isidorus

202 5702 485 5758 Pelusiota
517 5702 606 5775 ep.
638 5704 694 5767 2,
722 5704 848 5767 212,
873 5705 1042 5760 tacito
1073 5702 1316 5760 auctoris
1347 5704 1601 5771 nomine;
1636 5704 1784 5761 ideo-

205 5789 314 5846 que
343 5775 590 5848 ejusdem
631 5775 831 5832 solutio
863 5775 1072 5847 jamdiu
1111 5783 1240 5833 nota
1265 5786 1402 5832 erat.

1903 4197 2014 4257 cat,
2049 4187 2229 4244 Lucas
2255 4202 2386 4243 vero
2426 4187 2712 4243 contrario
2755 4186 2950 4242 ordine
2992 4193 3204 4250 utatur,
3247 4187 3489 4257 quando-

1898 4282 2121 4354 quidem
2174 4280 2367 4336 eadem
2421 4279 2513 4334 via
2569 4286 2802 4350 uterque
2844 4279 3112 4350 graditur,
3162 4279 3346 4336 nullus
3393 4286 3487 4335 est

1898 4356 2315 4446 reprehensioni
2346 4372 2522 4429 locus.
2555 4371 2694 4426 Nam
2724 4379 2779 4426 et
2803 4371 2930 4428 illos
2958 4370 3052 4443 qui
3081 4387 3334 4442 prorsum
3364 4387 3484 4428 sur-

1899 4480 2134 4536 sumque
2187 4465 2517 4532 ascendunt,
2560 4473 2617 4518 et
2659 4463 2785 4519 illos
2817 4463 2913 4534 qui
2967 4462 3259 4520 adversum
3289 4463 3484 4521 eadem

1896 4560 1986 4615 via
2024 4557 2407 4621 descendunt,
2459 4556 2604 4611 haud
2654 4556 2946 4626 quisquam
3013 4555 3218 4610 diceret
3264 4554 3488 4610 diverso

1896 4650 2116 4706 tramite
2147 4649 2400 4704 incedere
2435 4667 2450 4702 :
2495 4648 2625 4719 quia
2654 4649 2866 4704 scilicet
2892 4663 2999 4702 una
3032 4649 3102 4702 ab
3127 4647 3398 4718 utrisque,
3427 4648 3484 4702 id

1896 4747 1982 4796 est
2008 4741 2078 4794 ab
2112 4739 2540 4795 ascendentibus
2579 4738 3173 4810 descendentibusque,
3223 4739 3313 4794 via
3359 4738 3493 4793 teri-

1897 4840 2010 4888 tur.
2041 4831 2166 4887 Pari
2193 4847 2323 4904 ergo
2351 4830 2515 4887 modo
2540 4832 2703 4887 etiam
2751 4831 2810 4886 in
2863 4830 3220 4887 recensendis
3264 4831 3484 4902 generis

1896 4923 2368 4988 successionibus,
2427 4938 2529 4995 pro
2576 4923 2847 4994 cujusque
2887 4922 3044 4978 libito
3073 4923 3177 4982 .vel
3225 4923 3296 4978 ab
3354 4923 3481 4978 imis

1896 5033 2119 5073 sursum
2151 5015 2395 5082 tendere,
2431 5017 2520 5071 vel
2558 5032 2589 5070 a
2613 5017 2829 5086 superis
2859 5022 3021 5086 capto
3049 5014 3207 5069 initio
3229 5014 3483 5084 progeni-

1895 5113 2110 5168 toribus
2138 5112 2192 5165 in
2224 5117 2536 5183 postremos
2565 5111 2818 5166 desinere
2847 5109 2992 5164 licet.
3023 5106 3202 5178 Atque
3228 5106 3319 5161 hic
3359 5121 3484 5163 mos

1895 5203 2202 5274 antiquitus
2231 5201 2474 5258 Hebraeis
2517 5201 2745 5272 placuit,
2781 5209 2888 5256 etc.
2920 5198 3075 5266 Quod
3107 5199 3178 5264 si,
3214 5199 3342 5268 quia
3377 5213 3480 5252 nec

1849 5307 1854 5311 λ
1893 5291 2075 5348 Lucas
2110 5293 2413 5348 ascendens
2452 5291 2700 5348 substitit
2744 5291 2801 5346 in
2832 5290 3166 5354 Abrahamo,
3202 5304 3304 5344 nec
3349 5287 3483 5342 Mat-

1892 5387 2071 5441 thaeus
2100 5385 2169 5441 ab
2193 5385 2403 5442 Adamo
2433 5386 2684 5455 intmpit,
2711 5385 2766 5439 in
2815 5399 2976 5455 quem
3022 5383 3202 5439 Lucas
3247 5381 3480 5448 desivit;

1974 5620 2087 5705 (42)
2128 5631 2290 5705 Deest
2314 5631 2609 5705 incomce
2632 5630 2900 5702 particula
2934 5628 2987 5698 ἧ,
3025 5644 3146 5699 qua:
3172 5635 3356 5683 tamen
3388 5623 3477 5681 hic

1893 5702 2076 5763 omiui'
2103 5718 2211 5758 non
2243 5702 2450 5757 debuit.

1967 5774 2077 5846 (45)
2119 5772 2253 5830 Cod.
2284 5773 2351 5839 Α,
2389 5773 2426 5828 l.
2453 5772 2540 5829 65.
2567 5769 2767 5830 Confer
2801 5777 2997 5846 quaest.
3031 5784 3095 5826 ιι.
