3846 6220
346 289 452 347 9"9
1014 287 1284 346 EUSEIHI
1315 289 1803 348 CESABIENSIS
1836 289 1993 348 ΟΡΡ.
2033 287 2219 345 PARS
2254 286 2346 344 ιιι.
2380 314 2451 328 -—-
2488 282 2906 343 EXEGE'I’ICA.
3531 276 3652 339 96.

345 406 557 464 idcirco
584 406 843 464 dissonos
863 407 1006 464 inter
1032 423 1095 465 se
1129 410 1498 481 evangelistas
1529 410 1733 482 aliquis
1760 410 1930 475 dicat,

2073 408 2120 479 ιὴ
2158 405 2319 479 μέχρι
2356 404 2453 460 τοῦ
2497 404 2752 476 Ἁϐραάμ
2797 403 2896 459 καὶ
2938 401 2969 458 6
3013 402 3227 468 Λουκᾶς
3270 399 3440 456 ἀνιὼν
3476 400 3649 471 ἔστη,

347 513 459 555 non
502 504 653 555 recte
681 497 917 569 judical.
958 498 1199 570 Uterque
1237 504 1384 556 enim
1427 503 1764 573 evangelista
1806 516 1936 572 pro-

2073 498 2184 572 ιηδὲ
2215 500 2245 553 6
2274 497 2553 561 Ματθαίος
2585 496 2695 551 ἀπὸ
2726 493 2821 550 τοῦ
2859 494 3033 567 Ἀδὰμ
3063 494 3267 567 ἦρξα-το
3306 496 3394 564 ἐφ’
3423 494 3489 548 ὃν
3508 510 3654 547 κατ-

348 590 472 662 prio
498 591 719 646 calculo
744 591 1176 663 descriptionem
1199 593 1458 663 exposuit
1483 611 1499 663 ;
1532 595 1692 650 aliter
1714 594 1935 665 quidem

2073 590 2233 664 ληξεν
2275 592 2310 645 6
2349 591 2587 654 Λουκᾶς,
2619 589 2909 659 διαφωνεῖν
2954 604 3040 653 τις
3087 588 3287 652 αὐτοὺς
3316 587 3488 656 λέγοι,
3542 586 3652 641 οὐκ

347 699 419 739 ει
456 683 773 740 Ahrahamo
804 684 1098 755 incipiens,
1146 686 1287 740 alter
1326 686 1505 756 ipsum
1560 685 1934 742 Abrahamum

349 774 775 847 supergrediens
811 815 828 841 ,
851 777 919 830 ad
963 776 1203 847 primum
1231 793 1408 846 usque
1446 778 1722 833 hominem
1750 791 1941 832 ascen-

351 867 465 934 dit;
515 864 692 937 neiwe
738 867 794 921 in
838 866 941 921 hoc
975 866 1095 936 ipso
1143 866 1481 929 consistens,
1531 867 1779 923 historiae
1823 881 1938 923 sua

352 959 552 1016 seriem
584 974 708 1013 cum
732 956 843 1014 Deo
863 958 1163 1013 connectit.
1203 961 1468 1024 Quanam
1526 974 1696 1030 porro
1740 961 1796 1014 in
1851 960 1938 1015 his

355 1051 716 1121 repugnantia
762 1050 879 1106 est?
920 1050 968 1106 si
1014 1049 1268 1105 Matthzeo
1310 1050 1531 1120 quidem
1578 1051 1755 1107 visum
1808 1052 1941 1107 utile

350 1153 461 1205 est,
492 1144 566 1199 ob
607 1144 897 1213 scriptura:
936 1160 1049 1200 suae
1077 1145 1412 1207 institutum,
1434 1158 1503 1199 ex
1535 1143 1851 1200 Abrahamo
1886 1152 1942 1200 et

353 1234 617 1307 deinceps
646 1236 1018 1307 genealogiam
1050 1235 1324 1292 deducere
1348 1255 1365 1292 :
1387 1235 1552 1292 Lucae
1601 1243 1786 1291 autem
1832 1236 1946 1307 pla-

355 1327 494 1391 cuit,
526 1338 747 1399 propter
774 1329 1208 1399 regenerationis
1254 1329 1310 1384 in
1334 1328 1558 1386 Christo
1580 1328 1932 1400 mysterium,

303 1493 307 1496 ν
341 1435 581 1482 .sursum
625 1422 929 1492 provehere
975 1421 1253 1477 hominem
1304 1421 1527 1477 lavacro
1561 1428 1943 1493 regeneratum

357 1513 500 1568 ultra
532 1512 829 1584 cujuslibet
859 1514 1234 1586 generationis
1284 1514 1441 1572 lines.
1488 1513 1734 1571 Observa
1771 1515 1941 1579 enim,

357 1621 484 1662 eum
523 1614 638 1662 toto
670 1622 772 1662 suo
803 1623 1057 1664 sermone
1090 1609 1419 1662 vocabulum
1446 1608 1821 1680 generationis
1862 1623 1946 1663 re-

358 1697 550 1762 ticere,
588 1698 682 1755 sed
736 1698 923 1755 Jesum
971 1700 1367 1756 retrocedendo
1414 1700 1741 1764 subvehere,
1768 1701 1945 1756 donec

2040 684 2220 757 ὀρθῶς
2266 682 2471 738 οἴεταιο
2502 683 2764 755 ἑκάτερος
2810 681 2920 752 γάρ
2966 681 3146 736 αὐτῶν
3172 680 3361 752 οἰκείῳ
3387 678 3652 750 λογισμῷ

2042 778 2142 848 τὴν
2186 775 2403 831 ἔκθεσιν
2453 776 2748 847 πεποίηται
2794 777 2890 847 τῆς
2933 776 3173 849 γραφῆς,
3201 777 3232 830 6
3278 774 3379 847 μὲν
3424 775 3493 829 ἐκ
3548 771 3653 827 τοῦ

2059 854 2315 944 Ἀϐραάμ.
2335 869 2662 944 ἀρξάμενος,
2693 872 2723 923 6
2752 868 2809 923 δὲ
2840 869 2937 923 καὶ
2963 868 3055 923 τδν
3082 867 3336 940 Ἀϐραάμ
3365 864 3650 939 ὑπερϐάς.

2047 964 2139 1017 ἐπί
2164 981 2222 1019 τε
2251 964 2344 1018 τὸν
2371 962 2593 1035 πρῶτον
2622 962 2911 1035 ἄνθρωπον
2935 960 3204 1015 ἀνελθών
3237 960 3331 1014 καὶ
3362 959 3503 1031 μηδὲ
3542 956 3651 1029 μὲ-

2047 1076 2140 1129 χρι
2190 1056 2382 1111 τούτου
2433 1055 2586 1122 στάς,
2617 1056 2711 1108 τὸν
2757 1055 2940 1107 πάντα
2971 1053 3029 1107 δέ
3058 1052 3216 1121 λόγον
3261 1052 3354 1104 ἐπὶ
3383 1050 3478 1104 τὸν
3504 1049 3655 1103 Θεὸν

2046 1150 2389 1221 ἀναρτήσας·
2435 1146 2565 1201 ποία
2605 1147 2721 1219 γὰρ
2765 1150 2822 1200 ἐν
2866 1145 3078 1209 τούτοις
3120 1145 3306 1216 μάχη;
3338 1142 3512 1214 Εἰτῷ
3544 1142 3654 1213 μὲν

2047 1241 2317 1313 χρήσιμος
2339 1240 2514 1311 ἐφάνη
2535 1244 2569 1313 ἡ
2593 1239 2703 1294 ἀπὸ
2729 1236 2822 1291 τοῦ
2851 1236 3102 1309 Ἁϐραάμ
3124 1236 3220 1290 καὶ
3244 1235 3339 1289 ἐπὶ
3364 1235 3491 1299 τοὺς
3511 1234 3654 1306 ἑξῆς

2048 1333 2387 1405 γενεαλογία,
2420 1332 2512 1395 διὰ
2544 1333 2642 1404 τὴν
2668 1322 2980 1400 οἰκόνομίαν
3003 1327 3101 1381 τοῦ
3118 1328 3248 1399 παρ’
3278 1326 3433 1398 αὐτῷ
3452 1325 3651 1396 λόγου,

2049 1429 2078 1482 6
2108 1427 2165 1481 δὲ
2196 1426 2285 1480 διὰ
2308 1427 2370 1480 τὸ
2393 1426 2495 1497 τῆς
2519 1429 2577 1480 ἐν
2603 1420 2826 1496 Χριστῷ
2863 1420 3284 1489 παλιγγενεσίας
3315 1420 3651 1490 μυστήριον.

2049 1512 2372 1579 ἀναϐιϐάζει
2420 1513 2514 1567 τὸν
2546 1511 2635 1565 διὰ
2672 1509 2898 1581 λουτροῦ
2931 1508 3352 1579 γεγεννημένον,
3382 1508 3654 1563 ἐπέκεινα
3674 1564 3686 1572 ,

2052 1608 2272 1680 ἀπάσης
2300 1604 2568 1675 γενέσεως
2591 1619 2606 1633 ο
2641 1602 2801 1674 τήρει
2825 1600 2935 1673 γὰρ
2974 1602 3056 1654 ὅτι
3095 1600 3163 1654 δι’
3189 1600 3315 1653 ὅλου
3352 1598 3449 1654 τοῦ
3481 1600 3651 1669 λόγου

2053 1697 2367 1769 σεσιώπηκε
2416 1696 2477 1750 τὸ
2527 1696 2627 1767 τῆς
2677 1692 2949 1763 γενέσεως
2988 1691 3180 1764 ὄνομα,
3208 1692 3334 1762 ἄγει
3373 1709 3435 1747 τε
3481 1692 3661 1747 αὐτὸν

360 1807 471 1847 non
521 1793 575 1846 in
609 1793 831 1848 homine
881 1794 1067 1864 aliquo
1097 1793 1265 1859 sistit,
1313 1793 1409 1849 sed
1455 1793 1511 1847 in
1548 1794 1670 1864 ipso
1695 1793 1941 1848 omnium

2073 1790 2289 1859 ινάγων,
2326 1788 2422 1842 καὶ
2451 1788 2671 1860 ἵστησιν
2714 1788 2818 1841 οὐκ
2860 1786 2952 1840 ἐπί
2998 1804 3119 1840 τινα
3162 1784 3491 1858 ἀνθρώπων,
3527 1785 3654 1858 an:

362 1879 495 1945 Deo,
536 1882 626 1937 cui
660 1882 815 1937 illum
839 1892 1027 1954 utpote
1050 1882 1252 1938 Filium
1281 1884 1431 1937 Patri
1462 1885 1707 1954 copulat.

430 2061 486 2115 2.
540 2062 655 2134 Age
682 2078 815 2118 vero
854 2072 914 2117 ut
952 2063 1028 2116 ita
1061 2064 1225 2118 etiam
1258 2062 1539 2133 loquentis
1571 2075 1941 2133 coarguamus

363 2154 719 2223 imperitiam,
769 2161 935 2225 atque
985 2161 1046 2209 ut
1101 2169 1264 2210 nemo
1307 2154 1559 2210 veritatis
1596 2155 1949 2223 ignoratione

362 2247 625 2317 deinceps
683 2247 1009 2304 scandalum
1056 2247 1318 2317 patiatur,
1364 2245 1661 2319 genuinam
1693 2256 1830 2302 actm
1868 2247 1946 2302 rei

364 2341 657 2398 historiam
691 2354 992 2410 exponam.
1040 2336 1101 2393 1n
1144 2339 1341 2409 primis
1374 2355 1507 2395 vero
1540 2340 1813 2409 objectam
1847 2356 1950 2394 no-

363 2431 451 2491 bis
481 2432 917 2503 propositionem
953 2430 1314 2489 considerare
1339 2447 1482 2501 opus
1505 2439 1610 2488 est.
1654 2430 1950 2487 Matthaeus

362 2524 587 2597 quidem
633 2538 701 2580 ex
751 2523 1070 2580 Abrahamo
1124 2523 1194 2579 ad
1233 2523 1517 2588 Davidem,
1566 2533 1730 2595 atque
1762 2523 1837 2578 ita
1881 2522 1950 2577 ad

367 2614 721 2671 Salomonem
774 2615 1007 2685 ejusque
1039 2629 1393 2671 successores
1439 2630 1615 2685 usque
1667 2613 1738 2668 ad
1787 2612 1951 2670 Jaco-

363 2706 518 2772 bum,
578 2705 723 2762 unde
772 2714 929 2763 ortus
956 2706 1232 2778 Josephus
1274 2706 1484 2763 Christi
1514 2714 1740 2779 putatus
1769 2716 1948 2779 pater,

363 2784 672 2857 descendit.
732 2798 912 2856 Lucas
940 2809 1123 2859 autem
1163 2799 1463 2871 Josephum
1503 2800 1651 2856 haud
1680 2817 1749 2857 ex
1782 2784 1949 2857 Jaco-

366 2894 437 2947 bo
458 2891 535 2946 ait
557 2901 766 2957 ortum,
794 2899 856 2947 ut
894 2891 1219 2960 Matthreus;
1245 2892 1343 2949 sed
1365 2908 1435 2949 ex
1467 2891 1587 2948 Heli
1618 2893 1946 2959 ascendens,

365 2982 437 3039 ad
461 2991 701 3061 ceteros
728 2983 928 3053 pergit,
954 2997 1193 3054 quorum
1225 2983 1438 3039 nullum
1479 2981 1765 3040 Matthaeus
1797 2998 1952 3038 com-

367 3086 656 3132 memorat.
680 3078 857 3147 Atque
874 3077 950 3131 ita
963 3077 1244 3148 obliquam
1268 3076 1437 3132 veluti
1457 3076 1762 3132 decurrens
1782 3078 1950 3142 viam,

2047 1885 2141 1938 ἐπὶ
2182 1882 2274 1937 τὸν
2321 1881 2540 1937 πάντων
2581 1881 2736 1946 Θεὸν,
2766 1881 3048 1952 μονονουχὶ
3084 1880 3398 1951 προσάγων,
3443 1878 3541 1932 ἅτε
3582 1878 3654 1949 δὴ

2050 1976 2178 2029 Υἱὸν
2203 1974 2501 2045 γενόμενον
2530 1973 2609 2043 τῷ
2639 1972 2843 2044 Πατρί.

2123 2067 2189 2138 β’.
2226 2066 2337 2138 (44)
2367 2067 2486 2119 Ἵνα
2514 2061 2610 2119 οὖν
2638 2066 2735 2119 καὶ
2770 2063 2933 2141 τοῦτο
2968 2063 3253 2136 εἰρηκότος
3280 2062 3379 2134 τὴν
3403 2063 3655 2134 ἀμαθίαν

2050 2158 2392 2231 ἐλέγξωμεν,
2442 2157 2740 2227 παύσωμεν
2789 2157 2847 2210 δὲ
2894 2155 2992 2210 τοῦ
3050 2157 3253 2228 μηδένα
3294 2157 3389 2211 ὑπ’
3420 2157 3659 2225 ἀγνοίας

2051 2251 2245 2322 ὁμοίας
2300 2248 2759 2320 σκανδαλισθῆναι
2784 2289 2804 2312 ,
2843 2248 2943 2321 τὴν
2982 2249 3160 2321 ἀληθῆ
3203 2247 3313 2302 τῶν
3341 2247 3661 2317 γεγονότων

2055 2342 2296 2413 ἱστορίαν
2348 2340 2684 2412 ἐκθήσομαι·
2720 2341 2988 2413 πρότερον
3032 2332 3099 2394 at
3140 2340 3236 2413 τὴν
3284 2339 3655 2414 πῳταθείσαν

2051 2435 2185 2505 ἡμῖν
2243 2433 2507 2504 πρότασιν
2540 2434 2740 2506 καιρός
2797 2436 2920 2489 ἐστι
2969 2432 3372 2505 ἐπισκέψασθαι
3400 2451 3414 2463 ·
3464 2435 3495 2486 6
3548 2433 3655 2504 μὲν

2053 2523 2331 2588 Ματθαίος
2357 2524 2467 2579 ἀπὸ
2506 2523 2602 2579 τοῦ
2638 2526 2891 2599 ’Δϐραάμ
2914 2527 3009 2581 ἐπὶ
3038 2527 3131 2581 τὸν
3177 2523 3343 2580 Δαυτδ
3363 2565 3379 2590 ,
3432 2526 3529 2579 καὶ
3560 2524 3656 2580 οὖ-

2052 2631 2163 2695 τως
2209 2616 2302 2669 ἐπὶ
2349 2617 2442 2671 τὸν
2488 2616 2780 2689 Σολομῶνα
2818 2620 2913 2674 καὶ
2969 2619 3098 2683 τοὺς
3141 2617 3334 2672 τούτου
3366 2617 3655 2688 διαδόχους

2058 2708 2220 2780 μέχρι
2266 2707 2362 2762 τοῦ
2395 2708 2590 2763 Ἰακὼϐ
2611 2749 2627 2775 ,
2662 2708 2723 2776 ἐξ
2746 2703 2808 2764 οὗ
2838 2709 3036 2783 Ἰωσὴφ
3068 2713 3097 2765 6
3125 2709 3221 2765 τοῦ
3246 2709 3490 2783 Χριστοῦ
3515 2727 3651 2781 χρηο

2059 2799 2294 2871 ματίσας
2326 2800 2532 2871 πατὴρ,
2582 2800 2827 2855 κάτεισιν
2847 2818 2861 2832 ο
2909 2802 2939 2853 6
2978 2801 3035 2855 δὲ
3080 2803 3297 2865 Λουκᾶς
3321 2801 3418 2854 τὸν
3448 2801 3654 2872 Ἰωσὴφ

2054 2888 2155 2942 οὐκ
2183 2889 2291 2942 ἀπὸ
2320 2887 2416 2942 τοῦ
2447 2889 2643 2945 ἰακὼϐ
2685 2887 2831 2945 εἶναί
2865 2907 3034 2962 φησιν
3060 2891 3138 2955 ὡς
3184 2890 3494 2955 Ματθαίος,
3530 2890 3659 2944 ἀλλ’

2055 2979 2166 3035 ἀπὸ
2187 2981 2283 3035 τοῦ
2312 2981 2463 3035 Ἡλεί
2484 3000 2499 3014 ’
2526 2978 2648 3037 εἶτα
2677 2983 2787 3038 ἀπὺ
2818 2982 2915 3037 τοῦ
2949 2982 3098 3037 Ἠλεὶ
3124 2981 3289 3037 ἀνιὼν
3315 2984 3401 3052 ἐφ’
3426 2982 3651 3055 ἐτέρους

2059 3075 2248 3145 χωρεῖ,
2272 3067 2349 3128 ὧν
2377 3073 2501 3128 οὐδὲ
2532 3073 2654 3138 ὅλος
2693 3073 3103 3146 ἐμνημόνευσεν
3152 3074 3182 3125 6
3212 3071 3529 3135 Ματθαῖος·
3555 3071 3657 3124 καὶ

371 3183 720 3238 nequaquam
747 3167 818 3222 ad
849 3167 1206 3224 Salomonem
1248 3165 1471 3223 devenit
1499 3167 1724 3225 Davidis
1751 3168 1948 3234 ﬁlium,

2073 3163 2232 3230 ›ὓτως
2284 3166 2524 3236 πλαγίαν
2563 3166 2688 3221 τινὰ
2738 3164 2999 3239 δραμὼν,
3043 3165 3266 3237 ἔρχεται
3305 3164 3410 3219 οὐκ
3438 3164 3537 3217 ἐπὶ
3561 3163 3657 3216 τὸν

368 3259 466 3314 sed
520 3260 589 3314 ad
641 3258 955 3316 Natlianum
1013 3262 1108 3332 qui
1156 3277 1313 3333 aeque
1363 3259 1466 3316 fuit
1509 3260 1734 3317 Davidis
1783 3261 1951 3319 ﬁlius.

370 3351 538 3422 Atqui
565 3352 925 3423 oportuisset,
962 3352 1009 3409 si
1036 3370 1204 3409 unam
1235 3362 1467 3426 uterque
1485 3355 1828 3427 evangelista
1860 3371 1957 3426 ge-

371 3443 678 3514 nealogiam
728 3444 968 3508 texebat,
1003 3446 1093 3501 vel
1117 3444 1325 3501 Lucam
1355 3446 1607 3502 eamdem
1644 3461 1772 3502 cum
1816 3445 1957 3502 Mat-

371 3535 520 3590 thaeo
541 3533 744 3590 seriem
777 3542 1094 3600 contexere,
1129 3536 1216 3591 vel
1254 3526 1565 3591 Matthzeum
1588 3535 1804 3602 eadem,
1834 3552 1958 3607 quae

372 3626 541 3684 habet
581 3625 783 3693 Lucas,
807 3627 1036 3703 nomina
1075 3628 1333 3685 recitare.
1385 3627 1454 3683 Hi
1485 3644 1616 3684 vero
1642 3630 1780 3686 adeo
1820 3630 1959 3686 invi-

372 3734 495 3776 cem
524 3714 645 3775 non'
678 3713 1020 3790 conspirant,
1061 3727 1124 3774 ut
1160 3719 1300 3775 alter
1344 3718 1542 3776 Jacobi
1589 3719 1761 3775 lilium
1806 3721 1959 3777 dicat

372 3808 674 3882 Josephum
707 3824 773 3865 ac
795 3808 1111 3867 Salomonis
1138 3809 1343 3866 Davide
1375 3811 1576 3883 geniti:
1606 3812 1746 3867 alter
1767 3820 1951 3868 autern

388 3918 500 3958 non
541 3902 754 3969 Jacobi,
788 3902 884 3959 sed
916 3901 1039 3959 Heli
1078 3916 1146 3958 ac
1181 3901 1425 3958 Nathani
1471 3901 1675 3960 Davide
1699 3904 1830 3959 item
1862 3920 1960 3976 ge-

376 3994 515 4050 niti:
561 4011 673 4068 quo
712 3996 991 4054 scribendi
1030 3996 1285 4051 instituto
1334 4011 1672 4068 magnopere
1717 3997 1862 4054 inter
1900 4014 1962 4055 se

374 4090 647 4147 dissidere
702 4087 987 4145 videntur.
1033 4117 1107 4129 —
1163 4086 1454 4155 Quomodo
1509 4088 1676 4160 igitur
1729 4088 1963 4160 objectae

377 4181 740 4254 propositioni
788 4179 1193 4236 occurrendum
1221 4178 1341 4236 est!
1361 4178 1578 4251 Agesis,
1607 4181 1805 4237 animae
1831 4197 1962 4253 ape-

378 4274 584 4329 rientes
622 4271 869 4335 oculum,
902 4269 1189 4327 vocabulis
1231 4269 1368 4340 ipsis
1421 4281 1681 4327 accurate
1723 4279 1960 4327 mentem

379 4364 756 4431 intendamus,
809 4371 867 4419 et
937 4360 1073 4433 quid
1134 4361 1284 4417 dicat
1336 4359 1517 4419 Lucas
1574 4362 1955 4434 inspiciamus.

384 4466 407 4509 4
434 4454 502 4512 Et
531 4456 651 4527 ipse
679 4452 844 4512 Jesus
896 4463 1017 4510 erat
1049 4454 1322 4526 incipiens
1350 4456 1521 4529 quasi
1549 4470 1819 4510 annorum
1858 4457 1955 4510 tri-

377 4550 551 4623 ginta,
602 4555 664 4603 ut
714 4547 1011 4618 putabatur
1059 4548 1205 4604 tilias
1234 4547 1485 4619 Iosephi,
1522 4548 1616 4618 qui
1664 4547 1769 4602 fuit
1812 4545 1956 4613 Heli,

380 4642 478 4712 qui
512 4640 617 4695 fuit
662 4637 882 4695 Melchi.
921 4657 941 4691 ι
978 4636 1086 4695 Sed
1108 4638 1258 4694 enim
1306 4636 1615 4704 Matthaaus,
1645 4637 1790 4693 haud
1826 4652 1960 4693 usus

377 4742 465 4791 est
496 4733 737 4790 dictione
775 4731 1093 4804 putabatur,
1124 4740 1250 4804 getc.
1307 4730 1491 4802 Atque
1520 4731 1637 4787 haec
1666 4730 1843 4802 prima
1875 4738 1960 4786 est

381 4827 689 4897 responsio.

454 4916 511 4975 3.
557 4918 713 4973 Alius
740 4931 960 4989 quoque
1002 4914 1241 4972 fortasse
1272 4916 1407 4971 latet
1453 4914 1767 4987 profundus
1794 4923 1962 4987 atque

381 5023 619 5064 arcanus
649 5011 705 5063 in
745 5007 1026 5077 praedictis
1067 5022 1286 5063 sensus.
1339 5007 1630 5065 Matthaaus
1664 5010 1812 5063 enim
1845 5026 1963 5063 ma-

384 5099 583 5154 nifeste
617 5100 895 5155 carnalem
939 5114 1178 5153 narrans
1208 5099 1417 5156 Christi
1461 5101 1755 5172 originem,
1789 5107 1844 5157 et
1868 5100 1969 5157 Jo-

385 5194 623 5264 sephum
663 5193 854 5247 volens
904 5209 1034 5248 vere
1080 5192 1282 5249 Davide
1317 5194 1609 5248 oriundum
1643 5194 1964 5259 ostendere,

385 5285 653 5340 orationis
667 5300 779 5340 suae
793 5286 1099 5357 ingressum
1113 5286 1328 5355 qualem
1346 5286 1585 5356 oportuit
1598 5285 1966 5353 facit,dicens,

393 5375 549 5430 Liber
574 5377 933 5446 generationis
966 5373 1099 5429 Jesu
1124 5373 1358 5439 Christi,
1390 5383 1446 5430 et
1492 5375 1725 5446 reliqua,
1770 5389 1970 5430 conse-

2058 3256 2350 3329 Σολομῶνα
2387 3257 2480 3312 τὸν
2531 3257 2629 3313 τοῦ
2670 3257 2835 3313 Δαυῒδ
2852 3299 2868 3325 ,
2916 3257 3035 3313 ἀλλ’
3063 3257 3158 3311 ἐπὶ
3200 3256 3391 3312 Νάθαν
3424 3257 3518 3311 τὸν
3558 3254 3657 3309 καὶ

2022 3354 2028 3359 ’
2059 3351 2223 3405 αὐτὸν
2249 3351 2345 3409 τοῦ
2376 3352 2571 3407 Δαυῖδο
2608 3352 2862 3421 ὀφείλων,
2895 3353 2945 3405 εἰ
2966 3351 3032 3423 δὴ
3070 3351 3326 3423 περὶτῆς
3356 3351 3531 3421 αὐτῆς
3559 3365 3659 3418 γε·-

2057 3443 2343 3512 νεαλογίας
2373 3445 2403 3497 ό
2433 3443 2592 3513 λόγος
2612 3440 2682 3518 ἦν
2708 3444 2912 3508 αὐτοῖς,
2943 3442 3037 3498 διά
3058 3442 3167 3495 τῶν
3195 3442 3379 3495 αὐτῶν
3400 3440 3480 3511 τῷ
3499 3442 3656 3494 Ματ-

2060 3535 2496 3607 θαίῳ“άνελθεῖν,
2530 3536 2564 3606 ἢ
2595 3536 2687 3589 τὸν
2721 3535 3003 3589 Ματθαῖον
3039 3534 3106 3588 δι’
3140 3526 3216 3587 ὧν
3239 3536 3269 3587 ό
3300 3534 3519 3597 Λουκᾶς
3541 3551 3655 3603 χω-

2063 3628 2225 3700 ρῆσαι
2257 3627 2540 3699 ὀνομάτων
2558 3642 2573 3658 ·
2603 3629 2652 3681 εί
2677 3628 2735 3681 δὲ
2760 3626 2936 3693 οὕτως
2961 3628 3024 3680 οὐ
3058 3625 3464 3697 συνηνέχθησαν
3491 3625 3661 3699 ἀλλή-

2058 3719 2172 3784 λοις
2191 3759 2206 3784 ,
2230 3719 2305 3785 ὡς
2332 3720 2422 3773 τὸν
2453 3720 2550 3773 ἐνα
2575 3722 2749 3774 εἰπεῖν
2785 3719 2882 3773 τοῦ
2916 3717 3109 3774 Ἰακὼϐ
3143 3719 3236 3772 τὸν
3273 3717 3474 3789 Ἰωσὴφ
3514 3713 3655 3771 εἶναι

2059 3816 2176 3869 υἰδν
2205 3815 2301 3869 καί⁵
2327 3814 2640 3885 Σολομῶνος
2670 3812 2791 3868 υίοῦ
2831 3813 3026 3868 Δαυῖδ’
3069 3811 3164 3866 τὸν
3214 3810 3270 3864 δὲ
3315 3810 3536 3881 ἕτερον,
3578 3811 3657 3880 μὴ

2059 3906 2156 3962 τοῦ
2188 3906 2383 3960 Ἰακὼϐ
2402 3946 2418 3971 ,
2452 3906 2589 3960 ἀλλά
2627 3905 2722 3961 τοῦ
2752 3906 2904 3961 Ἠλεὶ
2945 3905 3041 3959 καὶ
3082 3902 3273 3959 Νάθαν
3306 3902 3425 3956 υἱοῦ
3452 3902 3619 3956 Δαυῖδ
3639 3920 3655 3934 ·

2060 4001 2128 4055 δι’
2154 3993 2230 4054 ὧν
2253 4000 2462 4054 ἐοίκασι
2488 3998 2693 4071 πολλὴν
2729 3996 3030 4068 διαφωνίαν
3070 3997 3213 4069 πρὸς
3252 3994 3517 4067 ἀλλήλους
3561 4011 3660 4047 πε-

2066 4091 2290 4165 ριέχειν.
2306 4120 2379 4132 —-
2401 4091 2465 4145 Τί
2489 4091 2553 4162 δὴ
2574 4086 2666 4145 οὖν
2693 4092 2774 4155 εἰς
2796 4091 2858 4143 τὸ
2885 4088 3154 4162 προταθὲν
3176 4086 3336 4141 τοῦτο
3362 4087 3661 4159 πρόϐλημα

2062 4181 2209 4236 εἴποι
2247 4182 2312 4237 ἄν
2337 4197 2459 4247 τις;
2493 4180 2627 4252 φέρε
2653 4179 2755 4251 τῆς
2786 4179 2966 4251 ψυχῆς
2997 4178 3363 4245 διανοίξαντες
3382 4178 3447 4231 τὸ
3467 4178 3656 4249 δμμα,

2062 4274 2268 4339 ἀτενῶς
2316 4276 2438 4337 ταῖς
2484 4271 2700 4338 λέξεσιν
2752 4272 2940 4335 αὐτοῖς
2988 4271 3365 4342 ἐπερείσωμεν
3405 4270 3509 4342 τὴν
3546 4270 3660 4323 διά-

2063 4385 2212 4421 νοιαν
2232 4407 2247 4433 ,
2281 4364 2481 4437 ἴδωμέν
2516 4381 2577 4418 τε
2604 4364 2657 4418 τί
2682 4381 2847 4436 φησιν
2885 4364 2915 4417 6
2946 4363 3181 4428 Λουκᾶς.
3230 4382 3249 4414 ι
3280 4361 3394 4416 Καὶ
3440 4361 3603 4426 αὐτὸς
3630 4364 3658 4415 6

1996 4492 2040 4547 ο
2080 4458 2291 4531 Ἰησοῦς
2328 4454 2397 4529 ἦν
2431 4456 2733 4530 ἀρχόμενος
2766 4455 2901 4509 ὡσεὶ
2942 4455 3081 4509 ἐτῶν
3110 4455 3411 4527 τριάκοντα
3437 4453 3516 4507 ὣν
3546 4452 3658 4517 υἱὸς

2067 4552 2144 4616 ὡς
2186 4550 2467 4623 ἐνομίζετο
2505 4548 2601 4602 τοῦ
2629 4548 2862 4621 Ἰωσὴφ,
2898 4547 2995 4602 τοῦ
3024 4546 3206 4609 Ἠλεὶ,
3251 4546 3349 4600 τοῦ
3386 4547 3597 4619 Μελχίσ
3633 4567 3652 4598 ι

2064 4643 2182 4697 ἀλλ’
2206 4646 2305 4713 οὐχ
2332 4642 2362 4695 ὅ
2394 4657 2459 4711 γε
2502 4639 2783 4703 Ματθαῖος
2825 4640 3099 4712 ἐχρήσατο
3131 4639 3197 4709 τῇ
3241 4638 3322 4703 ὡς
3357 4636 3658 4708 ἐνομίζετο

2066 4737 2250 4807 φωνῇ,
2284 4743 2415 4799 etc.,
2446 4742 2505 4788 ut
2522 4735 2578 4787 in
2604 4733 2849 4802 epitonia,
2880 4731 2983 4785 col.
3008 4730 3138 4798 896,
3170 4730 3266 4783 lin.
3294 4729 3353 4793 4,
3389 4745 3561 4800 usque
3591 4726 3659 4782 ad

2065 4827 2204 4900 αὕτη
2239 4826 2337 4899 μὲν
2360 4822 2452 4880 οὖν
2480 4828 2514 4899 ἠ
2546 4826 2741 4899 πρώτη
2756 4824 3030 4889 ἀπόδοσις.

2139 4928 2206 4991 γ’.
2232 4921 2344 4994 (45)
2376 4920 2477 4993 Εἷη
2502 4920 2549 4974 δ’
2574 4920 2640 4975 ἄν
2665 4938 2752 4984 τις
2778 4918 2876 4974 καὶ
2901 4917 3063 4983 ἄλλος
3088 4917 3258 4990 βαθὺς
3283 4917 3381 4972 καὶ
3410 4914 3657 4991 ἀπόρρη-

2067 5028 2159 5076 τος
2197 5014 2255 5066 ἐν
2299 5014 2413 5076 τοῖς
2448 5010 2834 5083 προκειμένοις
2867 5009 3043 5079 λόγος.
3094 5008 3376 5071 Ματθαῖος
3411 5007 3514 5079 μέν
3554 5007 3658 5077 γάρ

2067 5103 2514 5175 ὁμολογουμένως
2557 5102 2656 5173 τὴν
2699 5101 2964 5173 ἐνσαρκον
3020 5100 3237 5170 γένεσιν
3284 5098 3521 5169 ἱστορῶν
3567 5096 3657 5151 τοῦ

2025 5263 2038 5278 ,
2070 5196 2306 5269 Χριστοῦ
2330 5237 2343 5260 ,
2374 5197 2582 5250 καὶτὸν
2613 5195 2811 5268 Ἰωσὴφ
2846 5193 3124 5261 ἀποδεῖξαι
3166 5192 3493 5265 βουλόμενος
3531 5190 3661 5261 ἀλη-

2073 5289 2182 5354 θῶς
2222 5290 2288 5342 ἐκ
2330 5288 2492 5343 Δαυῖδ
2513 5331 2528 5354 ,
2561 5288 2684 5342 ὅθεν
2712 5286 2878 5361 ἐχρῆν
2915 5289 2981 5359 τῇ
3017 5287 3233 5358 εἰσϐολῇ
3270 5286 3542 5360 κέχρηται
3566 5284 3657 5339 τοῦ

2072 5383 2252 5447 λόγου,
2271 5383 2469 5454 φήσας,
2492 5381 2711 5446 Βίϐλος
2721 5378 3012 5449 γενέσεως
3039 5377 3235 5447 Ἰησοῦ
3257 5376 3540 5447 Χριστοῦ.
3567 5374 3658 5431 καὶ

388 5475 730 5537 quenterque
760 5474 927 5522 totam
960 5466 1158 5523 deinde
1185 5468 1470 5524 historiam
1507 5469 1663 5540 ponit
1699 5478 1823 5540 post
1844 5484 1952 5540 pro

2073 5473 2142 5527 τά
2172 5472 2299 5543 ἐξῆς
2320 5489 2336 5504 ’
2360 5470 2669 5533 ἀκολούθως
2694 5486 2755 5522 τε
2779 5468 2877 5541 τὴν
2903 5468 3031 5538 ὅλην
3053 5468 3181 5538 ἑξῆς
3211 5468 3458 5539 ἱστορίαν
3478 5466 3653 5535 τίθησι

389 5559 697 5631 genitorum
744 5560 1076 5631 catalogum,
1132 5558 1318 5630 Magos
1389 5561 1678 5628 videlicet,
1738 5559 1971 5617 Herodis

463 5742 574 5811 (at)
613 5740 749 5797 Cod.
778 5741 841 5809 Α,
877 5742 915 5798 f.
946 5741 1033 5798 64.
1078 5731 1280 5808 Quaest.
1322 5758 1395 5797 tit.

2079 5562 2216 5634 μετά
2250 5561 2343 5616 τὸν
2379 5561 2487 5614 τῶν
2518 5559 2879 5633 προπατόρων
2903 5557 3225 5626 κατάλογον,
3255 5559 3384 5621 τοὺς
3410 5556 3648 5627 Μάγους,

2150 5742 2261 5815 (45)
2301 5741 2436 5797 ibid.
2488 5698 2491 5707 ι
