3846 6220
314 293 426 349 965

1041 289 1309 345 lt'L'SEBll
1335 287 1825 346 CESABIENSIS
1862 289 1894 346 C

2003 335 2013 345 .
2056 287 2236 344 PARS
2276 288 2364 346 lll.
2402 317 2476 333 -—
2511 285 2922 343 EXEC‘ETICA.

3488 288 3598 343 θοι

321 409 582 480 loquitur,
616 406 913 475 Jesumque
948 413 1006 458 ut
1043 403 1136 458 Dei
1161 401 1361 456 Filium
1386 401 1653 468 exhibet;
1683 401 1894 458 idcirco

2002 402 2269 474 ραστῆσαι
2301 402 2475 475 ὁτιδὴ
2520 404 2628 466 πᾶς
2669 403 2697 454 ό
2727 404 2785 455 ἐν
2828 399 2947 471 Θεῷ
2987 399 3455 470 ἀναγεννώμενος,
3490 403 3597 454 κᾶν

321 497 426 553 hoc
450 496 615 552 veluti
643 495 891 565 exemplo
929 493 1311 548 demonstrare
1342 491 1548 556 studet,
1595 492 1900 562 quemlibet

321 589 598 644 hominem
633 587 688 640 in
730 585 843 640 Deo
886 589 1299 653 regeneratum,
1329 581 1548 638 etiamsi
1587 597 1716 638 vere
1751 581 1900 640 ﬁlius

321 678 602 733 hominum
638 676 901 730 habeatur
942 675 1015 730 ob
1057 689 1282 728 carnem
1333 687 1442 743 qua
1502 672 1732 728 indutus
1787 681 1897 740 est,

320 785 432 824 non
460 777 640 823 tamen
670 782 794 821 cum
831 782 929 822 sua
969 771 1168 819 natura
1208 763 1273 816 ’in
1312 763 1498 819 carnis
1554 764 1899 834 genitoribus

308 851 536 923 sistere,
561 872 740 927 neque
775 871 883 910 non
919 855 1064 909 ultra
1099 855 1352 923 corporis
1391 859 1773 924 procreatores
1802 866 1901 906 ex-

321 965 584 1005 currere:
613 963 801 1003 verum
823 947 1042 1002 etiamsi
1075 946 1221 1001 ﬁlius
1252 945 1496 1000 hominis
1526 943 1782 999 videatur
1826 944 1899 1000 ob

319 1042 565 1112 corporis
601 1040 1037 1112 generationem,
1071 1038 1441 1094 nihilominus
1470 1036 1618 1092 haud
1655 1037 1898 1092 alienum

320 1154 349 1192 ιι
381 1136 475 1191 Dei
525 1134 820 1204 adoptione
872 1133 1111 1187 censeri.
1175 1130 1456 1185 Existimo
1499 1129 1668 1200 igitur
1715 1129 1896 1198 ipsum

319 1227 643 1298 tempestive
691 1235 744 1280 et
793 1225 1166 1295 genealogiam
1223 1222 1546 1292 scripsisse,
1594 1227 1649 1274 et
1676 1219 1895 1273 addita-

316 1327 500 1373 mento
539 1316 797 1372 dictionis
823 1324 880 1369 ut
903 1313 1193 1383 putabatur
1223 1328 1410 1367 usum.
1448 1310 1895 1365 Consentaneum

315 1410 518 1480 quippe
569 1417 709 1474 erat,
749 1416 1041 1477 postquam
1087 1405 1154 1459 de
1192 1405 1334 1459 coelo
1393 1403 1769 1458 testimonium
1827 1400 1895 1455 ad

315 1501 506 1558 Iesum
542 1507 798 1555 venerat:
853 1498 935 1552 Tu
984 1513 1048 1553 es
1079 1496 1252 1552 Filius
1285 1510 1444 1550 meus
1472 1494 1729 1555 dilectus,
1761 1494 1816 1548 in
1845 1502 1898 1548 te

320 1595 454 1649 mihi
515 1590 857 1663 complacui;
893 1590 1006 1660 jam
1061 1589 1284 1660 inquam
1317 1588 1471 1642 haud
1503 1586 1754 1650 decebat,
1801 1587 1900 1640 ho-

315 1685 524 1741 minum
558 1685 749 1748 tilium,
785 1698 939 1754 aeque
971 1696 1036 1736 ac
1069 1689 1321 1743 caeteros,
1371 1681 1550 1750 ipsum
1593 1679 1898 1748 appellare;

316 1776 413 1834 sed
451 1777 881 1831 additamentum
911 1773 1146 1842 adjicere
1185 1788 1324 1842 opus
1365 1771 1466 1826 fuit
1497 1781 1554 1825 ut
1582 1772 1892 1842 putabatur.

2006 495 2224 568 ἀληθῶς
2269 497 2385 560 υίὸς
2423 495 2726 568 ἀνθρώπων
2771 489 2911 548 εἶναι
2949 493 3222 564 νομίζοιτο
3253 494 3320 546 δι’
3345 493 3412 564 ἢν
3439 495 3596 562 περί-

2007 605 2186 642 κειται
2237 589 2414 661 σάρκα
2436 628 2450 653 ,
2487 587 2600 640 ἀλλ’
2624 587 2722 658 οὐχ
2751 585 2968 639 ἵσταταί
3001 602 3064 653 γε
3099 583 3247 654 αύτῷ
3271 583 3342 637 τὰ
3367 583 3470 653 τῆς
3494 584 3594 652 ’γε-

2006 679 2207 742 νέσεως
2247 681 2328 743 είς
2356 680 2482 743 τοὺς
2513 679 2656 732 κατὰ
2692 679 2870 748 σάρκα
2900 679 3079 745 γονεῖς
3098 717 3111 741 ,
3147 675 3268 728 οὐδὲ
3297 675 3462 746 μέχρι
3485 677 3596 727 τῶν

2006 768 2103 822 τοῦ
2151 769 2405 841 σώματος
2444 769 2803 842 προπατόρων
2844 768 3062 839 φθάνει·
3101 767 3215 821 ἀλλ’
3239 769 3288 820 εἱ
3325 769 3420 820 καὶ
3449 768 3600 835 νομί-

2008 859 2155 924 ζοιτο
2183 859 2486 932 ἀνθρώπων
2512 857 2651 914 εἶναι
2667 862 2780 924 υίὸς
2807 861 2894 915 διὰ
2915 859 3014 932 τὴν
3041 859 3135 912 τοῦ
3161 858 3413 929 σώματος
3439 859 3597 927 γένε-

2008 969 2113 1016 σιν,
2147 954 2296 1024 ὅμως
2319 954 2364 1007 δ’
2389 949 2482 1007 οὖν
2495 954 2596 1007 οὐκ
2625 953 2902 1023 ἀλλότριος
2930 953 3028 1023 τῆς
3043 951 3137 1004 τοῦ
3165 951 3302 1006 Θεοῦ
3322 951 3598 1013 υἱοθεσίας

2006 1043 2336 1116 καθέστηκε.
2381 1044 2472 1098 Διὸ
2513 1045 2753 1116 ήγοῦμαι
2795 1045 2957 1098 αὐτὸν
2998 1046 3139 1098 κατὰ
3177 1045 3369 1116 καιρόν
3403 1045 3498 1097 καὶ
3526 1046 3596 1113 τῇ

2005 1136 2325 1209 γενεαλογίᾳ
2375 1137 2699 1208 κεχρῆσθαι,
2769 1141 2863 1191 καὶ
2915 1143 2982 1210 τῇ
3028 1136 3313 1210 προσθήκῃ
3357 1138 3456 1207 τῆς
3508 1137 3602 1201 ὡς

2001 1228 2302 1298 ἐνομίζετο
2327 1230 2531 1300 φωνῆς.
2582 1231 2689 1283 Καὶ
2737 1230 2845 1300 γὰρ
2895 1229 3180 1283 ἀκόλουθον
3231 1224 3337 1297 ἦν,
3381 1229 3483 1297 τῆς
3531 1227 3596 1293 ἐξ

2001 1320 2248 1390 οὐρανῶν
2296 1322 2603 1394 μαρτυρίας
2647 1324 2900 1394 φησάσης
2940 1322 3077 1394 πρὸς
3110 1321 3202 1375 τὸν
3246 1321 3474 1392 Ἰησοῦν,
3512 1321 3591 1373 Σὺ

2003 1411 2034 1462 6
2057 1411 2171 1474 υἱός
2197 1429 2300 1481 μου
2327 1415 2356 1466 6
2384 1414 2689 1483 ἀγαπητὸς,
2735 1417 2794 1467 ὲν
2811 1415 2892 1466 σοὶ
2921 1413 3208 1484 εὐδόκησα,
3247 1412 3444 1484 μηκέτι
3498 1412 3595 1466 καὶ

2004 1499 2308 1572 ἀνθρώπων
2367 1505 2570 1575 ὁμοίως
2639 1505 2802 1558 αὐτὸν
2839 1505 3201 1575 ἀναγορεῦσαι
3249 1505 3382 1567 υἱὸν,
3453 1503 3597 1574 μετά

2007 1596 2064 1649 δὲ
2113 1596 2210 1666 τῆς
2267 1598 2348 1663 ὡς
2400 1596 2694 1666 ἐνομίζετο
2753 1596 3104 1668 προσθήκης·
3155 1595 3291 1649 Θεοῦ
3333 1596 3433 1666 μὲν
3482 1597 3600 1668 γὰρ

2010 1687 2178 1758 ἀνεκη
2189 1687 2358 1760 ρύχθη
2388 1689 2504 1752 υίὸς
2530 1683 2667 1741 εἶναι
2693 1688 2875 1757 φύσει,
2899 1687 3014 1740 ἀλλ’
3042 1689 3140 1758 οὐχ
3157 1687 3238 1751 ὡς
3259 1687 3556 1757 ἐνομίζετο
3578 1706 3594 1717 ·

2003 1775 2097 1829 τοῦ
2122 1776 2178 1830 δὲ
2206 1779 2404 1850 Ἰωσὴφ
2434 1779 2736 1850 ἐνομίζετο,
2773 1778 2889 1832 ἀλλ’
2917 1779 2979 1831 οὐ
3011 1779 3169 1847 φύσει
3201 1780 3316 1841 υἱὸς
3338 1774 3429 1849 ἧν.

317 1874 450 1928 Nam
473 1872 564 1929 Dei
598 1871 817 1943 quidem
863 1871 1234 1940 proclamatus
1285 1867 1399 1922 fuit.
1435 1870 1759 1924 naturaliter
1803 1870 1966 1934 ﬁlius,
2019 1888 2128 1928 non
2187 1886 2370 1930 autem
2430 1887 2486 1929 ut
2543 1875 2879 1945 putabatur:
2935 1891 3094 1932 secus
3140 1887 3323 1932 autem
3368 1875 3602 1947 Josephi

315 1966 536 2040 quidem
583 1963 908 2035 putabatur,
970 1960 1065 2017 sed
1122 1977 1231 2014 non
1297 1969 1414 2014 erat
1477 1962 1803 2016 naturaliter
1843 1961 2008 2019 ﬁlius.

388 2061 442 2118 6.
486 2060 617 2126 Qua:
661 2074 784 2113 cum
824 2058 900 2112 ita
955 2072 1014 2112 se
1062 2057 1324 2121 habeant,
1376 2056 1567 2111 videor
1617 2058 1751 2111 mihi
1810 2058 1892 2112 sic

2066 2067 2140 2126 ς’.
2182 2057 2282 2114 ’Ὧν
2315 2061 2486 2126 οὕτως
2532 2063 2782 2133 ἐχόντων,
2824 2061 2965 2115 δοκῶ
3013 2079 3104 2132 μοι
3151 2062 3245 2114 καὶ
3293 2060 3470 2124 οὕτως
3499 2060 3600 2114 τὸν

316 2153 584 2209 rationem
608 2149 936 2215 reddidisse,
959 2164 1060 2204 cur
1077 2147 1363 2204 Matthazus
1385 2147 1716 2217 scripturam
1741 2164 1896 2203 suam

316 2243 639 2311 exordiens,
675 2248 804 2296 ante
832 2240 1018 2295 Maria:
1049 2249 1398 2308 conceptum.
1424 2246 1480 2293 et
1529 2247 1655 2293 ante
1697 2253 1895 2292 carna-

319 2339 423 2392 lem
449 2335 580 2391 Jesu
615 2335 1048 2406 generationem,
1086 2333 1415 2404 tempestive
1459 2331 1513 2386 in
1543 2347 1643 2387 sua
1666 2332 1896 2388 historia

317 2426 594 2480 carnalem
628 2423 1002 2495 genealogiam
1040 2422 1426 2494 praeposuerit.
1458 2421 1754 2492 Propterea
1799 2439 1895 2494 ge-

317 2518 629 2574 nerationes
677 2531 898 2587 quoque
954 2514 1212 2570 deorsum
1271 2515 1444 2579 ducit,
1489 2513 1814 2571 descensum
1865 2530 1897 2569 a

317 2610 544 2664 meliore
583 2615 731 2663 statu
774 2608 1011 2663 innuens
1060 2607 1208 2662 illius
1254 2605 1321 2661 de
1351 2621 1462 2676 quo
1499 2607 1610 2677 agit
1647 2626 1659 2662 :
1689 2607 1894 2662 etenim

318 2702 664 2757 incarnatum
721 2701 813 2756 Dei
866 2698 1106 2754 Verbum
1172 2713 1369 2769 reapse
1418 2700 1734 2762 descendit,
1765 2699 1894 2770 quia

317 2807 444 2847 cum
500 2792 558 2847 in
619 2792 797 2847 forma
847 2789 940 2846 Dei
989 2796 1138 2846 esset
1185 2791 1492 2845 exinanivit
1539 2791 1895 2860 semetipsum

319 2883 550 2940 formam
581 2885 726 2940 servi
757 2882 1053 2953 accipiens.
1088 2882 1160 2936 At
1183 2897 1315 2937 vero
1351 2881 1561 2947 Lucas,
1597 2882 1893 2953 siquidem,

316 2992 471 3048 aque
501 2990 568 3031 ac
604 2974 916 3041 Matthaeus,
946 2973 1112 3030 Verbi
1150 2975 1207 3029 in
1248 2990 1417 3030 carne
1459 2973 1752 3029 adventum
1799 2973 1897 3029 de-

319 3075 725 3124 monstraturus
750 3065 964 3131 fuisset,
997 3067 1115 3138 ipse
1142 3082 1362 3137 quoque
1415 3067 1642 3121 omnino
1677 3066 1895 3137 generis

320 3160 602 3215 historiam
638 3158 955 3228 scripsisset
1003 3159 1152 3214 circa
1192 3158 1573 3229 conceptionis
1609 3166 1704 3212 aut
1749 3166 1897 3212 certe

319 3251 622 3306 nativitatis
692 3259 945 3320 tempus;
1000 3250 1408 3319 ordinatimque
1481 3264 1512 3302 a
1586 3249 1894 3304 senioribus

319 3342 642 3406 exordiens,
680 3341 748 3394 ad
791 3349 1101 3410 postremos
1142 3340 1544 3396 descendisset.
1605 3337 1712 3394 Sed
1767 3339 1895 3408 quia

1998 2151 2255 2222 λογισμὸν
2286 2151 2704 2217 ἀποδεδωκέναι,
2739 2152 2861 2205 καθ’
2900 2153 2960 2205 ὃν
2990 2155 3018 2205 6
3049 2153 3150 2223 μὲν
3184 2151 3460 2215 Ματθαῖος
3487 2152 3598 2223 ἀρ-

1999 2243 2226 2315 χόμενος
2259 2245 2356 2314 τῆς
2385 2243 2579 2296 ἐαυτοῦ
2610 2244 2846 2315 γραφῆς,
2883 2243 2992 2314 πρὸ
3023 2244 3123 2312 τῆς
3153 2242 3468 2312 συλλήψεως
3491 2243 3597 2311 τῆς

1997 2335 2239 2406 Μαρίας,
2276 2336 2368 2388 καὶ
2402 2336 2508 2405 πρὸ
2536 2336 2634 2405 τῆς
2660 2335 2923 2405 ἐνσάρκου
2958 2335 3223 2402 γενέσεως
3253 2333 3345 2387 τοῦ
3389 2335 3592 2405 Ἰησοῦ,

1998 2428 2140 2481 κατὰ
2166 2429 2355 2500 καιρὸν
2378 2429 2454 2492 ὡς
2484 2430 2541 2480 ἐν
2577 2429 2789 2499 ἱστορίᾳ
2814 2427 3105 2498 προτάττει
3131 2427 3228 2498 τὴν
3247 2427 3390 2481 κατὰ
3413 2426 3596 2496 σάρκα

1999 2520 2366 2589 γενεαλογίαν·
2416 2520 2498 2573 διὸ
2523 2521 2615 2573 καὶ
2650 2521 2719 2574 τὰ
2758 2521 2886 2592 γένη
2923 2521 3173 2590 κατάγει,
3217 2519 3442 2572 κάθοδον
3482 2519 3595 2571 ἀπὸ

1996 2613 2105 2666 τῶν
2153 2613 2476 2683 κρειττόνων
2527 2615 2899 2682 αἰνιττόμενος
2941 2613 3037 2667 τοῦ
3073 2612 3424 2684 δηλουμένου·
3455 2629 3592 2682 σαρ-

1998 2703 2262 2773 κούμενος
2290 2703 2398 2774 γὰρ
2435 2705 2463 2756 ό
2501 2703 2669 2772 Λόγος
2721 2703 2814 2756 τοῦ
2866 2704 3002 2757 Θεοῦ
3043 2702 3254 2774 κατῄει,
3293 2704 3375 2756 ὅτι
3415 2702 3483 2774 δὴ
3533 2705 3597 2755 ἐν

2003 2797 2183 2866 μορφῇ
2218 2794 2352 2847 Θεοῦ
2389 2795 2650 2866 ὑπάρχων
2690 2795 2956 2848 ἐκένωσεν
2990 2796 3182 2848 ἑαυτὸν
3217 2796 3432 2868 μορφὴν
3463 2794 3594 2848 δού-

1997 2885 2088 2939 λου
2121 2885 2316 2939 λαϐὼν·
2351 2887 2380 2937 ὁ
2416 2885 2471 2939 δὲ
2510 2888 2746 2950 Λουκᾶς,
2782 2888 2830 2938 εί
2872 2888 2969 2957 μὲν
2993 2888 3196 2958 ὁμοίως
3219 2887 3296 2957 τῷ
3324 2886 3596 2958 Ματθαίῳ

1998 2979 2095 3050 τὴν
2118 2979 2378 3049 ἔνσαρκον
2411 2977 2632 3048 ἔμελλεν
2667 2978 2830 3032 αὐτοῦ
2877 2979 3175 3051 παρουσίαν
3208 2978 3422 3048 δηλοῦν,
3455 2979 3598 3033 πάν-

1996 3088 2103 3134 τως
2143 3071 2208 3124 ἂν
2247 3071 2517 3141 ἐχρήσατο
2559 3071 2654 3123 καὶ
2681 3071 2843 3134 αὐτὸς
2883 3074 2949 3142 τῇ
2993 3070 3087 3124 τοῦ
3128 3071 3318 3140 γένους
3350 3073 3596 3144 ἱστορίᾳ,

1998 3160 2139 3214 κατὰ
2164 3160 2254 3214 τὸν
2277 3159 2376 3230 τῆς
2399 3160 2712 3232 συλλήψεως
2737 3161 2770 3231 ἢ
2801 3160 2901 3231 τῆς
2925 3161 3233 3227 ἀποτέξεως
3258 3162 3468 3233 καιρόν·
3495 3165 3595 3224 καὶ.

1997 3251 2305 3316 ἀκολούθως
2331 3252 2440 3305 ἀπὸ
2472 3251 2582 3304 τῶν
2609 3251 2996 3322 πρεσϐυτέρων
3034 3252 3359 3322 ἀρξάμενος,
3396 3255 3595 3325 κατῄει

2000 3344 2094 3397 ἐπὶ⁹
2125 3345 2252 3407 τοὺς
2290 3342 2651 3405 τελευταίους·
2685 3342 2808 3395 ἐπεὶ
2837 3341 2894 3394 δέ
2916 3342 2977 3394 οὺ
3006 3341 3150 3396 κατὰ
3184 3342 3282 3413 τὴν
3314 3343 3484 3413 αὐτὴν
3512 3342 3596 3413 τῷ

321 3433 465 3489 haud
497 3432 796 3490 secundum
823 3430 1062 3485 Matthaei
1085 3439 1319 3486 mentem
1347 3431 1715 3486 narrationem
1740 3445 1894 3486 suam

2002 3435 2264 3506 Ματθαίῳ
2298 3435 2534 3488 διάνοιαν
2567 3434 2780 3498 ἐξέθετο
2808 3433 2904 3503 τὴν
2935 3433 3206 3504 διήγησιν,
3240 3411 3465 3496 εἰκότως
3499 3411 3595 3487 τὸν

319 3523 604 3595 explicuit,
659 3522 856 3578 merito
894 3529 1111 3592 tempus
1155 3520 1291 3576 illud
1349 3519 1766 3584 transcenderis,
1828 3518 1894 3574 ad

321 3617 574 3689 baptismi
612 3615 1081 3688 regenerationem
1107 3613 1387 3669 contendit
1415 3632 1426 3667 :
1453 3621 1617 3683 atque
1648 3614 1752 3667 hoc
1775 3613 1898 3666 loco

321 3709 654 3764 contrariam
692 3707 917 3779 exponit
959 3705 1380 3778 generationum
1429 3704 1836 3760 successionem
1881 3721 1894 3756 :

321 3800 683 3872 subgradiens
708 3801 870 3855 simul
895 3815 924 3854 a
950 3798 1245 3869 postremis
1276 3795 1344 3850 ad
1372 3796 1601 3868 primos,
1625 3795 1899 3867 simulque

320 3894 502 3949 vitans
521 3899 1076 3948 commemoratorum
1099 3905 1128 3943 a
1156 3888 1413 3944 Matthazo
1444 3904 1665 3944 reorum
1699 3903 1896 3959 pecca-

321 3993 614 4054 torumque
689 3983 934 4037 virorum
998 3981 1332 4035 mentionem
1388 3999 1402 4034 :
1451 3978 1896 4050 quandoquidem

321 4083 675 4148 regeneratus
724 4075 779 4129 in
828 4073 958 4140 Deo,
985 4073 1044 4127 ﬁt
1071 4073 1282 4128 alienus
1319 4088 1352 4126 a
1400 4073 1610 4126 carnali
1641 4073 1855 4143 origine
1878 4113 1894 4139 ,

319 4180 375 4225 et
400 4187 430 4223 a
459 4167 842 4240 peccatoribus
869 4167 1170 4222 secundum
1194 4181 1414 4221 carnem
1439 4165 1711 4236 patribus,
1745 4173 1898 4234 post-

319 4277 481 4333 quam
512 4259 607 4316 Dei
639 4259 784 4315 ﬁlius
817 4266 903 4314 est
939 4259 1187 4320 eﬁ‘ectus,
1217 4266 1272 4314 et
1297 4259 1540 4313 omnium
1576 4259 1667 4328 qui
1699 4273 1899 4314 secun-

318 4354 450 4408 dum
511 4351 683 4407 Deum
755 4350 1032 4420 inculpate
1095 4350 1370 4404 vixerunt.
1430 4346 1523 4403 Sic
1584 4348 1896 4403 Abrahamo

317 4461 537 4518 quoque
581 4443 788 4498 dictum
835 4441 980 4497 fuit:
1017 4461 1034 4494 ι
1074 4440 1159 4496 Tu
1211 4456 1343 4496 vero
1379 4439 1556 4495 abibis
1593 4440 1660 4494 ad
1711 4447 1896 4508 patres

318 4549 464 4594 tuos.
503 4558 520 4590 ι
547 4535 760 4603 Quibus
784 4535 970 4590 verbis
1021 4533 1166 4588 haud
1205 4533 1461 4588 carnales
1494 4539 1750 4603 parentes
1795 4531 1894 4586 sed

320 4632 396 4686 illi
427 4629 518 4701 qui
556 4628 858 4686 secundum
888 4625 1058 4681 Deum
1087 4625 1290 4696 pietate
1313 4624 1364 4680 ei
1405 4622 1614 4680 similes
1648 4623 1892 4692 fuerunt,

316 4723 474 4794 quasi
503 4722 790 4793 aenigmate
817 4719 1172 4774 denotantur.

387 4814 438 4866 7.
482 4811 674 4868 Merito
703 4825 833 4882 ergo
861 4809 1060 4869 Lucas,
1079 4815 1264 4877 utpote
1291 4805 1384 4877 qui
1413 4807 1884 4878 regenerationem

319 4915 530 4969 narrat,
565 4903 709 4960 haud
760 4903 950 4959 eadem
999 4917 1106 4971 qua
1163 4898 1450 4955 Matthazus
1507 4900 1596 4954 via
1652 4898 1875 4954 incedit.

322 4997 692 5066 Quamobrem
740 5011 918 5066 neque
954 4994 1264 5050 Salomonis
1293 5007 1471 5063 neque
1501 4989 1647 5046 Uria:
1679 4991 1890 5055 uxoris,

315 5105 494 5161 neque
545 5088 853 5152 Thamarre,
888 5103 1065 5158 neque
1113 5084 1331 5149 Ruthaa,
1385 5098 1562 5155 neque
1591 5081 1890 5146 Jechoniaa,

315 5199 495 5254 neque
526 5183 615 5238 his
646 5181 1056 5250 interjectorum
1082 5177 1229 5232 haud
1265 5177 1474 5246 absque
1503 5174 1887 5230 criminatione

235 5331 243 5340 .
313 5282 558 5336 virorum
587 5278 720 5332 facit
745 5276 1144 5339 recensionem,
1174 5273 1271 5328 sed
1302 5288 1400 5342 per
1420 5269 1556 5326 alios
1583 5269 1890 5338 inculpatos

314 5371 596 5447 graditur;
623 5379 677 5425 et
705 5371 926 5440 quidem
959 5383 991 5421 a
1021 5367 1286 5438 propheta
1314 5363 1565 5418 Nathano
1604 5375 1898 5432 regenera-

314 5481 432 5521 tum
468 5479 626 5519 suum
662 5462 892 5517 derivat.
931 5459 997 5514 Et
1027 5459 1118 5513 ille
1145 5457 1363 5528 quidem
1399 5455 1544 5526 apud
1573 5453 1885 5508 Matthaanm

313 5554 617 5615 secundum
665 5568 882 5608 carnem
939 5550 1174 5622 genitus,
1209 5549 1352 5603 ﬁlius
1401 5554 1519 5602 erat
1567 5545 1884 5606 Abrahami,

311 5666 380 5705 ex
432 5648 536 5700 hoc
594 5644 841 5700 videlicet
884 5643 1116 5698 deducta
1167 5639 1503 5711 genealogia,
1555 5639 1680 5708 quia
1709 5636 1885 5707 primo

313 5738 631 5797 Abrahamo
657 5735 796 5791 facta
827 5731 928 5789 fuit
957 5732 1253 5805 promissio
1282 5730 1526 5803 gentium
1555 5728 1883 5786 benedictio-

1999 3528 2160 3582 αὑτὸν
2202 3527 2398 3598 ἐκείνῳ
2429 3527 2618 3598 καιρὸν
2667 3526 2940 3597 ὑπερϐὰς,
2985 3527 3079 3578 ἐπὶ
3106 3525 3205 3596 τὴν
3233 3525 3594 3597 ἀναγέννησιν

1998 3619 2095 3690 τὴν
2126 3619 2214 3673 διά
2239 3618 2462 3689 λουτροῦ
2494 3619 2878 3689 παραγίνεται·
2915 3617 3009 3669 καὶ
3042 3616 3276 3670 ἐνταῦθα
3305 3618 3403 3687 τὴν
3437 3618 3593 3670 ἐναν-

1998 3715 2119 3766 τίαν
2149 3712 2421 3766 ἐκτίθεται
2443 3711 2552 3764 τῶν
2579 3710 2752 3780 γενῶν
2779 3709 3047 3780 διαδοχὴν,
3079 3707 3216 3780 ὁμοῦ
3245 3709 3336 3762 καὶ
3373 3710 3592 3775 ἀνάγων

1998 3805 2107 3859 ἀπὸ
2143 3804 2252 3859 τῶν
2283 3803 2527 3858 ὑστάτων
2562 3803 2656 3856 ἐπὶ
2687 3802 2754 3856 τὰ
2793 3802 3003 3872 πρῶτα,
3034 3799 3170 3871 ὁμοῦ
3201 3801 3294 3853 καὶ
3320 3801 3421 3871 τὴν
3455 3804 3594 3872 μνῆ-

2001 3915 2108 3968 μην
2128 3897 2236 3950 τῶν
2257 3895 2407 3967 παρὰ
2431 3894 2510 3966 τῷ
2539 3894 2804 3964 Ματθαίῳ
2829 3893 3095 3945 ὑπαιτίων
3123 3893 3218 3946 καὶ
3246 3892 3591 3963 ἁμαρτωλῶν

1998 3987 2206 4058 ἀνδρῶν
2258 3985 2666 4055 ἀποσειόμενος,
2715 3983 3014 4054 ἐπειδήπερ
3063 3985 3093 4036 ὁ
3143 3982 3295 4054 παρὰ
3338 3981 3420 4051 τῷ
3466 3982 3590 4052 Θεῷ

1997 4080 2328 4149 ἀναγεγεννη
2339 4080 2517 4150 μένος,
2547 4077 2823 4148 ἀλλότριος
2851 4074 3172 4128 καθίσταται
3193 4074 3292 4144 τῆς
3316 4075 3588 4144 ἐνσάρλου

1995 4171 2264 4240 γενέσεως
2286 4170 2380 4224 καὶ
2407 4169 2515 4222 τῶν
2538 4167 2680 4221 κατὰ
2705 4168 2883 4237 σάρκα
2919 4164 3258 4236 ἁμαρτωλῶν
3308 4165 3588 4236 πατέρων,

1997 4259 2126 4323 Υἱὸς
2173 4258 2602 4329 ἀποφαινόμενος
2646 4255 2780 4309 Θεοῦ
2809 4296 2824 4319 ,
2882 4254 2978 4307 καὶ
3023 4253 3239 4306 πάντων
3286 4253 3394 4305 τῶν
3444 4255 3592 4308 κατά

1996 4353 2128 4407 Θεὸν
2153 4351 2534 4422 ἀνεπιλήπτως
2571 4347 2927 4418 βεϐιωκότων·
2954 4345 3096 4398 οὕτω
3116 4346 3210 4398 καὶ
3227 4343 3305 4414 τῷ
3335 4345 3590 4418 Ἀϐραὰμ

1997 4446 2200 4517 είρητο·
2255 4463 2272 4495 ι
2304 4443 2376 4495 Σὺ
2409 4443 2465 4496 δὲ
2492 4439 2770 4512 ἀπελεύσῃ
2803 4439 2938 4509 πρὸς
2970 4439 3095 4500 τοὺς
3125 4434 3370 4506 πατέρας
3403 4454 3520 4490 σου·
3563 4454 3583 4489 ι

1995 4537 2056 4590 οὐ
2099 4536 2226 4598 τοὺς
2274 4533 2416 4587 κατὰ
2469 4532 2666 4602 σάρκα,
2700 4530 2825 4592 τοὺς
2873 4527 2931 4580 δέ
2974 4527 3032 4578 ἐν
3070 4525 3189 4594 Θεῷ
3220 4524 3309 4577 διὰ
3359 4523 3460 4597 τὴν
3493 4525 3588 4578 εὗ-

1997 4625 2214 4690 σεϐείας
2237 4622 2622 4696 όμοιοτροπίαν
2645 4617 3017 4689 αἰνιττομένου
3044 4616 3138 4670 τοῦ
3165 4615 3346 4684 λόγου.

2067 4804 2135 4870 ζ’.
2166 4803 2406 4865 Εἰκότως
2437 4797 2723 4871 τοιγαροῦν
2748 4798 2776 4849 6
2803 4783 3017 4856 Λουκᾶς
3035 4834 3049 4856 ,
3102 4794 3197 4846 ἀτε
3224 4793 3320 4862 τὴν
3354 4793 3588 4860 ἀναγέν-

1997 4915 2150 4968 νησιν
2173 4893 2421 4966 ἱστορῶν,
2446 4894 2506 4944 οὺ
2533 4891 2628 4961 τὴν
2662 4888 2830 4959 αὐτὴν
2851 4884 3118 4954 ὁδεύειτῷ
3147 4883 3434 4953 Ματθαίῳ·
3470 4883 3585 4936 οὒτ’

1996 4986 2090 5043 οὖν
2128 4987 2222 5043 τοῦ
2267 4985 2580 5056 Σολομῶνος
2610 4982 2704 5036 καὶ
2736 4981 2834 5052 τῆς
2864 4979 3084 5050 Οὐρίου.
3129 4977 3191 5029 οὐ
3230 4976 3330 5046 τῆς
3359 4975 3584 5045 Θάμαρ,

1997 5082 2057 5135 οὐ
2085 5082 2183 5152 τῆς
2225 5077 2403 5139 Ῥοὺθ,
2441 5078 2500 5130 οὐ
2531 5073 2624 5127 τοῦ
2665 5072 2910 5142 Ἰεχονίου
2945 5071 3039 5123 καὶ
3071 5067 3180 5120 τῶν
3222 5065 3428 5138 μεταξὺ
3461 5066 3584 5119 δια-

1997 5172 2341 5244 ϐεϐλημένων
2383 5167 2592 5239 ἀνδρῶν
2632 5165 2730 5237 τὴν
2766 5161 3064 5234 παράθεσιν
3094 5158 3408 5230 πεποίηται,
3445 5159 3584 5213 ἀλλά

1996 5265 2065 5319 δι’
2113 5263 2315 5334 ἐτέρων
2367 5258 2749 5328 ἀνεπιλήπτων
2798 5253 2992 5314 ἄνεισι,
3029 5251 3123 5304 καὶ
3161 5249 3220 5302 δέ
3261 5249 3360 5302 καὶ
3395 5251 3460 5301 ἐκ
3486 5247 3579 5300 τοῦ

1999 5355 2274 5427 προφήτου
2301 5351 2487 5405 Νάθαν
2518 5349 2609 5402 τὸν
2635 5349 2968 5415 ἀναγεγεννη
2977 5342 3134 5413 μένον
3155 5339 3385 5409 εἰσάγει.
3417 5340 3526 5392 Καὶ
3551 5341 3580 5392 6

2003 5447 2100 5518 μὲν
2139 5445 2288 5522 παρά
2331 5442 2409 5512 τῷ
2450 5439 2713 5509 Ματθαίῳ
2752 5435 2895 5490 κατὰ
2945 5435 3123 5504 σάρκα
3160 5431 3576 5502 γεγεννημένος,

1997 5539 2111 5602 υίὸς
2151 5534 2219 5610 ἦν
2278 5535 2546 5607 Ἀϐραὰμ,
2601 5529 2847 5584 ἐντεῦθεν
2881 5525 3389 5596 γενεαλογούμενος,
3428 5525 3578 5576 ἐπει-

1992 5633 2167 5704 δήπερ
2199 5628 2275 5700 τῷ
2310 5626 2559 5699 Ἀϐραάμ
2604 5623 2804 5696 πρώτῳ
2845 5623 2879 5692 ἡ
2921 5617 3223 5687 ἐπαγγελία
3266 5616 3449 5669 δέδοτο
3476 5614 3576 5683 τῆς

1991 5725 2100 5780 τῶν
2135 5722 2302 5778 ἐθνῶν
2329 5720 2594 5790 εὐλογίας,
2625 5718 2724 5772 οὐκ
2749 5716 2922 5778 ἄλλως
2951 5713 2983 5786 ἢ
3011 5711 3098 5768 διὰ
3115 5710 3212 5765 τοῦ
3240 5712 3306 5764 ἐκ
3337 5709 3576 5782 σπέρμα-
