  <div class='ocr_page' id='page_1' title='image "/cluster/home/n/w/nwhite01/storage/ocr_20150623/22/nnc1.0046978372/536.png"; bbox 0 0 3846 6220; ppageno 0'>
   <div class='ocr_carea' id='block_1_1' title="bbox 183 289 320 352">
    <p class='ocr_par' dir='ltr' id='par_1_1' title="bbox 183 289 320 352">
     <span class='ocr_line' id='line_1_1' title="bbox 183 289 320 352; baseline 0 0"><span class='ocrx_word' id='word_1_1' title='bbox 183 289 320 352; x_wconf 73' lang='lat'><strong>965</strong></span> 
     </span>
    </p>
   </div>
   <div class='ocr_carea' id='block_1_2' title="bbox 1077 299 2727 374">
    <p class='ocr_par' dir='ltr' id='par_1_2' title="bbox 1077 299 2727 374">
     <span class='ocr_line' id='line_1_2' title="bbox 1077 299 2727 374; baseline 0.003 -18"><span class='ocrx_word' id='word_1_2' title='bbox 1077 299 1588 360; x_wconf 74' lang='lat' dir='ltr'><strong>SUPPLEMENTA</strong></span> <span class='ocrx_word' id='word_1_3' title='bbox 1625 299 2107 374; x_wconf 63' lang='lat' dir='ltr'><strong>QUESTIONUM</strong></span> <span class='ocrx_word' id='word_1_4' title='bbox 2145 307 2236 361; x_wconf 76' lang='lat' dir='ltr'><strong>AD</strong></span> <span class='ocrx_word' id='word_1_5' title='bbox 2275 302 2727 364; x_wconf 74' lang='lat' dir='ltr'><strong>STEPHANUM.</strong></span> 
     </span>
    </p>
   </div>
   <div class='ocr_carea' id='block_1_3' title="bbox 3393 311 3498 365">
    <p class='ocr_par' dir='ltr' id='par_1_3' title="bbox 3393 311 3498 365">
     <span class='ocr_line' id='line_1_3' title="bbox 3393 311 3498 365; baseline -0.01 0"><span class='ocrx_word' id='word_1_6' title='bbox 3393 311 3498 365; x_wconf 74' lang='lat'><strong>966</strong></span> 
     </span>
    </p>
   </div>
   <div class='ocr_carea' id='block_1_4' title="bbox 187 405 1772 492">
    <p class='ocr_par' dir='ltr' id='par_1_4' title="bbox 187 405 1772 490">
     <span class='ocr_line' id='line_1_4' title="bbox 187 405 1772 490; baseline 0.006 -27"><span class='ocrx_word' id='word_1_7' title='bbox 187 426 300 475; x_wconf 75' lang='grc' dir='ltr'><strong>τος</strong></span> <span class='ocrx_word' id='word_1_8' title='bbox 336 411 500 464; x_wconf 77' lang='grc' dir='ltr'>αὐτοῦ</span> <span class='ocrx_word' id='word_1_9' title='bbox 531 405 995 484; x_wconf 78' lang='grc' dir='ltr'>προέλευσομένου</span> <span class='ocrx_word' id='word_1_10' title='bbox 1015 420 1374 490; x_wconf 68' lang='grc' dir='ltr'><strong>γενησομένη.</strong></span> <span class='ocrx_word' id='word_1_11' title='bbox 1425 420 1482 472; x_wconf 87' lang='grc' dir='ltr'><em>Ὀ</em></span> <span class='ocrx_word' id='word_1_12' title='bbox 1515 421 1569 474; x_wconf 83' lang='grc' dir='ltr'>δὲ</span> <span class='ocrx_word' id='word_1_13' title='bbox 1597 424 1654 475; x_wconf 88' lang='grc' dir='ltr'><strong>ἐν</strong></span> <span class='ocrx_word' id='word_1_14' title='bbox 1688 421 1772 474; x_wconf 65' lang='grc' dir='ltr'><strong>Θεέ</strong></span> 
     </span>
    </p>
   </div>
   <div class='ocr_carea' id='block_1_5' title="bbox 1890 405 3498 492">
    <p class='ocr_par' dir='ltr' id='par_1_5' title="bbox 1911 419 3498 492">
     <span class='ocr_line' id='line_1_5' title="bbox 1911 419 3498 492; baseline 0.002 -18"><span class='ocrx_word' id='word_1_15' title='bbox 1911 422 2018 483; x_wconf 88' lang='lat' dir='ltr'><strong>nis,</strong></span> <span class='ocrx_word' id='word_1_16' title='bbox 2047 434 2171 489; x_wconf 68' lang='lat' dir='ltr'><strong>qua:</strong></span> <span class='ocrx_word' id='word_1_17' title='bbox 2217 419 2361 474; x_wconf 86' lang='lat' dir='ltr'><strong>haud</strong></span> <span class='ocrx_word' id='word_1_18' title='bbox 2411 420 2568 475; x_wconf 84' lang='lat' dir='ltr'><strong>aliter</strong></span> <span class='ocrx_word' id='word_1_19' title='bbox 2600 433 2764 490; x_wconf 89' lang='lat' dir='ltr'><strong>quam</strong></span> <span class='ocrx_word' id='word_1_20' title='bbox 2805 435 2900 488; x_wconf 84' lang='lat' dir='ltr'><strong>per</strong></span> <span class='ocrx_word' id='word_1_21' title='bbox 2947 434 3134 476; x_wconf 82' lang='lat' dir='ltr'><strong>semen</strong></span> <span class='ocrx_word' id='word_1_22' title='bbox 3157 436 3225 476; x_wconf 90' lang='lat' dir='ltr'><strong>ex</strong></span> <span class='ocrx_word' id='word_1_23' title='bbox 3262 436 3329 476; x_wconf 90' lang='lat' dir='ltr'><strong>eo</strong></span> <span class='ocrx_word' id='word_1_24' title='bbox 3371 438 3498 492; x_wconf 88' lang='lat' dir='ltr'><strong>pro-</strong></span> 
     </span>
    </p>
   </div>
   <div class='ocr_carea' id='block_1_6' title="bbox 191 505 1804 581">
    <p class='ocr_par' dir='ltr' id='par_1_6' title="bbox 191 505 1804 581">
     <span class='ocr_line' id='line_1_6' title="bbox 191 505 1804 581; baseline 0.008 -27"><span class='ocrx_word' id='word_1_25' title='bbox 191 505 734 576; x_wconf 74' lang='grc' dir='ltr'>ἀναγεγεννημένος,</span> <span class='ocrx_word' id='word_1_26' title='bbox 771 506 992 580; x_wconf 81' lang='grc' dir='ltr'>ἐτέρους</span> <span class='ocrx_word' id='word_1_27' title='bbox 1023 509 1264 581; x_wconf 83' lang='grc' dir='ltr'><strong>πατέρας</strong></span> <span class='ocrx_word' id='word_1_28' title='bbox 1307 512 1432 575; x_wconf 75' lang='grc' dir='ltr'>τοὺς</span> <span class='ocrx_word' id='word_1_29' title='bbox 1483 512 1626 565; x_wconf 85' lang='grc' dir='ltr'><strong>κατά</strong></span> <span class='ocrx_word' id='word_1_30' title='bbox 1673 513 1804 568; x_wconf 81' lang='grc' dir='ltr'>Θεὸν</span> 
     </span>
    </p>
   </div>
   <div class='ocr_carea' id='block_1_7' title="bbox 189 594 1802 676">
    <p class='ocr_par' dir='ltr' id='par_1_7' title="bbox 189 594 1802 676">
     <span class='ocr_line' id='line_1_7' title="bbox 189 594 1802 676; baseline 0.009 -30"><span class='ocrx_word' id='word_1_31' title='bbox 189 594 678 667; x_wconf 70' lang='grc' dir='ltr'>ἐπιγραψάμενος,</span> <span class='ocrx_word' id='word_1_32' title='bbox 717 599 827 652; x_wconf 76' lang='grc' dir='ltr'>οὐδ’</span> <span class='ocrx_word' id='word_1_33' title='bbox 875 601 1071 664; x_wconf 76' lang='grc' dir='ltr'>αὐτοὺς</span> <span class='ocrx_word' id='word_1_34' title='bbox 1115 602 1331 675; x_wconf 86' lang='grc' dir='ltr'>ἀληθῶς</span> <span class='ocrx_word' id='word_1_35' title='bbox 1367 604 1635 676; x_wconf 81' lang='grc' dir='ltr'>ἐσχηκὼς,</span> <span class='ocrx_word' id='word_1_36' title='bbox 1687 607 1802 660; x_wconf 79' lang='grc' dir='ltr'>ἀλλ’</span> 
     </span>
    </p>
   </div>
   <div class='ocr_carea' id='block_1_8' title="bbox 188 687 1807 770">
    <p class='ocr_par' dir='ltr' id='par_1_8' title="bbox 188 687 1807 770">
     <span class='ocr_line' id='line_1_8' title="bbox 188 687 1807 770; baseline 0.011 -30"><span class='ocrx_word' id='word_1_37' title='bbox 188 687 281 752; x_wconf 81' lang='grc' dir='ltr'>ὡς</span> <span class='ocrx_word' id='word_1_38' title='bbox 312 689 593 761; x_wconf 74' lang='grc' dir='ltr'>ἐνομίζετο</span> <span class='ocrx_word' id='word_1_39' title='bbox 623 691 711 747; x_wconf 82' lang='grc' dir='ltr'>διὰ</span> <span class='ocrx_word' id='word_1_40' title='bbox 756 693 856 765; x_wconf 82' lang='grc' dir='ltr'>τὴν</span> <span class='ocrx_word' id='word_1_41' title='bbox 886 695 994 748; x_wconf 89' lang='grc' dir='ltr'><strong>τῶν</strong></span> <span class='ocrx_word' id='word_1_42' title='bbox 1026 695 1173 766; x_wconf 83' lang='grc' dir='ltr'>ὴθῶν</span> <span class='ocrx_word' id='word_1_43' title='bbox 1221 698 1626 770; x_wconf 84' lang='grc' dir='ltr'>ὁμοιοτροπίαν,</span> <span class='ocrx_word' id='word_1_44' title='bbox 1662 702 1807 756; x_wconf 85' lang='grc' dir='ltr'>ἄνει-</span> 
     </span>
    </p>
   </div>
   <div class='ocr_carea' id='block_1_9' title="bbox 197 781 1805 865">
    <p class='ocr_par' dir='ltr' id='par_1_9' title="bbox 197 781 1805 865">
     <span class='ocr_line' id='line_1_9' title="bbox 197 781 1805 865; baseline 0.01 -33"><span class='ocrx_word' id='word_1_45' title='bbox 197 796 296 833; x_wconf 89' lang='grc' dir='ltr'><strong>σιν</strong></span> <span class='ocrx_word' id='word_1_46' title='bbox 328 781 420 835; x_wconf 80' lang='grc' dir='ltr'><strong>ἐπὶ</strong></span> <span class='ocrx_word' id='word_1_47' title='bbox 451 782 543 836; x_wconf 86' lang='grc' dir='ltr'><strong>τὺν</strong></span> <span class='ocrx_word' id='word_1_48' title='bbox 572 784 742 856; x_wconf 81' lang='grc' dir='ltr'>ἀληθῆ</span> <span class='ocrx_word' id='word_1_49' title='bbox 788 787 1010 858; x_wconf 83' lang='grc' dir='ltr'><strong>Πατέρα</strong></span> <span class='ocrx_word' id='word_1_50' title='bbox 1053 790 1192 860; x_wconf 86' lang='grc' dir='ltr'><strong>μετά</strong></span> <span class='ocrx_word' id='word_1_51' title='bbox 1221 793 1430 857; x_wconf 85' lang='grc' dir='ltr'>πάντας</span> <span class='ocrx_word' id='word_1_52' title='bbox 1459 794 1805 865; x_wconf 80' lang='grc' dir='ltr'>χρηματίσας</span> 
     </span>
    </p>
   </div>
   <div class='ocr_carea' id='block_1_10' title="bbox 194 867 1802 956">
    <p class='ocr_par' dir='ltr' id='par_1_10' title="bbox 194 867 1802 956">
     <span class='ocr_line' id='line_1_10' title="bbox 194 867 1802 956; baseline 0.011 -35"><span class='ocrx_word' id='word_1_53' title='bbox 194 867 341 933; x_wconf 80' lang='grc' dir='ltr'>Υἱὸς</span> <span class='ocrx_word' id='word_1_54' title='bbox 384 871 477 924; x_wconf 87' lang='grc' dir='ltr'><strong>τοῦ</strong></span> <span class='ocrx_word' id='word_1_55' title='bbox 529 872 687 926; x_wconf 72' lang='grc' dir='ltr'>Θεοῦο</span> <span class='ocrx_word' id='word_1_56' title='bbox 734 875 850 929; x_wconf 87' lang='grc' dir='ltr'>ἀλλ’</span> <span class='ocrx_word' id='word_1_57' title='bbox 881 871 1035 944; x_wconf 76' lang='grc' dir='ltr'>οὗτος</span> <span class='ocrx_word' id='word_1_58' title='bbox 1072 881 1171 950; x_wconf 75' lang='grc' dir='ltr'><strong>μὲν</strong></span> <span class='ocrx_word' id='word_1_59' title='bbox 1210 883 1268 936; x_wconf 90' lang='grc' dir='ltr'><strong>ἐν</strong></span> <span class='ocrx_word' id='word_1_60' title='bbox 1308 884 1642 955; x_wconf 76' lang='grc' dir='ltr'>ἀπορρήτοις</span> <span class='ocrx_word' id='word_1_61' title='bbox 1669 886 1802 956; x_wconf 78' lang='grc' dir='ltr'>ἡμῖν</span> 
     </span>
    </p>
   </div>
   <div class='ocr_carea' id='block_1_11' title="bbox 193 964 1801 1048">
    <p class='ocr_par' dir='ltr' id='par_1_11' title="bbox 193 964 1801 1048">
     <span class='ocr_line' id='line_1_11' title="bbox 193 964 1801 1048; baseline 0.009 -32"><span class='ocrx_word' id='word_1_62' title='bbox 193 964 494 1018; x_wconf 83' lang='grc' dir='ltr'>ἀποδόσθω</span> <span class='ocrx_word' id='word_1_63' title='bbox 527 967 556 1018; x_wconf 97' lang='lat'><strong>6</strong></span> <span class='ocrx_word' id='word_1_64' title='bbox 587 967 766 1036; x_wconf 87' lang='grc' dir='ltr'>λόγος.</span> <span class='ocrx_word' id='word_1_65' title='bbox 799 969 915 1023; x_wconf 82' lang='grc' dir='ltr'>Ἵνα</span> <span class='ocrx_word' id='word_1_66' title='bbox 944 971 1001 1024; x_wconf 84' lang='grc' dir='ltr'>δὲ</span> <span class='ocrx_word' id='word_1_67' title='bbox 1048 973 1121 1043; x_wconf 83' lang='grc' dir='ltr'>μή</span> <span class='ocrx_word' id='word_1_68' title='bbox 1152 990 1238 1037; x_wconf 88' lang='grc' dir='ltr'><strong>τις</strong></span> <span class='ocrx_word' id='word_1_69' title='bbox 1263 976 1413 1045; x_wconf 82' lang='grc' dir='ltr'>ἡμᾶς</span> <span class='ocrx_word' id='word_1_70' title='bbox 1438 976 1801 1048; x_wconf 78' lang='grc' dir='ltr'>εὑρεσιλογεῖν</span> 
     </span>
    </p>
   </div>
   <div class='ocr_carea' id='block_1_12' title="bbox 195 1053 1800 1141">
    <p class='ocr_par' dir='ltr' id='par_1_12' title="bbox 195 1053 1800 1141">
     <span class='ocr_line' id='line_1_12' title="bbox 195 1053 1800 1141; baseline 0.011 -35"><span class='ocrx_word' id='word_1_71' title='bbox 195 1053 490 1120; x_wconf 79' lang='grc' dir='ltr'>ὑπολάϐοι,</span> <span class='ocrx_word' id='word_1_72' title='bbox 517 1057 612 1110; x_wconf 76' lang='grc' dir='ltr'><strong>καὶ</strong></span> <span class='ocrx_word' id='word_1_73' title='bbox 645 1059 854 1132; x_wconf 81' lang='grc' dir='ltr'>ἱστορίᾳ</span> <span class='ocrx_word' id='word_1_74' title='bbox 882 1062 1162 1133; x_wconf 80' lang='grc' dir='ltr'>χρήσομαι</span> <span class='ocrx_word' id='word_1_75' title='bbox 1201 1065 1542 1140; x_wconf 86' lang='grc' dir='ltr'>παλαιοτάτῃ</span> <span class='ocrx_word' id='word_1_76' title='bbox 1569 1069 1698 1140; x_wconf 89' lang='grc' dir='ltr'>παρ’</span> <span class='ocrx_word' id='word_1_77' title='bbox 1733 1064 1800 1141; x_wconf 77' lang='grc' dir='ltr'>ἧς</span> 
     </span>
    </p>
   </div>
   <div class='ocr_carea' id='block_1_13' title="bbox 192 1145 1800 1232">
    <p class='ocr_par' dir='ltr' id='par_1_13' title="bbox 192 1145 1800 1232">
     <span class='ocr_line' id='line_1_13' title="bbox 192 1145 1800 1232; baseline 0.011 -34"><span class='ocrx_word' id='word_1_78' title='bbox 192 1145 324 1200; x_wconf 69' lang='grc' dir='ltr'>ἔστι</span> <span class='ocrx_word' id='word_1_79' title='bbox 361 1150 460 1220; x_wconf 80' lang='grc' dir='ltr'><strong>τὴν</strong></span> <span class='ocrx_word' id='word_1_80' title='bbox 497 1146 650 1203; x_wconf 75' lang='grc' dir='ltr'>λ’ύσιν</span> <span class='ocrx_word' id='word_1_81' title='bbox 686 1151 865 1224; x_wconf 77' lang='grc' dir='ltr'>εὑρεῖν</span> <span class='ocrx_word' id='word_1_82' title='bbox 907 1155 1005 1227; x_wconf 83' lang='grc' dir='ltr'><strong>τῆς</strong></span> <span class='ocrx_word' id='word_1_83' title='bbox 1043 1157 1438 1228; x_wconf 83' lang='grc' dir='ltr'>νενομισμένης</span> <span class='ocrx_word' id='word_1_84' title='bbox 1468 1161 1599 1231; x_wconf 78' lang='grc' dir='ltr'>παρ’</span> <span class='ocrx_word' id='word_1_85' title='bbox 1632 1161 1800 1232; x_wconf 77' lang='grc' dir='ltr'>ἀμφο-</span> 
     </span>
    </p>
   </div>
   <div class='ocr_carea' id='block_1_14' title="bbox 190 1239 1799 1326">
    <p class='ocr_par' dir='ltr' id='par_1_14' title="bbox 190 1239 1799 1326">
     <span class='ocr_line' id='line_1_14' title="bbox 190 1239 1799 1326; baseline 0.011 -36"><span class='ocrx_word' id='word_1_86' title='bbox 190 1239 386 1312; x_wconf 69' lang='grc' dir='ltr'>τέροις</span> <span class='ocrx_word' id='word_1_87' title='bbox 410 1244 523 1305; x_wconf 85' lang='grc' dir='ltr'>τοῖς</span> <span class='ocrx_word' id='word_1_88' title='bbox 549 1239 958 1312; x_wconf 61' lang='grc' dir='ltr'>ε’ύαγγελισταῖς</span> <span class='ocrx_word' id='word_1_89' title='bbox 981 1247 1296 1317; x_wconf 81' lang='grc' dir='ltr'>διαφωνίας.</span> <span class='ocrx_word' id='word_1_90' title='bbox 1324 1251 1438 1320; x_wconf 84' lang='grc' dir='ltr'><strong>Τῆς</strong></span> <span class='ocrx_word' id='word_1_91' title='bbox 1467 1251 1524 1305; x_wconf 83' lang='grc' dir='ltr'>δὲ</span> <span class='ocrx_word' id='word_1_92' title='bbox 1559 1255 1799 1326; x_wconf 85' lang='grc' dir='ltr'>ἱστορίας</span> 
     </span>
    </p>
   </div>
   <div class='ocr_carea' id='block_1_15' title="bbox 191 1333 1797 1414">
    <p class='ocr_par' dir='ltr' id='par_1_15' title="bbox 191 1333 1797 1414">
     <span class='ocr_line' id='line_1_15' title="bbox 191 1333 1797 1414; baseline 0.011 -30"><span class='ocrx_word' id='word_1_93' title='bbox 191 1333 397 1402; x_wconf 80' lang='grc' dir='ltr'>γέγονε</span> <span class='ocrx_word' id='word_1_94' title='bbox 433 1338 780 1406; x_wconf 83' lang='grc' dir='ltr'>συγγραφεὺς</span> <span class='ocrx_word' id='word_1_95' title='bbox 817 1337 1156 1410; x_wconf 83' lang='grc' dir='ltr'>Ἀφρικανὸς,</span> <span class='ocrx_word' id='word_1_96' title='bbox 1186 1342 1287 1414; x_wconf 82' lang='grc' dir='ltr'>ἀνῆ</span> <span class='ocrx_word' id='word_1_97' title='bbox 1298 1359 1326 1413; x_wconf 90' lang='grc' dir='ltr'><strong>ρ</strong></span> <span class='ocrx_word' id='word_1_98' title='bbox 1353 1342 1538 1410; x_wconf 84' lang='grc' dir='ltr'>λόγιος</span> <span class='ocrx_word' id='word_1_99' title='bbox 1570 1345 1797 1412; x_wconf 75' lang='grc' dir='ltr'>καὶτοῖς</span> 
     </span>
    </p>
   </div>
   <div class='ocr_carea' id='block_1_16' title="bbox 191 1425 1795 1509">
    <p class='ocr_par' dir='ltr' id='par_1_16' title="bbox 191 1425 1795 1509">
     <span class='ocr_line' id='line_1_16' title="bbox 191 1425 1795 1509; baseline 0.01 -31"><span class='ocrx_word' id='word_1_100' title='bbox 191 1425 312 1479; x_wconf 82' lang='grc' dir='ltr'><strong>ἀπὸ</strong></span> <span class='ocrx_word' id='word_1_101' title='bbox 338 1427 436 1498; x_wconf 82' lang='grc' dir='ltr'>τῆς</span> <span class='ocrx_word' id='word_1_102' title='bbox 485 1427 684 1492; x_wconf 77' lang='grc' dir='ltr'>ἔξωθεν</span> <span class='ocrx_word' id='word_1_103' title='bbox 717 1430 966 1496; x_wconf 81' lang='grc' dir='ltr'>παιδείας</span> <span class='ocrx_word' id='word_1_104' title='bbox 1003 1433 1346 1504; x_wconf 79' lang='grc' dir='ltr'>ὁρμωμένοις</span> <span class='ocrx_word' id='word_1_105' title='bbox 1394 1437 1683 1509; x_wconf 69' lang='grc' dir='ltr'>ἐπιφανής*</span> <span class='ocrx_word' id='word_1_106' title='bbox 1735 1436 1795 1496; x_wconf 76' lang='grc' dir='ltr'>οὗ</span> 
     </span>
    </p>
   </div>
   <div class='ocr_carea' id='block_1_17' title="bbox 187 1516 1792 1602">
    <p class='ocr_par' dir='ltr' id='par_1_17' title="bbox 187 1516 1792 1602">
     <span class='ocr_line' id='line_1_17' title="bbox 187 1516 1792 1602; baseline 0.011 -34"><span class='ocrx_word' id='word_1_107' title='bbox 187 1516 341 1590; x_wconf 72' lang='grc' dir='ltr'>’πρὸς</span> <span class='ocrx_word' id='word_1_108' title='bbox 368 1516 548 1582; x_wconf 76' lang='grc' dir='ltr'>ἄλλοις</span> <span class='ocrx_word' id='word_1_109' title='bbox 580 1519 796 1585; x_wconf 85' lang='grc' dir='ltr'>πολλοῖς</span> <span class='ocrx_word' id='word_1_110' title='bbox 835 1522 929 1575; x_wconf 80' lang='grc' dir='ltr'><strong>καὶ</strong></span> <span class='ocrx_word' id='word_1_111' title='bbox 959 1523 1145 1588; x_wconf 87' lang='grc' dir='ltr'>καλοῖς</span> <span class='ocrx_word' id='word_1_112' title='bbox 1172 1524 1374 1594; x_wconf 82' lang='grc' dir='ltr'>λόγοις,</span> <span class='ocrx_word' id='word_1_113' title='bbox 1409 1529 1506 1581; x_wconf 72' lang='grc' dir='ltr'><strong>καὶ</strong></span> <span class='ocrx_word' id='word_1_114' title='bbox 1537 1531 1792 1602; x_wconf 89' lang='grc' dir='ltr'>ἐπιστολὴ</span> 
     </span>
    </p>
   </div>
   <div class='ocr_carea' id='block_1_18' title="bbox 190 1608 1794 1692">
    <p class='ocr_par' dir='ltr' id='par_1_18' title="bbox 190 1608 1794 1692">
     <span class='ocr_line' id='line_1_18' title="bbox 190 1608 1794 1692; baseline 0.011 -32"><span class='ocrx_word' id='word_1_115' title='bbox 190 1608 427 1680; x_wconf 70' lang='grc' dir='ltr'>φέρεται</span> <span class='ocrx_word' id='word_1_116' title='bbox 450 1609 586 1680; x_wconf 78' lang='grc' dir='ltr'>πρὸς</span> <span class='ocrx_word' id='word_1_117' title='bbox 627 1612 962 1685; x_wconf 81' lang='grc' dir='ltr'>Ἀριστείδην</span> <span class='ocrx_word' id='word_1_118' title='bbox 985 1617 1112 1688; x_wconf 82' lang='grc' dir='ltr'><strong>περὶ</strong></span> <span class='ocrx_word' id='word_1_119' title='bbox 1134 1616 1235 1687; x_wconf 80' lang='grc' dir='ltr'>τῆς</span> <span class='ocrx_word' id='word_1_120' title='bbox 1267 1621 1661 1692; x_wconf 83' lang='grc' dir='ltr'>νενομισμένης</span> <span class='ocrx_word' id='word_1_121' title='bbox 1685 1624 1794 1678; x_wconf 85' lang='grc' dir='ltr'><strong>τῶν</strong></span> 
     </span>
    </p>
   </div>
   <div class='ocr_carea' id='block_1_19' title="bbox 190 1701 1794 1784">
    <p class='ocr_par' dir='ltr' id='par_1_19' title="bbox 190 1701 1794 1784">
     <span class='ocr_line' id='line_1_19' title="bbox 190 1701 1794 1784; baseline 0.011 -32"><span class='ocrx_word' id='word_1_122' title='bbox 190 1701 604 1770; x_wconf 76' lang='grc' dir='ltr'>εύαγγελιστῶν</span> <span class='ocrx_word' id='word_1_123' title='bbox 633 1705 762 1775; x_wconf 71' lang='grc' dir='ltr'>περὶ</span> <span class='ocrx_word' id='word_1_124' title='bbox 796 1707 896 1778; x_wconf 79' lang='grc' dir='ltr'>τὴν</span> <span class='ocrx_word' id='word_1_125' title='bbox 929 1707 1166 1763; x_wconf 76' lang='grc' dir='ltr'>Χριστοῦ</span> <span class='ocrx_word' id='word_1_126' title='bbox 1206 1709 1557 1780; x_wconf 82' lang='grc' dir='ltr'>γενεαλογίαν</span> <span class='ocrx_word' id='word_1_127' title='bbox 1590 1715 1794 1784; x_wconf 82' lang='grc' dir='ltr'>διαφω-</span> 
     </span>
    </p>
   </div>
   <div class='ocr_carea' id='block_1_20' title="bbox 187 1792 801 1864">
    <p class='ocr_par' dir='ltr' id='par_1_20' title="bbox 187 1792 801 1864">
     <span class='ocr_line' id='line_1_20' title="bbox 187 1792 801 1864; baseline 0.01 -19"><span class='ocrx_word' id='word_1_128' title='bbox 187 1792 337 1856; x_wconf 78' lang='grc' dir='ltr'>νίας·</span> <span class='ocrx_word' id='word_1_129' title='bbox 375 1793 491 1864; x_wconf 73' lang='grc' dir='ltr'>ἔχει</span> <span class='ocrx_word' id='word_1_130' title='bbox 531 1794 575 1847; x_wconf 82' lang='grc' dir='ltr'>δ’</span> <span class='ocrx_word' id='word_1_131' title='bbox 605 1793 801 1861; x_wconf 76' lang='grc' dir='ltr'>οὕτως.</span> 
     </span>
    </p>
   </div>
   <div class='ocr_carea' id='block_1_21' title="bbox 706 1911 1278 1986">
    <p class='ocr_par' dir='ltr' id='par_1_21' title="bbox 706 1911 1278 1986">
     <span class='ocr_line' id='line_1_21' title="bbox 706 1911 1278 1986; baseline 0.012 -23"><span class='ocrx_word' id='word_1_132' title='bbox 706 1911 1112 1966; x_wconf 77' lang='grc' dir='ltr'><strong>ΑΦΡΙΚΑΝΟΥ</strong></span> <span class='ocrx_word' id='word_1_133' title='bbox 1144 1913 1278 1986; x_wconf 72' lang='grc'><strong>(48).</strong></span> 
     </span>
    </p>
   </div>
   <div class='ocr_carea' id='block_1_22' title="bbox 263 2010 1788 2100">
    <p class='ocr_par' dir='ltr' id='par_1_22' title="bbox 263 2023 1788 2100">
     <span class='ocr_line' id='line_1_22' title="bbox 263 2023 1788 2100; baseline 0.01 -26"><span class='ocrx_word' id='word_1_134' title='bbox 263 2029 337 2090; x_wconf 88' lang='grc' dir='ltr'><strong>η’.</strong></span> <span class='ocrx_word' id='word_1_135' title='bbox 368 2023 481 2076; x_wconf 81' lang='grc' dir='ltr'>Οὐκ</span> <span class='ocrx_word' id='word_1_136' title='bbox 500 2023 741 2096; x_wconf 71' lang='grc' dir='ltr'>ἀκριϐῶς</span> <span class='ocrx_word' id='word_1_137' title='bbox 765 2026 949 2096; x_wconf 87' lang='grc' dir='ltr'>μέντοι</span> <span class='ocrx_word' id='word_1_138' title='bbox 972 2028 1118 2091; x_wconf 87' lang='grc' dir='ltr'>τινὲς</span> <span class='ocrx_word' id='word_1_139' title='bbox 1141 2027 1415 2098; x_wconf 82' lang='grc' dir='ltr'>λέγουσιν,</span> <span class='ocrx_word' id='word_1_140' title='bbox 1438 2035 1521 2088; x_wconf 85' lang='grc' dir='ltr'>ὃτι</span> <span class='ocrx_word' id='word_1_141' title='bbox 1565 2035 1788 2100; x_wconf 86' lang='grc' dir='ltr'>δικαίως</span> 
     </span>
    </p>
   </div>
   <div class='ocr_carea' id='block_1_23' title="bbox 188 2113 1788 2200">
    <p class='ocr_par' dir='ltr' id='par_1_23' title="bbox 188 2113 1788 2200">
     <span class='ocr_line' id='line_1_23' title="bbox 188 2113 1788 2200; baseline 0.009 -34"><span class='ocrx_word' id='word_1_142' title='bbox 188 2113 415 2183; x_wconf 85' lang='grc' dir='ltr'>γέγονεν</span> <span class='ocrx_word' id='word_1_143' title='bbox 439 2118 471 2187; x_wconf 88' lang='grc' dir='ltr'><strong>ἡ</strong></span> <span class='ocrx_word' id='word_1_144' title='bbox 495 2116 751 2190; x_wconf 81' lang='grc' dir='ltr'>διάφορος</span> <span class='ocrx_word' id='word_1_145' title='bbox 775 2119 914 2188; x_wconf 85' lang='grc' dir='ltr'>αῦτη</span> <span class='ocrx_word' id='word_1_146' title='bbox 937 2119 1044 2174; x_wconf 87' lang='grc' dir='ltr'><strong>τῶν</strong></span> <span class='ocrx_word' id='word_1_147' title='bbox 1077 2119 1355 2192; x_wconf 77' lang='grc' dir='ltr'>ὀνομάτων</span> <span class='ocrx_word' id='word_1_148' title='bbox 1385 2127 1615 2198; x_wconf 87' lang='grc' dir='ltr'>καταρίθ</span> <span class='ocrx_word' id='word_1_149' title='bbox 1625 2129 1788 2200; x_wconf 86' lang='grc' dir='ltr'>μησίς</span> 
     </span>
    </p>
   </div>
   <div class='ocr_carea' id='block_1_24' title="bbox 190 2206 1788 2283">
    <p class='ocr_par' dir='ltr' id='par_1_24' title="bbox 190 2206 1788 2283">
     <span class='ocr_line' id='line_1_24' title="bbox 190 2206 1788 2283; baseline 0.009 -24"><span class='ocrx_word' id='word_1_150' title='bbox 190 2221 252 2260; x_wconf 74' lang='grc' dir='ltr'><strong>τε</strong></span> <span class='ocrx_word' id='word_1_151' title='bbox 287 2206 382 2260; x_wconf 79' lang='grc' dir='ltr'>καὶ</span> <span class='ocrx_word' id='word_1_152' title='bbox 430 2208 700 2279; x_wconf 77' lang='grc' dir='ltr'>ἐπιμιξία,</span> <span class='ocrx_word' id='word_1_153' title='bbox 733 2209 842 2263; x_wconf 91' lang='grc' dir='ltr'><strong>τῶν</strong></span> <span class='ocrx_word' id='word_1_154' title='bbox 879 2227 939 2263; x_wconf 90' lang='grc' dir='ltr'><strong>τε</strong></span> <span class='ocrx_word' id='word_1_155' title='bbox 969 2212 1278 2283; x_wconf 85' lang='grc' dir='ltr'>ἱερατικῶν,</span> <span class='ocrx_word' id='word_1_156' title='bbox 1316 2214 1391 2279; x_wconf 87' lang='grc' dir='ltr'>ὡς</span> <span class='ocrx_word' id='word_1_157' title='bbox 1423 2216 1649 2281; x_wconf 77' lang='grc' dir='ltr'>οἴονται,</span> <span class='ocrx_word' id='word_1_158' title='bbox 1695 2220 1788 2272; x_wconf 78' lang='grc' dir='ltr'>καὶ</span> 
     </span>
    </p>
   </div>
   <div class='ocr_carea' id='block_1_25' title="bbox 189 2296 1787 2379">
    <p class='ocr_par' dir='ltr' id='par_1_25' title="bbox 189 2296 1787 2379">
     <span class='ocr_line' id='line_1_25' title="bbox 189 2296 1787 2379; baseline 0.009 -32"><span class='ocrx_word' id='word_1_159' title='bbox 189 2296 305 2348; x_wconf 78' lang='grc' dir='ltr'><strong>⁴τῶν</strong></span> <span class='ocrx_word' id='word_1_160' title='bbox 336 2297 650 2368; x_wconf 82' lang='grc' dir='ltr'>βασιλικῶν,</span> <span class='ocrx_word' id='word_1_161' title='bbox 691 2300 778 2354; x_wconf 82' lang='grc' dir='ltr'><strong>ἵνα</strong></span> <span class='ocrx_word' id='word_1_162' title='bbox 807 2299 990 2372; x_wconf 84' lang='grc' dir='ltr'>δειχθῇ</span> <span class='ocrx_word' id='word_1_163' title='bbox 1022 2301 1246 2367; x_wconf 86' lang='grc' dir='ltr'>δικαίως</span> <span class='ocrx_word' id='word_1_164' title='bbox 1283 2306 1311 2358; x_wconf 92' lang='lat'><strong>6</strong></span> <span class='ocrx_word' id='word_1_165' title='bbox 1337 2307 1571 2377; x_wconf 82' lang='grc' dir='ltr'>Χριστὸς</span> <span class='ocrx_word' id='word_1_166' title='bbox 1609 2307 1787 2379; x_wconf 82' lang='grc' dir='ltr'>ἱερεύς</span> 
     </span>
    </p>
   </div>
   <div class='ocr_carea' id='block_1_26' title="bbox 190 2389 1785 2470">
    <p class='ocr_par' dir='ltr' id='par_1_26' title="bbox 190 2389 1785 2470">
     <span class='ocr_line' id='line_1_26' title="bbox 190 2389 1785 2470; baseline 0.009 -30"><span class='ocrx_word' id='word_1_167' title='bbox 190 2405 252 2440; x_wconf 82' lang='grc' dir='ltr'><strong>τε</strong></span> <span class='ocrx_word' id='word_1_168' title='bbox 283 2389 376 2441; x_wconf 70' lang='grc' dir='ltr'><strong>καὶ</strong></span> <span class='ocrx_word' id='word_1_169' title='bbox 403 2389 656 2460; x_wconf 83' lang='grc' dir='ltr'>βασιλεὺς</span> <span class='ocrx_word' id='word_1_170' title='bbox 685 2393 1008 2462; x_wconf 70' lang='grc' dir='ltr'>γενόμενος·</span> <span class='ocrx_word' id='word_1_171' title='bbox 1040 2394 1229 2470; x_wconf 78' lang='grc' dir='ltr'>ὥσπερ</span> <span class='ocrx_word' id='word_1_172' title='bbox 1259 2398 1405 2463; x_wconf 85' lang='grc' dir='ltr'>τινὸς</span> <span class='ocrx_word' id='word_1_173' title='bbox 1436 2399 1785 2464; x_wconf 83' lang='grc' dir='ltr'>ἀπειθοῦντος</span> 
     </span>
    </p>
   </div>
   <div class='ocr_carea' id='block_1_27' title="bbox 189 2478 1785 2566">
    <p class='ocr_par' dir='ltr' id='par_1_27' title="bbox 189 2478 1785 2566">
     <span class='ocr_line' id='line_1_27' title="bbox 189 2478 1785 2566; baseline 0.01 -33"><span class='ocrx_word' id='word_1_174' title='bbox 189 2478 227 2551; x_wconf 78' lang='grc' dir='ltr'><strong>ἢ</strong></span> <span class='ocrx_word' id='word_1_175' title='bbox 267 2481 459 2554; x_wconf 77' lang='grc' dir='ltr'>ἑτέραν</span> <span class='ocrx_word' id='word_1_176' title='bbox 488 2483 785 2555; x_wconf 75' lang='grc' dir='ltr'>ἐσχηκότος</span> <span class='ocrx_word' id='word_1_177' title='bbox 818 2486 1028 2552; x_wconf 84' lang='grc' dir='ltr'>ἐλπίδα,</span> <span class='ocrx_word' id='word_1_178' title='bbox 1057 2489 1137 2542; x_wconf 84' lang='grc' dir='ltr'><strong>ὅτι</strong></span> <span class='ocrx_word' id='word_1_179' title='bbox 1172 2491 1200 2542; x_wconf 89' lang='lat'><strong>6</strong></span> <span class='ocrx_word' id='word_1_180' title='bbox 1233 2492 1468 2562; x_wconf 78' lang='grc' dir='ltr'>Χριστὸς</span> <span class='ocrx_word' id='word_1_181' title='bbox 1495 2494 1785 2566; x_wconf 84' lang='grc' dir='ltr'>ἀρχιερεύς</span> 
     </span>
    </p>
   </div>
   <div class='ocr_carea' id='block_1_28' title="bbox 192 2573 1785 2655">
    <p class='ocr_par' dir='ltr' id='par_1_28' title="bbox 192 2573 1785 2655">
     <span class='ocr_line' id='line_1_28' title="bbox 192 2573 1785 2655; baseline 0.009 -30"><span class='ocrx_word' id='word_1_182' title='bbox 192 2574 309 2626; x_wconf 80' lang='grc' dir='ltr'>ἐστι</span> <span class='ocrx_word' id='word_1_183' title='bbox 338 2573 570 2646; x_wconf 74' lang='grc' dir='ltr'>Πατρὸς,</span> <span class='ocrx_word' id='word_1_184' title='bbox 601 2575 702 2639; x_wconf 81' lang='grc' dir='ltr'>τὰς</span> <span class='ocrx_word' id='word_1_185' title='bbox 723 2577 998 2650; x_wconf 86' lang='grc' dir='ltr'>ἡμετέρας</span> <span class='ocrx_word' id='word_1_186' title='bbox 1031 2580 1168 2650; x_wconf 82' lang='grc' dir='ltr'>πρὸς</span> <span class='ocrx_word' id='word_1_187' title='bbox 1201 2581 1362 2635; x_wconf 81' lang='grc' dir='ltr'>αὐτὸν</span> <span class='ocrx_word' id='word_1_188' title='bbox 1398 2583 1560 2654; x_wconf 76' lang='grc' dir='ltr'>εὐχὰς</span> <span class='ocrx_word' id='word_1_189' title='bbox 1584 2586 1785 2655; x_wconf 84' lang='grc' dir='ltr'>ἀναφέ-</span> 
     </span>
    </p>
   </div>
   <div class='ocr_carea' id='block_1_29' title="bbox 198 2665 1783 2748">
    <p class='ocr_par' dir='ltr' id='par_1_29' title="bbox 198 2665 1783 2748">
     <span class='ocr_line' id='line_1_29' title="bbox 198 2665 1783 2748; baseline 0.009 -31"><span class='ocrx_word' id='word_1_190' title='bbox 198 2680 327 2727; x_wconf 75' lang='grc' dir='ltr'>οων,</span> <span class='ocrx_word' id='word_1_191' title='bbox 363 2666 456 2719; x_wconf 71' lang='grc' dir='ltr'><strong>καὶ</strong></span> <span class='ocrx_word' id='word_1_192' title='bbox 487 2665 744 2736; x_wconf 84' lang='grc' dir='ltr'>βασιλεὺς</span> <span class='ocrx_word' id='word_1_193' title='bbox 779 2667 1170 2742; x_wconf 77' lang='grc' dir='ltr'>ὖπερκόσμιος,</span> <span class='ocrx_word' id='word_1_194' title='bbox 1206 2671 1300 2736; x_wconf 77' lang='grc' dir='ltr'><strong>οὓς</strong></span> <span class='ocrx_word' id='word_1_195' title='bbox 1320 2672 1663 2748; x_wconf 80' lang='grc' dir='ltr'>ἠλευθέρωσε</span> <span class='ocrx_word' id='word_1_196' title='bbox 1698 2677 1783 2731; x_wconf 90' lang='grc' dir='ltr'>νέ-</span> 
     </span>
    </p>
   </div>
   <div class='ocr_carea' id='block_1_30' title="bbox 195 2755 1781 2838">
    <p class='ocr_par' dir='ltr' id='par_1_30' title="bbox 195 2755 1781 2838">
     <span class='ocr_line' id='line_1_30' title="bbox 195 2755 1781 2838; baseline 0.009 -32"><span class='ocrx_word' id='word_1_197' title='bbox 195 2771 314 2827; x_wconf 79' lang='grc' dir='ltr'><strong>μων</strong></span> <span class='ocrx_word' id='word_1_198' title='bbox 340 2755 418 2826; x_wconf 78' lang='grc' dir='ltr'><strong>τῷ</strong></span> <span class='ocrx_word' id='word_1_199' title='bbox 444 2757 742 2828; x_wconf 84' lang='grc' dir='ltr'>Πνεύματι,</span> <span class='ocrx_word' id='word_1_200' title='bbox 767 2761 1026 2831; x_wconf 81' lang='grc' dir='ltr'>συνεργὸς</span> <span class='ocrx_word' id='word_1_201' title='bbox 1051 2762 1130 2826; x_wconf 78' lang='grc' dir='ltr'>εἰς</span> <span class='ocrx_word' id='word_1_202' title='bbox 1160 2762 1256 2835; x_wconf 79' lang='grc' dir='ltr'><strong>τὴν</strong></span> <span class='ocrx_word' id='word_1_203' title='bbox 1283 2764 1642 2838; x_wconf 83' lang='grc' dir='ltr'>διακόσμησιν</span> <span class='ocrx_word' id='word_1_204' title='bbox 1672 2768 1781 2821; x_wconf 91' lang='grc' dir='ltr'><strong>τῶν</strong></span> 
     </span>
    </p>
   </div>
   <div class='ocr_carea' id='block_1_31' title="bbox 189 2845 1783 2932">
    <p class='ocr_par' dir='ltr' id='par_1_31' title="bbox 189 2845 1783 2932">
     <span class='ocr_line' id='line_1_31' title="bbox 189 2845 1783 2932; baseline 0.008 -31"><span class='ocrx_word' id='word_1_205' title='bbox 189 2845 328 2902; x_wconf 71' lang='grc' dir='ltr'>ὅλων</span> <span class='ocrx_word' id='word_1_206' title='bbox 369 2849 682 2921; x_wconf 87' lang='grc' dir='ltr'>γενόμενος.</span> <span class='ocrx_word' id='word_1_207' title='bbox 722 2852 836 2906; x_wconf 74' lang='grc' dir='ltr'><strong>Καὶ</strong></span> <span class='ocrx_word' id='word_1_208' title='bbox 880 2853 1039 2907; x_wconf 88' lang='grc' dir='ltr'>τοῦτο</span> <span class='ocrx_word' id='word_1_209' title='bbox 1078 2856 1209 2926; x_wconf 83' lang='grc' dir='ltr'>ἡμῖν</span> <span class='ocrx_word' id='word_1_210' title='bbox 1243 2859 1638 2929; x_wconf 82' lang='grc' dir='ltr'>προσήγγειλεν</span> <span class='ocrx_word' id='word_1_211' title='bbox 1683 2861 1783 2932; x_wconf 81' lang='grc' dir='ltr'>οὐχ</span> 
     </span>
    </p>
   </div>
   <div class='ocr_carea' id='block_1_32' title="bbox 188 2941 1780 3020">
    <p class='ocr_par' dir='ltr' id='par_1_32' title="bbox 188 2941 1780 3020">
     <span class='ocr_line' id='line_1_32' title="bbox 188 2941 1780 3020; baseline 0.008 -28"><span class='ocrx_word' id='word_1_212' title='bbox 188 2941 220 2992; x_wconf 87' lang='lat'><strong>6</strong></span> <span class='ocrx_word' id='word_1_213' title='bbox 241 2941 538 3011; x_wconf 86' lang='grc' dir='ltr'>κατάλογος</span> <span class='ocrx_word' id='word_1_214' title='bbox 566 2941 676 2996; x_wconf 90' lang='grc' dir='ltr'><strong>τῶν</strong></span> <span class='ocrx_word' id='word_1_215' title='bbox 704 2943 906 3013; x_wconf 81' lang='grc' dir='ltr'>φυλῶν,</span> <span class='ocrx_word' id='word_1_216' title='bbox 927 2945 1024 3016; x_wconf 80' lang='grc' dir='ltr'>οὐχ</span> <span class='ocrx_word' id='word_1_217' title='bbox 1051 2947 1083 3017; x_wconf 79' lang='grc' dir='ltr'>ἡ</span> <span class='ocrx_word' id='word_1_218' title='bbox 1123 2946 1267 3017; x_wconf 81' lang='grc' dir='ltr'>μίξις</span> <span class='ocrx_word' id='word_1_219' title='bbox 1287 2946 1396 3001; x_wconf 88' lang='grc' dir='ltr'><strong>τῶν</strong></span> <span class='ocrx_word' id='word_1_220' title='bbox 1416 2949 1780 3020; x_wconf 84' lang='grc' dir='ltr'>ἀναγράπτων</span> 
     </span>
    </p>
   </div>
   <div class='ocr_carea' id='block_1_33' title="bbox 187 3033 1780 3110">
    <p class='ocr_par' dir='ltr' id='par_1_33' title="bbox 187 3033 1780 3110">
     <span class='ocr_line' id='line_1_33' title="bbox 187 3033 1780 3110; baseline 0.004 -24"><span class='ocrx_word' id='word_1_221' title='bbox 187 3033 383 3100; x_wconf 71' lang='grc' dir='ltr'>γενῶν,</span> <span class='ocrx_word' id='word_1_222' title='bbox 410 3034 547 3088; x_wconf 84' lang='grc' dir='ltr'><strong>ἀλλά</strong></span> <span class='ocrx_word' id='word_1_223' title='bbox 572 3034 908 3108; x_wconf 81' lang='grc' dir='ltr'>πατριάρχαι</span> <span class='ocrx_word' id='word_1_224' title='bbox 941 3037 1036 3090; x_wconf 78' lang='grc' dir='ltr'><strong>καὶ</strong></span> <span class='ocrx_word' id='word_1_225' title='bbox 1065 3037 1359 3109; x_wconf 77' lang='grc' dir='ltr'>προφῆται.</span> <span class='ocrx_word' id='word_1_226' title='bbox 1393 3039 1484 3110; x_wconf 85' lang='grc' dir='ltr'><strong>Μὴ</strong></span> <span class='ocrx_word' id='word_1_227' title='bbox 1518 3036 1611 3093; x_wconf 83' lang='grc' dir='ltr'><strong>οῦν</strong></span> <span class='ocrx_word' id='word_1_228' title='bbox 1647 3058 1780 3093; x_wconf 88' lang='grc' dir='ltr'>κατ-</span> 
     </span>
    </p>
   </div>
   <div class='ocr_carea' id='block_1_34' title="bbox 1912 509 3496 584">
    <p class='ocr_par' dir='ltr' id='par_1_34' title="bbox 1912 509 3496 584">
     <span class='ocr_line' id='line_1_34' title="bbox 1912 509 3496 584; baseline 0.003 -20"><span class='ocrx_word' id='word_1_229' title='bbox 1912 519 2206 566; x_wconf 80' lang='lat' dir='ltr'><strong>venturum</strong></span> <span class='ocrx_word' id='word_1_230' title='bbox 2235 518 2497 566; x_wconf 88' lang='lat' dir='ltr'><strong>eventura</strong></span> <span class='ocrx_word' id='word_1_231' title='bbox 2516 520 2655 567; x_wconf 86' lang='lat' dir='ltr'><strong>erat.</strong></span> <span class='ocrx_word' id='word_1_232' title='bbox 2688 509 2759 565; x_wconf 76' lang='lat' dir='ltr'><strong>At</strong></span> <span class='ocrx_word' id='word_1_233' title='bbox 2781 511 2872 566; x_wconf 90' lang='lat' dir='ltr'><strong>ille</strong></span> <span class='ocrx_word' id='word_1_234' title='bbox 2893 510 2950 566; x_wconf 89' lang='lat' dir='ltr'><strong>in</strong></span> <span class='ocrx_word' id='word_1_235' title='bbox 2980 509 3090 567; x_wconf 90' lang='lat' dir='ltr'><strong>Deo</strong></span> <span class='ocrx_word' id='word_1_236' title='bbox 3117 523 3496 584; x_wconf 75' lang='lat' dir='ltr'><strong>regeneratus.</strong></span> 
     </span>
    </p>
   </div>
   <div class='ocr_carea' id='block_1_35' title="bbox 1924 601 3496 672">
    <p class='ocr_par' dir='ltr' id='par_1_35' title="bbox 1924 601 3496 672">
     <span class='ocr_line' id='line_1_35' title="bbox 1924 601 3496 672; baseline 0.002 -17"><span class='ocrx_word' id='word_1_237' title='bbox 1924 603 2062 657; x_wconf 91' lang='lat' dir='ltr'><strong>alios</strong></span> <span class='ocrx_word' id='word_1_238' title='bbox 2095 602 2202 658; x_wconf 85' lang='lat' dir='ltr'><strong>sibi</strong></span> <span class='ocrx_word' id='word_1_239' title='bbox 2234 610 2420 672; x_wconf 80' lang='lat' dir='ltr'><strong>patres</strong></span> <span class='ocrx_word' id='word_1_240' title='bbox 2449 602 2751 658; x_wconf 90' lang='lat' dir='ltr'><strong>secundum</strong></span> <span class='ocrx_word' id='word_1_241' title='bbox 2786 601 2956 657; x_wconf 92' lang='lat' dir='ltr'><strong>Deum</strong></span> <span class='ocrx_word' id='word_1_242' title='bbox 2985 603 3318 668; x_wconf 89' lang='lat' dir='ltr'><strong>inscribens,</strong></span> <span class='ocrx_word' id='word_1_243' title='bbox 3349 604 3496 658; x_wconf 86' lang='lat' dir='ltr'><strong>haud</strong></span> 
     </span>
    </p>
   </div>
   <div class='ocr_carea' id='block_1_36' title="bbox 1910 694 3495 766">
    <p class='ocr_par' dir='ltr' id='par_1_36' title="bbox 1910 694 3495 766">
     <span class='ocr_line' id='line_1_36' title="bbox 1910 694 3495 766; baseline 0.001 -18"><span class='ocrx_word' id='word_1_244' title='bbox 1910 694 2163 765; x_wconf 86' lang='lat' dir='ltr'><strong>equidem</strong></span> <span class='ocrx_word' id='word_1_245' title='bbox 2197 708 2354 750; x_wconf 91' lang='lat' dir='ltr'><strong>veros</strong></span> <span class='ocrx_word' id='word_1_246' title='bbox 2384 702 2607 765; x_wconf 78' lang='lat' dir='ltr'><strong>patres,</strong></span> <span class='ocrx_word' id='word_1_247' title='bbox 2643 695 2741 750; x_wconf 90' lang='lat' dir='ltr'><strong>sed</strong></span> <span class='ocrx_word' id='word_1_248' title='bbox 2767 695 2842 749; x_wconf 87' lang='lat' dir='ltr'><strong>ita</strong></span> <span class='ocrx_word' id='word_1_249' title='bbox 2866 703 3087 766; x_wconf 87' lang='lat' dir='ltr'><strong>putatos</strong></span> <span class='ocrx_word' id='word_1_250' title='bbox 3128 706 3351 766; x_wconf 90' lang='lat' dir='ltr'><strong>propter</strong></span> <span class='ocrx_word' id='word_1_251' title='bbox 3376 711 3495 750; x_wconf 83' lang='lat' dir='ltr'><strong>mo-</strong></span> 
     </span>
    </p>
   </div>
   <div class='ocr_carea' id='block_1_37' title="bbox 1910 787 3494 860">
    <p class='ocr_par' dir='ltr' id='par_1_37' title="bbox 1910 787 3494 860">
     <span class='ocr_line' id='line_1_37' title="bbox 1910 787 3494 860; baseline 0.003 -20"><span class='ocrx_word' id='word_1_252' title='bbox 1910 803 2032 841; x_wconf 92' lang='lat' dir='ltr'><strong>rum</strong></span> <span class='ocrx_word' id='word_1_253' title='bbox 2069 787 2510 852; x_wconf 79' lang='lat' dir='ltr'><strong>similitudinem,</strong></span> <span class='ocrx_word' id='word_1_254' title='bbox 2547 787 2614 841; x_wconf 88' lang='lat' dir='ltr'><strong>ad</strong></span> <span class='ocrx_word' id='word_1_255' title='bbox 2647 802 2836 842; x_wconf 88' lang='lat' dir='ltr'><strong>verum</strong></span> <span class='ocrx_word' id='word_1_256' title='bbox 2866 787 3086 844; x_wconf 85' lang='lat' dir='ltr'><strong>Patrem</strong></span> <span class='ocrx_word' id='word_1_257' title='bbox 3134 797 3259 860; x_wconf 91' lang='lat' dir='ltr'><strong>post</strong></span> <span class='ocrx_word' id='word_1_258' title='bbox 3301 803 3494 844; x_wconf 84' lang='lat' dir='ltr'><strong>omnes</strong></span> 
     </span>
    </p>
   </div>
   <div class='ocr_carea' id='block_1_38' title="bbox 1909 876 3493 950">
    <p class='ocr_par' dir='ltr' id='par_1_38' title="bbox 1909 876 3493 950">
     <span class='ocr_line' id='line_1_38' title="bbox 1909 876 3493 950; baseline 0.001 -18"><span class='ocrx_word' id='word_1_259' title='bbox 1909 893 2131 933; x_wconf 88' lang='lat' dir='ltr'><strong>sursum</strong></span> <span class='ocrx_word' id='word_1_260' title='bbox 2164 877 2363 944; x_wconf 86' lang='lat' dir='ltr'><strong>tendit,</strong></span> <span class='ocrx_word' id='word_1_261' title='bbox 2392 876 2566 933; x_wconf 89' lang='lat' dir='ltr'><strong>Filius</strong></span> <span class='ocrx_word' id='word_1_262' title='bbox 2609 876 2704 931; x_wconf 90' lang='lat' dir='ltr'><strong>Dei</strong></span> <span class='ocrx_word' id='word_1_263' title='bbox 2755 879 3049 936; x_wconf 82' lang='lat' dir='ltr'><strong>exsisteus.</strong></span> <span class='ocrx_word' id='word_1_264' title='bbox 3082 879 3262 950; x_wconf 83' lang='lat' dir='ltr'><strong>Atque</strong></span> <span class='ocrx_word' id='word_1_265' title='bbox 3304 880 3493 935; x_wconf 82' lang='lat' dir='ltr'><strong>hacte-</strong></span> 
     </span>
    </p>
   </div>
   <div class='ocr_carea' id='block_1_39' title="bbox 1908 971 3492 1029">
    <p class='ocr_par' dir='ltr' id='par_1_39' title="bbox 1908 971 3492 1029">
     <span class='ocr_line' id='line_1_39' title="bbox 1908 971 3492 1029; baseline 0.003 -5"><span class='ocrx_word' id='word_1_266' title='bbox 1908 987 2016 1026; x_wconf 87' lang='lat' dir='ltr'><strong>nus</strong></span> <span class='ocrx_word' id='word_1_267' title='bbox 2052 971 2121 1026; x_wconf 91' lang='lat' dir='ltr'><strong>de</strong></span> <span class='ocrx_word' id='word_1_268' title='bbox 2147 985 2352 1026; x_wconf 88' lang='lat' dir='ltr'><strong>arcano</strong></span> <span class='ocrx_word' id='word_1_269' title='bbox 2385 986 2416 1026; x_wconf 91' lang='lat' dir='ltr'><strong>a</strong></span> <span class='ocrx_word' id='word_1_270' title='bbox 2446 971 2608 1026; x_wconf 90' lang='lat' dir='ltr'><strong>nobis</strong></span> <span class='ocrx_word' id='word_1_271' title='bbox 2641 985 2810 1027; x_wconf 89' lang='lat' dir='ltr'><strong>sensu</strong></span> <span class='ocrx_word' id='word_1_272' title='bbox 2843 971 3054 1026; x_wconf 93' lang='lat' dir='ltr'><strong>dictum</strong></span> <span class='ocrx_word' id='word_1_273' title='bbox 3085 973 3178 1029; x_wconf 92' lang='lat' dir='ltr'><strong>sit.</strong></span> <span class='ocrx_word' id='word_1_274' title='bbox 3223 972 3306 1029; x_wconf 84' lang='lat' dir='ltr'><strong>Ne</strong></span> <span class='ocrx_word' id='word_1_275' title='bbox 3358 988 3492 1028; x_wconf 84' lang='lat' dir='ltr'><strong>vero</strong></span> 
     </span>
    </p>
   </div>
   <div class='ocr_carea' id='block_1_40' title="bbox 1907 1063 3490 1135">
    <p class='ocr_par' dir='ltr' id='par_1_40' title="bbox 1907 1063 3490 1135">
     <span class='ocr_line' id='line_1_40' title="bbox 1907 1063 3490 1135; baseline 0.003 -19"><span class='ocrx_word' id='word_1_276' title='bbox 1907 1078 2008 1118; x_wconf 84' lang='lat' dir='ltr'><strong>nos</strong></span> <span class='ocrx_word' id='word_1_277' title='bbox 2040 1064 2330 1135; x_wconf 80' lang='lat' dir='ltr'><strong>quisquam</strong></span> <span class='ocrx_word' id='word_1_278' title='bbox 2374 1063 2492 1118; x_wconf 61' lang='lat' dir='ltr'><strong>huic</strong></span> <span class='ocrx_word' id='word_1_279' title='bbox 2518 1063 2742 1133; x_wconf 88' lang='lat' dir='ltr'><strong>proprio</strong></span> <span class='ocrx_word' id='word_1_280' title='bbox 2791 1063 3014 1132; x_wconf 86' lang='lat' dir='ltr'><strong>ingenio</strong></span> <span class='ocrx_word' id='word_1_281' title='bbox 3043 1066 3355 1135; x_wconf 80' lang='lat' dir='ltr'><strong>excogitare</strong></span> <span class='ocrx_word' id='word_1_282' title='bbox 3386 1082 3490 1135; x_wconf 84' lang='lat' dir='ltr'><strong>pu-</strong></span> 
     </span>
    </p>
   </div>
   <div class='ocr_carea' id='block_1_41' title="bbox 1906 1155 3488 1229">
    <p class='ocr_par' dir='ltr' id='par_1_41' title="bbox 1906 1155 3488 1229">
     <span class='ocr_line' id='line_1_41' title="bbox 1906 1155 3488 1229; baseline 0.003 -20"><span class='ocrx_word' id='word_1_283' title='bbox 1906 1162 2006 1220; x_wconf 88' lang='lat' dir='ltr'><strong>tet,</strong></span> <span class='ocrx_word' id='word_1_284' title='bbox 2038 1156 2480 1228; x_wconf 86' lang='lat' dir='ltr'><strong>antiquissimam</strong></span> <span class='ocrx_word' id='word_1_285' title='bbox 2514 1155 2801 1211; x_wconf 84' lang='lat' dir='ltr'><strong>historiam</strong></span> <span class='ocrx_word' id='word_1_286' title='bbox 2827 1155 3124 1227; x_wconf 84' lang='lat' dir='ltr'><strong>proferam,</strong></span> <span class='ocrx_word' id='word_1_287' title='bbox 3149 1157 3294 1228; x_wconf 89' lang='lat' dir='ltr'><strong>apud</strong></span> <span class='ocrx_word' id='word_1_288' title='bbox 3321 1174 3488 1229; x_wconf 89' lang='lat' dir='ltr'><strong>quam</strong></span> 
     </span>
    </p>
   </div>
   <div class='ocr_carea' id='block_1_42' title="bbox 1904 1247 3488 1318">
    <p class='ocr_par' dir='ltr' id='par_1_42' title="bbox 1904 1247 3488 1318">
     <span class='ocr_line' id='line_1_42' title="bbox 1904 1247 3488 1318; baseline 0.002 -15"><span class='ocrx_word' id='word_1_289' title='bbox 1904 1249 2213 1318; x_wconf 89' lang='lat' dir='ltr'><strong>comperire</strong></span> <span class='ocrx_word' id='word_1_290' title='bbox 2261 1255 2347 1303; x_wconf 90' lang='lat' dir='ltr'><strong>est</strong></span> <span class='ocrx_word' id='word_1_291' title='bbox 2376 1247 2712 1303; x_wconf 88' lang='lat' dir='ltr'><strong>solutionem-</strong></span> <span class='ocrx_word' id='word_1_292' title='bbox 2741 1254 2944 1318; x_wconf 79' lang='lat' dir='ltr'><strong>putatae</strong></span> <span class='ocrx_word' id='word_1_293' title='bbox 2977 1249 3122 1303; x_wconf 89' lang='lat' dir='ltr'><strong>inter</strong></span> <span class='ocrx_word' id='word_1_294' title='bbox 3149 1250 3290 1306; x_wconf 91' lang='lat' dir='ltr'><strong>duos</strong></span> <span class='ocrx_word' id='word_1_295' title='bbox 3321 1265 3488 1306; x_wconf 59' lang='lat' dir='ltr'><strong>evan-</strong></span> 
     </span>
    </p>
   </div>
   <div class='ocr_carea' id='block_1_43' title="bbox 1907 1337 3489 1410">
    <p class='ocr_par' dir='ltr' id='par_1_43' title="bbox 1907 1337 3489 1410">
     <span class='ocr_line' id='line_1_43' title="bbox 1907 1337 3489 1410; baseline 0.001 -15"><span class='ocrx_word' id='word_1_296' title='bbox 1907 1340 2134 1410; x_wconf 83' lang='lat' dir='ltr'><strong>gelistas</strong></span> <span class='ocrx_word' id='word_1_297' title='bbox 2166 1338 2542 1394; x_wconf 84' lang='lat' dir='ltr'><strong>dissonantiae.</strong></span> <span class='ocrx_word' id='word_1_298' title='bbox 2588 1337 2842 1394; x_wconf 80' lang='lat' dir='ltr'><strong>Historiae</strong></span> <span class='ocrx_word' id='word_1_299' title='bbox 2885 1339 3050 1409; x_wconf 88' lang='lat' dir='ltr'><strong>hujus</strong></span> <span class='ocrx_word' id='word_1_300' title='bbox 3100 1349 3294 1396; x_wconf 89' lang='lat' dir='ltr'><strong>auctor</strong></span> <span class='ocrx_word' id='word_1_301' title='bbox 3339 1341 3489 1398; x_wconf 79' lang='lat' dir='ltr'><strong>Afri-</strong></span> 
     </span>
    </p>
   </div>
   <div class='ocr_carea' id='block_1_44' title="bbox 1901 1431 3484 1500">
    <p class='ocr_par' dir='ltr' id='par_1_44' title="bbox 1901 1431 3484 1500">
     <span class='ocr_line' id='line_1_44' title="bbox 1901 1431 3484 1500; baseline 0.004 -14"><span class='ocrx_word' id='word_1_302' title='bbox 1901 1448 2076 1488; x_wconf 88' lang='lat' dir='ltr'><strong>canus</strong></span> <span class='ocrx_word' id='word_1_303' title='bbox 2095 1442 2200 1500; x_wconf 87' lang='lat' dir='ltr'><strong>est,</strong></span> <span class='ocrx_word' id='word_1_304' title='bbox 2247 1433 2333 1486; x_wconf 87' lang='lat' dir='ltr'><strong>vir</strong></span> <span class='ocrx_word' id='word_1_305' title='bbox 2377 1432 2650 1495; x_wconf 87' lang='lat' dir='ltr'><strong>eruditus,</strong></span> <span class='ocrx_word' id='word_1_306' title='bbox 2699 1438 2753 1486; x_wconf 90' lang='lat' dir='ltr'><strong>et</strong></span> <span class='ocrx_word' id='word_1_307' title='bbox 2815 1431 2962 1487; x_wconf 90' lang='lat' dir='ltr'><strong>inter</strong></span> <span class='ocrx_word' id='word_1_308' title='bbox 3017 1440 3205 1488; x_wconf 85' lang='lat' dir='ltr'><strong>extera</strong></span> <span class='ocrx_word' id='word_1_309' title='bbox 3234 1434 3484 1492; x_wconf 82' lang='lat' dir='ltr'><strong>doctrina</strong></span> 
     </span>
    </p>
   </div>
   <div class='ocr_carea' id='block_1_45' title="bbox 1902 1525 3486 1594">
    <p class='ocr_par' dir='ltr' id='par_1_45' title="bbox 1902 1525 3486 1594">
     <span class='ocr_line' id='line_1_45' title="bbox 1902 1525 3486 1594; baseline 0.001 -14"><span class='ocrx_word' id='word_1_310' title='bbox 1902 1525 2142 1582; x_wconf 90' lang='lat' dir='ltr'><strong>imbutos</strong></span> <span class='ocrx_word' id='word_1_311' title='bbox 2197 1525 2467 1590; x_wconf 85' lang='lat' dir='ltr'><strong>illustris,</strong></span> <span class='ocrx_word' id='word_1_312' title='bbox 2515 1525 2674 1594; x_wconf 88' lang='lat' dir='ltr'><strong>cujus</strong></span> <span class='ocrx_word' id='word_1_313' title='bbox 2722 1533 2922 1594; x_wconf 67' lang='lat' dir='ltr'><strong>praeter</strong></span> <span class='ocrx_word' id='word_1_314' title='bbox 2979 1536 3209 1581; x_wconf 73' lang='lat' dir='ltr'><strong>caeteros</strong></span> <span class='ocrx_word' id='word_1_315' title='bbox 3283 1527 3486 1583; x_wconf 81' lang='lat' dir='ltr'><strong>multos</strong></span> 
     </span>
    </p>
   </div>
   <div class='ocr_carea' id='block_1_46' title="bbox 1899 1614 3484 1689">
    <p class='ocr_par' dir='ltr' id='par_1_46' title="bbox 1899 1614 3484 1689">
     <span class='ocr_line' id='line_1_46' title="bbox 1899 1614 3484 1689; baseline 0 -17"><span class='ocrx_word' id='word_1_316' title='bbox 1899 1619 2148 1689; x_wconf 85' lang='lat' dir='ltr'><strong>egregios</strong></span> <span class='ocrx_word' id='word_1_317' title='bbox 2175 1617 2369 1683; x_wconf 85' lang='lat' dir='ltr'><strong>libros,</strong></span> <span class='ocrx_word' id='word_1_318' title='bbox 2406 1617 2637 1687; x_wconf 90' lang='lat' dir='ltr'><strong>epistola</strong></span> <span class='ocrx_word' id='word_1_319' title='bbox 2665 1629 2884 1686; x_wconf 87' lang='lat' dir='ltr'><strong>quoque</strong></span> <span class='ocrx_word' id='word_1_320' title='bbox 2915 1614 3150 1672; x_wconf 90' lang='lat' dir='ltr'><strong>habetur</strong></span> <span class='ocrx_word' id='word_1_321' title='bbox 3188 1616 3255 1670; x_wconf 87' lang='lat' dir='ltr'><strong>ad</strong></span> <span class='ocrx_word' id='word_1_322' title='bbox 3281 1616 3484 1673; x_wconf 87' lang='lat' dir='ltr'><strong>Aristi-</strong></span> 
     </span>
    </p>
   </div>
   <div class='ocr_carea' id='block_1_47' title="bbox 1855 1707 3486 1781">
    <p class='ocr_par' dir='ltr' id='par_1_47' title="bbox 1855 1707 3486 1781">
     <span class='ocr_line' id='line_1_47' title="bbox 1855 1707 3486 1781; baseline 0.004 -22"><span class='ocrx_word' id='word_1_323' title='bbox 1855 1755 1858 1759; x_wconf 89' lang='lat'><strong>.</strong></span> <span class='ocrx_word' id='word_1_324' title='bbox 1899 1710 2022 1764; x_wconf 86' lang='lat' dir='ltr'><strong>dem</strong></span> <span class='ocrx_word' id='word_1_325' title='bbox 2057 1709 2125 1766; x_wconf 93' lang='lat' dir='ltr'><strong>de</strong></span> <span class='ocrx_word' id='word_1_326' title='bbox 2154 1718 2338 1781; x_wconf 88' lang='lat' dir='ltr'><strong>putata</strong></span> <span class='ocrx_word' id='word_1_327' title='bbox 2362 1710 2821 1777; x_wconf 83' lang='lat' dir='ltr'><strong>evangelistarum</strong></span> <span class='ocrx_word' id='word_1_328' title='bbox 2853 1711 3002 1764; x_wconf 89' lang='lat' dir='ltr'><strong>circa</strong></span> <span class='ocrx_word' id='word_1_329' title='bbox 3043 1707 3251 1766; x_wconf 89' lang='lat' dir='ltr'><strong>Christi</strong></span> <span class='ocrx_word' id='word_1_330' title='bbox 3282 1725 3486 1780; x_wconf 85' lang='lat' dir='ltr'><strong>genea-</strong></span> 
     </span>
    </p>
   </div>
   <div class='ocr_carea' id='block_1_48' title="bbox 1829 1801 3066 1874">
    <p class='ocr_par' dir='ltr' id='par_1_48' title="bbox 1829 1801 3066 1874">
     <span class='ocr_line' id='line_1_48' title="bbox 1829 1801 3066 1874; baseline 0.001 -19"><span class='ocrx_word' id='word_1_331' title='bbox 1829 1807 1872 1862; x_wconf 83' lang='lat' dir='ltr'><strong><em>B</em></strong></span> <span class='ocrx_word' id='word_1_332' title='bbox 1903 1802 2102 1874; x_wconf 87' lang='lat' dir='ltr'><strong>logiam</strong></span> <span class='ocrx_word' id='word_1_333' title='bbox 2131 1802 2496 1870; x_wconf 89' lang='lat' dir='ltr'><strong>dissonantia,</strong></span> <span class='ocrx_word' id='word_1_334' title='bbox 2531 1817 2653 1871; x_wconf 87' lang='lat' dir='ltr'><strong>quae</strong></span> <span class='ocrx_word' id='word_1_335' title='bbox 2681 1803 2756 1855; x_wconf 91' lang='lat' dir='ltr'><strong>ita</strong></span> <span class='ocrx_word' id='word_1_336' title='bbox 2788 1817 2848 1857; x_wconf 91' lang='lat' dir='ltr'><strong>se</strong></span> <span class='ocrx_word' id='word_1_337' title='bbox 2880 1801 3066 1856; x_wconf 88' lang='lat' dir='ltr'><strong>habet.</strong></span> 
     </span>
    </p>
   </div>
   <div class='ocr_carea' id='block_1_49' title="bbox 2517 1914 2864 1970">
    <p class='ocr_par' dir='ltr' id='par_1_49' title="bbox 2517 1914 2864 1970">
     <span class='ocr_line' id='line_1_49' title="bbox 2517 1914 2864 1970; baseline 0 -1"><span class='ocrx_word' id='word_1_338' title='bbox 2517 1914 2817 1970; x_wconf 80' lang='lat' dir='ltr'><strong>AFRICAN</strong></span> <span class='ocrx_word' id='word_1_339' title='bbox 2825 1914 2864 1969; x_wconf 89' lang='grc'>1.</span> 
     </span>
    </p>
   </div>
   <div class='ocr_carea' id='block_1_50' title="bbox 1967 2028 3477 2100">
    <p class='ocr_par' dir='ltr' id='par_1_50' title="bbox 1967 2028 3477 2100">
     <span class='ocr_line' id='line_1_50' title="bbox 1967 2028 3477 2100; baseline 0.001 -16"><span class='ocrx_word' id='word_1_340' title='bbox 1967 2030 2020 2084; x_wconf 91' lang='lat'><strong>8.</strong></span> <span class='ocrx_word' id='word_1_341' title='bbox 2043 2028 2200 2084; x_wconf 83' lang='lat' dir='ltr'><strong>Haud</strong></span> <span class='ocrx_word' id='word_1_342' title='bbox 2247 2036 2501 2084; x_wconf 86' lang='lat' dir='ltr'><strong>accurate</strong></span> <span class='ocrx_word' id='word_1_343' title='bbox 2530 2029 2749 2100; x_wconf 83' lang='lat' dir='ltr'><strong>quidam</strong></span> <span class='ocrx_word' id='word_1_344' title='bbox 2792 2030 2967 2093; x_wconf 91' lang='lat' dir='ltr'><strong>aiunt,</strong></span> <span class='ocrx_word' id='word_1_345' title='bbox 3000 2029 3226 2098; x_wconf 82' lang='lat' dir='ltr'><strong>provide</strong></span> <span class='ocrx_word' id='word_1_346' title='bbox 3278 2028 3477 2085; x_wconf 86' lang='lat' dir='ltr'><strong>factam</strong></span> 
     </span>
    </p>
   </div>
   <div class='ocr_carea' id='block_1_51' title="bbox 1897 2121 3479 2182">
    <p class='ocr_par' dir='ltr' id='par_1_51' title="bbox 1897 2121 3479 2182">
     <span class='ocr_line' id='line_1_51' title="bbox 1897 2121 3479 2182; baseline 0.001 -8"><span class='ocrx_word' id='word_1_347' title='bbox 1897 2136 2019 2176; x_wconf 89' lang='lat' dir='ltr'><strong>esse</strong></span> <span class='ocrx_word' id='word_1_348' title='bbox 2049 2121 2390 2176; x_wconf 69' lang='lat' dir='ltr'><strong>diﬂ‘erentem</strong></span> <span class='ocrx_word' id='word_1_349' title='bbox 2430 2121 2571 2174; x_wconf 90' lang='lat' dir='ltr'><strong>hanc</strong></span> <span class='ocrx_word' id='word_1_350' title='bbox 2616 2121 2898 2182; x_wconf 85' lang='lat' dir='ltr'><strong>nominum</strong></span> <span class='ocrx_word' id='word_1_351' title='bbox 2931 2121 3395 2176; x_wconf 89' lang='lat' dir='ltr'><strong>enumerationem</strong></span> <span class='ocrx_word' id='word_1_352' title='bbox 3425 2130 3479 2176; x_wconf 93' lang='lat' dir='ltr'><strong>et</strong></span> 
     </span>
    </p>
   </div>
   <div class='ocr_carea' id='block_1_52' title="bbox 1897 2213 3476 2285">
    <p class='ocr_par' dir='ltr' id='par_1_52' title="bbox 1897 2213 3476 2285">
     <span class='ocr_line' id='line_1_52' title="bbox 1897 2213 3476 2285; baseline 0.001 -19"><span class='ocrx_word' id='word_1_353' title='bbox 1897 2213 2308 2282; x_wconf 88' lang='lat' dir='ltr'><strong>permistionem</strong></span> <span class='ocrx_word' id='word_1_354' title='bbox 2328 2213 2774 2277; x_wconf 86' lang='lat' dir='ltr'><strong>sacerdotalium,</strong></span> <span class='ocrx_word' id='word_1_355' title='bbox 2809 2220 2868 2266; x_wconf 90' lang='lat' dir='ltr'><strong>ut</strong></span> <span class='ocrx_word' id='word_1_356' title='bbox 2885 2220 3098 2282; x_wconf 89' lang='lat' dir='ltr'><strong>putant,</strong></span> <span class='ocrx_word' id='word_1_357' title='bbox 3119 2221 3173 2267; x_wconf 89' lang='lat' dir='ltr'><strong>et</strong></span> <span class='ocrx_word' id='word_1_358' title='bbox 3203 2213 3476 2285; x_wconf 86' lang='lat' dir='ltr'><strong>regalium</strong></span> 
     </span>
    </p>
   </div>
   <div class='ocr_carea' id='block_1_53' title="bbox 1894 2301 3476 2366">
    <p class='ocr_par' dir='ltr' id='par_1_53' title="bbox 1894 2301 3476 2366">
     <span class='ocr_line' id='line_1_53' title="bbox 1894 2301 3476 2366; baseline 0.004 -13"><span class='ocrx_word' id='word_1_359' title='bbox 1894 2301 2160 2366; x_wconf 88' lang='lat' dir='ltr'><strong>virorum,</strong></span> <span class='ocrx_word' id='word_1_360' title='bbox 2187 2309 2248 2356; x_wconf 92' lang='lat' dir='ltr'><strong>ut</strong></span> <span class='ocrx_word' id='word_1_361' title='bbox 2275 2302 2659 2356; x_wconf 85' lang='lat' dir='ltr'><strong>ostenderetur</strong></span> <span class='ocrx_word' id='word_1_362' title='bbox 2686 2303 2885 2358; x_wconf 86' lang='lat' dir='ltr'><strong>merito</strong></span> <span class='ocrx_word' id='word_1_363' title='bbox 2911 2303 3166 2361; x_wconf 89' lang='lat' dir='ltr'><strong>Christus</strong></span> <span class='ocrx_word' id='word_1_364' title='bbox 3186 2322 3281 2362; x_wconf 89' lang='lat' dir='ltr'><strong>rex</strong></span> <span class='ocrx_word' id='word_1_365' title='bbox 3314 2308 3476 2363; x_wconf 90' lang='lat' dir='ltr'><strong>simul</strong></span> 
     </span>
    </p>
   </div>
   <div class='ocr_carea' id='block_1_54' title="bbox 1893 2391 3478 2461">
    <p class='ocr_par' dir='ltr' id='par_1_54' title="bbox 1893 2391 3478 2461">
     <span class='ocr_line' id='line_1_54' title="bbox 1893 2391 3478 2461; baseline 0.006 -19"><span class='ocrx_word' id='word_1_366' title='bbox 1893 2398 2060 2460; x_wconf 88' lang='lat' dir='ltr'><strong>atque</strong></span> <span class='ocrx_word' id='word_1_367' title='bbox 2105 2391 2365 2446; x_wconf 85' lang='lat' dir='ltr'><strong>sacerdos</strong></span> <span class='ocrx_word' id='word_1_368' title='bbox 2396 2409 2411 2445; x_wconf 87' lang='lat'><strong>:</strong></span> <span class='ocrx_word' id='word_1_369' title='bbox 2441 2391 2598 2460; x_wconf 86' lang='lat' dir='ltr'><strong>quasi</strong></span> <span class='ocrx_word' id='word_1_370' title='bbox 2647 2391 2846 2461; x_wconf 90' lang='lat' dir='ltr'><strong>aliquis</strong></span> <span class='ocrx_word' id='word_1_371' title='bbox 2878 2391 2946 2446; x_wconf 91' lang='lat' dir='ltr'><strong>de</strong></span> <span class='ocrx_word' id='word_1_372' title='bbox 2975 2393 3078 2449; x_wconf 92' lang='lat' dir='ltr'><strong>hoc</strong></span> <span class='ocrx_word' id='word_1_373' title='bbox 3119 2395 3351 2459; x_wconf 87' lang='lat' dir='ltr'><strong>dubitet,</strong></span> <span class='ocrx_word' id='word_1_374' title='bbox 3383 2407 3478 2451; x_wconf 91' lang='lat' dir='ltr'><strong>aut</strong></span> 
     </span>
    </p>
   </div>
   <div class='ocr_carea' id='block_1_55' title="bbox 1894 2482 3477 2554">
    <p class='ocr_par' dir='ltr' id='par_1_55' title="bbox 1894 2482 3477 2554">
     <span class='ocr_line' id='line_1_55' title="bbox 1894 2482 3477 2554; baseline 0.006 -20"><span class='ocrx_word' id='word_1_375' title='bbox 1894 2482 2055 2536; x_wconf 88' lang='lat' dir='ltr'><strong>aliam</strong></span> <span class='ocrx_word' id='word_1_376' title='bbox 2091 2498 2242 2553; x_wconf 89' lang='lat' dir='ltr'><strong>spem</strong></span> <span class='ocrx_word' id='word_1_377' title='bbox 2279 2482 2496 2546; x_wconf 85' lang='lat' dir='ltr'><strong>habeat,</strong></span> <span class='ocrx_word' id='word_1_378' title='bbox 2534 2498 2724 2553; x_wconf 90' lang='lat' dir='ltr'><strong>nempe</strong></span> <span class='ocrx_word' id='word_1_379' title='bbox 2755 2484 2890 2554; x_wconf 81' lang='lat' dir='ltr'><strong>quin</strong></span> <span class='ocrx_word' id='word_1_380' title='bbox 2937 2485 3196 2544; x_wconf 86' lang='lat' dir='ltr'><strong>Christus</strong></span> <span class='ocrx_word' id='word_1_381' title='bbox 3238 2498 3477 2544; x_wconf 76' lang='lat' dir='ltr'><strong>aeternus</strong></span> 
     </span>
    </p>
   </div>
   <div class='ocr_carea' id='block_1_56' title="bbox 1895 2573 3480 2645">
    <p class='ocr_par' dir='ltr' id='par_1_56' title="bbox 1895 2573 3480 2645">
     <span class='ocr_line' id='line_1_56' title="bbox 1895 2573 3480 2645; baseline 0.004 -16"><span class='ocrx_word' id='word_1_382' title='bbox 1895 2574 1968 2629; x_wconf 88' lang='lat' dir='ltr'><strong>sit</strong></span> <span class='ocrx_word' id='word_1_383' title='bbox 2003 2575 2150 2645; x_wconf 91' lang='lat' dir='ltr'><strong>apud</strong></span> <span class='ocrx_word' id='word_1_384' title='bbox 2206 2573 2422 2629; x_wconf 86' lang='lat' dir='ltr'><strong>Patrem</strong></span> <span class='ocrx_word' id='word_1_385' title='bbox 2467 2575 2735 2644; x_wconf 80' lang='lat' dir='ltr'><strong>pontifex,</strong></span> <span class='ocrx_word' id='word_1_386' title='bbox 2773 2591 2965 2645; x_wconf 87' lang='lat' dir='ltr'><strong>preces</strong></span> <span class='ocrx_word' id='word_1_387' title='bbox 3015 2586 3240 2633; x_wconf 88' lang='lat' dir='ltr'><strong>nostras</strong></span> <span class='ocrx_word' id='word_1_388' title='bbox 3267 2580 3316 2633; x_wconf 91' lang='lat' dir='ltr'><strong>ei</strong></span> <span class='ocrx_word' id='word_1_389' title='bbox 3344 2579 3480 2636; x_wconf 81' lang='lat' dir='ltr'><strong>oﬂ&#39;e-</strong></span> 
     </span>
    </p>
   </div>
   <div class='ocr_carea' id='block_1_57' title="bbox 1890 2651 3477 2739">
    <p class='ocr_par' dir='ltr' id='par_1_57' title="bbox 1890 2651 3477 2739">
     <span class='ocr_line' id='line_1_57' title="bbox 1890 2651 3477 2739; baseline 0 -17"><span class='ocrx_word' id='word_1_390' title='bbox 1890 2680 2054 2723; x_wconf 89' lang='lat' dir='ltr'><strong>rens:</strong></span> <span class='ocrx_word' id='word_1_391' title='bbox 2090 2681 2188 2720; x_wconf 88' lang='lat' dir='ltr'><strong>rex</strong></span> <span class='ocrx_word' id='word_1_392' title='bbox 2220 2671 2399 2720; x_wconf 90' lang='lat' dir='ltr'><strong>autem</strong></span> <span class='ocrx_word' id='word_1_393' title='bbox 2429 2651 2915 2736; x_wconf 85' lang='lat' dir='ltr'><strong>supermundialis,</strong></span> <span class='ocrx_word' id='word_1_394' title='bbox 2946 2681 3085 2736; x_wconf 94' lang='lat' dir='ltr'><strong>quos</strong></span> <span class='ocrx_word' id='word_1_395' title='bbox 3106 2667 3356 2723; x_wconf 86' lang='lat' dir='ltr'><strong>liberavit</strong></span> <span class='ocrx_word' id='word_1_396' title='bbox 3379 2683 3477 2739; x_wconf 85' lang='lat' dir='ltr'><strong>pa-</strong></span> 
     </span>
    </p>
   </div>
   <div class='ocr_carea' id='block_1_58' title="bbox 1892 2755 3474 2828">
    <p class='ocr_par' dir='ltr' id='par_1_58' title="bbox 1892 2755 3474 2828">
     <span class='ocr_line' id='line_1_58' title="bbox 1892 2755 3474 2828; baseline 0 -15"><span class='ocrx_word' id='word_1_397' title='bbox 1892 2772 2052 2813; x_wconf 90' lang='lat' dir='ltr'><strong>scens</strong></span> <span class='ocrx_word' id='word_1_398' title='bbox 2083 2755 2312 2828; x_wconf 89' lang='lat' dir='ltr'><strong>Spiritu,</strong></span> <span class='ocrx_word' id='word_1_399' title='bbox 2336 2763 2661 2825; x_wconf 85' lang='lat' dir='ltr'><strong>cooperator</strong></span> <span class='ocrx_word' id='word_1_400' title='bbox 2685 2755 2909 2812; x_wconf 75' lang='lat' dir='ltr'><strong>eliectus</strong></span> <span class='ocrx_word' id='word_1_401' title='bbox 2941 2757 2994 2811; x_wconf 93' lang='lat' dir='ltr'><strong>in</strong></span> <span class='ocrx_word' id='word_1_402' title='bbox 3019 2758 3262 2812; x_wconf 87' lang='lat' dir='ltr'><strong>omnium</strong></span> <span class='ocrx_word' id='word_1_403' title='bbox 3289 2774 3474 2813; x_wconf 90' lang='lat' dir='ltr'><strong>rerum</strong></span> 
     </span>
    </p>
   </div>
   <div class='ocr_carea' id='block_1_59' title="bbox 1890 2849 3474 2919">
    <p class='ocr_par' dir='ltr' id='par_1_59' title="bbox 1890 2849 3474 2919">
     <span class='ocr_line' id='line_1_59' title="bbox 1890 2849 3474 2919; baseline -0.002 -12"><span class='ocrx_word' id='word_1_404' title='bbox 1890 2852 2257 2907; x_wconf 84' lang='lat' dir='ltr'><strong>ordinatione.</strong></span> <span class='ocrx_word' id='word_1_405' title='bbox 2293 2849 2461 2919; x_wconf 84' lang='lat' dir='ltr'><strong>idque</strong></span> <span class='ocrx_word' id='word_1_406' title='bbox 2505 2849 2665 2904; x_wconf 87' lang='lat' dir='ltr'><strong>nobis</strong></span> <span class='ocrx_word' id='word_1_407' title='bbox 2702 2850 3042 2918; x_wconf 85' lang='lat' dir='ltr'><strong>exploratum</strong></span> <span class='ocrx_word' id='word_1_408' title='bbox 3075 2849 3203 2905; x_wconf 86' lang='lat' dir='ltr'><strong>fecit</strong></span> <span class='ocrx_word' id='word_1_409' title='bbox 3234 2865 3344 2906; x_wconf 88' lang='lat' dir='ltr'><strong>non</strong></span> <span class='ocrx_word' id='word_1_410' title='bbox 3367 2853 3474 2911; x_wconf 65' lang='lat' dir='ltr'><strong>tri-</strong></span> 
     </span>
    </p>
   </div>
   <div class='ocr_carea' id='block_1_60' title="bbox 1890 2943 3475 3013">
    <p class='ocr_par' dir='ltr' id='par_1_60' title="bbox 1890 2943 3475 3013">
     <span class='ocr_line' id='line_1_60' title="bbox 1890 2943 3475 3013; baseline -0.001 -14"><span class='ocrx_word' id='word_1_411' title='bbox 1890 2945 2057 2999; x_wconf 90' lang='lat' dir='ltr'><strong>buum</strong></span> <span class='ocrx_word' id='word_1_412' title='bbox 2105 2943 2411 3012; x_wconf 82' lang='lat' dir='ltr'><strong>catalogus,</strong></span> <span class='ocrx_word' id='word_1_413' title='bbox 2449 2957 2627 3011; x_wconf 83' lang='lat' dir='ltr'><strong>neque</strong></span> <span class='ocrx_word' id='word_1_414' title='bbox 2685 2943 3119 3011; x_wconf 88' lang='lat' dir='ltr'><strong>perscriptarum</strong></span> <span class='ocrx_word' id='word_1_415' title='bbox 3169 2945 3475 3013; x_wconf 82' lang='lat' dir='ltr'><strong>generatio-</strong></span> 
     </span>
    </p>
   </div>
   <div class='ocr_carea' id='block_1_61' title="bbox 1889 3033 3474 3104">
    <p class='ocr_par' dir='ltr' id='par_1_61' title="bbox 1889 3033 3474 3104">
     <span class='ocr_line' id='line_1_61' title="bbox 1889 3033 3474 3104; baseline -0.001 -14"><span class='ocrx_word' id='word_1_416' title='bbox 1889 3050 2020 3090; x_wconf 92' lang='lat' dir='ltr'><strong>num</strong></span> <span class='ocrx_word' id='word_1_417' title='bbox 2079 3035 2284 3096; x_wconf 90' lang='lat' dir='ltr'><strong>mistio,</strong></span> <span class='ocrx_word' id='word_1_418' title='bbox 2336 3033 2434 3088; x_wconf 91' lang='lat' dir='ltr'><strong>sed</strong></span> <span class='ocrx_word' id='word_1_419' title='bbox 2479 3033 2804 3102; x_wconf 75' lang='lat' dir='ltr'><strong>patriarchae</strong></span> <span class='ocrx_word' id='word_1_420' title='bbox 2842 3043 3006 3104; x_wconf 90' lang='lat' dir='ltr'><strong>atque</strong></span> <span class='ocrx_word' id='word_1_421' title='bbox 3037 3035 3336 3104; x_wconf 69' lang='lat' dir='ltr'><strong>prophetae.</strong></span> <span class='ocrx_word' id='word_1_422' title='bbox 3367 3034 3474 3095; x_wconf 82' lang='lat' dir='ltr'><strong>Ca-</strong></span> 
     </span>
    </p>
   </div>
   <div class='ocr_carea' id='block_1_62' title="bbox 191 3121 1772 3231">
    <p class='ocr_par' dir='ltr' id='par_1_62' title="bbox 191 3121 1772 3207">
     <span class='ocr_line' id='line_1_62' title="bbox 191 3121 1772 3207; baseline 0.008 -31"><span class='ocrx_word' id='word_1_423' title='bbox 191 3121 358 3195; x_wconf 83' lang='grc' dir='ltr'>ίωμεν</span> <span class='ocrx_word' id='word_1_424' title='bbox 397 3127 478 3190; x_wconf 86' lang='grc' dir='ltr'>εἰς</span> <span class='ocrx_word' id='word_1_425' title='bbox 503 3127 771 3198; x_wconf 82' lang='grc' dir='ltr'>τοσαύτην</span> <span class='ocrx_word' id='word_1_426' title='bbox 811 3128 1118 3193; x_wconf 80' lang='grc' dir='ltr'>θεοσεϐείας</span> <span class='ocrx_word' id='word_1_427' title='bbox 1154 3130 1565 3202; x_wconf 87' lang='grc' dir='ltr'>σμικρολογίαν,</span> <span class='ocrx_word' id='word_1_428' title='bbox 1606 3134 1691 3188; x_wconf 80' lang='grc' dir='ltr'><strong>ἵνα</strong></span> <span class='ocrx_word' id='word_1_429' title='bbox 1714 3138 1772 3207; x_wconf 72' lang='grc' dir='ltr'>τῇ</span> 
     </span>
    </p>
   </div>
   <div class='ocr_carea' id='block_1_63' title="bbox 1890 3121 3475 3231">
    <p class='ocr_par' dir='ltr' id='par_1_63' title="bbox 1890 3125 3475 3198">
     <span class='ocr_line' id='line_1_63' title="bbox 1890 3125 3475 3198; baseline -0.001 -15"><span class='ocrx_word' id='word_1_430' title='bbox 1890 3143 2113 3183; x_wconf 84' lang='lat' dir='ltr'><strong>veamus</strong></span> <span class='ocrx_word' id='word_1_431' title='bbox 2149 3128 2315 3197; x_wconf 86' lang='lat' dir='ltr'><strong>igitur</strong></span> <span class='ocrx_word' id='word_1_432' title='bbox 2344 3142 2373 3180; x_wconf 93' lang='lat' dir='ltr'><strong>a</strong></span> <span class='ocrx_word' id='word_1_433' title='bbox 2404 3126 2615 3181; x_wconf 90' lang='lat' dir='ltr'><strong>minuto</strong></span> <span class='ocrx_word' id='word_1_434' title='bbox 2644 3125 2959 3195; x_wconf 90' lang='lat' dir='ltr'><strong>hujusmodi</strong></span> <span class='ocrx_word' id='word_1_435' title='bbox 2990 3127 3270 3198; x_wconf 82' lang='lat' dir='ltr'><strong>religionis</strong></span> <span class='ocrx_word' id='word_1_436' title='bbox 3303 3129 3475 3184; x_wconf 83' lang='lat' dir='ltr'><strong>artili—</strong></span> 
     </span>
    </p>
   </div>
   <div class='ocr_carea' id='block_1_64' title="bbox 189 3216 1772 3294">
    <p class='ocr_par' dir='ltr' id='par_1_64' title="bbox 189 3216 1772 3294">
     <span class='ocr_line' id='line_1_64' title="bbox 189 3216 1772 3294; baseline 0.008 -26"><span class='ocrx_word' id='word_1_437' title='bbox 189 3216 457 3290; x_wconf 82' lang='grc' dir='ltr'>ἐναλλαγῇ</span> <span class='ocrx_word' id='word_1_438' title='bbox 485 3219 592 3273; x_wconf 86' lang='grc' dir='ltr'><strong>τῶν</strong></span> <span class='ocrx_word' id='word_1_439' title='bbox 633 3221 935 3292; x_wconf 86' lang='grc' dir='ltr'>ὀνομάτων,</span> <span class='ocrx_word' id='word_1_440' title='bbox 974 3221 1071 3293; x_wconf 83' lang='grc' dir='ltr'>τὴν</span> <span class='ocrx_word' id='word_1_441' title='bbox 1103 3223 1342 3294; x_wconf 81' lang='grc' dir='ltr'>Χριστοῦ</span> <span class='ocrx_word' id='word_1_442' title='bbox 1380 3224 1653 3294; x_wconf 85' lang='grc' dir='ltr'>βασιλείαν</span> <span class='ocrx_word' id='word_1_443' title='bbox 1686 3229 1772 3282; x_wconf 69' lang='grc' dir='ltr'>καῖ</span> 
     </span>
    </p>
   </div>
   <div class='ocr_carea' id='block_1_65' title="bbox 1890 3216 3471 3294">
    <p class='ocr_par' dir='ltr' id='par_1_65' title="bbox 1890 3219 3471 3291">
     <span class='ocr_line' id='line_1_65' title="bbox 1890 3219 3471 3291; baseline 0 -15"><span class='ocrx_word' id='word_1_444' title='bbox 1890 3221 1995 3285; x_wconf 88' lang='lat' dir='ltr'><strong>cio,</strong></span> <span class='ocrx_word' id='word_1_445' title='bbox 2033 3228 2094 3274; x_wconf 91' lang='lat' dir='ltr'><strong>ut</strong></span> <span class='ocrx_word' id='word_1_446' title='bbox 2123 3219 2406 3274; x_wconf 88' lang='lat' dir='ltr'><strong>nominum</strong></span> <span class='ocrx_word' id='word_1_447' title='bbox 2441 3220 2847 3288; x_wconf 87' lang='lat' dir='ltr'><strong>permutatione</strong></span> <span class='ocrx_word' id='word_1_448' title='bbox 2889 3219 3096 3274; x_wconf 87' lang='lat' dir='ltr'><strong>Christi</strong></span> <span class='ocrx_word' id='word_1_449' title='bbox 3143 3237 3369 3291; x_wconf 83' lang='lat' dir='ltr'><strong>regnum</strong></span> <span class='ocrx_word' id='word_1_450' title='bbox 3405 3239 3471 3277; x_wconf 93' lang='lat' dir='ltr'><strong>ac</strong></span> 
     </span>
    </p>
   </div>
   <div class='ocr_carea' id='block_1_66' title="bbox 189 3309 1783 3392">
    <p class='ocr_par' dir='ltr' id='par_1_66' title="bbox 189 3309 1783 3392">
     <span class='ocr_line' id='line_1_66' title="bbox 189 3309 1783 3392; baseline 0.008 -30"><span class='ocrx_word' id='word_1_451' title='bbox 189 3309 491 3383; x_wconf 68' lang='grc' dir='ltr'>ἱερωσύνην</span> <span class='ocrx_word' id='word_1_452' title='bbox 525 3312 894 3386; x_wconf 80' lang='grc' dir='ltr'>συνιστῶμεν·</span> <span class='ocrx_word' id='word_1_453' title='bbox 927 3316 1049 3368; x_wconf 74' lang='grc' dir='ltr'>ἐπεὶ</span> <span class='ocrx_word' id='word_1_454' title='bbox 1093 3318 1160 3387; x_wconf 85' lang='grc' dir='ltr'>τῇ</span> <span class='ocrx_word' id='word_1_455' title='bbox 1208 3315 1374 3370; x_wconf 85' lang='grc' dir='ltr'>Ἰούδα</span> <span class='ocrx_word' id='word_1_456' title='bbox 1405 3317 1543 3390; x_wconf 83' lang='grc' dir='ltr'>φυλῇ</span> <span class='ocrx_word' id='word_1_457' title='bbox 1585 3322 1650 3390; x_wconf 80' lang='grc' dir='ltr'>τῇ</span> <span class='ocrx_word' id='word_1_458' title='bbox 1685 3320 1783 3392; x_wconf 64' lang='grc' dir='ltr'><strong>βαι</strong></span> 
     </span>
    </p>
   </div>
   <div class='ocr_carea' id='block_1_67' title="bbox 193 3400 1780 3481">
    <p class='ocr_par' dir='ltr' id='par_1_67' title="bbox 193 3400 1780 3481">
     <span class='ocr_line' id='line_1_67' title="bbox 193 3400 1780 3481; baseline 0.007 -27"><span class='ocrx_word' id='word_1_459' title='bbox 193 3400 392 3473; x_wconf 79' lang='grc' dir='ltr'>σιλικῇ,</span> <span class='ocrx_word' id='word_1_460' title='bbox 426 3405 460 3459; x_wconf 82' lang='grc' dir='ltr'><strong>ἡ</strong></span> <span class='ocrx_word' id='word_1_461' title='bbox 502 3403 598 3458; x_wconf 84' lang='grc' dir='ltr'><strong>τοῦ</strong></span> <span class='ocrx_word' id='word_1_462' title='bbox 649 3406 780 3459; x_wconf 77' lang='grc' dir='ltr'>Λευὶ</span> <span class='ocrx_word' id='word_1_463' title='bbox 833 3406 974 3476; x_wconf 84' lang='grc' dir='ltr'>φυλὴ</span> <span class='ocrx_word' id='word_1_464' title='bbox 1031 3408 1278 3478; x_wconf 82' lang='grc' dir='ltr'>ίερατικὴ</span> <span class='ocrx_word' id='word_1_465' title='bbox 1332 3409 1629 3481; x_wconf 80' lang='grc' dir='ltr'>συνεζύγη,</span> <span class='ocrx_word' id='word_1_466' title='bbox 1685 3411 1780 3465; x_wconf 90' lang='grc' dir='ltr'><strong>τοῦ</strong></span> 
     </span>
    </p>
   </div>
   <div class='ocr_carea' id='block_1_68' title="bbox 189 3492 1776 3573">
    <p class='ocr_par' dir='ltr' id='par_1_68' title="bbox 189 3492 1776 3573">
     <span class='ocr_line' id='line_1_68' title="bbox 189 3492 1776 3573; baseline 0.007 -28"><span class='ocrx_word' id='word_1_467' title='bbox 189 3492 456 3547; x_wconf 80' lang='grc' dir='ltr'>Ναασσὼν</span> <span class='ocrx_word' id='word_1_468' title='bbox 489 3495 722 3568; x_wconf 81' lang='grc' dir='ltr'>ἀδελφὴν</span> <span class='ocrx_word' id='word_1_469' title='bbox 769 3496 868 3568; x_wconf 83' lang='grc' dir='ltr'><strong>τὴν</strong></span> <span class='ocrx_word' id='word_1_470' title='bbox 918 3496 1198 3551; x_wconf 81' lang='grc' dir='ltr'>Ἐλισάὸετ</span> <span class='ocrx_word' id='word_1_471' title='bbox 1236 3498 1445 3571; x_wconf 82' lang='grc' dir='ltr'>Ἀαρὼν</span> <span class='ocrx_word' id='word_1_472' title='bbox 1484 3499 1776 3573; x_wconf 84' lang='grc' dir='ltr'>ἀξαμένου,</span> 
     </span>
    </p>
   </div>
   <div class='ocr_carea' id='block_1_69' title="bbox 187 3584 1778 3664">
    <p class='ocr_par' dir='ltr' id='par_1_69' title="bbox 187 3584 1778 3664">
     <span class='ocr_line' id='line_1_69' title="bbox 187 3584 1778 3664; baseline 0.007 -27"><span class='ocrx_word' id='word_1_473' title='bbox 187 3585 283 3637; x_wconf 76' lang='grc' dir='ltr'><strong>καὶ</strong></span> <span class='ocrx_word' id='word_1_474' title='bbox 311 3584 470 3638; x_wconf 81' lang='grc' dir='ltr'>πάλιν</span> <span class='ocrx_word' id='word_1_475' title='bbox 501 3585 762 3660; x_wconf 79' lang='grc' dir='ltr'>Ἐλεάζαρ</span> <span class='ocrx_word' id='word_1_476' title='bbox 791 3587 888 3659; x_wconf 86' lang='grc' dir='ltr'><strong>τὴν</strong></span> <span class='ocrx_word' id='word_1_477' title='bbox 905 3587 1179 3661; x_wconf 83' lang='grc' dir='ltr'>θυγατέρα</span> <span class='ocrx_word' id='word_1_478' title='bbox 1201 3592 1424 3664; x_wconf 81' lang='grc' dir='ltr'>Φατιὴλ,</span> <span class='ocrx_word' id='word_1_479' title='bbox 1447 3593 1541 3646; x_wconf 69' lang='grc' dir='ltr'>καὶ</span> <span class='ocrx_word' id='word_1_480' title='bbox 1568 3595 1778 3649; x_wconf 79' lang='grc' dir='ltr'>ἐνθένδε</span> 
     </span>
    </p>
   </div>
   <div class='ocr_carea' id='block_1_70' title="bbox 187 3674 1775 3754">
    <p class='ocr_par' dir='ltr' id='par_1_70' title="bbox 187 3674 1775 3754">
     <span class='ocr_line' id='line_1_70' title="bbox 187 3674 1775 3754; baseline 0.008 -27"><span class='ocrx_word' id='word_1_481' title='bbox 187 3674 758 3748; x_wconf 81' lang='grc' dir='ltr'>παιδοποιησαμένων.</span> <span class='ocrx_word' id='word_1_482' title='bbox 803 3677 1135 3748; x_wconf 73' lang='grc' dir='ltr'>Ἐψεύσαντο</span> <span class='ocrx_word' id='word_1_483' title='bbox 1166 3679 1260 3736; x_wconf 83' lang='grc' dir='ltr'><strong>οῦν</strong></span> <span class='ocrx_word' id='word_1_484' title='bbox 1289 3685 1338 3736; x_wconf 87' lang='grc' dir='ltr'>οἱ</span> <span class='ocrx_word' id='word_1_485' title='bbox 1373 3684 1775 3754; x_wconf 80' lang='grc' dir='ltr'>εὐαγγελισταὶ,</span> 
     </span>
    </p>
   </div>
   <div class='ocr_carea' id='block_1_71' title="bbox 188 3765 1776 3844">
    <p class='ocr_par' dir='ltr' id='par_1_71' title="bbox 188 3765 1776 3844">
     <span class='ocr_line' id='line_1_71' title="bbox 188 3765 1776 3844; baseline 0.008 -28"><span class='ocrx_word' id='word_1_486' title='bbox 188 3765 533 3829; x_wconf 79' lang='grc' dir='ltr'>συνιστάντες</span> <span class='ocrx_word' id='word_1_487' title='bbox 553 3767 653 3820; x_wconf 80' lang='grc' dir='ltr'><strong>οὐκ</strong></span> <span class='ocrx_word' id='word_1_488' title='bbox 682 3767 966 3838; x_wconf 82' lang='grc' dir='ltr'>ἀλήθειαν,</span> <span class='ocrx_word' id='word_1_489' title='bbox 1004 3769 1122 3823; x_wconf 86' lang='grc' dir='ltr'>ἀλλ’</span> <span class='ocrx_word' id='word_1_490' title='bbox 1144 3772 1496 3844; x_wconf 79' lang='grc' dir='ltr'>εἰκαζόμενον</span> <span class='ocrx_word' id='word_1_491' title='bbox 1527 3773 1776 3828; x_wconf 78' lang='grc' dir='ltr'>ἔπαινον·</span> 
     </span>
    </p>
   </div>
   <div class='ocr_carea' id='block_1_72' title="bbox 184 3858 1777 3935">
    <p class='ocr_par' dir='ltr' id='par_1_72' title="bbox 184 3858 1777 3935">
     <span class='ocr_line' id='line_1_72' title="bbox 184 3858 1777 3935; baseline 0.004 -23"><span class='ocrx_word' id='word_1_492' title='bbox 184 3859 281 3912; x_wconf 79' lang='grc' dir='ltr'>καὶ</span> <span class='ocrx_word' id='word_1_493' title='bbox 307 3858 396 3912; x_wconf 75' lang='grc' dir='ltr'>διὰ</span> <span class='ocrx_word' id='word_1_494' title='bbox 445 3858 607 3913; x_wconf 87' lang='grc' dir='ltr'>τοῦτο</span> <span class='ocrx_word' id='word_1_495' title='bbox 639 3861 668 3912; x_wconf 89' lang='lat'><strong>6</strong></span> <span class='ocrx_word' id='word_1_496' title='bbox 705 3859 804 3930; x_wconf 83' lang='grc' dir='ltr'><strong>μὲν</strong></span> <span class='ocrx_word' id='word_1_497' title='bbox 837 3861 925 3914; x_wconf 88' lang='grc' dir='ltr'><strong>διὰ</strong></span> <span class='ocrx_word' id='word_1_498' title='bbox 966 3861 1278 3932; x_wconf 87' lang='grc' dir='ltr'>Σολομῶνος</span> <span class='ocrx_word' id='word_1_499' title='bbox 1306 3864 1415 3917; x_wconf 81' lang='grc' dir='ltr'>ἀπὸ</span> <span class='ocrx_word' id='word_1_500' title='bbox 1443 3864 1608 3918; x_wconf 80' lang='grc' dir='ltr'>Δαυῒδ</span> <span class='ocrx_word' id='word_1_501' title='bbox 1652 3867 1777 3935; x_wconf 83' lang='grc' dir='ltr'>ἐγε-</span> 
     </span>
    </p>
   </div>
   <div class='ocr_carea' id='block_1_73' title="bbox 179 3949 1778 4029">
    <p class='ocr_par' dir='ltr' id='par_1_73' title="bbox 179 3949 1778 4029">
     <span class='ocr_line' id='line_1_73' title="bbox 179 3949 1778 4029; baseline 0.007 -27"><span class='ocrx_word' id='word_1_502' title='bbox 179 3949 511 4022; x_wconf 81' lang='grc' dir='ltr'>νεαλόγησεν</span> <span class='ocrx_word' id='word_1_503' title='bbox 541 3952 632 4004; x_wconf 85' lang='grc' dir='ltr'><strong>τὸν</strong></span> <span class='ocrx_word' id='word_1_504' title='bbox 678 3951 872 4006; x_wconf 83' lang='grc' dir='ltr'>Ἰακὼό</span> <span class='ocrx_word' id='word_1_505' title='bbox 898 3954 988 4006; x_wconf 77' lang='grc' dir='ltr'>τὸν</span> <span class='ocrx_word' id='word_1_506' title='bbox 1014 3955 1108 4008; x_wconf 90' lang='grc' dir='ltr'><strong>τοῦ</strong></span> <span class='ocrx_word' id='word_1_507' title='bbox 1149 3955 1346 4027; x_wconf 81' lang='grc' dir='ltr'>Ἰωσὴφ</span> <span class='ocrx_word' id='word_1_508' title='bbox 1387 3957 1600 4029; x_wconf 88' lang='grc' dir='ltr'>πατέρα</span> <span class='ocrx_word' id='word_1_509' title='bbox 1620 3975 1633 3988; x_wconf 88' lang='grc'><strong>·</strong></span> <span class='ocrx_word' id='word_1_510' title='bbox 1666 3960 1694 4012; x_wconf 90' lang='lat'><strong>6</strong></span> <span class='ocrx_word' id='word_1_511' title='bbox 1721 3959 1778 4012; x_wconf 86' lang='grc' dir='ltr'><strong>δέ</strong></span> 
     </span>
    </p>
   </div>
   <div class='ocr_carea' id='block_1_74' title="bbox 185 4041 1777 4119">
    <p class='ocr_par' dir='ltr' id='par_1_74' title="bbox 185 4041 1777 4119">
     <span class='ocr_line' id='line_1_74' title="bbox 185 4041 1777 4119; baseline 0.006 -26"><span class='ocrx_word' id='word_1_512' title='bbox 185 4041 370 4096; x_wconf 87' lang='grc' dir='ltr'>Νάθαν</span> <span class='ocrx_word' id='word_1_513' title='bbox 397 4041 491 4095; x_wconf 89' lang='grc' dir='ltr'><strong>τοῦ</strong></span> <span class='ocrx_word' id='word_1_514' title='bbox 533 4041 718 4105; x_wconf 81' lang='grc' dir='ltr'>Δαυῖδ,</span> <span class='ocrx_word' id='word_1_515' title='bbox 753 4044 843 4097; x_wconf 76' lang='grc' dir='ltr'><strong>τὸν</strong></span> <span class='ocrx_word' id='word_1_516' title='bbox 892 4045 1040 4098; x_wconf 75' lang='grc' dir='ltr'>Ἠλεὶ</span> <span class='ocrx_word' id='word_1_517' title='bbox 1079 4046 1168 4099; x_wconf 83' lang='grc' dir='ltr'><strong>τὸν</strong></span> <span class='ocrx_word' id='word_1_518' title='bbox 1207 4047 1300 4099; x_wconf 90' lang='grc' dir='ltr'><strong>τοῦ</strong></span> <span class='ocrx_word' id='word_1_519' title='bbox 1344 4046 1540 4118; x_wconf 79' lang='grc' dir='ltr'>Ἰωσὴφ</span> <span class='ocrx_word' id='word_1_520' title='bbox 1577 4049 1777 4119; x_wconf 84' lang='grc' dir='ltr'>ὁμοίως</span> 
     </span>
    </p>
   </div>
   <div class='ocr_carea' id='block_1_75' title="bbox 183 4133 1777 4210">
    <p class='ocr_par' dir='ltr' id='par_1_75' title="bbox 183 4133 1777 4210">
     <span class='ocr_line' id='line_1_75' title="bbox 183 4133 1777 4210; baseline 0.003 -23"><span class='ocrx_word' id='word_1_521' title='bbox 183 4133 357 4187; x_wconf 74' lang='grc' dir='ltr'>ἄλλων</span> <span class='ocrx_word' id='word_1_522' title='bbox 386 4133 600 4208; x_wconf 88' lang='grc' dir='ltr'>πατέρα</span> <span class='ocrx_word' id='word_1_523' title='bbox 621 4153 633 4164; x_wconf 89' lang='grc'><strong>·</strong></span> <span class='ocrx_word' id='word_1_524' title='bbox 657 4135 838 4190; x_wconf 90' lang='grc' dir='ltr'>καίτοι</span> <span class='ocrx_word' id='word_1_525' title='bbox 886 4137 1100 4204; x_wconf 84' lang='grc' dir='ltr'>ἀγνοεῖν</span> <span class='ocrx_word' id='word_1_526' title='bbox 1126 4137 1320 4200; x_wconf 74' lang='grc' dir='ltr'>αὐτοὺς</span> <span class='ocrx_word' id='word_1_527' title='bbox 1343 4138 1442 4190; x_wconf 83' lang='grc' dir='ltr'><strong>ούκ</strong></span> <span class='ocrx_word' id='word_1_528' title='bbox 1472 4138 1660 4210; x_wconf 74' lang='grc' dir='ltr'>ἐχρῆν,</span> <span class='ocrx_word' id='word_1_529' title='bbox 1701 4139 1777 4203; x_wconf 83' lang='grc' dir='ltr'>ὡς</span> 
     </span>
    </p>
   </div>
   <div class='ocr_carea' id='block_1_76' title="bbox 183 4226 1776 4301">
    <p class='ocr_par' dir='ltr' id='par_1_76' title="bbox 183 4226 1776 4301">
     <span class='ocr_line' id='line_1_76' title="bbox 183 4226 1776 4301; baseline 0.004 -23"><span class='ocrx_word' id='word_1_530' title='bbox 183 4226 418 4300; x_wconf 76' lang='grc' dir='ltr'>ἑκατέρα</span> <span class='ocrx_word' id='word_1_531' title='bbox 445 4227 555 4283; x_wconf 90' lang='grc' dir='ltr'><strong>τῶν</strong></span> <span class='ocrx_word' id='word_1_532' title='bbox 570 4229 1068 4301; x_wconf 86' lang='grc' dir='ltr'>κατηριθμημένων</span> <span class='ocrx_word' id='word_1_533' title='bbox 1085 4229 1257 4295; x_wconf 77' lang='grc' dir='ltr'>τάξις,</span> <span class='ocrx_word' id='word_1_534' title='bbox 1276 4229 1336 4283; x_wconf 78' lang='grc' dir='ltr'><strong>τὸ</strong></span> <span class='ocrx_word' id='word_1_535' title='bbox 1349 4229 1442 4283; x_wconf 91' lang='grc' dir='ltr'><strong>τοῦ</strong></span> <span class='ocrx_word' id='word_1_536' title='bbox 1472 4231 1636 4283; x_wconf 83' lang='grc' dir='ltr'>Δαυῖδ</span> <span class='ocrx_word' id='word_1_537' title='bbox 1661 4232 1776 4284; x_wconf 81' lang='grc' dir='ltr'>ἐστι</span> 
     </span>
    </p>
   </div>
   <div class='ocr_carea' id='block_1_77' title="bbox 182 4321 1775 4396">
    <p class='ocr_par' dir='ltr' id='par_1_77' title="bbox 182 4321 1775 4396">
     <span class='ocr_line' id='line_1_77' title="bbox 182 4321 1775 4396; baseline 0 -20"><span class='ocrx_word' id='word_1_538' title='bbox 182 4323 358 4392; x_wconf 89' lang='grc' dir='ltr'>γένος,</span> <span class='ocrx_word' id='word_1_539' title='bbox 390 4323 423 4394; x_wconf 81' lang='grc' dir='ltr'><strong>ή</strong></span> <span class='ocrx_word' id='word_1_540' title='bbox 453 4322 547 4376; x_wconf 89' lang='grc' dir='ltr'><strong>τοῦ</strong></span> <span class='ocrx_word' id='word_1_541' title='bbox 584 4321 756 4377; x_wconf 87' lang='grc' dir='ltr'>Ἰούδα</span> <span class='ocrx_word' id='word_1_542' title='bbox 783 4322 922 4396; x_wconf 80' lang='grc' dir='ltr'>φυλὴ</span> <span class='ocrx_word' id='word_1_543' title='bbox 956 4323 1230 4394; x_wconf 86' lang='grc' dir='ltr'>βασιλική.</span> <span class='ocrx_word' id='word_1_544' title='bbox 1260 4323 1322 4376; x_wconf 84' lang='grc' dir='ltr'><strong>Εἰ</strong></span> <span class='ocrx_word' id='word_1_545' title='bbox 1343 4321 1453 4393; x_wconf 86' lang='grc' dir='ltr'>γὰρ</span> <span class='ocrx_word' id='word_1_546' title='bbox 1487 4325 1775 4396; x_wconf 79' lang='grc' dir='ltr'>προφήτης</span> 
     </span>
    </p>
   </div>
   <div class='ocr_carea' id='block_1_78' title="bbox 180 4410 1774 4487">
    <p class='ocr_par' dir='ltr' id='par_1_78' title="bbox 180 4410 1774 4487">
     <span class='ocr_line' id='line_1_78' title="bbox 180 4410 1774 4487; baseline 0.001 -19"><span class='ocrx_word' id='word_1_547' title='bbox 180 4417 212 4468; x_wconf 84' lang='lat'><strong>6</strong></span> <span class='ocrx_word' id='word_1_548' title='bbox 244 4413 449 4478; x_wconf 84' lang='grc' dir='ltr'>Νάθαν,</span> <span class='ocrx_word' id='word_1_549' title='bbox 479 4414 594 4468; x_wconf 85' lang='grc' dir='ltr'>ἀλλ’</span> <span class='ocrx_word' id='word_1_550' title='bbox 623 4410 716 4468; x_wconf 79' lang='grc' dir='ltr'>οὖν</span> <span class='ocrx_word' id='word_1_551' title='bbox 765 4416 860 4468; x_wconf 70' lang='grc' dir='ltr'>καὶ</span> <span class='ocrx_word' id='word_1_552' title='bbox 886 4415 1159 4487; x_wconf 85' lang='grc' dir='ltr'>Σολομὼν,</span> <span class='ocrx_word' id='word_1_553' title='bbox 1202 4415 1230 4467; x_wconf 87' lang='grc' dir='ltr'><strong>ὃ</strong></span> <span class='ocrx_word' id='word_1_554' title='bbox 1257 4432 1318 4468; x_wconf 88' lang='grc' dir='ltr'><strong>τε</strong></span> <span class='ocrx_word' id='word_1_555' title='bbox 1363 4414 1566 4468; x_wconf 89' lang='grc' dir='ltr'>τούτων</span> <span class='ocrx_word' id='word_1_556' title='bbox 1594 4415 1774 4487; x_wconf 82' lang='grc' dir='ltr'>πατὴρ</span> 
     </span>
    </p>
   </div>
   <div class='ocr_carea' id='block_1_79' title="bbox 183 4486 1844 4590">
    <p class='ocr_par' dir='ltr' id='par_1_79' title="bbox 183 4486 1844 4590">
     <span class='ocr_line' id='line_1_79' title="bbox 183 4486 1844 4590; baseline 0.001 -32"><span class='ocrx_word' id='word_1_557' title='bbox 183 4507 476 4578; x_wconf 77' lang='grc' dir='ltr'>ἐκατέρου·</span> <span class='ocrx_word' id='word_1_558' title='bbox 513 4509 578 4559; x_wconf 87' lang='grc' dir='ltr'><strong>ἐκ</strong></span> <span class='ocrx_word' id='word_1_559' title='bbox 615 4505 824 4590; x_wconf 84' lang='grc' dir='ltr'>πολλῶν</span> <span class='ocrx_word' id='word_1_560' title='bbox 857 4486 913 4560; x_wconf 69' lang='grc' dir='ltr'><strong>δέ</strong></span> <span class='ocrx_word' id='word_1_561' title='bbox 957 4504 1140 4575; x_wconf 84' lang='grc' dir='ltr'>φυλῶν</span> <span class='ocrx_word' id='word_1_562' title='bbox 1190 4506 1427 4575; x_wconf 87' lang='grc' dir='ltr'>ἐγίνοντο</span> <span class='ocrx_word' id='word_1_563' title='bbox 1471 4486 1766 4578; x_wconf 83' lang='grc' dir='ltr'>προφῆται,</span> <span class='ocrx_word' id='word_1_564' title='bbox 1803 4531 1844 4586; x_wconf 81' lang='lat' dir='ltr'><strong>D</strong></span> 
     </span>
    </p>
   </div>
   <div class='ocr_carea' id='block_1_80' title="bbox 184 4597 1770 4670">
    <p class='ocr_par' dir='ltr' id='par_1_80' title="bbox 184 4597 1770 4670">
     <span class='ocr_line' id='line_1_80' title="bbox 184 4597 1770 4670; baseline 0.003 -21"><span class='ocrx_word' id='word_1_565' title='bbox 184 4601 346 4669; x_wconf 83' lang='grc' dir='ltr'>ἱερεῖς</span> <span class='ocrx_word' id='word_1_566' title='bbox 377 4597 433 4652; x_wconf 79' lang='grc' dir='ltr'>δὲ</span> <span class='ocrx_word' id='word_1_567' title='bbox 465 4597 526 4663; x_wconf 82' lang='grc' dir='ltr'><strong>ἐξ</strong></span> <span class='ocrx_word' id='word_1_568' title='bbox 553 4599 810 4670; x_wconf 77' lang='grc' dir='ltr'>οὐδεμιᾶς</span> <span class='ocrx_word' id='word_1_569' title='bbox 850 4597 962 4667; x_wconf 68' lang='grc'><strong>(49)</strong></span> <span class='ocrx_word' id='word_1_570' title='bbox 995 4597 1104 4651; x_wconf 88' lang='grc' dir='ltr'><strong>τῶν</strong></span> <span class='ocrx_word' id='word_1_571' title='bbox 1136 4597 1342 4651; x_wconf 82' lang='grc' dir='ltr'>δώδεκα</span> <span class='ocrx_word' id='word_1_572' title='bbox 1383 4597 1584 4668; x_wconf 85' lang='grc' dir='ltr'>φυλῶν,</span> <span class='ocrx_word' id='word_1_573' title='bbox 1617 4599 1770 4668; x_wconf 87' lang='grc' dir='ltr'>μόνοι</span> 
     </span>
    </p>
   </div>
   <div class='ocr_carea' id='block_1_81' title="bbox 180 4686 1769 4760">
    <p class='ocr_par' dir='ltr' id='par_1_81' title="bbox 180 4686 1769 4760">
     <span class='ocr_line' id='line_1_81' title="bbox 180 4686 1769 4760; baseline -0.001 -18"><span class='ocrx_word' id='word_1_574' title='bbox 180 4689 239 4742; x_wconf 81' lang='grc' dir='ltr'>δὲ</span> <span class='ocrx_word' id='word_1_575' title='bbox 269 4690 507 4742; x_wconf 83' lang='grc' dir='ltr'>Λευῖται.</span> <span class='ocrx_word' id='word_1_576' title='bbox 551 4687 746 4760; x_wconf 82' lang='grc' dir='ltr'>Μάτην</span> <span class='ocrx_word' id='word_1_577' title='bbox 791 4689 976 4751; x_wconf 86' lang='grc' dir='ltr'>αὐτοῖς</span> <span class='ocrx_word' id='word_1_578' title='bbox 1021 4686 1128 4758; x_wconf 78' lang='grc' dir='ltr'>ἄρα</span> <span class='ocrx_word' id='word_1_579' title='bbox 1162 4687 1469 4741; x_wconf 83' lang='grc' dir='ltr'>πέπλασται</span> <span class='ocrx_word' id='word_1_580' title='bbox 1502 4687 1563 4740; x_wconf 78' lang='grc' dir='ltr'>τὸ</span> <span class='ocrx_word' id='word_1_581' title='bbox 1609 4688 1769 4758; x_wconf 69' lang='grc' dir='ltr'>ἐψευ-</span> 
     </span>
    </p>
   </div>
   <div class='ocr_carea' id='block_1_82' title="bbox 183 4777 1768 4852">
    <p class='ocr_par' dir='ltr' id='par_1_82' title="bbox 183 4777 1768 4852">
     <span class='ocr_line' id='line_1_82' title="bbox 183 4777 1768 4852; baseline 0 -21"><span class='ocrx_word' id='word_1_582' title='bbox 183 4778 376 4850; x_wconf 83' lang='grc' dir='ltr'>σμένον</span> <span class='ocrx_word' id='word_1_583' title='bbox 397 4795 411 4808; x_wconf 90' lang='grc'><strong>·</strong></span> <span class='ocrx_word' id='word_1_584' title='bbox 433 4778 567 4851; x_wconf 86' lang='grc' dir='ltr'>μηδὲ</span> <span class='ocrx_word' id='word_1_585' title='bbox 604 4779 831 4852; x_wconf 86' lang='grc' dir='ltr'>κρατοίη</span> <span class='ocrx_word' id='word_1_586' title='bbox 854 4777 1093 4844; x_wconf 89' lang='grc' dir='ltr'>τοιοῦτος</span> <span class='ocrx_word' id='word_1_587' title='bbox 1118 4782 1146 4833; x_wconf 90' lang='lat'><strong>6</strong></span> <span class='ocrx_word' id='word_1_588' title='bbox 1165 4778 1322 4849; x_wconf 89' lang='grc' dir='ltr'>λόγος</span> <span class='ocrx_word' id='word_1_589' title='bbox 1368 4782 1427 4834; x_wconf 86' lang='grc' dir='ltr'><strong>ἐν</strong></span> <span class='ocrx_word' id='word_1_590' title='bbox 1468 4778 1768 4851; x_wconf 74' lang='grc' dir='ltr'>Ἐκκλησία</span> 
     </span>
    </p>
   </div>
   <div class='ocr_carea' id='block_1_83' title="bbox 182 4868 1770 4945">
    <p class='ocr_par' dir='ltr' id='par_1_83' title="bbox 182 4868 1770 4945">
     <span class='ocr_line' id='line_1_83' title="bbox 182 4868 1770 4945; baseline 0 -22"><span class='ocrx_word' id='word_1_591' title='bbox 182 4869 418 4943; x_wconf 79' lang='grc' dir='ltr'>Χριστοῦ</span> <span class='ocrx_word' id='word_1_592' title='bbox 459 4870 650 4945; x_wconf 82' lang='grc' dir='ltr'>[κατὰ]</span> <span class='ocrx_word' id='word_1_593' title='bbox 680 4871 944 4944; x_wconf 76' lang='grc' dir='ltr'>ἀκριϐοῦς</span> <span class='ocrx_word' id='word_1_594' title='bbox 973 4870 1250 4944; x_wconf 86' lang='grc' dir='ltr'>ἀληθείας,</span> <span class='ocrx_word' id='word_1_595' title='bbox 1296 4873 1378 4924; x_wconf 83' lang='grc' dir='ltr'><strong>ὅτι</strong></span> <span class='ocrx_word' id='word_1_596' title='bbox 1409 4869 1603 4940; x_wconf 72' lang='grc' dir='ltr'>ψεῦδος</span> <span class='ocrx_word' id='word_1_597' title='bbox 1638 4868 1770 4938; x_wconf 84' lang='grc' dir='ltr'>σύγ-</span> 
     </span>
    </p>
   </div>
   <div class='ocr_carea' id='block_1_84' title="bbox 182 4959 1769 5036">
    <p class='ocr_par' dir='ltr' id='par_1_84' title="bbox 182 4959 1769 5036">
     <span class='ocr_line' id='line_1_84' title="bbox 182 4959 1769 5036; baseline -0.001 -20"><span class='ocrx_word' id='word_1_598' title='bbox 182 4979 357 5017; x_wconf 80' lang='grc' dir='ltr'>κειται</span> <span class='ocrx_word' id='word_1_599' title='bbox 395 4964 475 5026; x_wconf 85' lang='grc' dir='ltr'><strong>είς</strong></span> <span class='ocrx_word' id='word_1_600' title='bbox 510 4959 658 5018; x_wconf 78' lang='grc' dir='ltr'>αἶνον</span> <span class='ocrx_word' id='word_1_601' title='bbox 694 4964 790 5017; x_wconf 67' lang='grc' dir='ltr'><strong>καὶ</strong></span> <span class='ocrx_word' id='word_1_602' title='bbox 813 4963 1120 5033; x_wconf 78' lang='grc' dir='ltr'>δοξολογίαν</span> <span class='ocrx_word' id='word_1_603' title='bbox 1149 4963 1406 5036; x_wconf 73' lang='grc' dir='ltr'>Χριστοῦο</span> <span class='ocrx_word' id='word_1_604' title='bbox 1434 4963 1517 5026; x_wconf 85' lang='grc' dir='ltr'><strong>τίς</strong></span> <span class='ocrx_word' id='word_1_605' title='bbox 1539 4963 1648 5036; x_wconf 84' lang='grc' dir='ltr'>γὰρ</span> <span class='ocrx_word' id='word_1_606' title='bbox 1668 4963 1769 5016; x_wconf 80' lang='grc' dir='ltr'><strong>οὐκ</strong></span> 
     </span>
    </p>
   </div>
   <div class='ocr_carea' id='block_1_85' title="bbox 180 5051 1771 5129">
    <p class='ocr_par' dir='ltr' id='par_1_85' title="bbox 180 5051 1771 5129">
     <span class='ocr_line' id='line_1_85' title="bbox 180 5051 1771 5129; baseline -0.001 -21"><span class='ocrx_word' id='word_1_607' title='bbox 180 5051 285 5109; x_wconf 75' lang='grc' dir='ltr'>οἶδε</span> <span class='ocrx_word' id='word_1_608' title='bbox 313 5057 566 5111; x_wconf 72' lang='grc' dir='ltr'>κάκεῖνον</span> <span class='ocrx_word' id='word_1_609' title='bbox 594 5056 686 5110; x_wconf 81' lang='grc' dir='ltr'><strong>τὸν</strong></span> <span class='ocrx_word' id='word_1_610' title='bbox 713 5056 1000 5129; x_wconf 79' lang='grc' dir='ltr'>ἱερώτατον</span> <span class='ocrx_word' id='word_1_611' title='bbox 1022 5055 1114 5109; x_wconf 91' lang='grc' dir='ltr'><strong>τοῦ</strong></span> <span class='ocrx_word' id='word_1_612' title='bbox 1140 5055 1460 5108; x_wconf 81' lang='grc' dir='ltr'>Ἀποστόλου</span> <span class='ocrx_word' id='word_1_613' title='bbox 1484 5054 1640 5122; x_wconf 87' lang='grc' dir='ltr'>λόγον</span> <span class='ocrx_word' id='word_1_614' title='bbox 1669 5071 1771 5126; x_wconf 83' lang='grc' dir='ltr'>κη-</span> 
     </span>
    </p>
   </div>
   <div class='ocr_carea' id='block_1_86' title="bbox 183 5147 1768 5220">
    <p class='ocr_par' dir='ltr' id='par_1_86' title="bbox 183 5147 1768 5220">
     <span class='ocr_line' id='line_1_86' title="bbox 183 5147 1768 5220; baseline -0.001 -19"><span class='ocrx_word' id='word_1_615' title='bbox 183 5147 469 5220; x_wconf 79' lang='grc' dir='ltr'>ρύσσοντος</span> <span class='ocrx_word' id='word_1_616' title='bbox 493 5152 586 5204; x_wconf 76' lang='grc' dir='ltr'><strong>καὶ</strong></span> <span class='ocrx_word' id='word_1_617' title='bbox 606 5150 1008 5220; x_wconf 73' lang='grc' dir='ltr'>διαγγέλλοντος</span> <span class='ocrx_word' id='word_1_618' title='bbox 1031 5149 1127 5220; x_wconf 79' lang='grc' dir='ltr'>τὴν</span> <span class='ocrx_word' id='word_1_619' title='bbox 1155 5148 1448 5202; x_wconf 79' lang='grc' dir='ltr'>ἀνάστασιν</span> <span class='ocrx_word' id='word_1_620' title='bbox 1473 5147 1565 5200; x_wconf 81' lang='grc' dir='ltr'><strong>τοῦ</strong></span> <span class='ocrx_word' id='word_1_621' title='bbox 1591 5148 1768 5218; x_wconf 87' lang='grc' dir='ltr'><strong>Σωτῆ-</strong></span> 
     </span>
    </p>
   </div>
   <div class='ocr_carea' id='block_1_87' title="bbox 151 5265 1186 5332">
    <p class='ocr_par' dir='ltr' id='par_1_87' title="bbox 151 5265 1186 5332">
     <span class='ocr_line' id='line_1_87' title="bbox 151 5265 1186 5332; baseline 0.005 -16"><span class='ocrx_word' id='word_1_622' title='bbox 151 5291 157 5307; x_wconf 88' lang='grc' dir='ltr'><strong>ι</strong></span> <span class='ocrx_word' id='word_1_623' title='bbox 258 5267 303 5297; x_wconf 69' lang='grc'>⁸⁸</span> <span class='ocrx_word' id='word_1_624' title='bbox 339 5265 514 5321; x_wconf 88' lang='lat' dir='ltr'><strong>Exod.</strong></span> <span class='ocrx_word' id='word_1_625' title='bbox 549 5283 641 5332; x_wconf 80' lang='lat' dir='ltr'><strong>v1,</strong></span> <span class='ocrx_word' id='word_1_626' title='bbox 674 5267 765 5324; x_wconf 78' lang='lat'><strong>25.</strong></span> <span class='ocrx_word' id='word_1_627' title='bbox 841 5269 886 5300; x_wconf 79' lang='lat'><strong>“</strong></span> <span class='ocrx_word' id='word_1_628' title='bbox 927 5269 1061 5325; x_wconf 88' lang='lat' dir='ltr'><strong>ibid.</strong></span> <span class='ocrx_word' id='word_1_629' title='bbox 1095 5267 1186 5322; x_wconf 72' lang='lat'><strong>25.</strong></span> 
     </span>
    </p>
   </div>
   <div class='ocr_carea' id='block_1_88' title="bbox 253 5378 1755 5451">
    <p class='ocr_par' dir='ltr' id='par_1_88' title="bbox 253 5378 1755 5451">
     <span class='ocr_line' id='line_1_88' title="bbox 253 5378 1755 5451; baseline -0.001 -17"><span class='ocrx_word' id='word_1_630' title='bbox 253 5379 362 5450; x_wconf 72' lang='lat'><strong>(48)</strong></span> <span class='ocrx_word' id='word_1_631' title='bbox 379 5378 621 5451; x_wconf 69' lang='lat' dir='ltr'><strong>Qiximus</strong></span> <span class='ocrx_word' id='word_1_632' title='bbox 637 5380 742 5451; x_wconf 77' lang='lat' dir='ltr'><strong>eoi.</strong></span> <span class='ocrx_word' id='word_1_633' title='bbox 758 5379 887 5445; x_wconf 90' lang='lat'><strong>899,</strong></span> <span class='ocrx_word' id='word_1_634' title='bbox 919 5379 1047 5436; x_wconf 89' lang='lat' dir='ltr'><strong>adn.</strong></span> <span class='ocrx_word' id='word_1_635' title='bbox 1067 5379 1156 5451; x_wconf 68' lang='grc'><strong>12,</strong></span> <span class='ocrx_word' id='word_1_636' title='bbox 1176 5379 1419 5451; x_wconf 84' lang='lat' dir='ltr'><strong>Africani</strong></span> <span class='ocrx_word' id='word_1_637' title='bbox 1443 5379 1755 5451; x_wconf 85' lang='lat' dir='ltr'><strong>epistolam,</strong></span> 
     </span>
    </p>
   </div>
   <div class='ocr_carea' id='block_1_89' title="bbox 182 5448 1755 5520">
    <p class='ocr_par' dir='ltr' id='par_1_89' title="bbox 182 5448 1755 5520">
     <span class='ocr_line' id='line_1_89' title="bbox 182 5448 1755 5520; baseline -0.001 -17"><span class='ocrx_word' id='word_1_638' title='bbox 182 5448 342 5520; x_wconf 84' lang='lat' dir='ltr'><strong>quam</strong></span> <span class='ocrx_word' id='word_1_639' title='bbox 377 5448 646 5505; x_wconf 87' lang='lat' dir='ltr'><strong>Eusebius</strong></span> <span class='ocrx_word' id='word_1_640' title='bbox 680 5450 826 5505; x_wconf 79' lang='lat' dir='ltr'><strong>Hist.</strong></span> <span class='ocrx_word' id='word_1_641' title='bbox 853 5452 980 5506; x_wconf 76' lang='grc' dir='ltr'>εει-Ι.</span> <span class='ocrx_word' id='word_1_642' title='bbox 1006 5467 1046 5515; x_wconf 86' lang='grc' dir='ltr'><strong>ι,</strong></span> <span class='ocrx_word' id='word_1_643' title='bbox 1071 5450 1125 5514; x_wconf 86' lang='grc'>7,</span> <span class='ocrx_word' id='word_1_644' title='bbox 1158 5448 1755 5520; x_wconf 62' lang='lat' dir='ltr'><strong>acephalam:dederat,</strong></span> 
     </span>
    </p>
   </div>
   <div class='ocr_carea' id='block_1_90' title="bbox 183 5517 1758 5590">
    <p class='ocr_par' dir='ltr' id='par_1_90' title="bbox 183 5517 1758 5590">
     <span class='ocr_line' id='line_1_90' title="bbox 183 5517 1758 5590; baseline 0.001 -17"><span class='ocrx_word' id='word_1_645' title='bbox 183 5517 216 5573; x_wconf 66' lang='grc' dir='ltr'><strong>εἰ</strong></span> <span class='ocrx_word' id='word_1_646' title='bbox 245 5529 428 5590; x_wconf 84' lang='lat' dir='ltr'><strong>nostra</strong></span> <span class='ocrx_word' id='word_1_647' title='bbox 463 5523 699 5590; x_wconf 88' lang='lat' dir='ltr'><strong>epitome</strong></span> <span class='ocrx_word' id='word_1_648' title='bbox 729 5520 958 5576; x_wconf 84' lang='lat' dir='ltr'><strong>feliciter</strong></span> <span class='ocrx_word' id='word_1_649' title='bbox 986 5521 1183 5590; x_wconf 91' lang='lat' dir='ltr'><strong>partim</strong></span> <span class='ocrx_word' id='word_1_650' title='bbox 1205 5517 1420 5576; x_wconf 74' lang='lat' dir='ltr'><strong>sarciri.</strong></span> <span class='ocrx_word' id='word_1_651' title='bbox 1444 5517 1602 5590; x_wconf 80' lang='lat' dir='ltr'><strong>Nunc</strong></span> <span class='ocrx_word' id='word_1_652' title='bbox 1650 5520 1758 5575; x_wconf 92' lang='lat' dir='ltr'><strong>isto</strong></span> 
     </span>
    </p>
   </div>
   <div class='ocr_carea' id='block_1_91' title="bbox 184 5589 1756 5662">
    <p class='ocr_par' dir='ltr' id='par_1_91' title="bbox 184 5589 1756 5662">
     <span class='ocr_line' id='line_1_91' title="bbox 184 5589 1756 5662; baseline -0.001 -18"><span class='ocrx_word' id='word_1_653' title='bbox 184 5593 240 5644; x_wconf 89' lang='lat' dir='ltr'><strong>in</strong></span> <span class='ocrx_word' id='word_1_654' title='bbox 271 5589 576 5661; x_wconf 80' lang='lat' dir='ltr'><strong>fragmento</strong></span> <span class='ocrx_word' id='word_1_655' title='bbox 607 5592 906 5662; x_wconf 88' lang='lat' dir='ltr'><strong>integriore</strong></span> <span class='ocrx_word' id='word_1_656' title='bbox 935 5589 1001 5646; x_wconf 83' lang='lat' dir='ltr'><strong>ac</strong></span> <span class='ocrx_word' id='word_1_657' title='bbox 1029 5592 1305 5662; x_wconf 86' lang='lat' dir='ltr'><strong>primitivo</strong></span> <span class='ocrx_word' id='word_1_658' title='bbox 1324 5589 1607 5662; x_wconf 68' lang='lat' dir='ltr'><strong>praedictae</strong></span> <span class='ocrx_word' id='word_1_659' title='bbox 1635 5592 1756 5662; x_wconf 49' lang='lat' dir='ltr'><strong>epig</strong></span> 
     </span>
    </p>
   </div>
   <div class='ocr_carea' id='block_1_92' title="bbox 186 5660 1756 5743">
    <p class='ocr_par' dir='ltr' id='par_1_92' title="bbox 186 5660 1756 5743">
     <span class='ocr_line' id='line_1_92' title="bbox 186 5660 1756 5743; baseline 0.001 -30"><span class='ocrx_word' id='word_1_660' title='bbox 186 5662 334 5743; x_wconf 63' lang='lat' dir='ltr'><strong>stolae</strong></span> <span class='ocrx_word' id='word_1_661' title='bbox 359 5660 510 5743; x_wconf 70' lang='lat' dir='ltr'><strong>prior</strong></span> <span class='ocrx_word' id='word_1_662' title='bbox 531 5676 661 5743; x_wconf 80' lang='lat' dir='ltr'><strong>pars</strong></span> <span class='ocrx_word' id='word_1_663' title='bbox 679 5660 1279 5743; x_wconf 40' lang='lat' dir='ltr'><strong>‘omnino_cu_inu_la.tur.</strong></span> <span class='ocrx_word' id='word_1_664' title='bbox 1322 5660 1498 5743; x_wconf 80' lang='lat' dir='ltr'><strong>Hujus</strong></span> <span class='ocrx_word' id='word_1_665' title='bbox 1525 5675 1659 5742; x_wconf 76' lang='lat' dir='ltr'><strong>ergo</strong></span> <span class='ocrx_word' id='word_1_666' title='bbox 1690 5661 1756 5714; x_wconf 88' lang='lat' dir='ltr'><strong>ad</strong></span> 
     </span>
    </p>
   </div>
   <div class='ocr_carea' id='block_1_93' title="bbox 185 5729 1760 5802">
    <p class='ocr_par' dir='ltr' id='par_1_93' title="bbox 185 5729 1760 5802">
     <span class='ocr_line' id='line_1_93' title="bbox 185 5729 1760 5802; baseline 0.001 -18"><span class='ocrx_word' id='word_1_667' title='bbox 185 5729 427 5786; x_wconf 70' lang='lat' dir='ltr'><strong>Africani</strong></span> <span class='ocrx_word' id='word_1_668' title='bbox 458 5729 747 5802; x_wconf 85' lang='lat' dir='ltr'><strong>epistolam</strong></span> <span class='ocrx_word' id='word_1_669' title='bbox 787 5733 1032 5802; x_wconf 69' lang='lat' dir='ltr'><strong>praeclari</strong></span> <span class='ocrx_word' id='word_1_670' title='bbox 1058 5732 1415 5788; x_wconf 86' lang='lat' dir='ltr'><strong>additamenti</strong></span> <span class='ocrx_word' id='word_1_671' title='bbox 1442 5729 1760 5802; x_wconf 86' lang='lat' dir='ltr'><strong>meminisse</strong></span> 
     </span>
    </p>
   </div>
   <div class='ocr_carea' id='block_1_94' title="bbox 186 5801 1754 5876">
    <p class='ocr_par' dir='ltr' id='par_1_94' title="bbox 186 5801 1754 5876">
     <span class='ocr_line' id='line_1_94' title="bbox 186 5801 1754 5876; baseline -0.001 -20"><span class='ocrx_word' id='word_1_672' title='bbox 186 5810 396 5872; x_wconf 81' lang='lat' dir='ltr'><strong>oportet</strong></span> <span class='ocrx_word' id='word_1_673' title='bbox 415 5801 532 5869; x_wconf 80' lang='lat' dir='ltr'><strong>eos,</strong></span> <span class='ocrx_word' id='word_1_674' title='bbox 555 5803 649 5874; x_wconf 86' lang='lat' dir='ltr'><strong>qui</strong></span> <span class='ocrx_word' id='word_1_675' title='bbox 671 5801 839 5863; x_wconf 77' lang='lat' dir='ltr'><strong>novas</strong></span> <span class='ocrx_word' id='word_1_676' title='bbox 859 5803 1153 5876; x_wconf 77' lang='lat' dir='ltr'><strong>aliquando</strong></span> <span class='ocrx_word' id='word_1_677' title='bbox 1170 5804 1437 5861; x_wconf 85' lang='lat' dir='ltr'><strong>editiones</strong></span> <span class='ocrx_word' id='word_1_678' title='bbox 1463 5801 1754 5858; x_wconf 83' lang='lat' dir='ltr'><strong>curabunt.</strong></span> 
     </span>
    </p>
   </div>
   <div class='ocr_carea' id='block_1_95' title="bbox 1885 3309 3468 3384">
    <p class='ocr_par' dir='ltr' id='par_1_95' title="bbox 1885 3309 3468 3384">
     <span class='ocr_line' id='line_1_95' title="bbox 1885 3309 3468 3384; baseline 0.003 -18"><span class='ocrx_word' id='word_1_679' title='bbox 1885 3311 2255 3367; x_wconf 86' lang='lat' dir='ltr'><strong>sacerdotium</strong></span> <span class='ocrx_word' id='word_1_680' title='bbox 2298 3310 2658 3380; x_wconf 88' lang='lat' dir='ltr'><strong>comprobare</strong></span> <span class='ocrx_word' id='word_1_681' title='bbox 2707 3310 2956 3367; x_wconf 87' lang='lat' dir='ltr'><strong>velimus.</strong></span> <span class='ocrx_word' id='word_1_682' title='bbox 2998 3309 3136 3367; x_wconf 88' lang='lat' dir='ltr'><strong>Nam</strong></span> <span class='ocrx_word' id='word_1_683' title='bbox 3183 3320 3237 3368; x_wconf 92' lang='lat' dir='ltr'><strong>et</strong></span> <span class='ocrx_word' id='word_1_684' title='bbox 3265 3313 3468 3384; x_wconf 88' lang='lat' dir='ltr'><strong>alioqui</strong></span> 
     </span>
    </p>
   </div>
   <div class='ocr_carea' id='block_1_96' title="bbox 1881 3400 3468 3475">
    <p class='ocr_par' dir='ltr' id='par_1_96' title="bbox 1881 3400 3468 3475">
     <span class='ocr_line' id='line_1_96' title="bbox 1881 3400 3468 3475; baseline 0.003 -18"><span class='ocrx_word' id='word_1_685' title='bbox 1881 3403 2053 3475; x_wconf 87' lang='lat' dir='ltr'><strong>regali</strong></span> <span class='ocrx_word' id='word_1_686' title='bbox 2085 3403 2240 3457; x_wconf 71' lang='lat' dir='ltr'><strong>Judae</strong></span> <span class='ocrx_word' id='word_1_687' title='bbox 2290 3402 2456 3456; x_wconf 89' lang='lat' dir='ltr'><strong>tribui</strong></span> <span class='ocrx_word' id='word_1_688' title='bbox 2515 3400 2878 3458; x_wconf 88' lang='lat' dir='ltr'><strong>sacerdotalis</strong></span> <span class='ocrx_word' id='word_1_689' title='bbox 2924 3402 3053 3459; x_wconf 86' lang='lat' dir='ltr'><strong>Levi</strong></span> <span class='ocrx_word' id='word_1_690' title='bbox 3101 3404 3280 3460; x_wconf 90' lang='lat' dir='ltr'><strong>tribus</strong></span> <span class='ocrx_word' id='word_1_691' title='bbox 3324 3405 3468 3461; x_wconf 78' lang='lat' dir='ltr'><strong>facta</strong></span> 
     </span>
    </p>
   </div>
   <div class='ocr_carea' id='block_1_97' title="bbox 1880 3491 3469 3565">
    <p class='ocr_par' dir='ltr' id='par_1_97' title="bbox 1880 3491 3469 3565">
     <span class='ocr_line' id='line_1_97' title="bbox 1880 3491 3469 3565; baseline 0.001 -15"><span class='ocrx_word' id='word_1_692' title='bbox 1880 3502 2000 3550; x_wconf 88' lang='lat' dir='ltr'><strong>erat</strong></span> <span class='ocrx_word' id='word_1_693' title='bbox 2029 3493 2226 3556; x_wconf 81' lang='lat' dir='ltr'><strong>amnis,</strong></span> <span class='ocrx_word' id='word_1_694' title='bbox 2251 3510 2318 3549; x_wconf 83' lang='lat' dir='ltr'><strong>ex</strong></span> <span class='ocrx_word' id='word_1_695' title='bbox 2351 3508 2460 3565; x_wconf 93' lang='lat' dir='ltr'><strong>quo</strong></span> <span class='ocrx_word' id='word_1_696' title='bbox 2483 3491 2783 3550; x_wconf 88' lang='lat' dir='ltr'><strong>Naassonis</strong></span> <span class='ocrx_word' id='word_1_697' title='bbox 2839 3511 3084 3552; x_wconf 89' lang='lat' dir='ltr'><strong>sororem</strong></span> <span class='ocrx_word' id='word_1_698' title='bbox 3133 3494 3469 3554; x_wconf 87' lang='lat' dir='ltr'><strong>Elisabetam</strong></span> 
     </span>
    </p>
   </div>
   <div class='ocr_carea' id='block_1_98' title="bbox 1881 3583 3471 3657">
    <p class='ocr_par' dir='ltr' id='par_1_98' title="bbox 1881 3583 3471 3657">
     <span class='ocr_line' id='line_1_98' title="bbox 1881 3583 3471 3657; baseline 0.003 -19"><span class='ocrx_word' id='word_1_699' title='bbox 1881 3583 2036 3638; x_wconf 86' lang='lat' dir='ltr'><strong>duxit</strong></span> <span class='ocrx_word' id='word_1_700' title='bbox 2065 3585 2249 3638; x_wconf 88' lang='lat' dir='ltr'><strong>Aaron</strong></span> <span class='ocrx_word' id='word_1_701' title='bbox 2279 3599 2508 3639; x_wconf 82' lang='lat' dir='ltr'><strong>uxorem</strong></span> <span class='ocrx_word' id='word_1_702' title='bbox 2543 3583 2610 3650; x_wconf 77' lang='lat'><strong>“,</strong></span> <span class='ocrx_word' id='word_1_703' title='bbox 2647 3599 2955 3657; x_wconf 87' lang='lat' dir='ltr'><strong>rursusque</strong></span> <span class='ocrx_word' id='word_1_704' title='bbox 3000 3585 3230 3642; x_wconf 89' lang='lat' dir='ltr'><strong>Eleazar</strong></span> <span class='ocrx_word' id='word_1_705' title='bbox 3279 3587 3471 3642; x_wconf 84' lang='lat' dir='ltr'><strong>Phati-</strong></span> 
     </span>
    </p>
   </div>
   <div class='ocr_carea' id='block_1_99' title="bbox 1883 3674 3466 3750">
    <p class='ocr_par' dir='ltr' id='par_1_99' title="bbox 1883 3674 3466 3750">
     <span class='ocr_line' id='line_1_99' title="bbox 1883 3674 3466 3750; baseline 0.004 -22"><span class='ocrx_word' id='word_1_706' title='bbox 1883 3674 2026 3730; x_wconf 92' lang='lat' dir='ltr'><strong>helis</strong></span> <span class='ocrx_word' id='word_1_707' title='bbox 2060 3674 2224 3728; x_wconf 84' lang='lat' dir='ltr'><strong>ﬁliam</strong></span> <span class='ocrx_word' id='word_1_708' title='bbox 2250 3674 2320 3742; x_wconf 79' lang='lat'><strong>“,</strong></span> <span class='ocrx_word' id='word_1_709' title='bbox 2371 3675 2525 3746; x_wconf 93' lang='lat' dir='ltr'><strong>prole</strong></span> <span class='ocrx_word' id='word_1_710' title='bbox 2559 3675 2687 3731; x_wconf 88' lang='lat' dir='ltr'><strong>inde</strong></span> <span class='ocrx_word' id='word_1_711' title='bbox 2726 3684 3004 3748; x_wconf 84' lang='lat' dir='ltr'><strong>suscepta.</strong></span> <span class='ocrx_word' id='word_1_712' title='bbox 3057 3675 3200 3748; x_wconf 86' lang='lat' dir='ltr'><strong>Ergo</strong></span> <span class='ocrx_word' id='word_1_713' title='bbox 3232 3693 3466 3750; x_wconf 85' lang='lat' dir='ltr'><strong>evange-</strong></span> 
     </span>
    </p>
   </div>
   <div class='ocr_carea' id='block_1_100' title="bbox 1879 3767 3463 3837">
    <p class='ocr_par' dir='ltr' id='par_1_100' title="bbox 1879 3767 3463 3837">
     <span class='ocr_line' id='line_1_100' title="bbox 1879 3767 3463 3837; baseline 0.002 -17"><span class='ocrx_word' id='word_1_714' title='bbox 1879 3767 2023 3824; x_wconf 71' lang='lat' dir='ltr'><strong>listae</strong></span> <span class='ocrx_word' id='word_1_715' title='bbox 2057 3767 2274 3821; x_wconf 89' lang='lat' dir='ltr'><strong>mentiti</strong></span> <span class='ocrx_word' id='word_1_716' title='bbox 2327 3774 2478 3833; x_wconf 89' lang='lat' dir='ltr'><strong>sunt,</strong></span> <span class='ocrx_word' id='word_1_717' title='bbox 2516 3767 2646 3822; x_wconf 93' lang='lat' dir='ltr'><strong>dum</strong></span> <span class='ocrx_word' id='word_1_718' title='bbox 2697 3783 2810 3822; x_wconf 90' lang='lat' dir='ltr'><strong>non</strong></span> <span class='ocrx_word' id='word_1_719' title='bbox 2847 3769 3134 3824; x_wconf 89' lang='lat' dir='ltr'><strong>veritatem</strong></span> <span class='ocrx_word' id='word_1_720' title='bbox 3183 3778 3463 3837; x_wconf 90' lang='lat' dir='ltr'><strong>asserunt,</strong></span> 
     </span>
    </p>
   </div>
   <div class='ocr_carea' id='block_1_101' title="bbox 1879 3863 3465 3936">
    <p class='ocr_par' dir='ltr' id='par_1_101' title="bbox 1879 3863 3465 3936">
     <span class='ocr_line' id='line_1_101' title="bbox 1879 3863 3465 3936; baseline 0 -17"><span class='ocrx_word' id='word_1_721' title='bbox 1879 3863 1975 3919; x_wconf 89' lang='lat' dir='ltr'><strong>sed</strong></span> <span class='ocrx_word' id='word_1_722' title='bbox 2018 3863 2333 3918; x_wconf 87' lang='lat' dir='ltr'><strong>simulatam</strong></span> <span class='ocrx_word' id='word_1_723' title='bbox 2361 3863 2577 3918; x_wconf 92' lang='lat' dir='ltr'><strong>laudem</strong></span> <span class='ocrx_word' id='word_1_724' title='bbox 2615 3882 2628 3918; x_wconf 90' lang='lat'>:</span> <span class='ocrx_word' id='word_1_725' title='bbox 2663 3863 2826 3934; x_wconf 88' lang='lat' dir='ltr'><strong>cujus</strong></span> <span class='ocrx_word' id='word_1_726' title='bbox 2855 3865 2936 3918; x_wconf 90' lang='lat' dir='ltr'><strong>rei</strong></span> <span class='ocrx_word' id='word_1_727' title='bbox 2967 3878 3156 3928; x_wconf 89' lang='lat' dir='ltr'><strong>causa,</strong></span> <span class='ocrx_word' id='word_1_728' title='bbox 3182 3865 3317 3920; x_wconf 90' lang='lat' dir='ltr'><strong>alter</strong></span> <span class='ocrx_word' id='word_1_729' title='bbox 3340 3866 3465 3936; x_wconf 85' lang='lat' dir='ltr'><strong>qui-</strong></span> 
     </span>
    </p>
   </div>
   <div class='ocr_carea' id='block_1_102' title="bbox 1878 3953 3460 4027">
    <p class='ocr_par' dir='ltr' id='par_1_102' title="bbox 1878 3953 3460 4027">
     <span class='ocr_line' id='line_1_102' title="bbox 1878 3953 3460 4027; baseline 0.002 -19"><span class='ocrx_word' id='word_1_730' title='bbox 1878 3953 2001 4009; x_wconf 92' lang='lat' dir='ltr'><strong>dem</strong></span> <span class='ocrx_word' id='word_1_731' title='bbox 2041 3969 2140 4025; x_wconf 90' lang='lat' dir='ltr'><strong>per</strong></span> <span class='ocrx_word' id='word_1_732' title='bbox 2182 3953 2532 4010; x_wconf 89' lang='lat' dir='ltr'><strong>Salomonem</strong></span> <span class='ocrx_word' id='word_1_733' title='bbox 2566 3969 2596 4008; x_wconf 86' lang='lat' dir='ltr'><strong>a</strong></span> <span class='ocrx_word' id='word_1_734' title='bbox 2629 3954 2836 4010; x_wconf 89' lang='lat' dir='ltr'><strong>Davidc</strong></span> <span class='ocrx_word' id='word_1_735' title='bbox 2859 3953 3050 4011; x_wconf 83' lang='lat' dir='ltr'><strong>Jacobi</strong></span> <span class='ocrx_word' id='word_1_736' title='bbox 3074 3956 3316 4027; x_wconf 82' lang='lat' dir='ltr'><strong>stirpem</strong></span> <span class='ocrx_word' id='word_1_737' title='bbox 3344 3966 3460 4011; x_wconf 80' lang='lat' dir='ltr'><strong>tra-</strong></span> 
     </span>
    </p>
   </div>
   <div class='ocr_carea' id='block_1_103' title="bbox 1878 4045 3463 4118">
    <p class='ocr_par' dir='ltr' id='par_1_103' title="bbox 1878 4045 3463 4118">
     <span class='ocr_line' id='line_1_103' title="bbox 1878 4045 3463 4118; baseline 0.001 -18"><span class='ocrx_word' id='word_1_738' title='bbox 1878 4046 1980 4110; x_wconf 86' lang='lat' dir='ltr'><strong>xit,</strong></span> <span class='ocrx_word' id='word_1_739' title='bbox 2010 4047 2102 4116; x_wconf 92' lang='lat' dir='ltr'><strong>qui</strong></span> <span class='ocrx_word' id='word_1_740' title='bbox 2138 4046 2241 4101; x_wconf 91' lang='lat' dir='ltr'><strong>fuit</strong></span> <span class='ocrx_word' id='word_1_741' title='bbox 2267 4045 2492 4118; x_wconf 88' lang='lat' dir='ltr'><strong>Josephi</strong></span> <span class='ocrx_word' id='word_1_742' title='bbox 2528 4055 2683 4118; x_wconf 89' lang='lat' dir='ltr'><strong>pater</strong></span> <span class='ocrx_word' id='word_1_743' title='bbox 2725 4065 2740 4103; x_wconf 89' lang='lat'>:</span> <span class='ocrx_word' id='word_1_744' title='bbox 2773 4048 2914 4102; x_wconf 90' lang='lat' dir='ltr'><strong>alter</strong></span> <span class='ocrx_word' id='word_1_745' title='bbox 2947 4055 3129 4103; x_wconf 91' lang='lat' dir='ltr'><strong>autem</strong></span> <span class='ocrx_word' id='word_1_746' title='bbox 3158 4063 3188 4102; x_wconf 90' lang='lat' dir='ltr'><strong>a</strong></span> <span class='ocrx_word' id='word_1_747' title='bbox 3209 4047 3463 4103; x_wconf 87' lang='lat' dir='ltr'><strong>Nathano</strong></span> 
     </span>
    </p>
   </div>
   <div class='ocr_carea' id='block_1_104' title="bbox 1880 4137 3459 4210">
    <p class='ocr_par' dir='ltr' id='par_1_104' title="bbox 1880 4137 3459 4210">
     <span class='ocr_line' id='line_1_104' title="bbox 1880 4137 3459 4210; baseline 0.003 -20"><span class='ocrx_word' id='word_1_748' title='bbox 1880 4138 2101 4194; x_wconf 85' lang='lat' dir='ltr'><strong>Davidis</strong></span> <span class='ocrx_word' id='word_1_749' title='bbox 2153 4141 2262 4195; x_wconf 89' lang='lat' dir='ltr'><strong>lilio</strong></span> <span class='ocrx_word' id='word_1_750' title='bbox 2308 4138 2483 4195; x_wconf 90' lang='lat' dir='ltr'><strong>Helim</strong></span> <span class='ocrx_word' id='word_1_751' title='bbox 2541 4139 2768 4194; x_wconf 85' lang='lat' dir='ltr'><strong>deduxit</strong></span> <span class='ocrx_word' id='word_1_752' title='bbox 2804 4137 3030 4208; x_wconf 89' lang='lat' dir='ltr'><strong>Josephi</strong></span> <span class='ocrx_word' id='word_1_753' title='bbox 3081 4143 3308 4210; x_wconf 84' lang='lat' dir='ltr'><strong>pariter,</strong></span> <span class='ocrx_word' id='word_1_754' title='bbox 3364 4143 3459 4196; x_wconf 72' lang='lat' dir='ltr'><strong>sed</strong></span> 
     </span>
    </p>
   </div>
   <div class='ocr_carea' id='block_1_105' title="bbox 1877 4230 3461 4303">
    <p class='ocr_par' dir='ltr' id='par_1_105' title="bbox 1877 4230 3461 4303">
     <span class='ocr_line' id='line_1_105' title="bbox 1877 4230 3461 4303; baseline 0.001 -20"><span class='ocrx_word' id='word_1_755' title='bbox 1877 4230 1985 4284; x_wconf 90' lang='lat' dir='ltr'><strong>alia</strong></span> <span class='ocrx_word' id='word_1_756' title='bbox 2016 4231 2250 4295; x_wconf 87' lang='lat' dir='ltr'><strong>ratione,</strong></span> <span class='ocrx_word' id='word_1_757' title='bbox 2287 4237 2520 4300; x_wconf 86' lang='lat' dir='ltr'><strong>patrem.</strong></span> <span class='ocrx_word' id='word_1_758' title='bbox 2543 4230 2707 4300; x_wconf 83' lang='lat' dir='ltr'><strong>Atqui</strong></span> <span class='ocrx_word' id='word_1_759' title='bbox 2734 4246 2829 4286; x_wconf 90' lang='lat' dir='ltr'><strong>eos</strong></span> <span class='ocrx_word' id='word_1_760' title='bbox 2865 4230 3117 4300; x_wconf 87' lang='lat' dir='ltr'><strong>ignorare</strong></span> <span class='ocrx_word' id='word_1_761' title='bbox 3151 4247 3262 4286; x_wconf 89' lang='lat' dir='ltr'><strong>non</strong></span> <span class='ocrx_word' id='word_1_762' title='bbox 3297 4247 3461 4303; x_wconf 86' lang='lat' dir='ltr'><strong>opor-</strong></span> 
     </span>
    </p>
   </div>
   <div class='ocr_carea' id='block_1_106' title="bbox 1876 4311 3456 4393">
    <p class='ocr_par' dir='ltr' id='par_1_106' title="bbox 1876 4311 3456 4393">
     <span class='ocr_line' id='line_1_106' title="bbox 1876 4311 3456 4393; baseline 0.003 -17"><span class='ocrx_word' id='word_1_763' title='bbox 1876 4323 2046 4391; x_wconf 85' lang='lat' dir='ltr'><strong>tebat,</strong></span> <span class='ocrx_word' id='word_1_764' title='bbox 2077 4330 2374 4393; x_wconf 86' lang='lat' dir='ltr'><strong>utrumque</strong></span> <span class='ocrx_word' id='word_1_765' title='bbox 2404 4311 2812 4377; x_wconf 81' lang='lat' dir='ltr'><strong>numeratorum</strong></span> <span class='ocrx_word' id='word_1_766' title='bbox 2855 4322 3140 4378; x_wconf 87' lang='lat' dir='ltr'><strong>hominum</strong></span> <span class='ocrx_word' id='word_1_767' title='bbox 3187 4322 3456 4391; x_wconf 86' lang='lat' dir='ltr'><strong>ordinem.</strong></span> 
     </span>
    </p>
   </div>
   <div class='ocr_carea' id='block_1_107' title="bbox 1877 4412 3455 4484">
    <p class='ocr_par' dir='ltr' id='par_1_107' title="bbox 1877 4412 3455 4484">
     <span class='ocr_line' id='line_1_107' title="bbox 1877 4412 3455 4484; baseline 0.002 -16"><span class='ocrx_word' id='word_1_768' title='bbox 1877 4430 2053 4484; x_wconf 78' lang='lat' dir='ltr'><strong>genus</strong></span> <span class='ocrx_word' id='word_1_769' title='bbox 2086 4429 2209 4470; x_wconf 92' lang='lat' dir='ltr'><strong>esse</strong></span> <span class='ocrx_word' id='word_1_770' title='bbox 2239 4412 2484 4478; x_wconf 86' lang='lat' dir='ltr'><strong>Davidis,</strong></span> <span class='ocrx_word' id='word_1_771' title='bbox 2529 4413 2684 4469; x_wconf 72' lang='lat' dir='ltr'><strong>Juda:</strong></span> <span class='ocrx_word' id='word_1_772' title='bbox 2735 4430 2930 4484; x_wconf 91' lang='lat' dir='ltr'><strong>nempe</strong></span> <span class='ocrx_word' id='word_1_773' title='bbox 2977 4414 3185 4484; x_wconf 89' lang='lat' dir='ltr'><strong>regiam</strong></span> <span class='ocrx_word' id='word_1_774' title='bbox 3231 4415 3455 4471; x_wconf 83' lang='lat' dir='ltr'><strong>tribum.</strong></span> 
     </span>
    </p>
   </div>
   <div class='ocr_carea' id='block_1_108' title="bbox 1877 4506 3458 4577">
    <p class='ocr_par' dir='ltr' id='par_1_108' title="bbox 1877 4506 3458 4577">
     <span class='ocr_line' id='line_1_108' title="bbox 1877 4506 3458 4577; baseline 0.001 -18"><span class='ocrx_word' id='word_1_775' title='bbox 1877 4506 2102 4561; x_wconf 88' lang='lat' dir='ltr'><strong>Etiamsi</strong></span> <span class='ocrx_word' id='word_1_776' title='bbox 2140 4506 2288 4560; x_wconf 89' lang='lat' dir='ltr'><strong>enim</strong></span> <span class='ocrx_word' id='word_1_777' title='bbox 2331 4507 2597 4577; x_wconf 86' lang='lat' dir='ltr'><strong>propheta</strong></span> <span class='ocrx_word' id='word_1_778' title='bbox 2650 4506 2936 4562; x_wconf 84' lang='lat' dir='ltr'><strong>Nathanus</strong></span> <span class='ocrx_word' id='word_1_779' title='bbox 2986 4506 3109 4573; x_wconf 90' lang='lat' dir='ltr'><strong>fuit,</strong></span> <span class='ocrx_word' id='word_1_780' title='bbox 3138 4514 3193 4562; x_wconf 89' lang='lat' dir='ltr'><strong>et</strong></span> <span class='ocrx_word' id='word_1_781' title='bbox 3236 4507 3458 4577; x_wconf 88' lang='lat' dir='ltr'><strong>quidem</strong></span> 
     </span>
    </p>
   </div>
   <div class='ocr_carea' id='block_1_109' title="bbox 1871 4597 3456 4671">
    <p class='ocr_par' dir='ltr' id='par_1_109' title="bbox 1871 4597 3456 4671">
     <span class='ocr_line' id='line_1_109' title="bbox 1871 4597 3456 4671; baseline 0.002 -17"><span class='ocrx_word' id='word_1_782' title='bbox 1871 4599 2034 4654; x_wconf 90' lang='lat' dir='ltr'><strong>etiam</strong></span> <span class='ocrx_word' id='word_1_783' title='bbox 2069 4597 2633 4662; x_wconf 89' lang='lat' dir='ltr'><strong>Salomon,ethorum</strong></span> <span class='ocrx_word' id='word_1_784' title='bbox 2657 4599 2946 4670; x_wconf 91' lang='lat' dir='ltr'><strong>utriusque</strong></span> <span class='ocrx_word' id='word_1_785' title='bbox 2975 4613 3175 4669; x_wconf 90' lang='lat' dir='ltr'><strong>parens</strong></span> <span class='ocrx_word' id='word_1_786' title='bbox 3205 4597 3456 4671; x_wconf 84' lang='lat' dir='ltr'><strong>(David):</strong></span> 
     </span>
    </p>
   </div>
   <div class='ocr_carea' id='block_1_110' title="bbox 1871 4689 3458 4762">
    <p class='ocr_par' dir='ltr' id='par_1_110' title="bbox 1871 4689 3458 4762">
     <span class='ocr_line' id='line_1_110' title="bbox 1871 4689 3458 4762; baseline 0.001 -18"><span class='ocrx_word' id='word_1_787' title='bbox 1871 4704 1939 4744; x_wconf 87' lang='lat' dir='ltr'><strong>ex</strong></span> <span class='ocrx_word' id='word_1_788' title='bbox 1968 4689 2156 4744; x_wconf 91' lang='lat' dir='ltr'><strong>multis</strong></span> <span class='ocrx_word' id='word_1_789' title='bbox 2189 4703 2322 4745; x_wconf 88' lang='lat' dir='ltr'><strong>sane</strong></span> <span class='ocrx_word' id='word_1_790' title='bbox 2343 4689 2599 4744; x_wconf 88' lang='lat' dir='ltr'><strong>tribubus</strong></span> <span class='ocrx_word' id='word_1_791' title='bbox 2627 4691 2891 4746; x_wconf 84' lang='lat' dir='ltr'><strong>exstitere</strong></span> <span class='ocrx_word' id='word_1_792' title='bbox 2912 4691 3224 4762; x_wconf 75' lang='lat' dir='ltr'><strong>prophetae;</strong></span> <span class='ocrx_word' id='word_1_793' title='bbox 3247 4691 3341 4747; x_wconf 90' lang='lat' dir='ltr'><strong>sed</strong></span> <span class='ocrx_word' id='word_1_794' title='bbox 3373 4699 3458 4745; x_wconf 63' lang='lat' dir='ltr'><strong>ta.</strong></span> 
     </span>
    </p>
   </div>
   <div class='ocr_carea' id='block_1_111' title="bbox 1871 4781 3454 4839">
    <p class='ocr_par' dir='ltr' id='par_1_111' title="bbox 1871 4781 3454 4839">
     <span class='ocr_line' id='line_1_111' title="bbox 1871 4781 3454 4839; baseline 0.002 -3"><span class='ocrx_word' id='word_1_795' title='bbox 1871 4797 1996 4837; x_wconf 90' lang='lat' dir='ltr'><strong>men</strong></span> <span class='ocrx_word' id='word_1_796' title='bbox 2032 4781 2348 4838; x_wconf 86' lang='lat' dir='ltr'><strong>sacerdotes</strong></span> <span class='ocrx_word' id='word_1_797' title='bbox 2400 4781 2538 4836; x_wconf 92' lang='lat' dir='ltr'><strong>nulli</strong></span> <span class='ocrx_word' id='word_1_798' title='bbox 2586 4781 2810 4837; x_wconf 89' lang='lat' dir='ltr'><strong>fuerunt</strong></span> <span class='ocrx_word' id='word_1_799' title='bbox 2857 4799 2922 4837; x_wconf 80' lang='lat' dir='ltr'><strong>ex</strong></span> <span class='ocrx_word' id='word_1_800' title='bbox 2957 4783 3106 4838; x_wconf 90' lang='lat' dir='ltr'><strong>nulla</strong></span> <span class='ocrx_word' id='word_1_801' title='bbox 3161 4783 3454 4839; x_wconf 89' lang='lat' dir='ltr'><strong>duodecim</strong></span> 
     </span>
    </p>
   </div>
   <div class='ocr_carea' id='block_1_112' title="bbox 1869 4870 3452 4947">
    <p class='ocr_par' dir='ltr' id='par_1_112' title="bbox 1869 4870 3452 4947">
     <span class='ocr_line' id='line_1_112' title="bbox 1869 4870 3452 4947; baseline 0.004 -23"><span class='ocrx_word' id='word_1_802' title='bbox 1869 4871 2137 4937; x_wconf 90' lang='lat' dir='ltr'><strong>tribuum,</strong></span> <span class='ocrx_word' id='word_1_803' title='bbox 2165 4872 2259 4928; x_wconf 92' lang='lat' dir='ltr'><strong>sed</strong></span> <span class='ocrx_word' id='word_1_804' title='bbox 2290 4871 2394 4927; x_wconf 88' lang='lat' dir='ltr'><strong>soli</strong></span> <span class='ocrx_word' id='word_1_805' title='bbox 2428 4870 2652 4928; x_wconf 69' lang='lat' dir='ltr'><strong>Levitaa.</strong></span> <span class='ocrx_word' id='word_1_806' title='bbox 2694 4871 2924 4930; x_wconf 88' lang='lat' dir='ltr'><strong>Frustra</strong></span> <span class='ocrx_word' id='word_1_807' title='bbox 2958 4874 3124 4946; x_wconf 89' lang='lat' dir='ltr'><strong>igitur</strong></span> <span class='ocrx_word' id='word_1_808' title='bbox 3148 4876 3452 4947; x_wconf 88' lang='lat' dir='ltr'><strong>composita</strong></span> 
     </span>
    </p>
   </div>
   <div class='ocr_carea' id='block_1_113' title="bbox 1872 4961 3454 5036">
    <p class='ocr_par' dir='ltr' id='par_1_113' title="bbox 1872 4961 3454 5036">
     <span class='ocr_line' id='line_1_113' title="bbox 1872 4961 3454 5036; baseline 0.003 -20"><span class='ocrx_word' id='word_1_809' title='bbox 1872 4961 1942 5018; x_wconf 88' lang='lat' dir='ltr'><strong>ab</strong></span> <span class='ocrx_word' id='word_1_810' title='bbox 1970 4963 2080 5018; x_wconf 89' lang='lat' dir='ltr'><strong>illis</strong></span> <span class='ocrx_word' id='word_1_811' title='bbox 2111 4962 2215 5018; x_wconf 92' lang='lat' dir='ltr'><strong>fuit</strong></span> <span class='ocrx_word' id='word_1_812' title='bbox 2251 4962 2368 5019; x_wconf 67' lang='lat' dir='ltr'><strong>haec</strong></span> <span class='ocrx_word' id='word_1_813' title='bbox 2405 4962 2655 5030; x_wconf 83' lang='lat' dir='ltr'><strong>falsitas;</strong></span> <span class='ocrx_word' id='word_1_814' title='bbox 2688 4981 2868 5036; x_wconf 87' lang='lat' dir='ltr'><strong>neque</strong></span> <span class='ocrx_word' id='word_1_815' title='bbox 2897 4967 3215 5036; x_wconf 61' lang='lat' dir='ltr'><strong>praevalebit</strong></span> <span class='ocrx_word' id='word_1_816' title='bbox 3259 4967 3454 5036; x_wconf 87' lang='lat' dir='ltr'><strong>hujus-</strong></span> 
     </span>
    </p>
   </div>
   <div class='ocr_carea' id='block_1_114' title="bbox 1874 5055 3450 5113">
    <p class='ocr_par' dir='ltr' id='par_1_114' title="bbox 1874 5055 3450 5113">
     <span class='ocr_line' id='line_1_114' title="bbox 1874 5055 3450 5113; baseline 0.001 -5"><span class='ocrx_word' id='word_1_817' title='bbox 1874 5055 2022 5110; x_wconf 90' lang='lat' dir='ltr'><strong>modi</strong></span> <span class='ocrx_word' id='word_1_818' title='bbox 2047 5070 2229 5112; x_wconf 89' lang='lat' dir='ltr'><strong>sermo</strong></span> <span class='ocrx_word' id='word_1_819' title='bbox 2252 5056 2310 5112; x_wconf 87' lang='lat' dir='ltr'><strong>in</strong></span> <span class='ocrx_word' id='word_1_820' title='bbox 2355 5055 2564 5112; x_wconf 91' lang='lat' dir='ltr'><strong>Christi</strong></span> <span class='ocrx_word' id='word_1_821' title='bbox 2602 5056 2848 5113; x_wconf 87' lang='lat' dir='ltr'><strong>Ecclesia</strong></span> <span class='ocrx_word' id='word_1_822' title='bbox 2886 5065 3080 5113; x_wconf 89' lang='lat' dir='ltr'><strong>contra</strong></span> <span class='ocrx_word' id='word_1_823' title='bbox 3135 5066 3450 5111; x_wconf 87' lang='lat' dir='ltr'><strong>accuratam</strong></span> 
     </span>
    </p>
   </div>
   <div class='ocr_carea' id='block_1_115' title="bbox 1874 5146 3451 5220">
    <p class='ocr_par' dir='ltr' id='par_1_115' title="bbox 1874 5146 3451 5220">
     <span class='ocr_line' id='line_1_115' title="bbox 1874 5146 3451 5220; baseline 0 -18"><span class='ocrx_word' id='word_1_824' title='bbox 1874 5147 2179 5214; x_wconf 87' lang='lat' dir='ltr'><strong>veritatem,</strong></span> <span class='ocrx_word' id='word_1_825' title='bbox 2211 5164 2408 5220; x_wconf 90' lang='lat' dir='ltr'><strong>nempe</strong></span> <span class='ocrx_word' id='word_1_826' title='bbox 2437 5156 2499 5204; x_wconf 90' lang='lat' dir='ltr'><strong>ut</strong></span> <span class='ocrx_word' id='word_1_827' title='bbox 2543 5149 2888 5206; x_wconf 89' lang='lat' dir='ltr'><strong>mendacium</strong></span> <span class='ocrx_word' id='word_1_828' title='bbox 2929 5148 3346 5204; x_wconf 87' lang='lat' dir='ltr'><strong>consarcinetur</strong></span> <span class='ocrx_word' id='word_1_829' title='bbox 3383 5146 3451 5202; x_wconf 87' lang='lat' dir='ltr'><strong>ad</strong></span> 
     </span>
    </p>
   </div>
   <div class='ocr_carea' id='block_1_116' title="bbox 1863 5374 3448 5446">
    <p class='ocr_par' dir='ltr' id='par_1_116' title="bbox 1863 5374 3448 5446">
     <span class='ocr_line' id='line_1_116' title="bbox 1863 5374 3448 5446; baseline -0.001 -14"><span class='ocrx_word' id='word_1_830' title='bbox 1863 5377 2079 5432; x_wconf 88' lang='lat' dir='ltr'><strong>Etenim</strong></span> <span class='ocrx_word' id='word_1_831' title='bbox 2114 5376 2169 5430; x_wconf 93' lang='lat' dir='ltr'><strong>in</strong></span> <span class='ocrx_word' id='word_1_832' title='bbox 2218 5375 2410 5430; x_wconf 78' lang='lat' dir='ltr'><strong>Veneti</strong></span> <span class='ocrx_word' id='word_1_833' title='bbox 2455 5391 2675 5446; x_wconf 90' lang='lat' dir='ltr'><strong>quoque</strong></span> <span class='ocrx_word' id='word_1_834' title='bbox 2719 5375 2986 5446; x_wconf 15' lang='lat' dir='ltr'><strong>Gailaindii</strong></span> <span class='ocrx_word' id='word_1_835' title='bbox 3041 5374 3448 5445; x_wconf 82' lang='lat' dir='ltr'><strong>diligentissimi</strong></span> 
     </span>
    </p>
   </div>
   <div class='ocr_carea' id='block_1_117' title="bbox 1864 5445 3448 5528">
    <p class='ocr_par' dir='ltr' id='par_1_117' title="bbox 1864 5445 3448 5528">
     <span class='ocr_line' id='line_1_117' title="bbox 1864 5445 3448 5528; baseline -0.001 -25"><span class='ocrx_word' id='word_1_836' title='bbox 1864 5447 2108 5528; x_wconf 80' lang='lat' dir='ltr'><strong>hominis</strong></span> <span class='ocrx_word' id='word_1_837' title='bbox 2147 5445 2737 5528; x_wconf 36' lang='lat' dir='ltr'><strong>Bibliothecafa’trunt</strong></span> <span class='ocrx_word' id='word_1_838' title='bbox 2776 5455 2816 5528; x_wconf 79' lang='lat' dir='ltr'><strong>t._</strong></span> <span class='ocrx_word' id='word_1_839' title='bbox 2842 5445 2906 5509; x_wconf 90' lang='lat' dir='ltr'><strong>ll,</strong></span> <span class='ocrx_word' id='word_1_840' title='bbox 2934 5446 3448 5528; x_wconf 43' lang='lat' dir='ltr'><strong>p.__538,_.acephala</strong></span> 
     </span>
    </p>
   </div>
   <div class='ocr_carea' id='block_1_118' title="bbox 1863 5516 3450 5588">
    <p class='ocr_par' dir='ltr' id='par_1_118' title="bbox 1863 5516 3450 5588">
     <span class='ocr_line' id='line_1_118' title="bbox 1863 5516 3450 5588; baseline -0.001 -15"><span class='ocrx_word' id='word_1_841' title='bbox 1863 5529 1949 5573; x_wconf 85' lang='lat' dir='ltr'><strong>est</strong></span> <span class='ocrx_word' id='word_1_842' title='bbox 1987 5520 2099 5572; x_wconf 76' lang='lat' dir='ltr'><strong>haec</strong></span> <span class='ocrx_word' id='word_1_843' title='bbox 2130 5518 2384 5588; x_wconf 84' lang='lat' dir='ltr'><strong>epistola,</strong></span> <span class='ocrx_word' id='word_1_844' title='bbox 2418 5517 2548 5587; x_wconf 87' lang='lat' dir='ltr'><strong>quia</strong></span> <span class='ocrx_word' id='word_1_845' title='bbox 2575 5524 2738 5588; x_wconf 87' lang='lat' dir='ltr'><strong>caput</strong></span> <span class='ocrx_word' id='word_1_846' title='bbox 2768 5517 2889 5588; x_wconf 90' lang='lat' dir='ltr'><strong>ejus</strong></span> <span class='ocrx_word' id='word_1_847' title='bbox 2927 5518 3106 5572; x_wconf 88' lang='lat' dir='ltr'><strong>adhuc</strong></span> <span class='ocrx_word' id='word_1_848' title='bbox 3140 5516 3324 5572; x_wconf 91' lang='lat' dir='ltr'><strong>linteis</strong></span> <span class='ocrx_word' id='word_1_849' title='bbox 3354 5530 3450 5571; x_wconf 83' lang='lat' dir='ltr'><strong>co-</strong></span> 
     </span>
    </p>
   </div>
   <div class='ocr_carea' id='block_1_119' title="bbox 1863 5589 2566 5644">
    <p class='ocr_par' dir='ltr' id='par_1_119' title="bbox 1863 5589 2566 5644">
     <span class='ocr_line' id='line_1_119' title="bbox 1863 5589 2566 5644; baseline -0.004 -1"><span class='ocrx_word' id='word_1_850' title='bbox 1863 5591 2047 5644; x_wconf 90' lang='lat' dir='ltr'><strong>dicum</strong></span> <span class='ocrx_word' id='word_1_851' title='bbox 2082 5589 2398 5643; x_wconf 85' lang='lat' dir='ltr'><strong>obvolutum</strong></span> <span class='ocrx_word' id='word_1_852' title='bbox 2427 5595 2566 5642; x_wconf 91' lang='lat' dir='ltr'><strong>erat.</strong></span> 
     </span>
    </p>
   </div>
   <div class='ocr_carea' id='block_1_120' title="bbox 1959 5657 3445 5728">
    <p class='ocr_par' dir='ltr' id='par_1_120' title="bbox 1959 5657 3445 5728">
     <span class='ocr_line' id='line_1_120' title="bbox 1959 5657 3445 5728; baseline -0.002 -15"><span class='ocrx_word' id='word_1_853' title='bbox 1959 5659 2048 5727; x_wconf 70' lang='lat'><strong>49)</strong></span> <span class='ocrx_word' id='word_1_854' title='bbox 2088 5660 2146 5714; x_wconf 89' lang='lat' dir='ltr'><strong>ln</strong></span> <span class='ocrx_word' id='word_1_855' title='bbox 2182 5659 2419 5728; x_wconf 86' lang='lat' dir='ltr'><strong>epitome</strong></span> <span class='ocrx_word' id='word_1_856' title='bbox 2463 5658 2635 5713; x_wconf 84' lang='lat' dir='ltr'><strong>codex</strong></span> <span class='ocrx_word' id='word_1_857' title='bbox 2681 5657 2846 5713; x_wconf 89' lang='lat' dir='ltr'><strong>habet</strong></span> <span class='ocrx_word' id='word_1_858' title='bbox 2889 5659 3118 5712; x_wconf 88' lang='lat' dir='ltr'><strong>omnino</strong></span> <span class='ocrx_word' id='word_1_859' title='bbox 3153 5658 3213 5709; x_wconf 86' lang='grc' dir='ltr'><strong>ού</strong></span> <span class='ocrx_word' id='word_1_860' title='bbox 3248 5658 3445 5723; x_wconf 85' lang='grc' dir='ltr'>δεῖνες,</span> 
     </span>
    </p>
   </div>
   <div class='ocr_carea' id='block_1_121' title="bbox 1864 5728 3230 5800">
    <p class='ocr_par' dir='ltr' id='par_1_121' title="bbox 1864 5728 3230 5800">
     <span class='ocr_line' id='line_1_121' title="bbox 1864 5728 3230 5800; baseline 0 -12"><span class='ocrx_word' id='word_1_861' title='bbox 1864 5728 1960 5788; x_wconf 82' lang='lat' dir='ltr'><strong>sed</strong></span> <span class='ocrx_word' id='word_1_862' title='bbox 1983 5745 2166 5788; x_wconf 86' lang='lat' dir='ltr'><strong>veram</strong></span> <span class='ocrx_word' id='word_1_863' title='bbox 2191 5745 2337 5786; x_wconf 88' lang='lat' dir='ltr'><strong>nunc</strong></span> <span class='ocrx_word' id='word_1_864' title='bbox 2357 5728 2513 5786; x_wconf 85' lang='lat' dir='ltr'><strong>vides</strong></span> <span class='ocrx_word' id='word_1_865' title='bbox 2538 5728 2826 5788; x_wconf 88' lang='lat' dir='ltr'><strong>lectionem</strong></span> <span class='ocrx_word' id='word_1_866' title='bbox 2862 5728 2922 5794; x_wconf 79' lang='grc' dir='ltr'><strong>ἐξ</strong></span> <span class='ocrx_word' id='word_1_867' title='bbox 2953 5729 3230 5800; x_wconf 78' lang='grc' dir='ltr'>οὐδεμιᾶς.</span> 
     </span>
    </p>
   </div>
  </div>
