3846 6220
412 309 518 363 967

1096 298 1366 356 EUSEBII
1404 295 1886 354 CESARIENSIS
1925 293 2077 352 OPP.
2118 291 2302 347 PARS
2357 291 2538 350 lll.-—
2569 290 2982 347 EXEGETICA.

3598 289 3712 344 968

411 429 618 486 Christi
649 427 867 482 laudem
901 435 1066 496 atque
1096 423 1452 494 praeconium.
1483 421 1617 487 Quis
1651 436 1780 475 vero
1811 429 1866 476 et
1906 419 1988 473 illa

2105 435 2195 491 ρος
2219 417 2396 488 ἡμῶν,
2427 417 2519 468 καὶ
2549 412 3023 485 διῐσχυριξομένου
3041 427 3139 482 την
3160 409 3439 481 ἀλήθειαν,
3475 409 3712 480 μεγαλῳ

413 521 590 577 nescit
624 519 1001 575 sacratissima
1029 517 1279 587 Apostoli
1322 515 1488 569 verba
1537 515 1998 569 resurrectionem

415 609 728 667 Servatoris
797 609 974 664 nostri
1032 605 1388 678 prmdicantis
1451 613 1617 675 atque
1670 604 2000 670 nuntiantis,

413 705 602 773 reique
622 702 903 756 veritatem
931 714 1130 769 magno
1151 714 1276 752 cum
1307 712 1507 767 pavore
1529 695 1848 752 aﬁirmantis
1870 697 1998 750 dum

408 795 490 849 ait
523 797 570 830 ⁸⁸
603 817 612 846 ;
651 793 706 847 Si
737 792 1017 846 Christum
1057 789 1432 845 resurrexisse
1495 789 1719 858 quidam
1774 799 1999 858 negant,

410 901 516 942 nos
556 893 737 940 autem
771 885 1077 938 asserimus
1102 893 1268 953 atque
1299 882 1604 943 credimus,
1627 896 1914 952 speramus
1937 895 2002 935 ac

409 977 797 1048 praedicamus,
826 977 946 1032 falsi
979 986 1147 1031 testes
1196 975 1290 1030 Dei
1342 991 1558 1040 sumus,
1590 975 1736 1044 quod
1765 975 2002 1029 suscita-

410 1064 552 1119 verit
578 1064 883 1136 Christum.
911 1080 1073 1134 quem
1112 1079 1221 1119 non
1255 1065 1565 1120 suscitavit.
1599 1064 1755 1130 Quod
1789 1065 1836 1119 si
1864 1065 2000 1119 adeo

410 1153 502 1209 hic
531 1153 624 1224 qui
646 1152 817 1209 Deum
851 1153 1070 1208 Patrem
1097 1154 1355 1217 honorat,
1381 1171 1451 1208 ne
1466 1154 1700 1208 mendax
1724 1155 1996 1218 videatur,

408 1246 590 1313 timet,
613 1245 744 1317 quia
781 1262 892 1302 rem
925 1248 1119 1300 miram
1155 1254 1382 1310 narrat;
1412 1260 1513 1300 cur
1544 1263 1652 1301 non
1706 1247 1902 1301 merito
1932 1249 2000 1301 ti-

411 1344 560 1394 meat
591 1338 848 1408 quisquis
882 1337 1022 1392 falso
1044 1352 1304 1393 sermone
1331 1337 1617 1392 veritatem
1641 1338 1758 1392 vult
1785 1337 2001 1393 stabili-

412 1446 496 1497 re,
529 1446 642 1486 non
675 1445 857 1486 veram
887 1429 1215 1484 sententiam
1257 1428 1601 1483 concinnans
1621 1430 1644 1483 ?
1667 1428 1800 1483 Nam
1825 1433 1868 1486 si
1907 1447 1999 1502 ge-

411 1523 726 1578 nerationes
753 1521 849 1575 abl
867 1521 1116 1583 udercnt,
1136 1520 1380 1591 nihilque
1403 1523 1645 1591 germani
1674 1523 1900 1577 seminis
1921 1524 1991 1576 ad

411 1611 712 1683 Josephum
737 1610 1106 1675 conferretur,
1132 1611 1227 1666 sed
1251 1626 1313 1664 ea
1352 1626 1442 1666 res
1482 1612 1548 1666 ad
1581 1611 1843 1667 fulcimen
1875 1623 1998 1667 tan-

411 1703 694 1760 tummodo
721 1705 989 1760 nascituri
1014 1704 1160 1758 dicta
1190 1711 1356 1767 esset,
1389 1719 1584 1774 nempe
1613 1704 1759 1774 quod
1792 1721 1886 1760 rex
1913 1712 1997 1758 at-

2105 510 2254 581 φόϐῳ
2276 509 2549 578 λέγοντος,
2583 508 2665 559 ὅτι
2695 509 2743 559 εἰ
2777 503 3011 577 Χριστὸν
3033 503 3250 570 λέγουσί
3281 519 3426 564 τινες
3463 502 3541 571 μὴ
3574 502 3710 569 ἐγη-

2104 602 2319 674 γέρθαι,
2354 603 2517 672 ἡμεῖς
2550 599 2605 652 δὲ
2641 598 2800 650 τοῦτο
2845 598 2940 650 καὶ
2976 597 3154 666 φαμὲν
3185 597 3279 648 καὶ
3321 591 3709 646 πεπιστεύκα-

2105 713 2229 764 μεν,
2259 695 2352 746 καὶ
2380 692 2511 746 αὐτὸ
2542 692 2639 744 καὶ
2664 687 2956 759 ἐλπίζομεν
2991 688 3084 740 καὶ
3118 687 3486 758 κηρύσσομεν,
3523 699 3707 736 κατα-

2101 783 2657 858 ψευδομαρτυροῦμεν
2683 783 2778 836 τοῦ
2808 779 2967 844 Θεοῦ,
3002 781 3083 832 ὅτι
3108 780 3297 850 ἤγειρε
3329 778 3419 830 τὸν
3459 775 3708 846 Χριστὸν

2101 878 2161 931 ὃν
2203 879 2304 932 οὐκ
2344 879 2594 949 ἧγειρεν·
2631 876 2766 930 εἰδὲ
2807 871 2979 937 οὕτως
3017 874 3045 924 δ
3084 871 3378 940 δοξολογῶν
3423 870 3563 922 Θεὸν
3592 870 3709 921 Πα-

2102 971 2259 1042 τέρα,
2293 969 2501 1023 δέδοικε
2534 967 2608 1039 μὴ
2628 963 2948 1037 ψευδολόγος
2970 964 3174 1033 δοκοίη,
3210 962 3368 1034 ἔργον
3388 959 3707 1032 παράδοξον

2099 1061 2477 1135 διηγούμενος,
2523 1059 2641 1123 πῶς
2672 1060 2770 1111 οὐκ
2813 1056 2876 1110 ἂν
2909 1056 3134 1119 δικαίως
3167 1054 3452 1124 φοΰηθείη,
3485 1055 3573 1106 ὅτι
3609 1052 3705 1104 διὰ

2097 1155 2450 1227 ψευδολογίας
2493 1154 2753 1224 ἀληθείας
2796 1152 3052 1204 σύστασιν
3095 1148 3480 1220 ποριζόμενος,
3533 1145 3704 1212 δόξαν

2100 1249 2200 1304 οὐκ
2244 1248 2419 1320 ἀληθῆ
2461 1246 2758 1310 συντιθείς;
2791 1246 2854 1298 Εἰ
2882 1245 2991 1316 γὰρ
3033 1242 3101 1295 τὰ
3141 1242 3272 1312 γένη
3305 1240 3561 1311 διάφορα,
3603 1237 3707 1292 καὶ

2105 1339 2273 1411 μηδὲν
2299 1335 2601 1408 καταφέρει
2630 1337 2852 1405 γνήσιον
2883 1333 3102 1403 σπέρμα
3131 1331 3223 1384 ἐπὶ
3241 1331 3333 1383 τὸν
3368 1329 3594 1399 Ἰωσὴφ,
3626 1331 3707 1380 εἶ·-

2101 1449 2259 1502 ρηται
2288 1431 2346 1484 δὲ
2369 1429 2527 1501 μόνον
2561 1430 2639 1492 εἰς
2663 1428 2917 1480 σύστασιν
2957 1425 3050 1479 τοῦ
3084 1423 3580 1494 γεννηθησομένου,
3616 1424 3704 1474 ὅτι

2102 1523 2358 1594 βασιλεὺς
2397 1522 2491 1575 καὶ
2523 1520 2703 1592 ἱερεὺς
2731 1519 2882 1571 ἔσται
2907 1519 2935 1569 ό
2960 1519 3235 1587 ἐσόμενος,
3263 1511 3594 1578 ἀποδείξεως
3624 1513 3703 1582 μὴ

2099 1613 2429 1685 προσούσης,
2459 1611 2597 1666 ἀλλὰ
2618 1611 2718 1682 τῆς
2739 1609 2847 1663 τῶν
2871 1608 3043 1678 λόγων
3063 1609 3394 1678 σεμνότητος
3415 1607 3495 1669 εἰς
3521 1604 3703 1675 ὕμνον

2099 1705 2307 1776 ἀδρανῆ
2342 1704 2672 1775 φερομένης,
2706 1701 2864 1772 δῆλον
2893 1701 2969 1764 ὡς
2989 1700 3084 1754 τοῦ
3113 1699 3248 1752 Θεοῦ
3283 1700 3382 1769 μὲν
3409 1701 3437 1750 ό
3470 1698 3702 1758 ἔπαινος

411 1811 519 1867 que
553 1795 812 1852 sacerdos
846 1794 988 1848 foret
1017 1795 1065 1849 is
1095 1793 1190 1865 qui
1229 1804 1494 1849 venturus
1527 1805 1670 1858 erat,
1703 1797 1988 1851 deﬁciente

2096 1797 2194 1884 0:51
2230 1795 2481 1858 ἅπτεται,
2523 1795 2720 1865 ψεῦδος
2753 1792 2829 1846 ὧν
2852 1810 2866 1823 ·
2904 1793 3086 1864 κρίσις
3116 1791 3172 1844 δὲ
3202 1793 3280 1862 τῷ
3319 1790 3593 1862 εἰρηκότι,
3635 1790 3702 1843 τὸ

409 1886 754 1958 probatione,
811 1894 1034 1955 totoque
1085 1886 1351 1940 orationis
1409 1895 1605 1941 ornatu
1660 1886 1714 1940 in
1781 1887 1988 1941 futilem

2098 1887 2198 1939 οὐκ
2231 1886 2311 1947 ὃν,
2344 1886 2420 1949 ὠς
2457 1885 2518 1939 ὃν
2550 1885 2896 1957 κομπάσαντι
2927 1885 3060 1956 (50).

413 1981 676 2053 hymnum
735 1979 1040 2045 desinente,
1107 1979 1311 2032 nullam
1357 1979 1482 2033 hinc
1515 1980 1730 2034 laudem
1795 1979 1906 2035 Deo
1972 1982 2234 2036 accedere
2279 1981 2623 2050 exploratum
2665 1979 2740 2043 ﬁt,
2781 1980 2908 2050 quia
2962 1987 3138 2034 totum
3178 1978 3523 2033 mendacium
3560 1984 3695 2043 est;

413 2073 509 2129 sed
541 2072 949 2126 damnationem
983 2072 1166 2142 potius
1195 2073 1396 2126 dicenti
1423 2072 1669 2138 conflari,
1689 2074 1817 2142 quia
1849 2074 1994 2143 quod
2033 2073 2167 2128 nihil
2193 2083 2299 2136 est,
2336 2072 2546 2143 aliquid
2574 2087 2698 2128 esse
2725 2073 2973 2143 jactavit.

480 2185 538 2242 9.
569 2185 828 2241 Davidem
869 2185 1153 2243 Matthaeus
1175 2204 1392 2258 quoque
1420 2198 1548 2244 ante
1588 2190 1726 2246 alios
1751 2192 1805 2246 in
1837 2193 1989 2245 ordi-

412 2293 481 2334 ne
502 2279 684 2349 posuit
712 2278 769 2332 in
800 2294 898 2333 sua
931 2281 1266 2352 genealogia,
1293 2282 1422 2351 quia
1461 2281 1651 2337 Davidi
1697 2284 1874 2354 primo
1901 2300 1992 2339 so-

413 2371 560 2440 lique
598 2369 761 2425 ﬁrmo
801 2370 1161 2440 jurejurando
1199 2373 1524 2444 prmdixerat
1575 2373 1718 2430 Deus
1773 2375 1890 2431 fore
1931 2387 1994 2431 ut

411 2477 478 2516 ex
529 2461 623 2516 illo
690 2463 1014 2518 nasceretur
1072 2464 1373 2520 secundum
1430 2481 1650 2521 carnem
1714 2466 1988 2524 Christus.

415 2549 691 2622 Scriptum
721 2560 807 2606 est
830 2553 995 2624 igitur
1020 2571 1034 2606 :
1064 2572 1082 2604 ‹
1113 2553 1325 2610 Juravit
1353 2554 1616 2612 Dominus
1640 2555 1830 2612 Davidi
1858 2560 1995 2614 veri-

411 2648 604 2706 tatem,
639 2650 694 2696 et
739 2657 848 2696 non
884 2641 1244 2699 frustrabitur
1291 2660 1410 2700 eam
1445 2647 1551 2700 :de
1575 2646 1756 2702 fructu
1787 2651 1993 2705 ventris

412 2733 494 2786 tui
541 2747 743 2802 ponam
790 2748 955 2803 super
983 2734 1243 2789 thronum
1293 2744 1448 2790 tuum
1479 2738 1544 2792 ⁸⁷.
1593 2756 1612 2789 ι
1648 2736 1715 2791 Ει
1753 2753 1989 2796 rursus:

417 2841 436 2874 ι
469 2821 658 2879 Juravi
683 2822 872 2878 Davidi
894 2839 1052 2879 servo
1084 2840 1227 2890 meo,
1255 2841 1431 2897 usque
1459 2827 1516 2881 in
1550 2837 1815 2883 aeternum
1843 2845 1994 2900 para-

413 2915 482 2988 bo
508 2931 695 2972 semen
719 2924 876 2970 tuum
901 2915 966 2969 ⁸⁸.
1009 2936 1028 2970 ι
1075 2915 1138 2969 Et
1162 2918 1220 2972 in
1257 2917 1729 2990 Paralipomenis:
1770 2940 1788 2972 ι
1823 2921 1989 2977 Cum-

409 3023 521 3079 que
543 3009 798 3080 completi
821 3007 1025 3062 fuerint
1047 3009 1165 3066 dies
1189 3011 1288 3075 tui,
1320 3019 1378 3064 ut
1399 3011 1640 3068 dormias
1661 3029 1784 3068 cum
1816 3016 1990 3084 patri-

2169 2190 2234 2245 θ’.
2263 2191 2368 2244 Τὸν
2399 2191 2565 2245 Δαυῒδ
2591 2191 2696 2263 πρὸ
2729 2190 2836 2244 τῶν
2856 2190 3030 2245 ἄλλων
3059 2190 3154 2242 καὶ
3193 2188 3469 2251 Ματθαίος
3503 2186 3695 2254 ἔταξεν

2097 2284 2156 2336 ὲν
2188 2287 2252 2355 τῇ
2291 2286 2409 2337 κατ’
2436 2284 2599 2337 αὑτὸν
2632 2282 2969 2354 γενεαλογίᾳ,
3003 2280 3192 2352 ἐπειδὴ
3228 2281 3321 2333 καὶ
3367 2278 3570 2352 πρώτῳ
3601 2282 3697 2332 καὶ

2101 2379 2246 2447 μόνῳ
2277 2376 2356 2446 τῷ
2401 2374 2572 2429 Δαυῗδ
2604 2375 2721 2446 μεθ’
2756 2376 2920 2446 ὅρκου
2958 2373 3392 2436 διαϐεϐαιὼσεως
3431 2371 3491 2438 ἐξ
3525 2371 3697 2425 αὐτοῦ

2099 2469 2241 2521 κατὰ
2267 2468 2445 2540 σάρκα
2479 2466 2641 2537 φῦναι
2679 2469 2707 2520 ό
2729 2467 2962 2538 Χριστὸς
2992 2465 3338 2530 ἐθεσπίζετο”
3375 2464 3696 2536 γέγραπται

2099 2559 2247 2628 γοῦνο
2281 2579 2298 2609 ι
2328 2560 2531 2630 Ὠμοσε
2561 2559 2759 2631 Κύριος
2781 2558 2859 2629 τῷ
2895 2557 3056 2611 Δαυῖδ
3087 2557 3365 2629 ἀλήθειαν,
3399 2557 3495 2609 καὶ
3515 2557 3576 2608 οὐ
3619 2556 3696 2625 μὴ

2098 2650 2336 2724 ἀθετήση
2367 2651 2535 2722 αὑτήν
2558 2668 2571 2680 ·
2607 2653 2671 2704 ἐκ
2702 2649 2916 2723 καρποῦ
2955 2650 3052 2720 τῆς
3083 2648 3294 2712 κοιλίας
3327 2665 3420 2701 σου
3457 2647 3694 2718 θήσομαι

2098 2740 2193 2794 ἐπὶ
2214 2743 2306 2795 τὸν
2333 2741 2520 2814 θρόνον
2554 2759 2667 2795 σου.
2704 2761 2724 2794 ι
2763 2742 2875 2795 Καὶ
2909 2739 3092 2794 πάλιν·
3130 2757 3151 2792 ι
3193 2741 3408 2812 Ὠμοσα
3425 2738 3592 2792 Δαυῖδ
3614 2737 3694 2807 τῷ

2096 2829 2269 2903 δούλῳ
2318 2849 2441 2903 μου,
2481 2832 2586 2895 ἕως
2631 2831 2726 2884 τοῦ
2780 2831 2974 2896 αἰῶνος
3017 2830 3293 2901 ἑτοιμάσω
3347 2831 3410 2884 τὸ
3467 2829 3693 2901 σπέρμα

2100 2939 2217 2976 σου.
2260 2943 2281 2978 ι
2323 2926 2436 2978 Καὶ
2479 2926 2538 2976 ὲν
2590 2925 3124 2996 Παραλειπομένοις·
3162 2943 3182 2976 ε
3221 2926 3330 2979 Καὶ
3368 2923 3521 2976 ἔσται
3559 2924 3694 2977 ὅταν

2099 3013 2457 3086 πληρωθῶσιν
2487 3017 2543 3068 αἱ
2569 3017 2770 3086 ἡμέραι
2803 3032 2918 3080 σου,
2945 3016 3040 3068 καὶ
3067 3014 3380 3088 κοιμηθήσῃ
3417 3013 3557 3085 μετὰ
3582 3014 3692 3069 τῶν

412 3100 516 3155 bus
562 3101 696 3163 tuis,
731 3100 1012 3155 suscitabo
1049 3101 1245 3158 semen
1297 3110 1454 3157 tuum
1505 3117 1629 3174 post
1660 3115 1733 3168 te.
1782 3107 1988 3178 eritque

2098 3107 2354 3177 πατέρων
2385 3123 2502 3171 σου,
2539 3108 2633 3160 καὶ
2661 3108 2952 3179 ἀναστήσω
2983 3109 3044 3161 τὸ
3079 3108 3304 3180 σπέρμα
3327 3125 3420 3160 σου
3451 3107 3587 3178 μετὰ
3609 3106 3690 3171 σὲ,

419 3189 567 3246 ﬁlius
607 3191 674 3246 de
709 3201 900 3246 ventre
931 3201 1044 3256 tuo,
1094 3202 1149 3249 et
1214 3195 1488 3250 stabiliam
1545 3213 1772 3266 regnum
1827 3200 1986 3267 ejus:

413 3279 533 3347 ipse
577 3278 713 3332 mihi
754 3279 1045 3334 aediﬁcabit
1082 3281 1326 3347 domum,
1371 3292 1425 3339 et
1473 3285 1677 3356 erigam
1732 3289 1991 3344 thronum

411 3369 535 3439 ejus
559 3386 734 3440 usque
772 3371 828 3425 in
863 3373 1276 3442 sempiternum.
1329 3376 1441 3448 Ego
1474 3394 1570 3435 ero
1622 3381 1698 3434 illi
1731 3380 1913 3447 Pater,
1938 3391 1994 3439 et

413 3460 532 3530 ipse
564 3459 698 3514 mihi
730 3460 830 3515 ﬁlii
860 3461 1031 3518 instar
1069 3463 1136 3520 ‘°.
1172 3483 1191 3516 ι
1246 3463 1460 3522 Similia
1505 3469 1591 3525 his
1648 3473 1705 3524 in
1749 3471 1992 3528 secundo

412 3565 633 3622 quoque
664 3549 978 3623 Regnorum
1013 3553 1156 3609 libro
1179 3556 1496 3612 scribuntur
1525 3560 1590 3615 7°.
1636 3561 1740 3616 bed
1779 3577 1842 3617 ea
1868 3562 1992 3634 qui—

411 3640 536 3697 dem
574 3641 639 3696 ad
675 3640 1024 3699 Salomonem
1062 3645 1205 3700 trahi
1241 3657 1480 3717 queunt;
1509 3667 1696 3706 verum
1731 3654 1846 3708 hmc
1869 3671 1991 3725 quae

411 3733 469 3788 in
499 3734 752 3790 manibus
777 3742 927 3798 sunt,
953 3736 1090 3790 nihil
1115 3753 1345 3807 prorsus
1375 3740 1444 3795 ad
1480 3741 1828 3801 Salomonem
1864 3750 1988 3802 atii-

411 3838 562 3886 nere,
591 3825 672 3880 sic
718 3824 845 3880 licet
890 3840 1244 3897 cognoscere.
1286 3829 1471 3887 Multis
1519 3842 1642 3902 post
1679 3834 1989 3894 Salomonis

409 3913 621 3968 obitum
649 3917 812 3971 annis
842 3918 1176 3987 prophetans
1207 3919 1398 3989 Isaias,
1438 3924 1552 3978 haec
1593 3925 1662 3980 de
1695 3927 1882 3983 futuro
1922 3947 1986 3984 ex

410 4005 630 4061 Davidis
672 4008 878 4064 semine
919 4010 1363 4068 vaticinabatur:
1400 4034 1418 4066 (
1476 4015 1801 4086 Egredietur
1838 4022 1986 4091 virga

408 4097 477 4154 de
505 4099 691 4154 radice
722 4098 892 4156 Jessae
929 4101 1057 4173 (fuit
1081 4103 1171 4158 hic
1196 4104 1418 4162 Davidis
1433 4109 1678 4182 parens),
1707 4120 1763 4167 et
1791 4111 1892 4169 ﬂos
1919 4116 1986 4170 de

407 4187 594 4244 radice
626 4189 749 4258 ejus
779 4193 1058 4247 ascendet.
1106 4193 1173 4246 Et
1220 4197 1325 4250 erit
1370 4201 1526 4254 radix
1576 4200 1768 4266 Jessze,
1803 4211 1858 4258 et
1889 4207 1983 4275 qui

404 4281 691 4351 consurgit
727 4281 793 4334 ad
822 4282 1200 4353 imperandum
1226 4289 1483 4358 gentibus
1515 4308 1530 4346 :
1569 4291 1625 4346 in
1653 4293 1773 4362 ipso
1792 4303 1984 4364 gentes

403 4372 702 4441 sperabunt
747 4374 814 4426 '“.
861 4393 879 4424 ι
923 4373 998 4430 De
1026 4378 1301 4445 promisso
1343 4388 1524 4436 autem
1561 4380 1748 4439 Davidi
1782 4388 1982 4442 throno

402 4464 512 4520 tale
559 4465 842 4519 oraculum
875 4478 999 4521 est:
1041 4487 1058 4517 ι
1102 4468 1372 4527 Parvulus
1402 4458 1566 4530 natus
1595 4487 1678 4530 cst
1707 4479 1887 4544 nobis,
1925 4491 1976 4536 et
2010 4470 2054 4524 Ῑ)

400 4555 544 4610 ﬁlius
577 4554 736 4611 datus
775 4565 860 4611 est
887 4558 1067 4624 nobis,
1096 4561 1258 4632 cujus
1289 4565 1633 4636 principatus
1677 4584 1844 4639 super
1873 4571 1976 4624 hu-

401 4663 608 4703 merum
637 4648 758 4717 ejus
785 4666 798 4701 :
831 4657 1169 4722 vocaturque
1197 4667 1396 4710 nomen
1429 4655 1552 4725 ejus
1588 4660 1771 4728 magni
1801 4660 1978 4716 consi-

399 4739 455 4792 lii
498 4737 758 4810 Angelus.
797 4739 1025 4812 Magnus
1071 4753 1154 4797 est
1187 4745 1530 4816 principatus
1558 4749 1700 4818 ejus.
1732 4758 1786 4805 et
1824 4752 1976 4821 pacis

393 4831 516 4910 ejus
565 4845 677 4886 non
723 4837 808 4887 est
846 4833 1116 4890 terminus
1151 4853 1162 4888 :
1195 4851 1360 4906 super
1414 4841 1613 4895 solium
1676 4846 1894 4901 Uavidis
1923 4855 1976 4901 et

397 4937 621 4994 regnum
660 4921 801 4990 ejus,
840 4933 900 4977 ut
939 4923 994 4978 id
1047 4928 1345 4983 constituat
1379 4933 1447 4984 ⁷².
1501 4951 1518 4982 ι
1561 4931 1620 4986 ln
1663 4938 1973 5005 suprascri-

393 5013 504 5084 ptis
537 5013 721 5084 itaque
748 5013 952 5068 dicitur
1002 5018 1221 5087 quidem
1261 5037 1327 5074 ex
1381 5023 1566 5078 radice
1602 5023 1774 5080 Jessze
1823 5036 1878 5080 et
1905 5045 1973 5082 ex

393 5103 597 5162 "avide
626 5117 978 5164 surrecturus
1016 5109 1236 5181 aliquis,
1266 5127 1374 5166 non
1397 5120 1508 5168 tam
1529 5112 1598 5168 ad
1633 5118 1971 5187 regnandum

460 5258 509 5292 ⁸⁸
544 5261 565 5315 l
596 5261 724 5318 Cor.
760 5279 850 5329 xv,
886 5263 1074 5320 12-15.
1154 5265 1196 5298 δ”
1237 5265 1381 5322 Psal.
1418 5283 1604 5329 cxxxi,
1639 5270 1726 5324 11.

391 5328 480 5393 12,
556 5332 603 5365 ⁷⁸
639 5332 745 5388 lsa.
781 5328 871 5400 ιι,
907 5335 959 5403 1,
997 5337 1080 5391 ιο.
1157 5337 1204 5367 τ’
1237 5336 1345 5392 lsa.
1377 5354 1429 5392 ix
1453 5380 1468 5406 ,
1504 5339 1557 5408 6,
1583 5328 1635 5395 7.

463 5483 586 5566 (ξο)
617 5484 895 5566 Hactenus
941 5489 1310 5566 fragmentum
1361 5495 1417 5550 in
1462 5497 1586 5566 cod.
1631 5494 1700 5563 A,
1739 5497 1776 5552 f.
1809 5498 1877 5554 65
1910 5498 1967 5564 b,

389 5554 646 5640 Africano
691 5561 1013 5640 nominatim
1032 5554 1400 5640 inscriptum.
1441 5565 1542 5640 _Cui
1584 5554 1967 5640 sisubnectas

391 5627 714 5708 particulam
747 5629 892 5708 illam
927 5646 1089 5700 quam
1125 5627 1462 5708 habesapud
1504 5652 1606 5692 nos
1645 5637 1699 5692 in
1730 5639 1967 5708 epitome

388 5694 497 5749 col.
531 5695 660 5765 900,
692 5698 778 5751 ἵνα
805 5697 896 5753 οὖν
927 5694 1099 5772 usque
1131 5704 1195 5758 ad
1229 5694 1567 5777 ὲκθή’σομαι;
1597 5716 1649 5763 et
1666 5694 1793 5764 moi
1820 5694 1965 5762 ἐπειζ

2092 3197 2151 3262 ὃς
2182 3197 2333 3251 ἔσται
2361 3201 2425 3252 ὲκ
2453 3201 2551 3269 τῆς
2577 3201 2784 3265 κοιλίας
2817 3218 2932 3265 σου,
2971 3202 3066 3254 καὶ
3106 3201 3380 3271 ἑτοιμάσω
3411 3200 3512 3271 τὴν
3541 3199 3690 3270 βασι-

2093 3285 2242 3340 λείαν
2268 3287 2462 3340 αὐτοῦ·
2493 3290 2654 3353 αὐτὸς
2686 3289 3027 3362 οἰκοδομήσει
3065 3308 3155 3361 μοι
3197 3289 3344 3344 οἷκον
3365 3307 3378 3318 ·
3417 3291 3512 3344 καὶ
3533 3291 3688 3361 ἀνορ-

2093 3377 2253 3432 θώσω
2277 3379 2365 3432 τὸν
2395 3379 2582 3452 θρόνον
2616 3381 2778 3436 αὐτοῦ
2814 3384 2918 3448 ἕως
2960 3387 3041 3447 εἰς
3073 3383 3164 3438 τὸν
3192 3384 3364 3436 αίῶνα
3385 3400 3399 3412 ·
3435 3382 3546 3452 ἐγὼ
3572 3383 3690 3436 ξξετο⁶

2095 3486 2191 3538 μαι
2219 3470 2369 3541 αὑτῷ
2387 3474 2466 3535 είς
2493 3472 2734 3544 Πατέρα,
2759 3476 2853 3528 xui.
2877 3475 3040 3538 αὐτὸς
3071 3475 3223 3528 ἔσται
3253 3493 3340 3546 μοι
3371 3477 3452 3538 εἰς
3487 3476 3623 3530 υἱόν.
3666 3495 3683 3525 ι

2092 3559 2175 3612 Τὰ
2205 3561 2365 3632 ὅμοια
2411 3563 2618 3627 τούτοις
2662 3567 2755 3617 καὶ
2788 3568 2846 3618 ὲν
2876 3569 2941 3637 τῇ
2975 3567 3203 3638 δευτέρᾳ
3246 3567 3353 3619 τῶν
3390 3568 3688 3620 Βασιλειῶν

2093 3652 2313 3723 φέρεται
2336 3670 2352 3685 ’
2379 3653 2492 3706 ἀλλ’
2525 3657 2706 3709 ἐκεῖνα
2735 3658 2832 3727 μὲν
2867 3657 2972 3711 κᾶν
3003 3658 3288 3729 ὲλκυσθείη
3329 3659 3424 3711 ἐπὶ
3464 3660 3555 3712 τὸν
3591 3661 3686 3712 Σο-

2091 3743 2330 3814 λομῶνα,
2357 3746 2425 3799 τὰ
2452 3746 2496 3798 δ’
2519 3749 2576 3800 ὲν
2605 3751 2792 3821 χερσὶν
2834 3751 2914 3804 ὅτι
2947 3751 3216 3823 μηδεμίαν
3248 3752 3360 3822 ἔχει
3393 3753 3682 3823 κοινότητα

2091 3837 2226 3908 πρὸς
2250 3838 2559 3910 Σολομῶνα,
2587 3835 2678 3894 ὧδ’
2704 3843 2768 3896 ἄν
2795 3861 2880 3906 τις
2918 3845 3245 3914 καταμάθοι.
3279 3846 3437 3900 Μετὰ
3467 3847 3565 3917 τὴν
3589 3848 3682 3899 £0-

2088 3929 2328 3999 λομῶνος
2385 3931 2670 4004 τελευτὴν,
2705 3935 2919 4000 πολλοῖς
2949 3934 3176 4008 ὕστερον
3225 3939 3439 4010 χρόνοις
3470 3955 3681 4010 προςη-

2088 4018 2259 4071 τεύων
2288 4020 2533 4086 Ἡσαΐας,
2558 4023 2734 4077 τοιάδε
2759 4027 2887 4096 περὶ
2915 4024 3007 4077 τοῦ
3029 4027 3398 4096 γενησομένου
3423 4029 3488 4082 ἐκ
3517 4030 3679 4100 σπέρ-

2090 4128 2259 4181 ματος
2293 4113 2456 4167 Δαυῒδ
2491 4117 2886 4187 προκηρύττει·
2924 4137 2944 4169 ‹
2991 4119 3360 4186 Ἐξελεύσεται
3393 4122 3588 4192 ῥάϐδος
3614 4126 3673 4176 ἐκ

2086 4203 2183 4273 τῆς
2229 4204 2384 4276 ῥίζης
2435 4207 2669 4260 Ἰεσσαί·
2703 4210 2908 4283 (πατὴρ
2947 4211 3004 4264 δὲ
3048 4208 3116 4284 ἦν
3157 4208 3311 4277 οὗτος
3353 4215 3450 4268 τοῦ
3494 4215 3672 4286 Acciri)

2085 4301 2179 4352 xui.
2202 4299 2360 4366 ἄνθος
2386 4305 2451 4356 ἐκ
2479 4303 2580 4374 τῆς
2615 4304 2773 4376 ῥίζης
2792 4306 3121 4379 ἀναϐήσεται
3142 4326 3156 4340 ·
3185 4313 3280 4363 καὶ
3305 4311 3461 4365 ἔσται
3486 4314 3520 4382 ὴ
3555 4309 3674 4382 ῥίζα

2083 4389 2176 4442 τοῦ
2215 4392 2435 4458 Ἰεσσαὶ,
2469 4395 2565 4447 καὶ
2612 4397 2640 4448 ό
2686 4398 3045 4469 ἀνιστάμενος
3092 4400 3282 4472 ἄρχειν
3333 4403 3543 4455 ἐθνῶνο
3590 4404 3672 4456 ἐπ’

2083 4480 2232 4551 αὐτῷ
2265 4482 2392 4555 ἔθνη
2442 4486 2710 4540 ἐλπιοῦσι.
2757 4508 2776 4539 ι
2815 4491 2925 4543 Καὶ
2949 4491 3078 4562 περὶ
3122 4491 3215 4545 τοῦ
3259 4474 3670 4565 ἐπηγγελμένον

2081 4572 2139 4624 δὲ
2170 4575 2248 4646 τῷ
2277 4577 2443 4632 Δαυῖδ
2471 4577 2664 4650 θρόνου
2681 4574 2784 4635 ὧδε
2808 4581 3055 4648 θεσπίζει
3075 4602 3089 4614 ·
3123 4603 3142 4636 ι
3170 4585 3389 4640 Παιδίον
3411 4588 3670 4659 ἐγεννήθη

2082 4667 2232 4736 ἡμῖν,
2277 4668 2391 4731 υἱὸς
2423 4671 2516 4723 καὶ
2554 4672 2711 4744 ἐδόθη
2733 4675 2886 4744 ἡμῖν,
2915 4669 2977 4728 οὗ
3008 4679 3042 4747 ή
3071 4677 3214 4748 ἀρχὴ
3258 4679 3354 4730 ἐπὶ
3381 4677 3478 4731 τοῦ
3523 4678 3672 4748 ὤμου

2082 4757 2245 4809 αὑτοῦ
2267 4776 2281 4790 ·
2309 4761 2401 4813 καὶ
2433 4762 2677 4816 καλεῖται
2701 4765 2762 4818 τὸ
2805 4765 2976 4836 ὄνομα
3007 4768 3170 4820 αὑτοῦ
3204 4770 3454 4840 μεγάλης
3481 4770 3671 4839 βουλῆς

2086 4847 2380 4916 Ἄγγελος·
2418 4852 2627 4922 μεγάλη
2657 4855 2689 4923 ἡ
2722 4854 2864 4926 ἀρχὴ
2909 4856 3096 4922 αὑτοῦ,
3147 4857 3243 4910 καὶ
3300 4858 3403 4928 τῆς
3449 4863 3672 4931 εἰρήνης

2079 4940 2242 4992 αὐτοῦ
2273 4943 2374 4994 οὐκ
2405 4941 2552 4997 ἔστιν
2575 4946 2751 5017 δριον’
2778 4949 2870 5001 ἐπὶ
2911 4949 3003 5001 τὸν
3035 4949 3226 5021 θρόνον
3257 4951 3424 5006 Δαυῒδ
3451 4955 3546 5006 καὶ

2081 5029 2355 5100 βασιλείαν
2401 5034 2590 5101 αὑτοῦ,
2643 5038 2986 5111 κατορθῶσαι
3031 5042 3221 5113 αὐτήν.
3254 5062 3274 5095 ι
3308 5044 3412 5098 Διὰ
3460 5044 3518 5096 δὲ
3565 5044 3669 5098 τῶν

2079 5122 2409 5180 ἐκτεθέντων
2441 5128 2654 5200 εἴρηται
2686 5131 2786 5201 μὲν
2813 5133 2895 5185 ὅτι
2932 5134 2998 5185 ὲκ
3018 5133 3117 5204 τῆς
3153 5133 3311 5205 ῥίζης
3353 5135 3557 5188 Ἰεσσαὶ
3581 5135 3671 5193 καὶ

1809 5272 1852 5303 ⁸³
1877 5270 1988 5328 Psa‘:

2089 5291 2309 5342 xxxviii,
2331 5279 2384 5344 4,
2407 5281 2459 5334 5.
2538 5284 2582 5314 ⁸³
2623 5282 2897 5356 lParalip.
2936 5301 3072 5351 xvn,
3099 5287 3191 5342 i3.
3269 5290 3316 5321 "
3340 5287 3385 5342 Il
3413 5289 3550 5361 Reg.
3573 5308 3662 5358 vn,

2077 5503 2141 5584 δὴ
2164 5505 2274 5584 γαρ
2292 5507 2361 5559 τὰ
2382 5508 2642 5584 ὀνόματα,
2666 5519 2797 5584 et_c..
2825 5513 3204 5584 cumireliqua,
3229 5522 3293 5569 ut
3314 5525 3502 5571 exstat
3521 5515 3656 5584 apud

2077 5575 2373 5654 Eusebium
2429 5575 2572 5633 Hist.
2600 5597 2661 5654 Δι,
2705 5581 2756 5654 7,
2800 5575 3110 5652 grandiore-
3131 5575 3309 5654 parte,
3343 5594 3518 5644 totam
3551 5575 3656 5646 for-

2077 5653 2224 5702 tasse
2252 5645 2495 5707 Africani
2527 5645 2829 5722 epistolam'
2846 5645 3178 5710 tenebimus.
