3826 6218
223 347 332 401 969

1043 351 1548 408 SUPPLEMENTA
1588 351 2066 420 ΟΗᾹΞΞΉΟΝΕΜ
2099 351 2190 406 Al)
2230 351 2676 413 STEPI‘IANUM.

3376 362 3482 422 970

224 463 324 517 τοῦ
359 465 525 520 Δαϐὶδ
573 467 937 540 ἀναστήσεταί
985 485 1068 532 τις
1119 470 1179 522 ού
1218 470 1314 522 τοῦ
1360 470 1574 542 Ἰσραὴλ
1602 470 1778 544 ἄρχειι

1885 467 1966 530 _in
1995 465 2192 523 lsraele
2213 482 2376 538 quam
2412 469 2466 522 in
2497 470 2771 540 gentibus.
2820 469 3028 526 Dicitur
3076 479 3204 528 ttem
3238 477 3481 534 nascitu-

222 557 364 611 ἀλλά
392 557 500 615 τῶν
542 559 745 612 ἐθνῶνο
781 561 990 632 εἴρηται
1029 560 1085 613 δέ
1131 563 1213 614 ὅτι
1243 562 1634 634 γεννηθήσεται
1679 581 1809 616 παι-

219 648 355 713 δίον,
391 650 485 703 καὶ
518 651 1114 722 ὀνομασθήσεταιΥίὸς,
1144 653 1314 720 ξένοις
1343 656 1569 727 ὀνόμασι
1595 657 1690 710 κα)⁵
1708 657 1808 727 τὴν

217 741 528 812 ἀνθρώπων
563 744 723 812 φύσιν
752 745 1106 817 ύπεραίρουσι
1140 748 1568 819 κεκοσμημένος,
1595 751 1675 803 ὅτι
1698 767 1756 803 τε
1779 753 1807 803 ὁ

215 831 462 896 τοιοῦτος
488 835 580 888 τὸν
602 834 791 907 θρόνον
821 836 985 890 Δαϐὶδ
1016 838 1370 910 ἀναλήψεται,
1400 842 1493 895 καὶ
1526 843 1623 914 τὴν
1655 843 1806 914 βασι-

214 921 372 978 λείαν
398 925 563 979 αὑτοῦ
593 925 937 998 κατορθῶσαι
963 929 1154 1000 αὐτήν.

291 1035 344 1092 ι’.
386 1037 571 1094 Ταῦτα
608 1041 662 1094 δὲ
687 1042 767 1095 ὅτι
797 1045 934 1114 μετά
972 1043 1259 1116 Σολομῶνα
1285 1047 1412 1118 περὶ
1449 1048 1634 1120 ἐτέρου
1660 1051 1802 1117 τινὸς

217 1129 505 1200 μέλλοντος
537 1129 686 1201 ἥξειν
721 1138 1173 1205 προανεφωνείτο,
1201 1137 1360 1190 παντί
1390 1155 1467 1210 τῳ
1494 1139 1672 1210 δῆλον.
1693 1142 1803 1194 Καὶ

211 1221 392 1285 ἄλλως
425 1222 482 1275 δέ
505 1223 572 1276 τὰ
601 1224 735 1296 πρὸς
774 1224 863 1278 τὸν
895 1226 1057 1280 Δαϐὶδ
1089 1228 1377 1282 ἐκτεθέντα
1425 1231 1578 1300 λόγια
1604 1235 1702 1287 οὐκ
1736 1234 1800 1288 ἂν

212 1313 587 1385 ἐφαρμόσαιεν
633 1317 927 1387 Σολομῶνι,
967 1318 1228 1389 ἀκριϐοῦς
1258 1321 1555 1386 ἐξετάσεως
1599 1325 1803 1394 τυγχά-

211 1418 408 1454 νοντα·
460 1403 644 1472 σαφῶς
677 1405 786 1477 γὰρ
833 1409 862 1459 ὁ
916 1407 1165 1478 χρησμὸς
1190 1409 1355 1480 δηλοῖ,
1405 1412 1486 1464 ὅτι
1521 1412 1660 1482 μετὰ
1708 1413 1800 1467 τὸν

211 1490 444 1547 θάνατον
475 1497 568 1548 τοῦ
608 1497 770 1550 Δαϐὶδ
813 1499 1176 1570 ἀναστήσεται
1206 1504 1234 1554 ὁ
1271 1502 1674 1574 θεσπιζόμενος.
1705 1507 1800 1558 Σο-

210 1581 394 1653 λομὼν
422 1586 500 1649 δὲ,
539 1585 738 1652 ζῶντος
788 1587 867 1641 ἔτι
898 1590 992 1642 τοῦ
1021 1591 1205 1656 Δαϐὶδ,
1233 1591 1459 1663 νεύματι
1504 1594 1666 1647 αὐτοῦ
1704 1597 1798 1651 καὶ

210 1675 406 1749 γνώμῃ
436 1677 674 1749 διάδοχος
713 1681 812 1752 τῆς
845 1681 1120 1752 βασιλείας
1139 1701 1152 1712 ⁸
1188 1683 1404 1752 λέγεται
1434 1686 1562 1754 γοῦν
1590 1689 1680 1740 ἐπὶ
1704 1688 1797 1758 μό-

209 1786 323 1832 νοις
350 1771 494 1823 ἒτεσι
518 1773 925 1843 τεσσαράκοντα
948 1773 1262 1844 βασιλεῦσαι
1297 1777 1388 1830 ἐπὶ
1419 1777 1510 1831 τὸν
1554 1779 1790 1852 Ἰσραήλο

210 1861 329 1924 πῶς
357 1858 450 1915 οὖν
483 1864 560 1926 είς
591 1863 753 1917 αὑτὸν
787 1865 1100 1937 ὲπιφέροιτο
1143 1867 1232 1933 τὸ,
1274 1887 1292 1919 ι
1343 1869 1672 1942 Ἀνορθῶσαι
1703 1872 1793 1925 τὸν

209 1951 399 2023 θρόνον
429 1956 592 2008 αὐτοῦ
623 1959 703 2020 εἰς
728 1956 819 2010 τὸν
848 1957 1049 2024 αἰῶνα;
1083 1978 1101 2010 ι
1149 1959 1285 2012 Ἀλλ’
1314 1963 1360 2014 εἰ
1388 1960 1534 2030 λέγοι
1553 1979 1636 2026 τις
1667 1965 1794 2035 περὶ

203 2045 307 2114 τῆς
341 2047 399 2113 ἐξ
433 2048 596 2101 αὐτοῦ
628 2049 878 2121 διαδοχῆς
907 2054 1157 2125 εἰρῆσθαι
1188 2055 1345 2119 αὐτὰ,
1375 2056 1474 2110 οὐκ
1504 2057 1793 2128 ἀγνοητέον

203 2137 285 2189 ὅτι
324 2138 518 2208 μέχρις
555 2139 794 2210 Ἰεχονίου
837 2144 932 2197 καὶ
969 2147 1066 2216 τῆς
1095 2149 1173 2210 είς
1201 2147 1490 2200 Βαϐυλῶνα
1513 2149 1793 2219 αἰχμαλω-

205 2229 327 2292 σίας
355 2232 388 2301 ἡ
416 2232 524 2283 ἀπὸ
560 2234 724 2286 Δαϐὶδ
755 2236 849 2288 καὶ
897 2237 1208 2309 Σολομῶνος
1247 2239 1461 2313 διαδοχὴ
1495 2241 1593 2312 τῆς
1635 2241 1790 2312 βασι-

201 2319 354 2384 λείας
383 2322 662 2394 διήρκεσε,
709 2327 933 2398 μηδενὸς
985 2329 1124 2400 μετὰ
1160 2331 1249 2385 τὸν
1290 2333 1541 2402 Ἰεχονίαν
1576 2336 1668 2387 ἐπὶ
1697 2335 1789 2387 τὸν

201 2409 393 2483 θρόνον
422 2415 520 2484 τῆς
551 2415 826 2486 βασιλείας
855 2419 948 2472 τοῦ
988 2421 1150 2474 Δαϐ“ιδ
1179 2425 1560 2488 καταστάντος.
1591 2428 1713 2491 Πῶς
1741 2427 1786 2480 δ’

197 2500 266 2554 ἂν
297 2503 376 2574 τῷ
424 2506 776 2579 φίλογυναίῳ,
820 2512 914 2564 καὶ
961 2506 1022 2566 οὗ
1053 2513 1152 2566 οὐκ
1201 2509 1333 2586 ῆνὴ
1377 2517 1573 2587 καρδία
1605 2518 1788 2572 τελεία

201 2595 341 2664 μετὰ
381 2597 587 2669 Κυρίου
621 2598 756 2652 Θεοῦ
787 2601 974 2666 αὑτοῦ,
1020 2605 1338 2678 ἐφαρμόσῃς
1376 2605 1443 2661 τά
1477 2609 1568 2661 τοῦ
1597 2611 1782 2682 ὅρκου,

198 2685 292 2736 καὶ
325 2685 389 2738 τό
411 2702 425 2715 ο
471 2705 488 2740 ι
538 2687 678 2756 Ἐγὼ
723 2689 915 2761 ἔσομαι
941 2693 1091 2764 αύτῷ
1124 2697 1202 2758 είς
1231 2698 1460 2769 πατέρα,
1490 2701 1583 2753 καὶ
1625 2702 1785 2767 αὐτὸς

196 2773 352 2829 ἔσται
381 2794 470 2848 μοι
501 2780 581 2843 είς
612 2781 758 2845 υἱόν;
791 2802 808 2832 ι
859 2783 1016 2838 Ἀλλὰ
1039 2786 1147 2858 γὰρ
1184 2787 1442 2861 ἄντικρυς
1473 2791 1784 2862 Σολομῶνος

197 2864 299 2934 μὲν
329 2865 589 2940 ἀλλότρια
616 2871 788 2925 ταῦτα
807 2891 818 2903 ·
849 2875 1132 2945 ἀνάγοιντο
1158 2878 1202 2930 δ’
1226 2879 1292 2933 ἂν
1320 2881 1412 2933 ἐπὶ
1442 2883 1694 2954 Χριστὸν,
1723 2884 1781 2950 ὃς

191 2954 259 3006 ἐκ
299 2956 615 3027 σπέρματος
661 2961 828 3015 Δαϐὶδ
869 2965 1128 3030 ἀναστὰς,
1156 2963 1302 3021 οἷκον
1339 2969 1417 3041 τῷ
1439 2971 1556 3042 Θεῷ
1595 2973 1695 3027 οὐκ
1722 2973 1782 3040 ἐξ

188 3045 418 3117 ἀψύχων
439 3048 622 3114 λίθων,
653 3053 761 3106 οὐδ’
787 3055 844 3107 ἐν
861 3057 1032 3126 γωνία
1054 3059 1148 3112 καὶ
1166 3059 1318 3132 μέρει
1340 3061 1463 3132 γῆς,
1497 3063 1631 3117 ἀλλά
1657 3065 1776 3118 καθ’

1911 573 2008 613 rus
2040 560 2322 627 parvulus,
2351 569 2406 615 et
2444 577 2643 618 nomen
2671 562 2791 617 Filii
2821 563 3128 629 habiturus,
3165 570 3480 638 peregrinos

1909 653 2098 708 titulos
2130 661 2183 707 et
2233 655 2523 706 humanam
2555 665 2807 710 naturam
2857 657 3183 714 excedentes
3224 670 3479 732 receptu.

1905 759 2004 797 rus
2036 762 2050 798 :
2087 742 2311 814 foreque
2341 751 2398 798 ut
2429 744 2517 800 hic
2551 747 2808 802 thronum
2846 747 3067 805 Davidis
3113 751 3379 820 obtineat,
3424 765 3482 812 et.

1908 849 2136 905 regnum
2169 835 2312 905 ejus,
2339 843 2400 890 ut
2425 836 2480 890 id
2520 839 2840 892 constituat.

1975 1033 2063 1090 10.
2092 1034 2204 1105 Age
2235 1050 2364 1090 vero
2397 1037 2540 1106 quod
2580 1037 2696 1092 haec
2729 1045 2855 1109 post
2887 1039 3231 1098 Salomonem
3261 1045 3330 1102 de
3366 1045 3475 1104 alio

1903 1125 2138 1193 quodam
2168 1136 2397 1182 venturo
2430 1129 2686 1199 praedicta
2727 1131 2948 1197 fuerint,
2974 1150 3135 1190 nemo
3167 1152 3276 1192 non
3304 1139 3471 1198 videt.

1904 1213 2008 1271 Sed
2039 1218 2245 1288 alioqui
2273 1220 2436 1274 etiam
2479 1222 2626 1277 edita
2673 1221 2866 1279 Davidi
2917 1229 3139 1283 oracula
3191 1229 3473 1288 Salomoni

1900 1309 2048 1363 haud
2094 1312 2425 1368 videbuntur
2467 1331 2789 1386 congruere,
2821 1319 2867 1372 si
2921 1331 3179 1376 accurato
3220 1323 3472 1381 examine

1898 1403 2324 1472 perpendantur.
2371 1405 2616 1478 Namque
2668 1412 2952 1465 oraculum
2985 1414 3269 1470 manifeste
3315 1416 3468 1479 dicit.

1898 1500 2024 1560 post
2059 1491 2279 1552 Davidis
2309 1507 2538 1551 mortem
2584 1508 2961 1556 surrecturum
2996 1504 3147 1560 illum
3179 1505 3248 1562 de
3275 1523 3383 1576 quo
3411 1509 3470 1563 lit

1896 1583 2238 1640 vaticinium.
2286 1587 2452 1659 Atqui
2483 1588 2740 1644 Salomon
2777 1593 2990 1650 vivente
3029 1596 3208 1652 adhuc
3240 1596 3465 1664 Davide,

1897 1688 2071 1744 eoque
2093 1678 2306 1733 volente
2330 1695 2392 1732 ac
2409 1677 2634 1748 jubente
2652 1682 2830 1740 factus
2851 1696 2935 1742 est
2959 1688 3108 1758 regni
3140 1705 3462 1749 successor:

1899 1781 2000 1820 nec
2031 1768 2137 1822 nisi
2161 1784 2334 1825 annos
2367 1772 2725 1843 quadraginta
2757 1791 2923 1846 super
2955 1777 3210 1836 lsraelem
3239 1797 3464 1854 regnas-

1825 1836 1865 1890 Β
1895 1872 1952 1911 επ»
1978 1858 2200 1913 dicitur.
2242 1859 2528 1928 Quomodo
2563 1881 2692 1936 ergo
2723 1868 2788 1922 ad
2829 1869 2973 1924 hunc
3004 1871 3312 1928 referentur
3335 1890 3461 1930 ver-

1894 1946 1961 2000 ba
1991 1965 2004 2001 :
2045 1967 2062 1998 ι
2098 1947 2163 2002 Et
2189 1951 2392 2022 erigam
2429 1953 2684 2009 thronum
2712 1958 2831 2026 ejus
2864 1960 2916 2012 in
2957 1962 3344 2031 sempiternum
3374 1965 3398 2020 ?
3433 1984 3455 2022 ι

1892 2034 2048 2102 Quod
2074 2040 2118 2094 si
2143 2040 2266 2110 quis
2295 2043 2540 2112 objiciat,
2570 2046 2638 2102 de
2659 2050 2980 2118 posteritate
3006 2052 3127 2121 ejus
3167 2054 3282 2110 haec
3313 2055 3460 2113 dicta

1891 2126 2062 2183 fuisse
2090 2169 2104 2188 ,
2135 2138 2268 2186 tunc
2318 2148 2450 2190 sane
2495 2152 2602 2190 non
2633 2145 2717 2193 est
2767 2139 3148 2210 ignorandum,
3174 2161 3348 2216 usque
3390 2145 3459 2202 ad

1888 2217 2206 2277 Jechoniam
2245 2227 2462 2295 quidem
2517 2237 2571 2285 et
2631 2229 3015 2302 Babylonicum
3063 2236 3455 2306 captivitatem,

1889 2306 2108 2367 Davidis
2126 2329 2188 2368 ac
2213 2313 2518 2374 Salomonis
2543 2321 2775 2390 regalem
2797 2324 3200 2379 successioncm
3224 2328 3460 2383 mansis-

1887 2417 1982 2470 se;
2007 2404 2280 2460 neminem
2312 2417 2491 2464 tamen
2524 2419 2646 2480 post
2674 2410 2994 2468 Jechoniam
3021 2415 3077 2469 in
3116 2417 3268 2485 regio
3295 2418 3458 2474 Davi-

1886 2509 1971 2567 dis
1998 2513 2197 2566 throno
2224 2501 2454 2559 sedisse.
2483 2502 2615 2570 Quo
2628 2513 2788 2575 pacto
2817 2505 2998 2577 igitur.
3019 2509 3317 2566 muliemso
3339 2508 3456 2566 ‘Sa-

1886 2604 2114 2667 lomoni,
2160 2599 2320 2671 cujus
2349 2613 2444 2654 cor
2469 2615 2579 2652 non
2608 2607 2724 2653 crat
2760 2599 3062 2670 perfectum
3097 2618 3225 2674 erga
3271 2603 3458 2659 Domi-

1883 2711 2016 2751 num
2063 2694 2232 2751 Deum
2280 2690 2848 2762 suum,jurisjurandi
2873 2693 3036 2747 verba
3069 2695 3454 2750 accommoda-

1885 2787 2002 2854 bis;
2042 2801 2253 2841 necnon
2285 2783 2376 2838 illa
2415 2800 2428 2836 :
2468 2801 2486 2832 ι
2526 2781 2636 2853 Ego
2666 2796 2761 2836 ero
2791 2782 2870 2835 illi
2895 2783 2947 2836 in
2975 2791 3204 2853 patrem,
3236 2793 3290 2840 et
3335 2786 3452 2856 ipse

1878 2878 2011 2935 mihi
2069 2877 2173 2932 erit
2231 2876 2286 2930 in
2337 2875 2716 2929 lilium?»lmo
2753 2888 2881 2928 vero
2920 2873 3036 2928 haec
3079 2890 3111 2928 a
3159 2875 3451 2936 Salomone

1882 2967 2040 3038 longe
2070 2965 2378 3022 recedunt:
2419 2965 2514 3019 scd
2563 2963 2784 3018 Christo
2815 2963 3005 3034 utique
3057 2966 3213 3022 valde
3253 2983 3453 3024 conve-

1879 3058 2057 3122 niunt,
2091 3057 2184 3127 qui
2209 3055 2430 3112 Davidis
2464 3056 2672 3111 semine
2699 3063 2875 3120 ortus,
2910 3071 3018 3111 non
3046 3059 3306 3128 templum
3341 3060 3450 3116 Dco

187 3138 321 3209 ὅλης
349 3142 448 3210 τῆς
468 3143 792 3216 οἰκουμένης
827 3149 921 3201 καὶ
943 3149 1002 3202 ἐν
1033 3152 1164 3203 πᾶσι
1188 3155 1297 3216 τοῖς
1328 3153 1534 3208 ἔθνεσιν
1556 3157 1618 3209 ἐκ
1639 3155 1776 3221 ζών-

1885 3166 1946 3206 ex
1985 3149 2298 3204 inanimatis
2341 3147 2636 3217 lapidibus,
2671 3154 2724 3202 et
2770 3147 2827 3201 in
2872 3159 3024 3217 parte
3051 3150 3234 3220 aliqua
3282 3158 3449 3220 atque

185 3247 300 3285 των
335 3235 430 3286 καὶ
451 3237 652 3307 νοερῶν
681 3238 843 3292 λίθων
876 3245 1238 3314 συνεστήσατο
1260 3245 1356 3315 τὴν
1379 3245 1655 3319 θεοπρεπῆ
1678 3252 1774 3303 αύ-

1885 3241 2078 3310 angulo
2099 3247 2276 3307 terrae,
2325 3242 2417 3293 sed
2473 3237 2525 3290 in
2573 3235 2829 3291 universo
2878 3238 3010 3292 orbe
3043 3246 3097 3292 et
3135 3239 3189 3292 in
3233 3239 3447 3294 cunctis

187 3322 285 3374 τοῦ
329 3324 654 3397 Ἐκκλησίαν
681 3343 696 3357 ·
725 3324 770 3397 ᾧ
821 3332 914 3385 καὶ
948 3333 1095 3404 μόνῳ
1126 3335 1206 3399 τὸ,
1242 3355 1259 3386 ι
1289 3336 1458 3400 Αὐτὸς
1500 3337 1652 3392 ἔσται
1685 3357 1773 3410 μοι

185 3417 267 3480 είς
287 3416 404 3469 υίὸν
429 3439 444 3466 ο
467 3419 748 3489 ἀναφωνού
757 3441 918 3493 μενον
942 3427 1171 3497 ἁρμόσει
1187 3447 1200 3458 ·
1223 3429 1344 3482 ἐπεὶ
1371 3430 1462 3482 καὶ
1486 3433 1542 3484 ἐν
1560 3432 1774 3502 ἑτέραις

185 3509 439 3578 Γραφαῖς
455 3512 580 3576 Υίὸς
596 3515 988 3588 ἀναγορεύεται
1010 3519 1102 3572 τοῦ
1119 3519 1251 3574 Θεοῦ
1269 3538 1281 3550 ο
1305 3523 1363 3574 ἐν
1381 3525 1444 3593 τῇ
1469 3523 1770 3595 φασκούσῃ,

192 3618 210 3650 ι
265 3601 364 3653 Ἐκ
395 3605 629 3675 γαστρὸς
658 3606 764 3679 πρὸ
793 3609 1070 3680 ἐωσφόρου
1102 3612 1370 3684 ἐγέννησα
1402 3631 1491 3667 σε*
1534 3633 1553 3665 ι
1590 3615 1682 3668 καὶ
1715 3618 1772 3669 ἐν

184 3693 253 3760 τῇ
279 3691 535 3766 λεγούσῃ,
560 3716 577 3747 ι
604 3697 806 3770 Κύριος
831 3697 950 3754 εἷπε
980 3703 1116 3772 πρός
1138 3719 1225 3772 με,
1261 3704 1389 3768 Υίός
1417 3723 1517 3776 μου
1550 3700 1601 3758 εἶ
1627 3705 1718 3759 σύ·
1746 3724 1766 3758 ι

188 3784 356 3838 πάλιν
391 3788 448 3839 ἐν
550 3789 819 3856 λέλεκται,
855 3813 874 3846 ι
906 3796 1108 3868 Κύριος
1135 3797 1313 3852 ἐκτισέ
1338 3816 1407 3866 με
1431 3801 1605 3872 ἀρχὴν
1637 3801 1770 3854 ὁδῶν

186 3874 356 3928 αὐτοῦ
390 3879 470 3942 είς
499 3878 636 3950 ἔργα
668 3883 854 3948 αὐτοῦ,
890 3885 995 3955 πρὸ
1024 3885 1079 3938 δὲ
1115 3887 1330 3939 πάντων
1375 3887 1577 3958 βουνῶν
1608 3893 1773 3962 γεννᾷ

190 3983 282 4036 με.
328 3986 348 4018 ι
391 3969 614 4035 Τούτοις
667 3974 798 4041 γοῦν
834 3977 1046 4047 συνᾴδει
1100 3978 1194 4030 καὶ
1225 3980 1258 4048 ή
1299 3978 1358 4044 ἐξ
1402 3979 1651 4050 οὐρανῶνῖ
1682 3983 1766 4034 ἐπ’

184 4057 355 4112 αὑτὸν
380 4061 656 4130 ἐνεχθεῖσα
690 4067 862 4138 φωνὴ,
901 4085 919 4118 ι
958 4070 1029 4121 Σὺ
1065 4065 1116 4122 εἴ
1146 4071 1174 4122 ὁ
1205 4069 1331 4133 Υἱός
1367 4087 1466 4139 μου
1496 4071 1524 4122 ὁ
1553 4071 1770 4142 ἀγαπη-

181 4151 298 4216 τὸς,
340 4170 359 4203 ι
391 4155 633 4224 φήσασα·
678 4159 771 4211 καὶ
799 4159 868 4212 τὰ
921 4162 980 4213 ἐν
1021 4161 1403 4233 ἑϐδομηκοστῷ
1456 4161 1512 4214 δὲ
1567 4163 1768 4235 πρώτῳ

180 4243 390 4314 ψαλμῷ
428 4248 815 4320 περιεχόμενα,
838 4251 899 4304 τὸ
929 4270 948 4302 ι
986 4253 1413 4323 Συμπαραμενεῖ
1438 4251 1515 4322 τῷ
1547 4253 1704 4324 ἡλίῳ,
1741 4273 1760 4306 ι

182 4337 282 4388 καὶ
308 4335 392 4402 τὸ,
430 4355 448 4388 ι
475 4339 658 4392 Πάντα
689 4341 758 4394 τὰ
789 4342 915 4414 ἔθνη
959 4342 1320 4415 μακαριοῦσιν
1352 4345 1534 4409 αὐτὸν,
1573 4365 1590 4397 ι
1618 4347 1766 4400 ἅντι-

181 4443 325 4498 κρυς
375 4432 488 4492 τοῖς
540 4433 666 4502 περὶ
707 4431 802 4484 τοῦ
837 4434 1089 4506 Σωτῆρος
1129 4433 1285 4505 ἡμῶν
1333 4434 1767 4506 θεολογουμένοις

1875 3331 2128 3400 gentibus
2160 3345 2226 3386 ex
2261 3330 2400 3384 vivis
2429 3327 2701 3398 lapidibus
2731 3335 2784 3382 et
2805 3327 3267 3386 intellectualibus
3291 3345 3448 3385 suam

1877 3420 1989 3476 Deo
2022 3420 2237 3490 dignam
2270 3420 2568 3474 Ecclesium
2603 3418 2887 3472 aedificavit
2922 3439 2934 3472 :
2968 3421 3055 3474 cui
3091 3421 3192 3476 soli
3224 3420 3445 3477 ell'atum

1875 3513 2008 3567 illud
2035 3518 2298 3582 congruet
2330 3529 2343 3566 :
2383 3529 2401 3562 ι
2444 3509 2564 3580 lpse
2596 3510 2729 3563 mihi
2761 3509 2867 3564 erit
2896 3511 2952 3564 in
2982 3511 3149 3564 lilium
3170 3554 3186 3578 ,
3219 3531 3240 3564 ι
3280 3528 3449 3582 quan-

1874 3603 2164 3673 doquidem
2199 3612 2255 3658 et
2286 3604 2339 3657 in
2363 3603 2485 3658 aliis
2507 3601 2804 3672 Scriptura:
2824 3601 2958 3656 locis
2985 3600 3275 3658 Filius‘Dei
3304 3619 3444 3674 piae-

1873 3695 2122 3762 dicatur;
2160 3695 2250 3750 ubi
2277 3710 2471 3764 nempe
2504 3694 2707 3748 dicitur
2737 3710 2754 3748 :
2792 3713 2810 3746 ι
2848 3693 2923 3748 Ex
2966 3702 3122 3749 utero
3145 3703 3271 3749 ante
3300 3695 3442 3750 luci-

1877 3787 2047 3841 ferum
2087 3787 2247 3857 genui
2279 3797 2330 3842 te
2355 3788 2465 3852 7“;
2507 3805 2524 3837 ι
2559 3801 2774 3840 necnon
2813 3785 2902 3839 ubi
2928 3786 3168 3840 dicitur:
3205 3805 3223 3837 ι
3256 3784 3444 3841 1)οωί-

1872 3894 1979 3933 nus
2005 3878 2141 3932 dixit
2170 3878 2235 3931 ad
2263 3894 2347 3932 me
2378 3895 2392 3933 τ
2467 3876 2640 3932 Filius
2659 3892 2885 3933 meuses
2917 3884 2972 3931 tu
2995 3878 3076 3945 ἠς
3105 3895 3124 3929 ι
3157 3877 3334 3933 denuo
3353 3879 3443 3932 ubi

1873 3971 2170 4026 scribitur:
2209 3988 2227 4021 ι
2262 3970 2524 4025 Dominus
2571 3971 2776 4023 creavit
2822 3983 2910 4024 me
2965 3968 3181 4023 initium
3226 3970 3442 4023 viarum

1873 4077 2098 4117 suarum
2144 4061 2210 4116 ad
2251 4076 2418 4131 opera
2467 4061 2622 4130 ejus;
2656 4069 2782 4114 ante
2813 4075 3003 4116 omnes
3055 4061 3224 4116 colles
3257 4061 3443 4132 genuit

1871 4170 1958 4209 me
1983 4154 2052 4210 ⁸⁸⁸.
2093 4173 2111 4205 ι
2149 4152 2244 4208 llis
2268 4168 2398 4222 ergo
2424 4161 2690 4206 consonat
2723 4167 2825 4205 vox
2846 4167 3062 4222 quoque
3092 4151 3182 4204 illa
3215 4151 3282 4206 de
3302 4154 3442 4207 εαξιο

1871 4245 2086 4300 delata:
2115 4262 2135 4296 ι
2173 4243 2256 4298 Tu
2306 4259 2365 4299 es
2396 4243 2568 4297 Filius
2615 4258 2770 4298 meus
2812 4241 3043 4298 dilectus
3078 4242 3144 4298 ".
3181 4262 3200 4295 ι
3247 4239 3313 4295 Ει
3348 4244 3442 4298 illa

1871 4352 1991 4407 qua:
2044 4335 2445 4405 septuagesimo
2502 4334 2681 4403 primo
2757 4334 2968 4403 psalmo
3020 4334 3371 4389 continentur
3422 4355 3436 4389 :

1877 4445 1896 4478 ι
1937 4426 2282 4482 Permancbit
2309 4441 2432 4480 cum
2459 4427 2602 4491 sole;
2643 4445 2661 4476 ι
2699 4425 2934 4494 itemque
2966 4442 2980 4479 :
3019 4443 3038 4475 ι
3074 4422 3278 4480 Omnes
3309 4440 3441 4496 gen-

183 4519 467 4589 συντρέχοι
489 4520 574 4576 ἄν.
607 4522 726 4575 ’Ότι
751 4523 809 4576 δὲ
849 4524 1001 4577 ταῦθ’
1023 4523 1196 4589 οὕτως
1216 4524 1347 4597 ἔχει,
1371 4527 1768 4597 ἀναμφίλεκτος

1885 4533 1954 4573 .es
1975 4519 2190 4572 beatum
2219 4517 2369 4570 illum
2397 4516 2580 4570 dicent
2612 4515 2658 4546 ⁷⁸
2693 4535 2706 4570 :
2737 4535 2755 4566 ι
2783 4515 2919 4578 haec,
2952 4515 3194 4585 inquam,
3219 4530 3344 4571 cum
3372 4516 3441 4572 iis

178 4610 216 4680 ή
241 4609 464 4664 ἀπὸτοῦ
504 4611 724 4666 Ἡσαΐου
767 4614 1046 4679 σύστασις,
1081 4616 1140 4679 ὃς
1164 4617 1300 4687 μετά
1329 4617 1420 4670 τὸν
1455 4618 1767 4688 Σολομῶνος

178 4701 416 4755 θάνατον
432 4705 526 4756 καὶ
553 4705 687 4774 μετὰ
718 4706 974 4771 πλείστας
1000 4707 1164 4771 ἄλλας
1179 4707 1270 4761 τοῦ
1287 4709 1476 4776 γένους
1495 4709 1763 4780 διαδοχὰς,

177 4794 247 4845 ὲκ
277 4792 437 4863 ῥίζης
470 4794 664 4849 Ἰεσσαὶ
696 4799 789 4850 καὶ
814 4799 977 4851 Δαϐὶδ
1008 4799 1382 4863 ἐξελεύσεσθαί
1410 4819 1530 4854 τινα
1563 4819 1766 4872 προφη-

175 4884 354 4949 τεύει,
389 4885 482 4937 καὶ
527 4886 716 4941 τοῦτον
761 4887 979 4942 ἔσεσθαι
1012 4890 1240 4962 Σωτῆρα
1291 4890 1482 4955 ἐθνῶν,
1541 4892 1765 4962 γυμνῶς

175 4973 326 5026 οὕτω
354 4974 610 5042 φάσκωνο
651 4997 669 5029 ‹
716 4981 826 5033 Καὶ
863 4979 1016 5032 ἔσται
1045 4982 1079 5051 ή
1112 4979 1237 5050 ῥίζα
1274 4980 1371 5034 τοῦ
1412 4982 1631 5046 Ἰεσσαὶ,
1668 4982 1766 5034 καὶ

174 5069 206 5120 ὁ
235 5067 597 5138 ἀνιστάμενος
629 5070 815 5141 ἄρχειν
845 5071 1012 5125 ἐθνῶν
1031 5089 1044 5102 ’
1081 5074 1166 5125 ἐπ’
1197 5071 1346 5143 αὐτῷ
1385 5072 1512 5145 ἔθνη
1554 5072 1767 5127 ἐλπιοῦ-

177 5175 290 5213 σιν.
325 5178 345 5212 1

254 5462 344 5516 ια’.
400 5459 557 5512 Ἀλλὰ
603 5448 724 5534 γὰρ
757 5461 1024 5516 τοσούτων
1077 5463 1438 5534 ἐκδεδομένων
1496 5460 1760 5548 χρησμῶν

177 5547 334 5621 μδῦῳ
364 5549 443 5620 τῷ
482 5550 645 5604 Δαϐὶδ
677 5553 772 5606 καὶ
819 5553 936 5625 μεθ’
970 5556 1132 5626 ὅρκου
1175 5553 1603 5616 διαϐεϐαιώσεως
1634 5551 1762 5622 περὶ

246 5704 511 5830 η’ὧεαι.
561 5723 650 5763 cu
675 5747 690 5770 ,
740 5709 795 5763 5.
871 5708 917 5740 ⁷³
954 5709 1100 5764 Psal.
1136 5727 1208 5778 ιι,
1243 5711 1298 5767 7.
1374 5711 1419 5744 ⁷³
1459 5708 1622 5764 Prov.
1663 5721 1776 5772 vm,

174 5792 233 5828 ιι
254 5816 271 5842 ,
342 5792 434 5830 ιυ.

499 5867 771 5926 ΡΑτιιοι.
809 5867 1173 5947 Gn._XXll.

1853 5704 1904 5759 5.
1980 5702 2026 5735 ⁷⁸
2069 5699 2258 5756 Matth.
2307 5715 2405 5764 ιιι,
2451 5696 2540 5755 l7.
2588 5699 2662 5772 _"
2701 5696 2846 5755 Psal.
2883 5713 3043 5766 Lm,
3087 5697 3142 5753 5.

1873 4627 2103 4681 prorsus
2131 4625 2253 4680 quae
2285 4608 2353 4663 de
2403 4607 2694 4662 Servatore
2745 4617 2936 4662 nostro
2989 4606 3252 4662 divinitus
3292 4605 3438 4662 dicta

1868 4710 2018 4767 sunt,
2050 4708 2400 4757 concurrent.
2434 4699 2588 4766 Quod
2640 4709 2819 4755 autem
2861 4701 2936 4754 ita
2988 4715 3076 4755 res
3117 4715 3177 4755 se
3216 4699 3435 4764 habeat,

1869 4794 2236 4848 indubitanter
2265 4790 2433 4847 Isaias
2467 4790 2774 4855 conﬁrmat,
2809 4791 2936 4846 dum
2979 4799 3104 4861 post
3133 4790 3438 4846 Salomonis

1865 4884 2075 4938 obitum
2101 4882 2478 4952 plurimasque
2510 4882 2644 4936 alias
2673 4883 3086 4952 generationum
3133 4883 3440 4938 successio-

1865 4991 1984 5038 nes,
2018 4990 2083 5029 ex
2113 4975 2297 5029 radice
2324 4971 2496 5030 Jessae
2533 4988 2597 5027 ac
2623 4972 2838 5029 Davidis
2875 4990 3222 5045 egressurum
3247 4990 3437 5046 quem-

1865 5067 1989 5122 dam
2018 5066 2369 5132 vaticinatur,
2397 5079 2632 5135 eumque
2657 5063 3000 5119 Servatorem
3033 5065 3273 5136 gentium
3301 5065 3440 5118 futu-

1863 5174 1984 5213 rum
2012 5167 2122 5212 tam
2156 5157 2444 5228 perspicue
2474 5157 2790 5226 pronuntiat
2819 5176 2831 5211 :
2863 5175 2881 5207 ι
2906 5136 2978 5210 Et
3015 5157 3119 5212 erit
3144 5155 3296 5210 radix
3317 5152 3440 5209 Jcs-

1867 5265 1960 5314 sae,
1994 5257 2049 5304 et
2071 5249 2162 5318 qui
2194 5255 2487 5318 consurget
2532 5249 2599 5302 ad
2646 5246 3020 5318 imperandum
3052 5248 3350 5320 gentibus;
3385 5257 3439 5304 ct

1867 5343 1923 5397 in
1953 5343 2130 5412 ipsum
2161 5348 2348 5412 gentes
2379 5340 2676 5412 sperabunt
2707 5341 2777 5395 ⁷⁷.
2805 5359 2826 5394 ι

1940 5455 2026 5510 ll.
2059 5454 2195 5508 Cum
2227 5453 2356 5506 talia
2394 5451 2558 5522 igitur
2603 5450 2748 5506 edita
2784 5450 3016 5508 fuissent
3070 5451 3294 5508 oracula
3342 5451 3436 5505 uni

1871 5545 2082 5611 Davidi,
2111 5555 2164 5598 et
2200 5543 2418 5612 quidem
2463 5557 2586 5597 cum
2632 5542 2814 5614 jurata
2844 5541 3226 5609 afﬁrmatione,
3259 5543 3432 5596 oritu-

3245 5697 3289 5728 "
3331 5695 3434 5750 lsa.

3111 5855 3187 5917 31
