3846 6220
326 256 427 316 971

1031 257 1300 313 EUSEBH
1337 259 1814 315 CESARIENSIS
1851 259 2003 315 OPP.
2044 258 2237 347 PARS‘
2261 258 2348 313 111.
2387 290 2459 301 —~
2485 258 2899 317 EXEGETICA.

3492 267 3603 322 973

326 397 449 435 rum
479 395 545 435 ex
570 380 691 451 ejus
741 377 950 437 semine
983 381 1407 450 pranuntiatum
1456 380 1640 447 illum;
1667 396 1902 451 cumque

2003 380 2102 451 τῆς
2134 382 2196 433 ἐκ
2227 382 2537 452 σπέρματος
2568 381 2730 433 αὑτοῦ
2760 382 3030 450 γενέσεως
3055 382 3148 435 τοῦ
3181 390 3603 458 προφητευομεο

326 474 620 530 universus
657 470 828 527 Israel
858 471 931 526 ob
968 472 1066 527 has
1097 471 1483 541 praedictiones
1529 471 1775 541 quotidie
1805 487 1900 526 ex-

327 570 604 634 spectaret
632 562 974 616 nasciturum
1003 577 1070 616 ex
1106 560 1311 615 Davide
1337 561 1580 615 omnium
1614 560 1900 614 hominum

328 655 676 710 Servatorem
717 669 782 707 ac
811 651 1254 722 Redemptorem,
1287 661 1435 706 recte
1462 650 1750 708 Matthaaus
1774 642 1915 722 spe?

325 755 570 802 tatarum
620 760 803 801 rerum
856 744 1151 799 adventum
1185 744 1470 809 nuntians,
1496 759 1562 799 ex
1614 745 1733 815 ipsa
1779 760 1901 815 quae

325 839 384 893 in
413 854 510 907 spe
538 845 658 892 erat
693 837 1121 906 exspectatione,
1160 837 1447 892 exordium
1481 837 1608 892 libri
1649 839 1901 909 auspica-

324 937 437 994 tur,
466 928 637 983 ﬁlium
670 926 888 983 Davidis
930 928 1211 998 appellans
1246 944 1369 984 eum
1404 929 1499 1000 qui
1528 944 1705 999 nuper
1732 944 1901 999 appa-

325 1029 531 1075 ruerat.
563 1022 609 1071 A
632 1016 839 1074 Davide
872 1026 1055 1074 autem
1108 1018 1193 1073 ad.
1219 1020 1588 1073 Abrahamum
1630 1018 1896 1083 ascendit,

325 1110 453 1179 quia
495 1108 675 1178 primo
724 1109 854 1163 item
901 1108 1215 1163 Abrahamo
1243 1108 1310 1163 de
1347 1109 1585 1179 gentium
1612 1109 1899 1163 vocatione

325 1199 476 1253 varia
520 1198 742 1253 oracula
776 1197 987 1252 reddita
1037 1196 1272 1253 fuerant.
1319 1199 1462 1252 Ante
1499 1200 1643 1253 enim
1693 1197 1897 1270 Moysis

324 1290 739 1361 legislationem,
796 1298 851 1345 et
883 1299 1009 1346 ante
1046 1299 1262 1362 gentem
1308 1291 1610 1358 Iudaicam,
1642 1293 1807 1347 immo
1844 1301 1897 1347 et

325 1390 450 1438 ante
502 1381 1004 1447 circumcisionem,
1037 1383 1341 1453 alienigena
1386 1399 1510 1437 cum
1546 1391 1692 1438 esset
1725 1384 1897 1437 Abra-

322 1472 520 1529 bamus
568 1483 623 1530 et
674 1472 1057 1528 Chaldaeorum
1115 1474 1339 1544 regione
1397 1474 1683 1539 oriundus,
1722 1475 1895 1544 patria

321 1563 575 1618 instituta
627 1564 888 1629 deseruit,
927 1563 1146 1633 Deoque
1198 1579 1455 1633 supremo
1507 1566 1714 1635 agnito,
1751 1566 1896 1620 testi-

319 1658 564 1711 monium
622 1658 829 1719 retulit,
856 1657 1004 1727 quod
1054 1656 1164 1711 Deo
1203 1658 1549 1723 credidisset,
1580 1666 1634 1713 et
1666 1667 1897 1729 reputa—

2006 490 2118 536 νου,
2147 474 2348 536 παντός
2371 490 2428 525 τε
2449 473 2523 535 ὡς
2547 474 2695 536 six};
2726 474 2821 527 τοῦ
2860 476 3075 547 Ἰσραὴλ
3092 477 3179 528 διὰ
3208 476 3307 539 τάς
3330 478 3600 543 τοσαύτας

2006 566 2337 637 προρρήσεις
2354 564 2622 635 ὁσημέραι
2657 565 3063 636 προσδοκῶντος
3085 562 3175 619 τὸν
3196 569 3261 619 ἐκ
3287 570 3412 620 Δασ
3407 571 3453 622 ιδ
3471 588 3597 639 γεν-

2005 654 2372 725 νηθησόμενον
2420 653 2650 723 Σωτῆρα
2690 654 2783 706 καὶ
2809 654 3101 725 Λυτρωτὴν
3141 655 3360 707 πάντων
3386 655 3602 726 ἀνθρὼ-

2007 763 2145 806 πων,
2187 744 2412 807 εἰκότως
2436 743 2544 796 τῶν
2579 744 3040 815 προσδοκωμένων
3084 746 3182 817 τὴν
3215 745 3397 815 ἄφιξιν
3431 750 3599 817 εὐαγ-

2005 838 2346 908 γελιζόμενος
2376 840 2403 890 ὁ
2445 836 2742 900 Ματθαῖος,
2791 838 2850 903 ἐξ
2890 838 3063 907 αὐτῆς
3093 837 3194 908 τῆς
3236 840 3598 911 ἐλπιζομένης

2006 931 2333 1001 προσδοκίας
2360 931 2457 1000 τὴν
2491 931 2770 1000 καταρχὴν
2804 929 2895 982 τοῦ
2929 930 3087 998 λόγου
3132 932 3446 1002 πεποίηται,
3479 934 3597 987 υἱὸν

2005 1022 2167 1075 Δαὸὶδ
2210 1022 2387 1091 φήσας
2432 1021 2523 1073 τὸν
2563 1021 2976 1091 ἐπιλάμψαντα·
3016 1021 3155 1091 μετά
3201 1022 3259 1075 δὲ
3302 1022 3395 1076 τὸν
3431 1024 3598 1077 Δαϐὶδ

2004 1114 2096 1165 ἐπὶ
2126 1113 2215 1165 τὸν
2252 1112 2501 1182 ’Δὸραάμ
2522 1112 2829 1182 ἀνατρέχει,
2866 1112 3054 1183 ἐπειδὴ
3088 1112 3290 1185 πρώτῳ
3320 1114 3486 1167 πάλιν
3514 1116 3593 1184 τῷ

2017 1203 2261 1275 Ἀϐραὰμ
2294 1205 2422 1274 περὶ
2455 1205 2554 1273 τῆς
2590 1203 2834 1273 κλήσεως
2865 1203 2971 1255 τῶν
3004 1203 3173 1256 ἐθνῶν
3203 1204 3452 1276 διάφοροι
3489 1205 3596 1259 ἐδέ-

2002 1296 2152 1348 δοντο
2195 1295 2454 1367 χρησμοί,
2498 1297 2612 1367 Πρὸ
2648 1295 2751 1365 γὰρ
2779 1295 2878 1364 τῆς
2920 1294 3199 1358 Μωῦσέως
3246 1294 3589 1365 νομοθεσίας,

2002 1387 2095 1439 καὶ
2128 1387 2232 1459 πρὸ
2255 1387 2347 1439 τοῦ
2392 1388 2660 1439 Ἰουδαίων
2700 1387 2906 1449 ἔθνους,
2936 1386 2998 1438 οὐ
3044 1385 3149 1455 μὴν
3187 1385 3323 1439 ἀλλὰ
3357 1389 3452 1440 καὶ
3483 1387 3593 1459 πρὸ

2000 1476 2102 1545 τῆς
2157 1475 2481 1548 περιτομῆς,
2537 1475 2828 1547 ἀλλοεθνὴς
2868 1474 2942 1527 ὢν
2982 1475 3010 1525 ὁ
3057 1474 3305 1545 Ἀϐραὰμ
3346 1474 3443 1527 καὶ
3491 1475 3591 1545 τῆς
3695 1540 3707 1551 ,

2001 1567 2279 1621 Χαλδαίων
2306 1569 2409 1638 γῆς
2440 1567 2779 1638 ὁρμώμενος,
2815 1567 3100 1620 ἀπολείπει
3130 1568 3228 1638 μὲν
3261 1566 3331 1620 τά
3361 1568 3587 1639 πάτρια,

2000 1660 2133 1712 Θεὸν
2165 1660 2221 1713 δὲ
2255 1661 2416 1728 γνοὺς
2449 1660 2537 1713 τὸν
2578 1660 2669 1711 ἐπὶ
2701 1661 2896 1720 πάντα,
2936 1658 3349 1730 μεμαρτύρηται
3380 1659 3457 1723 ὡς
3479 1658 3593 1729 ἄρα.

319 1756 437 1802 tum
481 1749 585 1820 ipsi
619 1760 765 1805 esset
814 1749 883 1804 ad
910 1749 1183 1819 justitiam
1217 1752 1261 1783 ⁷⁸
1297 1769 1310 1805 :
1342 1751 1636 1821 justusque
1682 1758 1737 1806 et
1786 1751 1896 1808 Deo

1999 1753 2287 1805 ἐπίστευσε
2308 1752 2384 1822 τῷ
2407 1751 2544 1822 Θεῷ,
2567 1753 2660 1805 καὶ
2683 1751 2932 1818 ἐλογίσθη
2956 1749 3102 1820 αὐτῷ
3122 1752 3203 1814 εἰς
3220 1750 3587 1821 δικαιοσύνην·

320 1859 482 1901 carus
533 1846 724 1909 evasit,
766 1845 913 1900 haud
968 1846 1040 1902 ob
1093 1847 1339 1917 corporis
1394 1847 1890 1909 circumcisionem,

320 1937 405 1993 vel
436 1938 842 1993 observantiam
884 1938 1134 2003 Sabbati,
1164 1938 1453 2001 festorum,
1488 1948 1652 2008 atque
1694 1938 1895 1992 Kalen-

297 2025 535 2094 vdarum,
564 2043 740 2098 neque
790 2028 862 2084 ob
911 2029 1072 2083 aliam
1123 2029 1372 2099 quamvis
1408 2044 1439 2082 a
1469 2028 1654 2099 Moyse
1703 2035 1895 2099 postea

294 2119 591 2173 rinvectam
625 2119 966 2189 religionem,
997 2119 1092 2175 sed
1127 2128 1348 2191 propter
1381 2121 1543 2174 aliam
1572 2119 1665 2173 Dei
1720 2120 1894 2173 mani-

294 2208 688 2275 ‘festationem,
715 2210 992 2281 Deumque
1024 2212 1129 2282 ipsi
1159 2218 1510 2282 apparentem
1547 2210 1685 2282 (erat
1712 2220 1893 2266 autem

319 2301 411 2357 hic
441 2301 747 2374 Servatur),
773 2312 827 2359 et
850 2311 1069 2374 propter
1094 2312 1343 2358 ornatam
1377 2302 1673 2357 virtutibus
1702 2302 1889 2355 vitam.

290 2392 437 2448 illoc
468 2392 654 2462 itaque
700 2392 985 2463 religionis
1020 2407 1193 2463 genus
1221 2392 1500 2447 exercenti
1538 2391 1680 2447 facta
1713 2403 1796 2448 est
1825 2395 1893 2449 de

320 2482 564 2551 gentium
597 2482 885 2537 vocatione
914 2483 1251 2552 promissio;
1277 2482 1420 2553 quod
1462 2485 1655 2553 nempe
1683 2494 1735 2538 et
1763 2486 1894 2553 ipsa:

286 2574 614 2645 :aliquando
666 2574 783 2643 pari
845 2584 1009 2644 atque
1059 2572 1406 2630 Abrahamus
1449 2573 1662 2629 fervore
1720 2573 1889 2629 Deum

284 2672 507 2720 essent
557 2664 885 2729 adoratum,
931 2679 1034 2719 nec
1075 2664 1396 2719 dissimilem
1456 2664 1890 2719 benedictionem

318 2764 716 2813 consecutum.
753 2755 1121 2822 Quamobrem
1150 2755 1357 2810 dictum
1382 2757 1431 2810 ei
1462 2755 1566 2811 fuit
1593 2776 1605 2810 :
1644 2775 1662 2807 ‹
1706 2755 1771 2808 Ει
1799 2757 1892 2811 be-

317 2851 643 2906 nedicentur
677 2849 732 2902 in
764 2858 814 2903 te
838 2863 1029 2903 omnes
1049 2847 1237 2901 'tribus
1259 2848 1515 2913 terrm";
1552 2867 1570 2899 ι
1598 2860 1648 2902 et
1670 2846 1847 2901 denuo
1873 2864 1888 2902 :

292 2959 342 2991 ν(
386 2938 527 2992 Dixit
555 2946 738 2992 autem
786 2936 1048 2993 Dominus
1086 2956 1098 2990 :
1153 2935 1273 2991 Non
1301 2937 1491 2992 celabo
1524 2937 1890 2991 Abrahamum

308 3043 546 3100 puerum
576 3044 755 3082 meum
787 3042 908 3098 quae
948 3043 1048 3099 ego
1101 3027 1265 3084 facio.
1297 3026 1414 3082 Fiet
1460 3027 1802 3085 Abrahamus
1837 3030 1893 3084 in

1995 1841 2198 1904 δίκαιός
2224 1858 2283 1893 τε
2309 1843 2403 1893 καὶ
2438 1839 2690 1911 θεοφιλής
2724 1840 3128 1908 ἀποπέφανται,
3164 1840 3225 1891 οὐ
3246 1839 3338 1892 διὰ
3373 1856 3592 1911 πεκτε-

1998 1935 2103 2004 μῆς
2115 1932 2381 2002 σώματος,
2405 1933 2523 1984 οὐδὲ
2547 1932 2633 1984 διὰ
2657 1931 2904 2001 φυλακῆς
2922 1932 3131 2002 ἡμέρας
3152 1929 3450 1992 Σαϐῦάτου,
3472 1931 3591 1999 ἐορ-

1994 2026 2157 2097 τῶνῆ
2187 2026 2511 2096 νουμηνιῶν,
2544 2025 2667 2077 οὐδέ
2696 2042 2758 2093 γε
2787 2023 2853 2076 δι’
2884 2023 3049 2093 ἄλλης
3072 2022 3216 2083 τινὸς
3250 2022 3401 2094 παρά
3423 2023 3591 2075 Muri-

1995 2122 2077 2173 σεί
2109 2122 2414 2191 φερομένης
2470 2118 2910 2190 ἐθελοθρησκίας,
2959 2117 3094 2170 ἀλλά
3138 2115 3203 2169 δι’
3231 2113 3401 2186 ἄλλης
3448 2113 3587 2166 Θεοῦ

1994 2212 2214 2279 φανείας
2237 2229 2298 2263 τε
2330 2211 2421 2263 τοῦ
2452 2211 2708 2280 ὀφθέντος
2745 2209 2895 2279 αὖτῷ
2920 2208 3126 2278 Κυρίου
3185 2200 3358 2277 (οὗτος
3390 2205 3436 2259 δ’
3455 2202 3524 2277 ἦν

1993 2276 2227 2373 Σωτὴρ),
2263 2302 2350 2356 διά
2372 2319 2430 2353 τε
2462 2276 2657 2372 σεμνοῦ
2694 2301 2787 2353 καὶ
2825 2276 3079 2369 ἐναρέτου
3128 2276 3267 2368 βίου.
3307 2276 3509 2349 Τοῦτον
3536 2276 3584 2347 δ’

1992 2389 2084 2447 οὗν
2125 2394 2271 2465 αὐτῷ
2310 2393 2662 2464 κατορθοῦντι
2698 2392 2798 2463 τῆς
2831 2391 3140 2453 θεοσεϐείας
3189 2389 3280 2441 τὸν
3320 2388 3522 2459 τρόπον
3548 2391 3585 2460 ἡ

1994 2486 2119 2556 περὶ
2143 2483 2249 2536 τῶν
2276 2484 2445 2537 ἐθνῶν
2466 2484 2641 2535 δέδοτο
2670 2483 2992 2551 ἐπαγγελία,
3018 2481 3093 2545 ὡς
3125 2478 3220 2533 καὶ
3247 2479 3429 2532 αὐτῶν
3452 2493 3584 2530 ποτε

1992 2576 2133 2630 κατά
2149 2576 2239 2629 τὸν
2262 2576 2363 2628 τοῦ
2399 2575 2650 2648 Ἀϐραὰμ
2674 2574 2832 2645 ζῆλον
2862 2572 3317 2643 θεοσεϐησόντων,
3346 2571 3442 2624 καὶ
3464 2571 3586 2640 ἴσης

1990 2669 2068 2739 τῷ
2113 2668 2350 2736 θεοφιλεῖ
2396 2666 2951 2736 καταξιωθήσομένων
3000 2664 3268 2733 εὐλογίας.
3315 2664 3586 2718 Λέλεκται

1991 2760 2122 2829 γοῦν
2147 2759 2284 2831 πρὸς
2318 2760 2499 2822 αὐτὸν,
2538 2778 2555 2808 ι
2593 2758 2695 2810 Καὶ
2728 2756 3183 2828 εὐλογηθήσονται
3214 2757 3273 2808 ἐν
3297 2755 3384 2808 σοὶ
3413 2755 3583 2806 πᾶσαι

1991 2854 2045 2905 αἱ
2078 2852 2240 2922 φυλαὶ
2270 2852 2369 2923 τῆς
2388 2852 2491 2921 γῆς
2516 2868 2527 2879 ·
2565 2870 2583 2901 ι
2615 2850 2708 2903 καὶ
2740 2849 2902 2901 πάλιν
2920 2867 2933 2878 ·
2961 2867 2979 2900 ι
3014 2849 3072 2901 '0
3084 2848 3141 2901 δέ
3170 2845 3375 2918 Κύριος
3404 2840 3580 2904 εἶπεν,

1992 2945 2068 2997 Οὐ
2101 2945 2173 3016 μὴ
2209 2943 2401 3017 κρύψω
2443 2942 2548 2996 ἀπὸ
2592 2941 2841 3014 Ἀϐραὰμ
2871 2939 2965 2993 τοῦ
3009 2940 3200 3003 παιδός
3253 2955 3357 3010 μου
3406 2936 3444 2991 ἃ.
3471 2932 3587 3002 ἐγὼ

1993 3037 2170 3090 ποιῶο
2218 3035 2467 3105 Ἀϐραὰμ
2508 3035 2561 3087 δὲ
2605 3034 2894 3103 γενόμενος
2925 3032 3077 3085 ἔσται
3115 3033 3194 3094 είς
3240 3029 3395 3093 ἔθνος
3439 3028 3581 3099 μέγα

204 3178 207 3181 λ
308 3129 528 3191 gentem
562 3135 815 3191 magnam
848 3120 1207 3190 multamque,
1249 3129 1303 3176 et
1328 3121 1382 3173 in
1410 3135 1474 3175 eo
1499 3121 1890 3176 benedicentur

1997 3130 2087 3181 καὶ
2121 3127 2274 3193 πολὺ,
2309 3127 2401 3180 καὶ
2436 3126 2856 3195 εὐλογηθήσεται
2884 3126 2941 3177 ἐν
2967 3122 3115 3193 αὐτῷ
3147 3122 3328 3175 πάντα
3358 3120 3429 3174 τὰ
3454 3120 3582 3189 ἔθνη

308 3212 697 3267 ιωιοιϊῑεηαε
744 3211 928 3280 populi
959 3211 1029 3266 ⁸ο.
1075 3229 1094 3262 ι
1124 3209 1256 3276 Quae
1302 3226 1428 3265 cum
1475 3213 1549 3265 ita
1607 3213 1737 3278 sint,
1765 3230 1893 3268 non-

315 3311 636 3357 sentaneum
668 3301 793 3365 fuit,
829 3303 1134 3358 vocationis
1184 3303 1429 3373 gentium
1485 3305 1889 3375 progenitorem

314 3394 686 3449 Abrahamum
724 3393 792 3449 ab
822 3395 1158 3465 evangelista
1199 3378 1503 3450 secundum
1540 3398 1743 3452 assumi
1768 3405 1891 3467 post

314 3487 596 3542 Davidem.
629 3486 876 3557 Namque
915 3487 1086 3550 hunc,
1121 3487 1211 3540 cui
1255 3487 1322 3540 de
1350 3484 1662 3542 Servatoris
1693 3488 1890 3542 nativi-

312 3586 426 3635 tate
452 3578 850 3649 promissiones
874 3576 1030 3632 faeta:
1058 3584 1208 3640 sunt,
1234 3578 1486 3647 praeverti
1510 3579 1705 3634 ordine
1726 3594 1889 3649 opor-

310 3670 418 3724 tuit
456 3668 537 3723 illi
571 3669 664 3740 qui
691 3668 760 3724 de
787 3668 1042 3740 gentibus
1075 3669 1405 3739 sponsiones
1450 3681 1772 3740 acceperat;
1804 3686 1890 3726 se-

312 3760 573 3825 cundum,
607 3760 852 3829 inquam.
882 3759 938 3813 in
980 3758 1296 3830 genealogia
1344 3760 1602 3814 collocari
1645 3765 1889 3832 oportuit

310 3852 555 3923 gentium
578 3850 972 3921 patriarcbam.

381 3943 469 3999 l2.
493 3943 732 4001 Joannes
763 3946 983 4014 quidem
1014 3946 1069 4000 in
1118 3961 1218 4001 sua
1266 3944 1542 4017 Evangelii
1591 3948 1884 4015 scriptura,

309 4052 399 4093 res
450 4052 589 4107 quae,
630 4036 873 4102 Baptista
928 4038 1173 4094 nondum
1229 4040 1284 4092 in
1340 4039 1557 4092 vincula
1615 4039 1885 4108 conjecto,

310 4138 437 4186 ante
472 4130 751 4185 Christum
783 4131 938 4186 factae
967 4138 1126 4196 sunt,
1155 4130 1398 4185 tradidit.
1446 4131 1514 4184 At
1540 4138 1654 4186 tres
1689 4133 1887 4202 reliqui

308 4222 675 4294 evangelista,
723 4232 845 4277 acta
898 4230 1022 4294 post
1043 4237 1320 4277 carcerem
1373 4224 1630 4280 recitant.
1677 4221 1737 4276 ld
1770 4223 1884 4276 ani-

309 4312 673 4369 madvertenti
721 4313 869 4370 haud
921 4313 1206 4370 dissonare
1265 4312 1595 4367 videbuntur
1634 4312 1777 4367 inter
1827 4328 1886 4367 se

308 4404 639 4478 Evangelia;
710 4407 837 4478 quia
895 4405 1155 4460 nimirum
1214 4405 1357 4476 apud
1412 4404 1680 4461 Joannem
1754 4412 1884 4458 sunt

308 4499 513 4571 priora,
538 4500 748 4572 reliqua
782 4500 849 4556 ad
887 4508 1221 4572 postremam
1264 4499 1554 4553 historiam
1587 4497 1879 4567 pertinent.

1992 3220 2088 3291 τῆς
2108 3219 2232 3289 γῆς.
2270 3237 2288 3269 ι
2312 3214 2414 3270 ’Ὧν
2451 3217 2625 3279 οὕτως
2649 3217 2902 3286 ἐχόντων,
2930 3213 3225 3268 ἀκόλουθον
3249 3208 3320 3283 ἦν
3354 3213 3455 3283 τῆς
3471 3212 3587 3264 τῶν

1991 3311 2159 3364 ἐθνῶν
2211 3311 2454 3381 κλήσεως
2505 3309 2825 3380 προπάτορα
2870 3306 2999 3359 ὄντα
3054 3304 3147 3357 τὸν
3191 3302 3444 3375 Ἀδραάμ
3476 3302 3585 3355 ὑπο

1989 3400 2083 3455 τοῦ
2117 3400 2498 3469 εὐαγγελιστοῦ
2552 3399 2801 3469 δεύτερον
2852 3394 3279 3467 παραληφθῆναι
3313 3392 3453 3465 μετὰ
3488 3393 3583 3445 τὸν

1990 3493 2168 3547 Δαϐίδ.
2216 3494 2409 3563 Ἐχρῆν
2435 3491 2542 3563 γὰρ
2574 3491 2665 3544 τὸν
2694 3490 2822 3561 περὶ
2851 3489 2951 3559 τῆς
2975 3487 3244 3556 γενέσεως
3274 3486 3372 3540 τοῦ
3393 3485 3579 3555 Σαπῆ-

1992 3604 2085 3657 ρος
2121 3586 2218 3649 τάς
2247 3586 2565 3655 ὑποσχέσεις
2592 3583 2868 3654 εἰληφότα,
2898 3579 3302 3654 προτιμηθῆναι
3334 3581 3404 3651 τῇ
3430 3577 3584 3643 τάξει

1989 3678 2081 3733 τοῦ
2116 3679 2213 3742 τὰς
2247 3679 2373 3750 περὶ
2394 3677 2503 3730 τῶν
2527 3676 2692 3730 ἐθνῶν
2731 3675 3063 3744 ἐπαγγελίας
3096 3671 3392 3744 δεξαμένου
3411 3688 3427 3702 ·
3451 3670 3577 3726 δεύ-

1987 3788 2142 3843 τερον
2186 3771 2242 3823 δέ
2285 3771 2344 3822 ἐν
2387 3771 2454 3839 τῇ
2498 3766 2816 3838 γενεαλογία
2850 3763 3277 3837 παραληφθῆναι
3324 3763 3421 3816 τὸν
3469 3759 3581 3815 τῶν

1992 3859 2159 3912 ἐθνῶν
2190 3860 2451 3930 ἀρχηγόν.

2066 3948 2150 4019 ιβ’
2194 3949 2251 4001 Ὁ
2285 3949 2382 4019 μὲν
2410 3948 2518 4018 γὰρ
2564 3948 2815 4017 Ἰωάννης
2838 3948 2903 4016 τῇ
2928 3943 3021 3998 τοῦ
3052 3944 3175 3996 κατ’
3210 3940 3377 3995 αὐτὸν
3398 3939 3585 4008 Εὐαγ-

1989 4041 2167 4110 γελίου
2200 4044 2407 4112 γραφῇ,
2449 4041 2519 4093 τὰ
2556 4040 2781 4111 μηδέπω
2806 4038 2901 4092 τοῦ
2949 4033 3260 4089 Βαπτιστοῦ
3311 4030 3581 4104 βεϐλημέ-

1988 4147 2077 4184 νου
2113 4132 2193 4193 είς
2240 4129 2507 4199 φυλακὴν,
2545 4128 2650 4201 πρὸ
2693 4127 2787 4182 τοῦ
2828 4125 3066 4199 Χριστοῦ
3113 4122 3453 4196 πραχθέντα,
3478 4139 3582 4175 πα-

1989 4221 2271 4292 ραδίδωσιν
2290 4238 2303 4251 ·
2336 4222 2386 4274 οἰ
2427 4221 2484 4273 δὲ
2507 4219 2684 4273 λοιποὶ
2711 4222 2860 4291 τρεῖς
2909 4216 3294 4285 εὐαγγελισταὶ
3320 4214 3393 4267 τὰ
3440 4213 3582 4283 μετά

1986 4312 2044 4364 τὸ
2070 4311 2439 4382 δεσμωτήριον
2464 4309 2734 4379 λέγουσιν.
2756 4303 2851 4371 Οἷς
2878 4308 2974 4361 καὶ
2990 4307 3369 4375 ἐπιστήσαντι,
3393 4301 3581 4355 οὐκέτι

1986 4405 2050 4457 ἂν
2075 4402 2280 4467 δόξαιεν
2325 4403 2612 4471 διαφωνεῖν
2653 4400 2903 4471 ἀλλήλοις
2929 4401 2998 4453 τὰ
3049 4396 3375 4466 Εὑαγγέλια,
3413 4393 3494 4466 τῷ
3522 4394 3586 4446 τὸ

1991 4495 2088 4564 μὲν
2122 4492 2261 4546 κατὰ
2296 4494 2548 4562 Ἰωάννην
2577 4492 2646 4546 τὰ
2676 4491 2868 4561 πρῶτα
2890 4488 3189 4560 περιέχειν,
3223 4486 3295 4540 τὰ
3326 4484 3384 4537 δέ
3415 4483 3583 4537 λοιπὰ

1987 4586 2084 4656 τὴν
2112 4585 2407 4638 ἐπιτέλειον
2441 4584 2679 4657 ἱστορίαν
2708 4581 2843 4653 (51).

1239 4733 1323 4787 Ea:
1349 4730 1563 4787 Possini
1582 4740 1773 4784 catena
1796 4730 1853 4782 in
1884 4727 2201 4782 Mauliwum
2232 4735 2360 4778 tom.
2388 4722 2429 4787 1,
2470 4739 2523 4792 p.
2559 4722 2646 4778 12.
2722 4739 2731 4746 ‘

377 4850 466 4906 15.
501 4848 737 4904 Eusebii.
772 4846 1064 4902 Gravidam
1124 4846 1219 4901 Dei
1269 4854 1498 4901 matrem
1530 4845 1738 4901 nemini
1771 4843 1880 4898 nisi

307 4943 546 5015 Josepho
587 4943 863 4997 inventam
911 4956 1035 4997 esse
1083 4939 1158 4993 ait
1210 4939 1543 5006 evangelista
1576 4953 1589 4989 :
1627 4952 1658 4991 a
1687 4944 1880 4991 saneto

308 5036 507 5107 quippe
537 5032 743 5106 Spiritu
777 5048 889 5105 res,
914 5030 1185 5104 patefacta
1219 5030 1341 5085 fuit.
1375 5029 1536 5084 Justo
1562 5036 1745 5084 autem
1783 5029 1876 5083 ho-

2062 4845 2148 4907 ιγ’.
2171 4837 2281 4908 (52)
2301 4835 2615 4891 Εὑσεϐίου.
2654 4833 2774 4887 Ὀτι
2807 4832 2863 4885 δὲ
2887 4830 3082 4899 ἔγκυος
3106 4827 3304 4899 εὑρέθη
3334 4826 3370 4896 ἠ
3396 4823 3584 4877 Θεοτό-

1988 4949 2101 4995 κος,
2126 4932 2220 4984 καὶ
2240 4930 2320 4983 ὅτι
2344 4929 2518 4982 οὐδενὶ
2542 4926 2716 4998 ἑτέρῳ
2742 4924 2856 4979 ἀλλ’
2944 4922 3022 4994 τῷ
3057 4920 3275 4991 Ἰωσὴφ,
3294 4922 3324 4972 ὁ
3339 4919 3579 4986 εὐαγγεο

1985 5026 2171 5098 λιστὴς
2196 5025 2542 5095 ἀπεφήνατο·
2578 5024 2641 5076 ἐκ
2659 5020 2769 5091 γὰρ
2800 5017 3115 5090 Πνεύματος
3154 5015 3312 5083 ἁγίου
3362 5013 3577 5082 γέγονε,

373 5191 421 5225 ’⁸
459 5190 621 5246 Rom.
659 5205 747 5255 ιν,
782 5189 835 5243 5.
913 5188 958 5219 τ’
995 5185 1134 5242 Gen.
1170 5201 1278 5252 xu,
1315 5185 1369 5240 5.
1445 5184 1490 5215 ⁸ο
1530 5183 1668 5276 Gen:
1708 5197 1871 5248 xvnl,
1912 5180 1998 5237 l7.

375 5347 487 5417 (5i)
529 5345 708 5417 Locus
745 5345 839 5417 hic
873 5343 1155 5417 brevisde
1187 5341 1427 5412 Baptista
1458 5355 1650 5417 reapse
1678 5341 1877 5417 recita-

306 5409 397 5472 tur
425 5409 480 5470 in
509 5416 697 5471 codice
721 5418 787 5475 Α.
819 5414 855 5469 f.
897 5415 988 5476 8'2,
1021 5414 1089 5468 ad
1113 5409 1278 5467 Lucae
1306 5427 1427 5483 cap.
1471 5428 1524 5473 v,
1552 5409 1608 5483 2,
1634 5411 1742 5483 sub
1766 5409 1876 5483 Fiu-

308 5487 445 5542 sebii
479 5486 715 5541 nomine.
742 5486 1057 5555 Et-quidem
1082 5485 1207 5539 vide
1236 5480 1389 5555 dicta
1417 5497 1447 5534 a
1480 5482 1639 5555 nobis
1679 5480 1746 5533 ad

306 5558 415 5612 rilli
445 5551 897 5611 commentarium
933 5556 997 5608 In
1020 5554 1172 5616 Lua,
1205 5568 1260 5623 p.
1289 5552 1411 5615 146,
1433 5569 1488 5605 n.
1521 5552 1572 5605 5.
1598 5551 1655 5604 ln
1686 5551 1882 5619 praeia-

307 5630 456 5681 tione
478 5624 545 5680 ad
567 5624 832 5681 Marinum
864 5626 999 5677 dixit
1020 5624 1287 5679 Eusebius
1313 5641 1371 5678 se
1391 5623 1721 5693 quaestiones
1752 5636 1880 5674 suas

308 5697 599 5766 scripsisse
646 5695 716 5750 ad
773 5694 1039 5765 principia
1097 5702 1151 5750 et
1209 5694 1371 5749 ﬁnem
1409 5691 1875 5765 ’Evangcliorum.

1979 5335 2343 5403 Quamobrem
2374 5332 2463 5386 hic
2494 5330 2562 5387 de
2594 5329 2843 5400 Baptista
2878 5328 3038 5403 locus
3064 5323 3306 5403 pertinet
3339 5320 3571 5403 fortasse

1979 5392 2154 5475 magis
2199 5404 2266 5458 ad
2315 5392 3123 5475 Eusebiicommentarium-In
3164 5394 3393 5475 Lageam.
3434 5392 3570 5475 uitia

1980 5462 2162 5530 tamvtn
2199 5475 2520 5529 nominatim
2553 5471 2643 5524 hic
2678 5469 2984 5541 appellatur
3013 5463 3430 5541 Euangeliomnt
3460 5462 3570 5541 dis-

1982 5546 2268 5616 sonantia,
2297 5544 2401 5616 hoc
2428 5558 2529 5612 ego
2559 5531 2868 5616 locofsine
2908 5538 3041 5616 ullo,
3091 5531 3354 5605 ut'puto,
3398 5531 3571 5587 detri-

1983 5623 2169 5673 mento
2198 5615 2334 5684 reip.
2372 5609 2735 5684 fragmentum
2766 5609 3051 5666 collocavi.

2057 5686 2164 5758 (52)
2206 5682 2410 5752 Quasi.
2450 5699 2488 5752 ι,
2508 5682 2577 5738 '5.
