3846 6220
275 336 382 392 973

1089 329 1593 389 SUPPLEMENTA
1632 322 2118 398 QUISTIONUM
2158 326 2248 384 AD
2289 327 2730 385 STEPHANUM.

3431 283 3535 391 sit

276 448 433 521 φησι,
468 446 531 501 τὸ
560 445 801 502 τοιοῦτον
830 446 1094 519 φανερόν·
1130 447 1324 519 δικαίῳ
1344 444 1453 517 γάρ
1485 445 1599 498 ὄντι
1629 444 1708 516 τῲ
1749 444 1851 498 Ἰω-

1970 442 2096 498 mini
2127 440 2206 496 nil
2235 440 2437 496 mirum
2467 449 2552 497 est
2580 441 2876 497 revelatam
2923 441 3094 499 fuisse
3115 452 3146 498 a
3183 452 3374 501 sancto
3410 445 3535 517 Spi-

279 538 388 610 σὴφ
418 538 518 591 οὐκ
570 533 638 609 ἦν
684 537 993 608 θαυμαστὸν
1036 537 1343 609 γνωσθῆναι
1401 537 1489 591 διὰ
1538 535 1854 605 Πνεύματος

277 626 457 697 ἁγίου,
493 625 554 690 ἐξ
583 620 645 683 οὗ
677 628 770 681 καὶ
796 629 830 699 ἡ
862 626 1057 700 κύησις
1089 627 1330 695 γέγονεν.

1961 533 2070 587 ritu
2115 533 2261 588 hanc
2317 535 2755 604 conceptionem,
2801 545 2965 606 quam
3010 544 3112 591 sua
3163 535 3310 593 idem
3334 537 3535 594 virtute

1963 622 2288 694 perfecerat.

1345 744 1430 800 Ex
1454 754 1640 800 catena
1666 744 1867 799 inedita
1897 743 1951 796 in
1978 741 2155 796 codice
2198 739 2472 794 Vaticano.

351 861 432 916 ιδ’.
469 861 579 932 (55)
621 863 917 917 Εὐσεϐίου
952 904 965 918 .
1017 864 1294 934 Ἐνέτυχον
1333 863 1390 917 δὲ
1441 863 1707 935 ἑρμηνείᾳ
1768 863 1861 915 άν-

275 953 569 1023 επιγράφῳ
618 952 874 1027 λεγούσῃ,
910 955 990 1007 ὅτι
1032 956 1082 1007 οί
1117 956 1214 1025 μέν
1256 972 1384 1024 φασι
1438 954 1726 1023 συγγενίδα
1761 953 1859 1023 τὴν

290 1043 574 1106 Ἔλισάϐετ
603 1045 702 1114 τῆς
750 1044 1028 1116 Παρθένου
1067 1046 1218 1117 παρὰ
1251 1046 1342 1098 τοῦ
1376 1046 1608 1115 ἀγγέλου
1641 1046 1857 1115 ὠνομά-

279 1135 428 1201 σθαι,
466 1136 565 1206 ούχ
607 1136 683 1199 ὡς
715 1137 780 1190 ὲκ
824 1137 923 1208 τῆς
968 1137 1139 1206 αὐτῆς
1168 1138 1361 1208 φυλῆς,
1390 1137 1525 1191 ἀλλὰ
1572 1136 1661 1190 διὰ
1698 1137 1759 1190 τὸ
1796 1138 1860 1189 ἐκ

276 1229 387 1282 τῶν
420 1229 601 1282 αὐτῶν
625 1231 927 1301 προγόνων,
956 1232 1051 1283 κιιιὶ⁵
1075 1230 1168 1284 τοῦ
1193 1230 1355 1283 αὐτοῦ
1379 1228 1573 1293 κοινῶς
1598 1229 1706 1282 τῶν
1740 1229 1860 1281 Ἰου-

275 1322 441 1376 δαίων
469 1322 660 1387 γένους
705 1323 1024 1395 ἀμφοτέρας
1055 1324 1379 1396 ὼρμῆσθαι’
1413 1323 1488 1386 ὼς
1527 1325 1556 1377 ὁ
1599 1323 1856 1376 Ἀπόστο-

276 1411 391 1476 λος,
427 1432 447 1465 ι
496 1413 843 1485 Ἐϐουλόμην,
868 1415 1062 1484 λέγων,
1097 1416 1342 1486 ἀνάθεμα
1394 1411 1531 1469 εἶναι
1576 1415 1715 1486 ὑπὲρ
1753 1413 1861 1467 τῶν

274 1503 522 1575 ἀδελφῶν
545 1522 646 1576 μου
673 1504 784 1559 τῶν
818 1507 1093 1575 συγγενῶν
1125 1524 1225 1578 μου
1259 1506 1401 1560 κατὰ
1434 1509 1631 1579 σάρκα.
1672 1526 1690 1557 ι
1729 1505 1862 1558 Πολ-

275 1596 361 1651 λοὶ
386 1597 442 1650 δὲ
466 1599 562 1651 καὶ
590 1598 699 1653 τῶν
722 1598 960 1670 δοκίμων
1005 1600 1255 1669 λέγουσιν
1301 1600 1518 1671 ἀληθῶς
1553 1599 1691 1655 κατὰ
1729 1616 1863 1667 συγ-

275 1688 495 1757 γένειαν
554 1691 820 1763 συνῆφθαι
874 1691 972 1763 τὴν
1024 1692 1303 1764 ἱερατικὴν
1357 1692 1527 1763 φυλὴν
1595 1695 1660 1764 τῇ
1713 1692 1865 1763 βασι-

2038 858 2127 912 14.
2166 855 2399 911 Eusebii.
2461 855 2636 911 Incidi
2668 855 2726 910 in
2770 854 3062 927 quamdam
3115 857 3376 928 anonymi
3432 871 3534 913 au-

1965 950 2135 1004 ctoris
2157 948 2661 1019 interpretationem
2684 946 2916 1002 dicentis
2936 946 3289 1014 Elisabetam,
3310 964 3379 1004 ex
3405 965 3542 1006 non-

1964 1041 2241 1094 nullorum
2297 1038 2589 1104 sententia,
2645 1039 2971 1108 appellatam
3007 1039 3181 1096 fuisse
3216 1041 3285 1096 ab
3341 1042 3538 1113 angelo

1965 1139 2252 1200 cognatam
2286 1128 2550 1201 Virginis,
2580 1145 2690 1184 non
2720 1130 2849 1199 quia
2876 1131 2944 1186 de
2971 1131 3159 1186 eadem
3183 1141 3327 1187 esset
3362 1134 3534 1198 tribu,

1964 1220 2059 1277 sed
2076 1221 2201 1290 quia
2222 1235 2285 1276 ex
2322 1220 2513 1276 iisdem
2534 1221 2971 1291 progenitoribus
2987 1212 3295 1294 "eodemque
3321 1222 3540 1280 Judae-

1961 1328 2083 1368 rum
2148 1328 2347 1384 genere
2376 1313 2683 1369 communis
2701 1315 2915 1385 utrique
2935 1318 3089 1386 origo
3125 1314 3306 1371 fuerit.
3334 1315 3540 1389 Nempe

1962 1404 2331 1476 utApostolus
2347 1406 2617 1476 loquitur:
2640 1424 2659 1458 ι
2691 1403 2958 1476 Optabam
2978 1422 3079 1478 ego
3105 1407 3394 1463 anathema
3415 1425 3539 1466 esse

1962 1513 2063 1569 pro
2082 1497 2347 1553 fratribus
2374 1499 2532 1566 meis,
2557 1500 2649 1570 qui
2674 1510 2803 1555 sunt
2820 1500 3036 1571 cognati
3080 1500 3189 1554 mei
3232 1501 3534 1557 secundum

1961 1605 2185 1647 carnem
2216 1590 2282 1644 ἰ.
2318 1610 2338 1643 ι
2372 1588 2524 1644 Multi
2553 1599 2749 1646 tamen
2784 1590 2993 1661 probati
3018 1592 3343 1663 interpretes
3362 1595 3535 1661 aiunt,

1962 1698 2093 1739 vera
2132 1698 2360 1755 prorsus
2390 1684 2716 1754 cognatione
2758 1684 3154 1740 sacerdotalem
3179 1685 3383 1740 tribum
3410 1701 3535 1741 cum

206 1788 213 1793 ’
274 1779 402 1851 λικῇ
437 1781 530 1835 καὶ
562 1783 674 1836 ἄνω
719 1784 812 1835 ἐπὶ
850 1782 1126 1846 Μωῦσέως
1156 1782 1289 1854 (54).
1331 1783 1395 1835 Ἦ
1427 1782 1536 1854 γὰρ
1582 1782 1859 1835 Ἐλισάϐετ

1970 1776 2126 1845 regali
2158 1774 2327 1831 fuisse
2350 1788 2651 1830 connexam
2708 1790 2742 1829 a
2793 1774 3050 1832 Mosaicis
3080 1793 3255 1848 usque
3276 1781 3539 1850 tempori-

276 1874 312 1944 ἡ
343 1874 482 1945 γυνὴ
524 1873 732 1945 Ἀαρὼν
765 1874 967 1946 ἀδελφὴ
1005 1875 1218 1946 ὑπῆρχε
1257 1874 1526 1928 Ναασσὼν
1565 1874 1681 1927 υίοῦ
1716 1875 1861 1944 Ἀμι-

275 1962 466 2029 ναδὰὸ,
500 1963 559 2027 ὃς
592 1947 701 2017 άπὸ
734 1964 904 2017 Ἰούδα
940 1963 1034 2018 τοῦ
1063 1964 1179 2017 υίοῦ
1222 1964 1415 2018 Ἰακὼϐ
1455 1966 1741 2037 κατήγετο,
1766 1964 1859 2032 ἀφ’

275 2048 337 2108 οὗ
364 2054 425 2107 τὸ
472 2053 743 2124 βασίλειον
786 2056 942 2126 γένος
985 2056 1097 2120 τοῖς
1133 2056 1432 2120 Ἰουδαίοις’
1476 2056 1570 2110 καὶ
1624 2057 1772 2111 κάτω
1803 2056 1860 2110 δὲ

275 2142 479 2215 ὁμοίως
526 2144 806 2200 Ἐλισάϐετ
839 2149 873 2218 ἡ
918 2147 1055 2219 γυνὴ
1102 2148 1369 2220 Ζαχαρίου
1415 2147 1524 2202 ἀπὸ
1550 2149 1649 2220 τῆς
1694 2149 1862 2203 Ἰούδα

277 2235 454 2304 φυλῆς
506 2230 655 2290 εἷλκε
708 2239 806 2309 τὴν
861 2238 1107 2306 γένεσιν,
1159 2239 1405 2310 Θυγάτηρ
1451 2240 1863 2312 χρηματίζουσα

291 2326 485 2381 Ἰακὼὸ
511 2328 604 2381 τοῦ
641 2330 847 2401 πατρὸς
893 2330 1093 2402 Ἰωσήφ
1117 2346 1130 2360 ο
1160 2332 1224 2383 ὲκ
1256 2330 1386 2400 γοῦν
1418 2332 1517 2401 τῆς
1546 2332 1862 2401 συγγενείας

275 2416 469 2472 τούτου
497 2417 592 2473 τοῦ
635 2419 904 2474 Ναασσὼν
936 2423 964 2473 ό
996 2414 1200 2495 Κύριος
1241 2423 1383 2476 κατὰ
1430 2423 1608 2496 σάρκα
1636 2423 1862 2495 γεγένη-

276 2528 368 2565 ται
393 2528 406 2541 ·
441 2512 502 2565 ού
549 2511 725 2583 μάτην
762 2508 855 2567 οὖν
893 2513 994 2584 τῆς
1029 2513 1312 2584 βασιλικῆς
1345 2514 1515 2587 φυλῆς
1548 2515 1643 2588 τὴν
1675 2516 1866 2587 ἐπιμι-

280 2603 398 2669 ξίαν
431 2604 459 2656 ὁ
488 2604 631 2669 θεῖος
677 2607 962 2679 προφήτης
1009 2605 1267 2673 ἐδίδαξεν,
1301 2607 1435 2662 ἀλλὰ
1478 2608 1690 2672 δεικνὺς
1732 2608 1807 2673 ὡς
1836 2612 1865 2662 ὁ

278 2696 558 2766 Δεσπότης
579 2696 811 2768 Χριστὸς
838 2697 897 2764 ἐξ
925 2698 1250 2770 ἀμφοτέρων
1283 2696 1633 2769 ἐϐλάστησεν,
1667 2697 1742 2761 ὠς
1767 2697 1863 2767 βα-

281 2786 462 2851 σιλεὺς
493 2788 588 2843 καὶ
629 2789 917 2861 ἀρχιερεὺς
949 2789 1091 2844 κατά
1131 2791 1192 2843 τὸ
1222 2788 1561 2862 ἀνθρώπινον
1594 2789 1865 2861 χρηματί-

280 2892 381 2941 σας
415 2876 616 2949 (55)·ἢ
649 2877 724 2941 ὠς
743 2878 801 2944 ἐξ
832 2877 951 2943 ἐνὸς
975 2880 1315 2952 προπάτορος
1343 2880 1437 2934 τοῦ
1472 2879 1664 2935 Ἰακὼϐ
1698 2881 1867 2951 ὑπαρο

280 2967 377 3038 χού
386 2986 503 3034 σας,
541 2970 857 3039 συγγενίδας
888 2971 1064 3026 καλεῖ.

1965 1867 2091 1921 bus.
2117 1865 2363 1936 Namque
2380 1866 2468 1919 illa
2493 1864 2769 1921 Elisabeta
2795 1866 3030 1923 Aaronis
3048 1881 3209 1935 uxor,
3239 1867 3537 1925 Naassonis

1967 1975 2126 2017 soror
2150 1970 2267 2016 erat
2316 1960 2659 2017 Aminadabo
2706 1960 2898 2032 geniti,
2933 1962 3027 2032 qui
3076 1970 3257 2017 ortum
3290 1978 3320 2017 a
3349 1962 3539 2020 Jacobi

1968 2053 2080 2109 ﬁlio
2107 2053 2356 2109 trahebat
2406 2052 2570 2119 Juda,
2629 2053 2776 2109 unde
2809 2054 2990 2125 regale
3030 2052 3343 2111 Iudaeorum
3364 2071 3538 2127 genus

1967 2152 2326 2215 propagatum
2351 2150 2453 2199 est.
2491 2142 2599 2199 Sed
2658 2155 2714 2200 et
2768 2146 3019 2215 proximo
3049 2146 3257 2216 pariter
3299 2153 3540 2217 tempore

1967 2235 2241 2293 Elisabeta
2268 2235 2550 2290 Zachariae
2605 2250 2747 2290 uxor
2775 2252 2807 2292 e
2836 2235 2989 2292 Judze
3032 2237 3179 2291 tribu
3221 2236 3536 2305 oriebatur;

1966 2326 2078 2380 fiiia
2117 2327 2317 2396 quippe
2340 2323 2531 2381 Jacobi
2563 2327 2656 2396 qui
2688 2324 2911 2397 Josephi
2936 2333 3091 2397 pater
3121 2336 3227 2383 est.
3256 2326 3342 2382 Ab
3373 2327 3539 2398 hujus

1967 2416 2133 2487 igitur
2161 2416 2456 2472 Naassonis
2480 2416 2653 2488 stirpe
2699 2415 2965 2472 Dominus
2993 2417 3294 2472 secundum
3318 2432 3538 2473 carnem

1971 2514 2129 2562 ortus
2157 2514 2262 2562 est.
2299 2505 2440 2579 Ergo
2456 2505 2604 2561 haud
2630 2513 2838 2561 temere
2859 2508 3268 2577 permistionem
3296 2523 3419 2562 cum
3454 2523 3541 2565 re-

1966 2599 2054 2671 gia
2081 2598 2229 2654 tribu
2257 2599 2420 2655 divus
2475 2599 2744 2670 propheta
2784 2598 3009 2665 docuit;
3042 2600 3138 2655 sed
3168 2607 3227 2654 ut
3258 2587 3536 2655 Christum

1968 2691 2257 2748 Dominum
2282 2707 2348 2747 ex
2393 2699 2628 2762 utraque
2655 2699 3016 2763 propagatum
3057 2690 3388 2758 ostenderet,
3442 2693 3537 2761 qui

1965 2785 2112 2856 regis
2134 2784 2393 2838 nimirum
2421 2797 2713 2855 personam
2767 2791 2932 2853 atque
2956 2785 3233 2852 pontificis
3262 2783 3404 2838 inter
3431 2783 3535 2839 ho-

1968 2879 2145 2934 mines
2165 2882 2421 2948 gesturus
2473 2883 2612 2932 erat.
2646 2874 2745 2930 Vel
2790 2875 3025 2944 denique
3056 2875 3138 2930 hae
3168 2883 3413 2947 cognata:
3440 2891 3538 2945 ap-

1970 2971 2267 3042 pellantur,
2286 2968 2428 3042 quia
2457 2958 2529 3025 de
2560 2969 2749 3036 eodem
2762 2964 3534 3043 progenitoreJacoboortm.

1232 3087 1317 3142 Ea:
1349 3087 1565 3143 Possini
1599 3098 1788 3144 catena
1816 3089 1873 3142 in
1909 3086 2103 3144 Matth.
2133 3101 2262 3142 tom.
2295 3084 2335 3152 Ι,
2359 3101 2413 3156 p.
2438 3086 2492 3140 8.

355 3201 434 3248 ιε’.
460 3194 579 3267 (56),
598 3197 987 3270 Προσηκόντως
1013 3200 1272 3273 ἐζήτηται
1305 3204 1338 3274 ἡ
1376 3202 1522 3257 αἰτία
1551 3204 1616 3258 δι’
1646 3205 1711 3277 ἢν
1743 3203 1861 3259 ἄνω

2048 3201 2137 3257 15.
2160 3199 2397 3256 Eusebii.
2421 3199 2614 3257 Merito
2645 3201 2875 3271 quaestio
2900 3170 3021 3258 orta
3069 3210 3154 3260 est
3181 3203 3538 3274 quamobrem

280 3280 375 3340 θεν
403 3288 432 3339 ὁ
462 3286 738 3349 Ματθαῖος
791 3286 1085 3362 ὲποὶήσατο
1114 3293 1213 3365 τὴν
1249 3293 1343 3348 τοῦ
1393 3294 1629 3363 Χριστοῦ
1671 3311 1861 3363 γενεα-

280 3376 487 3446 λογίαν,
520 3380 549 3432 ὀ
572 3378 630 3433 δέ
662 3397 725 3449 γε
750 3382 963 3446 Λουκᾶς
983 3384 1223 3438 κάτωθεν
1254 3386 1347 3440 καὶ
1376 3385 1436 3450 ἐξ
1467 3385 1712 3449 ἐναντίας
1732 3403 1746 3416 ·
1770 3387 1863 3439 καὶ

282 3470 495 3540 ῥητέον,
533 3471 608 3536 ὡς
654 3474 754 3526 οὐκ
786 3474 984 3528 ἄτοπον
1025 3476 1232 3530 ἄνωθέν
1260 3494 1321 3530 τε
1365 3479 1460 3533 καὶ
1491 3477 1733 3532 κάτωθεν
1764 3479 1862 3550 τὴν

278 3562 451 3634 αὐτὴν
486 3562 722 3634 βαδίζειν
759 3566 876 3621 ὁδόν
894 3583 906 3595 ⁸
934 3563 1003 3638 ἦν
1028 3567 1136 3639 γὰρ
1157 3570 1251 3623 καὶ
1278 3568 1436 3623 τοῦτο
1460 3570 1626 3624 πάλαι
1650 3572 1716 3640 τῇ
1745 3568 1881 3641 θείαν

280 3651 473 3725 Γραφῇ
526 3654 781 3727 σύνηθες’
811 3656 955 3712 οὕτω
993 3660 1102 3730 γὰρ
1136 3660 1231 3713 καὶ
1286 3660 1451 3715 Δαϐὶδ
1502 3662 1560 3715 ἐν
1595 3663 1663 3733 τῇ
1702 3659 1858 3713 Ῥοὺθ

280 3742 487 3798 ἄνωθεν
512 3746 932 3816 γενεαλογεῖται,
967 3748 1152 3814 καθὼς
1188 3750 1283 3804 καὶ
1322 3736 1472 3823 παρὰ
1499 3750 1576 3821 τῷ
1597 3750 1861 3821 Ματθαίῳ

278 3836 311 3887 ὁ
331 3836 567 3906 Χριστός
585 3855 600 3869 ο
628 3839 723 3893 καὶ
749 3840 807 3892 ἐν
831 3843 895 3912 τῇ
916 3840 1024 3894 τῶν
1055 3841 1347 3897 Βασιλειῶν
1378 3842 1435 3896 δὲ
1474 3842 1664 3916 πρώτῃ
1682 3842 1861 3914 ,βίϐλῳ

278 3922 311 3974 ὁ
332 3921 425 3974 τοῦ
452 3924 705 3999 Σαμουὴλ
740 3927 924 3999 πατὴρ
951 3930 1194 3985 κάτωθεν
1224 3931 1645 4002 γενεαλογεῖται,
1687 3950 1863 4006 παρα-

282 4012 528 4087 πλησίως
561 4017 639 4088 τῷ
670 4021 874 4092 Λουκᾷ.

1970 3293 2258 3348 Matthaeus
2310 3306 2546 3361 superne
2601 3293 2841 3348 texuerit
2887 3291 3094 3350 Christi
3146 3295 3540 3366 genealogiam,

1968 3385 2148 3442 Lucas
2175 3394 2356 3440 autem
2391 3383 2605 3440 inferne
2638 3392 2800 3455 atque
2848 3401 2917 3440 ex
2968 3384 3216 3443 adverso.
3258 3385 3428 3443 Porro
3452 3387 3542 3442 di-

1968 3478 2201 3535 cendum
2261 3484 2368 3543 est,
2418 3477 2558 3533 nihil
2581 3476 2695 3533 fleri
2753 3477 3073 3543 absurdum,
3104 3479 3154 3534 si
3208 3480 3397 3536 eadem
3450 3482 3537 3535 via

1971 3584 2192 3634 sursum
2248 3568 2615 3638 deorsumque
2660 3576 2938 3636 pergatur.
2998 3566 3135 3622 Nam
3182 3574 3238 3623 et
3289 3567 3380 3623 hic
3408 3568 3539 3624 olim

1971 3659 2268 3731 Scriptura:
2292 3659 2492 3715 divina:
2549 3673 2671 3714 mos
2719 3657 2856 3714 fuit:
2888 3658 3093 3730 quippe
3123 3659 3200 3713 ita
3233 3657 3454 3714 Davidis
3482 3658 3538 3714 in

1968 3751 2166 3807 Ruthae
2208 3751 2348 3807 libro
2395 3758 2632 3820 superne
2678 3747 2946 3805 evolvitur
2995 3748 3331 3820 genealogis,
3388 3748 3538 3803 haud

1969 3858 2132 3898 secus
2182 3857 2347 3913 quam
2406 3842 2613 3897 Christi
2659 3840 2802 3913 apud
2860 3839 3191 3897 Matthaaum.
3244 3840 3450 3897 Contra
3481 3840 3541 3895 in

1968 3932 2109 3989 libro
2134 3933 2343 4003 Regum
2371 3933 2573 4004 primo,
2616 3932 2886 3989 Samuelis
2913 3939 3069 4003 pater
3092 3945 3313 3989 sursum
3342 3945 3539 3987 versus

1965 4026 2034 4080 ad
2062 4025 2392 4096 genealogiae
2430 4025 2634 4081 fontem
2674 4024 3029 4096 perducitur,
3073 4023 3235 4081 sicuti
3284 4022 3343 4079 fit
3392 4022 3567 4095 apud.

1963 4117 2189 4174 Lucam.

1366 4228 1419 4285 E
1446 4242 1636 4287 catena
1658 4230 1857 4287 inedita
1878 4233 1933 4287 in
1960 4232 2139 4288 codice
2170 4232 2447 4287 Vaticano.

354 4331 450 4400 ις’.
486 4335 621 4409 Περὶ⁵
665 4337 855 4392 τούτου
887 4341 917 4394 ό
961 4340 1220 4406 Εὐσέϐιος
1252 4344 1310 4397 ὲν
1359 4343 1438 4415 τῷ
1477 4348 1583 4411 Είς
1605 4345 1672 4400 τὸ
1716 4346 1861 4401 κατὰ

2042 4346 2131 4402 16.
2165 4345 2402 4402 Eusebii.
2456 4343 2535 4401 De
2593 4344 2703 4400 hoc
2762 4344 3032 4402 Eusebius
3075 4344 3131 4400 in
3187 4358 3351 4416 opere
3377 4362 3536 4416 super

280 4428 584 4483 Ματθαῒον
617 4430 729 4502 (57)
767 4431 939 4496 οὕτως
958 4448 972 4462 ·
1000 4434 1137 4504 Φησὶ
1181 4433 1237 4489 δὲ
1264 4434 1353 4507 τὸν
1385 4435 1572 4492 Νάθαν
1601 4438 1693 4492 καὶ
1728 4456 1861 4509 προ-

1970 4439 2284 4495 Matthwum
2331 4438 2414 4495 sic
2457 4437 2701 4507 loquitur
2732 4455 2747 4492 :
2776 4437 2942 4492 Aiunt
2985 4435 3287 4493 Nathanem
3324 4454 3542 4511 quoque

283 4519 548 4592 φητεῦσαι
573 4521 714 4575 κατὰ
742 4522 809 4576 τά
839 4524 897 4578 ὲν
918 4526 1038 4587 ταῖς
1062 4525 1367 4592 Βασιλείαις
1393 4529 1685 4601 φερόμενα.
1723 4522 1861 4598 Ἐγὼ

1970 4530 2400 4604 prophetavisse,
2436 4537 2599 4602 prout
2622 4540 2845 4600 apparet
2898 4544 2965 4584 ex
2994 4529 3063 4584 iis
3092 4543 3214 4599 quae
3239 4528 3295 4584 in
3328 4528 3538 4601 Regum

280 4612 359 4678 δὲ,
395 4613 528 4684 φησί
560 4631 663 4678 τις,
685 4614 780 4668 καὶ
806 4615 905 4687 τὴν
933 4616 1111 4672 αἰτίαν
1139 4619 1418 4693 ἐπυθόμην
1451 4621 1548 4693 τὴν
1568 4622 1658 4676 τὸν
1684 4624 1861 4694 μακά-

1970 4624 2127 4681 libris
2149 4624 2424 4697 feruntur.
2477 4620 2593 4693 Ego
2623 4636 2772 4685 vere,
2803 4620 2985 4691 inquit
3022 4620 3268 4690 quidam,
3314 4635 3538 4676 causam

284 4718 400 4775 ριον
433 4705 646 4758 Λουκᾶν
680 4706 966 4760 ἀποκλίναι
996 4709 1095 4780 τῆς
1126 4708 1392 4779 βασιλείου
1423 4714 1692 4784 φρατρίας
1723 4716 1861 4769 ὑπα-

1970 4726 2187 4787 quoque
2224 4713 2394 4770 didici
2439 4727 2561 4783 qua:
2591 4710 2795 4767 Lucam
2851 4727 2884 4767 a
2936 4712 3086 4784 regia
3111 4712 3255 4768 linea
3305 4715 3539 4779 avertit;

280 4794 579 4865 γαγοῦσαν,
603 4796 681 4868 τῷ
705 4799 779 4871 μὴ
803 4801 930 4865 τοὺς
958 4800 1196 4871 βασιλεῖς
1215 4803 1308 4856 ἀπ’
1332 4804 1499 4858 αὐτοῦ
1518 4805 1861 4877 Σολομῶντος

1970 4807 2095 4877 quia
2128 4806 2340 4862 scilicet
2367 4820 2545 4876 reges,
2569 4804 2738 4860 ducto
2777 4817 2808 4857 a
2853 4801 3156 4860 Salomone
3174 4804 3356 4870 initio,
3377 4819 3534 4861 exce-

280 4888 726 4963 είδωλολατρείας
766 4891 1113 4963 καθαρεύειν,
1158 4894 1296 4966 πλὴν
1334 4892 1651 4967 ἐλαχίστων,
1694 4896 1857 4970 ταύττ

1970 4897 2076 4968 ptis
2099 4894 2472 4967 paucissimis,
2506 4893 2830 4951 idololatriae
2861 4893 3092 4950 crimine
3120 4893 3387 4965 inquinati
3416 4894 3533 4951 fue-

280 4982 723 5054 παραιτήσασθαι
752 4983 850 5055 τὴν
880 4984 947 5037 δι’
980 4985 1160 5040 αὐτῶν
1183 4986 1550 5057 γενεαλογίαν.

1970 4993 2116 5042 runt.
2149 4985 2359 5041 Idcirco
2379 4983 2559 5043 Lucas
2588 4998 2621 5039 a
2649 4982 2962 5056 genealogia
2991 4998 3088 5055 per
3113 4983 3216 5041 hos
3244 4982 3540 5040 derivanda

1969 5077 2255 5135 abstinuit.

1302 5187 1386 5243 Ex
1409 5188 1624 5245 Possini
1653 5198 1841 5245 catena
1869 5191 1924 5245 in
1955 5188 2179 5258 Matt/1.,
2212 5200 2254 5248 t.
2283 5192 2326 5256 Ι,
2351 5207 2406 5262 p.
2439 5193 2473 5247 8

356 5300 445 5367 ιζ’.
482 5300 596 5375 (58)
628 5298 956 5362 Εὐσεόίου.·
982 5304 1095 5376 Τὴν
1134 5305 1228 5361 τοῦ
1264 5307 1431 5363 Δαὸὶδ
1456 5309 1744 5380 μετάνοιαν
1773 5311 1861 5363 ἐπὶ

2046 5311 2135 5365 17.
2170 5310 2407 5366 Eusebii.
2440 5308 2665 5365 Davidis
2709 5307 3091 5380 paenitentum
3114 5307 3296 5379 palam
3322 5307 3545 5366 edicens

355 5458 401 5493 ⁸¹
437 5457 601 5514 Rom.
643 5476 733 5529 rx,
772 5459 862 5519 l5.

375 5574 467 5643 5'5)
506 5574 712 5642 Quaest.
743 5593 783 5641 ι,
813 5578 869 5634 8.

376 5645 465 5716 54)
508 5645 708 5716 Supra,
739 5648 845 5703 col.
868 5646 994 5705 968.

369 5715 464 5790 ἒξ)
505 5715 729 5790 Befutat
757 5718 874 5774 hae:
902 5717 1194 5776 Africanus
1219 5731 1406 5790 supra.

375 5784 464 5858 56)
504 5786 712 5854 Quaest.
742 5803 803 5845 ιι.
964 5808 967 5811 ·

2037 5573 2512 5652 (ξηρυξεξιέιιι.
2558 5609 2630 5620 -
2672 5576 2734 5635 in
2780 5578 3014 5638 diversis
3046 5578 3320 5652 .operibus
3350 5578 3543 5636 eadem

1967 5647 2106 5704 dixit
2136 5645 2428 5702 Eusebius.

2043 5716 2156 5788 ‘58)
2196 5715 2401 5785 Quaest.
2435 5732 2554 5774 vni.
2598 5707 2603 5712 ’
