3846 6220
375 271 482 328 985

1062 265 1333 337 EUSEBII
1370 269 1851 328 CAESARIENSIS
1881 270 2030 328 OPP.
2063 271 2243 327 PARS
2280 270 2371 328 Ill.
2406 302 2480 313 —
2514 270 2932 330 EXEGETICA.

2424 499 2455 517 ἱ

441 567 598 635 Quod
630 569 871 639 superius
918 570 1279 640 promisimus,
1309 586 1448 626 nunc
1481 587 1538 626 re
1585 572 1703 641 ipsa
1730 582 2070 643 prtestamus,
2126 572 2355 644 grandia
2383 590 2566 644 nempe
2602 574 2955 646 qutestionum
3004 572 3222 629 Eusebii
3248 575 3318 630 ad
3343 575 3617 633 Marinum

367 664 732 734 supplementa
767 680 832 720 ea:
859 662 1066 723 Nicette
1104 668 1227 738 (qui
1249 668 1564 722 nominatim
1594 667 1883 724 Eusebium
1903 671 2125 741 recitat)
2148 680 2337 726 catena
2357 688 2458 727 ms.
2482 672 2539 725 in
2563 670 2803 736 Lucam;
2825 687 2943 742 quae
2971 680 3149 741 partes
3171 688 3278 728 non
3300 688 3367 728 ea:
3391 674 3619 742 epitome

368 752 461 809 sed
489 756 699 825 ex'ipso
726 757 928 828 integro
958 774 1111 827 opere
1140 757 1395 813 detractae
1423 757 1657 828 fuerunt.
1691 757 1823 813 Mox
1852 759 1990 814 alias
2017 776 2220 832 quoque
2241 759 2547 815 earumdem
2574 760 2645 814 ad
2673 760 2944 815 Marinum
2965 761 3315 831 qua'stionum
3342 763 3616 833 reliquias,

366 862 432 902 eo:
453 848 614 903 variis
651 849 955 905 auctoribus
982 850 1329 915 codicibusve,
1345 853 1437 921 qui
1466 851 1749 907 Eusebium
1764 853 1890 908 item
1912 854 2224 909 nominatim
2249 855 2442 920 citant,
2466 870 2718 910 corrasas
2743 854 3099 911 subtexemus.
3123 856 3294 927 Atque
3313 853 3617 911 itademuut

364 956 462 996 nos
489 950 653 997 totum
680 940 790 1012 fere
819 942 892 998 ad
924 940 1193 997 Harinum
1234 942 1450 999 Eusebii
1484 943 1678 1000 librum
1706 946 2094 1015 recuperacisse
2122 961 2420 1015 speramus.

1303 1197 1785 1287 EUSEBII
1861 1197 2671 1291 CIESARIENSIS

791 1388 914 1453 EX
950 1388 1329 1454 INTEGRO
1369 1389 1629 1451 LIBRO
1655 1389 2234 1466 QUASSTIONUM
2265 1390 2379 1452 AD
2419 1392 2833 1458 MARINUM
2855 1393 3180 1456 PARTES

1395 1553 1472 1615 In
1499 1554 1734 1617 Nicetaz
1769 1553 2004 1616 Catena
2043 1573 2158 1618 ms.
2197 1554 2279 1617 ad
2307 1554 2563 1621 Lucam.

1125 1840 1169 1898 Ι.

1936 1737 2011 1752 μ

2779 1842 2840 1894 Α,

424 1935 565 1991 Cum
585 1946 616 1987 a
650 1930 855 1990 Iudaeis
885 1932 1195 1991 Servatoris
1221 1934 1475 2006 discipuli
1498 1935 1605 1993 sibi
1635 1938 1922 2003 timerent,

2104 1933 2217 2006 (60)
2260 1932 2368 1987 Τοῦ
2414 1931 2580 2002 φόϐου
2627 1929 2739 1986 τῶν
2790 1931 3056 1985 Ἰουδαίων
3101 1931 3454 2002 ἐπικειμένου
3497 1934 3612 1997 τοῖς

357 2024 436 2078 sit
467 2022 708 2081 Joannes
755 2024 926 2081 fuisse
967 2040 1063 2082 eos
1108 2036 1467 2097 congregatos
1503 2029 1559 2082 iu
1604 2044 1713 2083 una
1743 2029 1927 2096 domo,

352 2112 553 2203 ianuisr
572 2114 783 2199 Iclansis
814 2122 1036 2185 propter
1071 2121 1272 2170 metum
1291 2113 1624 2172 Judzeorum.
1647 2116 1930 2183 Quomodo

357 2219 487 2278 ergo
512 2204 707 2261 Petrus
748 2220 813 2261 ac
837 2205 1075 2262 Joannes
1107 2204 1178 2261 ad
1213 2216 1629 2264 monumentum
1666 2224 1930 2280 perrexe-

354 2297 532 2352 runt?
568 2295 635 2351 Et
677 2298 896 2369 quidem
938 2307 1204 2368 praesente
1256 2300 1370 2355 illic
1418 2300 1640 2356 militari
1672 2301 1930 2373 praesidio

355 2387 504 2458 quod
533 2388 712 2445 locum
742 2388 1106 2453 custodiebat,
1139 2398 1201 2445 ut
1225 2388 1512 2447 Mattbaaus
1541 2399 1796 2448 testatur.
1830 2392 1929 2449 Est

357 2487 541 2545 amem
579 2479 831 2538 custodia
861 2482 1173 2554 manipulus
1203 2482 1476 2539 militaris.

426 2658 510 2716 Ad
544 2658 660 2719 haec
688 2658 945 2726 dicimus,
973 2660 1252 2730 apostolos
1283 2660 1350 2718 ad
1388 2670 1803 2723 monumentum
1830 2677 1930 2717 au—

356 2749 547 2808 dacter
577 2751 765 2816 ivisse,
790 2761 950 2810 antea
982 2753 1205 2810 edoctos
1248 2768 1278 2808 s
1324 2752 1674 2824 Magdalene,
1717 2755 1925 2810 nullum

350 2841 466 2912 jam
497 2843 603 2899 loci
632 2845 914 2901 custodem
946 2844 1019 2901 ibi
1049 2860 1361 2916 superesse,
1409 2846 1552 2916 quod
1587 2856 1706 2902 erat
1736 2848 1925 2918 explo-

356 2948 537 2995 ratum
565 2955 635 2997 ex
669 2955 781 3011 quo
831 2942 970 3012 lapis
1022 2940 1091 2997 de
1153 2941 1404 3011 sepulcro
1449 2939 1627 2997 fuerat
1671 2941 1924 3008 ablatus;

355 3027 516 3085 aliter
562 3035 744 3085 autem
778 3028 919 3100 lapis
967 3028 1095 3084 inde
1126 3028 1342 3087 ablatus
1381 3043 1493 3084 non
1545 3027 1762 3096 fuerat,
1818 3028 1927 3085 nisi

354 3136 482 3177 cum
509 3122 578 3178 de
608 3123 748 3180 coelo
777 3122 1003 3194 angelus
1031 3122 1208 3177 locum
1230 3120 1420 3192 grandi
1450 3121 1654 3178 lumine
1686 3121 1928 3178 illustra-

2035 2022 2300 2095 μαθηταῖς
2342 2021 2435 2075 τοῦ
2481 2021 2753 2094 Σωτῆρος,
2802 2021 2951 2090 λέγει
2994 2020 3124 2089 γοῦν
3166 2024 3195 2075 6
3249 2022 3507 2093 Ἰωάννης
3535 2021 3611 2087 ὡς

2030 2113 2170 2188 ἦσαν
2203 2115 2340 2187 όμοῦ
2383 2114 2714 2185 συνηγμένοι
2762 2116 2810 2168 οί
2843 2114 3081 2185 μαθηταὶ
3127 2117 3185 2168 ἐν
3210 2113 3347 2186 οἴκῳ
3373 2116 3476 2178 ἐνὶ,
3503 2113 3610 2167 τῶν

2031 2208 2208 2282 θυρῶν
2252 2206 2654 2278 κεκλεισμένων
2703 2205 2794 2260 διὰ
2837 2205 2931 2260 τὸν
2964 2206 3127 2275 φόϐον
3171 2206 3279 2260 τῶν
3317 2205 3610 2260 Ἰουδαίων.

2030 2299 2157 2363 Πῶς
2177 2302 2206 2354 6
2225 2300 2430 2371 Πέτρος
2459 2298 2555 2352 καὶ
2577 2300 2607 2353 6
2632 2297 2885 2369 Ἰωάννης
2917 2298 3176 2368 ἀπήντων
3200 2298 3295 2350 ἐπὶ
3314 2297 3378 2350 τὸ
3400 2297 3609 2368 μνῆμας

2030 2388 2139 2441 Καὶ⁵
2165 2388 2338 2443 ταῦτα
2390 2387 2788 2459 στρατιωτικῆς
2825 2390 3067 2460 φρουρᾶς
3113 2387 3488 2458 φυλαττούσης
3520 2390 3613 2445 τὸν

2027 2480 2210 2545 τόπον,
2239 2479 2315 2544 ὡς
2342 2481 2370 2534 6
2398 2478 2674 2543 Ματθαίος
2716 2479 3098 2551 ἐμαρτύρησεν
3119 2496 3135 2510 θ
3169 2461 3214 2550 η’
3231 2479 3341 2550 γὰρ
3369 2496 3614 2533 κουστω⁶

2027 2573 2114 2627 δία
2137 2573 2523 2646 στρατιωτικόν
2547 2575 2665 2627 ἐστι
2693 2572 2901 2643 τάγμα.

2111 2663 2374 2737 Ἔροῦμεν
2398 2665 2454 2718 δὲ
2479 2666 2617 2736 πρὸς
2645 2664 2837 2731 ταῦτα,
2867 2663 3183 2733 θαρσαλέως
3217 2665 3345 2727 τοὺς
3375 2662 3610 2717 ἀποστό-

2028 2757 2152 2821 λους
2197 2758 2572 2829 ἀπηντηκέναι
2610 2757 2703 2810 ἐπὶ
2743 2757 2807 2810 τὸ
2856 2758 3065 2829 μνῆμα,
3106 2754 3610 2827 προμεμαθηκότας

2030 2850 2183 2921 παρά
2209 2851 2312 2921 τῆς
2339 2850 2706 2921 Μαγδαληνῆς
2746 2849 2951 2922 μηδένα
2978 2849 3087 2901 τῶν
3117 2848 3494 2918 φυλαττόντων
3516 2845 3609 2901 τὸν

2026 2942 2193 2997 τόπον
2221 2941 2405 2996 αὐτόθι
2452 2944 2729 3013 παρεῖναι,
2780 2942 2929 3004 ὅπως
2957 2938 3114 3010 δῆλον
3152 2934 3221 3009 ἦν
3252 2937 3362 2992 ἀπὸ
3393 2937 3489 2991 τοῦ
3517 2937 3609 2990 τὸν

2027 3034 2174 3089 λίθον
2199 3029 2364 3109 ᾖρθαι
2400 3033 2493 3088 τοῦ
2521 3033 2783 3106 μνημείου
2804 3050 2818 3064 ·
2846 3030 2982 3106 ἦρτο
3013 3032 3071 3085 δὲ
3097 3032 3199 3086 οὐκ
3227 3031 3423 3096 ἄλλως,
3458 3030 3493 3101 ἥ
3529 3030 3610 3101 τῷ

2028 3126 2119 3180 τὸν
2144 3124 2205 3191 ἐξ
2227 3123 2458 3197 ούρανοῦ
2484 3124 2713 3193 ἄγγελον
2750 3121 3088 3193 ἐξαστράψαι
3116 3121 3208 3174 τὸν
3230 3119 3394 3173 τόπον
3426 3119 3609 3190 πολλῷ

352 3214 454 3280 vit,
482 3215 770 3285 ipsumque
800 3215 1031 3270 revolvit
1069 3214 1326 3286 lapidem,
1372 3215 1616 3286 adeoque
1645 3214 1922 3271 terrel'aeti

2029 3217 2187 3288 φωτὶ,
2233 3217 2325 3269 καὶ
2369 3215 2530 3269 αὑτὸν
2568 3213 2895 3268 ἀποκυλίσαι
2933 3212 3026 3266 τὸν
3066 3211 3243 3274 λίθον,
3271 3210 3508 3282 φοϐῆσαί
3544 3228 3606 3263 τε

355 3308 487 3360 sunt
502 3281 791 3369 custodes,
824 3314 885 3360 ut
916 3281 1160 3375 lapideos
1189 3281 1580 3378 propemodum
1632 3306 1799 3361 timor
1826 3320 1922 3363 eos

2027 3281 2149 3372 τοὺς
2170 3306 2434 3377 φύλακας,
2472 3305 2548 3371 ὡς
2579 3303 2776 3376 μικροῦ
2809 3303 2919 3359 δεῖν
2959 3305 3054 3358 καὶ
3075 3302 3481 3372 ἀπολιθωθῆναι
3506 3302 3605 3356 αύ-

353 3393 596 3451 ell‘ecerit
624 3413 638 3450 :
670 3410 779 3467 quo
816 3394 1020 3451 factum
1044 3406 1149 3461 est,
1184 3406 1247 3452 ut
1284 3397 1322 3452 ii
1346 3397 1402 3452 in
1441 3397 1608 3471 pedes
1649 3413 1711 3453 se
1737 3397 1924 3468 conje-

353 3486 553 3552 cerint,
586 3486 722 3543 adeo
746 3496 805 3543 ut
834 3503 994 3545 nemo
1037 3488 1113 3544 ibi
1136 3488 1488 3559 superfuerit,
1515 3490 1776 3560 locusque
1814 3489 1923 3544 illis

353 3579 611 3651 patuerit,
632 3580 728 3652 qui
771 3579 838 3633 ad
869 3579 1151 3636 visendam
1205 3578 1516 3637 Servatoris
1562 3580 1925 3636 resurrectio-

351 3686 478 3728 nem
501 3678 789 3731 venerunt.
821 3670 1001 3741 Atque
1038 3669 1153 3726 haec
1184 3672 1457 3742 prmeipua
1489 3685 1657 3727 causa
1686 3670 1790 3726 fuit
1822 3686 1923 3726 cur

352 3761 579 3834 angelus
608 3762 683 3819 ibi
705 3765 1038 3833 apparuerit.
1064 3761 1261 3834 'Neque
1285 3763 1430 3818 enim
1461 3762 1533 3819 ob
1560 3762 1925 3832 adjuvandam

350 3850 811 3907 resurrectionem
868 3852 1101 3907 removit
1158 3852 1384 3923 angelus
1440 3851 1695 3923 lapidem,
1747 3867 1924 3923 neque

353 3941 553 4013 lapidis
602 3957 769 4000 causa
804 3944 1065 4014 praedicto
1115 3945 1281 4000 modo
1345 3944 1665 4009 intervenit,
1720 3945 1817 4000 sed
1862 3955 1924 3999 ut

351 4034 612 4092 custodes
641 4035 792 4092 illinc
818 4035 1097 4108 abigeret,
1148 4035 1381 4093 feminas
1428 4044 1607 4092 autem
1646 4035 1715 4091 ad
1741 4038 1924 4092 visen-

349 4125 480 4182 dum
499 4130 780 4185 venientes
808 4128 1108 4200 excipiens,
1143 4129 1597 4186 resurrectionem
1652 4129 1735 4186 eis
1777 4144 1921 4185 nun-

351 4218 533 4275 tiaret.
569 4217 775 4274 Harum
807 4221 966 4276 testis
990 4236 1172 4276 rerum
1198 4220 1482 4278 Matthaeus
1507 4221 1719 4288 dicens,
1744 4221 1922 4293 angeli

352 4308 549 4363 timore
605 4317 910 4365 commotos
960 4310 1239 4375 custodes,
1270 4312 1417 4368 velut
1452 4320 1698 4368 mortuos
1752 4312 1923 4369 exsti-

349 4397 505 4461 tisse.
540 4396 740 4470 lJtique
770 4408 1106 4470 pmvenerat
1129 4402 1380 4471 angelum
1410 4418 1700 4473 resurgens
1726 4400 1922 4458 Serva-

351 4497 478 4552 tor,
535 4503 715 4560 neque
780 4487 977 4558 lapidis
1026 4490 1419 4546 revolutionem
1473 4497 1916 4561 exspectaverat;

2022 3397 2148 3461 τοὺς
2167 3395 2246 3467 τῷ
2270 3395 2419 3467 φόϐῳ
2437 3411 2452 3426 ο
2496 3395 2591 3449 καὶ
2616 3393 2757 3465 μετά
2779 3393 2951 3448 ταῦτα
2985 3392 3063 3457 ὡς
3103 3391 3252 3455 εἰκὸς
3281 3394 3424 3464 φυγῇ
3464 3393 3602 3463 χρή-

2027 3488 2243 3553 σασθαι,
2293 3488 2370 3551 ὡς
2413 3487 2617 3558 μηδένα
2653 3486 2751 3558 μὲν
2793 3485 3206 3558 περιλειφθῆναι
3238 3485 3439 3548 αὐτῶν,
3477 3501 3605 3555 σχο-

2024 3581 2207 3647 λάζειν
2228 3580 2287 3635 δὲ
2326 3580 2417 3633 τὸν
2455 3579 2619 3634 τόπον
2650 3581 2764 3643 τοῖς
2792 3579 2886 3632 ἐπὶ
2904 3579 3006 3649 τὴν
3039 3576 3167 3631 θέαν
3185 3578 3608 3647 ἀφικνουμένοις·

2022 3672 2123 3743 τῆς
2153 3671 2420 3743 σωτηρίου
2462 3670 2843 3732 ἀναστάσεωςο
2890 3669 3028 3741 αὕτη
3059 3669 3170 3741 γὰρ
3196 3664 3263 3741 ἦν
3300 3668 3533 3740 μάλιστα
3567 3668 3604 3739 ἡ

2023 3763 2173 3817 αἰτία
2199 3764 2299 3833 τῆς
2340 3762 2659 3832 ἐπιφανείας
2704 3760 2800 3815 τοῦ
2846 3760 3096 3830 ἀγγέλου.
3150 3761 3225 3815 Οὐ
3260 3761 3370 3832 γάρ
3404 3759 3468 3831 δὴ
3499 3759 3605 3829 τῆς

2023 3856 2367 3919 ἀναστάσεως
2384 3856 2543 3926 χάριν
2572 3852 2819 3908 ἀπεκίνει
2846 3853 2937 3907 τὸν
2964 3852 3131 3919 λίθον,
3154 3852 3263 3906 οὐδ’
3286 3852 3474 3905 ’ἐνεκεν
3504 3851 3605 3904 τοῦ

2022 3944 2169 3999 λίθου
2221 3944 2417 4008 τοιόςδε
2455 3943 2631 4015 ὤφθη,
2677 3943 2905 3997 ἀλλ’ἵνα
2932 3943 3058 4007 τοὺς
3090 3942 3191 4015 μὲν
3217 3941 3607 4013 ἀπελάσῃ,τάς

2022 4036 2081 4090 δὲ
2098 4036 2397 4108 ἑρχομένας
2424 4036 2515 4089 ἐπὶ⁸
2535 4035 2633 4106 τὴν
2649 4035 2778 4090 θέαν
2796 4034 3212 4104 δεξιωσάμενος,
3241 4035 3341 4107 τὴν
3369 4035 3609 4089 ἀνάστα-

2026 4145 2108 4181 σιν
2140 4128 2331 4191 αὑταῖς
2358 4126 2758 4195 καταγγείλειε.
2789 4125 3004 4179 Τούτων
3024 4121 3117 4179 οὖν
3151 4127 3363 4198 μάρτυς
3394 4128 3423 4179 6
3448 4126 3608 4179 Ματ-

2024 4219 2172 4283 θαῖος
2218 4218 2413 4288 λέγων,
2442 4218 2575 4273 Ἀπὸ
2623 4215 2719 4271 τοῦ
2770 4217 2936 4288 φόϐου
2973 4216 3139 4271 αὑτοῦ
3180 4217 3509 4287 ἐσείσθησαν
3548 4215 3603 4267 οἱ

2021 4310 2334 4383 τηροῦντες,
2359 4310 2451 4364 καὶ
2480 4308 2725 4377 ἐγένοντο
2757 4309 2888 4362 ὡσεὶ
2916 4308 3117 4381 νεκροί.
3144 4308 3338 4361 Φθάνει
3366 4307 3462 4377 μὲν
3491 4307 3605 4380 γάρ

2024 4403 2120 4456 καὶ
2142 4401 2231 4455 τὸν
2262 4401 2490 4470 ἄγγελον
2519 4399 2758 4463 ἀναστὰς
2786 4402 2814 4453 6
2834 4399 3044 4472 Σωτὴρ,
3064 4399 3184 4452 οὐδὲ
3215 4397 3481 4468 ἀναμένει
3505 4398 3607 4468 τὴν

2023 4491 2344 4561 ἀποκίνησιν
2367 4489 2461 4543 τοῦ
2496 4488 2664 4554 λίθου,
2691 4488 2829 4542 ἀλλά
2862 4488 2954 4541 καί
2974 4489 3163 4541 τούτου
3185 4488 3290 4559 πρὸ
3308 4488 3408 4560 τὴν
3430 4486 3609 4558 θύραν
3720 4549 3725 4557 ι

350 4595 540 4636 verum
563 4580 669 4636 hoc
694 4580 874 4637 adhuc
906 4580 1115 4635 foribus
1144 4579 1472 4644 adhaerente,
1500 4590 1554 4636 et
1597 4580 1915 4651 pontiﬁcum

2027 4582 2300 4653 κειμένου,
2352 4583 2443 4635 καὶ
2486 4584 2596 4645 τοῖς
2639 4580 2748 4634 τῶν
2770 4579 3070 4653 ἀρχιερέων
3103 4579 3447 4651 σημαντῆρσι
3484 4578 3607 4648 (6i)

348 4672 545 4744 sigillis
578 4671 888 4746 obsignato,
920 4672 1352 4743 custodibusque
1381 4673 1560 4727 locum
1590 4673 1917 4728 circumara-

346 4765 648 4829 bientibus,
680 4763 972 4821 invisibilis
1004 4762 1073 4820 de
1101 4772 1454 4819 monumento
1476 4763 1734 4834 prodiens
1758 4779 1915 4818 suam

345 4874 415 4914 ex
435 4856 671 4917 mortuis
692 4854 875 4911 divina
900 4855 1103 4910 virtute
1127 4860 1410 4926 peregerat
1435 4854 1912 4922 resurrectionem;

286 5012 291 5017 ,
345 4947 442 5007 sed
470 4961 708 5019 quanam
741 4946 797 5001 id
819 4947 1079 5018 temporis
1110 4945 1241 5004 hora
1264 4946 1545 5010 acciderit,
1563 4962 1724 5002 nemo
1744 4961 1912 5002 evan-

344 5039 661 5110 gelistarum
688 5036 1020 5110 signiﬁcavit
1045 5057 1058 5093 :
1093 5037 1164 5094 ita
1183 5048 1259 5093 -ut
1286 5038 1505 5109 quidam
1534 5037 1665 5092 huic
1696 5051 1912 5107 quoque

344 5131 424 5189 rei
450 5130 769 5202 tempestive
808 5131 898 5186 illa
927 5131 1093 5187 verba
1134 5130 1645 5196 accommodaverit,
1677 5147 1799 5201 qua:
1845 5129 1913 5185 de

342 5222 589 5280 universi
637 5223 1112 5278 consummatione
1158 5237 1188 5276 a
1235 5223 1458 5278 Christo
1482 5224 1628 5278 dicta
1660 5222 1913 5288 fuerunt,

342 5329 579 5386 nempe:
612 5333 635 5368 ι
672 5314 749 5368 De
768 5314 857 5372 die
884 5330 1047 5370 nemo
1078 5316 1376 5387 quidquam
1411 5317 1516 5372 scit
1548 5356 1563 5382 ,
1614 5332 1685 5372 ne
1733 5317 1913 5388 angeli

345 5407 562 5479 quidem
592 5407 688 5463 Dei
710 5405 778 5463 ⁸⁸.
814 5427 834 5462 ι
867 5407 959 5464 Sic
990 5423 1120 5480 ergo
1145 5409 1352 5481 primus
1385 5410 1503 5482 ipse
1526 5409 1702 5466 iactus
1729 5423 1917 5467 resur-

410 5560 458 5596 ”
500 5560 686 5615 Matth.
728 5578 877 5629 mv,
911 5562 1004 5619 36.

412 5701 525 5775 (eo)
565 5699 709 5759 οοιι.
731 5701 800 5771 Α,
832 5702 871 5758 ι.
905 5702 1030 5760 ste.

2026 4672 2587 4744 κατεσφραγισμένου,
2620 4673 2728 4724 τῶν
2769 4688 2829 4725 τε
2862 4671 3115 4742 φρουρῶν
3133 4669 3479 4723 κυκλούντων
3511 4668 3608 4723 τὴν

2021 4767 2186 4819 τόπον
2208 4804 2223 4825 ,
2245 4764 2454 4836 ἀφανὴς
2483 4760 2551 4834 ἦν
2568 4762 2664 4816 τοῦ
2700 4762 2999 4833 μνήματος,
3025 4760 3122 4832 τὴν
3142 4746 3441 4831 ἐκνεκρῶν
3471 4759 3606 4814 ανά-

2024 4874 2208 4910 στασιν
2232 4855 2597 4926 πεποιημένος
2620 4852 2773 4924 θεῖκῇ
2806 4852 3054 4924 δυνάμει,
3088 4851 3209 4905 καθ’
3242 4854 3310 4923 ἣν
3334 4850 3486 4923 ὥραν
3514 4851 3605 4907 οὐ·

2019 4948 2130 5013 δεὶς
2156 4948 2318 5017 ἔγνω,
2339 4946 2433 5000 καὶ
2461 4944 2582 4999 καθ’
2598 4944 2656 4998 ὃν
2683 4944 2857 5007 οὐδεὶς
2886 4945 3275 5015 ἐπεσημήνατο
3304 4943 3414 4996 τῶν
3439 4943 3606 5011 εὐαγ-

2017 5036 2279 5106 γελιστῶν
2309 5035 2497 5109 καιρόν
2517 5052 2530 5064 ’
2567 5032 2693 5085 ὥστ’
2722 5031 2788 5086 ἂν
2830 5033 3003 5085 εἰπεῖν
3031 5032 3302 5104 εὐκαίρως
3347 5031 3470 5084 τινά
3510 5024 3603 5084 καὶ

2020 5130 2107 5182 ἐπ’
2135 5126 2300 5181 αὑτοῦ
2333 5126 2492 5180 τοῦτο
2530 5125 2595 5195 δὴ
2641 5124 2699 5178 τὸ
2725 5123 2973 5195 περὶτῆς
3016 5122 3247 5177 καθόλου
3292 5123 3606 5185 συντελείας

2022 5222 2161 5294 πρὸς
2192 5218 2357 5275 αὑτοῦ
2387 5216 2707 5299 λελεγμένον
2737 5216 2794 5269 ἐν
2826 5214 2923 5285 τῷ,
2966 5233 2984 5266 ι
3016 5215 3152 5285 Περὶ
3176 5214 3234 5267 δὲ
3260 5217 3358 5285 τῆς
3390 5216 3603 5286 ἡμέρας

2021 5314 2197 5376 οὐδεὶς
2222 5309 2381 5373 οἶδεν,
2404 5310 2526 5363 οὐδὲ
2557 5313 2609 5364 οἱ
2656 5308 2875 5379 ἄγγελοι
2902 5306 2995 5360 τοῦ
3037 5305 3194 5360 Θεοῦ.
3229 5325 3247 5355 ι
3284 5304 3445 5359 Οὕτω
3474 5302 3604 5372 γοῦν

2023 5405 2238 5479 πρῶτος
2278 5404 2439 5468 αὐτὸς
2483 5401 2705 5475 ἀπαρχὴ
2762 5400 2860 5470 τῆς
2904 5399 3253 5461 ἀναστάσεως
3291 5396 3532 5466 γεγονὼς
3571 5396 3602 5450 ό

2095 5694 2206 5769 (6!)
2248 5694 2333 5751 Al.
2364 5694 2513 5764 cod.,
2548 5693 2902 5767 σημάντροις.
