3846 6220
125 288 240 345 985
1002 274 1513 333 SUPPLEMENTA
1552 268 2038 342 QUIESTIONUM
2076 267 2168 324 AD
2207 263 2557 322 MARINUM.
3297 264 3404 324 986

128 401 349 473 Σωτὴρ,
391 398 513 455 καθ’
539 398 606 471 ήν
637 397 786 470 ὤραν
820 396 996 461 οὐδεὶς
1028 395 1192 461 ἔγνω,
1220 396 1508 467 ἐγήγερτο,
1537 392 1716 448 λαθὼν

1836 391 2081 447 rectionis
2108 386 2386 444 inchoatio
2412 383 2695 449 Servator,
2718 383 2855 440 hora
2878 397 3043 455 quam
3057 398 3219 439 nemo
3242 385 3408 442 scivit

128 496 262 557 τοὺς
295 492 565 557 ἅπαντας,
597 491 693 543 καὶ
731 488 998 560 ἐγήγερτο
1036 485 1132 539 τοῦ
1161 484 1311 538 λίθου
1351 483 1721 556 μεμενηκότος

1836 483 2165 546 resurrexit,
2223 486 2453 536 cunctos
2502 478 2720 542 latens,
2780 478 3192 549 resurrexitqne
3228 477 3410 549 lapide

131 586 229 638 ἐπὶ
252 585 554 656 σχήματος.
586 579 832 651 Ἀγαθῶν
852 579 911 632 δέ
932 578 1183 648 άγγελος,
1202 575 1512 649 ἀνθρώποις
1536 576 1721 648 παρῆν

1836 583 2031 631 statum
2087 587 2247 630 suum
2301 570 2588 628 retinente.
2646 569 2811 625 Bona;
2859 584 2991 625 vero
3050 568 3131 626 rei
3180 571 3409 626 nuntius

131 676 164 728 ὁ
196 674 450 743 ἄγγελος,
503 672 657 728 οὐδὲν
706 670 804 742 μὲν
844 673 912 743 τῇ
966 669 1260 724 ἀναστάσει
1305 666 1391 721 διὰ
1427 667 1529 738 τῆς
1556 664 1722 720 αὐτοῦ

1836 666 1998 723 astitit
2037 665 2353 720 hominibus
2386 662 2635 736 angelus,
2663 662 2803 716 nihil
2846 659 3099 731 equidem
3150 677 3407 717 resurre-

134 766 445 838 παρουσίας
485 764 944 838 συμϐαλλόμενος,
970 761 1042 816 τὰ
1085 759 1298 833 μεγάλα
1323 759 1381 812 δέ
1406 761 1472 829 τῇ
1503 757 1611 812 τῶν
1631 758 1725 812 άν-

135 855 375 928 θρὼπων
403 854 818 927 διακονούμενος
848 852 1120 926 σωτηρίᾳ·
1147 851 1227 905 διὸ
1255 849 1349 904 καὶ
1382 849 1725 921 ἐξήστραπτε

132 948 240 1019 τὴν
292 947 527 1019 μορφὴν,
559 945 882 1018 λευχείμονα
902 944 1116 1009 δεικνὺς
1142 941 1353 1009 ἐαυτὸν,
1383 941 1478 996 καὶ
1508 939 1725 1011 πρῶτος

134 1040 241 1110 τῆς
267 1039 541 1109 σωτηρίου
581 1038 932 1102 ἀναστάσεως
974 1035 1377 1109 ἀπαρχόμενος.
1399 1033 1511 1087 Καὶ
1535 1034 1723 1106 ὥσπερ

136 1128 295 1200 ἡλίου
344 1127 609 1193 ἀνατολὰς
665 1127 871 1201 ἐρπετά
916 1128 1015 1199 μέν
1053 1128 1233 1182 ἰοὸὸλα
1273 1127 1368 1180 καὶ
1397 1125 1600 1197 Θηρίων
1625 1126 1726 1179 ὅσα

136 1218 337 1283 νυκτὸς
363 1220 458 1274 καὶ
496 1220 723 1284 σκότους
747 1219 854 1273 εἰσί
892 1219 1020 1289 φίλα
1063 1219 1275 1289 φεύγει,
1305 1218 1498 1291 ἄνδρες
1520 1218 1578 1271 δέ
1600 1215 1728 1270 ταύ-

136 1328 242 1375 τας
259 1306 349 1367 οἷα
375 1310 552 1381 φωτὸς
593 1313 873 1380 συγγενεῖς
903 1311 1316 1383 μεταδιώκουσι,
1348 1309 1487 1364 κατὰ
1514 1310 1604 1362 τὸν
1629 1308 1728 1362 αύ-

136 1398 235 1451 τὸν
287 1397 353 1470 δὴ
396 1399 601 1472 τρόπον
660 1401 789 1463 τοὺς
840 1399 939 1471 μὲν
984 1400 1083 1471 τῆς
1134 1399 1394 1471 ἀληθείας
1436 1402 1532 1453 καὶ
1581 1401 1728 1471 ζωῆς

138 1488 394 1561 ἐχθροὺς,
455 1491 687 1546 θανάτου
741 1491 799 1546 δέ
829 1491 1066 1556 οἰκείους
1094 1492 1190 1546 καὶ
1234 1492 1440 1562 φίλους,
1478 1494 1597 1556 ταῖς
1631 1490 1726 1545 τοῦ

139 1581 322 1651 φωτὸς
352 1581 518 1637 αὐτοῦ
559 1586 950 1655 μαρμαρυγαῖς
998 1585 1463 1654 καταστράπτων,
1500 1584 1727 1656 ήλαυνεν

135 1675 169 1726 ὁ
200 1673 462 1742 ἄγγελοςο
492 1678 606 1739 τοῖς
632 1676 688 1729 δὲ
719 1675 943 1730 ποθοῦσι
978 1676 1078 1748 τὴν
1115 1678 1382 1749 σωτήριον
1412 1676 1726 1739 ἀνάστασιν,

136 1765 351 1838 ταύτην
379 1767 778 1839 εὐηγγελίζετο,
810 1768 1003 1841 σχολὴν
1036 1769 1219 1833 αὐτοῖς
1248 1770 1485 1840 εὐτρεπῆ
1514 1767 1601 1822 διά
1628 1766 1731 1838 τῆς

135 1858 253 1913 τῶν
282 1859 534 1933 φρουρῶν
586 1861 905 1925 ἀπελάσεως
948 1860 1235 1934 παρέχων·
1283 1860 1376 1915 δύο
1415 1861 1548 1930 γοῦν
1584 1878 1728 1930 γνω-

140 1952 390 2024 ρίσματα
416 1956 528 2019 τοῖς
555 1954 776 2018 οἰκείοις
806 1957 1068 2028 παρεῖχεν
1095 1956 1248 2027 ὀρᾷν,
1279 1955 1380 2027 τὴν
1406 1955 1730 2027 ἀποκίνησιν

134 2043 238 2099 τοῦ
265 2044 438 2110 λίθου,
477 2048 571 2101 καὶ
604 2047 704 2118 τῆς
743 2046 913 2119 θύρας
954 2047 1048 2100 τοῦ
1083 2049 1362 2119 μνήματος
1391 2047 1493 2120 τὴν
1522 2049 1727 2113 ἄνεσιν,

136 2137 255 2193 τῶν
267 2156 328 2193 τε
352 2137 608 2208 φυλάκων
623 2139 719 2211 τὴν
742 2139 922 2205 δίωξιν
938 2158 953 2172 ’
977 2140 1014 2195 ἃ
1036 2140 1099 2213 δὴ
1127 2139 1431 2212 τεθεαμένη
1454 2141 1487 2211 ή
1507 2140 1731 2209 Μαγδα-

136 2229 290 2302 ληνη,
310 2232 426 2295 τοῖς
471 2229 739 2301 μαθηταῖς
786 2230 1146 2301 ἐπήγγειλεν·
1193 2230 1244 2283 οἱ
1280 2230 1337 2283 δὲ
1373 2230 1548 2284 ταῦτα
1601 2231 1730 2302 παρ’

138 2323 319 2394 αὐτῆς
360 2323 759 2395 μεμαθηκότες,
797 2322 1113 2396 θαρσαλέως
1152 2324 1407 2395 ἀπήντων
1446 2322 1728 2395 δρομαῖοι,

144 2413 375 2488 μηδενὸς
397 2415 581 2479 αὐτοῖς
613 2414 864 2487 ἐμποδὼν
887 2414 1252 2479 καθεστῶτος.

258 2528 266 2537 .
902 2524 980 2579 Ba

217 2613 331 2687 (62)
363 2616 476 2669 Καὶ
502 2615 621 2679 πῶς
653 2614 873 2679 σκοτίας
920 2613 1108 2688 οὔσης,
1144 2613 1288 2669 κατά
1333 2615 1425 2668 τὸν
1452 2615 1735 2686 εὐαγγελι-

144 2708 280 2779 στὴν
322 2708 596 2781 Ἰωάννην,
618 2709 688 2762 τὰ
713 2707 845 2761 εἴσω
876 2706 970 2762 τοῦ
1022 2709 1301 2780 μνήματος
1329 2706 1517 2779 ἐώρων
1556 2711 1604 2762 οἱ
1640 2708 1733 2763 δύο

148 2798 392 2871 μαθηταί
412 2816 426 2865 ;
460 2801 517 2852 '0
564 2800 673 2872 γὰρ
708 2799 869 2863 αὐτὸς
919 2799 1014 2853 καὶ
1037 2798 1137 2870 τὴν
1176 2797 1324 2870 ῶραν
1350 2800 1734 2871 ἐπεσημήνατο

142 2891 342 2944 εἰπών·
387 2908 408 2941 ι
444 2890 598 2963 Πρωῒ
657 2890 737 2944 ἔτι
796 2889 1012 2954 σκοτίας
1048 2888 1235 2961 οὔσης,
1279 2910 1299 2943 ι
1330 2890 1425 2943 καὶ
1475 2890 1603 2954 τοὺς
1641 2889 1733 2943 δύο

148 2979 402 3052 μαθητὰς
427 2980 496 3035 τὰ
523 2981 654 3034 εἴσω
674 2981 731 3033 ἐν
758 2979 836 3051 τῷ
858 2980 1101 3052 μνήματι
1136 2979 1531 3051 τεθεαμένους·
1559 3001 1577 3032 ι
1608 2981 1735 3034 Εἰσ-

142 3071 312 3144 ῆλθον
348 3071 479 3144 γὰρ,
511 3074 667 3143 φησὶ,
705 3072 797 3126 καὶ
825 3071 1170 3127 ἐπίστευσαν.
1200 3091 1220 3125 ι

231 3254 569 3327 Ἀρχομένης
614 3253 712 3324 μέν
757 3255 880 3308 κατ’
918 3252 1095 3326 ἀρχὰς
1141 3253 1244 3324 τῆς
1272 3253 1505 3327 ἡμέρας,
1542 3255 1638 3308 ἐπὶ
1671 3255 1734 3308 τὸ

149 3348 347 3417 μνῆμα
373 3345 757 3418 ἐμαρτύρησεν
785 3347 818 3417 ή
847 3344 1037 3418 Γραφὴ
1072 3344 1151 3398 ἔτι
1183 3345 1305 3398 τότε
1330 3346 1547 3399 σκοτίαν
1571 3342 1729 3401 εἷναι-

145 3438 293 3510 πλὴν
311 3438 426 3491 ἀλλ’
461 3439 563 3511 ήδη
609 3440 790 3510 πρωῖα
827 3432 897 3510 ἦν
919 3455 933 3469 ο
962 3436 1121 3491 τοῦτο
1146 3437 1203 3491 δὲ
1239 3438 1300 3492 τὸ
1326 3438 1470 3511 πρωῒ
1498 3439 1577 3493 ἔτι
1609 3456 1735 3494 σκο-

143 3532 272 3595 τίας
293 3529 460 3603 οὔσης
491 3532 628 3604 αὐτὴ
661 3531 781 3585 καθ’
807 3530 1004 3603 ἑαυτὴν
1051 3529 1232 3585 ἰδοῦσα
1267 3530 1454 3602 Μαρία
1485 3531 1732 3587 ἐπάνεισι

145 3622 289 3694 πρὸς
307 3623 434 3687 τοὺς
466 3622 714 3695 μαθητάς
733 3640 746 3654 ·
784 3618 880 3677 εἶτ’
899 3624 1132 3695 ἄγγελος
1148 3625 1328 3688 αὐτοῖς
1351 3625 1729 3697 παραγίνεται.

159 3718 253 3770 Ἐν
285 3716 350 3788 δὴ
374 3712 468 3770 οὖν
495 3716 573 3788 τῷ
610 3716 813 3788 μεταξὺ
839 3717 1016 3788 χρόνῳ
1069 3717 1205 3788 μετὰ
1239 3716 1338 3789 τὴν
1362 3717 1586 3791 πρώτην
1605 3719 1733 3788 ἀφι-

148 3809 234 3875 ξιν
286 3809 556 3880 ἀπιούσης
589 3810 761 3880 αὐτῆς
812 3809 950 3880 πρὸς
981 3811 1109 3874 τοὺς
1141 3810 1475 3875 ἀποστόλους
1503 3812 1596 3865 καὶ
1632 3811 1734 3883 τὴν

146 3899 302 3969 ὥραν
358 3897 633 3970 προκόψαι
687 3898 833 3962 εἰκὸς
864 3893 931 3970 ἦν
956 3915 971 3929 ο
1002 3898 1271 3954 κάκείνων
1303 3900 1462 3956 πάλιν
1505 3903 1597 3955 ἐπὶ
1644 3903 1734 3957 τὸν

144 3992 325 4060 τάφον
348 3989 781 4061 ἀφικνουμένων,
811 3989 891 4044 ἔτι
924 3991 1124 4063 μᾶλλον
1153 3992 1385 4063 αὐξῆσαι
1409 3994 1499 4047 τὸν
1522 3994 1732 4067 χρόνον,

149 4082 229 4146 ὡς
256 4082 450 4154 μηκέτι
478 4085 697 4136 σκοτίαν
727 4079 886 4147 εἶναι,
919 4084 1034 4137 ἀλλ’
1062 4085 1161 4157 ἤδη
1197 4086 1444 4158 καθαρὰν
1489 4089 1732 4161 ἡμέραν,

148 4175 277 4229 καθ’
303 4176 372 4246 ἢν
393 4176 804 4248 ἀπαντήσαντες
823 4177 872 4228 οί
895 4177 1193 4249 εἰρημένοι,
1226 4179 1320 4231 καὶ
1350 4178 1444 4232 τοῦ
1470 4181 1735 4252 μνημείου

148 4267 311 4332 ἐκτὸς
335 4267 586 4331 ἑστῶτες,
624 4268 810 4340 διορᾷν
837 4266 905 4321 τὰ
931 4268 1062 4321 εἴσω
1087 4269 1314 4340 κείμενα
1341 4270 1526 4325 ὀθόνια
1548 4266 1650 4325 οἷοί
1673 4290 1735 4328 τε

147 4355 323 4430 ἦσαν·
367 4358 464 4412 καὶ
495 4358 630 4412 πολὺ
663 4359 861 4430 μᾶλλον
914 4359 1062 4413 ἔνδον
1107 4360 1411 4432 γενόμενοι,
1450 4361 1556 4414 ὑπὸ
1598 4361 1739 4433 λαμ-

1824 754 1994 810 ctioni
2026 753 2322 826 praesentia
2356 767 2459 809 sua
2508 750 2803 807 conferens
2827 789 2843 813 ,
2890 750 3173 806 hominum
3225 757 3411 806 tamen

1825 847 1990 904 saluti
2023 845 2318 919 plurimum
2365 846 2632 902 serviens.
2690 841 2988 913 Propterea
3028 842 3308 898 relucente
3342 842 3410 899 [i-

1825 955 1963 1013 gura
1996 954 2132 995 usus
2159 944 2265 1005 est,
2297 943 2353 992 et
2382 935 2623 992 albatum
2658 941 2833 990 semet
2872 933 3136 999 ostendit,
3166 934 3411 1003 primus—

1826 1048 1934 1106 que
1954 1031 2378 1089 resurrectionis
2399 1026 2714 1084 Servatoris
2744 1025 2872 1082 fecit
2896 1027 3139 1082 initium.
3163 1026 3231 1081 Et
3247 1028 3411 1083 sicuti

1825 1124 2080 1181 venenati
2130 1129 2416 1193 serpentes
2451 1135 2518 1175 ac
2570 1118 2720 1185 ferae,
2757 1121 2936 1176 noctis
2969 1128 3025 1176 et
3057 1121 3411 1176 tenebrarum

1828 1222 2096 1279 amantes,
2125 1213 2262 1269 solis
2297 1218 2480 1269 ortum
2534 1209 2772 1282 fugiunt,
2807 1211 3061 1267 homines
3091 1221 3283 1267 contra
3312 1226 3412 1267 ceu

1827 1308 1969 1364 lucis
1997 1306 2230 1364 studiosi
2263 1305 2499 1361 libenter
2530 1304 2852 1376 excipiunt;
2899 1303 3092 1360 eodem
3122 1304 3284 1358 modo
3321 1318 3415 1359 ve-

1826 1400 2010 1455 ritatis
2051 1399 2288 1469 vitaeque
2342 1397 2553 1460 hostes,
2589 1397 2785 1452 mortis
2814 1403 2997 1451 autem
3027 1394 3330 1450 familiares
3360 1405 3416 1450 et

1830 1495 2057 1560 amicos,
2089 1492 2232 1548 lucis
2255 1490 2640 1562 splendoribus
2679 1488 2953 1544 irradians
2975 1488 3202 1558 angelus
3225 1488 3416 1557 dispu-

1829 1586 1890 1641 lit
1916 1601 1929 1637 :
1968 1584 2434 1641 resurrectionem
2467 1598 2601 1638 vero
2628 1580 2937 1638 Salvatoris
2962 1578 3412 1651 exspectantibus

1831 1679 2122 1742 nuntiavit,
2163 1678 2395 1733 liberum
2431 1677 2541 1732 illis
2577 1676 2784 1731 aditum
2814 1684 2941 1744 post
2988 1671 3281 1729 custodum
3313 1672 3410 1728 deo-

1833 1771 2140 1842 pulsionem
2173 1770 2447 1840 praebens.
2498 1765 2729 1822 Gemina
2763 1766 2931 1836 igitur
2965 1764 3158 1820 amicis
3212 1763 3414 1820 indicia

1832 1861 2129 1933 spectanda
2171 1861 2405 1920 obtulit,
2469 1859 2668 1929 lapidis
2723 1872 2918 1928 nempe
2975 1857 3413 1922 revolutionem,

1831 1952 2174 2009 monumenti
2208 1959 2365 2023 porta
2391 1951 2503 2021 jam
2523 1956 2765 2021 patente,
2796 1956 2851 2002 ct
2881 1947 3176 2002 custodum
3208 1946 3414 2018 fugam.

1831 2047 1964 2113 Qua:
2009 2045 2206 2101 videns
2259 2043 2578 2115 Magdalene
2629 2041 2921 2114 discipulis
2965 2040 3284 2097 nuntiavit:
3320 2039 3417 2110 qui

1833 2139 1919 2194 his
1952 2137 2210 2208 cognitis,
2237 2137 2498 2191 audacter
2527 2150 2805 2205 cursuque
2834 2143 3053 2190 concrto
3084 2133 3215 2188 illuc
3236 2172 3250 2185 .
3323 2146 3419 2187 ne—

1832 2232 1980 2288 mine
2006 2230 2355 2302 impediente,
2389 2236 2778 2301 properarunt.

1905 2616 2227 2685 Quomodo,
2271 2613 2520 2672 tenebris
2554 2615 2734 2669 adhuc
2774 2627 2836 2670 se
2869 2613 3316 2679 intendentibus,
3358 2619 3421 2668 ut

1835 2710 1912 2763 ait
1942 2709 2276 2780 evangelista
2297 2706 2557 2772 Joannes,
2589 2721 2653 2762 ea
2687 2721 2807 2776 qua:
2829 2705 2974 2760 intra
3002 2716 3419 2761 monumentum

1835 2811 1992 2858 erant
2020 2802 2276 2873 discipuli
2299 2802 2409 2857 duo
2439 2800 2734 2857 viderunt?
2756 2798 3002 2870 Namque
3049 2799 3191 2854 idem
3227 2799 3419 2854 horam

1836 2910 2055 2966 quoque
2089 2894 2420 2966 significavit
2465 2893 2653 2948 dicens
2679 2911 2691 2946 :
2722 2909 2740 2943 ι
2772 2890 2951 2955 Mane,
2972 2906 3096 2945 cum
3124 2889 3306 2945 adhuc
3331 2896 3418 2944 te-

1838 2988 2021 3044 nebrae
2044 2996 2249 3042 essent.
2290 3005 2309 3039 ι
2348 2984 2416 3039 Et
2445 2999 2591 3051 mox,
2615 2983 2754 3039 duos
2788 2982 3093 3053 discipulos
3121 2997 3243 3052 quze
3274 2983 3419 3036 intra

1759 3089 1802 3151 ο
1836 3087 2253 3138 monumentum
2288 3085 2445 3133 erant
2472 3076 2695 3132 vidisse.
2743 3093 2762 3127 ι
2808 3073 3181 3130 lntroivcrunt
3228 3074 3375 3130 enim
3402 3114 3418 3139 ,

1834 3174 2038 3244 inquit,
2062 3179 2117 3228 et
2147 3170 2515 3226 crediderunt.
2556 3187 2575 3220 ι

1903 3264 2091 3319 Primo
2134 3261 2241 3317 diei
2274 3259 2642 3331 crepusculo,
2696 3254 2841 3328 apud
2893 3255 3208 3327 sepulcrum
3267 3254 3420 3310 Scri-

1835 3363 1997 3427 ptura
2024 3352 2162 3408 dicit
2195 3350 2376 3405 adhuc
2396 3347 2656 3403 tenebras
2685 3347 2889 3414 fuisse;
2921 3346 3014 3401 sed
3040 3351 3222 3398 tamen
3255 3357 3417 3398 mane

1830 3449 1943 3520 jam
1970 3453 2121 3510 erat,
2171 3458 2283 3516 quo
2333 3441 2715 3507 subobscure,
2767 3437 2887 3494 sola
2928 3436 3091 3493 rediit
3119 3434 3289 3489 Maria
3349 3434 3419 3489 ad

1834 3538 2156 3611 discipulos.
2216 3533 2420 3591 Deinde
2454 3531 2681 3603 angelus
2714 3529 2849 3600 ipsis
2907 3526 3245 3599 supervenit.
3299 3523 3422 3579 Jam

1834 3634 1941 3689 hoc
1970 3628 2294 3686 intermedio
2321 3635 2591 3695 tempore,
2622 3633 2747 3695 post
2768 3622 3005 3693 priurum
3049 3620 3171 3689 ejus
3193 3617 3261 3673 ad
3290 3632 3422 3687 apo‘

1836 3726 2006 3782 stolos
2037 3721 2325 3776 adventum
2351 3759 2366 3783 ,
2410 3718 2602 3773 horam
2665 3715 2836 3769 ferme
2865 3710 3177 3774 transiisse,
3214 3708 3419 3765 verisi-

1834 3818 1968 3872 milc
1998 3825 2084 3873 est
2118 3835 2132 3872 :
2168 3823 2284 3870 tum
2308 3812 2417 3868 illis
2450 3810 2520 3865 ad
2564 3808 2876 3879 sepulcrum
2907 3802 3167 3859 euntibus
3190 3840 3205 3864 ,
3239 3799 3421 3872 majus

1836 3912 2016 3967 adhuc
2036 3910 2281 3979 elapsum
2312 3913 2550 3975 tempus,
2590 3902 2665 3957 ita
2689 3907 2750 3954 ut
2775 3898 2887 3969 jam
2917 3895 3158 3952 tenebrae
3196 3906 3304 3947 non
3330 3905 3421 3947 est

1836 4011 1980 4067 sent,
2009 4000 2104 4055 sed
2124 4013 2259 4069 pura
2280 3996 2430 4062 dies;
2455 4007 2565 4064 quo
2586 4001 2830 4063 tempore
2854 3987 3086 4061 profecti
3124 3985 3253 4039 illuc
3283 3997 3425 4054 prae-

1836 4094 1968 4150 dicti
2008 4090 2287 4161 discipuli,
2313 4094 2580 4157 extraque
2614 4091 3031 4141 monumentum
3086 4084 3375 4133 manentes
3402 4115 3417 4139 ,

1836 4184 2017 4257 posita
2077 4180 2398 4236 linteamina
2456 4187 2703 4249 spectare
2768 4183 3096 4248 potuerunt;
3137 4171 3422 4241 multoque

1838 4275 2013 4340 magis
2052 4269 2180 4323 illuc
2221 4266 2477 4337 ingrcssi,
2507 4265 2793 4337 splendida
2819 4265 2933 4334 jam
2969 4262 3057 4318 die
3082 4261 3265 4317 locum
3288 4260 3415 4314 illu-

1838 4365 2105 4419 minante.
2135 4361 2265 4418 Mihi
2313 4377 2445 4417 vero
2491 4360 2749 4415 videntur
2792 4354 3114 4413 linteamina
3143 4355 3293 4409 intus
3322 4367 3420 4423 po-

151 4454 302 4526 πρᾶς
341 4452 556 4525 ἡμέρας
588 4451 688 4523 ήδη
728 4451 824 4506 υῢ
868 4452 1034 4505 τόπου
1073 4452 1546 4524 κατηυγασμένου.
1583 4456 1731 4508 Δοκεῖ

1841 4457 1945 4513 sita
1998 4453 2520 4511 demonstrationem
2568 4450 2733 4507 simul
2779 4448 3051 4520 praebere,
3103 4459 3308 4515 corpus
3352 4442 3426 4498 ab

149 4545 210 4600 δέ
236 4562 325 4617 μοι
359 4544 429 4599 τά
458 4544 642 4599 ὀθόνια
675 4544 823 4598 ἔνδον
860 4545 1090 4616 κείμενα
1116 4546 1252 4617 ὁμοῦ
1281 4547 1378 4617 μὲν
1409 4548 1502 4601 καὶ
1537 4547 1737 4619 δεῖγμα

150 4634 415 4707 παρέχειν
442 4634 537 4688 τοῦ
563 4634 638 4707 μὴ
664 4634 769 4687 ὑπὸ
795 4633 1096 4705 ἀνθρώπων
1120 4630 1285 4707 ᾗρθαι
1309 4634 1369 4688 τὸ
1399 4635 1578 4707 σῶμα,
1600 4638 1737 4708 ὅπερ

149 4729 343 4802 Μαρία
373 4728 640 4783 ὑπέλαϐεν
658 4745 671 4759 '
697 4728 758 4782 οὐ
790 4727 900 4800 γὰρ
930 4728 995 4782 ἄν
1022 4746 1166 4792 τινες
1187 4728 1248 4782 τὸ
1278 4728 1438 4801 σῶμα
1467 4730 1734 4803 ὑφαιρού-

155 4838 310 4892 μενοι
335 4819 739 4891 κατελίμπανον
765 4820 835 4873 τὰ
870 4820 1077 4874 ὀθόνιαο
1104 4819 1223 4874 οὐδέ
1255 4822 1284 4874 ὀ
1322 4821 1570 4876 κλέπτων
1606 4823 1736 4876 ποτὲ

151 4911 500 4985 περιέμεινεν
543 4911 648 4977 ἓως
671 4912 760 4965 ὅτε
790 4911 1029 4984 ἀναλύσῃ
1053 4912 1121 4966 τά
1142 4912 1325 4965 ὀθόνια
1362 4913 1456 4967 καὶ
1495 4913 1736 4968 καταλά-

153 5006 324 5074 ϐηται
345 5020 359 5034 ⁸
395 5002 533 5075 ὁμοῦ
572 5003 630 5057 δὲ
664 5004 760 5058 καὶ
787 5007 887 5076 τῆς
915 5005 981 5056 ἐκ
1017 5003 1229 5075 νεκρῶν
1267 5005 1619 5070 ἀναστάσεως
1639 5005 1734 5060 τοῦ

153 5095 411 5168 σώματος
441 5090 1005 5166 εἶναιπαραστατικά.
1034 5099 1092 5152 '0
1106 5098 1215 5170 γὰρ
1244 5099 1734 5172 μετασχηματίζων

148 5190 224 5244 τὰ
257 5187 486 5259 σώματα
516 5188 615 5259 τῆς
641 5188 1025 5255 ταπεινώσεως
1050 5189 1210 5262 ἡμῶν
1226 5190 1360 5256 Θεὸς
1379 5194 1458 5256 εἰς
1491 5192 1553 5247 τὸ
1593 5189 1733 5247 εἶναι

152 5281 459 5351 σύμμορφα
485 5278 565 5348 τῷ
584 5278 797 5351 σώματι
827 5280 927 5352 τῆς
944 5281 1102 5353 δόξης
1125 5282 1218 5337 τοῦ
1250 5284 1510 5356 Χριστοῦ,
1546 5285 1608 5339 τὸ
1635 5286 1734 5357 μὲν

152 5372 321 5441 σῶμα
363 5372 441 5435 ὡς
479 5373 710 5446 ὄργανον
744 5373 846 5445 τῆς
875 5375 933 5428 ἐν
957 5375 1107 5447 αὐτῷ
1141 5377 1548 5450 κατοικησάσης
1575 5379 1735 5433 δυνά-

155 5479 306 5533 μεως
333 5462 569 5533 ήλλοίου,
625 5464 972 5537 μεταϐάλλων
1028 5467 1122 5522 ἐπὶ
1157 5467 1218 5523 τὸ
1253 5467 1548 5554 θειότερον,
1582 5470 1649 5525 τὰ
1676 5470 1733 5527 δὲ

230 5623 277 5654 ⁸⁸
316 5620 551 5695 Philipp.
589 5639 689 5691 ιιι,
725 5625 818 5683 2|.

237 5738 342 5812 (δε)
382 5738 519 5799 Cod.
552 5741 619 5812 A,
646 5741 685 5801 ι.
715 5743 840 5813 an,
867 5704 942 5803 ιη’

1839 4547 2155 4604 hominibus
2189 4562 2299 4601 non
2335 4544 2504 4602 fuisse
2546 4544 2822 4601 sublatum
2852 4581 2868 4608 ,
2924 4554 3087 4598 secus
3143 4552 3207 4593 ac
3252 4534 3424 4591 Maria

1838 4640 2257 4712 erSpicabatur:
2308 4652 2488 4709 neque
2535 4636 2682 4692 enim
2726 4635 2821 4706 qui
2869 4647 3073 4704 corpus
3131 4628 3425 4687 subtrahe-

1837 4742 1992 4799 rent,
2024 4732 2341 4788 linteamina
2373 4731 2783 4800 relinquerent;
2828 4741 3007 4796 neque
3029 4723 3117 4780 fur
3144 4718 3420 4794 quispiam

1836 4833 2201 4899 exspectaret,
2232 4825 2406 4880 donec
2434 4821 2654 4878 indusia
2686 4821 3020 4883 resolveret,
3061 4825 3225 4888 atque
3253 4816 3329 4870 ita
3359 4815 3418 4869 in

1837 4919 2087 4991 ﬂagranti
2141 4924 2302 4988 raptu
2358 4914 2880 4987 deprehenderetur.
2935 4911 3284 4982 Caeteroquin
3325 4908 3418 4964 illa

1838 5011 2089 5067 suscitati
2118 5026 2185 5067 ex
2214 5020 2388 5066 morte
2426 5008 2679 5079 corporis
2716 5006 2921 5062 indicia
2949 5013 3128 5061 erant.
3158 5002 3295 5058 Nam
3325 5002 3421 5073 qui

1838 5104 2159 5161 reformabit
2196 5118 2428 5175 corpora
2471 5101 2798 5158 humilitatis
2814 5106 3018 5155 nostrae
3036 5096 3203 5161 Deus,
3224 5102 3286 5151 ut
3308 5095 3421 5151 sint

1836 5196 2138 5254 conformia
2164 5197 2381 5268 corpori
2403 5197 2589 5268 gloria:
2610 5194 2837 5260 Christi,
2862 5200 2997 5247 tunc
3019 5190 3182 5248 etiam
3213 5203 3417 5259 corpus

1837 5290 2059 5363 quidem
2088 5304 2355 5361 organum
2382 5287 2743 5344 inhabitantis
2788 5285 2848 5342 in
2886 5285 3009 5356 ipso
3052 5282 3276 5338 virtutis
3324 5280 3424 5334 im,

1838 5381 2091 5447 mutavit,
2120 5380 2189 5435 ad
2240 5379 2567 5436 diviniorem
2600 5386 2803 5433 statum
2840 5374 3148 5432 rel'ormans
3179 5372 3268 5438 ⁸⁸ς
3316 5371 3420 5426 Ιίιισ

1837 5475 2078 5534 teamina
2105 5480 2311 5544 autem,
2338 5488 2435 5531 ceu
2481 5472 2700 5530 inutilia
2733 5478 2786 5527 et
2814 5468 3063 5542 corporis
3096 5465 3425 5526 substantiae
