3846 6220
1060 258 1570 331 SUPPLEMENTA
1605 236 2103 343 QUASSTIONUM
2143 260 2238 322 AD
2276 267 2614 327 uAnmuu.

3370 259 3484 325 990

174 393 518 449 ἐπίστευσαν
547 389 598 445 οἳ
622 388 835 453 Ξνδεκα,
860 388 919 443 ὲν
949 382 1031 453 οἷς
1057 384 1198 461 ἦσαν
1218 391 1312 445 καὶ
1337 392 1382 444 0-
1397 390 1601 462 Πέτρος
1630 391 1723 444 καὶ
1748 389 1778 442 0
1808 387 1830 448 ὲ

1893 380 2149 458 lanquam
2172 400 2240 441 ex
2273 386 2463 440 auditu
2491 384 2726 440 duorum
2776 388 3128 439 ostensorum
3158 382 3297 455 ipsis
3330 380 3479 437 viro-

192 485 480 557 Ἶωάννης,
515 482 649 554 μηδὲ
710 481 866 536 αὐτοὶ
912 481 1359 545 πεπιστευκότες.
1395 483 1474 555 Τῇ
1502 482 1559 536 δὲ
1588 481 1777 554 Μαρίᾳ

177 576 333 632 κατά
359 574 452 630 τὸν
492 572 744 644 Ἰωάννην
783 572 1014 646 εἰπούσῃ
1034 574 1142 639 ὅτι,
1172 591 1192 625 ι
1222 568 1407 646 ’Ἡραν
1449 574 1543 627 τὸν
1574 574 1777 646 Κύριόν

181 686 294 741 μου
331 670 399 723 ἐκ
433 665 528 723 τοῦ
575 667 877 737 μνήματος,
922 685 939 718 ι
971 667 1033 720 οὐ
1082 666 1347 739 πρότερον
1386 667 1710 721 ἐπίστευσαν
1730 668 1778 721 οἱ

177 761 283 816 δύο
318 759 561 833 μαθηταὶ
579 758 739 815 τοῦτο
771 757 926 833 αὐτὸ,
952 758 1014 813 τὸ
1044 754 1214 831 ἦρθαι
1244 760 1338 814 τὸν
1372 761 1622 833 Σωτῆρα,
1651 761 1780 832 πρὶν

177 854 368 915 ἐλθεῖν
418 855 498 916 είς
537 850 629 906 τὶν
676 851 840 905 τόπον
887 851 981 904 καὶ
1030 850 1179 923 ἔργῳ
1218 852 1378 905 τοῦτο
1422 852 1777 924 παραλαϐεῖν.

182 946 325 998 Ὅτε
345 942 477 1014 γοῦν
493 940 743 1012 εἰσῆλθον
767 937 912 994 οὗτοι
945 942 1027 1003 εἰς
1058 941 1119 994 τὸ
1151 942 1257 1013 μνῆ
1268 960 1364 1013 μα,
1397 944 1490 996 καὶ
1509 943 1578 996 τά
1596 943 1780 997 ὀθόνια

180 1032 332 1093 εἶδον
360 1035 517 1108 μόνα,
562 1036 626 1089 τὸ
678 1034 735 1088 δὲ
782 1035 942 1105 σῶμα
963 1034 1220 1106 οὐδαμοῦ,
1255 1037 1377 1089 τότε
1410 1037 1739 1090 ἐπίστευσαν
1763 1054 1776 1067 ο

181 1129 297 1183 τίνι
326 1127 384 1182 δὲ
427 1127 774 1193 ἐπίστευσαν,
818 1126 932 1179 ἀλλ’
966 1125 999 1197 ἢ
1026 1126 1103 1197 τῷ
1129 1128 1228 1198 τῆς
1260 1128 1481 1199 Μαρίας
1509 1127 1652 1199 λόγῳ
1678 1130 1781 1200 φή-

189 1239 375 1288 σαντι,
411 1216 626 1294 «Ἦραν
657 1221 750 1274 τὸν
773 1220 979 1293 Κύριόν
1012 1238 1114 1291 μου
1141 1237 1156 1287 ;
1181 1222 1319 1275 {Aab
1349 1221 1590 1291 ἐπιλέγει
1621 1221 1777 1293 ἑξῆς*

193 1334 214 1367 ι
240 1314 414 1369 οὔπω
458 1315 569 1386 γάρ
610 1314 834 1386 ᾔδεισαν
875 1314 973 1387 τὴν
1011 1314 1254 1387 Γραφὴν,
1281 1314 1364 1368 ὅτι
1390 1315 1471 1368 δεῖ
1519 1316 1682 1370 αὐτὸν
1717 1318 1782 1371 ὲκ

184 1405 407 1477 νεκρῶν
424 1406 745 1477 ἀναστῆναι.
785 1424 805 1458 ι

955 1689 1029 1743 Δ¹τ

1881 490 2030 546 rum,
2063 487 2124 535 ut
2171 479 2248 534 ait
2277 477 2488 543 Lucas,
2524 493 2635 534 non
2682 476 2989 533 credidisse
3034 476 3340 547 discipulos
3368 492 3477 530 un-

1881 574 2082 638 decim,
2101 589 2238 644 quos
2261 573 2406 627 inter
2428 579 2587 627 erant
2608 571 2773 626 etiam
2792 568 2989 627 Petrus
3005 584 3070 627 ac
3089 566 3355 635 Joannes,
3379 571 3477 642 qui

1880 669 2087 740 pariter
2145 664 2608 722 discrediderunt.
2689 662 3080 720 Verumtamen
3137 663 3360 731 Mariae,
3416 671 3479 719 ut

1879 760 2122 816 Joannes
2151 768 2363 822 narrat,
2393 756 2638 813 dicenti:
2682 776 2701 808 ι
2733 755 3022 811 Dominum
3062 771 3242 811 meum
3287 757 3355 811 de
3391 771 3479 812 se-

1882 853 2074 923 pulcro
2104 850 2477 916 abstulerunt;
2543 868 2562 901 ›
2604 848 2749 903 haud
2795 856 2922 903 ante
2969 849 3325 904 crediderunt
3367 848 3479 903 duo

1882 942 2138 1013 discipuli
2163 943 2412 1012 rapinam
2444 939 2755 996 Servatoris
2779 939 2949 996 fuisse
2971 948 3270 1010 peractam,
3290 953 3476 1009 quam,

1884 1036 1949 1091 ad
1975 1036 2154 1090 locum
2191 1034 2442 1105 profecti,
2470 1049 2586 1087 rem
2618 1034 2794 1088 oculis
2815 1033 2931 1088 suis
2963 1038 3319 1101 usurparunt.
3340 1028 3480 1086 Cum

1883 1128 1939 1183 bi
1973 1143 2105 1199 ergo
2134 1139 2550 1183 monumentum
2580 1126 2815 1195 ingressi
2858 1125 3180 1180 linteamina
3231 1124 3347 1181 sola
3397 1123 3481 1178 vi—

1883 1217 2104 1282 derunt,
2139 1225 2273 1272 tunc
2318 1218 2695 1272 crediderunt.
2730 1216 2964 1271 Cuinam
2994 1216 3073 1270 rei
3106 1230 3270 1286 porro
3300 1214 3480 1270 credi-

1884 1309 2118 1372 derunt,
2160 1307 2269 1363 nisi
2308 1306 2490 1362 Maria;
2536 1307 2759 1363 verbis:
2805 1324 2823 1357 ι
2859 1305 3130 1361 'l‘ulerunt
3183 1305 3479 1363 Dominum
3567 1314 3573 1319 ”

1884 1398 2102 1453 meum?
2137 1397 2470 1468 iPropterea
2525 1413 2651 1453 mox
2681 1398 2829 1453 addit
2849 1397 3129 1454 Joannes:
3167 1417 3186 1450 ι
3223 1396 3479 1454 Nondum

1885 1488 2033 1542 enim
2064 1488 2317 1543 sciebant
2352 1485 2729 1557 Scripturam,
2783 1487 2930 1558 quod
2978 1497 3256 1558 oporteret
3285 1503 3411 1545 eum
3447 1504 3481 1544 ι

1885 1576 2123 1631 mortuis
2155 1592 2461 1648 resurgere.
2502 1596 2522 1629 ι

2638 1690 2729 1746 ιγ.

262 1801 379 1875 (65)
408 1802 484 1856 Τδ
514 1802 573 1856 δὲ
605 1801 724 1866 πῶς
763 1800 857 1856 δύο
902 1799 1052 1873 παρά
1089 1799 1181 1854 τὸν
1220 1799 1474 1873 Ἰωάννην
1525 1800 1786 1875 μαθητῶν
1820 1809 1830 1865 ]

1962 1806 2249 1874 Quomodo
2294 1814 2475 1863 autem
2522 1806 2633 1861 duo
2682 1805 2943 1861 dicantur
2983 1819 3014 1859 a
3056 1803 3268 1863 Joanne
3310 1805 3481 1862 disci-

183 1896 458 1951 ἒλθόντων
482 1898 562 1960 είς
588 1895 650 1949 τὸ
700 1897 994 1966 μνημεῖον,
1042 1893 1252 1966 Πέτρου
1304 1895 1399 1948 καὶ
1454 1895 1724 1959 Ἰωάννου,
1755 1897 1784 1949 0

184 1989 408 2052 Λουκᾶς
436 1988 534 2042 ἕνα
563 1988 723 2058 μόνον
756 1986 921 2059 φησὶν
948 1984 1345 2058 ἀπηντηκέναι,
1387 1985 1562 2052 οὕτως
1595 1987 1660 2041 ἂν
1692 1988 1785 2042 λυ-

185 2080 338 2151 Θείη.

261 2172 439 2237 Πολὺς
487 2168 558 2245 ἦν
589 2171 618 2225 ὁ
671 2174 878 2245 Πέτρος
921 2175 1009 2229 ἀεὶ
1040 2179 1105 2249 τῇ
1150 2175 1461 2249 προθυμίᾳ,
1504 2174 1579 2239 ὡς
1624 2174 1784 2245 μόνον

186 2264 348 2337 παρά
371 2267 498 2332 τοὺς
528 2266 861 2331 ἀποστόλους
884 2270 1059 2322 εἰπεῖν
1082 2268 1160 2340 τῷ
1186 2269 1398 2341 Σωτῆρι
1427 2286 1442 2300 ·
1483 2287 1502 2320 ‹
1543 2267 1661 2322 Κᾶν
1689 2268 1782 2340 δέῃ

189 2373 264 2428 με
297 2358 395 2411 σὺν
426 2358 509 2411 σοὶ
534 2357 843 2421 ἀποθανεῖν,
870 2359 929 2411 οὐ
970 2358 1043 2429 μή
1082 2375 1141 2411 σε
1169 2359 1588 2430 ἀπαρνήσομαι·
1623 2377 1644 2409 ›
1689 2357 1785 2411 καὶ

193 2449 357 2520 μόνον
380 2449 546 2504 πάλιν
568 2449 825 2522 ἐπιϐῆναι
853 2454 967 2515 τοῖς
996 2451 1235 2523 κύμασιν
1265 2452 1496 2516 ἀξιῶσαι
1519 2469 1532 2482 ’
1563 2452 1656 2506 καὶ
1690 2452 1785 2523 μό-

187 2555 287 2595 νον
329 2540 731 2614 ἀποκρίνασθαι
763 2543 859 2596 καὶ
888 2544 1066 2597 εἰπεῖν
1104 2543 1255 2614 αὐτῷ
1285 2563 1299 2577 ο
1345 2564 1363 2596 ι
1398 2546 1472 2598 Σὺ
1504 2541 1555 2597 εἶ
1584 2545 1612 2596 0
1646 2546 1783 2617 Χρι-

190 2632 320 2697 «τὸς
335 2634 364 2686 0
389 2634 518 2697 Υἱὸς
540 2633 637 2687 τοῦ
661 2633 797 2688 Θεοῦ
819 2635 913 2688 τοῦ
945 2634 1147 2700 ζῶντος
1168 2654 1181 2667 ο
1220 2656 1238 2689 ι
1267 2637 1346 2691 διὸ
1376 2639 1471 2691 καὶ
1495 2638 1653 2708 μόνος
1674 2636 1785 2690 τῶν

192 2727 454 2799 μαθητῶν
479 2727 668 2781 ἀκούει
687 2744 699 2756 ·
736 2748 755 2779 ι
774 2730 1063 2800 Μακάριος
1091 2725 1163 2797 εἷ,
1192 2730 1375 2800 Σίμων
1402 2730 1516 2803 Βὰρ
1555 2730 1726 2784 Ἰωνᾶ.
1759 2749 1779 2783 ι

188 2818 286 2871 Διὸ
311 2819 406 2871 καὶ
436 2818 651 2888 πρῶτος
679 2818 855 2889 τολμᾷ
894 2818 1122 2872 εἰσιέναι
1161 2821 1243 2883 εἰς
1278 2819 1342 2873 τὸ
1377 2823 1659 2891 μνημεῖον,
1687 2821 1784 2875 σὺν

183 2908 271 2981 τῷ
299 2910 473 2982 ἑτέρῳ
509 2909 725 2982 μαθητῇ
773 2911 832 2963 ὃν
865 2910 1038 2979 ἐφίλει
1091 2913 1121 2965 0
1165 2912 1374 2983 Ἰησοῦς
1417 2910 1610 2976 ἐλθὼν,
1643 2911 1786 2968 κατὰ

185 3001 285 3055 τὸν
326 3002 582 3073 Ἰωάννην
602 3019 616 3033 ’
647 3002 784 3056 ἀλλά
812 3004 933 3056 τότε
968 3004 1066 3073 μὲν
1091 3003 1243 3075 παρὰ
1277 3004 1379 3074 τῆς
1420 3005 1786 3077 Μαγδαληνῆς

186 3086 360 3163 ἦρθάι
386 3092 448 3145 τὸ
480 3092 640 3163 σῶμα
664 3092 757 3145 τοῦ
784 3094 993 3164 Κυρίου
1027 3094 1135 3148 ἀπὸ
1158 3093 1254 3147 τοῦ
1307 3094 1571 3166 μνημείου
1604 3112 1784 3166 μεμα-

1893 1901 2005 1971 puli
2041 1899 2109 1955 ad
2141 1907 2557 1955 monumentum
2594 1898 2834 1962 venisse,
2873 1896 3070 1954 Petrus
3105 1906 3268 1970 atque
3309 1896 3480 1955 Joan-

1889 2007 1990 2048 nes
2010 2031 2024 2055 ,
2055 1990 2235 2047 Lucas
2267 2006 2400 2046 vero
2444 2007 2611 2046 unum
2648 1991 2780 2046 illuc
2825 2005 3180 2062 progressum
3211 1989 3478 2059 alﬁrmet,

1891 2084 2123 2155 quaestio
2156 2086 2231 2138 ita
2260 2083 2607 2139 dissolvitur.

1963 2175 2162 2247 Magno
2195 2190 2412 2245 semper
2452 2183 2571 2231 erat
2622 2174 2837 2230 fervore
2871 2173 3100 2242 Petrus;
3140 2175 3344 2246 quippe
3381 2175 3479 2246 qui

1895 2269 2046 2325 solus
2076 2270 2450 2338 apostolorum
2480 2266 2680 2322 dixerit
2708 2263 2989 2321 Servatori
3023 2286 3036 2321 :
3075 2284 3093 2317 ι
3133 2266 3363 2323 Etiamsi
3392 2282 3483 2323 me

1890 2364 2197 2435 oportuerit
2230 2362 2368 2416 mori
2396 2367 2600 2423 tecum,
2639 2373 2748 2413 non
2794 2366 2846 2413 te
2888 2359 3099 2429 negabo
3129 2358 3209 2427 '3;
3251 2378 3270 2411 ι
3329 2359 3482 2415 solus

1890 2458 2021 2512 item
2041 2455 2279 2510 voluerit
2298 2468 2463 2523 supra
2490 2451 2692 2507 ﬂuctus
2713 2450 2995 2506 ambulare
3022 2468 3037 2518 ;
3068 2450 3220 2506 solus
3247 2466 3482 2523 respon-

1890 2547 2053 2609 derit,
2084 2545 2391 2613 dixeritque
2420 2540 2548 2598 Jesu
2583 2561 2597 2597 :
2635 2559 2653 2593 ι
2692 2540 2774 2595 Tu
2802 2556 2862 2596 es
2890 2541 3145 2597 Christus
3176 2540 3347 2597 Filius
3382 2540 3481 2598 Dei

1888 2640 2001 2695 vivi
2026 2640 2071 2672 ”
2110 2654 2123 2693 :
2167 2657 2186 2690 ι
2223 2636 2458 2705 ideoque
2508 2641 2564 2691 et
2611 2633 2763 2701 solus
2810 2633 3208 2701 discipulorum
3243 2632 3418 2687 audiit
3459 2650 3476 2689 :

1897 2752 1917 2785 ι
1947 2732 2149 2787 Beatus
2200 2746 2284 2796 es,
2345 2727 2536 2783 Simon
2577 2726 2683 2781 Bar
2718 2725 2946 2781 Jona”.
3021 2744 3041 2777 ι
3100 2723 3473 2792 Quamobrem

1890 2825 2102 2896 primus
2132 2836 2353 2892 quoque
2398 2818 2563 2874 audet
2624 2819 2677 2873 in
2737 2824 3158 2873 monumentum
3220 2816 3476 2883 introire,

1892 2932 2017 2971 cum
2046 2917 2220 2972 altero
2242 2912 2513 2982 discipulo
2551 2911 2679 2965 illuc
2710 2910 2992 2981 profectus
3024 2925 3187 2979 quem
3219 2910 3482 2980 diligebat

1890 3007 2080 3071 Jesns,
2103 3014 2163 3062 ut
2189 3007 2264 3060 ait
2295 3003 2557 3059 Joannes.
2601 3001 2707 3058 Sed
2741 3008 2874 3057 tunc
2912 3002 3132 3073 quidem
3184 3008 3477 3072 postquam

1893 3098 2142 3153 audierat
2174 3112 2238 3151 ex
2296 3093 2614 3165 Magdalene
2673 3093 2950 3148 sublatum
2989 3091 3058 3147 de
3122 3101 3481 3148 monumento

190 3182 400 3256 θηκὼς,
434 3185 651 3256 ἀπήντα
684 3186 801 3255 ἆμα
823 3185 903 3256 τῷ
938 3187 1111 3260 ἑτέρῳ
1148 3186 1364 3259 μαθητῇ
1386 3204 1400 3219 σ
1434 3184 1552 3240 εἷτα
1582 3188 1787 3258 ἁνεχώ-
1815 3175 1830 3228 ⁴

1895 3205 2097 3259 corpus
2130 3186 2366 3251 Domini,
2400 3188 2575 3240 iverat
2615 3200 2740 3239 cum
2783 3185 2957 3241 altero
3007 3184 3299 3256 discipulo.
3352 3183 3479 3240 Mox

194 3291 281 3346 ρει
310 3275 406 3327 σὺν
435 3275 604 3347 αὐτῷ,
641 3274 709 3329 τὰ
733 3275 913 3330 ὀθόνια
942 3277 1073 3331 εἴσω
1103 3276 1199 3330 τοῦ
1227 3279 1509 3349 μνήματος
1531 3276 1788 3347 τεθεαμέ-

187 3384 285 3431 νος
314 3367 409 3420 καὶ
432 3366 747 3432 πιστεύσας.
776 3368 936 3423 Κατὰ
960 3368 1016 3423 δὲ
1052 3370 1289 3431 Λουκᾶν,
1317 3368 1424 3422 τῶν
1456 3368 1629 3422 ἄλλων
1659 3370 1787 3422 ἀπι-

192 3458 465 3513 στούντων
501 3459 779 3531 μαθητῶν,
818 3461 978 3532 μόνος
1009 3460 1172 3525 αὐτὸς
1202 3459 1363 3514 πάλιν
1397 3459 1643 3513 πιστεύει
1665 3461 1787 3523 ταῖς

189 3547 480 3619 λεγούσαις
506 3554 629 3615 ταῖς
654 3552 900 3621 γυναιξὶν
928 3553 1233 3623 ἑωρακέναι
1257 3552 1385 3615 τοὺς
1399 3550 1665 3620 ὀφθέντας
1686 3550 1787 3617 ἀγ-

188 3641 419 3713 γέλους·
465 3644 527 3696 οὺ
586 3644 695 3715 γὰρ
729 3645 1040 3716 ἀπιστήσας
1093 3644 1149 3698 δὲ
1200 3648 1321 3707 ταῖς
1347 3643 1457 3698 τῶν
1510 3642 1785 3712 γυναικῶν

190 3734 550 3807 μαρτυρίαις,
607 3736 1032 3808 παλινδρομαῖος
1068 3737 1160 3790 ἐπὶ
1212 3736 1276 3790 τὸ
1334 3754 1438 3808 μνη
1449 3738 1597 3807 μεῖον
1626 3734 1786 3806 μόνος

190 3829 593 3898 παραγίνεται·
623 3829 718 3882 καὶ
748 3825 905 3893 αὖθις
931 3828 1263 3902 παρακύψας
1292 3829 1477 3900 βλέπει
1503 3828 1572 3882 τά
1605 3827 1788 3881 ὀθόνια

193 3920 335 3991 μόνα
370 3920 447 3984 ὼς
480 3921 665 3974 καὶτὸ
699 3922 962 3994 πρότερον
982 3938 995 3952 ο
1029 3918 1149 3976 εἶτα
1182 3923 1384 3994 ἀπῄει,
1420 3922 1557 3993 πρὸς
1596 3920 1786 3975 ἑαυτὸν

188 4010 494 4082 Θαυμάζων
522 4011 583 4065 τὸ
609 4014 832 4081 γεγονός
853 4029 865 4039 ·
900 4015 995 4068 καὶ
1029 4012 1125 4068 νῦν
1155 4015 1253 4085 μὲν
1279 4014 1446 4086 ἀπῄει
1492 4013 1787 4085 θαυμάζων

186 4101 257 4157 ’.ὸ
282 4104 524 4172 γεγονὸς,
553 4106 675 4158 ἐπεὶ
692 4105 749 4159 δὲ
772 4105 938 4169 πολὺς
956 4102 1024 4178 ἦν
1046 4109 1112 4179 τῇ
1138 4105 1419 4180 προθυμίᾳ
1442 4106 1537 4161 καὶ
1566 4106 1786 4159 πλείονα

188 4195 435 4267 σπουδὴν
466 4196 620 4268 παρά
649 4198 858 4261 πάντας
882 4197 1251 4261 ἐπεδείκνυτο,
1278 4197 1527 4252 σπεύδων
1560 4199 1654 4252 καὶ
1686 4215 1787 4251 πε-

189 4288 481 4359 ριτρέχων,
505 4291 601 4344 καὶ
620 4289 797 4362 πάντη
824 4302 913 4344 τον
937 4291 1167 4364 Σωτῆρα
1191 4291 1386 4363 περιαθ
1396 4290 1503 4363 ρῶν
1526 4289 1787 4359 ἀνεωγόσι

188 4380 307 4441 τοῖς
340 4378 442 4448 τῆς
469 4378 649 4450 ψυχῆς
680 4379 915 4450 ὄμμασι,
948 4381 1224 4453 πανταχοῦ
1254 4382 1313 4435 δὲ
1346 4381 1526 4453 ζητῶν
1571 4383 1665 4436 καὶ
1690 4399 1786 4435 πε-

192 4468 608 4541 ριϐλεπόμενος,
638 4473 739 4525 οὐκ
762 4471 1005 4544 ἠτύχησε
1028 4473 1128 4544 τῆς
1156 4473 1389 4538 ἐλπίδος,
1416 4473 1551 4527 ἀλλὰ
1580 4475 1675 4528 καὶ
1696 4476 1786 4529 αὑ-

189 4563 288 4626 τὸς
310 4560 554 4628 ἀξιοῦται
587 4564 688 4636 τῆς
723 4565 888 4618 αὐτοῦ
918 4565 1239 4636 θεοφανείας
1258 4580 1273 4594 ⁸
1302 4567 1493 4621 τούτου
1527 4568 1736 4639 μάρτυς
1756 4569 1785 4622 0

186 4654 355 4717 αὐτὸς
383 4655 778 4727 εὐαγγελιστὴς
811 4658 1028 4720 Λουκᾶς
1057 4651 1160 4711 ὧδέ
1194 4676 1270 4730 πη
1309 4656 1511 4730 προῖὼν
1538 4658 1664 4729 ἑξῆς
1692 4660 1786 4713 καὶ

187 4748 371 4816 λέγων
397 4749 479 4802 ὃτι
507 4749 679 4813 ὅντως
706 4749 914 4822 ἠγέρθη
941 4752 969 4803 0
1001 4750 1205 4823 Κύριος
1234 4752 1328 4804 καὶ⁵
1349 4750 1504 4822 ῶιρθη
1553 4751 1781 4821 Σίμωνι.

188 4841 266 4891 Συ
275 4844 584 4913 μμαρτυρεῖ
606 4841 664 4894 δὲ
688 4841 838 4913 αὐτῷ
865 4842 961 4896 καὶ¹
983 4844 1012 4896 0
1044 4843 1186 4914 ἱερὸς
1201 4843 1522 4906 Ἀπόστολος
1544 4836 1646 4896 ὧδε
1672 4845 1783 4896 Κο-

188 4930 419 5003 ρινθίοις
436 4934 685 5005 γράφων,
710 4935 791 4988 ὅτι
821 4954 839 4985 ι
855 4934 1031 5007 Ὠφθη
1057 4937 1236 5007 Κεφᾷ,
1264 4931 1381 4989 εἶτα
1398 4938 1510 5000 τοῖς
1533 4934 1778 4989 ἕνδεκα.»

187 5025 387 5095 Κειρᾶς
416 5024 474 5078 δὲ
499 5026 662 5091 αὐτὸς
689 5022 758 5098 ἦν
791 5027 974 5099 Σίμων
1004 5030 1033 5081 0
1066 5028 1161 5081 καὶ
1195 5027 1421 5100 Πέτρος,
1453 5021 1498 5097 ᾧ
1536 5028 1628 5082 καὶ
1676 5028 1784 5101 πρὸ

189 5114 305 5169 τῶν
340 5115 536 5171 ἕνδεκα
579 5118 740 5188 μόνος
786 5120 935 5191 μόνῳ
984 5117 1139 5191 ῶιρθη
1171 5121 1200 5173 0
1246 5121 1459 5191 Σωτὴρ,
1491 5119 1593 5191 τῆς
1631 5120 1783 5193 παρά

188 5206 405 5271 πάντας
428 5208 876 5283 ὑπερϐαλλούσης
904 5209 1072 5265 αὐτοῦ
1098 5212 1259 5283 χάριν
1300 5213 1553 5285 σπουδῆς.

959 5325 1038 5380 Ε⁹.

267 5406 403 5487 (65')
425 5410 546 5464 Ἔτι
568 5412 853 5485 ζητήσειεν
873 5414 940 5469 ἄν
966 5431 1051 5479 τις
1076 5415 1194 5480 πῶς
1222 5416 1374 5489 παρά
1401 5418 1499 5490 μὲν
1526 5418 1607 5490 τῷ
1632 5420 1760 5475 Ματ

1890 3296 2016 3336 cum
2048 3280 2240 3335 eodem
2273 3277 2540 3344 recessit,
2572 3276 2707 3332 visis
2748 3276 2893 3331 intra
2928 3284 3342 3333 monumentum
3372 3277 3481 3333 lin-

1887 3372 2242 3433 teaminibus,
2292 3370 2482 3439 reique
2528 3382 2672 3422 verae
2709 3369 2915 3423 certior
2966 3366 3166 3425 factus.
3208 3366 3278 3422 At
3312 3382 3468 3433 vero,

1889 3463 2190 3520 secundum
2215 3461 2444 3524 Lucam,
2481 3458 2605 3514 aliis
2636 3459 2922 3530 discipulis
2955 3476 3067 3515 non
3098 3460 3474 3529 credentibus,

1889 3554 2038 3608 solus
2084 3552 2200 3622 ipse
2241 3550 2417 3606 credit
2450 3550 2742 3605 mulierum
2776 3550 3121 3604 allirmationi
3176 3549 3477 3605 dicentium

1888 3659 1949 3700 se
1987 3646 2209 3715 angelos
2254 3643 2481 3700 vidisse.
2536 3642 2748 3696 Etenim
2811 3641 3103 3695 mulierum
3160 3641 3478 3697 testimonio

1887 3752 2001 3793 non
2029 3736 2369 3801 discredens,
2402 3751 2601 3791 rursus
2634 3734 2699 3787 ad
2731 3740 3150 3787 monumentum
3195 3734 3349 3788 solus
3377 3748 3474 3789 ve-

1887 3831 1971 3885 nit
1996 3844 2333 3899 :rursusque
2362 3825 2779 3897 introspiciens,
2804 3825 2921 3878 sola
2952 3823 3268 3879 linteamina
3294 3832 3352 3879 ut
3376 3839 3478 3880 an-

1889 3930 1971 3978 tea
2003 3921 2158 3977 vidit.
2193 3920 2399 3975 Deinde
2428 3920 2583 3981 abiit,
2619 3930 2808 3972 secum
2856 3915 2976 3986 ipse
3006 3930 3123 3970 rem
3169 3914 3472 3974 demirans.

1890 4012 2114 4069 Scilicet
2143 4027 2258 4068 rem
2284 4018 2493 4082 gestam
2526 4010 2727 4065 tacitus
2762 4007 3160 4073 admirabatur,
3199 4010 3329 4080 quia
3362 4010 3489 4066 fer--

1886 4104 2015 4159 vida
2046 4111 2227 4158 mente
2250 4108 2388 4168 erat,
2430 4101 2843 4173 plurimumque
2872 4100 3117 4156 studium
3151 4116 3264 4171 prae
3293 4100 3477 4157 omni-

1887 4196 1995 4254 bus
2029 4196 2464 4261 demonstrabat,
2509 4202 2767 4268 satagens
2818 4204 2983 4268 atque
3023 4198 3382 4265 discurrens;
3421 4204 3479 4253 et

1889 4290 2092 4360 ubique
2131 4288 2479 4343 Servatorem
2522 4289 2726 4358 apertis
2774 4290 2993 4345 intuens
3045 4289 3241 4345 anima:
3266 4289 3469 4356 oculis,

1889 4395 2302 4453 quaqueversus
2374 4379 2643 4450 indagans
2710 4388 2767 4438 et
2837 4383 3325 4454 circumspiciens,
3381 4400 3480 4456 spe

1891 4491 1990 4533 sua
2032 4490 2142 4531 non
2170 4475 2395 4539 excidit,
2431 4475 2528 4530 sed
2560 4484 2613 4532 et
2646 4476 2765 4547 ipse
2810 4476 2996 4532 divina
3029 4477 3478 4536 manifestatione

1889 4569 2091 4637 dignus
2124 4566 2243 4621 fuit.
2276 4565 2375 4622 Rei
2406 4569 2564 4624 testis
2594 4567 2738 4624 idem
2768 4569 3104 4640 evangelista
3137 4569 3339 4634 Lucas,
3381 4570 3480 4643 qui

1886 4661 1944 4715 in
1977 4661 2441 4731 subsequentibus
2477 4660 2633 4726 dicit,
2680 4676 2873 4717 revera
2922 4664 3237 4720 surrexisse
3286 4662 3478 4720 Domi-

1886 4767 2043 4818 num,
2078 4760 2133 4807 et
2171 4753 2495 4823 apparuisse
2541 4751 2775 4808 Simoni.
2822 4752 3106 4811 Consonat
3159 4752 3290 4812 huic
3329 4757 3477 4812 sacri

1889 4845 2142 4916 Apostoli
2195 4847 2572 4901 testimonium
2602 4846 2673 4901 ad
2728 4847 3045 4906 Corinthios
3115 4851 3410 4908 scribentis
3459 4871 3475 4909 :

1897 4957 1918 4994 ι
1963 4938 2123 4995 Visus
2152 4947 2237 4995 est
2264 4939 2483 5011 Cephaa,
2519 4949 2574 4996 et
2606 4941 2805 4999 deinde
2831 4944 3086 5000 undecim
3113 4945 3183 5003 ⁸³.
3215 4964 3235 4998 ι
3263 4945 3478 5016 Cephas

1891 5042 2075 5090 autem
2104 5034 2225 5104 ipse
2256 5031 2448 5088 Simon
2481 5043 2567 5092 est
2606 5051 2670 5092 ac
2719 5034 2950 5106 Petrus;
3005 5037 3098 5093 cui
3154 5038 3319 5094 etiam
3349 5047 3477 5096 ante

1889 5125 2028 5182 alios
2058 5123 2316 5180 undecim
2346 5125 2497 5183 solus
2524 5127 2627 5184 soli
2655 5128 2911 5200 apparuit
2939 5126 3220 5195 Servator,
3250 5136 3475 5201 propter

1887 5228 2160 5268 summam
2193 5216 2312 5287 ejus
2342 5219 2710 5288 prmomnibas
2732 5221 3092 5279 seculitatem.

1964 5420 2192 5491 Insuper
2229 5420 2429 5491 aliquis
2452 5329 2826 5480 sciscitz’bitnr
2849 5422 3124 5495 quomodo
3151 5421 3297 5496 apud
3329 5420 3469 5480 Mat-

264 5565 313 5599 ⁶⁸
353 5564 546 5624 Matth.
581 5584 748 5640 xxvr,
783 5570 874 5627 35.
951 5571 996 5607 "
1036 5573 1227 5633 Matth.
1264 5592 1390 5646 ινι,
1432 5576 1520 5634 l6.
1596 5579 1643 5612 "
1685 5577 1815 5636 ibid.
1855 5578 1943 5633 l7.
2019 5578 2063 5610 ⁹¹
2107 5575 2273 5633 lCor.
2317 5593 2407 5645 ιν.
2444 5578 2498 5633 5.

256 5720 381 5803 καις)
417 5721 554 5781 Cod.
581 5725 654 5809 Α,
681 5722 871 5799 £312,
903 5728 962 5818 b.

1954 5732 2089 5808 (θεν)
2129 5734 2240 5791 Cod
2283 5736 2347 5803 A,
2382 5733 2418 5789 t'.
2454 5733 2577 5794 an.
