3846 6220
450 314 549 371 991

1120 310 1394 366 EUSEBII
1434 309 1929 366 CxESARlENSlS
1961 309 2114 366 OPP.
2148 311 2327 368 PARS
2369 309 2458 366 Ill.
2498 339 2568 350 ——
2605 289 3018 364 EXEGETICA.

3606 301 3696 356 εδει

447 436 648 492 thaaum
689 429 858 485 Maria
893 427 1213 499 Magdalene
1243 417 1649 497 cunfejusdem
1679 427 1916 482 nominis
1943 427 2025 480 al-

2136 428 2266 500 θαίῳ
2289 431 2320 499 ἡ
2354 425 2684 496 Μαγδαληνὴ
2709 424 2896 493 Μαρία
2927 419 3064 493 μετά
3093 420 3190 491 τῆς
3215 417 3508 490 ὁμωνύμου
3538 419 3699 488 ἑωρα-

446 535 564 582 tera
591 524 795 579 vidisse
827 530 983 577 extra
1037 501 1469 573 monumentum.
1499 517 1828 573 insidentem
1861 518 2028 588 lapidi

447 632 619 674 umtm
671 610 1053 668 tantummodo
1104 610 1359 680 angelum
1413 607 1676 663 dicatur:
1726 608 2027 662 secundum

443 707 712 766 Joannem
745 712 923 758 autem
978 702 1124 756 intra
1157 707 1569 754 monumentum
1613 699 1838 770 angelos
1883 699 2026 756 duos

447 800 700 857 sedentes
733 793 1004 866 aspexerit
1039 798 1134 848 :at
1176 807 1308 846 vero
1346 791 1651 847 secundum
1686 791 1890 846 Lucam
1920 791 2030 845 duo

446 892 550 946 viri
595 888 921 943 mulieribus
969 883 1316 940 occurrerint
1371 901 1382 936 :
1439 881 1675 951 denique
1723 882 2028 937 secundum

448 979 697 1034 Marcum
727 976 950 1047 juvenis
981 975 1049 1030 ah
1090 974 1224 1046 ipsis
1254 980 1584 1042 conspectus
1619 972 1819 1027 fuerit?

519 1072 803 1126 Dictorum
859 1069 1003 1139 apud
1049 1067 1314 1122 Joannem
1355 1075 1518 1136 atque
1557 1065 1868 1119 Matthaum
1914 1063 2029 1120 haec

448 1174 568 1219 esto
599 1163 818 1219 solutio.
869 1161 1125 1214 Arbitror
1167 1159 1312 1214 enim
1370 1158 1720 1227 praecessisse
1765 1173 1850 1219 ea,
1908 1172 2031 1226 quze

449 1260 637 1309 narrat
665 1251 929 1317 Joannes,
961 1249 1029 1305 iis
1057 1264 1179 1319 qua:
1214 1248 1534 1313 Matthaeus;
1568 1255 1624 1300 et
1654 1245 2028 1317 Magdalenam

444 1346 504 1402 in
536 1345 715 1416 primo
754 1343 991 1397 adventu
1021 1341 1243 1412 angelos
1273 1339 1412 1394 duos
1447 1339 1589 1393 intra
1619 1348 2029 1393 monumentum

450 1435 706 1491 sedentes
732 1434 957 1488 vidisse.
999 1432 1196 1486 Postea
1237 1429 1304 1484 ad
1326 1429 1578 1484 eumdem
1611 1430 1788 1483 locum
1837 1444 2030 1484 rursus

447 1542 792 1598 progressam
822 1541 944 1581 cum
971 1525 1077 1578 alia
1105 1523 1292 1586 Maria,
1321 1521 1646 1577 insidentem
1677 1520 1840 1590 lapidi
1867 1535 2029 1589 ange-

451 1619 561 1672 lum
588 1617 961 1687 spectavisse;
995 1615 1080 1670 vel
1113 1615 1276 1670 etiam
1311 1613 1544 1668 fortasse
1591 1612 1732 1666 alius
1777 1619 1858 1666 est
1888 1610 2030 1680 apud

450 1709 764 1764 Matthazum
827 1707 1076 1777 angelus,
1127 1706 1274 1760 aliud
1326 1714 1542 1775 tempus
1595 1704 1860 1772 locusque
1921 1716 2030 1770 quo

449 1803 676 1873 angelus
707 1803 857 1858 visus
889 1800 995 1855 fuit
1028 1818 1040 1853 :
1073 1799 1164 1853 alii
1192 1799 1321 1853 item
1354 1796 1532 1868 angeli
1578 1795 1719 1865 apud
1746 1809 1871 1848 eum
1907 1809 2027 1846 mu-

447 1895 678 1952 lieribus
709 1895 879 1951 oblati
916 1913 928 1949 :
968 1894 1283 1964 pariterque
1324 1892 1434 1946 duo
1471 1889 1614 1960 apud
1645 1888 1908 1942 Joannem
1936 1902 2029 1941 an-

449 1990 554 2062 geli
585 1992 728 2044 intra
767 1994 1184 2042 monumentum
1221 1983 1498 2046 sedentes,
1529 1981 1730 2037 diversi
1765 1979 2027 2034 credendi

451 2088 580 2136 sunt
609 2081 794 2134 abillo
831 2079 924 2149 qui
952 2086 1106 2133 extra
1145 2083 1562 2131 monumentum
1597 2071 1762 2143 lapidi
1819 2073 2027 2128 inside-

449 2173 564 2236 bat,
612 2179 674 2226 ut
703 2180 892 2226 narrat
925 2169 1233 2224 Mattlmus.
1266 2166 1402 2221 Nam
1434 2167 1502 2230 si,
1555 2181 1680 2220 cum
1738 2165 2027 2220 Matthaaus

449 2267 598 2322 dicat
628 2279 752 2320 sero
777 2263 1166 2324 Sahbatorum,
1199 2275 1479 2330 unumque
1513 2267 1640 2315 ante
1679 2260 1878 2316 ostium
1910 2273 2027 2312 mo-

450 2359 698 2414 numenti
727 2357 1003 2414 sedentem
1031 2356 1083 2409 in
1111 2353 1310 2424 lapide,
1330 2353 1572 2408 Joannes
1595 2351 1782 2407 eodem
1816 2359 2028 2406 retento

451 2460 696 2521 tempore
740 2465 800 2503 ac
832 2449 974 2512 loco,
1009 2447 1259 2509 dixisset,
1320 2461 1446 2500 sero
1484 2444 1872 2507 Sabbatorum,
1903 2450 2029 2498 ante

450 2543 652 2599 ostium
693 2540 1033 2595 monumenti
1081 2538 1220 2594 duos
1254 2537 1419 2608 lapidi
1465 2537 1767 2591 insidentes
1793 2550 2027 2606 conspe-

451 2645 592 2699 ctos,
623 2650 752 2690 vere
792 2641 1068 2704 oporteret
1105 2630 1504 2686 dissonantiam
1547 2630 1786 2684 causari.
1817 2629 1947 2684 ltem
1982 2629 2028 2684 si

450 2727 739 2782 Matthaaus
767 2740 920 2796 aeque
947 2739 1011 2778 ac
1045 2721 1286 2779 Joannes
1322 2723 1644 2776 matutinam
1669 2721 1858 2775 horam
1883 2719 2028 2774 afﬁr-

452 2832 632 2882 mans,
665 2817 812 2872 intra
865 2821 1281 2870 monumentum
1323 2812 1439 2882 ipse
1479 2828 1697 2883 quoque
1737 2827 1850 2866 non
1891 2811 2030 2866 duos

451 2907 676 2979 angelos
708 2906 805 2963 sed
845 2921 1016 2961 unum
1062 2906 1240 2960 visum
1276 2904 1589 2966 afﬁrmaret,
1635 2902 1910 2958 contraria
1943 2903 2030 2956 vi-

451 3000 673 3054 deretur
715 2998 910 3053 merito
964 2997 1226 3052 scribere.
1285 2994 1772 3050 Verumeuimvero
1835 2994 1882 3049 si
1925 2993 2033 3050 dis-

450 3091 731 3146 tinxerunt
765 3088 1113 3158 evangelista:
1137 3095 1406 3156 tempora,
1442 3093 1496 3141 et
1521 3085 1736 3150 modos,
1767 3093 1820 3140 et
1843 3099 2033 3155 perso-

2131 517 2283 570 κέναι
2313 516 2470 579 ἐκτὸς
2493 515 2587 568 τοῦ
2624 515 2904 586 μνήματος
2926 509 3326 580 ἐπικαθήμενον
3350 508 3430 578 τῷ
3459 508 3594 574 λίθῳ
3615 510 3698 562 ἕνα

2133 610 2293 681 μόνον
2315 608 2540 678 ἄγγελον
2574 608 2786 679 εἴρηται
2813 621 2826 636 ⁸
2852 603 2995 659 κατὰ
3033 603 3090 657 δὲ
3134 603 3226 656 τὸν
3284 603 3538 672 Ἰωάννην
3582 600 3701 654 εἴσω

2129 703 2220 757 τοῦ
2250 705 2530 775 μνήματος
2553 701 2816 770 ἀγγέλους
2839 698 2931 752 δύο
2953 697 3148 767 θεωρεῖ
3165 695 3512 767 καθημένους
3531 710 3546 723 '
3573 696 3700 748 κατά

2129 797 2186 851 δὲ
2213 796 2305 850 τὸν
2337 797 2550 849 Λουκᾶν
2602 793 2697 848 δύο
2744 792 2935 864 ἄνδρες
2985 791 3245 859 ἀπήντων
3290 791 3411 852 ταῖς
3461 787 3701 856 γυναιξί·

2129 888 2268 943 κατά
2298 889 2354 942 δὲ
2378 888 2471 942 τὸν
2495 887 2720 959 Μάρκον
2745 884 3026 947 νεανίσκος
3051 878 3119 955 ἦν
3146 883 3329 946 αὐτοῖς
3353 880 3652 953 ὁρώμενος.

2199 1073 2282 1127 Τά
2317 1073 2416 1144 μὲν
2445 1071 2596 1143 παρὰ
2619 1071 2698 1142 τῷ
2739 1070 2961 1144 Ἰωάννῃ
2993 1069 3086 1123 καὶ
3111 1066 3372 1138 Ματθαίῳ
3408 1066 3623 1130 λύσεως
3649 1067 3710 1120 ἂν

2129 1166 2280 1237 τύχοι
2307 1165 2562 1236 τοιαύτης
2585 1178 2598 1192 ⁸
2636 1163 2870 1234 ἡγοῦμαι
2915 1162 3020 1233 γὰρ
3069 1159 3429 1232 προηγεῖσθαι
3489 1161 3588 1229 μὲν
3617 1159 3709 1228 τὴν

2135 1254 2284 1324 ποιρά
2307 1253 2384 1324 τῷ
2418 1254 2636 1324 Ἰωάννῃ
2675 1249 2935 1322 ἱστορίαν,
2969 1251 3069 1319 τῆς
3099 1248 3247 1318 παρά
3287 1247 3367 1318 τῷ
3420 1246 3707 1314 Ματθαίῳ,

2130 1344 2225 1396 καὶ
2255 1343 2352 1413 τὴν
2381 1341 2743 1413 Μαγδαληνὴν
2789 1341 2849 1394 τὺ
2893 1339 3108 1412 πρῶτον
3142 1337 3403 1392 ἐλθοῦσαν
3443 1340 3574 1401 τοὺς
3623 1338 3712 1389 δύο

2129 1435 2394 1504 ἀγγέλους
2445 1435 2576 1489 εἴσω
2624 1434 2718 1488 τοῦ
2774 1435 3054 1505 μνήματος
3101 1431 3500 1502 καθεζομένους
3553 1431 3710 1484 ἰδεῖν·

2134 1529 2270 1599 μετά
2309 1527 2366 1580 δὲ
2405 1526 2579 1581 ταῦτα
2622 1525 2871 1597 δεύτερον
2915 1527 3212 1578 ἐπιστᾶσαν
3253 1523 3334 1593 τῷ
3373 1523 3526 1592 αὐτῷ
3564 1523 3713 1592 τόπῳ

2133 1619 2270 1689 μετά
2311 1619 2409 1690 τῆς
2450 1618 2615 1688 ἄλλης
2641 1618 2858 1688 Μαρίας
2885 1618 2976 1669 τὸν
3015 1615 3416 1685 ἐπικαθήμενον
3466 1613 3546 1684 τῷ
3582 1613 3715 1682 λίθῳ

2131 1709 2358 1778 ἄγγελον
2383 1708 2704 1780 ἑωρακέναι.
2730 1709 2800 1760 Ἦ
2829 1707 2971 1777 τάχα
2997 1707 3184 1776 ἕτερος
3211 1705 3309 1775 μὲν
3341 1705 3370 1756 6
3400 1703 3556 1774 παρά
3576 1705 3718 1756 Ματ-

2061 1791 2100 1844 Β
2127 1803 2263 1874 θαίῳ
2283 1803 2531 1873 ἄγγελος,
2563 1802 2652 1855 ἓτε
2663 1819 2752 1873 ρος
2778 1801 2835 1855 δὲ
2866 1801 2959 1854 καὶ
2981 1803 3009 1854 6
3041 1801 3228 1870 χρόνος
3255 1799 3350 1851 καὶ
3373 1801 3399 1852 6
3428 1799 3596 1860 τόπος
3619 1801 3714 1867 τῆς

2129 1896 2222 1949 τοῦ
2258 1895 2488 1964 ἀγγέλου
2517 1895 2644 1958 θέας
2671 1911 2683 1922 ·
2735 1893 2911 1965 ἕτεροι
2951 1893 3008 1946 δὲ
3056 1894 3148 1947 καὶ
3179 1891 3400 1959 ἄγγελοι
3451 1889 3621 1943 αὐτοῦ
3669 1893 3716 1941 οἱ

2130 1989 2268 2058 πρὸς
2315 1987 2414 2048 τὰς
2471 1989 2764 2054 γυναῖκας·
2791 1984 3054 2047 ὡσαύτως
3103 1983 3160 2036 δὲ
3186 1984 3280 2036 καλ⁵
3325 1984 3376 2034 οί
3431 1981 3589 2052 παρά
3640 1981 3717 2050 τῷ

2141 2079 2362 2152 Ἰωάννῃ
2391 2079 2482 2131 δύο
2515 2078 2734 2146 ἄγγελοι
2761 2081 2809 2130 οἱ
2841 2079 2973 2130 εἵσω
2999 2075 3092 2129 τοῦ
3131 2077 3412 2146 μνήματος
3458 2074 3718 2142 ὀφθέντες

2127 2172 2304 2244 ἕτεροί
2337 2174 2442 2226 εἰσι
2463 2171 2612 2244 παρά
2632 2172 2722 2226 τὸν
2749 2170 2852 2238 ἔξω
2877 2171 2983 2242 πρὸ
3021 2170 3296 2242 μνήματος
3339 2169 3434 2221 ἐπὶ
3460 2169 3541 2240 τῷ
3587 2168 3719 2238 λίθῳ

2130 2265 2491 2336 καθεζόμενον
2513 2265 2662 2336 παρὰ
2680 2264 2758 2335 τῷ
2784 2263 3069 2333 Ματθαίῳ.
3094 2263 3155 2315 Ei
3181 2262 3278 2332 μὲν
3307 2261 3418 2333 γάρ
3445 2261 3546 2314 τοῦ
3572 2261 3723 2314 Ματ-

2130 2358 2280 2413 θαίου
2313 2357 2408 2428 ὀψὲ
2436 2358 2728 2412 Σαϐϐάτων
2761 2355 3062 2428 εἰρηκότος,
3104 2353 3198 2407 καὶ
3222 2354 3317 2406 ἓνα
3353 2352 3460 2423 πῴ
3493 2352 3600 2422 τῆς
3632 2351 3722 2404 θύ-

2133 2469 2231 2522 ρας
2262 2450 2355 2505 τοῦ
2385 2449 2646 2522 μνημείου
2677 2447 2981 2519 καθήμενον
3021 2447 3112 2500 ἐπὶ
3149 2446 3227 2516 τῷ
3263 2445 3398 2516 λίθῳ
3433 2448 3722 2517 ἱστορηκὸ-

2129 2561 2241 2608 τος,
2283 2543 2520 2613 φυλάξας
2560 2545 2588 2596 6
2632 2542 2882 2612 Ἰωάννης
2929 2540 3020 2593 τὸν
3049 2539 3210 2593 αὐτὸν
3263 2539 3458 2610 καιρὸν
3491 2539 3594 2592 καὶ
3630 2539 3720 2591 τὸν

2130 2637 2291 2690 αὐτὸν
2343 2637 2506 2689 τόπον
2538 2636 2750 2706 εἰρήκει
2795 2634 2892 2702 ὀψὲ
2925 2633 3216 2687 Σαδϐάτων
3237 2673 3252 2698 ,
3287 2632 3395 2702 πρὸ
3422 2633 3524 2701 τῆς
3553 2631 3720 2702 θύρας

2129 2727 2224 2783 τοῦ
2260 2729 2540 2799 μνήματος
2587 2726 2679 2780 ἐπὶ
2708 2725 2785 2798 τῷ
2832 2725 2965 2796 λίθῳ
3007 2725 3098 2778 δύο
3149 2724 3558 2794 καθεζομένους
3598 2726 3722 2795 ὁρᾶ-

2132 2821 2277 2885 σθαι,
2299 2816 2366 2891 ἦν
2385 2820 2601 2890 ἀληθῶς
2624 2819 2916 2888 διαφωνίαν
2941 2817 3234 2872 αἰτιᾶσθαι.
3259 2818 3370 2871 Καὶ
3390 2820 3420 2870 6
3441 2817 3720 2879 Muttinis;

2130 2914 2390 2977 ὡσαύτως
2426 2916 2475 2967 εί
2504 2914 2704 2984 ὁμοίως
2747 2913 2967 2984 Ἰωάννῃ
3007 2910 3107 2982 τὴν
3151 2911 3401 2981 πρωῖνὴν
3435 2909 3594 2980 ὥραν
3625 2929 3720 2978 τη-

2135 3003 2323 3073 ρήσας,
2347 3003 2476 3055 εἵσω
2507 3001 2598 3054 τοῦ
2633 3001 2910 3072 μνήματος
2933 2999 3026 3054 καὶ
3053 2999 3215 3062 αὐτὸς
3241 3000 3301 3052 ού
3332 2999 3428 3051 δύο
3456 3000 3721 3067 ἀγγέλους

2132 3094 2246 3148 ἀλλ’
2279 3094 2378 3148 ἕνα
2409 3093 2579 3164 ἔφησε
2608 3093 2999 3164 τεθεωρῆσθαι,
3032 3093 3295 3147 τάναντία
3321 3092 3506 3157 ἔδοξεν
3543 3093 3613 3146 ἂν
3653 3095 3721 3144 εἰ-

452 3194 554 3234 nas
603 3178 990 3248 spectantium,
1070 3192 1286 3231 necnon
1358 3177 1673 3246 angelorum
1727 3190 2028 3238 sermones,

2136 3187 2309 3250 κότως
2361 3187 2717 3257 συγγράφειν.
2755 3187 2817 3238 Εἰ
2848 3185 2893 3239 δ’
2922 3184 3204 3255 ἀφώρισαν
3233 3186 3282 3238 οἱ
3334 3185 3720 3252 εὐαγγελιπαὶ

453 3285 616 3326 nemo
645 3269 1045 3323 rationabiliter
1078 3269 1478 3325 dissonantiam
1523 3267 1821 3338 Scriptura;
1863 3282 2028 3321 accu-

454 3360 617 3420 sabit.
646 3374 772 3413 cum
805 3359 1036 3430 singulae
1077 3361 1420 3414 narrationes
1467 3373 1567 3414 suo
1606 3372 1836 3428 quaeque
1866 3355 2028 3411 modo

455 3466 598 3506 vera:
621 3451 754 3515 sint,
782 3457 837 3506 et
868 3451 1210 3506 diversarum
1244 3465 1427 3505 rerum
1480 3448 1685 3502 faciant
1731 3447 2029 3517 expositio-

453 3557 602 3596 nem.
637 3540 743 3597 Sed
767 3542 909 3612 apud
936 3543 1071 3598 istos
1094 3543 1458 3612 evangelistas
1484 3541 1713 3612 (Matth.
1746 3549 1802 3596 et
1831 3539 2027 3611 Joan.)

455 3635 653 3703 angeli,
698 3643 751 3688 et
799 3631 1107 3689 Servatoris
1149 3640 1274 3702 post
1323 3634 1781 3688 resurrectionem
1816 3633 2029 3702 appari-

457 3725 654 3785 tiones.
682 3725 822 3792 apud
852 3725 953 3780 hos
985 3725 1204 3794 inquam
1229 3725 1400 3784 solos.
1431 3707 1576 3778 velut
1597 3723 1733 3792 apud
1767 3724 2026 3792 potiores,

456 3823 512 3872 et
546 3817 722 3886 ipsius
754 3815 1065 3870 Servatoris
1113 3823 1452 3886 spectatores
1489 3821 1544 3870 et
1576 3814 1856 3870 auditores
1886 3815 2028 3869 rela-

460 3918 548 3973 taa,
590 3909 736 3964 hunc
765 3908 1013 3963 ordinem
1045 3917 1287 3966 teneant.
1330 3908 1448 3964 Duo
1491 3924 1620 3963 vero
1653 3909 1794 3978 apud
1825 3907 2028 3962 Lucam

459 4002 560 4056 viri
615 4002 670 4056 in
700 4010 849 4056 veste
904 4000 1145 4070 fulgente
1200 4000 1327 4064 visi,
1381 3999 1747 4056 solemnitatis
1785 3998 2029 4069 symbola

459 4097 568 4152 sint
605 4115 618 4150 :
654 4097 891 4165 itemque
914 4095 1134 4164 juvenis
1163 4095 1306 4164 apud
1337 4093 1582 4148 Marcum
1624 4093 1763 4148 stola
1797 4092 2029 4145 candida

457 4193 512 4240 et
551 4185 667 4255 ipse
698 4193 1021 4254 coopertus,
1070 4185 1125 4239 in
1181 4184 1370 4239 dextra
1411 4199 1524 4238 non
1573 4192 1751 4238 autem
1804 4183 2029 4238 sinistra

461 4283 614 4345 parte
656 4283 1004 4346 conspectus,
1039 4276 1159 4329 lata
1190 4283 1244 4331 et
1273 4276 1465 4332 dextra
1519 4273 1840 4330 mulieribus
1889 4290 2030 4328 nun-

460 4369 640 4434 tians;
672 4374 726 4422 et
779 4367 856 4434 hi,
898 4367 1144 4438 inquam,
1178 4367 1380 4422 diversi
1427 4367 1730 4421 habeantur
1764 4375 1877 4420 tum
1909 4380 1940 4418 a
1971 4381 2030 4420 se

458 4459 709 4525 invicem,
733 4467 844 4512 tum
873 4473 903 4511 a
933 4459 1142 4528 primis.
1175 4458 1539 4525 Quamobrem
1569 4473 1637 4513 ne
1663 4459 1884 4528 angelos
1908 4458 2030 4528 qui-

2133 3277 2228 3330 καὶ
2257 3275 2382 3339 τοὺς
2415 3276 2637 3346 χρόνους
2664 3273 2908 3338 καὶτοὺς
2935 3276 3190 3346 τρόπους,
3220 3275 3314 3328 καὶ
3351 3275 3422 3329 τὰ
3454 3276 3722 3346 πρόσωπα

2131 3368 2241 3422 τῶν
2264 3367 2572 3437 θεωμένων,
2600 3367 2693 3422 καὶ
2721 3369 2846 3432 τοὺς
2878 3367 2986 3420 τῶν
3003 3367 3250 3435 ἀγγέλων
3277 3366 3494 3432 λόγους,
3525 3367 3634 3420 οὐκ
3664 3368 3726 3420 ἄν

2133 3479 2216 3525 τις
2244 3461 2481 3528 εὐλόγως
2529 3460 2803 3531 μέμψαιτο
2846 3460 3141 3529 διαφωνίαν
3167 3460 3266 3530 τῆς
3309 3459 3557 3530 Γραερῆς,
3592 3459 3731 3530 ἀληο

2135 3553 2398 3624 θευούσης
2433 3552 2670 3624 ἑκάστης
2697 3552 2840 3606 κατά
2868 3553 2957 3606 τὸν
2990 3553 3195 3615 οἰκείας
3245 3552 3492 3623 ἱστορίας
3542 3551 3730 3619 λόγον,

2133 3644 2404 3716 διαφόρων
2433 3661 2492 3697 τε
2521 3645 2861 3715 πραγμάτων
2885 3645 3158 3714 ὑφήγησιν
3179 3644 3471 3714 δηλούσης.
3508 3644 3656 3697 Ἀλλ’
3683 3646 3733 3698 o‘.

2139 3737 2237 3806 μὲν
2270 3736 2420 3806 παρὰ
2450 3736 2625 3789 τοῖσδε
2648 3740 2760 3800 τοῖς
2792 3737 3204 3805 εὐαγγελισταῐς
3233 3735 3482 3803 ἄγγελοι,
3512 3736 3613 3790 καὶ
3637 3735 3732 3788 τοῦ

2137 3829 2386 3900 ἃυτῆρος
2413 3830 2468 3882 αἱ
2494 3829 2632 3899 μετά
2648 3827 2748 3900 τὴν
2770 3829 3064 3883 ἀνάστασιν
3089 3827 3421 3896 θεοφάνειαι,
3448 3828 3608 3899 παρά
3635 3829 3732 3899 μόο

2136 3935 2246 3981 νοις
2296 3918 2504 3982 τούτοις
2555 3919 2631 3982 ὡς
2681 3919 2747 3972 ἂν
2779 3917 2930 3988 παρά
2983 3917 3256 3990 κρείττοσι
3303 3919 3397 3970 καὶ
3429 3918 3606 3970 αὑτοῦ
3636 3917 3730 3972 τοῦ

2137 4010 2386 4080 Σωτῆρος
2414 4008 2708 4072 αύτόπταις
2734 4027 2792 4062 τε
2811 4010 2905 4063 καὶ
2931 4009 3218 4078 αύτηκόοις
3251 4009 3580 4080 φερόμεναι,
3602 4009 3731 4063 ταύ-

2135 4119 2235 4171 την
2265 4099 2485 4164 σῴζοιεν
2513 4100 2578 4154 ἂν
2601 4099 2698 4170 τὴν
2721 4099 3062 4153 ἀκολουθίαν.
3086 4100 3149 4152 Οἱ
3175 4100 3231 4152 δὲ
3263 4099 3415 4168 παρά
3437 4099 3520 4169 τῷ
3541 4101 3732 4169 Aoum?

2135 4194 2230 4247 δύο
2260 4193 2450 4264 ἄνδρες
2481 4193 2537 4244 ἐν
2566 4191 2752 4262 ἐσθῆτι
2785 4190 3168 4263 ἀστραπτούσῃ
3200 4190 3463 4258 ὀφθέντες
3483 4231 3498 4254 ,
3536 4191 3633 4245 διὰ
3665 4192 3732 4244 τὰ

2135 4287 2233 4354 τῆς
2268 4286 2462 4354 ἑορτῆς
2504 4282 2747 4353 σύμϐολα
2767 4301 2780 4314 ·
2820 4283 2914 4336 καὶ
2945 4283 2972 4336 6
3002 4282 3154 4354 παρά
3182 4283 3260 4352 τῷ
3298 4283 3521 4353 Μάρκῳ
3551 4283 3733 4336 νεανί-

2139 4389 2267 4434 σκος
2290 4369 2488 4440 λευκὴν
2519 4370 2980 4440 περιϐεϐλημένος
3016 4371 3110 4424 καὶ
3153 4371 3317 4433 αὐτὸς
3369 4372 3604 4442 στολὴν,
3643 4373 3728 4426 δε-

2139 4459 2248 4524 ξιός
2277 4477 2335 4512 τε
2361 4459 2474 4514 ἀλλ’
2505 4460 2606 4513 οὐκ
2631 4460 2918 4532 ἀριστερὸς
2951 4461 3282 4533 ἑωραμένος,
3305 4461 3386 4532 τῷ
3429 4480 3496 4515 τε
3526 4463 3730 4534 φαιδρὰ

460 4551 580 4606 dem
616 4551 715 4608 hos
758 4551 1200 4615 nominaverunt,
1234 4566 1412 4620 neque
1453 4548 1760 4605 Servatoris
1793 4549 2028 4605 visiones

2137 4552 2230 4605 καὶ
2256 4551 2403 4617 δεξιά
2438 4553 2557 4615 ταῖς
2583 4551 2825 4620 γυναιξὶν
2865 4552 3328 4621 εὐαγγελίζεσθαι,
3355 4554 3523 4608 πάλιν
3551 4556 3734 4626 ἕτεροι

457 4650 871 4706 memorarunt,
942 4643 1036 4698 sed
1102 4643 1410 4712 potioribus
1506 4657 1566 4697 se
1648 4641 1900 4696 Matthan
1966 4655 2031 4696 ac

453 4732 650 4790 Joanni
697 4736 910 4804 potiora
963 4735 1206 4790 scribere
1244 4742 1299 4789 et
1356 4734 1598 4790 historiae
1645 4733 2031 4790 commendare

454 4831 823 4898 permiserunt
858 4846 871 4882 :
907 4827 1010 4898 ipsi
1040 4842 1172 4884 vero
1212 4827 1452 4884 secunda
1483 4835 1797 4890 narrarunt,
1825 4834 1881 4880 et
1910 4842 2031 4896 qua:

457 4929 578 4989 post
606 4921 791 4990 priora
823 4927 1044 4974 narrata
1072 4925 1368 4974 evenerant
1398 4937 1411 4972 :
1441 4917 1661 4972 omissis
1695 4925 1874 4972 autem
1907 4933 2029 4988 quae

457 5019 624 5066 testes
667 5011 903 5066 visuales
934 5010 1364 5082 jam'dixerant,
1423 5009 1528 5078 ipsi
1559 5008 1628 5062 ab
1678 5009 1764 5070 his
1812 5008 2030 5063 silentio

455 5105 726 5174 praeterita
755 5104 1176 5174 suppleverunt;
1203 5116 1323 5170 qua:
1341 5101 1560 5169 quidem
1581 5097 1821 5155 secunda
1847 5108 2026 5166 erant,

457 5197 739 5268 multoque
786 5198 966 5266 priore
1012 5195 1240 5251 historia
1291 5194 1550 5248 inferiora
1599 5213 1611 5247 :
1649 5193 1730 5250 sic
1771 5192 2026 5247 nimirum

457 5296 648 5344 sancto
690 5287 897 5358 Spiritu
938 5303 1208 5359 congruas
1263 5286 1496 5358 singulis
1538 5295 1862 5356 suggerente
1908 5300 2029 5338 nar-

457 5380 718 5434 rationes.

2133 4644 2198 4697 ἂν
2233 4640 2341 4697 εἷεν
2392 4645 2486 4697 καὶ
2541 4644 2714 4709 αὐτοὶ,
2750 4644 2995 4715 ἀλλήλων
3043 4662 3103 4698 τε
3143 4647 3237 4698 καὶ
3276 4645 3390 4699 τῶν
3426 4648 3586 4717 παρά
3618 4649 3732 4710 τοῖς

2133 4733 2382 4814 πρώτοις.
2433 4735 2522 4787 Διὸ
2569 4733 2688 4787 οὐδὲ
2732 4733 2997 4802 ἀγγέλους
3043 4734 3240 4798 αὐτοὺς
3267 4735 3376 4787 οἵδε
3405 4735 3724 4806 ὠνόμασαν,

2130 4825 2251 4877 ἐπεὶ
2279 4825 2414 4896 μηδὲ
2443 4827 2551 4880 τῶν
2575 4826 2664 4879 τοῦ
2701 4827 2954 4898 Σωτῆρος
2995 4827 3271 4879 ὀπτασιῶν
3300 4828 3726 4898 ἐμνημόνευσαν

2131 4919 2241 4979 τοῖς
2269 4919 2570 4987 κρείττοσιν
2595 4917 2627 4988 ἧ
2663 4917 2784 4970 καθ’
2809 4918 3039 4981 ἑαυτοὺς
3074 4917 3340 4990 Ματθαίῳ
3371 4920 3469 4974 καὶ
3501 4921 3727 4991 Ἰωάννῃ

2134 5008 2202 5061 τὰ
2231 5010 2513 5079 κρείττονα
2535 5010 2768 5080 γράφειν
2798 5011 2892 5063 καὶ
2912 5012 3144 5082 ἱστορεῖν
3163 5013 3726 5083 παρακεχωρηκότεςο

2135 5102 2288 5156 αὐτοὶ
2318 5103 2374 5155 δὲ
2405 5102 2473 5155 τὰ
2510 5103 2739 5174 δεύτερα
2769 5102 3145 5174 διηγούμενοι,
3185 5104 3279 5157 καὶ
3307 5104 3387 5173 τῷ
3428 5104 3612 5174 χρόνῳ
3661 5105 3730 5157 τὰ

2139 5193 2276 5264 μετά
2302 5193 2398 5264 τὴν
2422 5193 2528 5246 τῶν
2564 5193 2795 5264 πρώτων
2829 5195 3048 5266 μνήμην
3071 5194 3298 5265 ὕστερον
3328 5193 3726 5264 πεπραγμένα,

2137 5285 2417 5355 παρῄεσαν
2474 5287 2572 5354 μὲν
2603 5285 2670 5338 τὰ
2706 5285 2856 5356 παρά
2907 5289 3019 5348 τοῖς
3078 5285 3380 5346 αὺτόπταις
3435 5285 3727 5354 εἰρημένα,

2137 5376 2572 5448 ἀντανεπλήρουν
2597 5377 2654 5430 δὲ
2678 5377 2747 5430 τά
2781 5380 2908 5449 παρ’
2931 5377 3161 5440 ἐκείνοις
3195 5377 3560 5446 σεσιγημένα·
3591 5374 3628 5428 ἀ
3664 5376 3729 5444 δὴ

457 5467 682 5540 δεύτερα
736 5466 804 5542 ἦν
835 5470 926 5524 καλ
958 5471 1151 5542 μακρῷ
1207 5471 1504 5542 λειπόμενα
1545 5470 1641 5540 τῆς
1676 5466 1782 5521 τῶν
1820 5468 2099 5540 προτέρων
2139 5471 2377 5542 ἱστορίας
2400 5489 2411 5500 υ
2447 5471 2588 5524 οὕτω
2621 5472 2714 5524 τοῦ
2771 5473 2924 5540 ἁγίου
2981 5469 3298 5541 Πνεύματος
3345 5467 3726 5537 διανείμαντος

458 5565 558 5629 τὰς
593 5566 904 5632 πρεπούσας
935 5568 1147 5638 ἑκάστῳ
1179 5569 1274 5621 καὶ
1303 5567 1666 5638 καταλλήλους
1692 5564 1994 5636 διηγήσεις.

1202 5684 1284 5739 Vl.

536 5775 666 5840 Qua:
715 5775 876 5844 igitur
924 5777 1064 5846 apud
1111 5777 1313 5833 Lumm
1348 5777 1502 5833 valde
1548 5792 1706 5834 mane
1747 5774 1813 5831 ad
1843 5790 2035 5831 monu-

2886 5674 2954 5743 ς,

2209 5769 2273 5824 Αἱ
2293 5767 2419 5837 γοῦν
2454 5768 2599 5840 παρὰ
2625 5768 2699 5840 τῷ
2721 5768 2902 5841 Acrin
2925 5765 3120 5840 ὄρθρου
3137 5767 3329 5837 βαθέος
3345 5769 3440 5838 ἐπὶ
3457 5769 3518 5822 τὸ
3541 5767 3726 5840 μνῆμα
