3826 6218
24 329 149 384 993

939 323 1455 383 SUPPLEMENTA
1493 323 1984 392 QUESTIONUM
2023 324 2115 379 AB
2153 324 2503 383 MARINUM.

3243 326 3347 384 994

22 438 325 493 ἐλθοῦσαι
379 439 634 507 γυναῖκες
665 438 761 491 καὶ
815 436 1142 509 φέρουσαιά
1165 438 1473 510 ἡτοίμασαν
1515 435 1660 510 ἀρώ-
1689 447 1732 502 Α
1762 446 2007 493 mentum
2055 455 2087 493 v

1774 446 2007 493 mentum
2055 447 2325 494 venerunt
2365 440 2662 506 mulieres,
2711 446 2901 509 parata
2955 438 3194 494 ferentes
3221 454 3350 494 aro-

29 545 247 599 ματα,
315 529 503 602 ἕτεραι
546 528 614 583 ἀν
677 524 790 583 εἷεν
825 528 935 584 τῶν
980 530 1131 602 παρά
1159 529 1239 600 τῷ
1271 528 1534 601 Ματθαίῳ
1567 529 1661 583 καὶ

38 623 324 696 Ἰωάννῃ.
374 625 449 677 οὐ
489 623 598 695 γάρ
638 622 704 677 ἂν
734 623 847 694 ἔχοι
882 623 1040 693 λόγον
1062 623 1161 686 τὰς
1200 622 1439 678 τοσαῦτα
1466 639 1665 696 προτε-

28 713 346 785 θεαμένας
381 715 601 787 Μαρίας
644 714 771 786 ἄρτι
802 713 1017 786 πρῶτον
1046 712 1318 787 ἀρώματα
1345 715 1554 785 φέρειν,
1586 712 1665 776 ώς

32 806 233 876 μήπω
276 807 383 878 τὴν
416 806 711 860 ἀνάστασιν
750 805 1269 879 προμεμαθηκυίας.
1322 806 1517 876 Σαφῶς
1554 807 1665 876 γάρ

27 897 103 951 δι’
132 891 227 951 ὧν
257 914 398 969 φησι
429 897 667 952 δείκνυσι
691 898 773 951 ὅτι
802 899 896 953 καὶ
922 898 971 951 οἱ
991 897 1269 967 ὀφθέντες,
1303 898 1479 969 ἕτεροι
1512 896 1665 969 παρά

30 989 176 1052 τοὺς
234 989 559 1061 ἔμπροσθεν
609 988 1049 1060 δεδηλωμένουςο
1084 990 1180 1043 καὶ
1238 991 1267 1042 6
1319 990 1481 1053 τόπος
1534 988 1665 1042 ἔνθα

30 1080 332 1152 ὤφθησαν
369 1081 573 1153 ἔτερος·
609 1079 733 1134 οὔτε
755 1081 866 1153 γάρ
897 1080 1029 1135 εἴσω
1058 1079 1154 1133 τοῦ
1186 1081 1468 1152 μνήματος
1500 1076 1661 1152 ἦσαν,

31 1172 118 1235 ὡς
159 1176 196 1226 ὁ
240 1173 510 1242 Ἰωάννης
538 1171 796 1237 ἐδίδαξεν,
830 1169 954 1224 οὔτε
992 1171 1087 1225 ἐπὶ
1118 1171 1209 1224 τὸν
1245 1169 1391 1223 λίθον
1432 1156 1664 1233 καθεζό-

38 1282 236 1337 μενοι,
268 1264 358 1329 ὡς
404 1267 433 1318 6
464 1264 617 1337 παρὰ
642 1262 718 1335 τῷ
767 1264 1033 1336 Ματθαίῳ
1087 1263 1318 1333 ἄγγελος
1338 1280 1353 1293 ·
1402 1263 1517 1317 ἀλλ’
1540 1262 1664 1315 οὐδὲ

35 1360 194 1423 ὅλως
229 1358 529 1430 ὠνόμασεν
555 1358 823 1427 ἀγγέλους
858 1359 886 1411 6
925 1358 1143 1420 Λουκᾶς
1166 1397 1181 1422 ,
1230 1355 1325 1410 δύο
1355 1356 1412 1410 δὲ
1443 1355 1662 1427 ἄνδρας,

38 1451 197 1523 πλὴν
226 1450 383 1505 ἀλλά
411 1452 507 1505 καὶ
530 1450 729 1514 αὐτοὺς
752 1451 810 1503 ὲν
832 1449 1022 1523 ἐσθῆτι
1046 1447 1457 1519 ἀστραπτούσῃ,
1490 1447 1580 1501 διὰ
1597 1446 1665 1501 τά

35 1544 150 1615 τῆς
200 1545 413 1618 ἑορτῆς
448 1543 724 1614 σύμϐολα·
757 1544 851 1598 καὶ
879 1545 929 1596 οἱ
966 1543 1114 1613 λόγοι
1146 1542 1202 1595 δὲ
1234 1542 1414 1596 αὐτῶν
1445 1543 1495 1595 οἱ
1529 1541 1665 1612 πρὸς

35 1633 148 1698 τὰς
180 1638 467 1703 γυναῖκας
497 1635 757 1700 ίδιὰζουσι
780 1651 794 1665 ⁸
829 1635 925 1689 καὶ
969 1637 1026 1689 al
1065 1637 1321 1704 γυναῖκες
1355 1634 1411 1687 δὲ
1446 1632 1681 1697 πλείους,

32 1720 227 1795 ἦσαν,
260 1723 386 1778 ἀλλ’
418 1724 516 1796 οὐχ
547 1725 580 1795 ἠ
609 1724 765 1797 παρά
792 1724 870 1796 τῷ
893 1723 1159 1795 Ματθαίῳ
1181 1723 1276 1777 δύο
1299 1724 1531 1795 Μαρὶαι,
1550 1723 1663 1777 ἀλλ’

1762 538 1934 595 mata,
1966 530 2194 586 diversa:
2221 532 2292 587 ab
2322 531 2388 586 iis
2414 542 2579 587 erunt
2606 548 2731 603 quae
2761 531 2907 603 apud
2939 531 3253 587 Mattliaeum
3285 548 3349 586 ac

1762 620 2028 677 Joannem
2061 632 2459 680 memorantur.
2488 624 2678 695 Neque
2707 626 2854 680 enim
2888 624 3215 679 rationabile
3243 632 3349 689 est,

1763 713 1966 770 Marias
1997 731 2120 786 quae
2146 717 2277 771 talia
2309 724 2438 772 ante
2468 716 2743 782 viderant,
2777 717 3190 787 uune,primum
3221 732 3350 773 aro-

1764 814 1910 861 mata
1940 807 2177 873 delerre,
2211 808 2638 878 quasinondum
2668 810 3128 865 resurrectionem
3162 810 3353 866 novis-

1765 906 1909 953 sent.
1984 897 2276 954 Manifeste
2324 899 2580 953 videlicet
2630 898 2715 955 his
2758 915 2879 969 qua:
2923 899 3057 953 dicit
3105 897 3350 963 denotat,

1763 988 1912 1059 quod
1944 997 2001 1044 et
2030 991 2135 1044 visi
2164 991 2342 1060 angeli
2366 991 2571 1046 diversi
2607 990 2813 1045 fuerint
2842 991 2912 1045 ab
2941 997 3102 1045 antea
3133 998 3350 1061 specta-

1762 1081 1876 1146 tis;
1930 1088 1984 1135 et
2012 1080 2167 1135 locus
2194 1082 2286 1136 ubi
2337 1091 2466 1135 sunt
2497 1084 2622 1147 visi,
2672 1084 2802 1137 item
2847 1082 3135 1151 diversus;
3177 1096 3353 1153 neque

1763 1173 1910 1227 enim
1943 1172 2091 1226 intra
2116 1182 2532 1227 monumentum
2566 1181 2747 1238 erant,
2785 1182 2843 1228 ut
2866 1173 3108 1229 Joannes
3132 1174 3348 1241 docuit;

1764 1279 1945 1334 neque
1976 1263 2142 1335 lapidi
2173 1264 2499 1328 insidentes,
2535 1273 2593 1318 ut
2621 1266 2711 1320 ille
2744 1266 2887 1336 apud
2912 1264 3225 1320 Matthaaum
3249 1281 3351 1321 au-

1765 1360 1920 1431 gelus
1946 1378 1959 1413 :
1993 1373 2173 1428 neque
2199 1358 2427 1429 angelos
2460 1358 2665 1414 diserte
2689 1359 2982 1430 appellavit
3026 1374 3121 1415 eos
3151 1356 3351 1425 Lucas,

1765 1450 1862 1506 sed
1893 1450 2033 1506 duos
2082 1451 2253 1514 viros,
2304 1465 2621 1520 quanquam
2657 1452 2807 1521 ipsos
2854 1466 3074 1522 quoque
3103 1452 3157 1505 in
3205 1461 3354 1507 veste

1766 1538 2030 1610 fulgente,
2074 1541 2147 1596 ob
2197 1540 2566 1595 solemnitatis
2620 1541 2883 1595 indicium
2931 1561 2945 1598 :
2997 1544 3124 1598 item
3157 1543 3352 1598 horum

1766 1646 2052 1688 sermones
2084 1627 2153 1686 ad
2179 1633 2442 1687 mulieres
2472 1640 2602 1688 sunt
2630 1635 2935 1703 peculiares
2971 1654 2985 1690 :
3021 1645 3075 1691 et
3094 1637 3354 1693 mulieres

1767 1724 1950 1793 plures
1984 1740 2215 1780 numero
2257 1734 2425 1791 sunt,
2471 1740 2634 1795 quam
2677 1725 2800 1781 dum
2842 1728 2986 1797 apud
3041 1728 3354 1784 Mattliaeum

33 1816 415 1881 ἁπαξαπλῶς
458 1820 513 1872 αἱ
548 1816 901 1871 συνελθοῦσαι
929 1815 1080 1889 αὐτῷ
1113 1818 1178 1870 ἐκ
1209 1817 1308 1887 τῆς
1344 1816 1655 1880 Γαλιλαίας·
1691 1799 1735 1857 Β
1763 1813 1968 1878 Marim,
2016 1830 2089 1870 sel

1774 1813 1968 1878 Μαι-ἰαὶ,
2016 1816 2112 1870 sed
2145 1816 2252 1870 illa:
2297 1817 2524 1872 omnino
2556 1832 2676 1886 quae
2710 1816 2895 1873 Jesum
2925 1819 3199 1874 comitatae
3232 1819 3353 1876 fue-

35 1908 331 1980 ὀλίγωροι
370 1907 426 1961 δὲ
472 1908 568 1962 καὶ
622 1901 805 1972 αὗται,
833 1907 954 1961 οὐδὲ
983 1911 1252 1977 τοσαύτην
1295 1906 1689 1977 ἐνδειξξςῑιμεναι⁹

38 2002 307 2073 σπουδὴν
345 2002 476 2073 ὅσην
508 2002 564 2053 αί
598 2000 686 2055 διὰ
709 2000 902 2065 νυκτὸς
927 2000 1337 2072 καρτερήσασαι
1360 2000 1456 2053 καὶ
1492 2017 1669 2071 παρα-

40 2093 334 2162 μείνασαι
363 2092 438 2164 τῷ
470 2094 738 2165 μνημείῳ.
770 2094 1056 2165 Μαρτυρεῖ
1083 2094 1214 2162 γοῦν
1245 2095 1273 2147 6
1297 2092 1575 2157 Ματθαίος
1597 2096 1664 2165 τῇ

34 2187 414 2259 Μαγδαληνῇ
447 2188 540 2241 καὶ
566 2190 635 2259 τῇ
664 2187 800 2260 ἀλλῃ
837 2187 1027 2259 Μαρίᾳ
1048 2187 1292 2241 εὐτονίαν
1319 2186 1522 2257 πολλὴν
1574 2188 1669 2240 καὶ

38 2280 425 2352 παραμονὴν,
476 2279 650 2350 λέγων
709 2278 848 2351 μετά
903 2279 965 2332 τὸ
1019 2279 1193 2345 πάθος
1252 2279 1421 2334 αὑτοῦ
1458 2281 1665 2335 ταῦτα⁹

42 2392 63 2423 ι
104 2369 241 2426 *Ην
271 2372 332 2426 δὲ
367 2374 482 2426 ἐκεῖ
514 2370 703 2444 Μαρία
733 2374 767 2443 ἡ
802 2370 1136 2443 Μαγδαληνὴ
1160 2372 1256 2426 καὶ
1281 2372 1416 2444 ἄλλη
1457 2374 1667 2440 Μαρία,

38 2465 388 2537 καθήμεναι
408 2464 668 2520 ἀπέναντι
702 2464 797 2518 τοῦ
819 2464 993 2533 τάφου
1016 2481 1030 2494 ο
1064 2483 1084 2515 ι
1117 2464 1231 2518 ἀλλ’
1276 2459 1438 2519 αὗται
1477 2467 1575 2535 μὲν
1601 2467 1668 2536 τῇ

39 2559 260 2630 ἡμέρᾳ
302 2558 408 2628 τῆς
454 2558 817 2630 Παρασκευῆς
863 2557 1249 2628 παρεκάθηντο
1296 2557 1524 2628 ἀντικρὺ
1576 2556 1668 2610 τοῦ

42 2654 368 2724 μνήματος
389 2667 402 2682 ·
429 2650 510 2704 διὸ
538 2651 631 2704 καὶ
657 2650 852 2704 θᾶττον
881 2650 1050 2722 ὁρῶσι
1076 2648 1292 2722 πρῶτον
1325 2650 1424 2719 μὲν
1449 2649 1538 2702 τὸν
1561 2648 1670 2701 τῶν

40 2743 295 2814 ἀγαθῶν
325 2743 580 2812 ἄγγελον,
614 2739 732 2797 εἶτα
765 2744 859 2797 καὶ
881 2744 1041 2798 αὑτὸν
1066 2743 1157 2796 τὸν
1182 2742 1281 2812 τῆς
1327 2741 1474 2810 ζωῆς
1506 2742 1672 2813 ἀρχη-

40 2842 174 2907 γόν.
232 2836 304 2890 Ἦ
327 2835 387 2889 δὲ
416 2836 567 2908 παρά
586 2835 665 2908 τῷ
700 2836 921 2908 Ἰωάννῃ
944 2874 960 2899 ,
995 2836 1090 2889 καὶ
1121 2833 1263 2905 αὕτη
1290 2834 1352 2887 τὸ
1380 2834 1478 2905 μὲν
1512 2832 1669 2905 πρῶ-

40 2951 144 2986 τον
196 2932 341 2995 τοὺς
391 2929 677 3000 ἀγγέλους,
727 2929 865 3001 μετά
896 2928 953 2982 δὲ
990 2928 1213 2993 τούτους
1266 2929 1361 2983 καὶ
1392 2928 1554 2982 αὐτὸν
1578 2927 1671 2980 τὸν

42 3025 312 3095 Σωτῆρα
342 3022 568 3094 θεωρεῖτ’
602 3022 662 3075 οὗ
696 3021 802 3093 μὴν
830 3021 1101 3092 ἀρώματα
1122 3019 1315 3093 ἔφερον
1344 3013 1529 3085 αὗται,
1548 3019 1669 3072 οὐδὲ

41 3117 195 3188 περὶ
226 3113 439 3184 ταύτην
466 3112 812 3181 κατεγίνοντο
833 3112 932 3182 τὴν
965 3109 1222 3181 σπουδήν.
1255 3110 1322 3162 Αἱ
1347 3109 1404 3162 δὲ
1437 3109 1546 3163 ἀπὸ
1569 3108 1669 3178 τῆς

44 3206 373 3270 Γαλιλαίας
392 3202 824 3274 ἀκολουθήσασαι
844 3201 994 3273 αὐτῷ
1008 3205 1286 3270 γυναῖκες,
1306 3201 1496 3256 πολλαὶ
1514 3198 1670 3255 οὖσαι

41 3301 213 3355 κατὰ
245 3298 346 3352 τὸν
369 3297 602 3360 Λουκᾶν,
631 3298 697 3367 τῇ
725 3294 823 3367 μὲν
854 3295 1185 3365 Παρασκευῇ
1235 3292 1668 3364 ὑποστρέψασαι,

44 3390 388 3463 ἡτοίμασαν
415 3387 483 3440 τά
504 3384 795 3459 ἀρώματα,
826 3383 922 3439 ἀτε
962 3383 1026 3455 δὴ
1072 3384 1237 3455 μηδὲν
1276 3382 1503 3454 μηδέπω
1547 3401 1674 3454 προ-

49 3482 357 3557 μαθοῦσαι
386 3480 513 3552 περὶ
537 3497 638 3551 της
675 3477 1044 3541 ἀναστάσεως.
1068 3476 1161 3529 Διὸ
1191 3474 1417 3539 ταύταις
1460 3474 1565 3546 μὲν
1580 3474 1673 3528 δύο

46 3577 272 3649 ἄνδρες
294 3575 358 3628 ὲν
382 3572 567 3644 ἐσθῆτι
596 3569 983 3642 ἀστραπτούσῃ
1003 3567 1393 3638 φαίνονταικαὶ
1420 3568 1521 3638 τὴν
1551 3566 1675 3621 ἀνά-

48 3685 271 3724 στασιν
325 3662 790 3734 εὐαγγελίζονται.
838 3662 1035 3716 Οὐκέτι
1088 3660 1146 3713 δὲ
1177 3660 1368 3723 αὐταῖς
1410 3659 1439 3711 6
1484 3657 1673 3729 Μτὴρ

48 3761 258 3832 ὤφθη,
290 3758 485 3830 ὥσπερ
507 3752 599 3811 οὖν
624 3758 689 3828 τῇ
714 3753 866 3826 παρά
891 3752 969 3825 τῷ
1002 3752 1226 3826 Ἰωάννῃ
1246 3753 1342 3806 καὶ
1371 3753 1491 3814 ταῖς
1524 3750 1674 3821 παρά

49 3855 142 3927 τῷ
189 3849 504 3923 Ματθαίῳ·
563 3849 704 3903 ὥστε
751 3848 1054 3912 ἰδιάζουσαν
1107 3846 1357 3918 ἡγεῖσθαι
1408 3844 1674 3916 προσήκει

51 3949 165 4020 τὴν
207 3945 477 4015 ἱστορίαν.
512 3940 670 3995 Κατά
691 3940 747 3994 δὲ
773 3940 866 3995 τὸν
896 3940 1123 4010 Μάρκον
1152 3938 1273 3993 λίαν
1304 3936 1448 4009 πρωῒ
1474 3939 1539 4007 τῇ
1576 3937 1676 4007 μιᾷ

49 4040 181 4096 τῶν
209 4035 514 4092 Σαὸὀάτων
542 4033 792 4105 ἔρχονται
820 4032 913 4085 ἐπὶ
933 4032 995 4085 τὸ
1015 4049 1118 4103 μνη
1128 4033 1276 4101 μεῖον
1298 4028 1695 4091 ἀνατείλαντος¹

49 4135 165 4190 τοῦ
224 4132 386 4205 ηλίου
430 4130 588 4184 ἀλλαι
642 4127 804 4181 πάλιν
837 4121 1018 4188 αὗται,
1074 4128 1165 4181 καί
1195 4128 1254 4179 ἐν
1291 4125 1466 4195 ἑτέρῳ
1498 4120 1675 4194 καιρῷ

53 4229 271 4292 πάλιν,
311 4225 372 4279 αἶ
409 4226 504 4279 καὶ
543 4223 727 4293 ἔλεγον
758 4222 893 4294 πρὸς
921 4219 1142 4283 ἑαυτὰς,
1178 4236 1197 4269 ι
1238 4217 1333 4280 Τίς
1356 4214 1676 4270 ἀποκυλίσει

51 4322 214 4393 ἡμῖν
247 4316 345 4371 τὸν
364 4314 542 4382 λίθον;
582 4334 601 4366 ι
621 4315 716 4368 καὶ
744 4314 1014 4385 ἔρχονται,
1046 4311 1139 4364 καὶ
1171 4308 1520 4379 εὑρίσκουσιν
1548 4306 1677 4358 ἀπο-

50 4405 497 4478 κεκυλισμένον,
531 4405 627 4459 καὶ
650 4403 988 4459 εἰσελθοῦσαι
1015 4397 1153 4455 εἶδον
1197 4399 1478 4453 νεανίσκον
1501 4415 1514 4429 ·
1547 4396 1675 4451 ἔνθα

50 4503 245 4558 πάλιν
270 4498 368 4552 ἐπὶ
408 4494 503 4550 τοῦ
541 4493 729 4549 Λουκᾶ
754 4492 944 4560 ἄνδρες
975 4490 1089 4544 ἀλλ’
1117 4490 1217 4543 οὐκ
1256 4487 1508 4558 ἄγγελοι,
1535 4487 1678 4541 οὕτω
1708 4521 1753 4576 D

47 4597 141 4659 ὡς
181 4590 289 4647 καὶ
308 4588 408 4642 νῦν
437 4588 538 4641 οὐκ
558 4584 790 4656 ἄγγελος
814 4585 1148 4655 ὠνόμασται,
1182 4580 1318 4635 ἀλλά
1361 4580 1642 4643 νεανίσκος
1660 4596 1673 4611 ο

46 4687 223 4739 ὥστε
272 4679 370 4733 καί
403 4677 611 4749 ταύτην
652 4672 1045 4748 ἀφωρισμένην
1091 4667 1358 4741 εἶναιτὴν
1404 4669 1675 4741 διήγησιν,

48 4776 167 4832 καὶ
200 4772 305 4825 τὸν
332 4768 568 4839 ὀφθέντα
592 4768 779 4838 ἕτερον
798 4804 813 4829 ,
843 4765 937 4818 καὶ
971 4762 1070 4825 τὰς
1112 4758 1448 4831 ἀφικομένας
1488 4758 1675 4822 ἄλλας,

49 4868 168 4922 καὶ
202 4863 303 4917 τὸν
331 4861 525 4933 καιρὸν
551 4858 752 4930 ὁμοίως
784 4855 877 4911 τδν
922 4853 1062 4926 μετά
1089 4851 1244 4924 ἡλίου
1279 4849 1573 4914 ἀνατολάς·
1620 4849 1680 4912 ὃς

50 4963 111 5015 εί
144 4958 260 5031 μὲν
294 4955 391 5008 καὶ
423 4951 576 5025 παρά
600 4949 679 5022 τῷ
711 4949 897 5021 Λουκᾷ
924 4945 1208 5018 τερήτητο,
1235 4942 1472 5011 εὐλόγως
1496 4941 1561 4994 ἄν
1592 4958 1678 5006 τις

48 5054 207 5115 τοὺς
239 5047 376 5120 παρ’
406 5044 557 5115 αὐτῷ
579 5043 673 5097 δύο
704 5041 905 5113 ἄνδρας
938 5038 1157 5109 ἀπῄτει,
1189 5036 1285 5089 καί⁸
1322 5034 1450 5097 τοὺς
1481 5034 1679 5098 αὐτοὺς

1764 1916 1892 1962 rant
1940 1925 2006 1962 ex
2050 1907 2293 1965 Galilaea.
2326 1907 2393 1961 Et
2424 1909 2507 1963 lue
2578 1910 2795 1980 quidem
2843 1912 3146 1981 segniores,
3179 1928 3356 1982 neque

1767 2015 1866 2069 par
1891 2000 2132 2055 studium
2169 2015 2281 2071 pne
2307 2015 2367 2055 se
2402 1999 2642 2056 ferentes
2674 2001 2783 2056 illis
2812 2016 2934 2071 quas
2964 2009 3134 2056 noctu
3167 2017 3356 2072 perse-

1769 2097 2096 2144 veraverant
2136 2089 2281 2160 apud
2336 2091 2652 2160 sepulcrum
2705 2093 2961 2147 assiduas.
3002 2092 3359 2150 Contestatur

1769 2193 1902 2233 vero
1930 2178 2217 2235 Matthaeus
2256 2178 2590 2250 Magdalenen
2616 2189 2672 2236 et
2695 2183 2854 2237 alteri
2902 2182 3085 2238 Maria:
3115 2186 3356 2255 vigorem

1771 2271 2006 2325 multum
2033 2282 2197 2343 atque
2225 2275 2617 2339 constantiam,
2652 2274 2844 2330 dicens
2877 2284 3003 2345 post
3046 2276 3359 2333 Servatoris

1771 2362 2083 2431 passionem
2112 2362 2193 2417 sic
2225 2381 2238 2416 :
2278 2380 2297 2413 ι
2335 2361 2466 2417 Erat
2496 2371 2677 2417 autem
2710 2364 2782 2418 ibi
2808 2363 2977 2419 Maria
3012 2365 3356 2438 Magdalene,

1768 2460 1825 2505 et
1851 2452 2021 2507 altera
2071 2451 2265 2516 Maria,
2301 2455 2555 2509 sedentes
2588 2462 2781 2508 contra
2827 2456 3162 2525 sepulcrum.
3194 2477 3213 2509 ι
3250 2457 3359 2514 Sed

1770 2544 1853 2600 lia:
1881 2545 2103 2616 quidem
2131 2546 2250 2617 ipsa
2286 2546 2374 2602 die
2402 2546 2738 2603 Parasceves
2761 2549 3026 2604 sedebant
3051 2565 3236 2604 coram
3271 2567 3361 2607 se-

1770 2637 1963 2707 pulcro
2007 2656 2020 2692 :
2072 2639 2304 2708 ideoque
2351 2647 2406 2693 et
2452 2640 2689 2695 celerius
2731 2639 2919 2695 vident
2956 2641 3087 2696 boni
3131 2650 3361 2697 eventus

1770 2730 2052 2789 nuntium,
2088 2730 2286 2785 deinde
2329 2745 2510 2801 ipsum
2562 2731 2688 2786 vitae
2744 2743 3047 2787 auctorem.
3110 2734 3202 2787 Illa
3227 2749 3361 2789 vero

1770 2821 1916 2891 apud
1967 2819 2259 2887 Joannem,
2291 2830 2346 2878 et
2378 2823 2496 2893 ipsa
2540 2838 2761 2895 quoque
2800 2826 2979 2895 primo
3006 2825 3155 2881 videt
3193 2840 3364 2896 ange-

1771 2913 1875 2978 los,
1907 2922 1962 2967 et
1986 2924 2177 2984 postea
2210 2913 2557 2970 Servatorem
2601 2917 2779 2986 ipsum
2815 2936 2829 2972 :
2864 2931 3043 2987 neque
3065 2918 3147 2972 ha:
3173 2923 3362 2972 tamen

1772 3015 2020 3062 aromata
2050 3006 2319 3072 ferebant,
2348 3022 2526 3078 neque
2549 3007 2620 3063 ob
2646 3024 2766 3063 eam
2797 3024 2911 3063 rem
2929 3010 3225 3064 curandam
3253 3010 3364 3065 ive-

1772 3106 1916 3154 raut.
1951 3097 2057 3154 Sed
2089 3099 2194 3154 illa:
2221 3099 2443 3154 demum
2467 3114 2588 3169 quae
2613 3114 2677 3154 ex
2700 3098 2919 3155 Galilaea
2946 3098 3133 3154 Jesum
3166 3101 3362 3157 subse-

1777 3200 1919 3245 cuta;
1950 3190 2188 3258 fuerant,
2220 3192 2515 3261 multaeque
2542 3192 2686 3261 apud
2710 3190 2915 3247 Lucam
2945 3192 3221 3261 feruntur,
3265 3195 3357 3251 die

1777 3282 2114 3338 Parasceves
2144 3282 2212 3339 de
2254 3283 2376 3338 loco
2419 3298 2673 3347 reversae,
2724 3292 3057 3354 paraverunt
3091 3294 3360 3351 aromata,

1774 3377 1976 3447 quippe
2005 3391 2127 3447 qua:
2165 3377 2378 3431 nullum
2428 3379 2855 3433 resurrectionis
2878 3379 3140 3436 indicium
3159 3394 3366 3450 cogno-

1772 3475 1987 3522 verant.
2022 3466 2235 3522 Idcirco
2259 3467 2347 3523 his
2369 3468 2479 3523 duo
2496 3468 2596 3522 viri
2630 3468 2687 3523 in
2718 3476 2873 3523 veste
2892 3469 3132 3540 fulgente
3157 3479 3362 3533 astant,

1774 3560 2141 3630 nuntiantque
2196 3561 2682 3616 resurrectionem.
2743 3560 2998 3616 Nondum
3041 3561 3131 3617 his
3176 3569 3364 3618 tamen

1777 3650 2038 3706 Servator
2069 3653 2347 3723 apparuit,
2380 3653 2526 3708 sicut
2562 3654 2638 3708 illi
2673 3661 3000 3723 apparuerat
3024 3652 3166 3723 apud
3195 3651 3365 3708 Joan-

1774 3759 1922 3809 nem,
1970 3751 2026 3799 et
2068 3745 2178 3799 illis
2229 3745 2372 3817 apud
2418 3744 2766 3813 Matthaeum;
2816 3745 2888 3799 ita
2929 3752 2991 3798 ut
3030 3745 3362 3814 peculiarem

1774 3833 1919 3889 hanc
1972 3842 2219 3905 oporteat
2269 3836 2558 3891 historiam
2591 3835 2929 3891 existimare.
2981 3834 3230 3906 Denique
3273 3851 3364 3891 se-

1777 3928 2021 3982 cundum
2062 3927 2305 3983 Marcum
2341 3928 2501 3983 valde
2528 3943 2689 3984 mane
2732 3942 2839 3983 una
2873 3927 3237 3982 Sabbatorum
3267 3943 3365 3982 ve-~

1776 4019 1935 4073 niunt
1963 4019 2030 4073 ad
2059 4025 2477 4073 monumentum
2509 4027 2632 4073 orto
2656 4018 2769 4087 jam
2804 4019 2939 4072 sole.
2993 4017 3127 4071 Alia:
3160 4018 3365 4089 pariter

1776 4112 1859 4167 lue
1889 4120 2053 4177 sunt,
2083 4112 2302 4183 alioque
2331 4113 2538 4183 pariter
2563 4122 2842 4183 tempore;
2876 4127 2999 4181 quae
3025 4120 3080 4166 et
3107 4110 3366 4167 dicebant

1776 4206 1843 4261 ad
1871 4206 2157 4261 invicem‘:
2204 4224 2223 4256 ι
2261 4204 2397 4272 Quis
2427 4206 2668 4260 revolvet
2694 4204 2856 4259 nobis
2905 4202 3178 4274 lapidem?
3215 4222 3234 4255 ι
3270 4219 3365 4259 ve-

1776 4299 2068 4369 niuntque,
2105 4305 2161 4353 et
2190 4302 2496 4354 revolutum
2521 4298 2888 4369 comperiuut,
2919 4304 2973 4352 et
2998 4297 3366 4367 ingressa:th-

1778 4408 1973 4448 venem
2000 4391 2223 4455 vident;
2261 4395 2335 4446 ita
2362 4399 2423 4446 ut
2466 4392 2581 4446 haec
2608 4392 2775 4446 etiam
2805 4390 3036 4444 diversae
3063 4389 3141 4444 rei
3173 4403 3368 4442 narra-

1781 4485 1859 4540 tio
1890 4487 1983 4549 sit,
2020 4494 2074 4541 et
2109 4485 2252 4540 alius
2278 4485 2370 4555 qui
2403 4484 2558 4540 visus
2583 4492 2690 4546 est,
2712 4491 2767 4538 et
2790 4483 2909 4537 aliae
2928 4498 3048 4553 qua:
3074 4487 3362 4543 venerunt,

1781 4587 1836 4633 et
1870 4579 2122 4635 similiter
2152 4577 2259 4634 diei
2285 4588 2501 4648 tempus
2524 4584 2646 4647 post
2668 4577 2803 4633 solis
2826 4585 3007 4630 ortum
3044 4592 3057 4629 :
3090 4589 3210 4644 qua:
3229 4581 3365 4627 tem-

1779 4669 1931 4739 poris
1954 4668 2165 4723 notatio
2197 4668 2244 4723 si
2280 4668 2466 4723 eadem
2492 4666 2636 4737 apud
2663 4664 2866 4720 Lucam
2897 4666 3080 4728 lieret,
3107 4672 3252 4718 recte
3285 4662 3364 4717 le-

1779 4769 1901 4815 ctor
1935 4775 1965 4814 a
2000 4760 2188 4815 Marco
2220 4761 2527 4831 requireret
2571 4767 2628 4814 et
2670 4759 2821 4813 viros
2849 4757 3025 4821 duos,
3060 4761 3114 4809 et
3142 4754 3363 4809 eosdem

1781 4867 2082 4923 sermones.
2139 4851 2297 4907 Nunc
2340 4867 2464 4906 cum
2495 4850 2675 4905 Lucas
2699 4849 2807 4905 diei
2835 4849 3023 4903 horam
3053 4854 3182 4901 ante
3230 4845 3367 4900 solis

1781 4953 1963 5000 ortum
2009 4946 2425 5016 praeoccuparit,
2459 4945 2655 4999 merito
2702 4949 2757 4997 et
2804 4941 2930 4996 illos
2976 4940 3072 5010 qui
3102 4938 3205 4994 visi
3237 4942 3370 4991 sunt

1785 5036 1925 5090 duos
1954 5036 2104 5091 viros
2128 5035 2264 5091 dicit
2286 5076 2301 5099 ,
2335 5051 2444 5091 non
2472 5040 2656 5089 autem
2683 5046 2849 5087 unum
2878 5030 3134 5101 juvenem
3156 5036 3366 5083 narrat.

49 5152 299 5221 λόγους.
322 5144 389 5198 Et
414 5142 460 5196 δ’
480 5145 510 5197 6
531 5141 748 5204 Λουκᾶς
777 5137 873 5192 τὸν
907 5137 1014 5209 πρὸ
1060 5133 1212 5206 ἡλίου
1247 5130 1513 5202 ἀνατολῆς
1561 5131 1751 5203 καιρὸν
1789 5130 2115 5204 προῦλαῦεν,
2156 5133 2380 5196 εἰκότως
2417 5130 2512 5186 καὶ
2542 5131 2669 5195 τοὺς
2692 5129 2812 5184 τότε
2840 5126 3104 5197 ὀφθέντας
3147 5124 3242 5179 δύο
3277 5122 3370 5178 ἀν-

49 5251 242 5324 δρας,
274 5242 394 5299 ἀλλ’
425 5241 486 5295 οὐ
514 5240 606 5294 τὸν
635 5237 917 5293 νεανίσκον
942 5234 1160 5305 ἱστορεῖ.

142 5451 274 5523 (66)
297 5447 588 5519 Τεττάρων
618 5445 676 5500 δὲ
701 5352 897 5499 ὄντωὲ
889 5441 999 5497 τῶν
1019 5436 1419 5510 εὐαγγελιστῶν
1435 5477 1451 5502 ,
1499 5436 1676 5510 ίσάρι-

54 5547 216 5617 ομοι
243 5538 453 5595 τούτων
475 5539 572 5593 καὶ
592 5540 650 5593 αἱ
676 5536 812 5609 πρὸς
834 5533 1014 5589 αὐτῶν
1034 5533 1434 5605 ἀναγραφείσαι
1464 5530 1681 5600 φαίνον-

52 5654 170 5695 ται
226 5630 524 5687 ὀπτασίαν
559 5632 614 5685 οἵ
664 5648 726 5685 τε
759 5627 945 5702 καιροὶ
970 5626 1267 5703 τέσσαρες..
1316 5623 1414 5680 καὶ
1457 5623 1507 5679 οί
1554 5621 1676 5679 καθ’

159 5794 285 5873 (se)
327 5792 466 5851 Cod.
501 5792 569 5861 Α,
600 5790 788 5852 L313.

2522 5336 2637 5393 VII.

1854 5437 1974 5493 Jam
2011 5436 2140 5508 quia
2173 5441 2414 5506 quatuor
2441 5430 2790 5502 evangelista:
2819 5431 2969 5490 sunt,
2991 5437 3110 5494 part
3142 5431 3370 5475 numero

1783 5527 2152 5598 comperimus
2185 5524 2329 5596 apud
2361 5525 2512 5593 ipsos
2541 5520 2776 5590 scriptas
2809 5515 3087 5578 visiones;
3121 5518 3371 5579 tempora

1783 5622 1913 5677 item
1945 5628 2217 5691 quatuor;
2260 5622 2315 5672 et
2360 5615 2439 5670 illi
2473 5614 2602 5669 item
2638 5609 2735 5682 qui
2764 5604 2998 5678 singulis
3026 5600 3373 5672 temporibus
