3846 6220
438 322 543 383 995

1145 321 1418 380 EUSEBll
1453 322 1934 380 CESARIENSIS
1964 323 2116 382 OPP.
2156 325 2336 383 PARS
2372 327 2465 383 lll.
2503 358 2576 369 —
2621 326 3043 385 EXEGETlCA.

3614 334 3707 391 996

435 448 810 515 apparuerunt
829 482 843 508 ,
882 442 1193 515 singulares
1222 451 1351 498 sunt
1382 462 1397 499 :
1436 443 1669 499 diversae
1696 459 1915 516 quoque
1940 445 2006 499 vi

2130 447 2362 501 ἕκαστον
2395 447 2585 519 καιρὸν
2608 447 2886 517 ὀφθέντες,
2920 448 3212 514 ἰδιάζοντες
3234 466 3248 480 ·
3290 441 3499 521 δμοίως
3540 450 3597 505 δὲ
3623 456 3710 508 καὶ

432 537 627 592 dentes
657 535 938 601 mulieres,
964 546 1018 591 et
1042 537 1421 607 apparentium
1462 536 1599 607 ipsis
1624 552 1908 595 sermones
1930 553 2027 592 va-

431 630 600 685 riant.
642 628 889 682 Primum
928 628 1030 683 fuit
1072 641 1290 701 tempus
1319 629 1465 700 quod
1496 630 1690 684 scribit
1718 629 2022 694 Matthaeus,

432 735 559 776 sero
590 717 958 775 Sabbatorum
984 720 1198 777 dicens.
1224 719 1494 787 Quartum
1516 730 1570 777 et
1596 722 1851 777 ultimum
1881 721 2027 792 apud

433 811 675 866 Marcum
706 821 828 866 orto
857 811 969 882 jam
1008 813 1123 868 sole
1156 813 1480 868 decurrens.
1527 811 1702 867 Media
1729 820 1859 868 sunt
1889 823 2027 867 tem-

428 919 565 975 pora
593 904 734 975 apud
768 903 1037 959 Joannem
1069 914 1235 975 atque
1258 905 1485 960 Lucam.
1514 906 1810 977 Propterea
1838 914 1893 961 et
1920 905 2025 962 visi

431 994 612 1065 angeli
649 996 959 1065 peculiares
988 1004 1138 1052 sunt.
1180 997 1315 1051 Nam
1344 1013 1468 1053 sero
1499 996 1890 1101 Sabbalog‘um,
1927 1013 2027 1052 an-

429 1086 585 1156 gelus
611 1102 755 1141 unus
788 1102 855 1141 ex
887 1096 1265 1155 monumento,
1298 1096 1423 1159 post
1471 1106 1630 1159 quem
1660 1098 1715 1145 et
1747 1086 1864 1159 ipse
1896 1087 2026 1144 Ser-

431 1186 606 1232 vator.
660 1177 819 1232 Mane
841 1185 1024 1234 autem
1051 1179 1181 1234 dum
1214 1182 1453 1236 tenebrae
1483 1182 1663 1236 adhuc
1695 1188 1903 1247 essent,
1939 1182 2025 1236 in-

430 1275 518 1322 tra
548 1278 963 1326 monumentum
993 1273 1169 1343 angeli
1200 1272 1337 1341 duo;
1376 1283 1499 1345 post
1523 1292 1663 1346 quos
1683 1275 1865 1331 denuo
1896 1276 2026 1331 Scr-

430 1371 614 1421 vator.
654 1362 823 1419 Valde
856 1381 1019 1421 mane
1054 1383 1187 1423 vero
1215 1370 1307 1423 alii
1347 1372 1651 1426 secundum
1674 1370 1876 1427 Lucam
1915 1372 2024 1427 duo

428 1455 534 1509 viri
564 1456 865 1521 nominati,
904 1457 1053 1513 haud
1093 1459 1238 1514 intra
1270 1470 1688 1518 monumentum
1718 1466 2020 1535 conspecti.

428 1546 659 1603 Demum
690 1556 1005 1618 postremus
1034 1553 1283 1607 omnium
1311 1554 1534 1623 juvenis
1555 1558 1649 1627 qui
1676 1559 2023 1635 venientibus

429 1646 555 1694 orto
585 1641 700 1695 sole
729 1642 1056 1700 mulieribus
1090 1661 1149 1701 se
1175 1646 1396 1701 obtulit.
1440 1647 1495 1703 Si
1528 1665 1661 1719 ergo
1687 1666 1857 1705 unum
1887 1666 2021 1705 cun.-

430 1733 504 1787 cti
534 1733 789 1803 idemque
823 1742 1042 1806 tempus
1073 1738 1450 1807 scripsissent,
1483 1741 1847 1813 eumdemque
1877 1742 2014 1798 desi-

430 1833 696 1894 gnassent
722 1826 903 1881 locum
924 1866 939 1891 ,
969 1843 1148 1898 neque
1175 1836 1356 1885 tamen
1388 1832 1609 1887 easdem
1650 1835 2021 1904 apparitiones

428 1917 835 1986 exposuissent,
853 1921 1051 1975 merito
1076 1920 1311 1977 fortasse
1336 1925 1536 1994 aliquis
1553 1941 1843 1981 censuram
1863 1942 2023 1983 exer-

428 2017 597 2062 ceret.
651 2007 757 2061 Sed
788 2024 913 2063 cum
941 2018 1188 2081 tempora
1215 2012 1569 2071 distinxerim
1591 2058 1606 2083 ,
1641 2027 1695 2072 et
1724 2019 2022 2089 unicuique

429 2100 663 2170 tempori
684 2100 865 2154 locum
891 2105 1174 2172 pr0prium
1199 2109 1757 2172 accommodaverint.
1773 2111 2022 2181 sequitur

426 2196 491 2242 ut
544 2186 794 2246 diversas
863 2207 1084 2262 quoque
1148 2195 1527 2264 apparitiones
1591 2196 2016 2269 descripserint.

429 2279 587 2335 Sicut
611 2290 826 2347 contra,
857 2283 904 2337 si
942 2300 1105 2338 unam
1136 2286 1325 2340 cuncti
1351 2288 1750 2358 apparitionem
1783 2306 2020 2346 comme-

426 2379 758 2438 morassent,
812 2390 1096 2446 unumque
1142 2377 1418 2433 dixissent
1462 2381 1750 2450 angelum,
1786 2391 1879 2435 aut
1908 2382 2018 2438 duo

427 2460 781 2516 concorditer
810 2464 1058 2532 angelos,
1093 2466 1179 2521 vel
1207 2466 1336 2521 item
1368 2467 1510 2524 duos
1545 2471 1713 2534 viros,
1743 2479 1837 2525 aut
1855 2472 2017 2543 juve-

424 2563 552 2604 nem
602 2566 815 2615 unum;
852 2559 968 2607 tum
1007 2553 1209 2610 deinde
1251 2564 1501 2627 tempora
1536 2561 1872 2626 variassent,
1913 2579 2016 2618 nec

425 2655 598 2693 unum
650 2639 1011 2698 denotassent
1065 2646 1286 2713 locum,
1319 2648 1396 2703 ita
1444 2665 1665 2719 quoque
1713 2653 2015 2723 reprelien-

424 2732 567 2788 sioni
599 2733 756 2790 locus
798 2743 965 2792 esset.
995 2735 1153 2792 Nunc
1177 2754 1361 2795 sermo
1397 2741 1710 2812 pracipuus
1759 2752 1813 2798 et
1861 2745 2009 2799 inva-

423 2821 639 2878 riabilis
680 2832 888 2891 manet,
930 2827 1170 2884 diversis
1235 2831 1583 2901 temporibus
1629 2833 1877 2904 locisque
1918 2850 2014 2890 va-

422 2912 633 2970 riantes
684 2915 927 2972 visiones
980 2918 1208 2985 sistens,
1261 2927 1318 2976 et
1363 2921 1561 2977 harum
1611 2926 2009 2994 spectatrices,

422 3004 559 3060 item
608 3006 886 3077 diversas,
917 3010 1056 3067 duas
1113 3013 1238 3069 illas
1293 3015 1508 3085 priores
1558 3015 1809 3075 diversas
1842 3033 1873 3072 a
1920 3035 2009 3075 se-

422 3097 629 3163 cunda,
660 3100 962 3172 tertiasque
1011 3103 1272 3160 similiter
1322 3121 1354 3160 a
1402 3108 1620 3177 quartis
1670 3108 2005 3167 differentes.

419 3186 695 3245 Nimirum
748 3201 872 3262 post
916 3193 1140 3264 juvenis
1184 3211 1312 3252 cum
1353 3200 1649 3268 postremis
1683 3202 2009 3258 mulieribus

421 3280 780 3352 colloquium,
811 3300 1045 3355 quarum
1082 3290 1306 3343 nomina
1338 3306 1448 3347 non
1483 3302 1786 3363 ponuntur,
1831 3296 2009 3367 pergit

421 3368 607 3427 dicere
632 3371 852 3430 Marcus
886 3395 900 3431 :
941 3396 958 3428 ι
989 3376 1110 3443 Quo
1153 3380 1344 3436 audito
1387 3381 1666 3454 fugerunt,
1699 3396 1752 3441 et
1801 3390 2006 3444 nemini

420 3459 723 3531 quidquam
764 3464 1043 3531 dixerunt,
1082 3469 1352 3526 timebant
1405 3475 1577 3530 enim.
1613 3495 1631 3528 ι
1667 3475 1761 3531 liae
1808 3494 2008 3548 nempe

419 3552 645 3608 fuerunt
689 3555 983 3626 ejusmodi,
1017 3560 1231 3630 pavidae
1276 3578 1342 3618 ac
1388 3567 1556 3623 nimis
1614 3568 2003 3636 formidolosae,

419 3642 479 3699 in
498 3651 712 3700 tantum
747 3655 805 3701 ut
840 3663 908 3703 ne
933 3648 1124 3718 juveni
1153 3653 1375 3723 quidem
1411 3659 1781 3715 auscultarint
1801 3662 2005 3718 dicenti

417 3736 501 3793 eis
539 3755 552 3791 :
592 3756 611 3790 ι
641 3739 720 3794 lte
748 3747 804 3795 et
837 3739 1007 3798 dicite
1048 3744 1340 3816 discipulis
1375 3748 1496 3818 ejus
1526 3758 1581 3806 et
1618 3750 1782 3809 Petro
1813 3774 1827 3810 :
1861 3755 2005 3814 Ecce

418 3830 682 3900 pmcedit
710 3847 808 3888 vos
839 3834 895 3887 in
927 3833 1226 3893 Galilaeam.
1262 3859 1281 3891 ι
1325 3839 1422 3897 His
1467 3843 1612 3897 enim
1645 3845 1848 3902 auditis
1888 3864 2006 3905 ser-

418 3918 700 3985 monibus,
750 3925 1090 3978 contrarium
1120 3926 1395 3985 fecerunt.
1444 3930 1515 3984 At
1560 3932 1665 3988 illae
1703 3937 1848 4007 apud
1887 3937 2000 3993 Lu-

417 4023 565 4075 cam,
594 4010 663 4068 de
704 4025 1066 4071 monumento
1111 4033 1377 4087 reversae,
1436 4025 1833 4082 nuntiaverunt
1884 4029 2002 4087 bazc

417 4104 605 4158 omnia
642 4106 918 4165 un‘decim.
956 4108 1222 4168 Similiter
1244 4123 1299 4169 et
1329 4118 1472 4186 apud
1500 4117 1770 4175 Joannem
1804 4125 2001 4180 mulier

416 4196 566 4251 venit
612 4198 680 4252 ad
717 4199 1042 4271 discipulos,
1098 4220 1284 4260 rerum
1320 4224 1456 4278 quas
1510 4210 1724 4266 viderat
1778 4215 1995 4271 nuntia.

419 4284 562 4343 Solae
589 4288 696 4345 illae
736 4292 881 4362 apud
928 4293 1174 4350 Marcum
1204 4306 1493 4368 postremae
1523 4307 1994 4374 supervenientes,

416 4393 657 4450 vereque
691 4384 967 4454 serotinae,
1012 4386 1086 4440 ita
1117 4397 1177 4441 ut
1206 4402 1334 4459 post
1362 4400 1544 4447 ortum
1572 4393 1703 4450 illuc
1735 4413 1998 4468 pervene-

416 4469 532 4525 rint
564 4511 579 4538 ,
613 4488 791 4542 neque
820 4473 1167 4533 Servatorem
1196 4481 1384 4539 videre
1418 4484 1595 4557 dignae
1624 4486 1868 4555 fuerunt,
1898 4508 1997 4548 ne-

414 4575 525 4630 que
568 4577 741 4617 unum
780 4564 1083 4637 fulgentem
1122 4572 1397 4641 angelum,
1444 4591 1623 4647 neque
1665 4577 1803 4636 duos
1851 4582 1999 4636 intra

413 4665 857 4724 monumentum,
900 4676 1079 4732 neque
1122 4663 1247 4721 illos
1280 4683 1419 4737 quos
1458 4669 1607 4727 viros
1627 4671 1759 4729 dicit
1782 4673 1994 4734 Lucas:

412 4746 707 4815 quemdam
757 4755 1143 4809 tantummodo
1183 4756 1441 4826 juvenem
1484 4775 1818 4834 aspexerunt
1862 4785 1996 4824 can-

412 4836 542 4891 dida
570 4840 714 4894 stola
745 4856 1068 4915 c00pertum
1097 4889 1112 4913 ,
1141 4864 1446 4921 congruam
1497 4855 1708 4926 exigua:
1750 4858 1994 4928 ipsarum

409 4931 584 4985 menti
609 4932 879 4990 visionem
911 4947 1222 4996 consecutae
1254 4959 1269 4997 :
1308 4952 1364 4998 et
1410 4943 1559 5000 hunc
1584 4948 1827 5004 albatum
1866 4951 1992 5008 festi

409 5036 580 5078 causa
610 5033 927 5095 spectantes
949 5070 965 5096 ,
1000 5037 1185 5088 tamen
1221 5033 1507 5093 admiratae
1540 5050 1704 5111 sunt;
1728 5043 1810 5098 sic
1845 5045 1992 5100 enim

408 5113 477 5170 de
532 5114 620 5173 his
669 5116 888 5177 Marcus
940 5129 1218 5194 testatur;
1248 5143 1564 5200 quanquam
1608 5133 1666 5188 in
1709 5135 1991 5205 prioribus

404 5206 558 5260 nulla
588 5211 833 5280 stuporis
867 5217 1072 5271 mentio
1105 5225 1209 5273 est.
1245 5219 1360 5292 Age
1402 5239 1554 5290 vero,
1610 5223 1989 5297 Magdalenam

405 5306 729 5357 constanter
753 5304 808 5358 in
832 5304 955 5362 loco
984 5320 1452 5380 perseverantem,
1482 5315 1746 5373 credibile
1771 5328 1856 5375 est
1881 5337 1989 5376 non

405 5389 619 5459 priores
652 5401 870 5451 tantum
904 5402 1276 5471 apparitiones
1301 5405 1510 5463 vidisse
1547 5410 1869 5480 angelorum
1892 5413 1987 5483 qui

406 5480 514 5537 sibi
558 5484 653 5538 uni
682 5499 1064 5558 occurrerant,
1098 5495 1196 5550 sed
1238 5503 1293 5551 et
1342 5498 1496 5554 illum
1547 5501 1693 5571 apud
1739 5480 1987 5559 Marcum

405 5574 637 5647 reliquis
683 5580 1012 5641 mulieribus
1063 5598 1422 5658 conspectum
1486 5593 1767 5664 juvenem.
1832 5597 1984 5653 Idem

404 5667 561 5726 dicas
614 5670 745 5727 licet
785 5676 952 5732 etiam
997 5678 1066 5735 de
1112 5679 1346 5737 historia
1402 5685 1548 5756 apud
1607 5685 1832 5759 Lucam,
1889 5693 1984 5763 qui

406 5767 531 5831 post
561 5763 858 5834 multarum
903 5770 1194 5832 mulierum
1246 5775 1563 5850 adventum,
1596 5789 1653 5840 et
1676 5792 1800 5856 post
1846 5784 1984 5844 duo—

2128 540 2185 591 αί
2235 538 2527 611 θεώμεναι,
2557 540 2833 614 διάφοροιο
2860 544 2954 595 καὶ
3002 542 3053 594 οί
3080 542 3189 596 τῶν
3221 541 3501 613 ὀφθέντων
3536 545 3711 611 αὐτοῖς

2127 631 2295 700 λόγοι,
2322 632 2747 696 διαλλάττοντες.
2793 633 3017 706 Πρῶτος
3048 634 3146 706 μὲν
3177 633 3288 708 γὰρ
3332 630 3403 706 ἦν
3453 637 3647 708 καιρὸς
3685 640 3711 690 6

2128 724 2279 796 παρά
2313 726 2392 796 τῷ
2422 725 2687 797 Ματθαίῳ
2716 726 2813 796 ὀψὲ
2843 727 3137 781 Σαϐϐάτων
3168 728 3462 800 λεγόμενος
3481 747 3497 760 ”
3526 731 3713 802 τέταρ-

2098 833 2219 879 ιτος
2245 815 2302 868 δὲ
2332 817 2426 870 καὶ
2449 815 2760 880 τελευταῖος
2790 818 2819 868 ὁ
2846 817 3000 889 παρά
3027 818 3104 887 τῷ
3141 820 3355 891 Μάρκῳ
3398 816 3554 891 ἡλίου
3587 822 3714 875 ἀνα-

2127 908 2402 972 τείλαντος
2430 909 2734 981 ίστορηθείς
2752 928 2764 941 ο
2802 906 2956 981 μέσοι
2989 910 3045 964 δὲ
3073 912 3102 964 ὅ
3121 928 3180 963 τε
3203 911 3355 983 παρὰ
3376 906 3456 983 τῷ
3494 913 3713 986 Ἰωάννῃ

2128 1002 2223 1055 καὶ
2252 1004 2280 1056 6
2301 1002 2451 1075 παρά
2470 1004 2547 1074 τῷ
2576 1004 2761 1075 Λουκᾷ
2779 1022 2793 1037 ο
2822 1004 2902 1057 διὸ
2936 1005 3028 1058 καὶ
3053 1006 3103 1057 οἰ
3124 1004 3382 1073 ὀφθέντες
3422 1007 3567 1060 κατά
3596 1024 3715 1060 και-

2130 1096 2221 1168 ρὸν
2250 1095 2560 1160 ἰδιάζοντες.
2605 1095 2732 1166 Ὀψὲ
2763 1088 2862 1168 μὲν
2891 1096 2999 1166 γὰρ
3031 1097 3325 1151 Σαϐϐάτων
3356 1097 3590 1167 ἄγγελος
3639 1094 3719 1163 εἷς

2126 1187 2192 1239 ὲκ
2218 1185 2312 1239 τοῦ
2346 1189 2656 1259 μνήματος
2688 1187 2807 1260 μεθ’
2833 1190 2892 1243 ὃν
2926 1190 3021 1242 καὶ
3050 1190 3212 1253 αὐτὸς
3237 1193 3265 1243 6
3307 1189 3499 1262 Σωτήρ
3519 1210 3532 1221 ·
3572 1191 3719 1262 πρωϊ

2126 1278 2182 1331 δὲ
2206 1278 2285 1332 ἔτι
2313 1281 2532 1344 σκοτίας
2559 1279 2746 1353 οὔσης,
2777 1284 2908 1336 εἵσω
2933 1282 3026 1336 τοῦ
3054 1285 3335 1354 μνήματος
3357 1283 3581 1351 ἄγγελοι
3602 1284 3716 1337 δύο·

2130 1371 2249 1443 μεθ’
2266 1371 2361 1437 οὒς
2393 1372 2551 1426 πάλιν
2580 1375 2609 1426 6
2629 1374 2793 1439 αὐτὸς
2809 1376 3019 1447 Σωτήρ.
3043 1375 3178 1448 Ὄρθ
3190 1392 3281 1446 pou
3304 1367 3359 1429 δὲ
3385 1376 3579 1447 βαθέος
3602 1377 3717 1431 ἓτε-

2130 1480 2212 1533 ροι
2246 1464 2389 1518 κατά
2415 1466 2507 1519 τὸν
2552 1467 2768 1520 Λουκᾶν
2806 1467 2899 1520 δύο
2932 1468 3125 1539 ἄνδρες
3174 1466 3559 1539 ὠνομασμένοι
3617 1471 3716 1523 οὐκ

2125 1555 2257 1611 εἴσω
2282 1556 2378 1609 τοῦ
2416 1559 2698 1630 μνήματος
2722 1558 2998 1627 ὀφθέντες.
3034 1555 3148 1612 Εἶθ’
3198 1558 3428 1631 ὕστερον
3460 1562 3714 1617 ἁπάντων

2125 1649 2155 1700 6
2181 1647 2465 1711 νεανίσκος
2488 1686 2503 1711 ,
2541 1649 2569 1700 6
2605 1644 2724 1709 ταῖς
2748 1646 2903 1718 ἡλίου
2930 1647 3307 1711 ἀνατείλαντος
3354 1648 3715 1718 άφικομέναις

2124 1739 2472 1809 τεθεαμένος.
2535 1740 2600 1793 Εἰ
2668 1740 2770 1811 μὲν
2814 1738 2907 1795 οὖν
2965 1741 3063 1794 ἕνα
3121 1737 3314 1813 καιρὸν
3359 1740 3715 1812 εἰρηκότεςοί

2052 1822 2096 1877 Β
2126 1831 2327 1897 πάντες
2386 1833 2479 1886 καὶ
2526 1830 2619 1886 τὸν
2685 1833 2849 1887 αὐτὸν
2896 1833 3313 1905 ἀναγράψαντες
3384 1833 3558 1888 τόπον
3581 1876 3596 1899 ,
3655 1836 3716 1889 οὐ

2122 1923 2224 1988 τὰς
2286 1924 2459 1989 αὐτὰς
2516 1926 2841 1995 ἐπιφανείας
2883 1926 3144 1999 ἐδήλουν,
3193 1926 3299 1981 κᾶν
3358 1922 3600 1998 εὐλόγως
3653 1928 3717 1983 ἂν

2121 2032 2206 2078 τις
2249 2015 2558 2087 ἐμέμψατο.
2598 2017 2662 2070 El
2694 2017 2740 2070 δ’
2774 2017 3059 2090 ἀφώρισαν
3102 2019 3231 2082 τοὺς
3264 2016 3531 2091 χρόνους,
3582 2019 3718 2073 ἔνει-

2126 2105 2234 2176 μάν
2301 2124 2363 2161 τε
2437 2106 2559 2161 καθ’
2622 2106 2853 2163 ἕκαστον
2914 2110 3109 2181 χρόνον
3169 2112 3265 2164 καὶ
3344 2112 3512 2165 τόπον
3585 2112 3718 2167 ἰδιά-

2122 2197 2319 2263 ζοντα,
2355 2199 2667 2264 ἀκολούθως
2717 2199 2776 2254 δὲ
2821 2198 3111 2273 διαφόρους
3162 2204 3257 2257 καὶ⁸
3308 2207 3409 2268 τάς
3447 2205 3723 2269 ὀπτασίας

2118 2290 2456 2363 ἀνέγραψαν.
2503 2293 2590 2357 Ὠς
2622 2293 2782 2366 εἴπερ
2811 2290 2950 2367 ἦσαν
2985 2297 3115 2366 μιᾶς
3148 2295 3247 2367 μὲν
3283 2291 3333 2349 οί
3356 2298 3565 2363 πάντες
3599 2293 3727 2353 ἑπι-

2120 2385 2348 2452 φανείας
2395 2383 2891 2457 μνημονεύσαντες,
2926 2389 3020 2442 καὶ
3072 2390 3168 2442 ἕνα
3230 2384 3433 2458 φάντες
3484 2393 3727 2462 ἄγγελον

2118 2470 2362 2548 ὦφθαιῆ
2402 2478 2495 2532 δύο
2542 2480 2848 2550 συμφώνως
2890 2482 3161 2551 ἀγγέλους
3208 2484 3532 2555 εἰρηκότες,
3579 2486 3615 2557 ἦ
3651 2483 3722 2542 αὖ

2118 2568 2282 2621 πάλιν
2311 2569 2405 2623 δύο
2432 2570 2688 2643 ἄνδραςῆ
2720 2573 3001 2627 νεανίσκον
3030 2574 3126 2627 ἕνα
3144 2591 3159 2605 ο
3188 2570 3307 2628 εἶτα
3328 2578 3459 2639 τοὺς
3489 2579 3725 2649 καιροὺς

2115 2661 2464 2734 διήλλαττον,
2504 2663 2536 2735 ἢ
2584 2665 2657 2736 μὴ
2690 2667 2820 2729 τοὺς
2868 2667 3066 2731 αὐτοὺς
3103 2666 3324 2736 ἐδήλουν
3374 2670 3622 2734 τόπους,
3652 2666 3723 2741 ἦν

2115 2751 2182 2805 ἂν
2213 2752 2307 2805 καὶ
2349 2752 2491 2806 οὕτω
2549 2754 2888 2824 μέμψασθαι.
2939 2754 3054 2807 Νῦν
3088 2754 3132 2808 δ’
3182 2758 3211 2809 ὁ
3261 2750 3424 2824 λόγος
3475 2757 3722 2829 ἀκριϐὴς

2119 2844 2268 2913 μένει
2324 2845 2417 2897 καὶ
2475 2844 2797 2916 ἀδιάϐλητος
2857 2844 2951 2898 ἐπὶ
3014 2849 3225 2918 καιροῖς
3274 2848 3563 2920 διαφόροις
3623 2853 3724 2903 καὶ

2113 2935 2301 3000 τόποις
2328 2936 2754 3000 ὲναλλαττούσας
2783 2937 2881 3001 τὰς
2908 2939 3175 3003 ὀπτασίας
3198 2941 3459 3008 εἰσάγων,
3488 2940 3592 2996 καὶ
3620 2941 3721 3005 es;

2112 3028 2317 3082 τούτων
2352 3028 2591 3101 θεωροὺς
2639 3031 2801 3084 πάλιν
2829 3031 3155 3103 διαφόρους,
3206 3033 3399 3105 ἑτέρας
3463 3035 3569 3105 μὲν
3620 3036 3723 3098 τὰς

2112 3118 2207 3172 δύο
2242 3120 2486 3191 πρώτας,
2530 3122 2681 3193 παρά
2709 3123 2809 3195 τὴν
2837 3122 3128 3195 δευτέραν·
3170 3125 3265 3178 καὶ
3297 3124 3398 3190 τὰς
3428 3126 3631 3198 τρίτας
3661 3127 3717 3180 δὲ

2117 3211 2378 3276 ὡσαύτως
2405 3214 2601 3286 ἑτέρας
2628 3214 2737 3266 τῶν
2774 3216 3070 3288 τετάρτων.
3123 3217 3333 3272 Αὐτίκα
3356 3217 3400 3271 δ’
3434 3215 3532 3273 οὖν
3576 3223 3717 3292 μετὰ

2116 3304 2217 3377 τὴν
2236 3304 2329 3358 τοῦ
2348 3305 2630 3359 νεανίσκου
2663 3306 2802 3378 πρὸς
2828 3306 2927 3372 τὰς
2951 3308 3269 3373 τελευταίας
3287 3311 3562 3379 γυναῖκας
3596 3316 3719 3385 ὀμι-

2114 3396 2257 3460 λίαν,
2278 3391 2354 3452 ὧν
2374 3398 2442 3452 τά
2469 3399 2708 3470 ὀνόματα
2738 3400 2838 3453 οὐκ
2856 3397 3211 3473 ὲμφέρονται,
3231 3402 3474 3472 ἐπιλέγει
3490 3407 3520 3457 ὀ
3553 3402 3721 3476 Μάρ-

2114 3503 2232 3552 κος’
2262 3507 2280 3538 ‹
2305 3488 2417 3542 Καὶ
2451 3489 2752 3543 ἀκούσασαι
2786 3491 3006 3560 ἔφυγον,
3044 3494 3139 3546 καὶ
3154 3494 3329 3546 οὐδενὶ
3357 3495 3511 3549 οὐδὲν
3532 3489 3718 3562 εἶπον,

2113 3580 2409 3650 ἐφοϐοῦντο
2444 3581 2583 3653 γάρ·
2619 3602 2637 3634 ιι
2674 3579 2834 3637 αὗται
2856 3582 2954 3654 μὲν
2970 3580 3062 3638 οὖν
3077 3586 3325 3640 τοιαῦται
3341 3589 3438 3641 καὶ
3452 3589 3718 3660 ἔμφοϐοι,
3744 3654 3749 3657 _

2113 3673 2210 3727 καὶ
2241 3671 2362 3726 λίαν
2382 3673 2573 3741 δειλαὶ,
2589 3673 2664 3739 ὡς
2684 3676 2819 3746 μηδὲ
2844 3677 3134 3749 πεισθῆναι
3152 3678 3231 3750 τῷ
3249 3682 3523 3754 νεανίσκῳ
3544 3684 3715 3753 φάντι

2113 3762 2250 3834 πρὸς
2285 3762 2486 3826 αὐτάς·
2533 3783 2553 3815 ‹
2592 3764 2860 3834 Ὑπάγετε
2909 3760 3004 3820 καὶ
3048 3767 3243 3822 εἴπατε
3280 3768 3397 3834 τοῖς
3430 3772 3713 3844 μαθηταῖς

2109 3854 2274 3909 αύτοῦ
2309 3855 2403 3908 καὶ
2446 3853 2525 3927 τῷ
2580 3855 2806 3927 Πέτρῳ,
2846 3857 2975 3910 Ἰδοὺ
3019 3858 3253 3932 προάγει
3286 3861 3431 3930 ὑμᾶς
3483 3865 3568 3925 εἰς
3613 3864 3717 3936 τὴν

2108 3942 2432 3998 Γαλιλαίαν’
2480 3965 2499 3996 ι
2546 3944 2752 3998 τούτων
2801 3946 2911 4019 γὰρ
2965 3948 3271 4003 ἀκούσασαι
3332 3951 3445 4005 τῶν
3502 3951 3708 4022 λόγων,

2107 4035 2418 4091 τούναντίον
2450 4037 2811 4110 διεπράξαντο
2835 4057 2848 4070 ·
2885 4042 2941 4093 αί
2968 4039 3026 4094 δὲ
3057 4041 3211 4112 παρά
3238 4042 3317 4112 τῷ
3339 4044 3530 4118 Λουκᾷ
3568 4049 3711 4101 ἀπο-

2110 4128 2411 4201 στρέψασαι
2475 4130 2583 4183 ἀπὸ
2639 4130 2735 4184 τοῦ
2791 4134 3073 4204 μνήματος
3126 4136 3476 4209 ἀπήγγειλαν
3528 4140 3709 4195 ταῦτα

2105 4223 2283 4276 πάντα
2304 4225 2416 4286 τοῖς
2444 4223 2658 4278 ἕνδεκα.
2686 4222 2917 4296 Ὁμοίως
2940 4225 2998 4279 δὲ
3021 4228 3114 4282 καὶ
3139 4230 3173 4300 ἡ
3196 4230 3350 4302 παρά
3371 4230 3450 4302 τῷ
3480 4233 3704 4310 Ἰωάννῃ

2104 4315 2324 4387 ἔρχεται
2358 4316 2494 4388 πρὸς
2519 4316 2646 4380 τοὺς
2679 4317 2927 4389 μαθητὰς
2949 4320 3371 4389 ἀπαγγέλλουσα
3396 4322 3433 4378 ἀ
3458 4323 3701 4398 ἑώρακε.

2103 4408 2278 4462 Μόναι
2312 4407 2368 4461 δὲ
2400 4410 2457 4462 ai
2495 4409 2645 4481 παρὰ
2671 4409 2749 4481 τῷ
2778 4411 2994 4484 Μάρκῳ
3028 4413 3219 4467 πασῶν
3251 4412 3481 4471 ὕσταται
3512 4418 3703 4473 ἐλθοῦ-

2027 4538 2077 4599 D
2105 4511 2216 4560 σαι,
2255 4496 2350 4548 καὶ
2378 4496 2593 4567 ἀληθῶς
2620 4496 2948 4568 ὀψισθεῖσαι,
2976 4501 3052 4565 ὡς
3077 4499 3218 4574 μετά
3249 4505 3519 4578 ἀνατολὴν
3544 4510 3699 4581 ἡλίου

2104 4589 2412 4659 ἐπιστῆναι,
2434 4589 2558 4643 οὔτε
2587 4592 2678 4645 τὸν
2708 4593 2937 4666 Σωτῆρα
2960 4594 3259 4651 θεάσασθαι
3284 4601 3698 4669 καταξιοῦνται,

2102 4677 2226 4732 οὔτε
2248 4679 2341 4732 τὸν
2374 4681 2604 4750 ἄγγελον
2636 4681 2727 4736 τὸν
2759 4682 3224 4757 ἐξαστράπτοντα,
3259 4688 3385 4744 οὔτε
3430 4696 3561 4759 τοὺς
3606 4696 3700 4750 δύο

2099 4770 2226 4834 τοὺς
2253 4771 2384 4826 εἴσω
2433 4770 2529 4827 τοῦ
2564 4775 2865 4847 μνήματος,
2916 4777 3041 4831 οὔτε
3072 4780 3198 4844 τοὺς
3236 4779 3330 4835 δύο
3376 4785 3508 4849 τοὺς
3542 4787 3698 4858 παρὰ

2097 4863 2177 4934 τῷ
2220 4864 2404 4936 Λουκᾷ
2452 4866 2688 4938 ἄνδρας*
2731 4868 2887 4939 ψιλὸν
2936 4868 2993 4923 δέ
3044 4888 3168 4925 τινα
3219 4874 3507 4931 νεανίσκον
3552 4875 3696 4933 εἶδον

2098 4956 2559 5029 περιϐεϐλημένον
2614 4961 2804 5034 στολὴν
2858 4964 3091 5037 λευκὴν,
3133 4965 3417 5037 ἀναλόγως
3462 4971 3531 5043 τῇ
3592 4972 3695 5043 τῆς

2093 5047 2332 5113 διανοίας
2380 5051 2563 5106 αὐτῶν
2617 5056 2943 5130 σμικρότητι
2996 5059 3096 5131 τὴν
3140 5060 3408 5117 ὀπτασίαν
3441 5062 3688 5118 ἰδοῦσαι·

2095 5139 2189 5192 καὶ
2216 5140 2407 5196 τοῦτον
2437 5142 2493 5196 δὲ
2540 5141 2862 5218 λευχείμονα
2894 5150 2995 5221 τῆς
3047 5149 3244 5223 ἑορτῆς
3274 5152 3435 5223 χάριν
3483 5153 3690 5209 θεασάο

2096 5248 2278 5301 μεναι,
2310 5234 2460 5305 ὅμως
2493 5236 2945 5312 ἐθαυμάσθησαν·
2974 5241 3134 5296 τοῦτο
3165 5242 3274 5317 γὰρ
3298 5245 3688 5320 ἐμαρτύρησεν

2092 5323 2283 5388 αὑταῖς
2310 5327 2340 5378 6
2382 5328 2639 5400 Μάρκος·
2695 5331 2939 5402 καίτοιγε
2980 5335 3073 5388 ἐπὶ
3105 5335 3216 5389 τῶν
3254 5338 3539 5410 προτέρων
3575 5358 3687 5413 μη-

2089 5413 2263 5485 δαμοῦ
2291 5417 2385 5470 τοῦ
2429 5418 2672 5490 θάμϐους
2718 5421 3132 5495 ώνομασμένου.
3159 5425 3272 5499 Τὴν
3314 5428 3685 5502 Μαγδαληνὴν

2089 5506 2147 5561 δὲ
2178 5509 2544 5580 σχολάζουσαν
2566 5514 2662 5568 καὶ
2690 5516 3228 5589 προσκαρτεροῦσαν,
3252 5519 3403 5583 είκὸς
3431 5521 3493 5574 οὐ
3523 5523 3686 5593 μόνον

2087 5600 2188 5666 τὰς
2221 5601 2445 5673 πρώτας
2481 5603 2634 5675 ὀψεις
2671 5607 2960 5662 τεθεᾶσθαι
2991 5609 3101 5663 τῶν
3147 5611 3288 5685 αὐτῇ
3324 5614 3460 5686 μόνῃ
3489 5615 3684 5685 ὀφθέν-

2086 5712 2196 5750 των
2214 5735 2230 5761 ,
2275 5695 2413 5750 ἀλλά
2443 5697 2537 5751 καὶ
2582 5699 2678 5755 τὸν
2730 5701 2880 5772 παρά
2925 5702 3004 5774 τῷ
3031 5703 3246 5775 Μάρκῳ
3294 5708 3419 5771 ταῖς
3466 5706 3681 5773 λοιπαῖς

2087 5788 2335 5859 γυναιξὶν
2374 5792 2688 5865 ἑωραμένον
2720 5794 3019 5853 νεανίσκον.
3051 5796 3260 5854 Ταύτδν
3303 5798 3350 5853 δ’
3389 5799 3458 5856 ἂν
3508 5803 3682 5867 εἴποις
