3846 6220
146 318 265 374 997

1034 293 1541 371 sup-ﬁmum“
1577 271 2083 380 ρυΑῐΞΤίΟΝυΜ
2120 307 2214 366 AD
2248 314 2592 373 MARINUM.

3328 310 3436 373 998

147 436 256 491 καὶ
289 433 381 486 ὲπί
407 434 508 497 τῆς
540 430 685 484 κατά
722 431 813 485 τὸν
840 432 1057 486 Λουκᾶν
1092 432 1353 505 ἱστορίας,
1380 431 1438 495 ὃς
1479 429 1614 501 μετά
1643 427 1735 500 τὴν

1853 430 1978 482 rum
2011 426 2253 485 virorum
2284 433 2416 501 ipsis
2444 434 2754 505 oblatorum
2803 430 3071 487 visionem
3092 470 3108 498 ,
3140 430 3318 502 pergit
3340 430 3426 487 di-

147 525 341 594 ᾶφιξιν
368 524 477 578 τῶν
505 522 716 577 πολλῶν
749 522 1044 592 γυναικῶν,
1068 524 1164 577 καὶ
1195 525 1331 594 μετὰ
1356 523 1453 594 τὴν
1481 523 1608 577 θέαν
1633 522 1735 576 τῶν

1847 531 1993 585 cere,
2024 520 2171 591 quod
2217 537 2481 593 regressae
2533 524 2602 579 de
2649 531 3026 586 monumento,
3076 522 3191 577 haec
3238 524 3425 580 omnia

146 616 322 685 ὀφθέν
336 630 433 667 ;ων
462 613 654 675 αὐταῖς
700 611 794 665 δύο
822 612 1030 683 ἀνδρῶν
1056 611 1320 683 διηγεῖται
1354 611 1548 680 λέγων·
1580 630 1598 662 ι
1632 611 1735 664 Καὶ

1844 613 2286 668 renuntiaverint
2333 614 2624 685 discipulis
2678 615 2953 670 undecim.
2984 612 3116 669 Post
3141 630 3263 685 quae
3296 615 3372 669 ait
3406 633 3419 669 :

148 705 575 776 ἀποστρέψας-αι
619 704 728 758 ἀπὸ
763 704 857 757 τοῦ
900 704 1166 775 μνημείου
1200 704 1541 773 ἀπήγγειλαν
1572 704 1735 758 ταῦτα

1848 720 1869 754 ‹
1912 703 2083 758 Erant
2155 714 2338 760 autem
2420 706 2592 760 Maria
2646 705 2983 777 Magdalene,
3020 725 3039 757 ι
3077 714 3134 761 et
3188 706 3419 775 reliqua.

148 798 337 852 πάντα
358 799 468 859 τοῖς
497 795 705 848 ἓνδεκα’
729 815 746 847 ι
770 792 852 859 οἷς
879 791 1371 867 ὲπιφέρειμἯσαν
1396 796 1742 867 δὲήΜαγδα-

144 891 292 961 λῃνὴ
319 889 527 960 Μαρία,
554 907 572 940 ι
601 889 695 942 καὶ
722 888 790 942 τά
813 889 959 959 έξῆς.
992 890 1105 941 Οὐκ
1133 889 1362 951 ἀπεικὸς
1392 890 1487 960 μὲν
1512 888 1619 960 γὰρ
1648 885 1738 960 ἦν,

146 975 251 1028 καὶ
278 974 373 1028 νῦν
405 976 566 1031 πάλιν
589 976 687 1046 τὴν
715 978 1082 1049 Μαγδαληνὴν
1111 978 1277 1032 πάλαι
1321 980 1739 1050 προαφιγμένην

145 1065 252 1120 καὶ
288 1068 705 1138 παραμείνασαν
735 1069 968 1132 εὐτόνως
1003 1070 1152 1140 παρά
1188 1070 1267 1141 τῷ
1302 1073 1546 1141 μνήματι
1573 1070 1740 1142 εὑρῆ-

149 1156 283 1210 σθαι
306 1197 321 1221 ,
375 1158 465 1210 ὅτε
516 1157 707 1211 πολλαὶ
755 1159 863 1213 ἀπὸ
911 1162 1010 1231 τῆς
1053 1161 1340 1225 Γαλιλαίας
1389 1161 1737 1216 συνελθοῦσαι

146 1253 415 1317 γυναῖκες
458 1252 712 1321 ἀπήντων
745 1254 838 1305 ἐπὶ
865 1251 956 1305 τὸν
984 1248 1155 1322 τάφον
1194 1254 1453 1325 φέρουσαι
1488 1253 1558 1306 τὰ
1592 1252 1736 1325 ἀρώ-

148 1355 326 1408 ματα,
365 1339 505 1393 ὥστε
545 1343 639 1395 καὶ
684 1342 850 1409 αὐτὴν
887 1343 1004 1414 ἃμα
1052 1347 1174 1408 ταῖς
1213 1346 1426 1409 λοιπαῖς
1475 1347 1602 1410 τοὺς
1644 1347 1737 1399 δύο

144 1428 354 1500 ἄνδρας
386 1430 692 1494 τεθεᾶσθαι,
725 1433 818 1487 καὶ
845 1434 952 1486 τῶν
977 1432 1153 1501 λόγων
1185 1432 1364 1486 αὐτῶν
1402 1434 1730 1504 ἀκηκοέναιο

143 1518 273 1575 εἶτα
305 1524 401 1576 σὺν
431 1526 551 1587 ταῖς
573 1525 795 1589 πολλαῖς
818 1523 1131 1580 ἐπανελθεῖν
1165 1528 1261 1581 καὶ
1293 1527 1599 1597 διηγεῖσθαι
1622 1529 1735 1591 τοῖς

142 1615 366 1670 ἕνδεκα.
391 1618 621 1671 Δύναται
646 1619 702 1672 δὲ
735 1621 830 1674 καὶ
858 1620 1031 1684 ἄλλως
1055 1622 1083 1673 ὁ
1106 1620 1284 1691 λόγος,
1317 1622 1385 1675 τὰ
1418 1622 1516 1691 μὲν
1541 1620 1734 1692 πρῶτα

138 1713 272 1773 ταῖς
319 1711 429 1764 ἀπὸ
461 1713 560 1782 τῆς
596 1712 886 1777 Γαλιλαίας
931 1714 1179 1782 γυναιξὶν
1215 1716 1506 1784 ἀπονεῖμαι
1530 1755 1546 1779 ,
1587 1714 1734 1783 λέγω

138 1802 211 1874 δὴ
237 1804 341 1873 τὴν
377 1806 458 1867 εἰς
485 1805 545 1858 τὸ
584 1805 773 1877 μνῆμα
804 1806 1008 1875 ἄφιξιν,
1037 1808 1131 1860 καὶ
1157 1807 1253 1878 τὴν
1284 1807 1393 1860 τῶν
1427 1807 1733 1879 ἀρωμάτων

139 1896 399 1967 κομιδὴν,
433 1898 534 1969 τήν
576 1915 635 1951 τε
677 1899 977 1969 γενομένην
1021 1901 1212 1964 αὐταῖς
1239 1900 1346 1953 τῶν
1386 1900 1478 1953 δύο
1523 1899 1734 1972 ἀνδρῶν

139 1986 491 2056 ἐπιφάνειαν,
514 1989 609 2042 καὶ
635 1991 760 2053 τοὺς
785 1990 987 2044 τούτων
1018 1992 1154 2063 πρὸς
1186 1991 1357 2055 αὐτὰς
1386 1991 1577 2060 λόγους
1597 2009 1610 2021 ο
1635 1990 1734 2062 τὴν

144 2078 250 2147 μὲν
303 2074 399 2132 οὖν
437 2080 776 2149 ἀπαγγελίαν
819 2081 916 2153 τὴν
947 2082 1085 2154 πρὸς
1135 2082 1261 2141 τοὺς
1303 2082 1494 2135 ἕνδεκα
1537 2082 1732 2152 μηκέτι

137 2172 283 2241 παρ’
314 2171 495 2224 αὐτῶν
530 2172 688 2243 μόνον
719 2173 1070 2244 γεγενῆσθαι,
1106 2173 1221 2226 ἀλλ’
1255 2172 1391 2244 ὁμοῦ
1426 2173 1578 2243 παρὰ
1622 2190 1732 2225 πα·-

138 2261 279 2329 σῶν,
307 2263 547 2335 ἑκάστης
590 2264 626 2318 ἃ
670 2265 893 2319 τεθέατο
936 2265 1304 2337 διηγημένης“
1346 2267 1404 2318 ὲν
1451 2260 1537 2329 αἷς
1571 2265 1730 2319 πάλιν

132 2353 241 2425 τὴν
282 2354 652 2427 Μαγδαληνὴν
683 2352 820 2409 εἶναι
858 2355 996 2427 μετά
1026 2356 1139 2409 τῶν
1180 2356 1382 2410 λοιπῶν
1435 2357 1530 2410 καὶ
1562 2357 1730 2429 αὐτὴν

133 2449 257 2510 τοῖς
307 2448 576 2520 μαθηταῖς
619 2450 1071 2518 ἀπαγγέλλουσαν
1111 2449 1183 2504 τά
1234 2449 1380 2514 ἰδίως
1411 2451 1546 2522 μόνῃ
1586 2453 1726 2524 αὐτῇ

135 2539 456 2611 ἑωραμένα.

889 2682 972 2732 H'.

211 2788 326 2859 (67)
370 2789 510 2858 Ἐγὼ
540 2789 599 2843 δὲ
650 2790 872 2843 κάκεῖνο
912 2787 1088 2859 ζητῶ,
1135 2788 1253 2853 πῶς
1300 2788 1452 2862 παρά
1499 2790 1596 2860 μὲν
1645 2789 1724 2862 τῷ

131 2882 356 2954 Μάρκῳ
396 2883 633 2954 εἴρηται,
664 2883 739 2947 ὼς
768 2883 876 2956 ἄρα
907 2883 1286 2955 διαγενομένου
1319 2882 1411 2935 τοῦ
1442 2882 1720 2938 Σαϐϐάτω

128 2975 439 3045 ἡτοίμασαν
474 2975 779 3047 ἀρώματα,
828 2977 977 3048 παρά
1027 2977 1083 3030 δὲ
1111 2976 1189 3046 τῷ
1234 2978 1416 3049 Λουκᾷ
1466 2979 1573 3048 πρὸ
1623 2976 1718 3031 τοῦ

127 3066 417 3120 Σαϐϐάτω
448 3067 593 3120 τοῦτ’
624 3068 866 3141 ἔπραξαν
898 3071 956 3122 ἐν
988 3070 1126 3141 αὐτῇ
1158 3072 1224 3140 τῇ
1256 3070 1608 3141 Παρασκευῇ.

1843 793 2056 866 Quippe
2087 796 2233 852 haud
2259 805 2343 852 est
2381 798 2763 863 inverisimile,
2798 813 2945 852 nunc
2977 798 3175 853 iterum
3202 797 3425 868 Magda-

1842 889 2020 942 lenam
2053 890 2197 958 (quae
2245 898 2407 945 antea
2452 891 2631 961 prima
2678 889 2852 945 iverat
2880 928 2896 954 ,
2947 889 3275 959 fortiterque
3310 890 3425 945 illic

1841 979 2313 1051 perseveraverat)
2345 982 2486 1050 apud
2514 990 2931 1037 monumentum
2969 982 3142 1037 fuisse
3169 997 3423 1052 comper-

1841 1079 1974 1135 tam,
2008 1086 2133 1126 cum
2166 1073 2271 1126 illae
2308 1075 2495 1141 plures
2524 1089 2589 1147 ex
2620 1072 2843 1128 Galilaea
2870 1075 3259 1128 convenientes
3306 1089 3423 1129 mu-

1839 1162 2001 1218 lieres
2031 1162 2098 1216 ad
2127 1166 2440 1232 sepulcrum
2471 1173 2739 1219 venerunt
2769 1173 3018 1220 aromata
3044 1166 3307 1232 ferentes,
3336 1167 3416 1221 ita

1841 1263 1900 1309 ut
1951 1256 2069 1324 ipsa
2115 1271 2332 1326 quoque
2374 1273 2499 1311 cum
2545 1257 2760 1311 caeteris
2812 1258 2952 1312 duos
2996 1258 3146 1313 viros
3192 1258 3414 1321 viderit,

1837 1360 2139 1417 eorumque
2159 1348 2325 1401 verba
2360 1347 2674 1413 audiverit;
2709 1356 2763 1402 et
2794 1347 2991 1403 deinde
3018 1363 3143 1402 cum
3177 1349 3285 1404 illis
3329 1365 3418 1405 re-

1836 1453 2024 1508 gressa
2076 1454 2189 1492 rem
2238 1440 2492 1495 undecim
2523 1442 2881 1495 enarraverit.
2936 1439 3324 1497 Verumtamen
3360 1450 3416 1499 et

1837 1532 1994 1585 aliter
2034 1532 2266 1603 pr0poni
2320 1526 2634 1602 explanatio
2707 1540 3154 1603 potestznempe
3203 1541 3265 1589 ut
3324 1550 3415 1590 res

1837 1624 2046 1693 priores
2075 1624 2397 1679 mulieribus
2446 1623 2686 1679 Galilaeis
2738 1625 3070 1689 tribuamus,
3115 1625 3410 1680 adventum

1836 1716 1961 1770 dico
1996 1717 2061 1770 ad
2096 1718 2432 1787 sepulcrum,
2485 1725 2539 1771 et
2586 1724 2889 1770 aromatum
2925 1716 3323 1781 advectionem,
3357 1725 3412 1771 et

1766 1834 1805 1888 Β
1834 1802 2071 1861 oblatam
2102 1808 2236 1878 ipsis
2266 1812 2500 1863 duorum
2528 1808 2772 1861 virorum
2803 1807 3093 1872 visionem,
3125 1817 3180 1862 et
3212 1808 3409 1863 borum

1837 1901 1902 1951 ad
1931 1899 2081 1969 ipsas
2113 1914 2420 1955 sermones.
2452 1898 2522 1951 At
2548 1900 2801 1953 nuntium
2828 1898 3115 1968 discipulis
3150 1899 3407 1953 undecim

1834 1986 2074 2041 delatum
2107 2003 2450 2058 nequaquam
2487 1989 2555 2044 ab
2585 1989 2671 2043 his
2699 1988 2915 2044 feminis
2935 1990 3071 2044 solis
3093 1987 3283 2055 fuisse,
3312 1991 3410 2045 sed

1833 2094 1865 2133 a
1896 2079 2112 2134 cunctis
2157 2081 2344 2144 simul,
2396 2081 2525 2134 dum
2575 2096 2916 2151 unaquaeque
2944 2096 3008 2135 ea
3039 2096 3161 2151 qua
3191 2082 3409 2137 viderat

1832 2171 2100 2240 referret;
2130 2188 2269 2242 quas
2323 2158 2487 2239 int'er,
2532 2173 2864 2229 credendum
2891 2180 2976 2229 est
3026 2173 3405 2244 Magdalenam

1832 2263 2026 2331 fuisse,
2065 2279 2190 2319 cum
2238 2266 2467 2336 reliquis
2496 2275 2552 2321 et
2585 2267 2761 2335 ipsam
2810 2266 3101 2336 discipulis
3141 2267 3405 2321 nuntian-

1830 2362 1940 2411 tem
1972 2370 2037 2410 ea
2076 2371 2197 2426 qua
2227 2357 2486 2413 solitatim
2515 2364 2569 2413 et
2589 2357 2943 2429 singulariter
2972 2356 3204 2412 viderat.

2532 2668 2671 2725 VIII.

1895 2780 2008 2853 Ego
2040 2799 2171 2839 vero
2198 2790 2253 2840 et
2277 2784 2410 2839 illud
2441 2800 2647 2855 quaero,
2679 2783 2958 2854 quomodo
2983 2782 3127 2854 apud
3159 2781 3402 2839 Marcum

1821 2872 2028 2928 dictum
2076 2875 2168 2942 sit,
2219 2875 2365 2946 quod
2404 2890 2530 2930 cum
2564 2873 3241 2938 Sabbatum'transiisset,
3272 2889 3400 2928 aro-

1821 2978 1967 3021 mata
1995 2970 2354 3038 paraverint;
2399 2968 2539 3038 apud
2587 2967 2789 3022 Lucam
2840 2983 2971 3023 vero
3018 2976 3144 3023 ante
3192 2965 3403 3023 Sabba-

1819 3065 1938 3112 tum
1973 3058 2029 3113 id
2059 3068 2245 3129 agant,
2273 3060 2393 3129 ipsa
2421 3059 2753 3114 Parasceves
2783 3058 2890 3114 die.

206 3179 322 3232 Καὶ
352 3178 511 3232 τοῦτο
534 3178 592 3231 δὲ
630 3183 745 3243 τοῖς
779 3179 1067 3250 προτέροις
1101 3180 1590 3251 συμπεπλεγμένον
1619 3177 1718 3250 ζη-

1891 3171 2017 3227 Haec
2040 3187 2257 3242 quoque
2279 3172 2659 3242 superioribus
2682 3170 2948 3241 implicita
2971 3171 3396 3243 quaestionibus.

123 3269 378 3341 τήμασι,
429 3269 529 3339 τῆς
572 3270 765 3339 ὁμοίας
803 3269 1033 3330 ἐκείνοις
1085 3269 1237 3339 τύχοι
1287 3268 1354 3322 ἂν
1387 3268 1718 3341 ἑρμηνείας⁶

126 3360 569 3414 ἀποδεικνύντων
596 3362 651 3415 δὲ
674 3361 831 3432 ἡμῶν
850 3361 923 3432 μὴ
956 3356 1091 3414 εἶναι
1116 3361 1213 3425 τὰς
1242 3361 1432 3425 αὐτὰς,
1462 3360 1575 3415 ἀλλ’
1601 3361 1721 3415 ἑτέ-

128 3468 239 3523 ρας
276 3453 374 3522 μὲν
413 3453 512 3516 τάς
542 3452 648 3524 πρὸ
683 3452 776 3506 τοῦ
821 3452 1102 3506 Σα66ἀτου
1159 3456 1217 3506 ὲν
1245 3454 1383 3525 αὐτῇ
1433 3455 1499 3524 τῇ
1537 3454 1722 3523 Παραο

127 3548 330 3615 σκευῇ,
367 3545 489 3598 καθ’
520 3546 586 3617 ἢν
612 3546 876 3599 πέπονθεν
907 3549 935 3599 ὁ
968 3545 1179 3617 Σωτὴρ,
1209 3547 1336 3617 περὶ
1366 3546 1464 3617 τὴν
1497 3546 1719 3617 κηδείαν

121 3637 541 3708 ἀσχοληθείσας,
580 3640 771 3711 ἐτέρας
796 3639 853 3692 δὲ
889 3639 988 3703 τὰς
1023 3638 1163 3710 μετά
1194 3639 1255 3692 τὸ
1284 3639 1557 3693 Σάϐϐατον
1578 3657 1589 3669 ·
1621 3657 1717 3692 σα-

123 3731 249 3801 φῶς
281 3731 390 3802 γὰρ
438 3731 642 3795 ταύτας
689 3733 902 3795 Λουκᾶς
949 3731 1342 3803 μεμαρτύρηκε
1390 3733 1512 3786 κατ’
1545 3732 1714 3803 αὐτὴν

126 3825 234 3896 τὴν
270 3825 480 3898 ἡμέραν
501 3824 594 3878 τοῦ
626 3824 831 3888 πάθους
862 3823 1033 3877 ταῦτα
1061 3826 1438 3894 πεποιηκέναι,
1462 3823 1714 3895 οὐδαμῶς

122 3920 394 3991 ὀνόματος
416 3919 690 3988 γυναικῶν
727 3917 1123 3989 μνημονεύσας,
1150 3918 1263 3971 ἀλλ’
1292 3919 1475 3982 ἁπλῶς
1524 3922 1711 3987 γυναῖ-

119 4028 232 4076 κας
259 4010 427 4065 εἰπὼν
455 4012 554 4076 τὰς
577 4011 935 4075 συνελθούσας
958 4011 1109 4081 αὑτῷ
1137 4009 1247 4063 ἀπὸ
1268 4010 1370 4079 τῆς
1390 4009 1677 4072 Γαλιλαίας
1692 4027 1705 4039 ο

115 4107 149 4157 ὁ
179 4103 240 4157 δὲ
289 4104 515 4176 Μάρκος
562 4105 822 4175 ὀνομαστὶ
868 4104 1017 4174 τρεῖς
1064 4101 1229 4173 μόνας
1271 4099 1544 4170 ἀνέγραψε
1586 4099 1707 4153 καθ’

115 4197 327 4260 ἑαυτὰς
358 4198 612 4268 πρόνοιαν
643 4195 1019 4267 πεποιημένας
1051 4193 1158 4247 τῶν
1191 4193 1518 4264 ἀρωμάτων,
1554 4193 1614 4245 οὐ
1637 4194 1703 4263 τῇ

114 4291 452 4361 Παρασκευῇ
474 4330 488 4354 ,
541 4289 677 4342 ἀλλὰ
730 4288 872 4360 μετά
902 4286 1242 4356 διαγενέσθαι
1273 4285 1334 4338 τὸ
1385 4284 1662 4338 Σάϐϐατον
1688 4300 1701 4315 ο
1728 4330 1733 4336 .

113 4382 319 4455 ἑτέρας
354 4381 411 4433 δὲ
457 4376 594 4433 εἶναι
624 4379 825 4443 ταύτας
855 4378 1007 4450 παρὰ
1049 4378 1147 4441 τὰς
1198 4375 1350 4448 παρά
1387 4374 1466 4444 τῷ
1497 4375 1700 4445 Λουκᾷ,

111 4473 218 4525 καὶ
264 4470 333 4524 τὰ
384 4469 510 4541 ἑξῆς
551 4470 866 4539 ὲπαγόμενα
906 4469 1198 4522 δείκνυσιν.
1234 4462 1405 4521 Αὗται
1461 4465 1558 4536 μὲν
1608 4461 1701 4518 οὖν

1828 3280 2013 3335 parem
2065 3265 2175 3319 illis
2222 3265 2663 3335 explanationem
2717 3264 2996 3319 sortietur.
3038 3265 3249 3321 Etenim
3297 3280 3400 3322 nos

1823 3359 2344 3422 demonstravimus,
2378 3358 2522 3413 haud
2552 3357 2769 3412 easdem
2789 3371 2933 3421 esse,
2967 3357 3059 3411 sed
3085 3358 3244 3425 alias,
3277 3372 3400 3428 quae

1821 3458 1948 3506 ante
1984 3448 2281 3505 Sabbatum
2313 3450 2431 3520 ipsa
2477 3448 2810 3504 Parasceves
2845 3449 2954 3512 die;
2996 3463 3102 3518 qua
3133 3447 3398 3505 Dominus

1820 3557 2019 3611 passus
2051 3551 2157 3608 est,
2193 3542 2259 3596 ad
2282 3556 2403 3597 eam
2430 3556 2616 3594 curam
2639 3541 3045 3606 incubuerunt;
3075 3540 3213 3595 alias
3241 3556 3391 3606 vero,

1817 3649 1938 3703 quae
1994 3641 2115 3703 post
2164 3631 2462 3687 Sabbatum
2496 3652 2509 3686 :
2547 3632 2838 3703 perspicue
2879 3631 3023 3685 enim
3075 3631 3174 3686 has
3216 3628 3395 3687 Lucas

1816 3730 2053 3779 testatur
2096 3723 2213 3793 ipsa
2259 3723 2347 3777 die
2384 3721 2666 3778 Passionis
2709 3722 2763 3776 id
2799 3722 2997 3791 egisse,
3024 3722 3229 3776 nullius
3272 3737 3396 3776 mu-

1815 3814 1965 3868 lieris
1993 3820 2298 3868 memorato
2328 3814 2573 3876 nomine,
2601 3813 2697 3868 sed
2723 3811 3046 3884 simpliciter
3067 3810 3393 3866 mulieribus

1813 3906 2153 3971 memoratis,
2203 3920 2325 3976 quae
2367 3921 2494 3960 cum
2540 3903 2670 3961 Jesu
2722 3911 2987 3959 venerant
3029 3903 3097 3958 de
3146 3901 3389 3958 Galilaza.

1813 3998 2031 4055 Marcus
2077 4008 2259 4054 autem
2301 4007 2414 4054 tres
2458 4000 2604 4054 solas
2632 3997 2957 4053 nominatim
2990 3996 3235 4066 scripsit,
3263 4009 3390 4050 aro-

1810 4098 2017 4145 matum
2045 4091 2209 4147 simul
2233 4106 2418 4146 curam
2454 4098 2728 4161 gerentes,
2752 4088 2898 4143 haud
2922 4088 3011 4143 die
3033 4087 3386 4150 Parascevcs,

1808 4181 1905 4238 sed
1932 4182 2045 4252 jam
2089 4181 2329 4237 Sabbato
2363 4183 2736 4253 praeterlapso.
2776 4180 2887 4236 Has
2935 4195 3099 4251 porro
3139 4180 3387 4234 diversas

1807 4289 1932 4330 esse
1960 4275 2029 4328 ab
2052 4275 2162 4331 illis
2200 4273 2382 4339 Lucaa,
2411 4274 2697 4344 sequentia
2732 4287 2951 4343 quoque
2979 4270 3383 4326 demonstrant.

1805 4364 1901 4421 Hec
1938 4367 2200 4421 nimirum
2239 4366 2383 4436 apud
2433 4368 2675 4420 Marcum
2717 4356 2975 4419 mulieres
3012 4364 3266 4433 juvenem
3298 4363 3386 4416 vi-

1804 4461 1936 4516 dent
1984 4461 2038 4514 in
2088 4458 2281 4514 dextra
2329 4467 2484 4529 parte
2531 4458 2835 4521 sedentem,
2867 4456 2963 4527 qui
3014 4462 3068 4511 et
3113 4455 3224 4510 illis
3258 4452 3379 4507 ait:

111 4566 380 4632 γοναῖκες
415 4560 567 4632 παρὰ
598 4560 676 4631 τῷ
702 4561 916 4632 Μάρκῳ
942 4560 1033 4613 τὸν
1064 4558 1344 4614 νεανίσκον
1374 4556 1545 4628 ὁρῶσι
1568 4556 1701 4609 καθ-
1729 4541 1735 4596 ί

1823 4573 1828 4606 l
1865 4553 2046 4608 Nolite
2080 4553 2300 4618 timere;
2334 4550 2519 4607 Jesum
2559 4551 2804 4621 quaeritis
2849 4548 3229 4614 Nazarenum;
3258 4560 3383 4601 sur-

110 4658 325 4727 ήμενον
360 4654 418 4706 ὲν
449 4655 562 4715 τοῖς
618 4652 829 4718 δεξιοῖς,
860 4651 918 4715 ὃς
947 4650 1041 4704 καί
1086 4667 1249 4721 φησιν
1296 4650 1516 4712 αὐταῖς
1554 4666 1573 4699 ι
1603 4647 1694 4719 Μὴ

108 4737 405 4818 φοϐεῖσθε·
448 4744 656 4816 Ἰησοῦν
699 4743 912 4815 ζητεῖτε
940 4742 1028 4795 τὸν
1073 4741 1424 4812 Ναζαρηνόν’
1463 4738 1693 4811 ἠγέρθη,

103 4838 213 4891 οὐκ
252 4834 399 4887 ἐστιν
429 4827 556 4888 ὧδε.
575 4853 593 4885 ι
627 4833 760 4896 Ταῖς
792 4832 850 4885 δὲ
880 4830 1031 4902 παρὰ
1063 4830 1140 4902 τῷ
1176 4831 1359 4901 Λουκᾷ
1385 4828 1479 4882 δύο
1504 4829 1697 4901 ἄνδρες

103 4929 424 4997 ἐπέστησαν
457 4929 515 4980 ὲν
546 4924 732 4996 ἐσθῆτι
765 4923 1175 4997 ἀστραπτούσῃ,
1208 4923 1302 4976 καὶ
1329 4922 1520 4994 ἐτέρας
1562 4939 1697 4993 προ-

104 5023 373 5096 φέρονται
417 5019 600 5088 φωνὰς
652 5018 935 5087 λέγοντες·
968 5036 987 5069 ‹
1019 5017 1084 5070 Τί
1118 5015 1333 5086 ζητεῖτε
1383 5014 1475 5068 τὸν
1522 5012 1698 5077 ζῶντα

106 5112 256 5186 μετᾶ
277 5111 386 5165 τῶν
408 5110 651 5182 νεκρῶν;
681 5129 699 5161 ι
735 5111 830 5163 καὶ
858 5108 929 5163 τὰ
971 5108 1097 5180 ἑξῆς
1121 5125 1134 5138 ·
1172 5108 1265 5160 καὶ
1305 5108 1362 5160 αἱ
1396 5107 1495 5178 μὲν
1544 5107 1695 5178 παρά

99 5207 188 5279 τῷ
214 5207 430 5279 Μάρκῳ
472 5204 772 5260 ἀκούσασαι
805 5206 916 5267 τοῖς
962 5202 1232 5273 μαθηταῖς
1276 5199 1596 5269 ὲπαγγεῖλαι
1623 5197 1693 5252 τὰ

101 5298 539 5372 παρηγγελμένα
563 5314 578 5329 ο
625 5296 801 5350 οὐδενὶ
831 5294 983 5349 οὐδὲν
1030 5290 1180 5347 εἷπον
1201 5309 1217 5324 ’
1245 5293 1300 5346 αἱ
1332 5291 1388 5345 δὲ
1433 5290 1582 5361 παρά
1612 5289 1689 5360 τῷ

99 5390 291 5459 Δουκᾷ
329 5387 676 5460 πορευθεῖσαι
704 5383 1045 5456 ἀπήγγειλαν
1078 5387 1189 5448 τοῖς
1217 5383 1429 5437 ἕνδεκα·
1484 5381 1560 5445 ὡς
1598 5380 1688 5434 διὰ

1805 4646 1969 4711 rexit,
2000 4660 2111 4700 non
2142 4652 2227 4700 est
2257 4644 2363 4699 hic.
2407 4664 2426 4697 ›
2463 4643 2577 4698 Illis
2607 4652 2789 4698 autem
2828 4641 2972 4712 apud
3022 4638 3227 4693 Lucam
3270 4636 3381 4691 duo

1803 4740 1908 4796 viri
1950 4741 2240 4794 astiterunt
2267 4739 2324 4793 in
2354 4746 2507 4795 veste
2536 4737 2779 4809 fulgente
2804 4776 2820 4801 ,
2864 4745 2919 4791 et
2961 4734 3068 4789 alia
3104 4732 3271 4788 verba
3296 4731 3380 4785 di—

1802 4837 1979 4886 cunt:
2021 4848 2039 4881 ι
2078 4830 2190 4884 Cur
2238 4830 2488 4900 quatritis
2534 4829 2813 4883 viventem
2857 4827 3001 4880 inter
3027 4821 3318 4879 mortuos?
3352 4840 3372 4872 ι

1803 4931 1859 4979 et
1886 4922 2119 4992 reliqua.
2162 4921 2230 4976 Et
2263 4923 2369 4976 illa:
2397 4921 2540 4991 apud
2570 4919 2811 4974 Marcum
2857 4915 3080 4970 monita:
3121 4912 3376 4966 mandata

1803 5019 2062 5073 nuntiare
2105 5014 2413 5086 discipulis,
2445 5013 2650 5067 nemini
2675 5009 2971 5082 quidquam
3001 5006 3274 5061 dixerunt.
3304 5000 3375 5056 At

1798 5110 1906 5166 illae
1945 5109 2108 5164 Lucae
2146 5110 2405 5179 profectae
2439 5106 2836 5160 nuntiaverunt
2870 5098 3158 5169 discipulis
3201 5095 3375 5149 unde-

1798 5200 1927 5254 cim.
1960 5199 2141 5266 Quare
2169 5214 2236 5253 ex
2262 5198 2350 5253 his
2373 5196 2630 5251 omnibus
2660 5191 2958 5263 colligitur,
2982 5186 3127 5242 haud
3152 5182 3370 5240 easdem

1797 5291 1969 5347 fuisse
1992 5292 2272 5355 mulieres,
2303 5290 2536 5359 ideoque
2572 5303 2674 5342 nec
2707 5300 2821 5340 uno
2859 5293 3105 5354 tempore
3141 5291 3206 5333 ea
3250 5289 3373 5346 quae

1795 5382 1851 5437 in
1875 5383 2096 5453 scriptis
2127 5390 2436 5446 sunt,.esse
2465 5387 2705 5451 peracta.
2971 5367 2997 5381 Γ

98 5483 311 5537 τούτων
354 5482 608 5536 ἁπάντων
655 5478 1002 5548 συνάγεσθαι,
1038 5479 1113 5551 μὴ
1160 5477 1259 5542 τὰς
1292 5476 1461 5540 αὑτὰς
1506 5471 1674 5531 εἶναι·
1716 5474 1797 5531 διὸ
1859 5477 1993 5550 μηδὲ
2045 5478 2134 5547 ὑφ’
2160 5476 2256 5533 ἕνα
2294 5476 2484 5548 καιρὸν
2518 5468 2873 5543 πεπκηςέιαι
2920 5466 2989 5522 τὰ
3022 5465 3374 5532 ἀναγεγραμ-

106 5572 266 5661 μένα.

176 5752 289 5826 (67)
328 5750 466 5809 Cod.
492 5751 560 5819 Α,
594 5750 631 5806 r.
666 5750 872 5815 515,1).
