3846 6220
440 302 545 360 999

1146 432 1272 504 11X.

1134 298 1406 356 EUSEDII
1433 294 1918 355 CESARIENSIS
1954 293 2106 353 OPP.
2145 292 2331 352 PARS
2369 289 2459 349 Ill.
2497 323 2568 336 —
2612 290 3032 351 EXEGETICA.

3595 243 3724 355 ιοοὸ

2896 430 2972 486 Θν.

511 571 639 630 Haec
661 572 770 629 illis
794 572 1152 643 loquentibus
1174 571 1326 628 stetit
1343 571 1506 629 Jesus
1530 572 1585 627 in
1607 572 1792 629 medio
1810 588 2026 641 eorum,

2204 566 2316 637 (68)
2364 583 2382 617 ι
2415 563 2603 620 Ταῦτα
2630 564 2690 619 δὲ
2713 563 2893 617 αὐτῶν
2926 562 3231 618 λαλούντων
3262 563 3427 630 αὐτὸς
3463 567 3495 620 ὁ
3529 566 3727 637 Ἰησοῦς

440 666 690 738 dixitque
715 666 797 723 eis
829 686 842 721 :
882 684 901 717 ι
941 665 1055 721 Pax
1086 666 1266 722 vobis.
1299 685 1319 719 ι
1358 664 1500 722 llinc
1528 667 1769 737 ambiget
1804 667 2031 737 aliquis,

440 757 719 830 quomodo
771 756 1027 813 undecim
1083 756 1374 830 discipulis
1427 758 1595 813 simul
1654 759 2032 830 congregatis,

439 851 817 907 interveniens
883 849 1192 916 Dominus,
1248 851 1552 908 secundmn
1607 851 1810 908 Lucam
1868 861 2034 924 atque

435 943 704 1002 Joannem
728 947 783 1001 id
816 944 1169 1001 concorditer
1198 944 1553 1009 allirmantcs,
1584 961 1934 1017 nequaquam
1963 948 2034 1003 ab

438 1049 674 1112 utroque
706 1038 862 1110 paria
880 1037 1062 1094 facere
1092 1046 1148 1093 et
1174 1038 1361 1095 dicere
1392 1041 1659 1111 scriptum
1694 1043 1881 1098 luerit.

507 1221 665 1291 Quod
708 1223 959 1280 eamdem
990 1225 1263 1280 visionem
1309 1225 1475 1280 ambo
1507 1226 1858 1297 evangelistaa
1882 1228 2032 1284 serio

437 1313 574 1369 bant
602 1331 712 1370 una
744 1316 1049 1387 eademque
1078 1324 1133 1372 et
1158 1318 1291 1372 hora
1323 1325 1379 1373 et
1410 1318 1500 1379 die
1532 1318 1798 1384 oblatam,
1834 1320 1888 1374 in
1916 1320 2032 1389 pri-

436 1410 545 1465 mis
574 1411 1049 1481 comprobandum
1072 1418 1179 1468 est.
1212 1409 1369 1477 Quod
1408 1411 1509 1467 tibi
1538 1413 1883 1483 exploratum
1914 1413 2027 1479 ﬁet,

439 1502 804 1573 sidiligenter
838 1502 1197 1574 Seripturam'
1221 1503 1683 1561 consideraveris.
1728 1505 1865 1560 Nam
1900 1522 2028 1561 cum

438 1590 683 1648 Joannes
703 1600 864 1648 antea
886 1593 1121 1670 dixisset
1143 1592 1321 1648 :tUna
1345 1610 1478 1649 vero
1494 1594 1862 1651 Sabbatorum
1882 1598 2031 1652 venit

440 1682 613 1741 Maria
640 1683 961 1756 Magdalena
1002 1686 1344 1742 annuntians
1378 1687 1692 1758 discipulis,
1734 1704 1794 1745 se
1824 1689 2031 1747 vidisse

441 1775 757 1842 Dominum,
789 1785 845 1833 et
875 1778 989 1833 haec
1031 1777 1137 1834 sibi
1176 1779 1420 1844 dixisse;
1462 1798 1481 1830 ι
1509 1780 1705 1836 deinde
1753 1782 2032 1839 subnectit

440 1869 634 1925 dicens
670 1889 683 1925 :
722 1889 740 1922 ι
771 1868 908 1926 Cum
940 1886 1067 1927 sero
1107 1878 1257 1926 esset
1285 1870 1375 1924 die
1407 1872 1521 1935 illa,
1566 1875 1917 1946 congregatis
1947 1875 2032 1928 di-

442 1962 694 2032 scipulis,
730 1963 880 2018 venit
927 1962 1112 2027 Jesus,
1151 1965 1411 2035 stetitque
1454 1966 1510 2020 in
1560 1966 1763 2033 medio,
1806 1975 1859 2021 et
1890 1968 2033 2022 dixit

440 2055 568 2109 eis:
606 2054 717 2109 Pax
763 2056 941 2110 vobis.
980 2075 998 2108 ι
1049 2056 1418 2122 Quamobrem
1478 2074 1548 2112 ex
1598 2058 1688 2114 bis
1739 2058 2033 2116 manifeste

441 2157 680 2214 constat,
704 2149 894 2204 eadem
918 2148 1203 2204 Dominica
1227 2136 1654 2207 resurrec'tionis
1670 2150 1780 2214 die,
1806 2168 2034 2223 vesper.

444 2240 560 2293 tino
594 2248 840 2310 tempore
875 2247 995 2295 acta
1040 2256 1164 2297 esse
1207 2256 1331 2312 quae
1366 2239 1610 2297 Joannes
1651 2243 1862 2298 scribit.
1896 2245 2030 2299 Item

444 2331 590 2402 apud
613 2330 815 2386 Lucam
837 2331 981 2389 idem
1006 2333 1125 2389 dies
1154 2341 1210 2389 et
1240 2334 1380 2389 hora
1410 2335 1737 2391 invenietur.
1770 2334 1861 2390 Ait
1884 2338 2031 2392 enim

442 2420 562 2489 ipse
592 2439 605 2474 :
640 2438 659 2470 ι
692 2418 809 2475 Una
844 2430 1026 2478 autem
1056 2421 1282 2479 Sabbati
1307 2423 1465 2479 valde
1491 2424 1735 2481 diluculo
1766 2436 2034 2483 venerunt

443 2509 512 2564 ad
542 2519 959 2567 monumentum
983 2512 1263 2569 mulieres.
1300 2533 1319 2565 ›
1348 2512 1555 2569 Deinde
1591 2515 1736 2582 quod
1767 2516 1903 2571 visis
1935 2532 2029 2570 an-

441 2601 579 2671 gelis
602 2617 838 2659 reversae
869 2604 1250 2659 nuntiaveriut
1285 2604 1578 2676 discipulis
1612 2622 1735 2676 quae
1756 2607 2029 2663 viderant.

438 2690 639 2749 Petrus
670 2702 851 2749 autem
885 2694 1213 2751 festinanter
1234 2697 1300 2750 ad
1326 2706 1742 2752 monumentum
1767 2699 2030 2765 occurrit,

440 2793 497 2841 et
527 2786 848 2842 linteamina
877 2787 1047 2843 videt.
1083 2787 1264 2858 Atque
1302 2788 1418 2842 haec
1448 2788 1605 2844 valde
1630 2787 1873 2844 diluculo
1902 2805 2036 2845 con-

440 2879 706 2950 tigerunt,
736 2880 1166 2937 resurrectionis
1199 2881 1310 2937 die.
1353 2880 1497 2937 Dicit
1523 2898 1647 2938 mox
1686 2885 2035 2941 continenter

442 2967 733 3038 Scriptura
763 2989 779 3028 :
810 2989 829 3023 ι
860 2971 924 3025 Et
956 2986 1083 3028 ecce
1110 2973 1222 3028 duo
1251 2988 1319 3028 ex
1349 2973 1487 3044 ipsis
1521 2975 1675 3031 ibant
1706 2977 1823 3046 ipsa
1856 2977 1946 3033 die
1976 2977 2030 3032 in

441 3064 752 3120 castellum.
793 3082 813 3116 ι
846 3063 1016 3119 Erant
1039 3073 1220 3121 autem
1244 3064 1477 3137 Cleopas
1513 3083 1637 3123 cum
1674 3069 1828 3125 socio
1866 3086 1878 3122 :
1908 3071 2034 3142 qui-

440 3157 675 3213 buscum
726 3156 888 3215 Jesus
940 3153 1321 3214 Enimauntem
1364 3161 1688 3231 ingressus,
1753 3162 2032 3233 accipiens
2060 3192 2102 3249 ε

440 3264 640 3321 panem
697 3249 1011 3317 benedixit;
1063 3264 1173 3321 quo
1209 3251 1318 3307 illis
1359 3260 1632 3323 porrecto,
1673 3252 1963 3324 disparuit.
2003 3275 2022 3308 ι

441 3346 650 3402 Deinde
668 3347 855 3403 subdit
883 3362 896 3399 :
934 3366 953 3398 ι
996 3346 1061 3399 Ει
1090 3353 1378 3418 surgentes
1406 3346 1597 3403 eadem
1624 3347 1762 3403 hora
1792 3351 2032 3420 regressi

442 3446 572 3496 sunt
601 3440 658 3495 in
696 3438 1066 3502 Hierusalem,
1094 3446 1151 3493 et
1180 3439 1510 3494 invenerunt
1541 3448 1903 3510 congregatos
1933 3457 2036 3495 un-

442 3533 647 3588 decim.
689 3551 707 3585 ι
742 3531 941 3588 Postea
970 3530 1413 3601 colloquentibus
1448 3530 1576 3595 illis,
1609 3532 1759 3586 stetit
1782 3531 1942 3588 Jesus
1976 3533 2031 3587 in

444 3625 625 3680 medio
656 3639 870 3689 eorum,
897 3631 952 3678 et
989 3623 1129 3678 dixit
1163 3623 1244 3678 eis
1277 3640 1290 3676 :
1322 3640 1340 3672 ι
1380 3620 1491 3676 Pax
1524 3622 1700 3684 vobis,
1751 3642 1770 3676 ι
1813 3631 1868 3678 et
1902 3626 2035 3678 reli-

441 3730 572 3787 qua.
602 3714 1053 3770 Demonstratum
1085 3723 1171 3769 est
1198 3714 1384 3784 itaque
1416 3713 1581 3768 etiam
1614 3728 1644 3766 a
1682 3712 1851 3777 Luca,
1883 3730 2035 3770 eam-

440 3813 565 3867 dem
604 3809 776 3865 fuisse
823 3809 966 3864 diem
995 3824 1010 3874 ;
1035 3807 1395 3877 eamdemque
1450 3807 1581 3861 item
1632 3806 1821 3861 horam
1860 3807 2034 3864 fuisse

440 3904 571 3960 inde
609 3902 1027 3973 comprobatur,
1079 3900 1227 3971 quod
1275 3899 1511 3969 Cleopas
1558 3912 1684 3953 cum
1728 3899 1883 3954 socio
1921 3915 2030 3955 una

440 3994 530 4050 die
567 4001 623 4049 et
666 3992 995 4047 Emmaunte
1032 3991 1229 4057 fuerit,
1270 3998 1326 4047 et
1366 3989 1607 4046 indidem
1655 3988 2030 4062 Hierosolyma

439 4086 692 4149 redierit,
719 4084 962 4140 serotino
987 4099 1215 4154 prorsus
1239 4090 1502 4153 tempore.
1538 4081 1673 4136 Exin
1700 4081 1902 4136 factam
1932 4097 2030 4153 ap-

439 4180 795 4255 paritionem.

2131 660 2263 732 ἔστη
2286 661 2345 713 ἐν
2378 659 2529 732 μέσῳ
2556 658 2759 723 αὐτῶν,
2785 660 2880 712 καὶ
2899 658 3043 728 λέγει
3071 659 3277 723 αὐτοῖς.
3303 660 3515 731 Εἰρήνη
3538 661 3686 732 ὑμῖν.
3705 684 3723 714 ι

2143 750 2411 806 Ἐνταῦθά
2424 768 2506 814 τις
2519 750 2820 821 ἀπορήσειε
2838 749 2956 813 πῶς
2970 752 3083 813 τοῖς
3099 750 3293 804 ἕνδεκα
3310 750 3587 822 μαθηταῖς
3601 752 3726 823 ὀμώ

2132 842 2496 915 συνηγμένοις
2530 842 2671 915 μετά
2710 842 2810 914 τὴν
2855 842 3156 897 ἀνάστασιν
3207 844 3438 908 ἐπιστὰς
3469 846 3502 898 ὁ
3533 845 3730 917 Κύριος

2131 940 2274 994 κατὰ
2297 939 2390 992 τὸν
2412 940 2628 993 Λουκᾶν
2662 936 2758 992 καὶ
2784 937 2928 991 κατά
2950 938 3205 1009 Ἰωάννην
3232 938 3549 1010 συμφώνως
3566 942 3731 995 ταῦτα

2137 1031 2758 1105 ἀπομνημονεύσαντας,
2794 1030 2979 1085 οὐκέτι
3028 1033 3158 1104 παρ’
3188 1033 3525 1106 ἀμφοτέροις
3566 1034 3733 1090 ταύτὰ

2140 1125 2396 1197 πράττων
2428 1124 2552 1177 οὐδὲ
2581 1126 2809 1194 φάσκων
2834 1123 3274 1194 ἀναγέγραπαι.

2212 1216 2334 1269 ’Ότι
2360 1214 2459 1287 τὴν
2488 1215 2661 1287 αὐτὴν
2686 1215 2955 1270 ὀπτασίαν
2986 1217 3036 1269 oi
3062 1215 3158 1269 δύο
3190 1217 3542 1291 συνέγραψαν
3569 1220 3734 1287 εὐαγ-

2137 1303 2386 1373 γελισταὶ
2416 1304 2559 1358 κατά
2592 1304 2720 1375 μίαν
2743 1304 2838 1357 καὶ
2860 1305 2961 1376 τὴν
2994 1305 3167 1376 αὐτὴν
3192 1305 3342 1376 ὥραν
3375 1325 3435 1360 τε
3466 1308 3566 1361 καὶ
3608 1313 3736 1380 ἡμέ-

2139 1413 2242 1468 ραν
2280 1396 2601 1468 γενομένην,
2631 1397 2984 1468 παραστῆσαι
3032 1396 3113 1451 δεῖ
3160 1399 3459 1472 πρότερον
3500 1400 3735 1455 τοῦτοε

2137 1489 2206 1543 ἂν
2251 1490 2465 1558 γένοιτο
2509 1489 2743 1562 φανερὸν
2787 1492 3183 1563 ὲπιτηρήσαντί
3229 1509 3312 1546 σοι
3345 1493 3592 1564 ἀκριϐῶς
3639 1495 3739 1566 τὴν

2134 1582 2460 1655 Γραφήν.Ὀ
2495 1584 2594 1654 μὲν
2625 1583 2737 1654 γάρ
2765 1583 3019 1653 Ἰωάννης
3050 1583 3349 1655 προειπὼν,
3377 1604 3397 1636 ι
3436 1585 3516 1657 Τῇ
3549 1586 3611 1639 δὲ
3641 1591 3741 1659 μιᾷ

2134 1674 2243 1728 τῶν
2287 1674 2582 1729 Σαϐϐάτων
2621 1675 2844 1747 ἔρχεται
2881 1677 3070 1747 Μαρία
3104 1679 3138 1749 ἡ
3166 1677 3508 1749 Μαγδαληνὴ
3555 1681 3740 1749 ἀπαγ-

2135 1766 2405 1837 γέλλουσα
2437 1771 2549 1832 τοῖς
2597 1767 2870 1840 μαθηταῖς
2905 1769 2989 1822 ὅτι
3034 1768 3248 1841 ἑώρακε
3280 1770 3374 1824 τὸν
3400 1771 3611 1844 Κύριον
3643 1777 3741 1828 καὶ

2134 1858 2307 1913 ταῦτα
2330 1856 2483 1915 εἶπεν
2513 1860 2674 1933 αὐτῇ,
2707 1880 2725 1913 ι
2749 1862 2878 1932 ἑξῆς
2905 1862 3476 1933 ὲπισυνάπτειλέγων·
3514 1883 3535 1915 ι
3559 1865 3741 1937 Οὔσης

2134 1953 2295 2023 ὀψίας
2325 1956 2382 2007 ἐν
2411 1953 2595 2025 ἐκείνῃ
2622 1957 2688 2025 τῇ
2718 1955 2905 2028 ἡμέρᾳ
2929 1956 3289 2027 συνηγμένων
3313 1956 3425 2010 τῶν
3452 1957 3738 2029 μαθητῶν,

2133 2045 2298 2119 ἦλθεν
2325 2049 2353 2101 ὀ
2392 2048 2621 2118 Ἰησοῦς,
2664 2050 2760 2102 καὶ
2802 2048 2932 2121 ἔστη
2983 2051 3064 2114 εἰς
3107 2050 3169 2103 τὸ
3215 2050 3382 2121 μέσον
3421 2054 3523 2105 καί
3562 2047 3737 2112 εἶπεν.

2137 2142 2347 2212 Εἰρήνη
2379 2141 2531 2212 ὑμῖν,
2572 2160 2591 2192 ι
2610 2142 2763 2195 ”Ωστ’
2802 2136 2944 2195 εἶναι
2971 2143 3141 2213 σαφὲς
3167 2144 3235 2196 ἐκ
3255 2143 3471 2199 τούτων
3501 2146 3586 2198 ὅτι
3618 2148 3740 2199 κατ’

2134 2234 2308 2305 αὐτὴν
2356 2233 2453 2305 τὴν
2503 2234 2794 2306 Κυριακὴν
2827 2234 3042 2307 ἡμέραν
3067 2235 3167 2305 τῆς
3194 2236 3554 2300 ἀναστάσεως
3584 2235 3743 2306 ὺῷἱας

2132 2322 2202 2398 ἦν
2228 2326 2595 2398 πεπραγμένα
2632 2327 2702 2381 τά
2737 2327 2888 2399 παρά
2928 2326 3007 2398 τῷ
3045 2328 3269 2401 Ἰωάννῃ
3290 2340 3305 2355 ’
3332 2329 3430 2382 καὶ
3464 2329 3614 2383 κατά
3652 2328 3744 2382 τὸν

2135 2416 2354 2471 Λουκᾶν
2396 2419 2430 2490 ἡ
2471 2418 2611 2489 αὐτὴ
2655 2417 2842 2489 ἡμέρα
2877 2418 2973 2471 καὶ
3004 2414 3123 2489 ὥρα
3158 2417 3524 2489 εὑρεθήσεται
3546 2433 3562 2446 ⁸
3592 2417 3741 2486 λέγει

2134 2510 2266 2578 γοῦν
2318 2511 2413 2564 καὶ
2457 2510 2619 2575 αὐτός
2641 2526 2656 2541 °
2691 2529 2710 2562 ι
2742 2512 2820 2582 Τῇ
2855 2510 2913 2564 δὲ
2949 2513 3051 2582 μιᾷ
3077 2510 3189 2564 τῶν
3214 2510 3529 2564 Σαϐϐάτων
3542 2510 3740 2584 ὄρθρου

2137 2599 2351 2672 βαθέος,
2387 2602 2481 2655 ἐπὶ
2507 2600 2568 2654 τὺ
2593 2601 2782 2674 μνῆμα
2803 2597 2969 2674 ἦλθον
2991 2602 3046 2654 αἱ
3062 2604 3345 2670 γυναῖκες,
3376 2620 3396 2652 ι
3426 2597 3547 2654 Εἶθ’
3586 2602 3734 2671 ἑξῆς,

2134 2694 2217 2746 ὅτι
2249 2693 2456 2748 ἰδοῦσαι
2492 2692 2780 2763 ἀγγέλους,
2810 2693 3113 2766 ἐπανῆλθον
3138 2693 3230 2747 καὶ
3251 2693 3740 2765 άπήγγειλαντοῖς

2138 2784 2408 2857 μαθηταῖς
2426 2785 2462 2840 ἃ
2482 2787 2757 2840 τεθέαντο.
2777 2786 2987 2859 Πέτρος
3004 2786 3061 2840 δὲ
3080 2786 3327 2851 σπεύσας
3346 2789 3444 2840 ἐπὶ
3464 2788 3530 2842 τὸ
3552 2789 3739 2860 μνῆμα

2133 2878 2370 2950 ἀπαντᾷ,
2400 2879 2493 2933 καὶ
2517 2879 2587 2933 τά
2615 2879 2799 2934 ὀθόνια
2828 2878 3053 2951 θεωρεῖ*
3090 2880 3379 2934 καὶταῦτα
3410 2881 3514 2952 μὲν
3544 2880 3740 2952 ὄρθρου

2137 2968 2328 3040 βαθέος
2357 2971 2593 3040 ἐγένετο,
2618 2974 2684 3043 τῇ
2712 2972 3072 3044 ἀναστασίμῳ
3101 2972 3308 3044 ἡμέρᾳ.
3336 2973 3508 3042 Λέγει
3532 2972 3595 3026 δὲ
3616 2973 3739 3045 ἑξῆς

2135 3063 2585 3119 ἐπισυνάπτουσα
2641 3067 2674 3136 ἡ
2720 3065 2950 3138 Γραφήο
2992 3083 3011 3117 ι
3052 3066 3164 3119 Καὶ
3204 3065 3315 3119 ἰδοὺ
3345 3064 3446 3120 δύο
3472 3066 3539 3132 ἐξ
3565 3067 3738 3120 αὐτῶν

2135 3157 2195 3210 ὲν
2228 3158 2365 3230 αὐτῇ
2399 3157 2585 3231 ἡμέρᾳ
2615 3154 2756 3231 ἦσαν
2790 3140 3150 3232 πορευόμενοι
3198 3161 3279 3223 εἰς
3328 3161 3557 3232 κώμην.
3588 3179 3610 3212 ι
3641 3156 3739 3215 Οἶν-

2137 3268 2220 3304 τοι
2253 3250 2311 3304 δὲ
2339 3246 2480 3322 ἦσαν
2505 3253 2554 3304 οἱ
2582 3252 2711 3324 περὶ
2735 3251 2826 3307 τὸν
2849 3252 3103 3306 Κλεόπαν
3122 3268 3137 3282 '
3163 3247 3246 3316 οἷς
3275 3252 3646 3307 συνεισελθὼν
3663 3255 3739 3318 εις

2136 3345 2238 3417 τὴν
2278 3344 2580 3417 Ἐμμαοῦν,
2619 3344 2801 3400 λαϐὼν
2834 3345 2998 3418 ἄρτον
3030 3344 3316 3416 εὐλόγησε,
3343 3346 3444 3400 καὶ
3471 3345 3741 3409 ἐπιδιδοὺς

2139 3439 2344 3503 αὐτοῖς,
2363 3438 2576 3511 ἀφανὴς
2603 3439 2837 3508 ἐγένετο.
2861 3435 2976 3493 Εἶτ’
2998 3438 3239 3508 ἐπιλέγει
3258 3454 3273 3465 ⁸
3301 3456 3321 3489 ι
3343 3439 3462 3493 Καὶ
3477 3438 3745 3493 ἀναστάν-

2138 3546 2228 3594 τες
2255 3529 2602 3601 ὑπέστρεψαν
2646 3532 2784 3602 αύτῇ
2826 3532 2895 3602 τῇ
2930 3528 3051 3602 ὥρᾳ
3100 3532 3182 3595 εἰς
3225 3532 3620 3603 Ἰερουσαλὴμ,
3654 3534 3747 3584 καὶ

2138 3618 2296 3696 εὖρον
2328 3622 2725 3696 ἠθροισμένους
2753 3625 2879 3689 τοὺς
2908 3624 3121 3678 ἕνδεκα.
3152 3643 3173 3676 ι
3217 3619 3357 3678 Εἶτα
3404 3626 3747 3696 ὁμιλούντων

2137 3715 2318 3770 αὐτῶν
2360 3716 2490 3788 ἔστη
2539 3718 2569 3769 ὁ
2614 3715 2822 3787 Ἰησοῦς
2868 3720 2928 3770 ἐν
2975 3717 3145 3788 μέσῳ,
3186 3717 3282 3770 καὶ
3340 3716 3495 3792 λέγει
3538 3719 3745 3782 αὐτοῖς,

2143 3826 2163 3860 ι
2202 3809 2410 3881 Εἰρήνη
2447 3808 2598 3878 ὑμῖν,
2632 3827 2651 3861 ι
2690 3809 2788 3862 καὶ
2830 3808 2900 3861 τὰ
2939 3809 3089 3875 ἑξῆς.
3124 3808 3409 3862 Δέδεικται
3436 3810 3626 3866 τοὶνυν
3653 3814 3746 3867 καὶ

2136 3902 2245 3955 ἀπὸ
2285 3900 2380 3955 τοῦ
2418 3903 2623 3969 Λουκᾶ,
2651 3901 2728 3966 ὡς
2762 3903 2795 3974 ἡ
2825 3901 2963 3973 αὐτὴ
2997 3901 3294 3973 ἐτύγχανεν
3330 3903 3543 3975 ἡμέρα,
3581 3905 3678 3958 καὶ
3709 3906 3743 3976 ή

2134 3992 2273 4063 αὑτὴ
2286 3993 2342 4045 δὲ
2360 3992 2478 4065 ὥρα
2500 3993 2817 4047 συνίσταται
2830 3994 2937 4047 ἀπὸ
2951 3992 3044 4046 τοῦ
3062 3995 3121 4046 ἐν
3139 3995 3239 4065 μιᾷ
3258 3994 3450 4066 ἡμέρᾳ
3462 3996 3601 4060 τοὺς
3616 4013 3740 4069 περι

2133 4082 2389 4137 Κλεόπαν
2419 4084 2500 4147 εἰς
2534 4083 2634 4154 τὴν
2658 4083 2937 4156 Ἐμμαοῦν
2962 4082 3239 4153 γενέσθαι,
3276 4083 3545 4140 κάκεῖθεν
3577 4087 3743 4140 ἐπαν-

2132 4175 2452 4247 εληλυθέναι
2473 4179 2553 4242 είς
2569 4177 2666 4249 τὴν
2680 4176 3168 4248 Ἱερουσαλὴμ,ἧδη
3214 4193 3321 4229 που
3338 4178 3567 4243 πάντως
3583 4179 3743 4233 ἑσπε-

2126 4284 2228 4332 ρας
2252 4267 2671 4341 καταλαϐούσης
2688 4286 2702 4299 ·
2735 4264 2855 4323 εἶτα
2882 4267 2982 4340 τὴν
3010 4269 3337 4338 ἐπιφάνειαν
3364 4272 3688 4339 γεγονέναι.

507 4363 782 4431 Quoniam
810 4365 997 4434 itaque
1021 4361 1211 4418 eadem
1243 4363 1385 4433 apud
1420 4369 1720 4433 utrumque
1749 4363 2018 4434 evangeli-

2214 4364 2432 4437 Ἐπειδὴ
2468 4364 2648 4419 τοίνυν
2700 4367 2735 4437 ὴ
2781 4365 2920 4436 αὐτὴ
2950 4367 3081 4437 παρ’
3108 4365 3447 4437 ἀμφοτέροις
3492 4366 3737 4438 πὲςηνεν

438 4464 581 4514 stam
611 4457 671 4510 lit
702 4456 997 4526 apparitio,
1033 4470 1133 4526 age
1176 4456 1464 4511 videamus
1491 4454 1768 4526 quomodo
1800 4455 1906 4508 alia
1940 4455 2025 4510 di-

436 4558 596 4604 catur
617 4549 768 4619 loqui
791 4548 1052 4604 Servator
1071 4557 1127 4605 et
1152 4564 1316 4620 agere
1339 4548 1480 4620 apud
1502 4548 1730 4615 Lucam,
1753 4548 1856 4604 alia
1880 4548 2025 4619 apud

435 4637 722 4696 Joannem.
755 4638 936 4711 Eque
960 4640 1128 4711 igitur
1157 4641 1300 4710 apud
1328 4639 1520 4694 ambos
1547 4639 1753 4695 dictum
1780 4647 1882 4704 est,
1909 4654 2026 4694 me-

436 4732 590 4787 dium
624 4739 860 4786 stantem
895 4732 1043 4786 inter
1079 4745 1176 4786 eos
1200 4729 1388 4785 Jesum
1417 4730 1624 4786 dixisse
1667 4746 1681 4783 :
1725 4749 1743 4782 ι
1780 4729 1891 4785 Pax
1928 4747 2025 4786 vo-

436 4826 547 4882 bis.
579 4843 601 4879 ι
638 4823 972 4897 Singulatim
1004 4839 1137 4880 vero
1169 4823 1313 4894 apud
1343 4822 1547 4878 Lucam
1589 4823 1810 4879 additur
1832 4824 2024 4880 existi-

435 4930 620 4972 masse
659 4930 757 4987 eos
791 4915 1047 4986 spiritum
1092 4931 1152 4970 se
1191 4914 1398 4980 videre,
1432 4922 1488 4969 et
1520 4914 1753 4982 reliqua.
1797 4913 2024 4969 Etiamsi

431 5024 567 5065 vero
599 5009 718 5064 haec
746 5008 892 5080 apud
905 5006 1170 5062 Joannem
1192 5008 1604 5078 non_dicuntur,
1630 5016 2025 5063 rursustamen

434 5103 724 5174 sequentia
762 5101 908 5173 apud
951 5110 1248 5172 utrumque
1290 5110 1619 5156 consonant.
1655 5100 1815 5171 Apud
1858 5099 2027 5156 Joan-

435 5210 561 5250 nem
586 5194 810 5267 quidem
839 5202 964 5264 post
979 5195 1148 5250 verba
1168 5212 1187 5245 ι
1218 5193 1328 5248 Pax
1356 5193 1536 5259 vobis,
1569 5213 1588 5246 ι
1614 5193 1873 5248 additur:
1906 5212 1924 5245 ι
1959 5192 2024 5247 Ει

380 5332 383 5337 .
434 5288 542 5343 hoc
568 5289 739 5353 dicto,
770 5288 1014 5344 ostendit
1039 5287 1122 5343 eis
1156 5302 1351 5341 manus
1378 5302 1443 5341 ac
1467 5287 1610 5341 latus
1627 5302 1811 5342 suum.
1853 5304 1872 5338 ι
1902 5285 2025 5341 Non

437 5387 618 5436 tamen
637 5378 861 5450 ponitur
883 5379 1026 5449 apud
1047 5376 1315 5434 Joannem
1333 5393 1521 5444 causa,
1543 5393 1667 5449 quae
1686 5378 1800 5448 jam
1823 5393 1855 5432 a
1876 5376 2026 5433 Luca

433 5474 582 5528 ἀει-ιιι
622 5474 818 5528 fuerat.
855 5472 987 5527 Erat
1023 5482 1206 5528 autem
1248 5472 1384 5537 haec,
1419 5472 1566 5543 quod
1610 5471 1714 5541 ipsi
1743 5471 2026 5527 existima-

433 5573 557 5622 rent
581 5582 641 5621 se
671 5566 922 5636 spiritum
953 5564 1162 5621 videre.
1185 5566 1352 5636 Atqui
1381 5565 1512 5621 dum
1541 5579 1740 5621 manus
1771 5564 2026 5634 latusque

508 5785 620 5860 (es)
660 5784 798 5841 Cod.
834 5786 900 5854 Α,
933 5786 973 5844 r.
1007 5785 1134 5855 sic,
1172 5788 1227 5844 b.

2129 4457 2390 4519 ὀπτασία,
2417 4456 2552 4529 φέρε
2588 4456 2786 4529 ἴδωμεν
2812 4458 2963 4521 ὅπως
2984 4456 3148 4527 ἕτερα
3177 4456 3276 4527 μὲν
3306 4456 3465 4528 παρά
3494 4457 3581 4528 τῷ
3604 4460 3735 4511 Λου-

2129 4550 2202 4620 κᾷ
2249 4548 2466 4622 εἴρηται
2509 4549 2725 4623 πράξας
2769 4550 2866 4605 καὶ
2906 4549 3150 4622 λαλήσας
3175 4551 3206 4603 ὁ
3234 4548 3450 4621 Σωτὴρ,
3481 4550 3656 4621 ἔτερα
3685 4551 3736 4604 δέ

2128 4639 2282 4713 παρά
2309 4640 2389 4712 τῷ
2431 4641 2927 4714 Ἰωάννῃ.⁹ομοἰως
2964 4640 3064 4711 μὲν
3095 4636 3191 4695 οὖν
3234 4639 3366 4710 παρ’
3400 4641 3736 4713 ἀμφοτέρας

2126 4734 2399 4800 λέλεκται,
2431 4737 2508 4800 ὡς
2550 4737 2660 4808 ἄρα
2710 4736 2875 4807 μέσος
2932 4734 3114 4788 αὐτῶν
3162 4735 3293 4797 στὰς
3337 4729 3496 4787 εἶπεν
3526 4735 3735 4797 αὐτοῖς,

2133 4849 2151 4879 ι
2188 4829 2396 4902 Εἰρήνη
2429 4830 2580 4901 ὑμῖν.
2616 4827 3081 4901 »Ἀφωρισμένως
3125 4827 3182 4881 δὲ
3227 4827 3382 4898 παρὰ
3427 4826 3509 4898 τῷ
3552 4828 3738 4897 Anax;

2128 4920 2454 4991 πρόσκειται
2479 4922 2563 4974 ὃτι
2590 4920 2811 4975 ἐδόκουν
2837 4918 3061 4990 πνεῦμα
3088 4919 3337 4991 θεωρεῖν,
3362 4918 3462 4972 καὶ
3485 4919 3561 4973 τά
3587 4920 3733 4988 ἑξῆς.

2139 5009 2279 5064 Ἀλλ’
2310 5011 2360 5063 εἰ
2408 5012 2505 5064 καὶ
2557 5011 2631 5083 μὴ
2670 5010 2912 5065 τοσαῦτα
2936 5010 3153 5083 εἴρηται
3177 5010 3331 5082 παρά
3357 5009 3439 5081 τῷ
3483 5010 3732 5081 Ἰωάννῃ,

2129 5101 2268 5156 ἀλλά
2293 5103 2364 5156 τὰ
2392 5102 2518 5174 ἑξῆς
2551 5103 2715 5157 πάλιν
2755 5105 2885 5175 παρ’
2922 5102 3257 5174 ἀμφοτέροις
3301 5101 3547 5175 συνᾴδει.
3582 5103 3735 5173 [lupi

2130 5195 2229 5266 μὲν
2277 5194 2387 5267 γὰρ
2406 5195 2486 5267 τῷ
2523 5197 2746 5270 Ἰωάννῃ
2783 5195 2923 5268 μετά
2948 5197 3031 5259 τὸ,
3072 5214 3090 5247 ι
3124 5196 3333 5268 Εἰρήνη
3366 5196 3522 5269 ὑμῖν,
3557 5215 3579 5248 ι
3620 5199 3737 5248 ἐπι-

2126 5285 2365 5357 λέγεται,
2395 5308 2412 5340 ι
2444 5291 2553 5343 Καὶ
2585 5289 2746 5343 τοῦτο
2761 5288 2932 5342 εἰπὼν
2966 5287 3168 5354 ἔνδειξεν
3193 5289 3385 5353 αὐτοῖς
3418 5287 3520 5351 τὰς
3550 5292 3734 5361 χεῖρας

2127 5382 2223 5438 καὶ
2262 5382 2361 5454 τὴν
2391 5382 2633 5455 πλευρὰν
2646 5382 2831 5436 αὑτοῦ.
2860 5401 2879 5435 ι
2898 5382 2974 5436 Οὐ
3003 5380 3306 5454 φέρεταιδὲ
3331 5381 3367 5452 ή
3401 5381 3558 5434 αἰτία
3591 5379 3734 5452 παρὰ

2088 5480 2091 5483 ’
2125 5475 2206 5548 τῷ
2242 5474 2486 5548 Ἰωάννῃ,
2520 5475 2597 5539 ὡς
2629 5475 2698 5529 ἂν
2736 5474 2837 5547 ἤδη
2866 5473 3168 5546 λελεγμένη
3200 5472 3361 5545 παρά
3390 5472 3475 5544 τῷ
3511 5475 3729 5545 Δουκᾷ’

2125 5565 2194 5642 ἦν
2223 5569 2279 5623 δὲ
2321 5568 2461 5642 αὓτη
2490 5568 2552 5623 τὸ
2580 5565 2823 5639 νομίζειν
2853 5567 3055 5631 αὐτοὺς
3090 5565 3309 5637 πνεῦμα
3353 5565 3624 5639 θεωρεῖνο
3653 5563 3730 5621 ὅτι
