3826 6216
227 216 365 274 ιοθι

1093 223 1605 282 SUPPLEMENTA
1643 227 2129 295 QUAZSTIONUM
2165 228 2258 283 AD
2295 228 2647 284 MABINUM.

3367 233 3509 290 1002

219 348 294 401 γε
341 332 449 405 μὴν
495 333 699 399 ἔδειξεν
748 334 932 397 αὐτοῖς
964 334 1063 400 τὰς
1098 340 1286 409 χεῖρας
1318 338 1412 391 καὶ
1441 338 1540 411 τὴν
1575 337 1815 409 πλευράν
1847 348 1889 404 Α
1921 354 1966 391 Sl

1921 354 2080 392 suum
2109 338 2419 394 ostendisse
2451 337 2642 395 Jesum
2678 334 2917 396 testatur
2948 339 3211 405 Joannes,
3244 345 3511 404 Consonat

218 425 395 480 αὑτοῦ
427 428 783 499 μαρτυρήσας
831 429 860 480 ό
897 427 1167 499 Ἰωάννης,
1206 429 1493 501 σύμφωνος
1528 431 1593 484 ἂν
1624 431 1709 503 εἴη
1745 431 1823 501 τῷ

218 517 323 572 κᾶὶ
380 518 482 589 τὴν
534 519 714 574 αίτίαν
765 518 1149 590 παραθεμένῳ.
1187 520 1409 585 Τούτοις
1464 522 1612 593 ἑξῆς,
1642 526 1671 577 ὁ
1725 524 1823 594 μὲν

218 610 443 674 Λουκᾶς
478 626 664 679 φησιν,
695 630 713 662 ι
751 610 870 665 ’ἷΕτι
900 610 955 663 δὲ
977 610 1349 665 ἀπιστούντων
1378 614 1555 666 αὐτῶν
1578 615 1685 668 ἀπὸ
1724 617 1823 687 τῆς

218 705 406 775 χαρᾶς
451 704 546 757 καὶ
586 703 996 774 θαυμαζόντων,
1041 701 1194 760 εἶπεν
1241 707 1461 770 αὐτοῖς,
1528 708 1721 778 Ἔχετέ
1770 727 1821 762 τι

220 794 507 867 βρώσιμον
566 795 795 862 ὲνθάδε;
859 800 921 851 Οί
972 798 1029 851 δὲ
1082 797 1371 852 ἀπέδωκαν
1414 798 1565 870 αὐτῷ
1640 799 1821 871 ἰχθύος

216 887 395 942 ὀπτοῦ
450 888 635 961 μέρος.
680 909 699 941 ι
736 888 923 945 Ταῦτα
967 890 1024 944 δὲ
1062 891 1314 961 Ἰωάννης
1346 893 1407 945 οὐ
1458 892 1816 964 συνέγραψεν.

222 981 400 1035 Ἔνθα
449 982 766 1053 γενομένοις
816 984 1108 1053 ἐπιστῆσαι
1142 985 1408 1055 προσήκει
1444 983 1535 1037 τὸν
1567 984 1713 1051 νοῦν,
1744 986 1819 1049 ὡς

217 1075 321 1129 καὶ
360 1076 419 1127 ὲν
465 1077 579 1137 τοῖς
621 1074 854 1137 λοιποῖς,
882 1074 982 1139 τάς
1024 1076 1357 1147 σεμνοτέρας
1403 1076 1499 1129 καὶ
1545 1076 1819 1147 θειοτέρας

220 1165 462 1237 πράξεις
502 1181 562 1218 τε
606 1164 703 1218 καὶ
734 1164 1084 1228 διδασκαλίας
1113 1164 1208 1218 τοῦ
1243 1167 1495 1238 Σωτῆρος
1540 1167 1697 1238 ἡμῶν
1730 1167 1819 1221 διά

213 1257 316 1311 τοῦ
356 1257 602 1311 Ἰωάννου
636 1257 699 1311 τὸ
723 1258 947 1330 Πνεῦμα
968 1258 1030 1313 τὸ
1063 1257 1217 1327 ἆγιον
1246 1260 1720 1331 ἀπεμνημόνευσε,
1749 1261 1816 1314 τά

213 1349 278 1403 δὲ
317 1349 786 1421 ἀνθρωπινώτερα
812 1350 901 1403 διὰ
926 1350 1036 1405 τῶν
1067 1350 1271 1404 λοιπῶν
1300 1352 1657 1426 συνέγραψεν,
1694 1353 1722 1406 ὃ
1754 1353 1817 1425 δὴ

215 1440 319 1493 καὶ
344 1438 442 1492 νῦν
475 1440 796 1511 πεποίηκεν.
813 1440 903 1504 Ὠς
926 1440 1035 1513 γὰρ
1064 1442 1324 1512 ἐνόμισαν
1347 1444 1394 1495 οί
1424 1442 1666 1515 μαθηταὶ
1692 1444 1819 1498 ἰδόν-

214 1550 316 1597 τες
343 1533 438 1587 τὸν
469 1534 718 1606 Σωτῆρα,
746 1534 821 1605 μὴ
855 1534 1017 1588 αὑτὸν
1050 1534 1274 1606 θεωρεῖν
1301 1534 1435 1589 ἀλλά
1466 1535 1702 1606 πνεῦμα,
1724 1536 1818 1589 καὶ

216 1625 300 1690 ὡς
324 1627 589 1698 ἠπίστουν
615 1626 787 1698 αὐτῷ,
807 1627 900 1681 καὶ
928 1627 1069 1699 μετά
1093 1628 1158 1681 τὸ
1178 1629 1348 1694 δεῖξαι
1375 1629 1558 1692 αὐτοῖς
1585 1629 1684 1693 τὰς
1712 1633 1819 1699 χεῖ-

1927 433 2117 501 utique
2146 432 2223 485 illi
2247 432 2339 502 qui
2375 432 2452 486 rei
2481 447 2705 488 causam
2744 433 2950 488 attulit.
2984 433 3115 490 Post
3158 436 3296 500 haec,
3332 438 3513 498 Lucas

1926 523 2147 594 quidem
2179 524 2275 590 ait,
2306 524 2487 579 adhuc
2515 540 2624 578 non
2657 524 3008 581 credentibus
3039 527 3148 581 illis
3173 544 3286 599 prae
3310 532 3512 600 gaudio

1925 623 1980 671 et
2012 615 2364 681 mirantibus,
2400 616 2607 672 dixisse
2638 617 2793 672 illis:
2834 637 2853 671 ι
2890 617 3114 677 Habetis
3165 620 3255 676 hic
3306 624 3510 695 aliquid

1925 708 2070 780 quod
2098 709 2494 765 manducetur?
2516 729 2534 762 ι
2566 711 2688 766 illos
2711 720 2893 768 autem
2918 721 3130 783 partem
3150 716 3257 771 assi
3279 719 3445 787 piscis
3460 721 3513 776 ei

1923 802 2209 857 obtulisse.
2266 801 2393 857 Haec
2458 800 2699 860 Joannes
2759 806 2964 862 omisit.
3015 806 3099 861 Ad
3145 808 3294 863 hunc
3329 810 3512 866 locum

1924 892 2201 963 progressi
2224 900 2460 948 mentem
2479 892 2742 949 debemus
2762 895 3066 960 intendere,
3090 904 3153 951 ut
3171 897 3335 953 etiam
3357 901 3511 966 alibi,

1923 983 2271 1052 augustiores
2321 996 2387 1037 ac
2434 980 2739 1040 diviniores
2788 994 2947 1040 actus
2993 985 3306 1043 Servatoris
3334 991 3512 1045 nostri

1923 1079 2086 1142 atque
2139 1072 2424 1128 doctrinas
2466 1073 2730 1143 Spiritum
2795 1084 3047 1132 sanctum
3101 1094 3199 1149 per
3243 1077 3512 1136 Joannem

1923 1180 2228 1220 memorare
2263 1167 2468 1234 solere;
2507 1168 2862 1224 humaniores
2908 1178 3089 1225 autem
3126 1187 3224 1240 per
3270 1173 3511 1244 reliquos

1921 1258 2289 1327 evangelistas
2332 1260 2664 1329 scripsisse;
2701 1261 2848 1331 quod
2896 1269 2952 1316 et
2994 1262 3099 1316 hoc
3145 1265 3267 1318 loco
3317 1281 3513 1336 reapse

1923 1348 2071 1403 fecit.
2101 1349 2239 1415 Quia
2266 1351 2411 1405 enim
2429 1350 2708 1420 discipuli.
2737 1361 3034 1422 conspecto
3064 1353 3377 1421 Servatore,
3411 1372 3512 1426 pu-

1923 1441 2112 1495 tabant
2150 1456 2258 1495 non
2306 1442 2484 1512 ipsum
2520 1443 2616 1499 sed
2657 1446 2907 1516 spiritum
2943 1462 3002 1501 se
3054 1447 3261 1513 videre,
3295 1457 3349 1504 et
3379 1451 3511 1520 quia

1921 1532 2163 1586 nondum
2225 1533 2274 1589 ei
2335 1532 2665 1600 credebant,
2713 1536 2929 1591 etiamsi
2991 1552 3188 1595 manus
3236 1541 3511 1611 pedesque

1920 1622 2256 1687 ostenderat,
2313 1627 2626 1681 necessario
2676 1634 2897 1697 propter
2924 1643 3115 1683 eorum
3167 1612 3509 1701 pervicacem

218 1737 331 1791 ρας
362 1720 455 1773 καὶ
486 1722 613 1783 τοὺς
640 1720 807 1785 πόδας
841 1721 1176 1791 ἀναγκαίως,
1207 1722 1286 1776 ἔτι
1320 1722 1695 1777 ἀπιστούντων
1722 1724 1818 1776 αύ-
1850 1713 1893 1768 Β
1923 1714 1970 1767 ill

1923 1714 2384 1782 incredulitatem,
2417 1717 2747 1785 postulatam
2787 1734 2970 1773 escam
3000 1736 3186 1776 coram
3222 1723 3329 1779 illis
3364 1741 3515 1780 man-

210 1812 358 1874 τῶν,
391 1814 620 1882 αἰτήσας
666 1829 720 1867 τι
771 1813 1068 1885 βρώσιμον,
1101 1814 1305 1883 ἔφαγεν
1352 1814 1583 1869 ἐνώπιον
1614 1816 1816 1871 αὐτῶν.

216 1903 414 1956 Ταῦτα
442 1902 500 1956 δὲ
533 1902 969 1974 σωματικώτερα
1009 1903 1158 1969 ὄντα,
1194 1904 1289 1958 καὶ
1335 1904 1535 1976 πολλὴν
1561 1905 1819 1958 ἀπιστίαν

210 1995 332 2049 τῶν
362 1994 677 2049 ἀποστόλων
702 1996 1136 2068 κατηγοροῦντα,
1163 1997 1328 2051 αὐτοῦ
1357 2015 1417 2050 τε
1450 1997 1544 2050 τοῦ
1567 1998 1817 2068 Σωτῆρος

215 2087 671 2159 συμπεριφοράν,
726 2087 1007 2150 πείθοντος
1051 2090 1249 2152 αὐτοὺς
1294 2090 1390 2142 καὶ
1433 2088 1621 2158 σαφῶς
1671 2106 1817 2159 παρ-

214 2178 485 2243 ιστῶντος
515 2178 591 2243 ὡς
633 2178 743 2251 ἄρα
773 2179 937 2242 αὐτὸς
957 2179 1065 2250 εἴη,
1096 2179 1175 2249 τῷ
1199 2181 1385 2251 Λουκᾷ
1420 2180 1495 2244 ὡς
1525 2181 1591 2235 ἂν
1635 2181 1821 2234 ὑποδε-

208 2270 429 2344 εστέρῳ
459 2270 571 2342 (69)
597 2271 828 2343 γράφειν
850 2272 911 2325 τὸ
932 2271 1156 2343 Πνεῦμα
1180 2272 1416 2325 ὑπέὸαλε
1436 2289 1449 2302 ο
1480 2273 1547 2326 τὰ
1568 2272 1624 2325 δὲ
1644 2273 1821 2344 κρείτ-

211 2381 355 2417 τονα
406 2364 502 2418 καὶ
551 2363 836 2433 δυνάμεως
901 2364 1086 2417 ἐνθέου
1147 2364 1534 2436 παραστατικά
1589 2365 1678 2417 διὰ
1721 2365 1816 2417 τοῦ

223 2454 483 2509 Ἰωάννου
518 2456 781 2529 παρίστη,
817 2455 1123 2527 γράφοντος
1145 2457 1240 2508 καὶ
1261 2456 1424 2510 αὐτοῦ
1459 2456 1585 2525 ἑξῆς
1624 2457 1816 2519 ταῦτα,

217 2564 239 2595 ι
265 2546 580 2616 Ἐχάρησαν
611 2541 705 2599 οὖν
728 2546 780 2598 οἱ
812 2544 1053 2616 μαθηταὶ
1085 2545 1285 2609 ἰδόντες
1306 2546 1397 2599 τὸν
1419 2545 1624 2618 Κύριον
1646 2564 1660 2577 ·
1694 2566 1711 2598 ι
1741 2542 1819 2599 εἷ-

219 2655 329 2692 πεν
378 2635 474 2691 οὖν
518 2638 704 2702 αὐτοῖς
752 2638 953 2702 πάλιν,
986 2657 1006 2688 ι
1037 2639 1242 2709 Εἰρήνη
1279 2639 1438 2708 ύμῖνο
1488 2637 1671 2701 καθὼς
1711 2641 1819 2693 ἀπ-

211 2731 455 2786 ἑσταλκέ
499 2749 566 2803 με
595 2732 625 2784 ό
662 2730 874 2803 Πατὴρ,
917 2729 1072 2799 κάγὼ
1096 2732 1299 2802 πέμπω
1326 2731 1471 2801 ὑμᾶς
1490 2745 1504 2757 ·
1539 2732 1632 2784 καὶ
1663 2731 1820 2786 τοῦτο

210 2824 394 2879 εἰπὼν
426 2825 757 2897 ἀνεφύσησε,
789 2845 807 2878 ι
844 2824 938 2878 καὶ
971 2825 1039 2877 τά
1069 2823 1213 2895 ἑξῆς.
1234 2822 1387 2894 Ἐχοι
1422 2824 1467 2877 δ’
1499 2823 1564 2876 ἂν
1591 2824 1816 2878 ἀκολου-

210 2920 345 2973 θίαν
376 2920 406 2971 ὁ
436 2917 567 2988 παρ’
593 2917 927 2989 ἀμφοτέροις
951 2917 1128 2986 λόγος,
1155 2920 1203 2970 εἰ
1230 2917 1298 2971 τά
1324 2918 1475 2987 παρὰ
1514 2916 1592 2988 τῷ
1635 2918 1817 2988 Λουκᾷ

215 3011 421 3082 πρῶτα
451 3010 767 3083 πεπρᾶχθαι
806 3009 1190 3081 λογισαίμεθα,
1213 3006 1313 3063 εἶθ’
1338 3009 1511 3073 οὕτως
1542 3010 1658 3081 μετ’
1678 3011 1816 3062 ἐκεῖ·

1922 1804 2164 1860 ducavit.
2194 1805 2317 1861 Haec
2341 1808 2515 1879 magis
2539 1810 2850 1880 corporalia
2871 1827 2995 1866 cum
3021 1814 3150 1878 sint,
3177 1830 3511 1885 gravemque

1923 1899 2295 1967 apostolorum
2326 1901 2764 1958 incredulitatem
2787 1914 3069 1969 accusent,
3094 1916 3148 1960 et
3177 1908 3348 1977 ipsius
3374 1910 3505 1964 Ser-

1923 1991 2128 2044 vatoris
2165 1990 2559 2063 indulgentiam
2606 2003 2855 2064 arguant,
2889 1999 3271 2067 persuadentis
3316 2002 3400 2056 eis
3442 2017 3510 2057 ac

1923 2081 2353 2140 demOustrantis
2385 2101 2444 2140 se
2473 2101 2617 2151 esse,
2659 2087 2821 2142 Lucze
2859 2098 3043 2159 utpote
3086 2092 3312 2146 secundi
3354 2092 3507 2148 ordi-

1922 2174 2011 2228 nis
2044 2174 2252 2229 homini
2289 2178 2583 2232 scribcnda
2615 2179 2852 2249 Spiritus
2875 2183 3153 2238 commisit
3184 2185 3317 2241 :sed
3349 2187 3507 2243 nobi-

1921 2264 2061 2319 liora
2096 2275 2150 2322 et
2184 2267 2425 2323 divinam
2450 2272 2708 2326 virtutem
2748 2275 3180 2344 comprobautia,
3214 2294 3309 2347 per
3335 2276 3507 2335 Joan-

1926 2371 2049 2411 nem
2067 2358 2335 2423 exhibuit,
2358 2362 2521 2430 quiet
2543 2362 2659 2431 ipse
2686 2378 2812 2417 mox
2840 2366 3031 2419 scribit
3064 2385 3076 2420 :
3116 2386 3134 2418 ι
3169 2367 3354 2425 Gavisi
3379 2380 3509 2426 sunt

1920 2463 2053 2520 ergo
2087 2449 2365 2520 discipuli,
2402 2452 2521 2507 viso
2571 2453 2824 2509 Domino.
2865 2475 2883 2506 ι
2920 2456 3066 2510 Dixit
3104 2474 3236 2528 ergo
3278 2460 3358 2516 eis
3406 2462 3510 2518 ite-

1921 2558 2086 2597 rum:
2127 2561 2146 2593 ι
2188 2542 2297 2598 Pax
2333 2545 2506 2601 vobis.
2546 2544 2701 2600 Sicut
2743 2548 2894 2603 misit
2946 2566 3033 2603 me
3074 2549 3253 2615 Pater,
3308 2560 3361 2607 et
3408 2568 3510 2625 ego

1921 2635 2079 2689 mitto
2106 2651 2227 2690 vos.
2260 2636 2323 2690 Et
2354 2652 2476 2691 cum
2503 2638 2614 2691 base
2637 2639 2885 2704 dixisset,
2915 2641 3232 2706 insumavit,
3258 2662 3277 2695 ι
3304 2655 3356 2699 et
3379 2647 3511 2700 reli-

1920 2742 2050 2795 qua.
2084 2725 2318 2782 Habebit
2363 2737 2545 2783 autem
2594 2746 2794 2786 nexum
2827 2734 3116 2805 utriusque
3155 2738 3508 2806 evangelista

1920 2819 2118 2883 oratio,
2157 2820 2203 2875 si
2235 2836 2355 2891 quae
2387 2821 2522 2876 dicit
2562 2820 2760 2887 Lucas,
2790 2824 2944 2893 prius
2986 2837 3109 2879 acta
3141 2834 3460 2895 reputemus
3488 2849 3504 2894 ;

1922 2927 2049 2967 mox
2076 2923 2302 2968 narrata
2354 2915 2454 2969 abs
2486 2914 2699 2972 Joanne
2748 2918 3085 2988 ropulemus.
3134 2918 3329 2975 Adhuc
3358 2922 3505 2975 enim

1922 3008 2030 3064 illis
2059 3024 2169 3062 non
2205 3008 2578 3075 credentibus,
2612 3025 2797 3065 escam
2847 3011 3182 3081 postulavit;
3216 3027 3395 3082 neque
3422 3016 3507 3082 pi-

209 3079 279 3156 νά
317 3079 720 3172 πυνάψομεντὰ
746 3099 898 3172 παρά
920 3099 999 3170 τῷ
1031 3079 1412 3171 ἽΊωάννῃΠΈτι
1443 3079 1670 3170 μὲνγὰρ
1692 3099 1816 3152 ἀπι-
1842 3079 1886 3138 c
1920 3116 1970 3156 sc

1921 3102 2032 3157 scis
2059 3118 2159 3157 esu
2190 3111 2507 3167 contentus,
2538 3119 2823 3159 sermones
2848 3118 2980 3160 suos
3006 3104 3316 3169 conlirmat,
3354 3107 3506 3176 prio-

210 3192 513 3246 στούντων.
537 3191 719 3245 αὐτῶν
751 3194 845 3245 καὶ
874 3192 1081 3264 τροφὴν
1109 3193 1247 3262 ᾔτει,
1279 3193 1373 3245 καὶ
1419 3192 1492 3262 μὴ
1523 3191 1814 3263 ἀρκεσθεὶς

208 3288 280 3356 τῇ
339 3283 541 3356 βρώσει
569 3284 665 3338 τοῦ
706 3283 907 3355 ἰχθύος,
944 3285 1038 3337 καὶ
1085 3284 1274 3353 λόγους
1307 3284 1504 3348 αὐτοὺς
1548 3284 1812 3356 στηρίξει,

208 3378 318 3447 τῆς
340 3378 613 3449 προτέρας
629 3379 825 3440 αὐτοὺς
849 3378 1282 3449 ὑπομιμνήσκων
1300 3376 1648 3440 διδασκαλίας
1672 3376 1814 3429 κατὰ

207 3470 309 3523 τὸν
332 3470 705 3523 Λουκᾶν.“οτε
735 3469 793 3522 δὲ
818 3468 1002 3522 λοιπὸν
1029 3468 1343 3532 πεισθέντες
1365 3468 1816 3540 ὲπληροφορήθη-

211 3581 324 3616 σαν
352 3563 516 3615 αὑτὸν
538 3558 678 3617 εἶναι
712 3562 950 3635 ἀληθῶς,
985 3562 1080 3615 καὶ
1113 3562 1299 3616 λοιπὸν
1334 3564 1505 3633 χαρᾶς
1541 3558 1682 3633 ¹ἦσαν
1717 3579 1812 3632 με·

211 3653 361 3716 στοὶ,
390 3653 513 3706 τότε
537 3653 798 3725 δευτέραν
830 3655 1017 3717 αὐτοῖς
1048 3654 1273 3726 εἰρήνην
1304 3654 1497 3726 ἑτέραν
1519 3654 1614 3707 καὶ
1639 3654 1815 3724 κρείτ-

206 3763 351 3800 τονα
385 3746 537 3817 παρά
577 3746 675 3819 τὴν
719 3747 994 3819 προτέραν
1026 3747 1229 3812 δίδωσι,
1258 3748 1353 3799 καὶ
1378 3746 1812 3817 παρακελεύεται

209 3839 475 3908 ἑτοίμους
500 3834 639 3892 εἶναι
678 3841 757 3903 είς
790 3839 888 3910 τὴν
921 3838 1247 3910 ἀποστολὴν,
1278 3839 1560 3909 μονονουχὶ
1595 3837 1812 3908 ὁμοίους

209 3931 371 4002 αὐτῷ
397 3931 492 3984 καὶ
515 3932 715 3995 αὐτοὺς
748 3930 965 3984 ἔσεσθαι
997 3930 1085 3984 διά
1116 3930 1211 3983 τοῦ
1238 3929 1422 4001 ὁμοίου
1446 3928 1606 4002 ἔργου
1634 3932 1811 3997 ἑπαγ-

209 4021 561 4093 γειλάμενος.
595 4018 708 4075 Εἶθ’
740 4022 866 4093 ἑξῆς
910 4022 1005 4076 καὶ
1054 4020 1366 4085 ἀκολούθως
1406 4022 1606 4091 ὲμπνεῖ
1628 4020 1811 4083 αὐτοῖς

208 4115 314 4167 τοῦ
340 4115 498 4182 ἀγίου
524 4113 864 4185 Πνεύματος,
895 4113 971 4177 ὡς
1006 4112 1072 4167 ἂν
1100 4113 1372 4183 δεομένοις
1393 4112 1583 4165 τούτου
1611 4112 1690 4175 εἰς
1712 4110 1810 4182 τὴν

211 4204 353 4274 ἑξῆς
383 4204 787 4277 ἐπιφερομένην
814 4204 1149 4273 ἐπαγγελίαν
1168 4219 1182 4231 ·
1216 4202 1355 4274 αὕτη
1382 4203 1439 4255 δὲ
1464 4198 1532 4273 ἦν
1557 4202 1618 4255 τὸ
1650 4202 1809 4254 δύνα-

212 4295 347 4348 σθαι
376 4295 594 4364 ἀφιέναι
627 4295 903 4367 ἁμαρτίας
926 4295 1014 4348 διά
1042 4294 1144 4364 τῆς
1182 4293 1278 4347 τοῦ
1304 4293 1462 4362 ἁγίου
1491 4292 1809 4363 Πνεύματος

1918 3208 2033 3246 rem
2058 3193 2138 3249 eis
2168 3209 2290 3264 quae
2320 3202 2406 3249 est
2448 3196 2591 3265 apud
2620 3194 2823 3251 Lucam
2857 3196 3164 3251 doctrinam
3210 3196 3501 3253 refricans.

1917 3282 2216 3355 Postquam
2240 3301 2368 3341 vero
2390 3287 2701 3352 credentes,
2726 3288 2906 3356 ipsum
2938 3302 3067 3343 vere
3100 3302 3226 3343 esse
3252 3288 3357 3342 sibi
3383 3304 3509 3356 per-

1918 3386 2231 3441 suaserant,
2252 3379 2476 3448 jamque
2502 3378 2705 3449 gaudio
2729 3379 3059 3443 dillluerent,
3093 3391 3227 3434 tunc
3260 3379 3506 3435 secundo

1915 3470 1998 3524 eis
2029 3484 2243 3539 pacem,
2287 3471 2566 3524 meliorem
2602 3472 2813 3527 scilicet
2845 3472 3019 3542 prima
3047 3472 3356 3542 impertitus
3383 3482 3466 3528 est
3485 3514 3502 3539 ,

1918 3570 2082 3630 atque
2107 3567 2168 3613 ut
2195 3560 2525 3630 apostolatui
2551 3563 2727 3631 parati
2755 3570 2941 3617 essent
2971 3562 3272 3627 mandavit,
3295 3563 3506 3618 similes

1914 3651 2311 3723 propemodum
2366 3653 2452 3708 sui
2501 3653 2717 3709 futuros
2752 3655 2821 3709 ob
2857 3656 3040 3725 operis
3084 3655 3502 3711 similitudinem

1916 3745 2213 3816 spondeus.
2253 3746 2372 3802 Mox
2421 3753 2791 3802 consentanee
2833 3744 3096 3816 Spiritum
3141 3756 3394 3802 sanctum
3445 3750 3501 3801 in

1913 3852 2011 3893 eos
2041 3837 2352 3907 inspiravit,
2385 3846 2575 3910 utpote
2602 3839 2750 3893 illius
2782 3837 3001 3910 indigos
3037 3838 3105 3892 ad
3152 3854 3279 3893 mox
3307 3840 3498 3894 dicen-

1913 3930 2040 3985 dam
2074 3930 2563 3987 denuntiationem.
2604 3930 2733 3986 Haec
2780 3939 2961 3985 autem
2996 3938 3136 3994 erat,
3172 3945 3335 4001 posse
3376 3931 3501 3987 illos

1912 4032 2140 4093 peccata
2178 4024 2454 4080 dimittere
2482 4039 2579 4095 per
2606 4025 2783 4079 sancti
2814 4022 3053 4093 Spiritus
3088 4022 3368 4078 virtutem.
3402 4026 3502 4076 At-

1912 4131 2019 4185 que
2064 4114 2139 4169 ita
2195 4132 2263 4171 ex
2313 4116 2580 4172 ambobus
2613 4116 2962 4186 evangelistis
3006 4130 3151 4169 unus
3188 4116 3499 4172 communis

1911 4206 2229 4277 perﬁcietur
2261 4223 2479 4276 sermo;
2519 4208 2648 4263 dum
2681 4208 2827 4263 dicta
2857 4208 2998 4278 apud
3040 4206 3268 4275 Lucam,
3305 4215 3497 4263 taeen-

1912 4308 2004 4354 tur
2045 4298 2191 4370 apud
2242 4298 2544 4367 Joannem;
2581 4301 2939 4370 vicissimque
2982 4302 3038 4354 in
3084 4280 3501 4355 Joannis’scri-

206 4387 518 4459 δυνάμεως.
551 4388 662 4441 Καὶ
700 4387 874 4451 οὓτως
920 4386 980 4452 ἐξ
1026 4388 1352 4458 ἀμφοτέρων
1382 4384 1493 4438 τῶν
1525 4384 1805 4454 εὐαγγελι-
1841 4422 1884 4477 D
1911 4401 1968 4461 pt

1921 4401 2074 4460 ptura
2145 4391 2458 4455 traduntur,
2526 4406 2648 4461 qua;
2707 4392 2928 4446 silentio
2992 4390 3169 4447 Lucas
3232 4392 3431 4461 premit
3480 4407 3495 4443 :

211 4479 363 4534 στῶν
409 4477 490 4543 εἷς
535 4479 791 4543 κοινωνὸς
834 4479 1304 4550 ἁπαρτισθήσεται
1344 4477 1521 4546 λόγος,
1553 4474 1662 4529 τῶν
1707 4478 1804 4546 μὲν

210 4573 371 4645 παρὰ
419 4572 498 4644 τῷ
535 4574 721 4644 Λουκᾷ
746 4572 1105 4644 λελεγμένων,
1135 4570 1518 4643 σιωπηθέντων
1544 4569 1696 4641 παρά
1727 4568 1806 4638 τῷ

222 4665 456 4737 Ἰωάννῃ
473 4680 487 4693 ⁸
516 4663 624 4717 τῶν
647 4664 705 4717 δὲ
731 4663 836 4717 ὑπὸ
864 4663 958 4717 τοῦ
985 4664 1233 4718 Ἰωάννου
1255 4665 1439 4733 γραφῇ
1475 4659 1808 4734 παραδοθέν-

208 4773 346 4821 των,
376 4759 502 4829 σιγῇ
545 4755 948 4827 ταμιευθέντων
990 4753 1142 4826 παρά
1166 4753 1244 4825 τῷ
1276 4756 1488 4826 Λουκᾷο
1526 4754 1619 4807 καὶ
1656 4750 1803 4825 πρώ-

1914 4481 2093 4551 primo
2124 4482 2267 4547 loco,
2303 4493 2360 4535 ut
2382 4483 2646 4546 diximus,
2680 4498 2802 4553 quae
2829 4491 2958 4538 sunt
2986 4481 3146 4538 Lucaa
3179 4485 3495 4550 collocatis;

1914 4567 2114 4621 deinde
2145 4584 2267 4637 quae
2298 4565 2540 4623 Joannes
2568 4570 2667 4633 ait,
2711 4569 2974 4623 subnexis
3001 4584 3017 4633 ;
3061 4568 3308 4623 eamdem
3343 4583 3498 4622 men-

1917 4666 2023 4713 tem
2054 4674 2407 4730 sensumque,
2439 4674 2561 4729 quae
2595 4667 2725 4714 sunt
2756 4659 2897 4728 apud
2920 4669 3236 4727 utrumque,
3272 4673 3498 4713 servan-

1916 4750 2085 4805 tibus.
2112 4751 2291 4819 Atque
2320 4751 2434 4804 baac
2463 4751 2537 4803 ita
2569 4767 2630 4807 se
2661 4752 2884 4805 habent.

207 4871 325 4907 των
376 4853 477 4923 μὲν
523 4851 631 4904 τῶν
681 4849 833 4922 παρὰ
873 4850 951 4923 τῷ
996 4853 1178 4921 Λουκᾷ
1208 4849 1569 4920 λελεγμένων,
1596 4847 1723 4918 ἑξῆς
1755 4846 1812 4899 δὲ
1840 4845 2071 4907 ἐκείνοις
2132 4846 2553 4916 συναπτομένων
2593 4844 2703 4899 τῶν
2743 4844 2895 4914 παρὰ
2927 4842 3006 4913 τῷ
3055 4842 3306 4912 Ἰωάννῃ·
3355 4840 3500 4894 οὕτω

207 4967 273 5003 τε
304 4948 400 5002 ἕνα
430 4948 555 5002 νοῦν
601 4949 696 5001 καὶ
743 4947 873 5018 μίαν
919 4947 1157 5000 διάνοιαν
1192 4944 1473 5010 σωζόντων
1517 4942 1624 4997 τῶν
1671 4944 1800 5013 παρ’
1839 4940 2190 5012 ἀμφοτέροις.
2218 4940 2400 4997 Ταῦτα
2437 4941 2534 5013 μὲν
2564 4942 2755 5014 ταύτῃ.

988 5063 1043 5120 1'.

286 5184 401 5255 (70)
441 5182 568 5248 Πῶς
614 5183 673 5237 δὲ
719 5180 873 5255 παρὰ
903 5182 1000 5252 μὲν
1028 5180 1105 5252 τῷ
1135 5181 1402 5251 Ματθαίῳ
1431 5178 1662 5249 ἄγγελος
1711 5180 1809 5248 όφ-

209 5279 329 5341 θεὶς
358 5279 476 5340 ταῖς
502 5273 717 5344 γυναιξὶ
744 5272 1107 5345 παρήγγειλεν
1132 5272 1463 5339 ἀπαγγεῖλαι
1488 5273 1600 5333 τοῖς
1627 5268 1803 5341 μαθη-

208 5372 333 5432 ταῖς
350 5368 541 5433 αὐτοῦ,
558 5369 663 5432 ὅτι,
681 5365 922 5439 Ἠγέρθη
943 5365 1052 5419 ἀπὸ
1070 5365 1179 5417 τῶν
1198 5363 1428 5436 νεκρῶν,
1455 5363 1545 5417 καὶ
1570 5360 1802 5435 προάγει

208 5465 359 5534 ὑμᾶς
409 5463 491 5525 είς
531 5460 629 5533 τὴν
664 5458 974 5524 Γαλιλαίαν,
1010 5459 1125 5511 ἐκεῖ
1151 5455 1311 5510 αὐτὸν
1335 5455 1563 5526 ὄψεσθε,
1602 5454 1802 5526 ὁμοίως

287 5638 399 5708 (69)
439 5636 672 5693 Minoris
707 5634 1127 5708 ordinisLueas
1163 5643 1215 5688 et
1251 5632 1489 5695 Marcus,
1524 5638 1796 5708 quatenus

211 5711 269 5766 hi
290 5702 400 5766 non
426 5708 648 5764 fuerunt
668 5708 887 5763 Domini
907 5706 1035 5763 Jesu
1059 5713 1395 5775 spectatores
1417 5712 1471 5759 et
1494 5702 1794 5756 auditores.

458 5809 716 5869 Pyrum.
785 5805 906 5869 Gn.
994 5804 1205 5867 XXII.

2675 5058 2743 5112 Χ.

1988 5173 2275 5239 Quomodo
2312 5172 2455 5244 apud
2488 5170 2803 5226 Matthaeum
2834 5169 3053 5241 quidem
3086 5169 3313 5240 angelus
3344 5168 3495 5222 visus

1911 5268 2239 5323 mulieribus
2310 5265 2592 5321 mandavit
2646 5266 2906 5320 nuntiare
2957 5262 3247 5334 discipulis
3302 5258 3493 5315 Jesum

1910 5360 2317 5422 resurrexisse,
2361 5358 2596 5429 illosque
2634 5370 3032 5428 prmcessurum
3077 5354 3131 5408 in
3173 5353 3490 5415 Galilaeam,

1910 5453 2097 5524 ibique
2151 5451 2269 5507 fore
2313 5450 2713 5523 conspicuum,
2761 5449 3015 5505 similiter
3058 5443 3203 5518 apud
3247 5442 3493 5499 Marcum

1978 5629 2092 5703 (70)
2133 5627 2267 5685 Cod.
2303 5630 2367 5695 A,
2402 5628 2439 5685 r.
2472 5627 2597 5696 διδ,
2627 5629 2678 5683 b.

3134 5783 3213 5841 32
