3846 6220
389 173 416 229 1
428 173 530 231 005

1096 174 1366 232 EUSEBH
1406 177 1881 237 CESARIENSIS
1915 177 2067 236 OPP.
2112 183 2288 239 PARS
2327 184 2415 240 Ill.
2458 218 2509 227 —
2565 186 2977 248 EXEGETICA.

3428 174 3435 179 ⁷
3520 172 3652 250 lcet

385 303 607 362 quoque
637 304 667 344 a
693 289 924 361 juvene,
963 307 1126 363 quem
1174 294 1229 347 in
1270 295 1463 349 dextra
1502 304 1657 367 parte
1697 298 1936 354 sedente:

2079 301 2134 355 δὲ
2186 304 2277 358 καὶ
2329 309 2481 379 παρά
2510 308 2589 380 τῷ
2618 309 2829 379 Μάρκῳ
2853 311 2882 361 ὁ
2912 308 3213 376 νεανίσκος,
3242 310 3300 363 ὃν
3332 307 3472 367 εἶδον
3501 314 3665 387 καθή-

383 381 671 450 viderunt,
697 382 812 439 hac
839 385 1163 441 mulieribus
1194 386 1341 441 dicta
1372 386 1545 444 fuere.
1576 389 1734 460 Apud
1763 390 1967 446 Lucam

379 490 513 532 vero
540 476 595 530 in
628 477 749 547 ipsa
778 476 914 532 urbe
941 475 1245 533 Jerusalem
1278 482 1630 551 congregatis
1676 483 1968 554 discipulis

382 567 668 632 undecim,
703 575 756 623 et
785 569 854 623 de
886 571 1311 626 resurrectionis
1345 574 1567 643 negotio
1613 575 1845 630 invicem
1879 593 1968 631 re-

380 657 717 724 ferentibus,
751 661 903 715 stetit
931 661 1092 718 Jesus
1125 662 1178 717 in
1215 663 1395 719 medio
1428 680 1617 720 eorum
1641 706 1655 730 ,
1709 668 1966 723 eosdem-

375 769 485 824 que
520 755 796 810 allocutus
843 763 971 820 est,
1021 756 1243 827 assique
1290 758 1460 827 piscis
1512 767 1722 829 partem
1772 777 1963 815 coram

375 848 512 918 ipsis
543 849 802 906 comedit.
834 850 992 920 Apud
1021 850 1290 907 Joannem
1325 853 1564 924 denique
1596 855 1650 909 in
1685 858 1803 927 ipsa
1830 857 1960 911 item

374 939 700 1008 Jerusalem,
733 958 843 997 non
887 945 1076 1011 semel,
1118 944 1213 1000 sed
1247 947 1410 1001 etiam
1465 947 1659 1003 iterum
1711 949 1963 1020 apparuit

373 1033 625 1089 undecim
657 1074 671 1099 ,
703 1035 883 1105 primo
927 1036 1144 1107 quidem
1193 1039 1311 1108 ipsa
1361 1040 1786 1096 resurrectionis
1827 1041 1916 1097 die
1942 1082 1957 1107 ,

371 1143 529 1196 sero;
560 1127 759 1183 deinde
788 1136 911 1199 post
943 1131 1062 1185 dies
1094 1138 1241 1186 octo.
1276 1132 1567 1198 Quomodo
1592 1151 1724 1205 ergo
1760 1152 1961 1191 secun—

370 1219 499 1276 dum
532 1220 738 1275 Lucam
768 1228 933 1290 atque
960 1220 1230 1278 Joannem
1261 1225 1426 1281 toties
1467 1241 1533 1281 eo
1581 1242 1611 1281 a
1661 1227 1956 1298 discipulis

372 1313 431 1370 in
457 1314 576 1384 ipsa
619 1313 922 1379 Jerusalem
956 1317 1110 1379 viso,
1148 1318 1452 1373 secundum
1500 1318 1744 1373 Marcum
1793 1330 1957 1390 atque

367 1404 683 1462 Matthaeum
716 1407 1037 1462 mandatum
1068 1408 1262 1464 iisdem
1291 1426 1389 1480 per
1428 1411 1690 1468 mulieres
1732 1410 1855 1479 fuit,
1895 1420 1956 1467 ut

367 1500 425 1555 in
455 1499 732 1555 Galilaeam
777 1500 1026 1565 abirent,
1055 1507 1244 1570 utpote
1270 1501 1383 1556 illic
1411 1517 1537 1557 eum
1570 1501 1773 1560 visuris
1794 1542 1810 1569 ,
1841 1519 1952 1559 non

364 1599 549 1650 autem
582 1594 636 1649 iu
670 1594 804 1650 urbe
833 1593 1136 1652 Jerusalem
1166 1595 1499 1667 spectaturis
1524 1595 1548 1650 *ί

434 1768 708 1827 Praeterea
729 1812 744 1837 ,
774 1773 821 1828 si
847 1772 1103 1830 undecim
1130 1776 1281 1832 solos
1310 1774 1624 1833 Servatoris
1644 1760 1954 1850 discipulos

363 1860 785 1936 Evangeliorum
826 1867 1101 1937 scriptura
1127 1876 1451 1938 agnosceret
1471 1909 1487 1934 ,
1520 1870 1603 1926 sic
1628 1886 1846 1941 quoque
1870 1873 1956 1928 di-

363 1965 511 2014 ceret
554 1958 712 2013 nulla
744 1974 801 2014 re
831 1959 978 2014 hunc
1009 1976 1318 2016 sermonem
1347 1960 1614 2030 deﬁcere,
1646 1963 1691 2019 si
1724 1972 1952 2022 eatenus

360 2048 655 2105 mulierum
683 2052 1031 2107 sermonibus
1055 2067 1164 2107 non
1187 2053 1473 2110 credentes
1494 2053 1798 2125 discipulos
1820 2071 1950 2111 suos

359 2139 736 2209 conﬁrmans,
774 2144 944 2198 semel
975 2153 1028 2199 et
1056 2144 1255 2199 iterum
1290 2146 1428 2216 ipsis
1461 2145 1517 2200 in
1549 2147 1688 2202 urbe
1722 2144 1950 2202 Jerusa-

360 2232 472 2288 lem
507 2232 810 2289 latcntibus
834 2235 1138 2304 apparuit:
1171 2245 1227 2290 at
1258 2236 1315 2290 in
1347 2235 1570 2292 Galilaea
1600 2254 1944 2308 nequaquam

356 2324 594 2388 occulte,
628 2340 808 2395 neque
840 2326 1010 2381 semel
1037 2334 1130 2381 aut
1160 2328 1363 2383 iterum
1385 2366 1400 2393 ,
1428 2345 1609 2399 neque
1640 2330 1712 2384 ub
1740 2338 1943 2385 metum

356 2432 388 2471 a
417 2415 627 2473 Judaeis
659 2418 987 2484 conclusos,
1018 2421 1188 2474 multa
1217 2436 1342 2475 cum
1373 2420 1572 2476 ﬁducia
1602 2421 1945 2493 apparitione

353 2525 459 2569 sua
510 2511 842 2583 deitatisque
869 2513 1188 2568 ostensione
1215 2513 1476 2584 dignatus
1505 2521 1620 2577 est,
1660 2521 1832 2569 semet
1860 2513 1944 2569 vi-

350 2613 570 2662 ventem
591 2606 889 2662 ostendens
901 2614 1024 2675 post
1034 2606 1368 2676 passionem,
1395 2606 1581 2660 multis
1600 2621 1724 2660 cum
1743 2607 1938 2677 signis,

351 2712 452 2769 per
480 2699 847 2769 quadraginta
889 2698 1008 2754 dies
1049 2699 1386 2769 conspicuus
1411 2708 1465 2753 et
1498 2699 1731 2770 loquens
1754 2700 1822 2755 de
1850 2716 1939 2755 rev

351 2806 461 2862 gno
492 2790 587 2847 Dei
620 2800 784 2862 atque
814 2806 1150 2848 convcrsans
1177 2810 1191 2860 ;
1228 2800 1286 2847 ut
1315 2792 1371 2846 in
1400 2792 1629 2847 Actibus
1660 2793 1940 2863 apostolo-

348 2898 475 2940 rum
508 2883 687 2940 Lucas
714 2885 812 2939 ait.
840 2884 1020 2955 Atque
1045 2886 1160 2941 hac
1189 2885 1366 2955 prima
1393 2894 1513 2940 esto
1539 2886 1764 2942 solutio.
1791 2884 1937 2952 Quo-

2076 415 2236 468 μενον
2269 403 2326 454 ὲν
2352 394 2463 466 τοῖς
2488 399 2702 467 δεξιοῖς,
2727 403 2901 457 ταῦτα
2928 399 3049 455 εἷπε
3086 406 3206 468 ταῖς
3235 407 3474 473 γυναιξί.
3512 410 3664 483 Παρὰ

2071 487 2128 540 δὲ
2178 489 2257 561 τῷ
2289 493 2475 564 Λουκᾷ
2502 494 2559 547 ὲν
2588 494 2726 564 αὐτῇ
2775 497 2841 564 τῇ
2883 494 3261 567 Ἰερουσαλὴμ,
3289 497 3661 570 ἠθροισμένων

2073 579 2212 632 κατὰ
2234 575 2293 634 τὸ
2326 580 2459 635 αὐτὸ
2488 582 2596 635 τῶν
2634 582 2893 653 μαθητῶν
2925 582 3032 635 τῶν
3060 582 3271 647 ἕνδεκα,
3308 586 3403 638 καὶ
3435 586 3502 639 τὰ
3542 589 3665 660 περὶ

2069 673 2170 743 τῆς
2196 675 2546 739 ἀναστάσεως
2583 674 2747 728 αὑτοῦ
2802 674 3052 745 ἀλλήλοις
3083 676 3501 747 ὑφηγουμένων,
3538 681 3661 754 ἔστη

2073 764 2242 834 μέσος
2290 765 2473 830 αὐτὸς,
2505 765 2601 819 καὶ
2651 766 3120 838 προσδιαλέγεται,
3154 770 3249 821 καὶ
3288 770 3471 839 ἰχθύος
3498 775 3661 827 ὀπτοῦ

2070 854 2237 923 μέρος
2268 855 2497 909 ἐνώπιον
2526 856 2708 911 αὐτῶν
2736 856 2928 926 ἔφαγε.
2953 858 3062 911 Καὶ
3102 860 3246 913 κατὰ
3288 862 3382 913 τὸν
3410 863 3661 936 Ἰωάννην

2062 942 2119 997 δὲ
2147 948 2202 998 ἐν
2231 944 2364 1018 αὐτῇ
2384 951 2448 1019 τῇ
2480 948 2832 1020 Ἰερουσαλὴμ
2858 950 3037 1011 πάλιν,
3071 951 3168 1021 ούχ
3201 951 3369 1017 ἅπαξ,
3400 953 3539 1009 ἀλλὰ
3569 957 3663 1011 καὶ

2060 1033 2311 1107 δεύτερον
2360 1036 2516 1109 ὤφθη
2569 1043 2683 1103 τοῖς
2733 1039 2943 1104 ἕνδεκα,
2974 1041 3189 1113 πρῶτον
3231 1046 3329 1114 μὲν
3362 1046 3458 1099 καὶ
3490 1049 3660 1120 αὐτὴν

2059 1126 2159 1198 τὴν
2185 1128 2395 1200 ἡμέραν
2425 1131 2525 1201 τῆς
2548 1132 2917 1196 ἀναστάσεως,
2941 1129 3100 1202 ὀψίας
3119 1152 3133 1165 ·
3160 1130 3278 1188 εἶτα
3302 1137 3422 1205 μεθ’
3446 1138 3659 1212 ἡμέρας

2057 1216 2222 1274 ὀκτώ.
2256 1219 2379 1285 Πῶς
2428 1217 2520 1274 οὖν
2574 1221 2717 1275 κατά
2759 1222 2852 1274 τὸν
2895 1225 3110 1278 Λουκᾶν
3142 1226 3236 1278 καὶ
3270 1228 3362 1280 τὸν
3402 1229 3656 1303 Ἰωάννην

2055 1310 2384 1373 τοσαυτάκις
2411 1311 2668 1380 ὀφθέντος
2701 1313 2866 1367 αὑτοῦ
2892 1316 3005 1378 τοῖς
3036 1315 3305 1388 μαθηταῖς
3336 1320 3393 1371 ἐν
3424 1322 3561 1392 αὐτῇ

2068 1397 2441 1473 Ἰερουσαλὴμ,
2473 1405 2614 1458 κατὰ
2640 1406 2730 1458 τὸν
2757 1406 2984 1477 Μάρκον
3010 1409 3103 1460 καὶ
3132 1409 3225 1462 τὸν
3252 1410 3532 1465 θίατθαῖον
3560 1432 3652 1467 κε-

2054 1490 2301 1547 λεύονται
2326 1496 2374 1547 οἱ
2405 1496 2559 1548 αὐτοὶ
2585 1494 2673 1550 διὰ
2694 1497 2803 1550 τῶν
2828 1497 3102 1565 γυναικῶν
3131 1500 3211 1563 εἰς
3237 1499 3335 1571 τὴν
3361 1501 3655 1556 Γαλιλαίαν

2053 1584 2329 1652 ἀπελθεῖν,
2362 1587 2438 1651 ὡς
2467 1590 2581 1641 ἐκεῖ
2606 1588 2769 1643 αὐτὸν
2802 1590 3080 1661 ὀψόμενοι,
3116 1590 3234 1644 ἀλλ’
3262 1593 3323 1645 οὐ
3364 1593 3651 1664 μέλλοντες

1985 1671 2030 1730 Β
2058 1677 2219 1731 αὐτὸν
2250 1678 2475 1732 θεᾶσθαι
2505 1682 2563 1733 ὲν
2593 1683 2659 1752 τῇ
2694 1682 3079 1753 Ἱερουσαλήμ;

2130 1771 2240 1845 (71)
2285 1775 2407 1827 Ἔτι
2440 1777 2487 1827 εί
2520 1775 2617 1847 μὲν
2648 1777 2776 1838 τοὺς
2803 1775 2997 1828 ἕνδεκα
3027 1776 3221 1846 μόνους
3258 1777 3508 1848 μαθητὰς
3554 1778 3650 1832 τοῦ

2057 1859 2310 1936 Σωτῆρος
2344 1867 2377 1937 ἡ
2402 1867 2511 1921 τῶν
2535 1867 2886 1937 Εὐαγγελίων
2911 1868 3179 1938 ἠπίστατο
3208 1870 3416 1943 γραφὴ,
3447 1873 3540 1925 καὶ
3562 1866 3652 1925 οὗ·

2054 1974 2161 2021 τως
2206 1954 2358 2012 εἶπεν
2406 1959 2471 2014 ἄν
2509 1978 2594 2025 τις
2644 1962 2810 2033 μηδὲν
2841 1962 2933 2015 τὸν
2963 1961 3119 2031 λόγον
3162 1962 3391 2030 λείπιν,
3419 1967 3466 2017 εί
3511 1967 3649 2030 τέως

2056 2050 2156 2120 μὲν
2186 2051 2548 2118 ἀπιστοῦντας
2569 2058 2689 2119 ταῖς
2715 2054 2825 2109 τῶν
2849 2055 3122 2124 γυναικῶν
3145 2057 3502 2126 ἐπαγγελίαις
3522 2061 3649 2123 τοὺς

2051 2143 2218 2197 αὑτοῦ
2251 2145 2500 2217 μαθητὰς
2531 2146 2868 2219 θεραπεύων,
2901 2147 3046 2211 ἆπαξ
3066 2148 3159 2200 καὶ
3190 2142 3443 2219 δεύτερον
3464 2151 3649 2213 αὐτοῖς

2049 2233 2324 2309 λαθραίως
2356 2237 2829 2309 κρυπταζομένοις
2866 2241 2925 2292 ὲν
2962 2239 3316 2313 Ἰερουσαλὴμ
3349 2243 3555 2312 ἐφάνη·
3587 2244 3649 2296 ἓν

2047 2348 2111 2400 γε
2162 2329 2266 2401 μὴν
2318 2331 2383 2400 τῇ
2431 2329 2690 2401 Γαλιλαίᾳ
2724 2330 2900 2383 οὐκέτ’
2947 2332 3469 2403 ἐπικεκρυμμένως,
3520 2335 3645 2388 οὑδὲ

2048 2423 2194 2489 ἅπαξ
2228 2421 2349 2475 οὐδὲ
2380 2421 2654 2493 δεύτερον,
2680 2421 2793 2475 ἀλλ’
2818 2422 2926 2475 οὐδ’
2949 2421 3424 2494 ἐγκεκλεισμένοις
3443 2426 3534 2480 διὰ
3552 2426 3648 2481 τὸν

2044 2515 2206 2584 φόϐον
2239 2514 2347 2567 τῶν
2386 2514 2676 2580 Ἰουδαίων,
2711 2515 2807 2568 σὺν
2846 2516 3015 2586 πολλῇ
3050 2514 3105 2569 δὲ
3136 2521 3199 2589 τῇ
3231 2518 3520 2591 παρρησίᾳ
3544 2519 3645 2592 τὴν

2044 2606 2359 2686 θεοφάπιειαε)
2414 2605 2614 2670 αὑτοῦ,
2671 2607 2766 2660 καὶ
2810 2607 2910 2677 τῆς
2963 2608 3217 2680 θεότητος
3266 2611 3367 2682 τὴν
3417 2611 3645 2676 ἔνδειξιν

2042 2701 2295 2765 ἐποιεῖτο,
2334 2698 2615 2770 παριστῶν
2648 2699 2830 2763 αὐτοῖς
2857 2699 3047 2752 ἑαυτὸν
3072 2699 3251 2765 ζῶντα
3279 2701 3419 2770 μετὰ
3447 2703 3508 2757 τὸ
3536 2722 3644 2756 παι

2042 2795 2174 2859 θεῖν,
2197 2795 2253 2845 ὲν
2281 2791 2495 2854 πολλοῖς
2519 2790 2858 2860 τεκμηρίοις,
2888 2790 2955 2843 δι’
2973 2792 3197 2862 ἡμερῶν
3227 2793 3639 2863 τεσσαράκοντα

2039 2882 2406 2953 ὀπτανόμενός
2437 2898 2494 2933 τε
2525 2880 2619 2932 καὶ
2643 2879 2816 2947 λέγων
2850 2879 2918 2932 τά
2946 2881 3074 2951 περὶ
3099 2880 3204 2950 τῆς
3235 2880 3519 2950 βασιλείας
3542 2882 3635 2936 τοῦ

348 2977 498 3032 niam
523 2992 656 3032 vero
688 2977 1066 3047 apostolorum
1097 2977 1285 3033 selecti
1308 2977 1529 3048 quidem
1554 2987 1608 3031 et
1633 2987 1934 3033 summates

2061 2976 2197 3041 950?),
2233 2975 2328 3027 καὶ
2376 2971 2847 3043 συναυλιζὸμενος,
2888 2971 2964 3034 ὥς
3016 2990 3180 3044 φησιν
3229 2976 3256 3026 ὁ
3309 2975 3529 3039 Λουκᾶς
3577 2977 3635 3028 ὲν

347 3084 639 3124 numerum
672 3069 960 3125 duodecim
991 3070 1322 3140 explebant;
1354 3070 1496 3125 alius
1526 3078 1707 3125 autem
1735 3078 1935 3139 praeter

346 3161 452 3217 hos
482 3162 617 3217 ordo
647 3170 765 3216 erat
793 3161 1190 3231 discipulorum
1219 3164 1565 3233 septuaginta
1586 3205 1601 3226 ,
1633 3160 1702 3219 de
1733 3164 1934 3234 quibus

346 3249 482 3306 dicit
495 3250 674 3306 Lucas
692 3249 1051 3321 inEvangelio
1071 3269 1084 3305 :
1109 3271 1126 3302 ι
1142 3249 1272 3306 Post
1290 3252 1404 3306 haec
1421 3253 1584 3323 elegit
1603 3252 1864 3311 Dominus
1881 3263 1933 3311 et

346 3343 488 3400 alios
505 3342 854 3414 septuaginta
877 3342 1025 3409 "-9';
1056 3362 1075 3394 ι
1102 3351 1257 3421 extra
1278 3360 1438 3414 quem
1460 3360 1750 3401 numerum
1773 3356 1933 3403 erant

347 3434 443 3488 alii
470 3435 788 3505 complures
828 3432 1108 3489 Servatori
1155 3433 1533 3501 adhaerentes,
1565 3453 1707 3507 quos
1749 3438 1931 3493 innuit

343 3527 512 3582 etiam
547 3540 703 3582 sacer
732 3525 1032 3596 Apostolus
1056 3563 1072 3590 ,
1104 3525 1335 3581 dicens:
1371 3543 1389 3576 ι
1426 3524 1633 3581 Deinde
1664 3528 1816 3583 visus
1846 3539 1931 3585 est

343 3618 470 3689 plus
497 3632 660 3688 quam
691 3616 1007 3687 quingentis
1045 3615 1311 3672 fratribus
1340 3617 1407 3681 ³³,
1441 3636 1459 3669 ι
1490 3618 1583 3687 qui
1626 3627 1679 3673 et
1720 3620 1822 3690 ipsi
1847 3616 1928 3673 di-

343 3711 685 3782 scipulorum
712 3710 931 3765 nomine
960 3710 1235 3766 honestati
1284 3708 1502 3764 fuerant
1521 3751 1535 3774 ,
1565 3711 1768 3780 quibus
1808 3712 1926 3766 ﬁeri

341 3818 451 3859 non
482 3810 728 3874 poterat,
758 3810 821 3857 ut
849 3804 1017 3858 simul
1061 3802 1320 3857 omnibus
1359 3803 1708 3873 congregatis
1753 3812 1926 3859 semet

341 3894 398 3948 in
435 3894 572 3949 urbe
599 3892 904 3949 Jerusalem
932 3893 1247 3949 ostenderet
1280 3892 1547 3948 Dominus
1578 3902 1703 3964 post
1735 3911 1925 3950 resur-

338 3985 690 4041 rectionem:
739 3983 863 4040 ideo
906 3991 1059 4039 recte
1101 3982 1453 4053 evangelista:
1498 3983 1608 4038 duo
1651 3983 1830 4040 Lucas
1870 3995 1925 4040 et

323 4076 581 4135 Joannes
617 4077 754 4132 solis
794 4075 1052 4131 undecim
1099 4076 1423 4146 apparuisse
1466 4078 1645 4148 ipsum
1690 4079 1745 4131 in
1785 4079 1924 4134 urbe

326 4166 643 4224 Jerusalem
678 4166 949 4223 scribunt.
991 4164 1213 4236 Reliqui
1251 4182 1381 4222 vero
1422 4166 1562 4231 duo,
1594 4182 1706 4222 non
1748 4168 1919 4223 unde-

334 4260 446 4314 cim
472 4258 749 4330 proﬁcisci
774 4259 830 4313 in
855 4256 1132 4313 Galilmam
1155 4298 1170 4322 ,
1200 4257 1297 4314 sed
1321 4261 1548 4314 omnino
1574 4264 1789 4316 cunctis
1817 4262 1922 4315 fra-

2037 3072 2157 3132 ταῖς
2193 3066 2460 3138 Πράξεσι’
2510 3065 2604 3118 καὶ
2656 3063 2794 3136 αὕτη
2842 3062 2939 3133 μὲν
2986 3063 3175 3136 πρώτη
3203 3064 3635 3130 λύσις.Ἐπεὶδὲ

2035 3158 2142 3211 τῶν
2191 3155 2449 3228 μαθητῶν
2497 3156 2546 3208 οἱ
2600 3154 2697 3225 μὲν
2749 3152 2992 3224 ἔκκριτοι
3027 3154 3120 3206 καὶ
3162 3154 3372 3225 πρῶτοι
3402 3156 3496 3208 τὸν
3526 3155 3631 3208 τῶν

2033 3248 2243 3303 δώδεκα
2279 3247 2650 3318 συνεπλήρουν
2677 3246 2857 3318 χορὸν,
2883 3245 3133 3317 δεύτερον
3160 3246 3216 3299 δὲ
3240 3249 3391 3319 παρά
3409 3248 3631 3312 τούτους

2032 3341 2294 3412 ἐτύγχανε
2319 3340 2504 3411 τάγμα
2540 3339 2601 3391 τὸ
2640 3339 2749 3393 τῶν
2792 3339 3186 3409 ἐϐδομήκοντα,
3225 3340 3356 3410 περὶ
3388 3333 3467 3393 ὧν
3499 3356 3631 3411 φησι

2032 3435 2247 3497 Λουκᾶς
2275 3436 2332 3487 ὲν
2359 3433 2438 3503 τῷ
2462 3431 2781 3501 Εὑαγγελίῳ
2801 3448 2814 3460 ·
2842 3450 2859 3480 ι
2882 3430 3039 3484 Μετά
3063 3430 3120 3483 δὲ
3147 3431 3322 3484 ταῦτα
3356 3432 3631 3496 ἀνέδειξεν

2031 3524 2059 3575 ὁ
2076 3518 2281 3592 Κύριος
2309 3522 2402 3574 καὶ
2434 3521 2648 3591 ἐτέρους
2673 3519 3071 3591 ἑϐδομήκοντα·
3094 3538 3113 3571 ι
3134 3521 3343 3573 τούτων
3367 3521 3426 3574 δὲ
3452 3522 3630 3586 ἐκτὸς,

2030 3612 2274 3686 ὑπῆρχον
2314 3614 2407 3667 καὶ
2452 3613 2629 3684 ’ἐτεροι
2675 3612 2895 3676 πλείους
2926 3614 3194 3683 γνώριμοι
3223 3614 3319 3667 τοῦ
3351 3615 3629 3687 Σωτῆρος,

2027 3704 2120 3769 οὓς
2148 3707 2241 3759 καὶ
2275 3704 2474 3775 ἔφησεν
2499 3705 2526 3757 ὀ
2559 3703 2701 3774 ἱερὸς
2743 3703 3066 3765 Ἀπόστολος
3095 3704 3304 3773 λέγων·
3356 3707 3629 3759 «Ἔπειτα

2027 3796 2186 3869 ὤφθη
2219 3799 2404 3850 ἐπάνω
2437 3796 2815 3858 πεντακοσίοις
2852 3794 3120 3863 ἀδελφοῖς,
3152 3816 3170 3847 ι
3220 3798 3316 3850 καὶ
3359 3798 3519 3850 αὐτοὶ
3568 3798 3630 3852 δὲ

2025 3887 2170 3946 οὗτοι
2222 3891 2315 3944 τοῦ
2360 3889 2467 3943 τῶν
2516 3888 2772 3958 μαθητῶν
2818 3888 3079 3959 ὀνόματος
3133 3888 3428 3960 ἠξιωμένοι
3456 3886 3624 3961 ἦσαν,

2025 3978 2106 4047 οἷς
2133 3983 2230 4053 οὐχ
2286 3977 2396 4035 οἷόν
2424 3999 2480 4034 τε
2512 3976 2579 4052 ἦν
2606 3981 2741 4052 ὁμοῦ
2783 3983 2918 4034 πᾶσι
2949 3980 3088 4035 κατά
3132 3981 3298 4034 ταυτὸ
3339 3983 3629 4055 συνηθροι-

2027 4076 2245 4139 σμένοις
2278 4077 2335 4129 ὲν
2380 4077 2445 4145 τῇ
2488 4073 2835 4145 Ἰερουσαλὴμ
2882 4072 3111 4145 ὀφθῆναι
3147 4075 3312 4127 αὐτὸν
3351 4077 3495 4146 μετά
3524 4076 3626 4149 τὴν

2023 4170 2340 4234 ἀνάστασιν,
2373 4167 2600 4231 εἰκότως
2632 4165 2724 4220 δύο
2754 4168 2851 4238 μὲν
2897 4167 3005 4220 τῶν
3035 4167 3469 4236 εύαγγελιστῶν,
3499 4170 3529 4222 ὃ
3561 4185 3624 4223 τε

2022 4261 2234 4324 Λουκᾶς
2272 4260 2365 4313 καὶ
2391 4261 2418 4311 ὁ
2456 4259 2732 4329 Ἰωάννης,
2762 4258 2944 4328 μόνοις
2963 4263 3076 4322 τοῖς
3097 4258 3291 4314 ἕνδεκα
3318 4253 3499 4328 ὦφθαι
3527 4262 3626 4314 αὑ-

333 4353 516 4408 tribus
539 4352 691 4406 aiunt
712 4352 884 4408 fuisse
904 4351 1221 4406 mandatum
1264 4351 1332 4406 ab
1374 4351 1495 4422 ipso
1538 4351 1827 4407 Servatore
1867 4362 1920 4408 et

2061 4352 2112 4405 ὸν
2141 4353 2549 4422 ἀναγράφουσιν
2584 4353 2641 4403 ὲν
2671 4353 2735 4421 τῇ
2781 4349 3155 4421 Ἰερουσαλήμ.
3189 4349 3295 4402 Δύο
3318 4350 3375 4403 δὲ
3409 4351 3625 4405 τούτων

328 4445 405 4499 ab
430 4442 622 4514 angelo
644 4448 806 4498 antea
835 4442 974 4508 viso,
998 4440 1300 4509 indeﬁnite,
1330 4441 1577 4511 inquam,
1596 4450 1650 4498 et
1669 4443 1920 4499 absolute

331 4534 654 4591 mandatum
701 4534 961 4592 omnibus
1005 4534 1182 4590 aiunt.
1227 4534 1538 4605 Caeteroqui
1588 4535 1785 4590 melior
1826 4551 1920 4590 ve—

330 4612 669 4701 riorque'est
688 4630 842 4700 prior
870 4629 1094 4686 solutio.
1124 4628 1407 4683 Multoties
1438 4627 1607 4698 igitur
1637 4640 1701 4680 ac
1730 4626 1918 4680 multi-

323 4723 510 4780 modis
550 4722 805 4793 apparuit
843 4721 1132 4792 discipulis
1178 4719 1342 4776 Jcsus
1387 4728 1512 4790 post
1545 4720 1915 4775 resurrectio-

328 4828 474 4871 nem.
500 4812 680 4885 Atque
715 4813 806 4868 alii
836 4814 992 4867 aiunt
1022 4811 1310 4867 Christum
1344 4810 1671 4880 promisisse
1701 4809 1802 4866 has
1833 4812 1914 4867 vi-

324 4907 550 4967 siones,
581 4904 673 4958 alii
700 4918 833 4959 vero
862 4909 915 4958 et
959 4902 1304 4973 praestitisse.
1353 4898 1703 4968 Quandoque
1746 4900 1913 4955 etiam

325 4995 385 5050 in
416 4996 492 5050 rei
524 4995 761 5065 alicujus
792 4994 1113 5049 narratione
1133 5033 1149 5057 ,
1183 4993 1231 5049 si
1259 4992 1392 5063 quid
1422 4991 1580 5063 prior
1610 4991 1908 5048 historicus

326 5087 718 5159 praetermisit,
752 5087 804 5141 id
838 5088 976 5142 alter
1003 5086 1245 5156 supplet.

2027 4446 2077 4498 οἱ
2099 4445 2275 4498 λοιποὶ
2303 4444 2364 4497 οὐ
2395 4447 2506 4503 τοῖς
2530 4443 2723 4497 ἕνδεκα
2758 4442 2915 4513 μόνον
2943 4441 3193 4494 σπεύδειν
3223 4443 3306 4505 είς
3336 4442 3438 4512 τὴν
3460 4442 3598 4496 Γαλι

2024 4536 2204 4602 λαίαν,
2235 4535 2349 4588 ἀλλ’
2378 4534 2566 4598 ἁπλῶς
2591 4538 2703 4599 τοῖς
2732 4533 2999 4604 μαθηταῖς
3026 4534 3197 4586 ἅπασι
3241 4535 3338 4586 καὶ
3365 4533 3620 4602 ἀδελφοῖς

2024 4628 2232 4698 ἔφασαν
2280 4627 2795 4700 παρακελεύσασθαι
2824 4626 2985 4679 αὐτόν
3013 4642 3072 4677 τε
3104 4625 3198 4678 τὸν
3230 4627 3465 4696 Σωτῆρα
3521 4626 3613 4679 καὶ

2021 4722 2111 4775 τὸν
2138 4721 2484 4794 προφανέντα
2510 4719 2674 4774 αὐτοῦ
2708 4719 2955 4788 ἄγγελον,
2985 4719 3255 4792 ἀορίστως
3283 4720 3381 4771 καί
3413 4717 3618 4771 ἀπολύο

2018 4831 2127 4877 τως
2172 4815 2297 4877 τοὺς
2350 4812 2557 4876 πάντας
2582 4810 2936 4883 δηλώσαντες.
2957 4811 3219 4882 Ἀμείνων
3246 4810 3305 4862 δὲ
3339 4810 3437 4863 καὶ
3474 4810 3615 4881 ἁλη-

2017 4903 2247 4975 θεστέρα
2286 4905 2318 4975 ἡ
2366 4901 2557 4975 πρώτη
2596 4902 2750 4966 λύσις
2769 4918 2784 4931 °
2813 4901 3032 4964 πλείους
3055 4900 3235 4954 τοίνυν
3264 4902 3322 4954 αἱ
3347 4900 3615 4954 ὀπτασίαι

2014 4998 2108 5051 καὶ
2140 4996 2384 5067 διάφοροι
2413 4995 2737 5067 γεγένηνται
2760 4997 2873 5057 τοῖς
2899 4994 3167 5066 μαθηταῖς
3192 4993 3329 5065 μετὰ
3353 4993 3455 5065 τὴν
3481 4993 3605 5048 ἀνά·

2013 5108 2224 5147 στασιν.
2260 5091 2370 5143 Καὶ
2409 5090 2458 5142 οἱ
2497 5089 2596 5160 μὲν
2624 5089 2785 5142 τάσδε
2822 5088 3102 5159 εἰρηκέναι
3135 5087 3299 5141 αὐτόν
3343 5103 3533 5156 φασιν,
3561 5087 3611 5139 ot

321 5180 379 5234 δὲ
404 5181 563 5235 τάσδε
602 5182 695 5235 καὶ
724 5181 1092 5253 πεπραχέναι·
1138 5181 1253 5235 ἐστι
1282 5180 1340 5235 δὲ
1368 5181 1457 5235 ὅτε
1505 5180 1600 5237 καὶ
1646 5181 1774 5254 περὶ
1811 5182 1905 5236 τοῦ
1944 5186 2238 5258 κεφαλαίου
2304 5184 2581 5255 λέγοντες,
2643 5182 2946 5255 ἀναπληροῖ
2972 5182 3041 5236 τὰ
3073 5184 3178 5238 ὑπὸ
3207 5182 3304 5237 τοῦ
3339 5180 3607 5254 προτέρω

321 5273 670 5346 ὲλλειφθὲντα
694 5278 722 5330 ὁ
753 5277 1022 5351 δεύτερος,

388 5460 513 5499 ⁶²-’³
553 5459 686 5515 Luc.
723 5477 779 5525 χ,
816 5460 867 5514 1.
943 5461 985 5492 ³⁸
1030 5460 1209 5529 [ϐοΐ.
1250 5476 1341 5528 ιν,
1374 5461 1427 5518 6.

419 5642 484 5700 7|
557 5643 696 5699 Cod.
725 5641 790 5710 A,
825 5640 865 5695 l'.
897 5641 1023 5696 517.
