3846 6220
261 287 399 345 i005
1087 289 1582 348 SUPPLEMENTA
1617 224 2137 388 QU-‘ﬁST‘ONUbI
2171 295 2260 348 AD
2298 296 2642 356 MARINUM.

994 403 1098 459 ΙΝ.

1928 410 1944 459 L
2693 412 2787 468 XI.

996 412 1098 459 ΙΝ.

326 494 437 567 (72)
477 494 618 568 Φαίη
649 494 696 548 δ’
718 494 914 561 ἀνιτις,
940 495 1057 559 πῶς
1088 499 1117 550 6
1143 499 1240 568 μὲν
1254 498 1528 562 Ματθαῖος
1554 477 1823 570 πορευθέν

1928 412 1944 459 L
2693 412 2787 468 XI.

2033 494 2183 552 Dicet
2224 500 2385 555 etiam
2430 502 2661 572 aliquis,
2696 504 2972 575 quomodo
3014 506 3300 565 Matthaeus
3342 512 3526 580 profe-

254 606 350 653 τας
374 589 504 653 τοὺς
531 588 727 642 ἕνδεκα
752 589 833 653 είς
860 588 922 641 τὸ
946 588 1073 660 ὅρος
1097 592 1197 661 τῆς
1226 590 1513 654 Γαλιλαίας
1540 587 1823 663 ὲωρακένα

1957 592 2073 642 ctos
2103 589 2351 644 undecim
2383 590 2440 644 in
2469 589 2703 648 Galilaeaa
2742 602 2982 649 montem
3029 596 3178 651 dicat
3208 600 3410 654 vidisse
3434 598 3527 655 Je-

258 683 389 753 φησὶ
416 681 508 735 τὸν
548 681 780 753 Ἰησοῦν,
810 683 840 735 ὀ
887 681 944 735 δὲ
981 683 1233 754 Ἰωάννης
1272 683 1407 754 μετά
1436 684 1535 749 τάς
1560 684 1650 738 δύο
1677 684 1823 737 ὀπτα·

1953 692 2114 744 sum,
2162 678 2405 736 Joannes
2453 690 2634 738 autem
2685 692 2811 754 post
2860 685 2997 742 duas
3034 688 3179 742 intra
3219 687 3523 745 Jerusalem

260 775 377 837 σίας
414 774 515 839 τὰς
545 776 607 828 ὲν
637 777 704 847 τῇ
742 775 1096 848 Ἰερουσαλὴμ
1138 776 1199 829 τὸ
1240 777 1423 849 τρίτον
1454 771 1633 847 ὤφθαι
1682 777 1823 832 αύτόε

1949 771 2318 840 apparitiones
2339 814 2355 841 ,
2387 776 2550 831 tertio
2576 777 2752 831 visum
2782 791 2905 834 esse
2933 776 3119 833 Jesum
3162 794 3274 834 non
3316 782 3373 835 in
3413 779 3524 835 Ga-

3392 310 3414 363 1
3426 310 3529 366 006

257 869 353 921 οὐκ
380 870 438 921 ὲν
470 867 551 938 τῷ
577 867 695 938 ὄρει
723 869 822 939 τῆς
847 868 1156 934 Γαλιλαίας,
1179 868 1315 923 ἀλλά
1345 869 1496 941 παρά
1520 870 1617 943 τὴν
1647 870 1823 924 θάλασ

1947 860 2101 917 lilaca:
2128 873 2332 932 monte,
2356 866 2459 947 sed
2488 868 2631 939 apud
2661 883 2813 925 mare
2837 866 3072 925 Galilaaa:
3096 871 3319 926 narret?

259 974 353 1013 σαν
372 957 476 1028 τῆς
499 958 797 1022 Γαλιλαίας
829 960 1064 1032 ίστορεί;

322 1050 519 1122 Τρίτον
557 1052 657 1121 μὲν
708 1051 926 1123 άληθῶς
953 1052 1111 1107 τοῦτο
1141 1053 1396 1126 σύμφημι
1427 1055 1522 1108 καὶ
1550 1056 1712 1120 αὐτὸς
1751 1056 1843 1110 τὸν

256 1141 485 1212 Σωτῆρα
535 1135 719 1211 ὦφθαι
766 1147 880 1206 τοῖς
916 1144 1203 1216 μαθηταῖς,
1239 1146 1301 1199 τὸ
1343 1147 1443 1218 μὲν
1477 1147 1692 1219 πρῶτον
1721 1151 1842 1204 κατ’

255 1234 420 1306 αὐτὴν
449 1234 551 1306 τὴν
576 1235 792 1308 ἡμέραν
816 1236 915 1309 τῆς
946 1237 1315 1302 ἀναστάσεως,
1343 1239 1464 1295 καθ’
1494 1243 1560 1313 ἣν
1589 1243 1779 1314 Μαρία
1807 1245 1841 1315 ὴ

256 1326 588 1399 Μαγδαληνὴ
641 1330 855 1400 πρωῖας
913 1330 1076 1385 αὐτὸν
1136 1330 1349 1403 ἑώρακε
1368 1350 1380 1362 ·
1408 1334 1610 1405 ταύτην
1654 1335 1841 1408 δὲτὴν

257 1417 475 1491 πρώτην
537 1420 808 1474 ὀπτασίαν
861 1421 958 1475 καὶ
1018 1423 1235 1487 Λουκᾶς
1302 1426 1522 1496 ἱστορεῖ.
1558 1425 1840 1499 -Δεύτερον

255 1511 312 1564 δὲ
340 1511 460 1582 μεθ’
486 1512 703 1584 ἡμέρας
721 1512 885 1578 ὀκτὼ,
905 1514 1104 1586 δηλαδὴ
1130 1518 1194 1586 τῇ
1234 1515 1393 1589 ἑτέρᾳ
1422 1519 1697 1590 Κυριακῇ,
1717 1518 1838 1573 καθ’

256 1601 319 1673 ἢν
338 1597 493 1665 αὖθις
518 1604 808 1673 ἐπιφανεὶς
829 1605 857 1657 ὁ
887 1603 1079 1678 Σωτὴρ
1105 1607 1198 1659 τὸν
1229 1607 1430 1679 Θωμᾶν
1454 1609 1555 1678 τῆς
1582 1610 1839 1674 ἀπιστίας

256 1694 566 1766 θεραπεύει,
601 1695 784 1761 δείξας
814 1696 965 1769 αὐτῷ
984 1698 1083 1770 τὴν
1109 1698 1347 1772 πλευράν
1378 1700 1473 1754 καὶ
1500 1700 1598 1764 τὰς
1624 1704 1834 1773 χεῖρας.

266 1788 412 1840 Ἐπεὶ
440 1788 496 1841 δὲ
528 1789 950 1860 κεκελευσμένοι
971 1786 1110 1862 ἦσαν
1134 1774 1346 1863 ἐπὶτὴν
1379 1791 1665 1847 Γαλιλαίαν
1697 1793 1833 1864 ὀμοῦ

253 1879 514 1951 ἁπαντᾷν,
544 1879 817 1951 ἐπραττόν
859 1898 918 1934 τε
948 1880 1085 1952 μετά
1114 1880 1224 1935 τῶν
1245 1876 1447 1936 λοιπῶν
1475 1885 1524 1937 οἱ
1558 1884 1749 1937 ἕνδεκα
1772 1885 1834 1938 τὸ

252 1970 559 2036 κελευσθὲν,
590 1973 685 2026 καὶ
715 1973 744 2024 ὀ
793 1972 978 2036 καθεῖς
1020 1973 1197 2027 αὐτῶν
1251 1976 1627 2047 ὲπισυνήγετο,
1667 1977 1834 2047 μήπω

249 2065 351 2117 τῶν
383 2064 584 2118 ἕνδεκα
609 2065 1005 2137 ἡθροισμένων,
1026 2066 1139 2120 ἀλλ’
1162 2066 1241 2119 ἔτι
1279 2067 1600 2138 μελλόντων,
1628 2069 1689 2122 τὸ
1714 2069 1833 2141 τρί-

249 2176 334 2211 τον
361 2158 511 2226 παρά
546 2158 649 2229 τὴν
683 2146 957 2211 θάλασσαν
988 2159 1086 2229 τῆς
1120 2158 1429 2223 Γαλιλαίας,
1458 2160 1519 2211 οὐ
1549 2162 1660 2224 τοῖς
1685 2160 1832 2214 ἕνδε-

250 2265 319 2301 κα
363 2248 641 2316 φαίνεται,
676 2245 814 2300 ἀλλά
869 2247 1051 2317 μόνοις
1103 2249 1242 2302 ἑπτά
1275 2251 1388 2312 τοῖς
1426 2249 1531 2302 ὑπὸ
1582 2250 1828 2304 Ἰωάννου

249 2340 637 2412 δεδηλωμένοις
657 2356 672 2372 ο
697 2333 843 2393 οὗτοι
882 2340 938 2393 δὲ
975 2336 1116 2412 ἦσαν
1154 2341 1358 2413 Πέτρος
1385 2343 1478 2396 καὶ
1509 2342 1710 2414 Θωμᾶς
1734 2343 1829 2397 καὶ

252 2432 562 2504 Ναθαναὴλ,
588 2432 681 2486 δύο
710 2450 769 2486 τε
792 2418 843 2487 οἱ
879 2435 985 2487 υἱοὶ
1004 2433 1315 2497 Ζεϐεδαίου,
1341 2434 1435 2487 καὶ
1455 2433 1604 2488 ἄλλοι
1629 2437 1693 2488 ὲκ
1720 2435 1828 2486 τῶν

254 2526 498 2599 μαθητῶν
533 2526 702 2581 αὑτοῦ
731 2526 849 2581 δύο·
872 2524 1029 2580 τοῦτο
1056 2525 1119 2598 δὴ
1149 2522 1241 2579 οὖν
1267 2527 1448 2598 τρίτον
1472 2526 1683 2591 τούτοις
1705 2528 1830 2599 ἀλη-

250 2616 349 2682 θῶς
369 2617 548 2691 ὤφθη,
569 2618 721 2673 οὔπω
748 2619 941 2673 ἕνδεκα
972 2620 1345 2690 συνηγμένων.
1363 2620 1564 2693 Διόπερ
1585 2621 1827 2693 ἀκριϐῶς

248 2712 342 2766 οὐκ
364 2713 673 2767 ἀποκλείων
702 2714 797 2767 καὶ
823 2714 951 2775 τοὺς
983 2713 1203 2777 λοιποὺς
1232 2715 1261 2766 ὀ
1312 2714 1566 2785 Ἰωάννης
1595 2715 1697 2785 τῆς
1727 2716 1824 2769 τοῦ

247 2802 493 2875 Σωτῆρος
525 2805 811 2869 ὀπτασίας,
855 2806 1262 2876 ἐπεσημήνατο,
1298 2804 1434 2877 μετά
1463 2805 1559 2877 τὴν
1601 2805 1824 2878 πρώτην

249 2894 336 2946 καὶ
367 2894 630 2964 δευτέραν
656 2896 940 2960 ὀπτασίαν,
973 2896 1071 2967 τὴν
1102 2897 1291 2968 τρίτην
1322 2896 1502 2966 μόνοις
1537 2900 1645 2960 τοῖς
1689 2915 1823 2950 κατ-

247 2987 649 3057 ωνομασμένοις
688 2986 1019 3057 πεποιῆσθαι
1062 2989 1224 3041 αὑτὸν
1272 2989 1365 3041 ἐπὶ
1400 2989 1498 3059 τῆς
1547 2974 1822 3059 θαλάσσης

248 3077 339 3149 τῆς
369 3078 680 3143 Γαλιλαίας.
716 3080 829 3133 Ούκ
861 3081 1089 3144 ἀπεικὸς
1120 3080 1176 3133 δὲ
1221 3080 1359 3151 μετὰ
1386 3080 1560 3134 ταῦτα
1603 3083 1696 3135 καὶ
1735 3083 1823 3135 τέ·
1849 3103 1891 3162 C

247 3185 433 3242 ταρτον
457 3172 556 3226 καὶ
584 3171 857 3242 πέμπτον,
888 3172 983 3225 καὶ
1016 3171 1203 3226 ἄλλοτε
1237 3173 1331 3225 κοιλ⁸
1362 3172 1618 3235 πολλάκις
1645 3168 1822 3242 ὦφθαι

250 3262 435 3316 αὐτόν·
484 3262 569 3316 διὸ
615 3263 735 3317 οὐδὲ
787 3265 1117 3335 περιγράφει
1161 3264 1190 3315 ὁ
1234 3265 1487 3337 Ἰωάννης
1520 3266 1699 3330 πάσας
1726 3267 1822 3321 τοῦ

249 3351 486 3424 Σωτῆρος
513 3353 614 3415 τάς
640 3352 886 3425 πράξεις·
920 3351 1123 3424 προῖὼν
1149 3354 1204 3408 δὲ
1229 3354 1356 3426 ἑξῆς
1380 3373 1532 3426 φησι,
1555 3357 1662 3410 Καὶ
1688 3357 1823 3412 ἄλλα

248 3445 409 3499 πολλά
437 3446 692 3517 ἐποίησεν
710 3448 738 3499 6
772 3444 978 3518 Ἰησοῦς
998 3463 1012 3476 ο
1041 3447 1179 3518 μετά
1198 3446 1329 3515 γοῦν
1360 3448 1421 3501 τὸ
1456 3442 1635 3518 ὦφθαι
1660 3451 1821 3506 αὐτὸν

245 3536 395 3591 τοῦτο
435 3539 620 3609 τρίτον
651 3542 760 3603 τοίς
807 3538 1118 3612 εἰρημένοις
1151 3541 1310 3605 ἑπτά,
1355 3542 1621 3614 τετάρτην
1651 3545 1820 3598 ὀπτα·-

245 3627 359 3684 σίαν
385 3631 487 3684 οὐκ
521 3629 587 3684 ἂν
617 3631 884 3702 ἁμάρτοις
916 3630 1014 3703 τὴν
1046 3631 1195 3704 παρά
1226 3631 1302 3703 τῷ
1331 3633 1596 3705 Ματθαίῳ
1641 3636 1821 3705 φήσας

244 3714 393 3784 εἶναι,
422 3724 493 3794 ἢν
523 3724 580 3775 ὲν
608 3721 686 3792 τῷ
707 3723 822 3795 ὄρει
849 3726 962 3787 τοῖς
1000 3723 1192 3778 ἕνδεκα
1232 3725 1557 3796 πεποιῆσθαι
1583 3727 1818 3800 ἀνέγρα-

243 3811 327 3881 ψε.
372 3815 485 3869 Καὶ
534 3815 673 3886 μετά
710 3816 932 3881 τούτους
972 3819 1072 3872 οὐκ
1110 3817 1177 3872 ἂν
1217 3819 1477 3889 σφαλείης
1511 3819 1646 3890 ὁμοῦ
1677 3821 1819 3874 κατά

243 3908 427 3961 ταυτὸν
459 3908 824 3981 συνηγμένοις
868 3910 982 3982 ἅμα
1014 3915 1126 3975 τοῖς
1157 3911 1352 3966 ἕνδεκα
1388 3913 1481 3967 καὶ
1521 3916 1633 3977 τοῖς
1665 3913 1816 3967 ἐϐδο-

249 3998 486 4069 μήκοντα
539 4002 699 4055 αὐτὸν
752 3997 931 4070 ὦφθαι
959 4001 1146 4056 εἰπών.
1183 4003 1242 4055 '0
1279 4002 1336 4055 δὲ
1369 4002 1579 4067 Παῦλος
1611 4005 1704 4057 καὶ
1737 4003 1816 4057 ἔτι

242 4090 436 4146 τούτων
458 4092 702 4147 πλείοσιν
729 4093 1003 4166 ἑωρᾶσθαι
1032 4094 1122 4147 τὸν
1140 4094 1370 4167 Σωτῆρα
1400 4094 1539 4163 μετά
1560 4096 1660 4168 τὴν
1691 4097 1817 4150 ἀνά-

246 4197 421 4236 στασιν
468 4186 690 4254 ἱστορεῖ,
732 4184 890 4237 τοῦτο
924 4186 1052 4256 παρ’
1098 4184 1301 4256 ἐτέρων
1335 4185 1550 4256 μαθών·
1585 4203 1603 4235 ι
1637 4185 1812 4258 ’Ὡφθη

243 4273 364 4346 γὰρ,
392 4276 547 4346 φησὶ,
571 4277 750 4348 Κεφᾷ,
784 4272 904 4330 εἶτα
936 4279 1047 4340 τοῖς
1077 4276 1284 4329 δώδεκα
1315 4275 1447 4345 (75),
1471 4275 1661 4329 ἔπειτα
1684 4293 1813 4331 πεν-

243 4366 524 4431 τακοσίοις,
568 4366 757 4422 ἔπειτα
812 4366 1073 4438 Ἰακώϐῳ,
1116 4367 1307 4421 ἔπειτα
1351 4369 1462 4430 τοῖς
1498 4366 1814 4430 ἀποστόλοις

2015 1042 2203 1098 Tertio
2225 1043 2570 1101 Servatorem
2597 1048 2917 1119 apparuisse
2937 1064 3063 1104 vere
3084 1048 3389 1119 discipulis,
3422 1065 3522 1121 ego

1945 1148 2158 1204 quoque
2190 1134 2524 1202 confitebor;
2574 1137 2772 1206 primo,
2804 1138 2922 1207 ipsa
2950 1138 3373 1194 resurrectionis
3404 1138 3516 1203 dic,

1943 1238 2068 1278 cum
2103 1240 2263 1280 mane
2292 1225 2443 1279 illum
2467 1224 2635 1279 Maria
2660 1225 2974 1296 Magilalene
3001 1229 3157 1283 vidit.
3179 1228 3357 1299 Atque
3375 1229 3517 1285 hanc

1943 1316 2174 1388 primam
2207 1317 2476 1374 visionem
2518 1317 2696 1374 Lucas
2741 1333 2958 1389 quoque
2992 1329 3197 1374 narrat.
3228 1318 3480 1375 Secundo
3501 1362 3516 1386 ,

1942 1416 2068 1481 post
2094 1410 2209 1466 dies
2243 1418 2389 1470 octo,
2412 1410 2672 1465 nimirum
2708 1412 2879 1465 altera
2922 1410 3010 1466 die
3048 1410 3328 1468 Dominica
3361 1453 3377 1479 ,
3409 1430 3518 1484 qua

1941 1504 2139 1557 iterum
2175 1516 2444 1573 apparens
2498 1501 2755 1558 Servator
2805 1489 3246 1560 incredulitatem
3294 1505 3518 1562 Thomas

1942 1592 2190 1659 sanavit,
2242 1601 2466 1649 ostenso
2514 1593 2564 1649 ei
2598 1594 2768 1649 latere
2807 1609 2871 1648 ac
2904 1595 3176 1650 manibus.
3204 1594 3342 1661 Quia
3386 1611 3519 1651 vero

1936 1689 2080 1759 jussi
2108 1689 2324 1746 fuerant
2352 1690 2409 1746 in
2431 1688 2708 1745 Galilaeam
2736 1690 2898 1745 simul
2920 1689 3218 1760 proficisci,
3250 1689 3517 1745 fecerant-

1866 1767 2045 1852 Bque
2074 1781 2329 1853 discipuli
2386 1780 2639 1837 undecim
2689 1782 3008 1835 mandatum
3059 1796 3184 1835 cum
3244 1781 3512 1852 reliquis;

1935 1873 2065 1928 dum
2110 1875 2312 1945 singuli
2344 1876 2700 1947 colliguntur,
2732 1873 2976 1929 nondum
3003 1874 3255 1930 undecim
3285 1889 3515 1945 congre-

1933 1967 2097 2037 gatis,
2135 1968 2232 2023 sed
2290 1967 2472 2023 adhuc
2521 1967 2891 2037 exspectatis,
2949 1966 3113 2022 tertio
3164 1965 3324 2023 Jesus
3372 1967 3514 2038 apud

1934 2074 2087 2114 mare
2115 2057 2371 2121 Galilaeae,
2402 2058 2551 2114 haud
2599 2060 2815 2114 cunctis
2862 2058 3112 2113 undecim
3138 2099 3156 2124 ,
3194 2058 3287 2114 sed
3319 2058 3388 2114 iis
3427 2074 3515 2113 sc-

1932 2157 2078 2220 ptem
2111 2151 2491 2205 tantummodo
2522 2152 2775 2221 apparuit
2814 2165 2955 2220 quos
2999 2148 3240 2206 Joannes
3274 2166 3513 2206 commc-

1932 2250 2110 2295 morat
2133 2260 2146 2296 :
2166 2242 2330 2307 hique
2358 2251 2515 2296 erant
2546 2239 2741 2297 Petrus
2773 2256 2838 2295 ac
2866 2240 3126 2307 Thomas,
3152 2250 3206 2296 et
3233 2240 3511 2296 Nathana-

1931 2335 1980 2389 el
2001 2373 2018 2399 ,
2071 2343 2125 2389 et
2155 2334 2250 2388 ﬁlii
2279 2334 2387 2389 duo
2423 2332 2691 2399 Zebedaei,
2724 2334 2925 2403 aliique
2956 2343 3218 2404 praeterea
3257 2333 3512 2404 discipuli

1930 2424 2062 2480 duo.
2110 2424 2295 2481 Tertio
2337 2426 2522 2495 itaque
2559 2424 2647 2481 his
2690 2439 2880 2479 revera
2928 2426 3219 2495 apparuit,
3264 2424 3508 2479 nondum

1933 2517 2186 2572 undecim
2240 2518 2606 2588 congregatis.
2672 2516 3016 2587 Quapropter
3076 2516 3224 2570 haud
3288 2518 3512 2571 omnino

1929 2611 2225 2666 excludens
2267 2610 2508 2681 reliquos
2553 2624 2584 2663 a
2635 2608 2939 2665 Servatoris
2971 2610 3183 2666 visione
3229 2607 3507 2672 Joannes,

1929 2713 2050 2774 post
2082 2705 2314 2773 primam
2358 2703 2695 2771 alteramque
2746 2702 3035 2767 visionem,
3070 2702 3289 2757 tertiam
3340 2702 3511 2755 adno-

1927 2796 2062 2850 tavit
2120 2795 2397 2865 praadictis
2452 2795 2830 2849 tantummodo
2878 2795 3117 2849 oblatam
3146 2796 3307 2863 juxta
3357 2808 3510 2847 mare

1926 2886 2180 2943 Galilarm.
2204 2886 2458 2957 Nihilque
2481 2886 2662 2942 obstat
2686 2886 2979 2956 quominus
3008 2886 3288 2956 posthinc,
3314 2892 3510 2954 quarto

1924 2980 2089 3034 etiam
2108 2986 2163 3034 et
2182 2979 2395 3049 quinto,
2431 2987 2485 3034 et
2518 2979 2718 3048 smpius
2762 2984 2933 3034 semet
2961 2977 3316 3047 spectandum
3340 2977 3508 3031 dede-

1926 3072 1997 3125 rit
2021 3090 2035 3125 :
2061 3070 2294 3141 ideoque
2320 3070 2560 3126 Joannes
2585 3071 2736 3125 nullo
2763 3070 2997 3124 termino
3015 3068 3327 3124 Servatoris
3351 3077 3507 3123 actus

1928 3163 2329 3219 circumscribit
2360 3183 2372 3216 :
2405 3165 2514 3218 imo
2559 3179 2791 3234 pergens
2836 3178 3000 3234 porro
3030 3162 3106 3216 ait
3153 3161 3259 3215 alia
3290 3176 3507 3231 quoque

1925 3261 2092 3315 multa
2113 3259 2298 3316 Jesum
2336 3260 2552 3316 fecisse.
2585 3260 2720 3315 Post
2748 3260 2889 3315 hanc
2927 3274 3057 3330 ergo
3108 3257 3387 3330 praedictis
3416 3272 3505 3313 se-

1924 3362 2069 3425 ptem
2108 3354 2393 3425 discipulis
2414 3354 2629 3408 tertiam
2660 3353 3081 3423 apparitionem,
3118 3352 3264 3408 haud
3299 3367 3331 3406 a
3361 3351 3505 3407 veri-

1923 3455 2033 3502 tate
2057 3446 2283 3503 abludes
2311 3447 2358 3501 si
2388 3457 2638 3515 quartam
2682 3447 2835 3501 dicas
2876 3446 3022 3499 illam
3052 3460 3217 3514 quam
3244 3443 3499 3498 undecim

1922 3540 1979 3593 in
2029 3548 2213 3595 monte
2265 3538 2550 3609 praabitam
2597 3532 2882 3593 Matthaeus
2937 3536 3201 3605 scriptum
3258 3535 3498 3606 reliquit.

1919 3629 2052 3686 Post
2076 3631 2176 3686 hos
2199 3646 2347 3697 vero,
2367 3630 2573 3702 absque
2588 3645 2773 3686 errore
2793 3628 3087 3683 aliirmabis
3110 3642 3140 3679 a
3156 3626 3369 3682 cunctis
3392 3642 3497 3680 una

1920 3720 2287 3791 congregatis,
2321 3721 2571 3775 undecim
2601 3719 2852 3774 videlicet
2888 3724 2943 3772 ct
2974 3716 3097 3770 aliis
3157 3716 3499 3785 septuaginta

1916 3810 2104 3867 Jesum
2133 3811 2302 3868 fuisse
2332 3818 2705 3881 conspectum.
2738 3809 2852 3863 lmo
2879 3807 3082 3861 Paulus
3118 3821 3145 3859 a
3182 3805 3353 3858 multo
3376 3807 3500 3875 ριυ-

1917 3904 2075 3959 ribus
2102 3904 2279 3958 visum
2314 3901 2660 3959 Servatorem
2717 3907 2843 3971 post
2875 3896 3336 3954 resurrectionem
3368 3910 3495 3947 nar-

1917 4005 2037 4060 rat,
2088 4013 2252 4067 quam
2280 4012 2391 4050 rem
2440 3996 2509 4049 ab
2543 3995 2665 4050 aliis
2704 3991 2894 4047 auditu
2926 3997 3230 4060 acceperat.
3272 4005 3292 4038 ι
3331 3985 3496 4041 Visus

1917 4098 2019 4154 est,
2052 4090 2252 4159 inquit,
2283 4088 2498 4158 Cephae,
2530 4086 2729 4143 deinde
2758 4083 3069 4145 duodecim,
3102 4090 3292 4152 postea
3340 4081 3499 4151 quiu-

1916 4181 2115 4251 gentis,
2149 4189 2264 4234 tum
2294 4178 2521 4245 Jacobo,
2552 4180 2678 4234 exin
2724 4176 2985 4245 apostolis
3015 4175 3261 4237 cunctis,
3317 4174 3500 4228 novis-

1918 4271 2054 4326 sime
2098 4280 2277 4326 autem
2329 4271 2573 4326 omnium
2609 4269 2775 4322 etiam
2811 4266 2942 4320 mihi
2972 4265 3039 4319 ³⁸.
3082 4284 3101 4316 ι
3139 4263 3333 4333 Viden,
3363 4274 3498 4335 quot

1916 4361 2228 4417 hominibus
2262 4373 2317 4416 et
2347 4363 2560 4432 quoties
2586 4368 2710 4431 post
2740 4360 3199 4414 resurrectionem
3230 4371 3497 4426 apparue—

245 4457 418 4520 πᾶσιν,
440 4457 665 4527 ἔσχατον
689 4458 747 4511 δὲ
779 4457 1016 4517 πάντων,
1044 4459 1196 4529 φησὶ,
1235 4457 1416 4528 κάμοί.
1447 4475 1464 4508 ι
1497 4457 1657 4530 Ὁρᾷς
1690 4456 1816 4509 ὁσά-

1928 4455 2030 4508 rit?
2061 4452 2153 4509 Sic
2184 4455 2349 4509 etiam
2380 4454 2676 4509 latentibus
2703 4453 2849 4506 intra
2886 4449 3188 4505 Jerusalem
3214 4449 3492 4517 apparuit;

245 4564 326 4611 κις
352 4550 442 4603 καὶ
488 4549 633 4612 ὅσοις
664 4549 820 4619 ὤφθη
869 4548 1006 4619 μετά
1034 4550 1133 4622 τὴν
1166 4550 1500 4612 ἀνάστασινς
1531 4546 1687 4601 Οὕτω
1719 4547 1813 4601 καὶ

241 4642 347 4704 τοῖς
387 4642 444 4694 ὲν
502 4640 857 4714 Ἰερουσαλὴμ
905 4640 1300 4711 κρυπτομένοις
1347 4637 1538 4708 ὤφθη·
1581 4638 1676 4691 καὶ
1708 4637 1814 4707 πρὸ

244 4730 415 4785 αὐτῶν
464 4735 577 4796 τοῖς
620 4731 749 4803 περὶ
794 4731 1046 4784 Κλεόπαν
1077 4731 1329 4784 ἀπιοῦσιν
1361 4731 1453 4783 ἐπὶ
1498 4727 1806 4800 ἘμμαοῦΨ

244 4819 333 4873 καὶ
357 4822 460 4894 πρό
485 4840 549 4892 γε
573 4824 808 4887 πάντων,
830 4821 1037 4892 ἀνδρῶν
1074 4821 1172 4891 μὲν
1200 4820 1424 4891 Σίμωνι,
1454 4819 1728 4889 γυναικῶν
1753 4818 1811 4872 δὲ

242 4915 305 4983 τῇ
342 4914 693 4985 Μαγδαληνῇ.
727 4914 918 4967 Ἔνθεν
958 4915 987 4966 6
1027 4914 1240 4975 Λουκᾶς
1273 4915 1331 4966 ἐν
1363 4916 1484 4975 ταῖς
1519 4911 1808 4983 Πράξεσιν,

243 5006 360 5059 ἐπεὶ
393 5006 649 5069 πολλάκις
669 5005 858 5059 ἑαυτὸν
888 5005 1094 5059 ἐδείκνυ
1121 5008 1231 5067 τοῖς
1256 5003 1543 5075 μαθηταῖς,
1563 5006 1812 5074 ἐπιτηρεῖ

144 5114 149 5119 ·
242 5093 429 5164 λέγων,
446 5098 522 5162 ὤς
540 5096 653 5170 ἄρα
685 5095 751 5149 δι’
777 5096 998 5167 ἡμερῶν
1019 5094 1422 5166 τεσσαράκοντα
1446 5092 1808 5162 ὀπτανόμενος

240 5188 414 5252 αὐτοῖς
446 5191 540 5245 καὶ
582 5189 1054 5261 συωυλιζόμενος,
1097 5188 1166 5242 τὰ
1215 5187 1343 5278 περὶ
1381 5185 1480 5257 τῆς
1533 5184 1809 5254 βασιλείας

239 5281 328 5335 τοῦ
361 5281 495 5337 Θεοῦ
525 5283 808 5356 παρεδίδου
840 5281 1160 5355 μαθήματα,
1178 5278 1411 5350 παρῄνει
1439 5296 1499 5331 τε
1520 5279 1697 5351 ὀρμᾷν
1727 5280 1807 5342 είς

236 5376 329 5448 τὴν
363 5376 735 5451 Ἰερουσαλὴμ,
761 5377 921 5430 κάκεῖ
943 5374 1231 5445 κηρύττειν
1274 5371 1543 5434 Ἰουδαίοις
1570 5368 1806 5442 πρώτοις

1920 4555 1973 4600 et
1995 4553 2122 4599 ante
2159 4545 2260 4600 hos
2282 4546 2497 4614 Cleopa:
2527 4545 2787 4611 socioque
2808 4544 3185 4596 Emmauntem
3215 4541 3492 4606 euntibus;

1918 4648 1971 4692 et
2000 4638 2176 4706 primo
2199 4638 2438 4691 virorum
2460 4636 2676 4704 quidem
2700 4633 2930 4697 Simoni,
2952 4632 3277 4688 feminarum
3311 4638 3489 4686 autem

1918 4731 2266 4802 Magdalcnae.
2292 4728 2429 4800 Hinc
2457 4726 2635 4781 Lucas
2661 4727 2717 4780 in
2756 4724 3006 4789 Actibus,
3058 4722 3316 4791 quoniam
3350 4735 3495 4789 saepe

1917 4819 2077 4875 Jesus
2119 4834 2178 4873 se
2210 4817 2496 4887 discipulis
2525 4813 2993 4876 manifestaverat,
3020 4808 3363 4867 considerate
3406 4807 3493 4863 di»

1917 4914 2033 4966 cit:
2070 4929 2089 4959 ε
2127 4911 2230 4965 Per
2280 4912 2398 4965 dies
2446 4908 2804 4978 quadraginta
2855 4919 3126 4975 apparens
3189 4903 3270 4960 eis
3328 4916 3491 4972 atque

1916 5020 2268 5063 conversans.
2300 5003 2451 5074 regni
2494 5001 2586 5056 Dei
2645 4998 2988 5067 disciplinam
3025 4996 3311 5061 tradebat;
3368 5007 3492 5048 mo—

1914 5097 2142 5165 nuitque
2167 5105 2226 5150 ut
2254 5093 2555 5150 Jerusalem
2582 5097 2885 5161 pergerent,
2916 5089 3100 5159 ibique
3128 5086 3492 5159 prmdicarent

1910 5185 2113 5242 Judaeis
2159 5194 2284 5241 ante
2316 5199 2509 5239 omnes
2547 5182 2884 5246 doctrinam;
2921 5196 3097 5250 neque
3132 5179 3267 5234 urbe
3297 5178 3489 5233 absce-

1907 5279 2121 5345 derent,
2155 5278 2248 5337 sed
2281 5283 2662 5346 exspectarent
2693 5273 3109 5343 promissionem
3134 5269 3336 5333 Patris,
3361 5286 3383 5320 ι
3420 5269 3488 5322 de

1908 5386 2015 5440 qua
2050 5384 2149 5422 nos
2182 5368 2344 5438 paulo
2383 5373 2506 5435 post
2533 5364 2888 5417 disseremus.

233 5442 320 5525 τὸν
363 5442 545 5540 λόγον·
774 5442 1034 5540 πρότερον
1085 5466 1386 5535 ἀναχωρεῖν
1426 5461 1526 5532 τῆς
1574 5461 1801 5527 πόλεως,
1842 5460 1979 5516 ἀλλά
2012 5462 2324 5534 περιμένειν
2362 5457 2460 5528 τὴν
2500 5453 2828 5525 ἐπαγγελίαν
2854 5451 2947 5506 τοῦ
2989 5451 3218 5525 Πατρὸς,
3253 5449 3382 5522 περὶ
3417 5442 3485 5522 ἧς

240 5564 426 5635 μικρὸν
453 5564 675 5638 ὕστερον
706 5558 1076 5632 διαληψόμεθα
1106 5557 1237 5633 (τί).

309 5654 353 5686 ’⁵
391 5654 411 5708 Ι
444 5657 571 5710 Cor.
609 5672 699 5719 xv,
733 5653 848 5707 5-8.

303 5750 409 5818 (τε)
448 5752 582 5805 Cod.
619 5751 684 5805 A.
722 5748 758 5801 Γ.
792 5748 913 5801 517.

300 5820 406 5892 (75)
449 5824 523 5876 Ita
559 5822 679 5876 cod.

1977 5730 2089 5801 (74)
2126 5727 2331 5799 Nempe
2366 5725 2597 5783 inferius
2631 5741 2686 5780 n.
2729 5725 2784 5801 9,
2830 5725 2919 5789 10,
2966 5723 3058 5779 ubi
3110 5718 3314 5781 Christi
3361 5731 3487 5777 scr-

1906 5800 2097 5858 mOnes
2129 5809 2182 5855 et
2210 5800 2352 5854 dona
2381 5806 2505 5853 ante
2536 5800 2927 5854 ascensionem.
