3846 6220
358 270 496 328 1007

1048 264 1320 325 EUSEBII
1353 262 1832 319 CIESARIENSIS
1871 260 2021 317 OPP.
2065 260 2245 315 PARS
2285 260 2375 318 111.
2416 293 2484 303 -
2525 261 2941 319 EXEGETICA.

3492 262 3631 323 i308

1295 628 2174 725 SUPPLEMENTA
2230 630 2755 725 MINORA.

1971 878 2043 892 -υ

992 1032 1033 1088 Ι.
1064 1032 1149 1088 Ea:
1182 1030 1443 1086 chronicis
1476 1027 1689 1082 ineditis
1727 1024 1937 1096 Georgii
1965 1023 2275 1078 Hamartoli
2302 1032 2354 1077 ct
2382 1020 2615 1077 Joannis
2652 1018 2825 1076 Siculi
2854 1018 2988 1092 (75).

426 1224 477 1280 1.
519 1220 790 1277 Eusebius
824 1217 881 1273 in
917 1230 1082 1287 opere
1108 1213 1177 1267 ad
1208 1210 1481 1266 Marinum
1515 1209 1596 1264 sic
1618 1208 1693 1262 ait
1721 1226 1735 1263 :
1771 1225 1792 1258 τι
1828 1205 1945 1260 Duo

2121 1200 2188 1256 α’.
2226 1200 2491 1265 Εὐσέϐιος
2524 1202 2584 1254 ὲν
2621 1202 2736 1263 τοῖς
2763 1197 2912 1268 πρὸς
2957 1197 3226 1269 Μαρῖνον
3250 1198 3430 1254 τοιάδε
3463 1199 3631 1271 φησί·

355 1313 654 1371 constituta
678 1318 808 1367 sunt
834 1310 891 1364 in
932 1306 1138 1363 Christi
1167 1303 1411 1358 Ecclesia
1437 1300 1673 1354 vitarum
1702 1312 1935 1369 genera;

355 1420 526 1459 unum
556 1403 776 1473 quidem
825 1398 1108 1462 eximium,
1144 1403 1199 1451 et
1250 1406 1597 1450 communem
1654 1388 1939 1443 hominum

357 1493 812 1552 consuetudinem
835 1488 1128 1550 excedens,
1159 1482 1306 1556 quod
1335 1496 1516 1552 neque
1535 1477 1743 1550 nuptiis
1764 1490 1942 1546 neque

354 1587 543 1642 liberis
577 1598 798 1656 cperam
826 1583 943 1646 dat,
974 1593 1151 1649 neque
1196 1590 1359 1647 opum
1397 1573 1600 1628 retinet
1632 1568 1942 1642 possessio-

354 1684 761 1747 nem,totoque,
794 1681 853 1729 ut
880 1674 955 1727 ita
983 1671 1188 1736 dicam,
1218 1668 1360 1723 caelo
1379 1680 1409 1719 a
1439 1662 1718 1720 communi
1744 1670 1799 1717 et
1820 1660 1946 1716 vul-

356 1769 473 1841 gari
508 1769 851 1827 saecularium
870 1765 1152 1820 hominum
1181 1776 1333 1816 more
1362 1756 1563 1820 diﬂ‘ert,
1590 1764 1754 1825 atque
1781 1752 1943 1808 unice

353 1864 451 1922 Dei
484 1860 769 1917 famulatui
790 1863 967 1921 vacat,
986 1854 1186 1910 eximio
1212 1851 1518 1907 cwlestium
1545 1861 1728 1903 rerum
1757 1859 1943 1899 amore

355 1957 671 2028 impulsum.
710 1953 924 2021 Reapse
971 1947 1064 2019 qui
1113 1947 1217 2000 hoc
1245 1944 1371 1999 vitae
1394 1956 1565 2013 genus
1617 1946 1899 1996 sectantur
1923 1976 1939 2002 ,

354 2050 504 2105 velut
551 2047 665 2116 jam
716 2043 959 2107 mortui,
1019 2036 1403 2094 mortiﬁcatam
1439 2034 1606 2087 vitam
1635 2039 1692 2086 et
1726 2037 1940 2084 tantum

355 2155 587 2210 corpore
636 2135 919 2208 praeditam
951 2133 1007 2187 in
1039 2140 1184 2185 terra
1211 2125 1663 2183 circumferentes
1688 2162 1703 2187 ,
1743 2121 1939 2193 spiritu

355 2240 538 2287 autem
572 2229 684 2297 jam
717 2227 772 2281 in
795 2224 995 2279 coelum
1027 2220 1322 2282 translato,
1347 2216 1727 2272 caelicolarum
1765 2213 1943 2266 instar

356 2318 626 2372 humanas
656 2329 744 2368 res
775 2316 1054 2382 spectant,
1091 2321 1217 2361 cum
1247 2304 1360 2360 sint
1396 2303 1500 2373 ipsi
1531 2315 1631 2371 pro
1662 2297 1942 2354 communi

357 2409 533 2463 salute
576 2405 689 2461 Deo
718 2399 1029 2458 consecrati
1055 2439 1070 2465 ,
1102 2413 1282 2469 neque
1314 2394 1559 2450 cruentis
1585 2391 1825 2448 victimis
1857 2388 1943 2444 vel

357 2497 669 2553 libamentis
700 2501 794 2549 aut
821 2491 1076 2563 adipibus
1101 2530 1116 2555 ο
1160 2489 1255 2544 sed
1289 2488 1459 2543 rectis
1490 2484 1774 2556 religionis
1797 2496 1942 2537 vera:

355 2589 706 2659 dogmatibus
751 2553 1028 2655 animique
1058 2553 1249 2649 habitu
1281 2586 1336 2635 et
1363 2553 1625 2650 operibus
1651 2576 1942 2645 verbisque
1971 2553 2014 2608 Β

355 2685 523 2743 rectis
548 2680 820 2754 puriticati
852 2701 865 2735 :
896 2678 1099 2750 quibus
1123 2676 1289 2731 rebus
1319 2673 1490 2729 Deum
1519 2672 1621 2729 sibi
1649 2670 1945 2727 concilian-

356 2786 459 2841 tes,
487 2790 586 2847 pro
628 2789 688 2830 se
726 2780 780 2828 et
811 2770 1022 2826 caeteris
1057 2767 1367 2826 sacerdotio
1399 2764 1722 2836 funguntur.
1763 2763 1944 2832 Atque

358 2871 463 2926 hoc
508 2866 809 2939 perfectum
838 2863 1272 2937 primariumque
1311 2866 1397 2916 est
1436 2858 1767 2914 Christianae
1820 2855 1945 2911 vita:

361 2977 558 3033 genus.
595 2940 842 3014 Alterum
896 2971 1062 3027 porro
1122 2955 1248 3011 vitae
1301 2967 1474 3023 genus
1524 2950 1770 3006 deterius
1818 2955 1941 3013 est,

364 3061 530 3124 atque
558 3052 797 3107 humana
829 3050 1123 3121 fragilitate
1176 3047 1436 3102 laborans
1462 3087 1478 3113 ,
1526 3043 1691 3114 idque
1718 3041 1943 3097 omnino

364 3160 488 3199 cum
518 3144 802 3214 superiore
834 3140 1143 3212 comparari
1170 3138 1398 3210 nequit:
1431 3135 1698 3208 siquidem
1743 3141 1798 3189 et
1828 3147 1947 3187 mo-

362 3235 537 3291 destis
562 3232 807 3305 indulget
839 3232 1048 3303 nuptiis
1096 3230 1509 3299 liberorumque
1546 3225 1941 3297 procreationi,

362 3330 419 3377 et
451 3322 528 3377 rei
566 3321 854 3378 familiaris
891 3336 1015 3376 cum
1044 3321 1300 3391 aequitate
1327 3333 1516 3373 curam
1562 3317 1724 3389 gerit,
1755 3325 1811 3372 et
1840 3317 1945 3371 mi-

362 3415 550 3470 litibus
567 3412 742 3470 ollicia
762 3415 1014 3484 imperat,
1036 3419 1090 3467 et
1111 3411 1503 3483 agriculturam
1527 3451 1541 3475 ,
1569 3417 1940 3466 mercaturam

364 3522 428 3563 ac
449 3517 641 3564 caetera
670 3506 890 3578 publica
919 3507 1134 3577 negotia
1171 3521 1281 3559 non
1314 3506 1435 3559 sine
1465 3504 1666 3575 pietate
1703 3510 1939 3558 exercet.

363 3597 428 3653 lli
442 3599 774 3670 caeteroquin
789 3598 1041 3654 homines
1060 3604 1211 3653 certa
1222 3594 1427 3652 habent
1443 3595 1683 3666 religiosi
1699 3595 1879 3659 cultus
1891 3601 1945 3650 et

360 3694 686 3750 eruditionis
720 3700 998 3763 tempora,
1035 3700 1090 3748 et
1137 3692 1449 3747 divinorum
1483 3690 1825 3760 eloquiorum
1856 3704 1947 3743 au-

361 3785 555 3841 ditioni
596 3791 796 3840 vacant
832 3803 847 3840 :
883 3791 1048 3855 atque
1102 3783 1190 3839 his
1231 3782 1507 3839 secundus
1537 3782 1837 3837 attributus
1860 3789 1945 3836 est

2048 1316 2069 1348 ι
2101 1296 2213 1349 Καὶ
2244 1295 2354 1367 γὰρ
2379 1295 2413 1367 ἡ
2445 1293 2540 1347 τοῦ
2570 1293 2808 1367 Χριστοῦ
2847 1291 3142 1363 Ἐκκλησία
3172 1292 3266 1345 δύο
3301 1291 3450 1361 βίους
3477 1310 3639 1364 νομο-

2042 1389 2190 1442 θετεῖ
2223 1389 2319 1461 καὶ
2359 1388 2623 1459 τρόπους·
2649 1387 2742 1441 τὸν
2773 1387 2870 1458 μὲν
2901 1383 3157 1456 ὑπερφυῆ
3196 1385 3292 1438 καὶ
3320 1385 3421 1455 τῆς
3452 1384 3637 1456 κοινῆς

2042 1480 2391 1554 ἀνθρωπίνης
2421 1479 2699 1543 πολιτείας
2746 1478 3028 1541 ἐπέκεινα,
3060 1477 3124 1530 οὐ
3152 1477 3385 1547 γάμους,
3414 1477 3476 1529 οὐ
3509 1493 3637 1530 παι-

2041 1575 2307 1638 δοποιίας,
2330 1575 2391 1627 οὐ
2418 1572 2739 1647 περιουσίας
2766 1570 2999 1644 ὓπαρξιν
3025 1569 3488 1642 παραδεχόμενον,

2042 1667 2161 1722 ὅλον
2186 1668 2252 1721 δι’
2280 1666 2401 1720 ὅλου
2429 1667 2530 1738 τῆς
2557 1666 2742 1737 κοινῆς
2786 1666 2881 1719 καὶ
2925 1663 3189 1735 συνήθους
3227 1663 3335 1717 τῶν
3366 1661 3640 1733 βιωτικῶν

2043 1758 2345 1830 ἀνθρώπων
2395 1759 2621 1829 ἀγωγῆς
2663 1755 3120 1829 παρηλλαγμένον
3163 1756 3258 1809 καὶ
3293 1754 3434 1827 μόνῃ
3457 1756 3523 1825 τῇ
3544 1752 3640 1807 τοῦ

2042 1851 2178 1906 Θεοῦ
2202 1852 2470 1924 θεραπείᾳ
2492 1852 3002 1923 προσῳκειωμένον,
3026 1849 3149 1903 καθ’
3177 1849 3486 1920 ὑπερϐολὴν
3504 1849 3639 1920 ἔρω-

2041 1962 2133 2009 τος
2156 1945 2429 2016 οὐρανίου.
2454 1944 2519 1998 Οἱ
2562 1944 2670 2018 γὰρ
2696 1944 2847 1998 τόνδε
2886 1942 3161 2014 μετιόντες
3189 1942 3281 1994 τὸν
3310 1940 3516 2012 τρόπον
3551 1957 3640 1993 τεο

2044 2037 2231 2091 θνάναι
2279 2035 2603 2101 δοκοῦντες,
2635 2037 2726 2089 τὸν
2771 2035 2963 2108 θνητὸν
3019 2035 3133 2106 βίον
3179 2037 3275 2089 καὶ
3315 2035 3448 2088 αὐτὸ
3484 2034 3644 2105 μόνον

2042 2128 2104 2181 τὸ
2151 2127 2310 2199 σῶμα
2366 2127 2754 2199 περιφέροντες
2785 2128 2880 2181 ὲπ1¹
2918 2128 3043 2198 γῆς,
3079 2129 3392 2199 φρονήματι
3444 2127 3503 2180 δὲ
3541 2127 3645 2196 τὴν

2042 2220 2219 2293 ψυχὴν
2247 2222 2327 2285 είς
2364 2221 2630 2293 οὐρανοὺς
2665 2206 3143 2294 μετενηνεγμένοι,
3175 2216 3267 2273 οἷὰ
3304 2237 3450 2284 τινες
3477 2218 3640 2291 οὐρά-

2043 2331 2166 2380 νιοι,
2220 2314 2311 2367 τὸν
2363 2312 2474 2367 τῶν
2528 2313 2833 2385 ἀνθρώπων
2889 2314 3136 2387 ἐφορῶσι
3180 2314 3315 2385 βίον,
3352 2315 3497 2382 ὑπὲρ
3548 2312 3648 2369 τοῦ

2045 2406 2248 2470 παντὸς
2278 2406 2467 2475 γένους
2498 2406 2866 2478 ἀφιερωμένω.
2926 2405 3004 2478 τῷ
3068 2406 3164 2459 ἐπὶ
3214 2408 3433 2459 πάντων
3486 2404 3641 2476 Θεῷ·

2045 2501 2106 2552 οὐ
2136 2498 2450 2569 βουθυσίαις
2475 2499 2570 2553 καὶ
2597 2499 2844 2569 αἴμασιν,
2862 2499 2983 2553 οὐδὲ
3013 2499 3269 2562 σπονδαῖς
3290 2498 3388 2552 καὶ
3408 2498 3645 2562 κνίσαις,

2042 2588 2180 2642 ἀλλὰ
2208 2589 2476 2661 δόγμασιν
2519 2589 2704 2662 ὀρθοῖς
2751 2588 2982 2661 ἀληθοῦς
3014 2590 3298 2655 εὐσεϐείας
3338 2590 3448 2644 καὶ.
3465 2589 3649 2660 ψυχῆς

2042 2680 2282 2734 διαθέσει
2314 2681 2756 2753 κεκαθαρμένης,
2778 2684 2870 2736 καὶ
2896 2684 3124 2755 προσέτι
3153 2687 3268 2746 τοῖς
3293 2686 3415 2736 κατ’
3442 2682 3649 2754 ἀρετὴν

2044 2769 2223 2841 ἔργοις
2252 2781 2310 2824 τε
2337 2771 2432 2824 καὶ
2463 2771 2643 2839 λόγοις
2662 2787 2676 2800 ·
2708 2767 2791 2835 οἷς
2816 2772 2879 2825 τὸ
2908 2772 3062 2826 Θείον
3113 2773 3500 2844 ὲξιλεούμενοι,
3546 2771 3650 2843 τὴν

2045 2862 2182 2934 ὐπὲρ
2223 2862 2401 2915 αὐτῶν
2454 2863 2551 2916 καὶ
2582 2862 2693 2916 τῶν
2724 2863 3002 2934 ὁμογενῶν
3029 2865 3389 2919 ἀποτελοῦσιν
3432 2867 3648 2937 ἱερουρ-

2043 2953 2189 3022 γίανο
2235 2954 2328 3006 καὶ
2357 2953 2386 3005 ὁ
2422 2952 2521 3023 μὲν
2549 2953 2764 3025 ἐντελὴς
2797 2955 2891 3008 καὶ
2942 2954 3159 3029 πρῶτος
3185 2956 3288 3026 τῆς
3322 2956 3470 3010 κατὰ
3501 2956 3641 3026 Χρι-

2046 3043 2361 3113 στιανισμὸν
2402 3041 2678 3106 πολιτείας
2710 3042 2931 3115 τρόπος,
2958 3043 3163 3097 τοιόσδε
3186 3042 3550 3114 καθέστηκεν.
3586 3044 3647 3096 '0

2042 3135 2100 3189 δὲ
2134 3134 2387 3206 δεύτερος
2447 3134 2542 3187 καὶ
2598 3134 2978 3205 ὐποϐεϐηκὼς,
3007 3135 3519 3209 ἀνθρωπινώτερος,
3553 3136 3646 3188 καὶ

2043 3224 2121 3296 τῷ
2154 3224 2357 3297 πρώτῳ
2397 3223 2517 3279 λίαν
2542 3224 2905 3298 ἀσύγκριτος·
2940 3225 2998 3290 ὃς
3047 3226 3141 3279 καὶ
3172 3227 3375 3298 γάμοις
3407 3244 3646 3296 συγκατ-

2046 3320 2186 3374 ιέναι
2242 3319 2484 3392 σώφροσι
2520 3321 2615 3375 καὶ
2666 3321 3051 3387 παιδοποιίαις,
3087 3323 3403 3393 οἰκονομίας
3446 3340 3508 3377 τε
3543 3323 3647 3392 τῆς

2045 3414 2188 3469 κατὰ
2214 3415 2275 3468 τὸ
2305 3415 2513 3469 δίκαιον
2573 3415 2975 3486 ἐπιμελεῖσθαι,
3013 3417 3104 3469 καὶ
3154 3417 3645 3488 στρατευομένους.

2045 3507 2139 3558 καὶ
2156 3506 2225 3560 τὰ
2249 3506 2500 3576 πρακτέα
2526 3507 2902 3576 ὑποτίθεσθαι,
2923 3509 3110 3582 ἀγρῶν
3130 3526 3191 3563 τε
3234 3511 3330 3563 καὶ
3348 3509 3649 3581 ἐμπορίας,

2045 3598 2140 3652 καὶ
2169 3598 2269 3669 τῆς
2296 3597 2463 3671 ἄλλης
2491 3599 2916 3675 πολιτικωτέρας
2945 3602 3195 3672 ἀγωγῆς,
3229 3601 3370 3672 μετὰ
3401 3601 3499 3655 τοῦ
3523 3602 3647 3654 θεο-

2047 3689 2240 3754 σεϐοῦς
2274 3691 2600 3760 φροντίζειν.
2646 3691 2742 3758 Οἷς
2777 3695 2872 3748 καὶ
2902 3694 3191 3765 ἀσκήσεων
3223 3694 3433 3766 καιροὶ,
3466 3694 3651 3764 μαθη-

2046 3783 2197 3848 τείας
2232 3801 2292 3838 τε
2347 3785 2442 3839 καὶ
2489 3785 2599 3839 τῶν
2632 3786 2793 3841 θείων
2835 3786 3032 3856 λογίων
3082 3789 3403 3859 ἀκροάσεως
3441 3787 3653 3859 ἡμέραι

359 3878 580 3949 pietatis
607 3878 833 3949 gradus,
861 3878 957 3949 qui
980 3889 1281 3948 congruam
1333 3873 1464 3930 huic
1500 3874 1626 3930 vitae
1649 3874 1943 3929 utilitatem

2056 3876 2463 3949 ἀφωρίσθησαν,
2524 3879 2620 3932 καὶ
2670 3878 2924 3953 δεύτερος
2984 3881 3273 3944 εὐσεϐείας
3324 3877 3649 3953 ἀπενεμίβη

361 3970 586 4041 praebet.
624 3990 644 4023 ι

2051 3966 2279 4039 βαθμδς,
2325 3970 2661 4044 κατάλληλον
2700 3971 2777 4044 τῷ
2826 3971 3014 4045 τοιῷδε
3070 3973 3172 4045 βίῳ
3238 3974 3503 4047 παρέχων
3548 3973 3655 4046 τὴν

2050 4060 2320 4130 ὠφέλειαν
2351 4062 2488 4134 (76).
2523 4083 2542 4116 ι

353 4210 421 4270 Il.
460 4212 544 4267 Ex
573 4212 754 4271 erco
788 4215 1067 4272 scholiaste
1092 4218 1162 4272 ad
1193 4216 1437 4273 Marcum
1469 4215 1610 4287 apud
1638 4215 1789 4272 Rich.
1809 4215 2109 4342 Simonirém
2135 4217 2192 4271 in
2226 4216 2468 4274 Historia
2499 4220 2694 4275 critica
2722 4221 3084 4293 interpretum
3108 4220 3246 4277 Novi
3276 4221 3648 4282 Testamentiv

1880 4303 1996 4342 can.
2074 4327 2089 4342 .

1880 4303 1996 4358 cap.
2034 4303 2089 4342 υ.

426 4470 481 4525 ‘2.
519 4467 907 4540 Propheticum
969 4467 1180 4524 dictum
1218 4469 1322 4526 hoc
1375 4468 1658 4524 Malacbiae
1684 4477 1792 4534 est,
1826 4482 1940 4524 non

358 4559 529 4615 lsaioe.
560 4559 815 4615 Mendum
848 4575 979 4631 ergo
1033 4560 1245 4616 librarii
1275 4570 1380 4629 est,
1430 4568 1490 4616 ut
1534 4561 1612 4615 ait
1668 4558 1941 4616 Eusebius

357 4652 714 4707 Caesariensis
762 4651 817 4706 in
868 4651 1009 4707 libro
1028 4652 1110 4705 Ad
1156 4650 1435 4707 Marinum
1461 4654 1529 4709 de
1557 4662 1857 4725 apparente
1883 4654 1941 4708 in

360 4742 666 4814 Evangeliis
693 4742 1035 4799 dissonantia
1064 4743 1214 4798 circa
1241 4744 1725 4801 resurrectionem.

2125 4466 2189 4539 β’.
2234 4466 2405 4523 Τοῦτο
2446 4469 2507 4523 τὸ
2559 4475 2896 4545 προφητικὸν
2948 4475 3112 4546 ῥητὸν
3155 4476 3447 4549 Μαλαχίου
3478 4483 3645 4547 ἐστὶν,

2048 4559 2147 4631 οὐχ
2192 4561 2411 4615 Ἡσαΐου
2441 4562 2573 4635 (77)’
2603 4566 2859 4637 γραφέως
2900 4568 3079 4622 τοίνυν
3132 4569 3250 4623 ἐστὶ
3292 4572 3548 4645 σφάλμα,
3573 4576 3649 4640 ὥς

2050 4666 2216 4721 φησιν
2259 4649 2518 4715 Εὐσέϐιος
2548 4652 2577 4704 ὁ
2608 4655 2949 4727 Καισαρείας
2978 4657 3037 4712 ὲν
3070 4656 3151 4727 τῷ
3180 4658 3342 4727 Πρὸς
3372 4664 3649 4733 Μαρῖγογ

2048 4744 2179 4814 περὶ
2203 4742 2305 4814 τῆς
2327 4742 2589 4818 δοκούσης
2621 4747 2681 4801 ὲν
2702 4750 2815 4813 τοῖς
2846 4746 3196 4818 Εὐαγγελίοις
3225 4753 3358 4825 περὶ
3383 4755 3491 4827 τῆς
3512 4760 3644 4812 ἀνα-

2050 4837 2293 4903 στάσεως
2322 4838 2634 4910 διαφωνίας.

420 5052 539 5133 ,(75)
580 5053 883 5140 Perpetuus
913 5056 1215 5139 admirator
1242 5053 1464 5112 Eusebii
1492 5055 1761 5140 Georgius
1784 5066 1937 5116 certe
1967 5067 2012 5123 D
2042 5081 2126 5129 ιιι.
2156 5074 2211 5122 et
2254 5067 2425 5126 Marc.
2473 5084 2515 5131 ι.
2563 5068 2767 5126 Parate
2809 5073 2949 5126 viam
2990 5072 3234 5138 Domini,
3267 5086 3446 5131 rectas
3479 5079 3643 5145 [αςὶιε

355 5120 488 5175 fuit:
524 5140 648 5175 nam
698 5135 754 5175 et
802 5143 923 5175 erlis
963 5125 1263 5175 Chromcon
1307 5142 1416 5175 non
1465 5128 1634 5175 semel
1679 5136 1832 5175 citat-
1883 5138 1940 5175 et
2044 5139 2260 5175 “mna.
2291 5140 2406 5175 οἱ...
2465 5140 2760 5175 nummum
2793 5158 2922 5175 mm.
2943 5152 3195 5175 ...ιρι-...η
3223 5148 3423 5175 una.“
3455 5164 3515 5175 η..
3548 5150 3612 5175 .a-

381 5125 1416 5217 331931191}thngGargaifgrfnp‘qn
1465 5125 1854 5217 semel'pitlatL
1883 5138 1940 5217 et
2043 5125 2429 5217 semitag_ejus.
2461 5125 2760 5217 Eusebium
2793 5125 2922 5199 vero
2942 5125 3641 5217 nasira‘a'ieg'aggé'sxa;

352 5195 720 5269 qui_d_em_cum
747 5195 951 5269 insigni
978 5198 1137 5269 laude
1165 5199 1431 5269 auctoris,
1453 5215 1505 5253 v.
1530 5214 1639 5267 ειη,
1665 5198 1787 5253 cod.
1811 5199 1934 5255 Vat.

357 5263 528 5343 L191
564 5265 655 5343 40_
677 5267 731 5330 b,
765 5263 933 5343 12441
962 5287 978 5343 _:
1026 5268 1083 5321 Ὀ
1120 5266 1439 5343 πολυμαθὴς
1477 5263 1582 5343 *κάι
1626 5263 1938 5343 πολυίστωρ

353 5332 612 5411 Εὐσέϐιος
631 5337 1082 5411 διᾳκριϐεστὰτην
1100 5338 1209 5411 τῶν
1240 5332 1447 5410 χρόνων
1465 5340 1789 5411 ἀναγραφὴν
1820 5332 1938 5394 ποιὲ

353 5405 664 5484 ησᾴμενοςη
690 5405 822 5462 Metu
858 5429 869 5462 :
904 5411 932 5461 ὁ
964 5405 1300 5480 πολυμαθής,
1333 5418 1466 5478 etc.,
1494 5413 1552 5464 ὲν
1585 5405 1933 5479 τοῖςΧρονι-

353 5479 484 5539 κοῖς
515 5479 750 5530 κανόσι.

281 5602 285 5607 γ
366 5614 381 5616 μ
420 5544 553 5616 Uti)
578 5544 788 5602 Habent
812 5546 1174 5616 fragmentum
1197 5549 1302 5603 hoc
1322 5550 1546 5606 brevius
1570 5549 1769 5607 Suidas
1808 5567 1929 5612 voc.

356 5614 662 5690 Εὐσέϐιος,
698 5626 753 5671 et
784 5614 1067 5690 Cedi'enus
1084 5621 1173 5675 ed.
1203 5619 1381 5677 Paris.
1411 5636 1465 5690 p.
1487 5622 1614 5676 ‘20].

422 5682 537 5748 (77)
582 5683 772 5743 Sermo
802 5696 887 5743 cst
930 5689 997 5746 de
1040 5692 1362 5762 prephetico
1404 5682 1526 5749 ioco
1557 5692 1700 5765 apud
1729 5691 1921 5751 Matth.

2041 5207 2215 5262 clarat
2239 5207 2610 5274 Hieronymus
2634 5214 2691 5266 in
2713 5211 2919 5267 Comm.
2949 5217 3019 5267 ad
3048 5214 3247 5273 Matth.
3272 5207 3302 5269 ἷ
3324 5216 3463 5274 Cum
3490 5220 3638 5274 testi-

2042 5279 2373 5358 moniumae
2403 5279 2678 5358 Malae/tia
2712 5281 2964 5358 Isaiaque
2996 5295 3301 5358 contemtum
3323 5290 3419 5355 sit,
3442 5293 3635 5358 quatit

2041 5346 2369 5420 Porphyrius
2409 5353 2670 5422 quomodo
2710 5354 2849 5426 ueiut
2878 5346 2955 5407 ἀί)
2991 5371 3097 5426 uno
3138 5357 3293 5412 Isaia
3334 5346 3632 5426 exemplum

2037 5428 2284 5501 putemus
2334 5426 2716 5501 assitmptum
2754 5422 2856 5480 Cui
2891 5425 3239 5483 ecclesiastici
3283 5431 3385 5501 oiri
3431 5422 3633 5499 plenis-

2035 5492 2168 5545 sime
2212 5492 2611 5571 responderunt.
2661 5493 2776 5549 Nos
2826 5506 3002 5571 autem
3046 5513 3235 5571 nomen
3280 5492 3451 5556 1εαίιέ
3477 5512 3634 5571 puta-

2040 5576 2158 5616 mus
2198 5563 2801 5643 additumecriplorum
2844 5566 3322 5643 v_itio.___Eamdem
3373 5563 3637 5643 quacstio-

2037 5646 2165 5711 nem
2190 5645 2374 5691 versat
2402 5634 2767 5711 Hieronymus
2794 5639 2959 5708 epist.
2986 5636 3077 5704 57,
3108 5638 3162 5695 9.
