  <div class='ocr_page' id='page_1' title='image "/cluster/home/n/w/nwhite01/storage/ocr_20150623/22/nnc1.0046978372/559.png"; bbox 0 0 3826 6216; ppageno 0'>
   <div class='ocr_carea' id='block_1_1' title="bbox 308 325 439 380">
    <p class='ocr_par' dir='ltr' id='par_1_1' title="bbox 308 325 439 380">
     <span class='ocr_line' id='line_1_1' title="bbox 308 325 439 380; baseline 0.008 -1"><span class='ocrx_word' id='word_1_1' title='bbox 308 325 439 380; x_wconf 73' lang='lat' dir='ltr'><strong>l0“</strong></span> 
     </span>
    </p>
   </div>
   <div class='ocr_carea' id='block_1_2' title="bbox 1062 323 2907 386">
    <p class='ocr_par' dir='ltr' id='par_1_2' title="bbox 1062 323 2907 386">
     <span class='ocr_line' id='line_1_2' title="bbox 1062 323 2907 386; baseline 0.003 -6"><span class='ocrx_word' id='word_1_2' title='bbox 1062 323 1335 380; x_wconf 80' lang='lat' dir='ltr'><strong>EUSEBII</strong></span> <span class='ocrx_word' id='word_1_3' title='bbox 1373 324 1850 384; x_wconf 64' lang='lat' dir='ltr'><strong>CESARIENSIS</strong></span> <span class='ocrx_word' id='word_1_4' title='bbox 1872 328 2027 386; x_wconf 88' lang='lat' dir='ltr'><strong>OPP.</strong></span> <span class='ocrx_word' id='word_1_5' title='bbox 2066 328 2246 384; x_wconf 82' lang='lat' dir='ltr'><strong>PARS</strong></span> <span class='ocrx_word' id='word_1_6' title='bbox 2275 328 2362 384; x_wconf 84' lang='grc' dir='ltr'><strong>ιη.</strong></span> <span class='ocrx_word' id='word_1_7' title='bbox 2387 358 2458 370; x_wconf 90' lang='lat'><strong>——</strong></span> <span class='ocrx_word' id='word_1_8' title='bbox 2495 328 2907 385; x_wconf 80' lang='lat' dir='ltr'><strong>EXEGETICA.</strong></span> 
     </span>
    </p>
   </div>
   <div class='ocr_carea' id='block_1_3' title="bbox 3438 329 3580 385">
    <p class='ocr_par' dir='ltr' id='par_1_3' title="bbox 3438 329 3580 385">
     <span class='ocr_line' id='line_1_3' title="bbox 3438 329 3580 385; baseline -0.021 0"><span class='ocrx_word' id='word_1_9' title='bbox 3438 329 3580 385; x_wconf 74' lang='grc'><strong>1019.</strong></span> 
     </span>
    </p>
   </div>
   <div class='ocr_carea' id='block_1_4' title="bbox 311 463 3547 597">
    <p class='ocr_par' dir='ltr' id='par_1_4' title="bbox 311 463 3547 597">
     <span class='ocr_line' id='line_1_4' title="bbox 311 463 3547 597; baseline -0.002 -73"><span class='ocrx_word' id='word_1_10' title='bbox 311 468 400 524; x_wconf 69' lang='grc' dir='ltr'><strong>Ἢ.</strong></span> <span class='ocrx_word' id='word_1_11' title='bbox 439 468 523 524; x_wconf 67' lang='lat' dir='ltr'><strong>Ea:</strong></span> <span class='ocrx_word' id='word_1_12' title='bbox 556 470 682 523; x_wconf 84' lang='lat' dir='ltr'><strong>Joh.</strong></span> <span class='ocrx_word' id='word_1_13' title='bbox 714 466 987 537; x_wconf 75' lang='lat' dir='ltr'><strong>Xipliilino</strong></span> <span class='ocrx_word' id='word_1_14' title='bbox 1011 468 1344 535; x_wconf 81' lang='lat' dir='ltr'><strong>patriarcha,</strong></span> <span class='ocrx_word' id='word_1_15' title='bbox 1374 469 1428 521; x_wconf 87' lang='lat' dir='ltr'><strong>in</strong></span> <span class='ocrx_word' id='word_1_16' title='bbox 1460 468 1906 595; x_wconf 47' lang='lat' dir='ltr'><strong>hom‘igauinédjéa</strong></span> <span class='ocrx_word' id='word_1_17' title='bbox 1929 471 2299 597; x_wconf 53' lang='grc' dir='ltr'><strong>(βιαιίτηέιαῖἕῦι</strong></span> <span class='ocrx_word' id='word_1_18' title='bbox 2330 472 2381 525; x_wconf 89' lang='lat' dir='ltr'><strong>in</strong></span> <span class='ocrx_word' id='word_1_19' title='bbox 2405 467 2672 524; x_wconf 85' lang='lat' dir='ltr'><strong>dominica</strong></span> <span class='ocrx_word' id='word_1_20' title='bbox 2698 464 2761 520; x_wconf 83' lang='lat' dir='ltr'><strong>de</strong></span> <span class='ocrx_word' id='word_1_21' title='bbox 2782 465 3094 521; x_wconf 75' lang='lat' dir='ltr'><strong>mulieribus</strong></span> <span class='ocrx_word' id='word_1_22' title='bbox 3122 474 3371 519; x_wconf 83' lang='lat' dir='ltr'><strong>aromata</strong></span> <span class='ocrx_word' id='word_1_23' title='bbox 3400 463 3547 533; x_wconf 68' lang='lat' dir='ltr'><strong>{areu</strong></span> 
     </span>
    </p>
   </div>
   <div class='ocr_carea' id='block_1_5' title="bbox 1600 554 2309 611">
    <p class='ocr_par' dir='ltr' id='par_1_5' title="bbox 1600 554 2309 611">
     <span class='ocr_line' id='line_1_5' title="bbox 1600 554 2309 611; baseline 0.01 -19"><span class='ocrx_word' id='word_1_24' title='bbox 1600 554 1739 597; x_wconf 85' lang='lat' dir='ltr'><strong>wus.</strong></span> <span class='ocrx_word' id='word_1_25' title='bbox 1766 554 1898 595; x_wconf 68' lang='grc' dir='ltr'>ιλοα.</span> <span class='ocrx_word' id='word_1_26' title='bbox 1942 554 2060 598; x_wconf 72' lang='lat' dir='ltr'><strong>vat.</strong></span> <span class='ocrx_word' id='word_1_27' title='bbox 2097 558 2149 611; x_wconf 92' lang='lat' dir='ltr'><strong>p.</strong></span> <span class='ocrx_word' id='word_1_28' title='bbox 2184 554 2309 599; x_wconf 79' lang='lat' dir='ltr'><strong>ttiU.</strong></span> 
     </span>
    </p>
   </div>
   <div class='ocr_carea' id='block_1_6' title="bbox 380 653 1903 744">
    <p class='ocr_par' dir='ltr' id='par_1_6' title="bbox 380 654 1892 728">
     <span class='ocr_line' id='line_1_6' title="bbox 380 654 1892 728; baseline 0.001 -16"><span class='ocrx_word' id='word_1_29' title='bbox 380 658 434 713; x_wconf 86' lang='lat'><strong>6.</strong></span> <span class='ocrx_word' id='word_1_30' title='bbox 475 656 743 711; x_wconf 84' lang='lat' dir='ltr'><strong>Eusebius</strong></span> <span class='ocrx_word' id='word_1_31' title='bbox 758 670 887 710; x_wconf 86' lang='lat' dir='ltr'><strong>vero</strong></span> <span class='ocrx_word' id='word_1_32' title='bbox 909 654 1267 710; x_wconf 72' lang='lat' dir='ltr'><strong>Caesariensis</strong></span> <span class='ocrx_word' id='word_1_33' title='bbox 1291 655 1385 721; x_wconf 87' lang='lat' dir='ltr'><strong>ait,</strong></span> <span class='ocrx_word' id='word_1_34' title='bbox 1421 655 1648 711; x_wconf 74' lang='lat' dir='ltr'><strong>Mariam</strong></span> <span class='ocrx_word' id='word_1_35' title='bbox 1670 657 1892 728; x_wconf 87' lang='lat' dir='ltr'><strong>quidem</strong></span> 
     </span>
    </p>
   </div>
   <div class='ocr_carea' id='block_1_7' title="bbox 2021 653 3586 744">
    <p class='ocr_par' dir='ltr' id='par_1_7' title="bbox 2072 653 3586 744">
     <span class='ocr_line' id='line_1_7' title="bbox 2072 653 3586 744; baseline -0.005 -30"><span class='ocrx_word' id='word_1_36' title='bbox 2072 660 2146 725; x_wconf 82' lang='grc' dir='ltr'><strong>ς’.</strong></span> <span class='ocrx_word' id='word_1_37' title='bbox 2187 659 2448 724; x_wconf 75' lang='grc' dir='ltr'>Εὐσέϐιος</span> <span class='ocrx_word' id='word_1_38' title='bbox 2481 675 2648 728; x_wconf 82' lang='grc' dir='ltr'>φησιν</span> <span class='ocrx_word' id='word_1_39' title='bbox 2678 659 2707 711; x_wconf 86' lang='grc' dir='ltr'>ὁ</span> <span class='ocrx_word' id='word_1_40' title='bbox 2744 654 3102 744; x_wconf 82' lang='grc' dir='ltr'>Καισαρείας,</span> <span class='ocrx_word' id='word_1_41' title='bbox 3245 653 3434 744; x_wconf 82' lang='grc' dir='ltr'>Μαρία</span> <span class='ocrx_word' id='word_1_42' title='bbox 3482 654 3586 724; x_wconf 83' lang='grc' dir='ltr'>μὲν</span> 
     </span>
    </p>
   </div>
   <div class='ocr_carea' id='block_1_8' title="bbox 310 744 1892 820">
    <p class='ocr_par' dir='ltr' id='par_1_8' title="bbox 310 744 1892 820">
     <span class='ocr_line' id='line_1_8' title="bbox 310 744 1892 820; baseline 0 -16"><span class='ocrx_word' id='word_1_43' title='bbox 310 748 703 820; x_wconf 75' lang='lat' dir='ltr'><strong>Magdalenem.</strong></span> <span class='ocrx_word' id='word_1_44' title='bbox 733 756 789 802; x_wconf 91' lang='lat' dir='ltr'><strong>et</strong></span> <span class='ocrx_word' id='word_1_45' title='bbox 813 746 1035 800; x_wconf 83' lang='lat' dir='ltr'><strong>Mariam</strong></span> <span class='ocrx_word' id='word_1_46' title='bbox 1067 744 1256 801; x_wconf 89' lang='lat' dir='ltr'><strong>Jacobi</strong></span> <span class='ocrx_word' id='word_1_47' title='bbox 1287 756 1562 817; x_wconf 71' lang='lat' dir='ltr'><strong>unguenta</strong></span> <span class='ocrx_word' id='word_1_48' title='bbox 1578 750 1892 818; x_wconf 86' lang='lat' dir='ltr'><strong>paravisse;</strong></span> 
     </span>
    </p>
   </div>
   <div class='ocr_carea' id='block_1_9' title="bbox 310 839 1895 913">
    <p class='ocr_par' dir='ltr' id='par_1_9' title="bbox 310 839 1895 913">
     <span class='ocr_line' id='line_1_9' title="bbox 310 839 1895 913; baseline -0.001 -15"><span class='ocrx_word' id='word_1_49' title='bbox 310 859 489 913; x_wconf 84' lang='lat' dir='ltr'><strong>neque</strong></span> <span class='ocrx_word' id='word_1_50' title='bbox 513 852 691 895; x_wconf 88' lang='lat' dir='ltr'><strong>tamen</strong></span> <span class='ocrx_word' id='word_1_51' title='bbox 717 839 936 894; x_wconf 90' lang='lat' dir='ltr'><strong>easdem</strong></span> <span class='ocrx_word' id='word_1_52' title='bbox 959 854 1083 893; x_wconf 90' lang='lat' dir='ltr'><strong>esse</strong></span> <span class='ocrx_word' id='word_1_53' title='bbox 1111 854 1232 909; x_wconf 69' lang='lat' dir='ltr'><strong>qua:</strong></span> <span class='ocrx_word' id='word_1_54' title='bbox 1266 854 1428 894; x_wconf 88' lang='lat' dir='ltr'><strong>mane</strong></span> <span class='ocrx_word' id='word_1_55' title='bbox 1476 849 1742 895; x_wconf 83' lang='lat' dir='ltr'><strong>venerunt</strong></span> <span class='ocrx_word' id='word_1_56' title='bbox 1771 851 1895 897; x_wconf 75' lang='lat' dir='ltr'><strong>0N0</strong></span> 
     </span>
    </p>
   </div>
   <div class='ocr_carea' id='block_1_10' title="bbox 307 932 1893 1005">
    <p class='ocr_par' dir='ltr' id='par_1_10' title="bbox 307 932 1893 1005">
     <span class='ocr_line' id='line_1_10' title="bbox 307 932 1893 1005; baseline 0.001 -16"><span class='ocrx_word' id='word_1_57' title='bbox 307 936 420 1005; x_wconf 89' lang='lat' dir='ltr'><strong>jam</strong></span> <span class='ocrx_word' id='word_1_58' title='bbox 438 936 572 995; x_wconf 87' lang='lat' dir='ltr'><strong>soie,</strong></span> <span class='ocrx_word' id='word_1_59' title='bbox 588 932 681 987; x_wconf 89' lang='lat' dir='ltr'><strong>sed</strong></span> <span class='ocrx_word' id='word_1_60' title='bbox 701 947 1002 1003; x_wconf 88' lang='lat' dir='ltr'><strong>anonymas</strong></span> <span class='ocrx_word' id='word_1_61' title='bbox 1024 932 1197 987; x_wconf 89' lang='lat' dir='ltr'><strong>alias:</strong></span> <span class='ocrx_word' id='word_1_62' title='bbox 1226 933 1409 986; x_wconf 68' lang='lat' dir='ltr'><strong>multae</strong></span> <span class='ocrx_word' id='word_1_63' title='bbox 1426 933 1571 987; x_wconf 91' lang='lat' dir='ltr'><strong>enim</strong></span> <span class='ocrx_word' id='word_1_64' title='bbox 1591 951 1656 989; x_wconf 80' lang='lat' dir='ltr'><strong>ex</strong></span> <span class='ocrx_word' id='word_1_65' title='bbox 1673 934 1893 990; x_wconf 60' lang='lat' dir='ltr'><strong>Galilaa</strong></span> 
     </span>
    </p>
   </div>
   <div class='ocr_carea' id='block_1_11' title="bbox 312 1024 1895 1098">
    <p class='ocr_par' dir='ltr' id='par_1_11' title="bbox 312 1024 1895 1098">
     <span class='ocr_line' id='line_1_11' title="bbox 312 1024 1895 1098; baseline 0 -15"><span class='ocrx_word' id='word_1_66' title='bbox 312 1044 437 1083; x_wconf 79' lang='lat' dir='ltr'><strong>cum</strong></span> <span class='ocrx_word' id='word_1_67' title='bbox 466 1028 754 1081; x_wconf 82' lang='lat' dir='ltr'><strong>Servatore</strong></span> <span class='ocrx_word' id='word_1_68' title='bbox 782 1025 1165 1079; x_wconf 87' lang='lat' dir='ltr'><strong>ascenderant.</strong></span> <span class='ocrx_word' id='word_1_69' title='bbox 1200 1024 1566 1091; x_wconf 84' lang='lat' dir='ltr'><strong>Quamobrem</strong></span> <span class='ocrx_word' id='word_1_70' title='bbox 1603 1028 1685 1081; x_wconf 68' lang='lat' dir='ltr'><strong>hae</strong></span> <span class='ocrx_word' id='word_1_71' title='bbox 1716 1044 1895 1098; x_wconf 90' lang='lat' dir='ltr'><strong>neque</strong></span> 
     </span>
    </p>
   </div>
   <div class='ocr_carea' id='block_1_12' title="bbox 314 1116 1897 1188">
    <p class='ocr_par' dir='ltr' id='par_1_12' title="bbox 314 1116 1897 1188">
     <span class='ocr_line' id='line_1_12' title="bbox 314 1116 1897 1188; baseline -0.001 -15"><span class='ocrx_word' id='word_1_72' title='bbox 314 1128 479 1173; x_wconf 86' lang='lat' dir='ltr'><strong>noctu</strong></span> <span class='ocrx_word' id='word_1_73' title='bbox 517 1119 645 1172; x_wconf 89' lang='lat' dir='ltr'><strong>illuc</strong></span> <span class='ocrx_word' id='word_1_74' title='bbox 674 1117 990 1179; x_wconf 79' lang='lat' dir='ltr'><strong>adfuerunt,</strong></span> <span class='ocrx_word' id='word_1_75' title='bbox 1021 1116 1115 1171; x_wconf 87' lang='lat' dir='ltr'><strong>sed</strong></span> <span class='ocrx_word' id='word_1_76' title='bbox 1149 1131 1341 1184; x_wconf 88' lang='lat' dir='ltr'><strong>mane;</strong></span> <span class='ocrx_word' id='word_1_77' title='bbox 1375 1118 1690 1188; x_wconf 55' lang='lat' dir='ltr'><strong>eaedemque</strong></span> <span class='ocrx_word' id='word_1_78' title='bbox 1740 1136 1897 1175; x_wconf 89' lang='lat' dir='ltr'><strong>man-</strong></span> 
     </span>
    </p>
   </div>
   <div class='ocr_carea' id='block_1_13' title="bbox 315 1208 1890 1279">
    <p class='ocr_par' dir='ltr' id='par_1_13' title="bbox 315 1208 1890 1279">
     <span class='ocr_line' id='line_1_13' title="bbox 315 1208 1890 1279; baseline 0.001 -14"><span class='ocrx_word' id='word_1_79' title='bbox 315 1212 442 1265; x_wconf 86' lang='lat' dir='ltr'><strong>dato</strong></span> <span class='ocrx_word' id='word_1_80' title='bbox 466 1210 654 1264; x_wconf 90' lang='lat' dir='ltr'><strong>audito</strong></span> <span class='ocrx_word' id='word_1_81' title='bbox 684 1218 744 1263; x_wconf 91' lang='lat' dir='ltr'><strong>ut</strong></span> <span class='ocrx_word' id='word_1_82' title='bbox 769 1210 1055 1278; x_wconf 86' lang='lat' dir='ltr'><strong>discipulis</strong></span> <span class='ocrx_word' id='word_1_83' title='bbox 1086 1208 1358 1279; x_wconf 87' lang='lat' dir='ltr'><strong>Petroque</strong></span> <span class='ocrx_word' id='word_1_84' title='bbox 1404 1225 1518 1263; x_wconf 90' lang='lat' dir='ltr'><strong>rem</strong></span> <span class='ocrx_word' id='word_1_85' title='bbox 1549 1212 1890 1277; x_wconf 74' lang='lat' dir='ltr'><strong>nuntiarent,</strong></span> 
     </span>
    </p>
   </div>
   <div class='ocr_carea' id='block_1_14' title="bbox 316 1301 1892 1372">
    <p class='ocr_par' dir='ltr' id='par_1_14' title="bbox 316 1301 1892 1372">
     <span class='ocr_line' id='line_1_14' title="bbox 316 1301 1892 1372; baseline 0 -15"><span class='ocrx_word' id='word_1_86' title='bbox 316 1302 572 1372; x_wconf 75' lang='lat' dir='ltr'><strong>fugerunt</strong></span> <span class='ocrx_word' id='word_1_87' title='bbox 600 1302 801 1355; x_wconf 82' lang='lat' dir='ltr'><strong>nemini</strong></span> <span class='ocrx_word' id='word_1_88' title='bbox 839 1303 1137 1371; x_wconf 82' lang='lat' dir='ltr'><strong>quidquam</strong></span> <span class='ocrx_word' id='word_1_89' title='bbox 1166 1301 1414 1365; x_wconf 68' lang='lat' dir='ltr'><strong>dicturse,</strong></span> <span class='ocrx_word' id='word_1_90' title='bbox 1447 1303 1575 1372; x_wconf 82' lang='lat' dir='ltr'><strong>quia</strong></span> <span class='ocrx_word' id='word_1_91' title='bbox 1618 1304 1892 1357; x_wconf 83' lang='lat' dir='ltr'><strong>extimue-</strong></span> 
     </span>
    </p>
   </div>
   <div class='ocr_carea' id='block_1_15' title="bbox 316 1393 1899 1462">
    <p class='ocr_par' dir='ltr' id='par_1_15' title="bbox 316 1393 1899 1462">
     <span class='ocr_line' id='line_1_15' title="bbox 316 1393 1899 1462; baseline 0 -12"><span class='ocrx_word' id='word_1_92' title='bbox 316 1404 458 1450; x_wconf 89' lang='lat' dir='ltr'><strong>rant.</strong></span> <span class='ocrx_word' id='word_1_93' title='bbox 487 1394 722 1449; x_wconf 86' lang='lat' dir='ltr'><strong>Proinde</strong></span> <span class='ocrx_word' id='word_1_94' title='bbox 754 1394 917 1447; x_wconf 90' lang='lat' dir='ltr'><strong>etiam</strong></span> <span class='ocrx_word' id='word_1_95' title='bbox 972 1394 1101 1462; x_wconf 88' lang='lat' dir='ltr'><strong>quia</strong></span> <span class='ocrx_word' id='word_1_96' title='bbox 1144 1393 1419 1462; x_wconf 89' lang='lat' dir='ltr'><strong>postsolis</strong></span> <span class='ocrx_word' id='word_1_97' title='bbox 1451 1402 1634 1448; x_wconf 87' lang='lat' dir='ltr'><strong>ortum</strong></span> <span class='ocrx_word' id='word_1_98' title='bbox 1664 1396 1899 1450; x_wconf 84' lang='lat' dir='ltr'><strong>advene-</strong></span> 
     </span>
    </p>
   </div>
   <div class='ocr_carea' id='block_1_16' title="bbox 318 1483 1898 1558">
    <p class='ocr_par' dir='ltr' id='par_1_16' title="bbox 318 1483 1898 1558">
     <span class='ocr_line' id='line_1_16' title="bbox 318 1483 1898 1558; baseline 0.002 -18"><span class='ocrx_word' id='word_1_99' title='bbox 318 1494 460 1550; x_wconf 89' lang='lat' dir='ltr'><strong>rant,</strong></span> <span class='ocrx_word' id='word_1_100' title='bbox 483 1487 665 1540; x_wconf 87' lang='lat' dir='ltr'><strong>videre</strong></span> <span class='ocrx_word' id='word_1_101' title='bbox 689 1483 1031 1540; x_wconf 90' lang='lat' dir='ltr'><strong>Servatorem</strong></span> <span class='ocrx_word' id='word_1_102' title='bbox 1065 1484 1209 1538; x_wconf 82' lang='lat' dir='ltr'><strong>haud</strong></span> <span class='ocrx_word' id='word_1_103' title='bbox 1236 1486 1414 1555; x_wconf 80' lang='lat' dir='ltr'><strong>digna:</strong></span> <span class='ocrx_word' id='word_1_104' title='bbox 1447 1484 1685 1541; x_wconf 78' lang='lat' dir='ltr'><strong>fuerunt.</strong></span> <span class='ocrx_word' id='word_1_105' title='bbox 1712 1487 1898 1558; x_wconf 83' lang='lat' dir='ltr'><strong>Neque</strong></span> 
     </span>
    </p>
   </div>
   <div class='ocr_carea' id='block_1_17' title="bbox 315 1575 1901 1650">
    <p class='ocr_par' dir='ltr' id='par_1_17' title="bbox 315 1575 1901 1650">
     <span class='ocr_line' id='line_1_17' title="bbox 315 1575 1901 1650; baseline 0.003 -19"><span class='ocrx_word' id='word_1_106' title='bbox 315 1578 533 1632; x_wconf 89' lang='lat' dir='ltr'><strong>demum</strong></span> <span class='ocrx_word' id='word_1_107' title='bbox 562 1578 676 1632; x_wconf 84' lang='lat' dir='ltr'><strong>ﬁeri</strong></span> <span class='ocrx_word' id='word_1_108' title='bbox 707 1578 905 1647; x_wconf 91' lang='lat' dir='ltr'><strong>potuit,</strong></span> <span class='ocrx_word' id='word_1_109' title='bbox 926 1584 985 1630; x_wconf 88' lang='lat' dir='ltr'><strong>ut</strong></span> <span class='ocrx_word' id='word_1_110' title='bbox 1016 1575 1332 1645; x_wconf 80' lang='lat' dir='ltr'><strong>Magdalene</strong></span> <span class='ocrx_word' id='word_1_111' title='bbox 1363 1589 1485 1646; x_wconf 91' lang='lat' dir='ltr'><strong>post</strong></span> <span class='ocrx_word' id='word_1_112' title='bbox 1505 1587 1585 1633; x_wconf 91' lang='lat' dir='ltr'><strong>tot</strong></span> <span class='ocrx_word' id='word_1_113' title='bbox 1608 1586 1901 1650; x_wconf 88' lang='lat' dir='ltr'><strong>tantasque</strong></span> 
     </span>
    </p>
   </div>
   <div class='ocr_carea' id='block_1_18' title="bbox 316 1669 1901 1737">
    <p class='ocr_par' dir='ltr' id='par_1_18' title="bbox 316 1669 1901 1737">
     <span class='ocr_line' id='line_1_18' title="bbox 316 1669 1901 1737; baseline 0.001 -11"><span class='ocrx_word' id='word_1_114' title='bbox 316 1673 598 1734; x_wconf 76' lang='lat' dir='ltr'><strong>visiones,</strong></span> <span class='ocrx_word' id='word_1_115' title='bbox 658 1671 773 1727; x_wconf 86' lang='lat' dir='ltr'><strong>sole</strong></span> <span class='ocrx_word' id='word_1_116' title='bbox 830 1680 992 1734; x_wconf 87' lang='lat' dir='ltr'><strong>orto,</strong></span> <span class='ocrx_word' id='word_1_117' title='bbox 1047 1670 1229 1724; x_wconf 86' lang='lat' dir='ltr'><strong>adhuc</strong></span> <span class='ocrx_word' id='word_1_118' title='bbox 1284 1669 1586 1737; x_wconf 77' lang='lat' dir='ltr'><strong>dubitaret,</strong></span> <span class='ocrx_word' id='word_1_119' title='bbox 1645 1672 1901 1728; x_wconf 88' lang='lat' dir='ltr'><strong>nesciens</strong></span> 
     </span>
    </p>
   </div>
   <div class='ocr_carea' id='block_1_19' title="bbox 315 1761 1387 1835">
    <p class='ocr_par' dir='ltr' id='par_1_19' title="bbox 315 1761 1387 1835">
     <span class='ocr_line' id='line_1_19' title="bbox 315 1761 1387 1835; baseline -0.004 -16"><span class='ocrx_word' id='word_1_120' title='bbox 315 1764 570 1835; x_wconf 86' lang='lat' dir='ltr'><strong>quisnam</strong></span> <span class='ocrx_word' id='word_1_121' title='bbox 593 1761 828 1832; x_wconf 89' lang='lat' dir='ltr'><strong>lapidem</strong></span> <span class='ocrx_word' id='word_1_122' title='bbox 856 1761 996 1816; x_wconf 77' lang='lat' dir='ltr'><strong>foret</strong></span> <span class='ocrx_word' id='word_1_123' title='bbox 1015 1762 1387 1820; x_wconf 84' lang='lat' dir='ltr'><strong>revoluturus.</strong></span> 
     </span>
    </p>
   </div>
   <div class='ocr_carea' id='block_1_20' title="bbox 1998 743 3586 822">
    <p class='ocr_par' dir='ltr' id='par_1_20' title="bbox 1998 743 3586 822">
     <span class='ocr_line' id='line_1_20' title="bbox 1998 743 3586 822; baseline -0.006 -17"><span class='ocrx_word' id='word_1_124' title='bbox 1998 753 2031 822; x_wconf 83' lang='grc' dir='ltr'><strong>ἡ</strong></span> <span class='ocrx_word' id='word_1_125' title='bbox 2082 749 2412 820; x_wconf 80' lang='grc' dir='ltr'>Μαγδαληνὴ</span> <span class='ocrx_word' id='word_1_126' title='bbox 2462 749 2557 802; x_wconf 73' lang='grc' dir='ltr'>καὶ</span> <span class='ocrx_word' id='word_1_127' title='bbox 2635 746 2823 818; x_wconf 85' lang='grc' dir='ltr'>Μαρία</span> <span class='ocrx_word' id='word_1_128' title='bbox 2881 748 2915 816; x_wconf 80' lang='grc' dir='ltr'><strong>ή</strong></span> <span class='ocrx_word' id='word_1_129' title='bbox 2960 743 3215 797; x_wconf 78' lang='grc' dir='ltr'>Ἰακώϐου</span> <span class='ocrx_word' id='word_1_130' title='bbox 3272 743 3586 814; x_wconf 78' lang='grc' dir='ltr'><strong>ἡτοίμασαν</strong></span> 
     </span>
    </p>
   </div>
   <div class='ocr_carea' id='block_1_21' title="bbox 1996 836 3590 913">
    <p class='ocr_par' dir='ltr' id='par_1_21' title="bbox 1996 836 3590 913">
     <span class='ocr_line' id='line_1_21' title="bbox 1996 836 3590 913; baseline -0.004 -17"><span class='ocrx_word' id='word_1_131' title='bbox 1996 840 2296 913; x_wconf 78' lang='grc' dir='ltr'>ὰρὼματα’</span> <span class='ocrx_word' id='word_1_132' title='bbox 2332 842 2434 895; x_wconf 85' lang='grc' dir='ltr'><strong>οὐκ</strong></span> <span class='ocrx_word' id='word_1_133' title='bbox 2458 838 2619 893; x_wconf 72' lang='grc' dir='ltr'>αὑταὶ</span> <span class='ocrx_word' id='word_1_134' title='bbox 2644 838 2699 891; x_wconf 77' lang='grc' dir='ltr'>δέ</span> <span class='ocrx_word' id='word_1_135' title='bbox 2727 840 2862 890; x_wconf 83' lang='grc' dir='ltr'>εἰσιν</span> <span class='ocrx_word' id='word_1_136' title='bbox 2891 839 2947 889; x_wconf 89' lang='grc' dir='ltr'><strong>αί</strong></span> <span class='ocrx_word' id='word_1_137' title='bbox 2982 836 3126 909; x_wconf 82' lang='grc' dir='ltr'>πρωῒ</span> <span class='ocrx_word' id='word_1_138' title='bbox 3164 836 3417 890; x_wconf 76' lang='grc' dir='ltr'><strong>ἐλθοῦσαι</strong></span> <span class='ocrx_word' id='word_1_139' title='bbox 3449 837 3590 889; x_wconf 77' lang='grc' dir='ltr'>ἀνα-</span> 
     </span>
    </p>
   </div>
   <div class='ocr_carea' id='block_1_22' title="bbox 1996 929 3590 1005">
    <p class='ocr_par' dir='ltr' id='par_1_22' title="bbox 1996 929 3590 1005">
     <span class='ocr_line' id='line_1_22' title="bbox 1996 929 3590 1005; baseline -0.004 -17"><span class='ocrx_word' id='word_1_140' title='bbox 1996 936 2272 998; x_wconf 84' lang='grc' dir='ltr'>τείλαντος</span> <span class='ocrx_word' id='word_1_141' title='bbox 2316 934 2410 987; x_wconf 78' lang='grc' dir='ltr'>τοῦ</span> <span class='ocrx_word' id='word_1_142' title='bbox 2463 934 2637 1005; x_wconf 85' lang='grc' dir='ltr'>ἡλίου,</span> <span class='ocrx_word' id='word_1_143' title='bbox 2682 932 2796 985; x_wconf 85' lang='grc' dir='ltr'>ἀλλ’</span> <span class='ocrx_word' id='word_1_144' title='bbox 2826 932 2980 985; x_wconf 79' lang='grc' dir='ltr'>ἄλλαι</span> <span class='ocrx_word' id='word_1_145' title='bbox 3032 929 3336 1000; x_wconf 77' lang='grc' dir='ltr'>ἀνώνυμοιο</span> <span class='ocrx_word' id='word_1_146' title='bbox 3384 929 3590 983; x_wconf 74' lang='grc' dir='ltr'>πολλαὶ</span> 
     </span>
    </p>
   </div>
   <div class='ocr_carea' id='block_1_23' title="bbox 1996 1023 3590 1100">
    <p class='ocr_par' dir='ltr' id='par_1_23' title="bbox 1996 1023 3590 1100">
     <span class='ocr_line' id='line_1_23' title="bbox 1996 1023 3590 1100; baseline -0.005 -19"><span class='ocrx_word' id='word_1_147' title='bbox 1996 1028 2105 1100; x_wconf 84' lang='grc' dir='ltr'><strong>γὰρ</strong></span> <span class='ocrx_word' id='word_1_148' title='bbox 2127 1024 2267 1099; x_wconf 86' lang='grc' dir='ltr'>ἦσαν</span> <span class='ocrx_word' id='word_1_149' title='bbox 2297 1028 2355 1081; x_wconf 90' lang='grc' dir='ltr'>αἱ</span> <span class='ocrx_word' id='word_1_150' title='bbox 2392 1027 2761 1080; x_wconf 78' lang='grc' dir='ltr'>συναναϐᾶσαι</span> <span class='ocrx_word' id='word_1_151' title='bbox 2793 1024 2871 1094; x_wconf 83' lang='grc' dir='ltr'>τῷ</span> <span class='ocrx_word' id='word_1_152' title='bbox 2898 1024 3110 1095; x_wconf 83' lang='grc' dir='ltr'><strong>Σωτῆρι</strong></span> <span class='ocrx_word' id='word_1_153' title='bbox 3152 1024 3260 1076; x_wconf 80' lang='grc' dir='ltr'><strong>ἀπὸ</strong></span> <span class='ocrx_word' id='word_1_154' title='bbox 3292 1024 3390 1093; x_wconf 81' lang='grc' dir='ltr'>τῆς</span> <span class='ocrx_word' id='word_1_155' title='bbox 3421 1023 3590 1075; x_wconf 78' lang='grc' dir='ltr'>Γαλι-</span> 
     </span>
    </p>
   </div>
   <div class='ocr_carea' id='block_1_24' title="bbox 1998 1114 3586 1188">
    <p class='ocr_par' dir='ltr' id='par_1_24' title="bbox 1998 1114 3586 1188">
     <span class='ocr_line' id='line_1_24' title="bbox 1998 1114 3586 1188; baseline -0.004 -16"><span class='ocrx_word' id='word_1_156' title='bbox 1998 1120 2187 1184; x_wconf 86' lang='grc' dir='ltr'>λαίας·</span> <span class='ocrx_word' id='word_1_157' title='bbox 2221 1120 2342 1173; x_wconf 85' lang='grc' dir='ltr'>ὅθεν</span> <span class='ocrx_word' id='word_1_158' title='bbox 2391 1119 2510 1172; x_wconf 72' lang='grc' dir='ltr'>οὐδὲ</span> <span class='ocrx_word' id='word_1_159' title='bbox 2544 1119 2713 1172; x_wconf 80' lang='grc' dir='ltr'>νύκτα</span> <span class='ocrx_word' id='word_1_160' title='bbox 2763 1118 3174 1188; x_wconf 78' lang='grc' dir='ltr'>παραγίνονται,</span> <span class='ocrx_word' id='word_1_161' title='bbox 3205 1114 3341 1169; x_wconf 73' lang='grc' dir='ltr'>ἀλλὰ</span> <span class='ocrx_word' id='word_1_162' title='bbox 3396 1114 3548 1185; x_wconf 67' lang='grc' dir='ltr'>πριιῆ</span> <span class='ocrx_word' id='word_1_163' title='bbox 3569 1130 3586 1146; x_wconf 88' lang='grc'><strong>·</strong></span> 
     </span>
    </p>
   </div>
   <div class='ocr_carea' id='block_1_25' title="bbox 2000 1206 3590 1280">
    <p class='ocr_par' dir='ltr' id='par_1_25' title="bbox 2000 1206 3590 1280">
     <span class='ocr_line' id='line_1_25' title="bbox 2000 1206 3590 1280; baseline -0.003 -15"><span class='ocrx_word' id='word_1_164' title='bbox 2000 1214 2096 1266; x_wconf 79' lang='grc' dir='ltr'><strong>καὶ</strong></span> <span class='ocrx_word' id='word_1_165' title='bbox 2124 1212 2429 1268; x_wconf 80' lang='grc' dir='ltr'>ἀκούσασαι</span> <span class='ocrx_word' id='word_1_166' title='bbox 2452 1212 2787 1280; x_wconf 79' lang='grc' dir='ltr'>ἀπαγγεῖλαι</span> <span class='ocrx_word' id='word_1_167' title='bbox 2816 1213 2926 1273; x_wconf 87' lang='grc' dir='ltr'>τοῖς</span> <span class='ocrx_word' id='word_1_168' title='bbox 2957 1209 3223 1280; x_wconf 81' lang='grc' dir='ltr'>μαθηταῖς</span> <span class='ocrx_word' id='word_1_169' title='bbox 3251 1208 3346 1261; x_wconf 68' lang='grc' dir='ltr'><strong>καὶ</strong></span> <span class='ocrx_word' id='word_1_170' title='bbox 3372 1207 3453 1277; x_wconf 80' lang='grc' dir='ltr'>τῷ</span> <span class='ocrx_word' id='word_1_171' title='bbox 3482 1206 3590 1260; x_wconf 76' lang='grc' dir='ltr'><strong>Πέ-</strong></span> 
     </span>
    </p>
   </div>
   <div class='ocr_carea' id='block_1_26' title="bbox 1997 1296 3587 1376">
    <p class='ocr_par' dir='ltr' id='par_1_26' title="bbox 1997 1296 3587 1376">
     <span class='ocr_line' id='line_1_26' title="bbox 1997 1296 3587 1376; baseline -0.004 -18"><span class='ocrx_word' id='word_1_172' title='bbox 1997 1323 2129 1376; x_wconf 82' lang='grc' dir='ltr'>τρῳ,</span> <span class='ocrx_word' id='word_1_173' title='bbox 2163 1305 2379 1374; x_wconf 78' lang='grc' dir='ltr'>ἔφυγον,</span> <span class='ocrx_word' id='word_1_174' title='bbox 2410 1305 2505 1358; x_wconf 71' lang='grc' dir='ltr'>καὶ</span> <span class='ocrx_word' id='word_1_175' title='bbox 2532 1305 2704 1357; x_wconf 73' lang='grc' dir='ltr'>οὐδενὶ</span> <span class='ocrx_word' id='word_1_176' title='bbox 2735 1302 2885 1355; x_wconf 82' lang='grc' dir='ltr'>οὐδὲν</span> <span class='ocrx_word' id='word_1_177' title='bbox 2919 1296 3095 1354; x_wconf 69' lang='grc' dir='ltr'>εἷπονα</span> <span class='ocrx_word' id='word_1_178' title='bbox 3125 1299 3416 1369; x_wconf 76' lang='grc' dir='ltr'>ἐφοϐοῦντο</span> <span class='ocrx_word' id='word_1_179' title='bbox 3440 1299 3587 1370; x_wconf 81' lang='grc' dir='ltr'>γάρ·</span> 
     </span>
    </p>
   </div>
   <div class='ocr_carea' id='block_1_27' title="bbox 1999 1392 3592 1469">
    <p class='ocr_par' dir='ltr' id='par_1_27' title="bbox 1999 1392 3592 1469">
     <span class='ocr_line' id='line_1_27' title="bbox 1999 1392 3592 1469; baseline -0.003 -19"><span class='ocrx_word' id='word_1_180' title='bbox 1999 1397 2075 1461; x_wconf 78' lang='grc' dir='ltr'>ὡς</span> <span class='ocrx_word' id='word_1_181' title='bbox 2123 1397 2231 1469; x_wconf 81' lang='grc' dir='ltr'><strong>γὰρ</strong></span> <span class='ocrx_word' id='word_1_182' title='bbox 2258 1397 2420 1467; x_wconf 71' lang='grc' dir='ltr'>μετὰ</span> <span class='ocrx_word' id='word_1_183' title='bbox 2467 1396 2730 1465; x_wconf 82' lang='grc' dir='ltr'>ἀνατολὴν</span> <span class='ocrx_word' id='word_1_184' title='bbox 2773 1396 2924 1466; x_wconf 82' lang='grc' dir='ltr'>ἡλίου</span> <span class='ocrx_word' id='word_1_185' title='bbox 2976 1396 3268 1447; x_wconf 80' lang='grc' dir='ltr'>ἐπιστᾶσαι</span> <span class='ocrx_word' id='word_1_186' title='bbox 3327 1392 3453 1446; x_wconf 79' lang='grc' dir='ltr'>οὐδὲ</span> <span class='ocrx_word' id='word_1_187' title='bbox 3498 1392 3592 1445; x_wconf 79' lang='grc' dir='ltr'><strong>τὸν</strong></span> 
     </span>
    </p>
   </div>
   <div class='ocr_carea' id='block_1_28' title="bbox 2003 1481 3591 1562">
    <p class='ocr_par' dir='ltr' id='par_1_28' title="bbox 2003 1481 3591 1562">
     <span class='ocr_line' id='line_1_28' title="bbox 2003 1481 3591 1562; baseline -0.004 -19"><span class='ocrx_word' id='word_1_188' title='bbox 2003 1491 2233 1562; x_wconf 81' lang='grc' dir='ltr'>Σωτῆρα</span> <span class='ocrx_word' id='word_1_189' title='bbox 2263 1489 2561 1544; x_wconf 84' lang='grc' dir='ltr'>θεάσασθαι</span> <span class='ocrx_word' id='word_1_190' title='bbox 2586 1487 2995 1555; x_wconf 81' lang='grc' dir='ltr'>καταξιοῦνται·</span> <span class='ocrx_word' id='word_1_191' title='bbox 3025 1487 3148 1540; x_wconf 76' lang='grc' dir='ltr'>οὐδὲ</span> <span class='ocrx_word' id='word_1_192' title='bbox 3176 1483 3286 1539; x_wconf 75' lang='grc' dir='ltr'>οἷόν</span> <span class='ocrx_word' id='word_1_193' title='bbox 3316 1502 3376 1538; x_wconf 89' lang='grc' dir='ltr'><strong>τε</strong></span> <span class='ocrx_word' id='word_1_194' title='bbox 3398 1481 3471 1556; x_wconf 76' lang='grc' dir='ltr'>ἦν</span> <span class='ocrx_word' id='word_1_195' title='bbox 3490 1484 3591 1556; x_wconf 80' lang='grc' dir='ltr'>τὴν</span> 
     </span>
    </p>
   </div>
   <div class='ocr_carea' id='block_1_29' title="bbox 2002 1577 3594 1654">
    <p class='ocr_par' dir='ltr' id='par_1_29' title="bbox 2002 1577 3594 1654">
     <span class='ocr_line' id='line_1_29' title="bbox 2002 1577 3594 1654; baseline -0.004 -18"><span class='ocrx_word' id='word_1_196' title='bbox 2002 1581 2369 1654; x_wconf 82' lang='grc' dir='ltr'>Μαγδαληνὴν</span> <span class='ocrx_word' id='word_1_197' title='bbox 2406 1580 2545 1653; x_wconf 87' lang='grc' dir='ltr'><strong>μετά</strong></span> <span class='ocrx_word' id='word_1_198' title='bbox 2589 1581 2858 1643; x_wconf 84' lang='grc' dir='ltr'>τοσαύτας</span> <span class='ocrx_word' id='word_1_199' title='bbox 2905 1578 3051 1642; x_wconf 81' lang='grc' dir='ltr'>θέας,</span> <span class='ocrx_word' id='word_1_200' title='bbox 3085 1579 3235 1648; x_wconf 81' lang='grc' dir='ltr'>ἡλίου</span> <span class='ocrx_word' id='word_1_201' title='bbox 3272 1577 3594 1631; x_wconf 61' lang='lat' dir='ltr'><strong>dwelt-50w:-</strong></span> 
     </span>
    </p>
   </div>
   <div class='ocr_carea' id='block_1_30' title="bbox 2000 1668 3498 1746">
    <p class='ocr_par' dir='ltr' id='par_1_30' title="bbox 2000 1668 3498 1746">
     <span class='ocr_line' id='line_1_30' title="bbox 2000 1668 3498 1746; baseline -0.004 -18"><span class='ocrx_word' id='word_1_202' title='bbox 2000 1691 2113 1741; x_wconf 86' lang='grc' dir='ltr'>τος,</span> <span class='ocrx_word' id='word_1_203' title='bbox 2142 1675 2368 1746; x_wconf 83' lang='grc' dir='ltr'>ἀπορεῖν</span> <span class='ocrx_word' id='word_1_204' title='bbox 2393 1674 2487 1727; x_wconf 80' lang='grc' dir='ltr'><strong>καὶ</strong></span> <span class='ocrx_word' id='word_1_205' title='bbox 2509 1675 2726 1743; x_wconf 81' lang='grc' dir='ltr'>ἀγνοεῖν</span> <span class='ocrx_word' id='word_1_206' title='bbox 2758 1673 2843 1736; x_wconf 88' lang='grc' dir='ltr'><strong>τίς</strong></span> <span class='ocrx_word' id='word_1_207' title='bbox 2874 1670 3192 1727; x_wconf 83' lang='grc' dir='ltr'>ἀποκυλίσει</span> <span class='ocrx_word' id='word_1_208' title='bbox 3223 1670 3315 1725; x_wconf 83' lang='grc' dir='ltr'><strong>τὸν</strong></span> <span class='ocrx_word' id='word_1_209' title='bbox 3348 1668 3498 1723; x_wconf 83' lang='grc' dir='ltr'>λίθον</span> 
     </span>
    </p>
   </div>
   <div class='ocr_carea' id='block_1_31' title="bbox 1348 1876 2540 1953">
    <p class='ocr_par' dir='ltr' id='par_1_31' title="bbox 1348 1876 2540 1953">
     <span class='ocr_line' id='line_1_31' title="bbox 1348 1876 2540 1953; baseline 0.003 -21"><span class='ocrx_word' id='word_1_210' title='bbox 1348 1876 1461 1934; x_wconf 77' lang='lat' dir='ltr'><strong>VII.</strong></span> <span class='ocrx_word' id='word_1_211' title='bbox 1495 1879 1581 1933; x_wconf 77' lang='lat' dir='ltr'><strong>Ea:</strong></span> <span class='ocrx_word' id='word_1_212' title='bbox 1598 1879 1887 1936; x_wconf 70' lang='lat' dir='ltr'><strong>Anastasio</strong></span> <span class='ocrx_word' id='word_1_213' title='bbox 1916 1881 2149 1946; x_wconf 86' lang='lat' dir='ltr'><strong>Sinaita,</strong></span> <span class='ocrx_word' id='word_1_214' title='bbox 2176 1888 2365 1953; x_wconf 73' lang='lat' dir='ltr'><strong>qumst.</strong></span> <span class='ocrx_word' id='word_1_215' title='bbox 2389 1896 2540 1936; x_wconf 83' lang='lat' dir='ltr'><strong>CLtlt.</strong></span> 
     </span>
    </p>
   </div>
   <div class='ocr_carea' id='block_1_32' title="bbox 394 1995 1903 2071">
    <p class='ocr_par' dir='ltr' id='par_1_32' title="bbox 394 1995 1896 2070">
     <span class='ocr_line' id='line_1_32' title="bbox 394 1995 1896 2070; baseline 0.003 -19"><span class='ocrx_word' id='word_1_216' title='bbox 394 1998 443 2052; x_wconf 87' lang='grc'><strong>7.</strong></span> <span class='ocrx_word' id='word_1_217' title='bbox 470 1996 687 2051; x_wconf 79' lang='lat' dir='ltr'><strong>Eusebii</strong></span> <span class='ocrx_word' id='word_1_218' title='bbox 716 2013 781 2051; x_wconf 80' lang='lat' dir='ltr'><strong>ex</strong></span> <span class='ocrx_word' id='word_1_219' title='bbox 806 2013 957 2067; x_wconf 70' lang='lat' dir='ltr'><strong>opere</strong></span> <span class='ocrx_word' id='word_1_220' title='bbox 978 1997 1046 2050; x_wconf 87' lang='lat' dir='ltr'><strong>ad</strong></span> <span class='ocrx_word' id='word_1_221' title='bbox 1073 1995 1369 2051; x_wconf 81' lang='lat' dir='ltr'><strong>Marinum.</strong></span> <span class='ocrx_word' id='word_1_222' title='bbox 1396 1997 1533 2054; x_wconf 87' lang='lat' dir='ltr'><strong>Tres</strong></span> <span class='ocrx_word' id='word_1_223' title='bbox 1586 1999 1748 2070; x_wconf 83' lang='lat' dir='ltr'><strong>igitur</strong></span> <span class='ocrx_word' id='word_1_224' title='bbox 1785 2015 1896 2055; x_wconf 88' lang='lat' dir='ltr'><strong>om—</strong></span> 
     </span>
    </p>
   </div>
   <div class='ocr_carea' id='block_1_33' title="bbox 2021 1995 3597 2071">
    <p class='ocr_par' dir='ltr' id='par_1_33' title="bbox 2069 1997 3597 2071">
     <span class='ocr_line' id='line_1_33' title="bbox 2069 1997 3597 2071; baseline -0.002 -16"><span class='ocrx_word' id='word_1_225' title='bbox 2069 2000 2133 2064; x_wconf 69' lang='lat' dir='ltr'><strong>C&#39;.</strong></span> <span class='ocrx_word' id='word_1_226' title='bbox 2176 2001 2474 2055; x_wconf 78' lang='grc' dir='ltr'>Εὑσεϐίου</span> <span class='ocrx_word' id='word_1_227' title='bbox 2514 2000 2585 2053; x_wconf 81' lang='grc' dir='ltr'><strong>ἐκ</strong></span> <span class='ocrx_word' id='word_1_228' title='bbox 2626 1997 2745 2053; x_wconf 75' lang='grc' dir='ltr'>τῶν</span> <span class='ocrx_word' id='word_1_229' title='bbox 2788 1997 2941 2067; x_wconf 80' lang='grc' dir='ltr'>πρὸς</span> <span class='ocrx_word' id='word_1_230' title='bbox 2964 1998 3232 2067; x_wconf 78' lang='grc' dir='ltr'>Μαρῖνον</span> <span class='ocrx_word' id='word_1_231' title='bbox 3261 1998 3394 2068; x_wconf 78' lang='lat'><strong>(85).</strong></span> <span class='ocrx_word' id='word_1_232' title='bbox 3428 1999 3597 2071; x_wconf 81' lang='grc' dir='ltr'><strong>Τρεῖς</strong></span> 
     </span>
    </p>
   </div>
   <div class='ocr_carea' id='block_1_34' title="bbox 321 2089 1905 2163">
    <p class='ocr_par' dir='ltr' id='par_1_34' title="bbox 321 2089 1905 2163">
     <span class='ocr_line' id='line_1_34' title="bbox 321 2089 1905 2163; baseline 0.002 -18"><span class='ocrx_word' id='word_1_233' title='bbox 321 2092 452 2146; x_wconf 87' lang='lat' dir='ltr'><strong>nino</strong></span> <span class='ocrx_word' id='word_1_234' title='bbox 492 2090 691 2147; x_wconf 86' lang='lat' dir='ltr'><strong>Marias</strong></span> <span class='ocrx_word' id='word_1_235' title='bbox 722 2091 967 2161; x_wconf 88' lang='lat' dir='ltr'><strong>passioni</strong></span> <span class='ocrx_word' id='word_1_236' title='bbox 999 2090 1204 2144; x_wconf 81' lang='lat' dir='ltr'><strong>Christi</strong></span> <span class='ocrx_word' id='word_1_237' title='bbox 1234 2106 1357 2145; x_wconf 92' lang='lat' dir='ltr'><strong>eum</strong></span> <span class='ocrx_word' id='word_1_238' title='bbox 1390 2089 1608 2148; x_wconf 85' lang='lat' dir='ltr'><strong>feminis</strong></span> <span class='ocrx_word' id='word_1_239' title='bbox 1629 2093 1750 2148; x_wconf 88' lang='lat' dir='ltr'><strong>aliis</strong></span> <span class='ocrx_word' id='word_1_240' title='bbox 1772 2109 1905 2163; x_wconf 76' lang='lat' dir='ltr'><strong>pra:-</strong></span> 
     </span>
    </p>
   </div>
   <div class='ocr_carea' id='block_1_35' title="bbox 321 2181 1905 2254">
    <p class='ocr_par' dir='ltr' id='par_1_35' title="bbox 321 2181 1905 2254">
     <span class='ocr_line' id='line_1_35' title="bbox 321 2181 1905 2254; baseline 0.003 -17"><span class='ocrx_word' id='word_1_241' title='bbox 321 2191 507 2238; x_wconf 80' lang='lat' dir='ltr'><strong>sentes</strong></span> <span class='ocrx_word' id='word_1_242' title='bbox 536 2183 1040 2254; x_wconf 82' lang='lat' dir='ltr'><strong>deprehendimus;</strong></span> <span class='ocrx_word' id='word_1_243' title='bbox 1084 2182 1314 2252; x_wconf 87' lang='lat' dir='ltr'><strong>primam</strong></span> <span class='ocrx_word' id='word_1_244' title='bbox 1347 2181 1657 2254; x_wconf 88' lang='lat' dir='ltr'><strong>Deiparam,</strong></span> <span class='ocrx_word' id='word_1_245' title='bbox 1710 2202 1905 2241; x_wconf 91' lang='lat' dir='ltr'><strong>secun-</strong></span> 
     </span>
    </p>
   </div>
   <div class='ocr_carea' id='block_1_36' title="bbox 236 2263 1906 2349">
    <p class='ocr_par' dir='ltr' id='par_1_36' title="bbox 236 2263 1906 2349">
     <span class='ocr_line' id='line_1_36' title="bbox 236 2263 1906 2349; baseline 0.003 -21"><span class='ocrx_word' id='word_1_246' title='bbox 236 2263 243 2271; x_wconf 82' lang='grc'><em>’</em></span> <span class='ocrx_word' id='word_1_247' title='bbox 320 2276 446 2329; x_wconf 90' lang='lat' dir='ltr'><strong>dam</strong></span> <span class='ocrx_word' id='word_1_248' title='bbox 479 2274 644 2344; x_wconf 85' lang='lat' dir='ltr'><strong>hujus</strong></span> <span class='ocrx_word' id='word_1_249' title='bbox 668 2290 912 2331; x_wconf 86' lang='lat' dir='ltr'><strong>sororem</strong></span> <span class='ocrx_word' id='word_1_250' title='bbox 935 2274 1160 2327; x_wconf 85' lang='lat' dir='ltr'><strong>Mariam</strong></span> <span class='ocrx_word' id='word_1_251' title='bbox 1183 2271 1418 2344; x_wconf 74' lang='lat' dir='ltr'><strong>CleOpae,</strong></span> <span class='ocrx_word' id='word_1_252' title='bbox 1443 2277 1659 2330; x_wconf 84' lang='lat' dir='ltr'><strong>tertiam</strong></span> <span class='ocrx_word' id='word_1_253' title='bbox 1686 2277 1906 2349; x_wconf 80' lang='lat' dir='ltr'><strong>Magda-</strong></span> 
     </span>
    </p>
   </div>
   <div class='ocr_carea' id='block_1_37' title="bbox 320 2366 1906 2441">
    <p class='ocr_par' dir='ltr' id='par_1_37' title="bbox 320 2366 1906 2441">
     <span class='ocr_line' id='line_1_37' title="bbox 320 2366 1906 2441; baseline 0.003 -20"><span class='ocrx_word' id='word_1_254' title='bbox 320 2368 521 2422; x_wconf 86' lang='lat' dir='ltr'><strong>lenem.</strong></span> <span class='ocrx_word' id='word_1_255' title='bbox 554 2366 784 2434; x_wconf 84' lang='lat' dir='ltr'><strong>Quidam</strong></span> <span class='ocrx_word' id='word_1_256' title='bbox 834 2384 964 2424; x_wconf 89' lang='lat' dir='ltr'><strong>vero</strong></span> <span class='ocrx_word' id='word_1_257' title='bbox 1017 2370 1343 2441; x_wconf 84' lang='lat' dir='ltr'><strong>interpretes</strong></span> <span class='ocrx_word' id='word_1_258' title='bbox 1404 2372 1554 2425; x_wconf 87' lang='lat' dir='ltr'><strong>aiunt</strong></span> <span class='ocrx_word' id='word_1_259' title='bbox 1598 2372 1735 2426; x_wconf 91' lang='lat' dir='ltr'><strong>duas</strong></span> <span class='ocrx_word' id='word_1_260' title='bbox 1781 2387 1906 2426; x_wconf 83' lang='lat' dir='ltr'><strong>esse</strong></span> 
     </span>
    </p>
   </div>
   <div class='ocr_carea' id='block_1_38' title="bbox 325 2457 1903 2534">
    <p class='ocr_par' dir='ltr' id='par_1_38' title="bbox 325 2457 1903 2534">
     <span class='ocr_line' id='line_1_38' title="bbox 325 2457 1903 2534; baseline 0.003 -21"><span class='ocrx_word' id='word_1_261' title='bbox 325 2457 672 2529; x_wconf 77' lang='lat' dir='ltr'><strong>Magdalenas</strong></span> <span class='ocrx_word' id='word_1_262' title='bbox 709 2500 724 2523; x_wconf 96' lang='lat'><strong>,</strong></span> <span class='ocrx_word' id='word_1_263' title='bbox 769 2476 934 2515; x_wconf 90' lang='lat' dir='ltr'><strong>unam</strong></span> <span class='ocrx_word' id='word_1_264' title='bbox 978 2477 1099 2532; x_wconf 65' lang='lat' dir='ltr'><strong>qua:</strong></span> <span class='ocrx_word' id='word_1_265' title='bbox 1157 2479 1281 2518; x_wconf 88' lang='lat' dir='ltr'><strong>sero</strong></span> <span class='ocrx_word' id='word_1_266' title='bbox 1329 2464 1690 2519; x_wconf 83' lang='lat' dir='ltr'><strong>Sabbatorum</strong></span> <span class='ocrx_word' id='word_1_267' title='bbox 1760 2464 1903 2534; x_wconf 88' lang='lat' dir='ltr'><strong>apud</strong></span> 
     </span>
    </p>
   </div>
   <div class='ocr_carea' id='block_1_39' title="bbox 326 2552 1903 2628">
    <p class='ocr_par' dir='ltr' id='par_1_39' title="bbox 326 2552 1903 2628">
     <span class='ocr_line' id='line_1_39' title="bbox 326 2552 1903 2628; baseline 0.003 -23"><span class='ocrx_word' id='word_1_268' title='bbox 326 2552 662 2616; x_wconf 59' lang='lat' dir='ltr'><strong>Mattlnwum,</strong></span> <span class='ocrx_word' id='word_1_269' title='bbox 688 2554 914 2609; x_wconf 73' lang='lat' dir='ltr'><strong>atteram</strong></span> <span class='ocrx_word' id='word_1_270' title='bbox 971 2572 1092 2627; x_wconf 70' lang='lat' dir='ltr'><strong>quae</strong></span> <span class='ocrx_word' id='word_1_271' title='bbox 1149 2557 1292 2628; x_wconf 85' lang='lat' dir='ltr'><strong>apud</strong></span> <span class='ocrx_word' id='word_1_272' title='bbox 1319 2556 1585 2612; x_wconf 84' lang='lat' dir='ltr'><strong>Joannem</strong></span> <span class='ocrx_word' id='word_1_273' title='bbox 1620 2572 1781 2611; x_wconf 90' lang='lat' dir='ltr'><strong>mane</strong></span> <span class='ocrx_word' id='word_1_274' title='bbox 1802 2558 1903 2610; x_wconf 81' lang='lat' dir='ltr'><strong>&#39;ad</strong></span> 
     </span>
    </p>
   </div>
   <div class='ocr_carea' id='block_1_40' title="bbox 323 2648 1905 2720">
    <p class='ocr_par' dir='ltr' id='par_1_40' title="bbox 323 2648 1905 2720">
     <span class='ocr_line' id='line_1_40' title="bbox 323 2648 1905 2720; baseline 0.004 -23"><span class='ocrx_word' id='word_1_275' title='bbox 323 2653 734 2701; x_wconf 89' lang='lat' dir='ltr'><strong>monumentum</strong></span> <span class='ocrx_word' id='word_1_276' title='bbox 764 2648 945 2715; x_wconf 88' lang='lat' dir='ltr'><strong>venit;</strong></span> <span class='ocrx_word' id='word_1_277' title='bbox 994 2650 1238 2703; x_wconf 84' lang='lat' dir='ltr'><strong>eamdem</strong></span> <span class='ocrx_word' id='word_1_278' title='bbox 1276 2650 1415 2703; x_wconf 86' lang='lat' dir='ltr'><strong>hanc</strong></span> <span class='ocrx_word' id='word_1_279' title='bbox 1441 2666 1583 2713; x_wconf 88' lang='lat' dir='ltr'><strong>esse,</strong></span> <span class='ocrx_word' id='word_1_280' title='bbox 1615 2649 1682 2705; x_wconf 90' lang='lat' dir='ltr'><strong>de</strong></span> <span class='ocrx_word' id='word_1_281' title='bbox 1709 2666 1813 2720; x_wconf 89' lang='lat' dir='ltr'><strong>qua</strong></span> <span class='ocrx_word' id='word_1_282' title='bbox 1850 2658 1905 2705; x_wconf 87' lang='lat' dir='ltr'><strong>et</strong></span> 
     </span>
    </p>
   </div>
   <div class='ocr_carea' id='block_1_41' title="bbox 324 2735 1905 2812">
    <p class='ocr_par' dir='ltr' id='par_1_41' title="bbox 324 2735 1905 2812">
     <span class='ocr_line' id='line_1_41' title="bbox 324 2735 1905 2812; baseline 0.005 -24"><span class='ocrx_word' id='word_1_283' title='bbox 324 2735 539 2792; x_wconf 79' lang='lat' dir='ltr'><strong>Marcus</strong></span> <span class='ocrx_word' id='word_1_284' title='bbox 563 2738 823 2807; x_wconf 86' lang='lat' dir='ltr'><strong>loquitur,</strong></span> <span class='ocrx_word' id='word_1_285' title='bbox 845 2748 899 2792; x_wconf 88' lang='lat' dir='ltr'><strong>et</strong></span> <span class='ocrx_word' id='word_1_286' title='bbox 923 2740 990 2793; x_wconf 92' lang='lat' dir='ltr'><strong>de</strong></span> <span class='ocrx_word' id='word_1_287' title='bbox 1025 2755 1130 2810; x_wconf 89' lang='lat' dir='ltr'><strong>qua</strong></span> <span class='ocrx_word' id='word_1_288' title='bbox 1167 2739 1432 2795; x_wconf 76' lang='lat' dir='ltr'><strong>daemonia</strong></span> <span class='ocrx_word' id='word_1_289' title='bbox 1484 2750 1689 2812; x_wconf 83' lang='lat' dir='ltr'><strong>septem</strong></span> <span class='ocrx_word' id='word_1_290' title='bbox 1730 2745 1905 2811; x_wconf 84' lang='lat' dir='ltr'><strong>ejecta</strong></span> 
     </span>
    </p>
   </div>
   <div class='ocr_carea' id='block_1_42' title="bbox 324 2828 1902 2903">
    <p class='ocr_par' dir='ltr' id='par_1_42' title="bbox 324 2828 1902 2903">
     <span class='ocr_line' id='line_1_42' title="bbox 324 2828 1902 2903; baseline 0.005 -22"><span class='ocrx_word' id='word_1_291' title='bbox 324 2828 561 2884; x_wconf 78' lang='lat' dir='ltr'><strong>inerant.</strong></span> <span class='ocrx_word' id='word_1_292' title='bbox 586 2828 832 2900; x_wconf 83' lang='lat' dir='ltr'><strong>Namque</strong></span> <span class='ocrx_word' id='word_1_293' title='bbox 863 2832 1046 2893; x_wconf 85' lang='lat' dir='ltr'><strong>aliam,</strong></span> <span class='ocrx_word' id='word_1_294' title='bbox 1078 2832 1255 2903; x_wconf 89' lang='lat' dir='ltr'><strong>inquit</strong></span> <span class='ocrx_word' id='word_1_295' title='bbox 1287 2833 1573 2896; x_wconf 85' lang='lat' dir='ltr'><strong>Eusebius,</strong></span> <span class='ocrx_word' id='word_1_296' title='bbox 1605 2850 1714 2889; x_wconf 86' lang='lat' dir='ltr'><strong>non</strong></span> <span class='ocrx_word' id='word_1_297' title='bbox 1739 2835 1902 2897; x_wconf 85' lang='lat' dir='ltr'><strong>hanc,</strong></span> 
     </span>
    </p>
   </div>
   <div class='ocr_carea' id='block_1_43' title="bbox 327 2919 1903 2993">
    <p class='ocr_par' dir='ltr' id='par_1_43' title="bbox 327 2919 1903 2993">
     <span class='ocr_line' id='line_1_43' title="bbox 327 2919 1903 2993; baseline 0.004 -21"><span class='ocrx_word' id='word_1_298' title='bbox 327 2919 697 2991; x_wconf 80' lang='lat' dir='ltr'><strong>Magdalenem</strong></span> <span class='ocrx_word' id='word_1_299' title='bbox 730 2938 841 2993; x_wconf 63' lang='lat' dir='ltr'><strong>pra:</strong></span> <span class='ocrx_word' id='word_1_300' title='bbox 880 2925 1058 2981; x_wconf 86' lang='lat' dir='ltr'><strong>oculis</strong></span> <span class='ocrx_word' id='word_1_301' title='bbox 1084 2925 1292 2981; x_wconf 82' lang='lat' dir='ltr'><strong>habens</strong></span> <span class='ocrx_word' id='word_1_302' title='bbox 1321 2925 1535 2983; x_wconf 81' lang='lat' dir='ltr'><strong>Marcus</strong></span> <span class='ocrx_word' id='word_1_303' title='bbox 1562 2928 1637 2981; x_wconf 90' lang='lat' dir='ltr'><strong>ait</strong></span> <span class='ocrx_word' id='word_1_304' title='bbox 1664 2947 1676 2980; x_wconf 92' lang='lat'>:</span> <span class='ocrx_word' id='word_1_305' title='bbox 1717 2947 1735 2973; x_wconf 76' lang='grc' dir='ltr'><strong>ι</strong></span> <span class='ocrx_word' id='word_1_306' title='bbox 1765 2925 1903 2981; x_wconf 89' lang='lat' dir='ltr'><strong>Cum</strong></span> 
     </span>
    </p>
   </div>
   <div class='ocr_carea' id='block_1_44' title="bbox 324 3016 1904 3092">
    <p class='ocr_par' dir='ltr' id='par_1_44' title="bbox 324 3016 1904 3092">
     <span class='ocr_line' id='line_1_44' title="bbox 324 3016 1904 3092; baseline 0.006 -25"><span class='ocrx_word' id='word_1_307' title='bbox 324 3021 504 3067; x_wconf 81' lang='lat' dir='ltr'><strong>autem</strong></span> <span class='ocrx_word' id='word_1_308' title='bbox 530 3016 880 3079; x_wconf 77' lang='lat' dir='ltr'><strong>surrexisset,</strong></span> <span class='ocrx_word' id='word_1_309' title='bbox 909 3032 1067 3073; x_wconf 89' lang='lat' dir='ltr'><strong>mane</strong></span> <span class='ocrx_word' id='word_1_310' title='bbox 1101 3034 1208 3072; x_wconf 88' lang='lat' dir='ltr'><strong>una</strong></span> <span class='ocrx_word' id='word_1_311' title='bbox 1238 3020 1601 3074; x_wconf 82' lang='lat' dir='ltr'><strong>Sabbatorum</strong></span> <span class='ocrx_word' id='word_1_312' title='bbox 1649 3022 1904 3092; x_wconf 88' lang='lat' dir='ltr'><strong>apparuit</strong></span> 
     </span>
    </p>
   </div>
   <div class='ocr_carea' id='block_1_45' title="bbox 325 3105 1903 3185">
    <p class='ocr_par' dir='ltr' id='par_1_45' title="bbox 325 3105 1903 3185">
     <span class='ocr_line' id='line_1_45' title="bbox 325 3105 1903 3185; baseline 0.006 -28"><span class='ocrx_word' id='word_1_313' title='bbox 325 3106 501 3173; x_wconf 85' lang='lat' dir='ltr'><strong>primo</strong></span> <span class='ocrx_word' id='word_1_314' title='bbox 526 3105 706 3160; x_wconf 66' lang='lat' dir='ltr'><strong>Mariae</strong></span> <span class='ocrx_word' id='word_1_315' title='bbox 750 3106 1102 3177; x_wconf 64' lang='lat' dir='ltr'><strong>M‘agdalenaz,</strong></span> <span class='ocrx_word' id='word_1_316' title='bbox 1151 3111 1219 3166; x_wconf 90' lang='lat' dir='ltr'><strong>de</strong></span> <span class='ocrx_word' id='word_1_317' title='bbox 1269 3127 1375 3185; x_wconf 88' lang='lat' dir='ltr'><strong>qua</strong></span> <span class='ocrx_word' id='word_1_318' title='bbox 1405 3121 1609 3181; x_wconf 89' lang='lat' dir='ltr'><strong>septem</strong></span> <span class='ocrx_word' id='word_1_319' title='bbox 1635 3112 1903 3168; x_wconf 78' lang='lat' dir='ltr'><strong>daemonia</strong></span> 
     </span>
    </p>
   </div>
   <div class='ocr_carea' id='block_1_46' title="bbox 323 3198 1906 3275">
    <p class='ocr_par' dir='ltr' id='par_1_46' title="bbox 323 3198 1906 3275">
     <span class='ocr_line' id='line_1_46' title="bbox 323 3198 1906 3275; baseline 0.009 -30"><span class='ocrx_word' id='word_1_320' title='bbox 323 3198 579 3266; x_wconf 50' lang='lat' dir='ltr'><strong>.Ajeccrat.</strong></span> <span class='ocrx_word' id='word_1_321' title='bbox 608 3217 626 3248; x_wconf 76' lang='grc' dir='ltr'><strong>ι</strong></span> <span class='ocrx_word' id='word_1_322' title='bbox 658 3199 833 3275; x_wconf 83' lang='lat' dir='ltr'><strong>Atque</strong></span> <span class='ocrx_word' id='word_1_323' title='bbox 881 3200 993 3261; x_wconf 67' lang='lat' dir='ltr'><strong>liazc</strong></span> <span class='ocrx_word' id='word_1_324' title='bbox 1053 3203 1269 3257; x_wconf 89' lang='lat' dir='ltr'><strong>videtur</strong></span> <span class='ocrx_word' id='word_1_325' title='bbox 1296 3220 1417 3274; x_wconf 62' lang='lat' dir='ltr'><strong>qua!</strong></span> <span class='ocrx_word' id='word_1_326' title='bbox 1466 3204 1658 3268; x_wconf 84' lang='lat' dir='ltr'><strong>audiit,</strong></span> <span class='ocrx_word' id='word_1_327' title='bbox 1691 3204 1769 3260; x_wconf 87' lang='lat' dir='ltr'><strong>Ne</strong></span> <span class='ocrx_word' id='word_1_328' title='bbox 1819 3222 1906 3259; x_wconf 91' lang='lat' dir='ltr'><strong>me</strong></span> 
     </span>
    </p>
   </div>
   <div class='ocr_carea' id='block_1_47' title="bbox 324 3293 1903 3362">
    <p class='ocr_par' dir='ltr' id='par_1_47' title="bbox 324 3293 1903 3362">
     <span class='ocr_line' id='line_1_47' title="bbox 324 3293 1903 3362; baseline 0.006 -20"><span class='ocrx_word' id='word_1_329' title='bbox 324 3299 537 3360; x_wconf 79' lang='lat' dir='ltr'><strong>tangas,</strong></span> <span class='ocrx_word' id='word_1_330' title='bbox 571 3305 680 3344; x_wconf 87' lang='lat' dir='ltr'><strong>non</strong></span> <span class='ocrx_word' id='word_1_331' title='bbox 711 3306 831 3360; x_wconf 73' lang='lat' dir='ltr'><strong>qua:</strong></span> <span class='ocrx_word' id='word_1_332' title='bbox 861 3294 1001 3362; x_wconf 88' lang='lat' dir='ltr'><strong>apud</strong></span> <span class='ocrx_word' id='word_1_333' title='bbox 1031 3293 1364 3350; x_wconf 71' lang='lat' dir='ltr'><strong>Matthznum.</strong></span> <span class='ocrx_word' id='word_1_334' title='bbox 1392 3295 1525 3349; x_wconf 84' lang='lat' dir='ltr'><strong>Nam</strong></span> <span class='ocrx_word' id='word_1_335' title='bbox 1564 3305 1623 3350; x_wconf 92' lang='lat' dir='ltr'><strong>ut</strong></span> <span class='ocrx_word' id='word_1_336' title='bbox 1680 3299 1903 3354; x_wconf 82' lang='lat' dir='ltr'><strong>verissi-</strong></span> 
     </span>
    </p>
   </div>
   <div class='ocr_carea' id='block_1_48' title="bbox 2002 2091 3601 2164">
    <p class='ocr_par' dir='ltr' id='par_1_48' title="bbox 2002 2091 3601 2164">
     <span class='ocr_line' id='line_1_48' title="bbox 2002 2091 3601 2164; baseline -0.001 -18"><span class='ocrx_word' id='word_1_337' title='bbox 2002 2093 2133 2161; x_wconf 72' lang='grc' dir='ltr'>γοῦν</span> <span class='ocrx_word' id='word_1_338' title='bbox 2160 2093 2257 2156; x_wconf 80' lang='grc' dir='ltr'><strong>τὰς</strong></span> <span class='ocrx_word' id='word_1_339' title='bbox 2284 2093 2468 2155; x_wconf 83' lang='grc' dir='ltr'>πάσας</span> <span class='ocrx_word' id='word_1_340' title='bbox 2498 2093 2715 2162; x_wconf 82' lang='grc' dir='ltr'>Μαρίας</span> <span class='ocrx_word' id='word_1_341' title='bbox 2752 2091 2830 2162; x_wconf 79' lang='grc' dir='ltr'><strong>τῷ</strong></span> <span class='ocrx_word' id='word_1_342' title='bbox 2861 2092 3019 2146; x_wconf 76' lang='grc' dir='ltr'>πάθει</span> <span class='ocrx_word' id='word_1_343' title='bbox 3048 2092 3141 2145; x_wconf 79' lang='grc' dir='ltr'>τοῦ</span> <span class='ocrx_word' id='word_1_344' title='bbox 3168 2092 3403 2164; x_wconf 72' lang='grc' dir='ltr'>Χριστοῦ</span> <span class='ocrx_word' id='word_1_345' title='bbox 3454 2092 3601 2163; x_wconf 80' lang='grc' dir='ltr'><strong>μετά</strong></span> 
     </span>
    </p>
   </div>
   <div class='ocr_carea' id='block_1_49' title="bbox 2002 2183 3600 2256">
    <p class='ocr_par' dir='ltr' id='par_1_49' title="bbox 2002 2183 3600 2256">
     <span class='ocr_line' id='line_1_49' title="bbox 2002 2183 3600 2256; baseline -0.001 -17"><span class='ocrx_word' id='word_1_346' title='bbox 2002 2185 2110 2239; x_wconf 83' lang='grc' dir='ltr'><strong>τῶν</strong></span> <span class='ocrx_word' id='word_1_347' title='bbox 2144 2185 2316 2239; x_wconf 84' lang='grc' dir='ltr'>ἄλλων</span> <span class='ocrx_word' id='word_1_348' title='bbox 2363 2184 2636 2254; x_wconf 81' lang='grc' dir='ltr'>γυναικῶν</span> <span class='ocrx_word' id='word_1_349' title='bbox 2680 2185 3041 2256; x_wconf 73' lang='grc' dir='ltr'>εὑρίσκομενο</span> <span class='ocrx_word' id='word_1_350' title='bbox 3075 2183 3298 2255; x_wconf 81' lang='grc' dir='ltr'>πρώτην</span> <span class='ocrx_word' id='word_1_351' title='bbox 3329 2185 3431 2254; x_wconf 81' lang='grc' dir='ltr'><strong>μὲν</strong></span> <span class='ocrx_word' id='word_1_352' title='bbox 3458 2184 3600 2238; x_wconf 83' lang='grc' dir='ltr'>Θεο-</span> 
     </span>
    </p>
   </div>
   <div class='ocr_carea' id='block_1_50' title="bbox 2004 2276 3599 2348">
    <p class='ocr_par' dir='ltr' id='par_1_50' title="bbox 2004 2276 3599 2348">
     <span class='ocr_line' id='line_1_50' title="bbox 2004 2276 3599 2348; baseline 0 -19"><span class='ocrx_word' id='word_1_353' title='bbox 2004 2277 2182 2339; x_wconf 86' lang='grc' dir='ltr'>τόκον,</span> <span class='ocrx_word' id='word_1_354' title='bbox 2210 2276 2473 2348; x_wconf 84' lang='grc' dir='ltr'>δευτέραν</span> <span class='ocrx_word' id='word_1_355' title='bbox 2518 2277 2574 2331; x_wconf 82' lang='grc' dir='ltr'>δὲ</span> <span class='ocrx_word' id='word_1_356' title='bbox 2621 2276 2717 2347; x_wconf 79' lang='grc' dir='ltr'>τὴν</span> <span class='ocrx_word' id='word_1_357' title='bbox 2757 2276 2991 2346; x_wconf 74' lang='grc' dir='ltr'>ἀδελφὴν</span> <span class='ocrx_word' id='word_1_358' title='bbox 3030 2276 3199 2345; x_wconf 77' lang='grc' dir='ltr'>αὐτῆς</span> <span class='ocrx_word' id='word_1_359' title='bbox 3245 2276 3469 2347; x_wconf 80' lang='grc' dir='ltr'>Μαρίαν</span> <span class='ocrx_word' id='word_1_360' title='bbox 3498 2276 3599 2347; x_wconf 73' lang='grc' dir='ltr'>τὴν</span> 
     </span>
    </p>
   </div>
   <div class='ocr_carea' id='block_1_51' title="bbox 2004 2368 3599 2440">
    <p class='ocr_par' dir='ltr' id='par_1_51' title="bbox 2004 2368 3599 2440">
     <span class='ocr_line' id='line_1_51' title="bbox 2004 2368 3599 2440; baseline -0.001 -18"><span class='ocrx_word' id='word_1_361' title='bbox 2004 2368 2095 2422; x_wconf 83' lang='grc' dir='ltr'>τοῦ</span> <span class='ocrx_word' id='word_1_362' title='bbox 2128 2369 2386 2433; x_wconf 79' lang='grc' dir='ltr'>Κλεωπᾶ,</span> <span class='ocrx_word' id='word_1_363' title='bbox 2426 2370 2519 2425; x_wconf 78' lang='grc' dir='ltr'><strong>καὶ</strong></span> <span class='ocrx_word' id='word_1_364' title='bbox 2559 2369 2749 2440; x_wconf 81' lang='grc' dir='ltr'>τρίτην</span> <span class='ocrx_word' id='word_1_365' title='bbox 2796 2369 2894 2440; x_wconf 78' lang='grc' dir='ltr'><strong>τὴν</strong></span> <span class='ocrx_word' id='word_1_366' title='bbox 2933 2368 3297 2438; x_wconf 79' lang='grc' dir='ltr'>Μαγδαληνήν</span> <span class='ocrx_word' id='word_1_367' title='bbox 3319 2386 3332 2397; x_wconf 90' lang='grc'><strong>·</strong></span> <span class='ocrx_word' id='word_1_368' title='bbox 3361 2370 3513 2430; x_wconf 81' lang='grc' dir='ltr'>τινὲς</span> <span class='ocrx_word' id='word_1_369' title='bbox 3538 2368 3599 2420; x_wconf 74' lang='grc' dir='ltr'>δέ</span> 
     </span>
    </p>
   </div>
   <div class='ocr_carea' id='block_1_52' title="bbox 2005 2454 3596 2530">
    <p class='ocr_par' dir='ltr' id='par_1_52' title="bbox 2005 2454 3596 2530">
     <span class='ocr_line' id='line_1_52' title="bbox 2005 2454 3596 2530; baseline -0.003 -18"><span class='ocrx_word' id='word_1_370' title='bbox 2005 2478 2169 2530; x_wconf 79' lang='grc' dir='ltr'>φασιν</span> <span class='ocrx_word' id='word_1_371' title='bbox 2214 2460 2271 2526; x_wconf 81' lang='grc' dir='ltr'><strong>ἐξ</strong></span> <span class='ocrx_word' id='word_1_372' title='bbox 2316 2458 2495 2513; x_wconf 71' lang='grc' dir='ltr'>αὐτῶν</span> <span class='ocrx_word' id='word_1_373' title='bbox 2542 2457 2634 2511; x_wconf 80' lang='grc' dir='ltr'><strong>δύο</strong></span> <span class='ocrx_word' id='word_1_374' title='bbox 2682 2454 2821 2511; x_wconf 74' lang='grc' dir='ltr'>εἶναι</span> <span class='ocrx_word' id='word_1_375' title='bbox 2865 2456 3259 2527; x_wconf 83' lang='grc' dir='ltr'>Μαγδαληνάς·</span> <span class='ocrx_word' id='word_1_376' title='bbox 3301 2457 3432 2527; x_wconf 80' lang='grc' dir='ltr'>μίαν</span> <span class='ocrx_word' id='word_1_377' title='bbox 3471 2456 3596 2527; x_wconf 81' lang='grc' dir='ltr'>μὲν,</span> 
     </span>
    </p>
   </div>
   <div class='ocr_carea' id='block_1_53' title="bbox 2003 2549 3599 2626">
    <p class='ocr_par' dir='ltr' id='par_1_53' title="bbox 2003 2549 3599 2626">
     <span class='ocr_line' id='line_1_53' title="bbox 2003 2549 3599 2626; baseline -0.004 -20"><span class='ocrx_word' id='word_1_378' title='bbox 2003 2555 2102 2626; x_wconf 82' lang='grc' dir='ltr'>τὴν</span> <span class='ocrx_word' id='word_1_379' title='bbox 2136 2553 2233 2623; x_wconf 67' lang='grc' dir='ltr'><strong>ὀψὲ</strong></span> <span class='ocrx_word' id='word_1_380' title='bbox 2268 2554 2558 2607; x_wconf 74' lang='grc' dir='ltr'>Σαϐϐἀτων</span> <span class='ocrx_word' id='word_1_381' title='bbox 2580 2552 2733 2624; x_wconf 77' lang='grc' dir='ltr'><strong>παρά</strong></span> <span class='ocrx_word' id='word_1_382' title='bbox 2759 2552 2837 2622; x_wconf 80' lang='grc' dir='ltr'>τῷ</span> <span class='ocrx_word' id='word_1_383' title='bbox 2860 2552 3122 2621; x_wconf 83' lang='grc' dir='ltr'>Ματθαίῳ</span> <span class='ocrx_word' id='word_1_384' title='bbox 3145 2592 3160 2615; x_wconf 91' lang='grc'><strong>,</strong></span> <span class='ocrx_word' id='word_1_385' title='bbox 3190 2551 3389 2623; x_wconf 79' lang='grc' dir='ltr'>ἑτέραν</span> <span class='ocrx_word' id='word_1_386' title='bbox 3413 2550 3473 2603; x_wconf 77' lang='grc' dir='ltr'><strong>δὲ</strong></span> <span class='ocrx_word' id='word_1_387' title='bbox 3494 2549 3599 2621; x_wconf 79' lang='grc' dir='ltr'><strong>τὴν</strong></span> 
     </span>
    </p>
   </div>
   <div class='ocr_carea' id='block_1_54' title="bbox 2005 2642 3595 2717">
    <p class='ocr_par' dir='ltr' id='par_1_54' title="bbox 2005 2642 3595 2717">
     <span class='ocr_line' id='line_1_54' title="bbox 2005 2642 3595 2717; baseline -0.001 -20"><span class='ocrx_word' id='word_1_388' title='bbox 2005 2645 2158 2717; x_wconf 86' lang='grc' dir='ltr'><strong>παρά</strong></span> <span class='ocrx_word' id='word_1_389' title='bbox 2190 2645 2270 2716; x_wconf 81' lang='grc' dir='ltr'>τῷ</span> <span class='ocrx_word' id='word_1_390' title='bbox 2298 2646 2517 2717; x_wconf 82' lang='grc' dir='ltr'><strong>Ἰωάννῃ</strong></span> <span class='ocrx_word' id='word_1_391' title='bbox 2545 2645 2759 2716; x_wconf 77' lang='grc' dir='ltr'>πρωίας</span> <span class='ocrx_word' id='word_1_392' title='bbox 2796 2645 2886 2698; x_wconf 73' lang='grc' dir='ltr'>ἐπὶ</span> <span class='ocrx_word' id='word_1_393' title='bbox 2913 2644 2972 2697; x_wconf 76' lang='grc' dir='ltr'>τὸ</span> <span class='ocrx_word' id='word_1_394' title='bbox 3010 2646 3271 2714; x_wconf 82' lang='grc' dir='ltr'>μνημεῖον</span> <span class='ocrx_word' id='word_1_395' title='bbox 3304 2642 3595 2706; x_wconf 72' lang='grc' dir='ltr'>ἐλθοῦσαν,</span> 
     </span>
    </p>
   </div>
   <div class='ocr_carea' id='block_1_55' title="bbox 2004 2730 3596 2809">
    <p class='ocr_par' dir='ltr' id='par_1_55' title="bbox 2004 2730 3596 2809">
     <span class='ocr_line' id='line_1_55' title="bbox 2004 2730 3596 2809; baseline 0.005 -18"><span class='ocrx_word' id='word_1_396' title='bbox 2004 2738 2208 2809; x_wconf 85' lang='grc' dir='ltr'>ταύτην</span> <span class='ocrx_word' id='word_1_397' title='bbox 2245 2737 2303 2790; x_wconf 81' lang='grc' dir='ltr'><strong>δὲ</strong></span> <span class='ocrx_word' id='word_1_398' title='bbox 2347 2734 2485 2791; x_wconf 80' lang='grc' dir='ltr'>εἶναι</span> <span class='ocrx_word' id='word_1_399' title='bbox 2524 2736 2616 2809; x_wconf 82' lang='grc' dir='ltr'>τὴν</span> <span class='ocrx_word' id='word_1_400' title='bbox 2658 2738 2751 2790; x_wconf 70' lang='grc' dir='ltr'>καὶ</span> <span class='ocrx_word' id='word_1_401' title='bbox 2779 2736 2992 2808; x_wconf 75' lang='grc' dir='ltr'>Μάρκῳ</span> <span class='ocrx_word' id='word_1_402' title='bbox 3023 2735 3379 2805; x_wconf 80' lang='grc' dir='ltr'>δηλουμένην,</span> <span class='ocrx_word' id='word_1_403' title='bbox 3407 2735 3502 2803; x_wconf 74' lang='grc' dir='ltr'>ἀφ’</span> <span class='ocrx_word' id='word_1_404' title='bbox 3527 2730 3596 2806; x_wconf 79' lang='grc' dir='ltr'>ἧς</span> 
     </span>
    </p>
   </div>
   <div class='ocr_carea' id='block_1_56' title="bbox 2006 2827 3593 2901">
    <p class='ocr_par' dir='ltr' id='par_1_56' title="bbox 2006 2827 3593 2901">
     <span class='ocr_line' id='line_1_56' title="bbox 2006 2827 3593 2901; baseline -0.003 -19"><span class='ocrx_word' id='word_1_405' title='bbox 2006 2831 2328 2901; x_wconf 73' lang='grc' dir='ltr'>ἐκϐεϐλήκει</span> <span class='ocrx_word' id='word_1_406' title='bbox 2360 2829 2501 2883; x_wconf 59' lang='lat' dir='ltr'><strong>emat</strong></span> <span class='ocrx_word' id='word_1_407' title='bbox 2528 2829 2778 2899; x_wconf 82' lang='grc' dir='ltr'>δαιμόνια</span> <span class='ocrx_word' id='word_1_408' title='bbox 2799 2846 2811 2859; x_wconf 81' lang='grc'><em>’</em></span> <span class='ocrx_word' id='word_1_409' title='bbox 2841 2829 2916 2893; x_wconf 85' lang='grc' dir='ltr'><strong>ὡς</strong></span> <span class='ocrx_word' id='word_1_410' title='bbox 2938 2829 3044 2901; x_wconf 80' lang='grc' dir='ltr'><strong>γὰρ</strong></span> <span class='ocrx_word' id='word_1_411' title='bbox 3071 2827 3237 2899; x_wconf 77' lang='grc' dir='ltr'>οὔσης</span> <span class='ocrx_word' id='word_1_412' title='bbox 3258 2828 3353 2880; x_wconf 75' lang='grc' dir='ltr'><strong>καὶ</strong></span> <span class='ocrx_word' id='word_1_413' title='bbox 3378 2827 3593 2898; x_wconf 74' lang='grc' dir='ltr'>ἐτέρας,</span> 
     </span>
    </p>
   </div>
   <div class='ocr_carea' id='block_1_57' title="bbox 2007 2920 3595 2993">
    <p class='ocr_par' dir='ltr' id='par_1_57' title="bbox 2007 2920 3595 2993">
     <span class='ocr_line' id='line_1_57' title="bbox 2007 2920 3595 2993; baseline -0.001 -18"><span class='ocrx_word' id='word_1_414' title='bbox 2007 2923 2193 2993; x_wconf 68' lang='grc' dir='ltr'>φησὶν,</span> <span class='ocrx_word' id='word_1_415' title='bbox 2226 2921 2287 2975; x_wconf 83' lang='grc' dir='ltr'><strong>ού</strong></span> <span class='ocrx_word' id='word_1_416' title='bbox 2321 2922 2576 2993; x_wconf 81' lang='grc' dir='ltr'>τοιαύτης</span> <span class='ocrx_word' id='word_1_417' title='bbox 2611 2921 2995 2991; x_wconf 80' lang='grc' dir='ltr'>Μαγδαληνῆς,</span> <span class='ocrx_word' id='word_1_418' title='bbox 3030 2921 3293 2991; x_wconf 84' lang='grc' dir='ltr'>ἐτήρησεν</span> <span class='ocrx_word' id='word_1_419' title='bbox 3316 2922 3343 2973; x_wconf 80' lang='grc' dir='ltr'>ὁ</span> <span class='ocrx_word' id='word_1_420' title='bbox 3368 2920 3595 2991; x_wconf 80' lang='grc' dir='ltr'>Μάρκος</span> 
     </span>
    </p>
   </div>
   <div class='ocr_carea' id='block_1_58' title="bbox 2004 3007 3595 3082">
    <p class='ocr_par' dir='ltr' id='par_1_58' title="bbox 2004 3007 3595 3082">
     <span class='ocr_line' id='line_1_58' title="bbox 2004 3007 3595 3082; baseline -0.003 -17"><span class='ocrx_word' id='word_1_421' title='bbox 2004 3012 2161 3066; x_wconf 81' lang='grc' dir='ltr'>τοῦτο</span> <span class='ocrx_word' id='word_1_422' title='bbox 2187 3010 2382 3065; x_wconf 80' lang='grc' dir='ltr'>εἰπών·</span> <span class='ocrx_word' id='word_1_423' title='bbox 2417 3031 2435 3062; x_wconf 80' lang='grc' dir='ltr'><strong>ι</strong></span> <span class='ocrx_word' id='word_1_424' title='bbox 2460 3013 2721 3074; x_wconf 72' lang='grc' dir='ltr'>Ἀναστὰς</span> <span class='ocrx_word' id='word_1_425' title='bbox 2752 3011 2808 3070; x_wconf 82' lang='grc' dir='ltr'>δὲ</span> <span class='ocrx_word' id='word_1_426' title='bbox 2843 3010 2986 3082; x_wconf 80' lang='grc' dir='ltr'>πρωῒ</span> <span class='ocrx_word' id='word_1_427' title='bbox 3008 3013 3073 3080; x_wconf 84' lang='grc' dir='ltr'>τῇ</span> <span class='ocrx_word' id='word_1_428' title='bbox 3116 3011 3217 3081; x_wconf 83' lang='grc' dir='ltr'>μιᾷ</span> <span class='ocrx_word' id='word_1_429' title='bbox 3240 3009 3347 3061; x_wconf 81' lang='grc' dir='ltr'>τῶν</span> <span class='ocrx_word' id='word_1_430' title='bbox 3377 3007 3595 3062; x_wconf 75' lang='grc' dir='ltr'><strong>Σαϐϐά-</strong></span> 
     </span>
    </p>
   </div>
   <div class='ocr_carea' id='block_1_59' title="bbox 2005 3097 3599 3177">
    <p class='ocr_par' dir='ltr' id='par_1_59' title="bbox 2005 3097 3599 3177">
     <span class='ocr_line' id='line_1_59' title="bbox 2005 3097 3599 3177; baseline -0.003 -19"><span class='ocrx_word' id='word_1_431' title='bbox 2005 3123 2114 3158; x_wconf 89' lang='grc' dir='ltr'><strong>των</strong></span> <span class='ocrx_word' id='word_1_432' title='bbox 2143 3105 2318 3174; x_wconf 83' lang='grc' dir='ltr'>ἐφάνη</span> <span class='ocrx_word' id='word_1_433' title='bbox 2347 3105 2537 3177; x_wconf 82' lang='grc' dir='ltr'>Μαρίᾳ</span> <span class='ocrx_word' id='word_1_434' title='bbox 2573 3104 2789 3174; x_wconf 83' lang='grc' dir='ltr'>πρῶτον</span> <span class='ocrx_word' id='word_1_435' title='bbox 2812 3107 2875 3174; x_wconf 82' lang='grc' dir='ltr'>τῇ</span> <span class='ocrx_word' id='word_1_436' title='bbox 2908 3103 3262 3177; x_wconf 79' lang='grc' dir='ltr'>Μαγδαληνῇ,</span> <span class='ocrx_word' id='word_1_437' title='bbox 3298 3103 3391 3169; x_wconf 77' lang='grc' dir='ltr'>ἀφ’</span> <span class='ocrx_word' id='word_1_438' title='bbox 3411 3097 3481 3173; x_wconf 79' lang='grc' dir='ltr'>ἧς</span> <span class='ocrx_word' id='word_1_439' title='bbox 3514 3103 3599 3154; x_wconf 79' lang='grc' dir='ltr'>ἐκ·</span> 
     </span>
    </p>
   </div>
   <div class='ocr_carea' id='block_1_60' title="bbox 2006 3191 3595 3276">
    <p class='ocr_par' dir='ltr' id='par_1_60' title="bbox 2006 3191 3595 3276">
     <span class='ocr_line' id='line_1_60' title="bbox 2006 3191 3595 3276; baseline -0.003 -25"><span class='ocrx_word' id='word_1_440' title='bbox 2006 3198 2260 3270; x_wconf 71' lang='grc' dir='ltr'>ϐεϐλήκει</span> <span class='ocrx_word' id='word_1_441' title='bbox 2290 3198 2428 3251; x_wconf 78' lang='grc' dir='ltr'>ἑπτὰ</span> <span class='ocrx_word' id='word_1_442' title='bbox 2453 3198 2725 3276; x_wconf 83' lang='grc' dir='ltr'>δαιμόνια.</span> <span class='ocrx_word' id='word_1_443' title='bbox 2756 3217 2774 3249; x_wconf 76' lang='grc' dir='ltr'><strong>ι</strong></span> <span class='ocrx_word' id='word_1_444' title='bbox 2797 3198 2908 3250; x_wconf 73' lang='grc' dir='ltr'>Καὶ</span> <span class='ocrx_word' id='word_1_445' title='bbox 2936 3195 3141 3268; x_wconf 86' lang='grc' dir='ltr'>ταύτην</span> <span class='ocrx_word' id='word_1_446' title='bbox 3164 3196 3294 3260; x_wconf 84' lang='grc' dir='ltr'>ἴσως</span> <span class='ocrx_word' id='word_1_447' title='bbox 3324 3191 3468 3248; x_wconf 74' lang='grc' dir='ltr'>εἶναι</span> <span class='ocrx_word' id='word_1_448' title='bbox 3496 3195 3595 3264; x_wconf 80' lang='grc' dir='ltr'>τὴν</span> 
     </span>
    </p>
   </div>
   <div class='ocr_carea' id='block_1_61' title="bbox 2006 3290 3600 3366">
    <p class='ocr_par' dir='ltr' id='par_1_61' title="bbox 2006 3290 3600 3366">
     <span class='ocr_line' id='line_1_61' title="bbox 2006 3290 3600 3366; baseline -0.004 -17"><span class='ocrx_word' id='word_1_449' title='bbox 2006 3294 2338 3356; x_wconf 82' lang='grc' dir='ltr'>ἀκούσασαν,</span> <span class='ocrx_word' id='word_1_450' title='bbox 2365 3295 2454 3366; x_wconf 78' lang='grc' dir='ltr'>Μή</span> <span class='ocrx_word' id='word_1_451' title='bbox 2489 3312 2589 3364; x_wconf 87' lang='grc' dir='ltr'><strong>μου</strong></span> <span class='ocrx_word' id='word_1_452' title='bbox 2614 3295 2806 3358; x_wconf 74' lang='grc' dir='ltr'>ἅπτου,</span> <span class='ocrx_word' id='word_1_453' title='bbox 2824 3292 2935 3347; x_wconf 82' lang='grc' dir='ltr'>ἀλλ’</span> <span class='ocrx_word' id='word_1_454' title='bbox 2956 3293 3017 3345; x_wconf 79' lang='grc' dir='ltr'><strong>ού</strong></span> <span class='ocrx_word' id='word_1_455' title='bbox 3046 3294 3145 3364; x_wconf 83' lang='grc' dir='ltr'>τὴν</span> <span class='ocrx_word' id='word_1_456' title='bbox 3171 3292 3322 3364; x_wconf 88' lang='grc' dir='ltr'><strong>παρά</strong></span> <span class='ocrx_word' id='word_1_457' title='bbox 3350 3290 3431 3362; x_wconf 78' lang='grc' dir='ltr'>τῷ</span> <span class='ocrx_word' id='word_1_458' title='bbox 3451 3292 3600 3345; x_wconf 82' lang='grc' dir='ltr'>Ματ-</span> 
     </span>
    </p>
   </div>
   <div class='ocr_carea' id='block_1_62' title="bbox 326 3364 1903 3460">
    <p class='ocr_par' dir='ltr' id='par_1_62' title="bbox 326 3382 1898 3455">
     <span class='ocr_line' id='line_1_62' title="bbox 326 3382 1898 3455; baseline 0.006 -21"><span class='ocrx_word' id='word_1_459' title='bbox 326 3397 471 3434; x_wconf 69' lang='lat' dir='ltr'><strong>unum</strong></span> <span class='ocrx_word' id='word_1_460' title='bbox 502 3382 574 3436; x_wconf 89' lang='lat' dir='ltr'><strong>sit</strong></span> <span class='ocrx_word' id='word_1_461' title='bbox 607 3382 754 3435; x_wconf 85' lang='lat' dir='ltr'><strong>illam</strong></span> <span class='ocrx_word' id='word_1_462' title='bbox 811 3399 1028 3453; x_wconf 89' lang='lat' dir='ltr'><strong>quoque</strong></span> <span class='ocrx_word' id='word_1_463' title='bbox 1072 3385 1319 3455; x_wconf 83' lang='lat' dir='ltr'><strong>Magdalo</strong></span> <span class='ocrx_word' id='word_1_464' title='bbox 1374 3386 1544 3444; x_wconf 85' lang='lat' dir='ltr'><strong>fuisse</strong></span> <span class='ocrx_word' id='word_1_465' title='bbox 1588 3389 1898 3454; x_wconf 89' lang='lat' dir='ltr'><strong>oriundam,</strong></span> 
     </span>
    </p>
   </div>
   <div class='ocr_carea' id='block_1_63' title="bbox 2021 3364 3595 3460">
    <p class='ocr_par' dir='ltr' id='par_1_63' title="bbox 2021 3364 3595 3460">
     <span class='ocr_line' id='line_1_63' title="bbox 2021 3364 3595 3460; baseline -0.001 -20"><span class='ocrx_word' id='word_1_466' title='bbox 2021 3387 2158 3459; x_wconf 70' lang='grc' dir='ltr'>ὶαίῳ.</span> <span class='ocrx_word' id='word_1_467' title='bbox 2186 3389 2248 3441; x_wconf 85' lang='grc' dir='ltr'>Εἰ</span> <span class='ocrx_word' id='word_1_468' title='bbox 2271 3387 2378 3460; x_wconf 74' lang='grc' dir='ltr'><strong>γὰρ</strong></span> <span class='ocrx_word' id='word_1_469' title='bbox 2401 3364 2579 3441; x_wconf 76' lang='grc' dir='ltr'>καὶτὰ</span> <span class='ocrx_word' id='word_1_470' title='bbox 2602 3387 2835 3457; x_wconf 85' lang='grc' dir='ltr'>μάλιστα</span> <span class='ocrx_word' id='word_1_471' title='bbox 2861 3386 3089 3457; x_wconf 83' lang='grc' dir='ltr'>κάκείνη</span> <span class='ocrx_word' id='word_1_472' title='bbox 3117 3386 3224 3439; x_wconf 84' lang='grc' dir='ltr'><strong>ἀπὸ</strong></span> <span class='ocrx_word' id='word_1_473' title='bbox 3249 3385 3351 3455; x_wconf 77' lang='grc' dir='ltr'>τῆς</span> <span class='ocrx_word' id='word_1_474' title='bbox 3367 3384 3595 3453; x_wconf 81' lang='grc' dir='ltr'>Μαγδα-</span> 
     </span>
    </p>
   </div>
   <div class='ocr_carea' id='block_1_64' title="bbox 327 3469 1899 3551">
    <p class='ocr_par' dir='ltr' id='par_1_64' title="bbox 327 3469 1899 3551">
     <span class='ocr_line' id='line_1_64' title="bbox 327 3469 1899 3551; baseline 0.008 -28"><span class='ocrx_word' id='word_1_475' title='bbox 327 3469 473 3524; x_wconf 90' lang='lat' dir='ltr'><strong>haud</strong></span> <span class='ocrx_word' id='word_1_476' title='bbox 501 3478 684 3526; x_wconf 87' lang='lat' dir='ltr'><strong>tamen</strong></span> <span class='ocrx_word' id='word_1_477' title='bbox 724 3474 876 3543; x_wconf 85' lang='lat' dir='ltr'><strong>paria</strong></span> <span class='ocrx_word' id='word_1_478' title='bbox 922 3475 1120 3544; x_wconf 79' lang='lat' dir='ltr'><strong>probra</strong></span> <span class='ocrx_word' id='word_1_479' title='bbox 1159 3476 1227 3531; x_wconf 94' lang='lat' dir='ltr'><strong>de</strong></span> <span class='ocrx_word' id='word_1_480' title='bbox 1278 3492 1341 3532; x_wconf 84' lang='lat' dir='ltr'><strong>ea</strong></span> <span class='ocrx_word' id='word_1_481' title='bbox 1394 3487 1582 3532; x_wconf 89' lang='lat' dir='ltr'><strong>narrat</strong></span> <span class='ocrx_word' id='word_1_482' title='bbox 1600 3478 1899 3551; x_wconf 87' lang='lat' dir='ltr'><strong>Scriptura.</strong></span> 
     </span>
    </p>
   </div>
   <div class='ocr_carea' id='block_1_65' title="bbox 326 3554 1903 3641">
    <p class='ocr_par' dir='ltr' id='par_1_65' title="bbox 326 3554 1903 3641">
     <span class='ocr_line' id='line_1_65' title="bbox 326 3554 1903 3641; baseline 0.008 -26"><span class='ocrx_word' id='word_1_483' title='bbox 326 3562 482 3630; x_wconf 89' lang='lat' dir='ltr'><strong>Quod</strong></span> <span class='ocrx_word' id='word_1_484' title='bbox 503 3564 548 3617; x_wconf 90' lang='lat' dir='ltr'><strong>si</strong></span> <span class='ocrx_word' id='word_1_485' title='bbox 589 3579 752 3618; x_wconf 88' lang='lat' dir='ltr'><strong>unam</strong></span> <span class='ocrx_word' id='word_1_486' title='bbox 784 3565 1538 3638; x_wconf 75' lang='lat' dir='ltr'><strong>eamdemqneMagdalenem</strong></span> <span class='ocrx_word' id='word_1_487' title='bbox 1578 3571 1703 3641; x_wconf 89' lang='lat' dir='ltr'><strong>quis</strong></span> <span class='ocrx_word' id='word_1_488' title='bbox 1734 3554 1903 3637; x_wconf 87' lang='lat' dir='ltr'><strong>dicat,</strong></span> 
     </span>
    </p>
   </div>
   <div class='ocr_carea' id='block_1_66' title="bbox 327 3655 1908 3735">
    <p class='ocr_par' dir='ltr' id='par_1_66' title="bbox 327 3655 1908 3735">
     <span class='ocr_line' id='line_1_66' title="bbox 327 3655 1908 3735; baseline 0.007 -26"><span class='ocrx_word' id='word_1_489' title='bbox 327 3655 506 3710; x_wconf 92' lang='lat' dir='ltr'><strong>adhuc</strong></span> <span class='ocrx_word' id='word_1_490' title='bbox 531 3664 711 3711; x_wconf 90' lang='lat' dir='ltr'><strong>tamen</strong></span> <span class='ocrx_word' id='word_1_491' title='bbox 734 3656 974 3712; x_wconf 88' lang='lat' dir='ltr'><strong>veridica</strong></span> <span class='ocrx_word' id='word_1_492' title='bbox 1015 3669 1144 3715; x_wconf 90' lang='lat' dir='ltr'><strong>sunt</strong></span> <span class='ocrx_word' id='word_1_493' title='bbox 1177 3676 1336 3717; x_wconf 89' lang='lat' dir='ltr'><strong>sacra</strong></span> <span class='ocrx_word' id='word_1_494' title='bbox 1382 3660 1697 3733; x_wconf 76' lang='lat' dir='ltr'><strong>Evangelia,</strong></span> <span class='ocrx_word' id='word_1_495' title='bbox 1730 3680 1908 3735; x_wconf 90' lang='lat' dir='ltr'><strong>neque</strong></span> 
     </span>
    </p>
   </div>
   <div class='ocr_carea' id='block_1_67' title="bbox 328 3747 1904 3825">
    <p class='ocr_par' dir='ltr' id='par_1_67' title="bbox 328 3747 1904 3825">
     <span class='ocr_line' id='line_1_67' title="bbox 328 3747 1904 3825; baseline 0.006 -26"><span class='ocrx_word' id='word_1_496' title='bbox 328 3748 441 3801; x_wconf 90' lang='lat' dir='ltr'><strong>ullo</strong></span> <span class='ocrx_word' id='word_1_497' title='bbox 472 3747 634 3803; x_wconf 90' lang='lat' dir='ltr'><strong>modo</strong></span> <span class='ocrx_word' id='word_1_498' title='bbox 665 3749 809 3803; x_wconf 89' lang='lat' dir='ltr'><strong>inter</strong></span> <span class='ocrx_word' id='word_1_499' title='bbox 837 3764 897 3805; x_wconf 80' lang='lat' dir='ltr'><strong>se</strong></span> <span class='ocrx_word' id='word_1_500' title='bbox 947 3750 1299 3820; x_wconf 89' lang='lat' dir='ltr'><strong>discrepant;</strong></span> <span class='ocrx_word' id='word_1_501' title='bbox 1353 3753 1624 3825; x_wconf 90' lang='lat' dir='ltr'><strong>siquidem</strong></span> <span class='ocrx_word' id='word_1_502' title='bbox 1655 3754 1904 3811; x_wconf 90' lang='lat' dir='ltr'><strong>eamdem</strong></span> 
     </span>
    </p>
   </div>
   <div class='ocr_carea' id='block_1_68' title="bbox 325 3841 1906 3919">
    <p class='ocr_par' dir='ltr' id='par_1_68' title="bbox 325 3841 1906 3919">
     <span class='ocr_line' id='line_1_68' title="bbox 325 3841 1906 3919; baseline 0.004 -23"><span class='ocrx_word' id='word_1_503' title='bbox 325 3841 584 3897; x_wconf 81' lang='lat' dir='ltr'><strong>exhibent</strong></span> <span class='ocrx_word' id='word_1_504' title='bbox 620 3841 849 3898; x_wconf 81' lang='lat' dir='ltr'><strong>Mariam</strong></span> <span class='ocrx_word' id='word_1_505' title='bbox 902 3841 1275 3915; x_wconf 76' lang='lat' dir='ltr'><strong>Magdalenem</strong></span> <span class='ocrx_word' id='word_1_506' title='bbox 1329 3854 1385 3902; x_wconf 86' lang='lat' dir='ltr'><strong>et</strong></span> <span class='ocrx_word' id='word_1_507' title='bbox 1448 3863 1561 3903; x_wconf 91' lang='lat' dir='ltr'><strong>non</strong></span> <span class='ocrx_word' id='word_1_508' title='bbox 1594 3855 1906 3919; x_wconf 79' lang='lat' dir='ltr'><strong>tangentem</strong></span> 
     </span>
    </p>
   </div>
   <div class='ocr_carea' id='block_1_69' title="bbox 328 3932 1911 4011">
    <p class='ocr_par' dir='ltr' id='par_1_69' title="bbox 328 3932 1911 4011">
     <span class='ocr_line' id='line_1_69' title="bbox 328 3932 1911 4011; baseline 0.006 -25"><span class='ocrx_word' id='word_1_509' title='bbox 328 3934 505 4003; x_wconf 91' lang='lat' dir='ltr'><strong>primo</strong></span> <span class='ocrx_word' id='word_1_510' title='bbox 533 3932 720 3993; x_wconf 86' lang='lat' dir='ltr'><strong>Jesnm</strong></span> <span class='ocrx_word' id='word_1_511' title='bbox 746 3949 870 3990; x_wconf 91' lang='lat' dir='ltr'><strong>eum</strong></span> <span class='ocrx_word' id='word_1_512' title='bbox 887 3944 1009 3997; x_wconf 36' lang='lat' dir='ltr'><strong>erat.</strong></span> <span class='ocrx_word' id='word_1_513' title='bbox 1038 3936 1340 3999; x_wconf 87' lang='lat' dir='ltr'><strong>incredula,</strong></span> <span class='ocrx_word' id='word_1_514' title='bbox 1363 3947 1417 3995; x_wconf 90' lang='lat' dir='ltr'><strong>et</strong></span> <span class='ocrx_word' id='word_1_515' title='bbox 1449 3940 1648 4002; x_wconf 87' lang='lat' dir='ltr'><strong>deinde</strong></span> <span class='ocrx_word' id='word_1_516' title='bbox 1677 3949 1911 4011; x_wconf 64' lang='lat' dir='ltr'><strong>tangem-</strong></span> 
     </span>
    </p>
   </div>
   <div class='ocr_carea' id='block_1_70' title="bbox 329 4026 1906 4101">
    <p class='ocr_par' dir='ltr' id='par_1_70' title="bbox 329 4026 1906 4101">
     <span class='ocr_line' id='line_1_70' title="bbox 329 4026 1906 4101; baseline 0.006 -23"><span class='ocrx_word' id='word_1_517' title='bbox 329 4034 436 4080; x_wconf 89' lang='lat' dir='ltr'><strong>tem</strong></span> <span class='ocrx_word' id='word_1_518' title='bbox 470 4026 654 4082; x_wconf 85' lang='lat' dir='ltr'><strong>statim</strong></span> <span class='ocrx_word' id='word_1_519' title='bbox 683 4042 749 4082; x_wconf 89' lang='lat' dir='ltr'><strong>ac</strong></span> <span class='ocrx_word' id='word_1_520' title='bbox 801 4028 959 4098; x_wconf 85' lang='lat' dir='ltr'><strong>jussa</strong></span> <span class='ocrx_word' id='word_1_521' title='bbox 1002 4037 1088 4085; x_wconf 89' lang='lat' dir='ltr'><strong>est</strong></span> <span class='ocrx_word' id='word_1_522' title='bbox 1133 4030 1370 4101; x_wconf 81' lang='lat' dir='ltr'><strong>gaudere</strong></span> <span class='ocrx_word' id='word_1_523' title='bbox 1399 4047 1522 4086; x_wconf 91' lang='lat' dir='ltr'><strong>eum</strong></span> <span class='ocrx_word' id='word_1_524' title='bbox 1573 4031 1680 4086; x_wconf 87' lang='lat' dir='ltr'><strong>alia</strong></span> <span class='ocrx_word' id='word_1_525' title='bbox 1717 4030 1906 4087; x_wconf 85' lang='lat' dir='ltr'><strong>Maria.</strong></span> 
     </span>
    </p>
   </div>
   <div class='ocr_carea' id='block_1_71' title="bbox 328 4108 1908 4189">
    <p class='ocr_par' dir='ltr' id='par_1_71' title="bbox 328 4108 1908 4189">
     <span class='ocr_line' id='line_1_71' title="bbox 328 4108 1908 4189; baseline 0.006 -19"><span class='ocrx_word' id='word_1_526' title='bbox 328 4115 537 4187; x_wconf 88' lang='lat' dir='ltr'><strong>Quippe</strong></span> <span class='ocrx_word' id='word_1_527' title='bbox 556 4118 707 4172; x_wconf 90' lang='lat' dir='ltr'><strong>illum</strong></span> <span class='ocrx_word' id='word_1_528' title='bbox 746 4127 1027 4189; x_wconf 87' lang='lat' dir='ltr'><strong>postremo</strong></span> <span class='ocrx_word' id='word_1_529' title='bbox 1063 4131 1123 4174; x_wconf 89' lang='lat' dir='ltr'><strong>ut</strong></span> <span class='ocrx_word' id='word_1_530' title='bbox 1151 4108 1320 4177; x_wconf 83' lang='lat' dir='ltr'><strong>Deum</strong></span> <span class='ocrx_word' id='word_1_531' title='bbox 1351 4121 1619 4185; x_wconf 89' lang='lat' dir='ltr'><strong>adoravit,</strong></span> <span class='ocrx_word' id='word_1_532' title='bbox 1666 4138 1777 4178; x_wconf 91' lang='lat' dir='ltr'><strong>non</strong></span> <span class='ocrx_word' id='word_1_533' title='bbox 1806 4122 1908 4182; x_wconf 87' lang='lat' dir='ltr'><strong>ho-</strong></span> 
     </span>
    </p>
   </div>
   <div class='ocr_carea' id='block_1_72' title="bbox 330 4210 1910 4287">
    <p class='ocr_par' dir='ltr' id='par_1_72' title="bbox 330 4210 1910 4287">
     <span class='ocr_line' id='line_1_72' title="bbox 330 4210 1910 4287; baseline 0.006 -25"><span class='ocrx_word' id='word_1_534' title='bbox 330 4210 492 4265; x_wconf 79' lang='lat' dir='ltr'><strong>minis</strong></span> <span class='ocrx_word' id='word_1_535' title='bbox 518 4210 694 4267; x_wconf 87' lang='lat' dir='ltr'><strong>instar</strong></span> <span class='ocrx_word' id='word_1_536' title='bbox 718 4212 930 4278; x_wconf 88' lang='lat' dir='ltr'><strong>habuit,</strong></span> <span class='ocrx_word' id='word_1_537' title='bbox 969 4212 1120 4269; x_wconf 87' lang='lat' dir='ltr'><strong>velut</strong></span> <span class='ocrx_word' id='word_1_538' title='bbox 1144 4214 1298 4269; x_wconf 90' lang='lat' dir='ltr'><strong>initio</strong></span> <span class='ocrx_word' id='word_1_539' title='bbox 1345 4230 1471 4269; x_wconf 90' lang='lat' dir='ltr'><strong>eum</strong></span> <span class='ocrx_word' id='word_1_540' title='bbox 1500 4215 1661 4271; x_wconf 80' lang='lat' dir='ltr'><strong>ﬂebat</strong></span> <span class='ocrx_word' id='word_1_541' title='bbox 1680 4222 1910 4287; x_wconf 75' lang='lat' dir='ltr'><strong>eratque</strong></span> 
     </span>
    </p>
   </div>
   <div class='ocr_carea' id='block_1_73' title="bbox 327 4302 625 4359">
    <p class='ocr_par' dir='ltr' id='par_1_73' title="bbox 327 4302 625 4359">
     <span class='ocr_line' id='line_1_73' title="bbox 327 4302 625 4359; baseline 0.007 -3"><span class='ocrx_word' id='word_1_542' title='bbox 327 4302 625 4359; x_wconf 83' lang='lat' dir='ltr'><strong>incredula.</strong></span> 
     </span>
    </p>
   </div>
   <div class='ocr_carea' id='block_1_74' title="bbox 2009 3473 3596 3549">
    <p class='ocr_par' dir='ltr' id='par_1_74' title="bbox 2009 3473 3596 3549">
     <span class='ocr_line' id='line_1_74' title="bbox 2009 3473 3596 3549; baseline -0.003 -19"><span class='ocrx_word' id='word_1_543' title='bbox 2009 3477 2175 3549; x_wconf 84' lang='grc' dir='ltr'>ληνῆς</span> <span class='ocrx_word' id='word_1_544' title='bbox 2225 3477 2470 3548; x_wconf 80' lang='grc' dir='ltr'>ὡρμᾶτο,</span> <span class='ocrx_word' id='word_1_545' title='bbox 2501 3476 2615 3530; x_wconf 86' lang='grc' dir='ltr'>ἀλλ’</span> <span class='ocrx_word' id='word_1_546' title='bbox 2643 3478 2702 3530; x_wconf 72' lang='grc' dir='ltr'><strong>οὐ</strong></span> <span class='ocrx_word' id='word_1_547' title='bbox 2751 3475 2819 3529; x_wconf 83' lang='grc' dir='ltr'>τὰ</span> <span class='ocrx_word' id='word_1_548' title='bbox 2851 3477 3012 3547; x_wconf 84' lang='grc' dir='ltr'>ὅμοια</span> <span class='ocrx_word' id='word_1_549' title='bbox 3047 3477 3138 3528; x_wconf 74' lang='grc' dir='ltr'><strong>καὶ</strong></span> <span class='ocrx_word' id='word_1_550' title='bbox 3174 3475 3347 3545; x_wconf 73' lang='grc' dir='ltr'>αὐτῆς</span> <span class='ocrx_word' id='word_1_551' title='bbox 3400 3476 3433 3544; x_wconf 79' lang='grc' dir='ltr'><strong>ἡ</strong></span> <span class='ocrx_word' id='word_1_552' title='bbox 3476 3473 3596 3526; x_wconf 83' lang='grc' dir='ltr'>θεία</span> 
     </span>
    </p>
   </div>
   <div class='ocr_carea' id='block_1_75' title="bbox 2014 3565 3598 3642">
    <p class='ocr_par' dir='ltr' id='par_1_75' title="bbox 2014 3565 3598 3642">
     <span class='ocr_line' id='line_1_75' title="bbox 2014 3565 3598 3642; baseline -0.003 -19"><span class='ocrx_word' id='word_1_553' title='bbox 2014 3573 2310 3642; x_wconf 84' lang='grc' dir='ltr'>κατηγορεῖ</span> <span class='ocrx_word' id='word_1_554' title='bbox 2342 3570 2530 3641; x_wconf 84' lang='grc' dir='ltr'>Γραφή</span> <span class='ocrx_word' id='word_1_555' title='bbox 2552 3586 2565 3599; x_wconf 90' lang='grc'><strong>·</strong></span> <span class='ocrx_word' id='word_1_556' title='bbox 2598 3570 2647 3621; x_wconf 85' lang='grc' dir='ltr'><strong>εί</strong></span> <span class='ocrx_word' id='word_1_557' title='bbox 2680 3569 2737 3622; x_wconf 85' lang='grc' dir='ltr'><strong>δὲ</strong></span> <span class='ocrx_word' id='word_1_558' title='bbox 2771 3568 2901 3639; x_wconf 85' lang='grc' dir='ltr'>μίαν</span> <span class='ocrx_word' id='word_1_559' title='bbox 2929 3568 3025 3621; x_wconf 74' lang='grc' dir='ltr'><strong>καὶ</strong></span> <span class='ocrx_word' id='word_1_560' title='bbox 3054 3568 3152 3638; x_wconf 82' lang='grc' dir='ltr'><strong>τὴν</strong></span> <span class='ocrx_word' id='word_1_561' title='bbox 3174 3566 3344 3637; x_wconf 72' lang='grc' dir='ltr'>αὐτὴν</span> <span class='ocrx_word' id='word_1_562' title='bbox 3373 3565 3598 3634; x_wconf 76' lang='grc' dir='ltr'>Μαγδαο-</span> 
     </span>
    </p>
   </div>
   <div class='ocr_carea' id='block_1_76' title="bbox 2015 3656 3599 3734">
    <p class='ocr_par' dir='ltr' id='par_1_76' title="bbox 2015 3656 3599 3734">
     <span class='ocr_line' id='line_1_76' title="bbox 2015 3656 3599 3734; baseline -0.004 -19"><span class='ocrx_word' id='word_1_563' title='bbox 2015 3662 2181 3733; x_wconf 82' lang='grc' dir='ltr'>ληνὴν</span> <span class='ocrx_word' id='word_1_564' title='bbox 2201 3662 2309 3734; x_wconf 80' lang='grc'>(86)</span> <span class='ocrx_word' id='word_1_565' title='bbox 2336 3661 2560 3732; x_wconf 82' lang='grc' dir='ltr'>φήσειέν</span> <span class='ocrx_word' id='word_1_566' title='bbox 2587 3679 2690 3726; x_wconf 85' lang='grc' dir='ltr'>τις,</span> <span class='ocrx_word' id='word_1_567' title='bbox 2716 3661 2810 3714; x_wconf 78' lang='grc' dir='ltr'><strong>καὶ</strong></span> <span class='ocrx_word' id='word_1_568' title='bbox 2834 3660 3008 3725; x_wconf 77' lang='grc' dir='ltr'>οὕτως</span> <span class='ocrx_word' id='word_1_569' title='bbox 3024 3658 3281 3731; x_wconf 82' lang='grc' dir='ltr'>ἀληθεύοι</span> <span class='ocrx_word' id='word_1_570' title='bbox 3298 3657 3365 3711; x_wconf 81' lang='grc' dir='ltr'><strong>ἂν</strong></span> <span class='ocrx_word' id='word_1_571' title='bbox 3383 3657 3453 3710; x_wconf 78' lang='grc' dir='ltr'><strong>τὰ</strong></span> <span class='ocrx_word' id='word_1_572' title='bbox 3477 3656 3599 3728; x_wconf 74' lang='grc' dir='ltr'>ἱερὰ</span> 
     </span>
    </p>
   </div>
   <div class='ocr_carea' id='block_1_77' title="bbox 2015 3748 3602 3824">
    <p class='ocr_par' dir='ltr' id='par_1_77' title="bbox 2015 3748 3602 3824">
     <span class='ocr_line' id='line_1_77' title="bbox 2015 3748 3602 3824; baseline -0.005 -15"><span class='ocrx_word' id='word_1_573' title='bbox 2015 3755 2343 3824; x_wconf 78' lang='grc' dir='ltr'>Εύαγγὲλια,</span> <span class='ocrx_word' id='word_1_574' title='bbox 2374 3758 2492 3809; x_wconf 86' lang='grc' dir='ltr'>κατ’</span> <span class='ocrx_word' id='word_1_575' title='bbox 2523 3755 2710 3807; x_wconf 76' lang='grc' dir='ltr'>οὐδένα</span> <span class='ocrx_word' id='word_1_576' title='bbox 2748 3753 2904 3822; x_wconf 85' lang='grc' dir='ltr'>λόγον</span> <span class='ocrx_word' id='word_1_577' title='bbox 2932 3751 3305 3822; x_wconf 79' lang='grc' dir='ltr'>διαφωνοῦντα</span> <span class='ocrx_word' id='word_1_578' title='bbox 3324 3768 3337 3781; x_wconf 87' lang='grc'>·</span> <span class='ocrx_word' id='word_1_579' title='bbox 3372 3751 3473 3821; x_wconf 79' lang='grc' dir='ltr'><strong>τὴν</strong></span> <span class='ocrx_word' id='word_1_580' title='bbox 3504 3748 3602 3802; x_wconf 75' lang='grc' dir='ltr'>αὑ-</span> 
     </span>
    </p>
   </div>
   <div class='ocr_carea' id='block_1_78' title="bbox 2014 3842 3584 3921">
    <p class='ocr_par' dir='ltr' id='par_1_78' title="bbox 2014 3842 3584 3921">
     <span class='ocr_line' id='line_1_78' title="bbox 2014 3842 3584 3921; baseline -0.005 -20"><span class='ocrx_word' id='word_1_581' title='bbox 2014 3847 2113 3919; x_wconf 82' lang='grc' dir='ltr'><strong>τὴν</strong></span> <span class='ocrx_word' id='word_1_582' title='bbox 2141 3847 2198 3901; x_wconf 82' lang='grc' dir='ltr'>δὲ</span> <span class='ocrx_word' id='word_1_583' title='bbox 2231 3848 2450 3921; x_wconf 82' lang='grc' dir='ltr'>Μαρίαν</span> <span class='ocrx_word' id='word_1_584' title='bbox 2474 3847 2571 3919; x_wconf 79' lang='grc' dir='ltr'>τὴν</span> <span class='ocrx_word' id='word_1_585' title='bbox 2599 3845 2966 3917; x_wconf 79' lang='grc' dir='ltr'>Μαγδαληνὴν</span> <span class='ocrx_word' id='word_1_586' title='bbox 2998 3845 3310 3913; x_wconf 76' lang='grc' dir='ltr'>εἰσάγονται</span> <span class='ocrx_word' id='word_1_587' title='bbox 3339 3842 3417 3913; x_wconf 87' lang='grc' dir='ltr'><strong>μὴ</strong></span> <span class='ocrx_word' id='word_1_588' title='bbox 3442 3843 3584 3894; x_wconf 85' lang='grc' dir='ltr'>ἀπτο</span> 
     </span>
    </p>
   </div>
   <div class='ocr_carea' id='block_1_79' title="bbox 2017 3933 3599 4011">
    <p class='ocr_par' dir='ltr' id='par_1_79' title="bbox 2017 3933 3599 4011">
     <span class='ocr_line' id='line_1_79' title="bbox 2017 3933 3599 4011; baseline -0.012 -8"><span class='ocrx_word' id='word_1_589' title='bbox 2017 3938 2183 4009; x_wconf 72' lang='grc' dir='ltr'>μένην</span> <span class='ocrx_word' id='word_1_590' title='bbox 2217 3938 2476 4011; x_wconf 80' lang='grc' dir='ltr'>πρότερον</span> <span class='ocrx_word' id='word_1_591' title='bbox 2508 3938 2602 3992; x_wconf 83' lang='grc' dir='ltr'>τοῦ</span> <span class='ocrx_word' id='word_1_592' title='bbox 2636 3938 2862 4010; x_wconf 82' lang='grc' dir='ltr'>Κυρίου,</span> <span class='ocrx_word' id='word_1_593' title='bbox 2897 3937 2985 3990; x_wconf 84' lang='grc' dir='ltr'>ὅτε</span> <span class='ocrx_word' id='word_1_594' title='bbox 3008 3935 3191 3989; x_wconf 76' lang='grc' dir='ltr'>ἔκλαιε</span> <span class='ocrx_word' id='word_1_595' title='bbox 3224 3935 3321 3989; x_wconf 73' lang='grc' dir='ltr'><strong>καὶ</strong></span> <span class='ocrx_word' id='word_1_596' title='bbox 3342 3933 3599 4002; x_wconf 77' lang='grc' dir='ltr'>ἠπίστει·</span> 
     </span>
    </p>
   </div>
   <div class='ocr_carea' id='block_1_80' title="bbox 2012 4024 3602 4102">
    <p class='ocr_par' dir='ltr' id='par_1_80' title="bbox 2012 4024 3602 4102">
     <span class='ocr_line' id='line_1_80' title="bbox 2012 4024 3602 4102; baseline -0.003 -20"><span class='ocrx_word' id='word_1_597' title='bbox 2012 4029 2109 4082; x_wconf 73' lang='grc' dir='ltr'><strong>καὶ</strong></span> <span class='ocrx_word' id='word_1_598' title='bbox 2157 4029 2471 4102; x_wconf 81' lang='grc' dir='ltr'>ἁπτομένην</span> <span class='ocrx_word' id='word_1_599' title='bbox 2518 4029 2706 4095; x_wconf 80' lang='grc' dir='ltr'>αὐτοῦ,</span> <span class='ocrx_word' id='word_1_600' title='bbox 2736 4031 2824 4083; x_wconf 84' lang='grc' dir='ltr'><strong>ὅτε</strong></span> <span class='ocrx_word' id='word_1_601' title='bbox 2871 4029 3084 4101; x_wconf 86' lang='grc' dir='ltr'>χαίρειν</span> <span class='ocrx_word' id='word_1_602' title='bbox 3135 4027 3272 4098; x_wconf 86' lang='grc' dir='ltr'><strong>μετά</strong></span> <span class='ocrx_word' id='word_1_603' title='bbox 3309 4026 3411 4094; x_wconf 83' lang='grc' dir='ltr'>τῆς</span> <span class='ocrx_word' id='word_1_604' title='bbox 3436 4024 3602 4095; x_wconf 74' lang='grc' dir='ltr'>ἄλλης</span> 
     </span>
    </p>
   </div>
   <div class='ocr_carea' id='block_1_81' title="bbox 2012 4116 3602 4193">
    <p class='ocr_par' dir='ltr' id='par_1_81' title="bbox 2012 4116 3602 4193">
     <span class='ocr_line' id='line_1_81' title="bbox 2012 4116 3602 4193; baseline -0.004 -18"><span class='ocrx_word' id='word_1_605' title='bbox 2012 4121 2233 4193; x_wconf 81' lang='grc' dir='ltr'>Μαρίας</span> <span class='ocrx_word' id='word_1_606' title='bbox 2284 4122 2377 4173; x_wconf 86' lang='grc' dir='ltr'>ὑπ’</span> <span class='ocrx_word' id='word_1_607' title='bbox 2404 4121 2572 4185; x_wconf 64' lang='grc' dir='ltr'>αὑτοῦ</span> <span class='ocrx_word' id='word_1_608' title='bbox 2625 4121 2940 4175; x_wconf 82' lang='grc' dir='ltr'>κελεύεται’</span> <span class='ocrx_word' id='word_1_609' title='bbox 2989 4120 3177 4190; x_wconf 82' lang='grc' dir='ltr'>ἐπειδὴ</span> <span class='ocrx_word' id='word_1_610' title='bbox 3210 4118 3321 4190; x_wconf 78' lang='grc' dir='ltr'>γὰρ</span> <span class='ocrx_word' id='word_1_611' title='bbox 3361 4117 3440 4180; x_wconf 86' lang='grc' dir='ltr'><strong>ὡς</strong></span> <span class='ocrx_word' id='word_1_612' title='bbox 3471 4116 3602 4169; x_wconf 81' lang='grc' dir='ltr'>Θεὸν</span> 
     </span>
    </p>
   </div>
   <div class='ocr_carea' id='block_1_82' title="bbox 2013 4207 3598 4288">
    <p class='ocr_par' dir='ltr' id='par_1_82' title="bbox 2013 4207 3598 4288">
     <span class='ocr_line' id='line_1_82' title="bbox 2013 4207 3598 4288; baseline -0.004 -22"><span class='ocrx_word' id='word_1_613' title='bbox 2013 4214 2174 4266; x_wconf 76' lang='grc' dir='ltr'>αὑτὸν</span> <span class='ocrx_word' id='word_1_614' title='bbox 2210 4214 2616 4288; x_wconf 84' lang='grc' dir='ltr'>προσεκύνησεν</span> <span class='ocrx_word' id='word_1_615' title='bbox 2650 4212 2897 4285; x_wconf 76' lang='grc' dir='ltr'>ἔσχατον,</span> <span class='ocrx_word' id='word_1_616' title='bbox 2931 4212 3026 4266; x_wconf 71' lang='grc' dir='ltr'>καὶ</span> <span class='ocrx_word' id='word_1_617' title='bbox 3046 4212 3145 4282; x_wconf 86' lang='grc' dir='ltr'>οὐχ</span> <span class='ocrx_word' id='word_1_618' title='bbox 3193 4210 3269 4272; x_wconf 83' lang='grc' dir='ltr'>ὡς</span> <span class='ocrx_word' id='word_1_619' title='bbox 3292 4207 3598 4277; x_wconf 75' lang='grc' dir='ltr'>ἄνθρωπον,</span> 
     </span>
    </p>
   </div>
   <div class='ocr_carea' id='block_1_83' title="bbox 2013 4305 3102 4378">
    <p class='ocr_par' dir='ltr' id='par_1_83' title="bbox 2013 4305 3102 4378">
     <span class='ocr_line' id='line_1_83' title="bbox 2013 4305 3102 4378; baseline -0.001 -21"><span class='ocrx_word' id='word_1_620' title='bbox 2013 4305 2088 4369; x_wconf 87' lang='grc' dir='ltr'>ὡς</span> <span class='ocrx_word' id='word_1_621' title='bbox 2116 4306 2377 4378; x_wconf 83' lang='grc' dir='ltr'>πρότερον</span> <span class='ocrx_word' id='word_1_622' title='bbox 2408 4307 2499 4360; x_wconf 83' lang='grc' dir='ltr'><strong>ὅτε</strong></span> <span class='ocrx_word' id='word_1_623' title='bbox 2526 4305 2707 4359; x_wconf 76' lang='grc' dir='ltr'>ἔκλαιε</span> <span class='ocrx_word' id='word_1_624' title='bbox 2735 4306 2827 4359; x_wconf 83' lang='grc' dir='ltr'><strong>καὶ</strong></span> <span class='ocrx_word' id='word_1_625' title='bbox 2862 4305 3102 4375; x_wconf 81' lang='grc' dir='ltr'>ἠπίστει.</span> 
     </span>
    </p>
   </div>
   <div class='ocr_carea' id='block_1_84' title="bbox 1586 4421 2379 4479">
    <p class='ocr_par' dir='ltr' id='par_1_84' title="bbox 1586 4421 2379 4479">
     <span class='ocr_line' id='line_1_84' title="bbox 1586 4421 2379 4479; baseline 0.001 -2"><span class='ocrx_word' id='word_1_626' title='bbox 1586 4421 1721 4479; x_wconf 76' lang='lat' dir='ltr'><strong>Vill.</strong></span> <span class='ocrx_word' id='word_1_627' title='bbox 1748 4421 1832 4478; x_wconf 75' lang='lat' dir='ltr'><strong>Ex</strong></span> <span class='ocrx_word' id='word_1_628' title='bbox 1858 4422 2041 4479; x_wconf 84' lang='lat' dir='ltr'><strong>eodem</strong></span> <span class='ocrx_word' id='word_1_629' title='bbox 2065 4423 2379 4478; x_wconf 82' lang='lat' dir='ltr'><strong>Anastasio.</strong></span> 
     </span>
    </p>
   </div>
   <div class='ocr_carea' id='block_1_85' title="bbox 398 4536 1904 4612">
    <p class='ocr_par' dir='ltr' id='par_1_85' title="bbox 398 4536 1904 4612">
     <span class='ocr_line' id='line_1_85' title="bbox 398 4536 1904 4612; baseline 0.001 -20"><span class='ocrx_word' id='word_1_630' title='bbox 398 4537 454 4592; x_wconf 91' lang='lat'><strong>8.</strong></span> <span class='ocrx_word' id='word_1_631' title='bbox 483 4536 700 4593; x_wconf 85' lang='lat' dir='ltr'><strong>Eusebii</strong></span> <span class='ocrx_word' id='word_1_632' title='bbox 730 4555 796 4593; x_wconf 77' lang='lat' dir='ltr'><strong>ea:</strong></span> <span class='ocrx_word' id='word_1_633' title='bbox 836 4554 987 4606; x_wconf 86' lang='lat' dir='ltr'><strong>opere</strong></span> <span class='ocrx_word' id='word_1_634' title='bbox 1017 4540 1085 4594; x_wconf 90' lang='lat' dir='ltr'><strong>ad</strong></span> <span class='ocrx_word' id='word_1_635' title='bbox 1118 4539 1413 4595; x_wconf 83' lang='lat' dir='ltr'><strong>Marinum.</strong></span> <span class='ocrx_word' id='word_1_636' title='bbox 1458 4540 1578 4597; x_wconf 89' lang='lat' dir='ltr'><strong>Jam</strong></span> <span class='ocrx_word' id='word_1_637' title='bbox 1610 4541 1755 4612; x_wconf 88' lang='lat' dir='ltr'><strong>quod</strong></span> <span class='ocrx_word' id='word_1_638' title='bbox 1783 4557 1904 4595; x_wconf 89' lang='lat' dir='ltr'><strong>am-</strong></span> 
     </span>
    </p>
   </div>
   <div class='ocr_carea' id='block_1_86' title="bbox 326 4626 1907 4703">
    <p class='ocr_par' dir='ltr' id='par_1_86' title="bbox 326 4626 1907 4703">
     <span class='ocr_line' id='line_1_86' title="bbox 326 4626 1907 4703; baseline 0.003 -21"><span class='ocrx_word' id='word_1_639' title='bbox 326 4626 550 4698; x_wconf 77' lang='lat' dir='ltr'><strong>bigitur,</strong></span> <span class='ocrx_word' id='word_1_640' title='bbox 580 4629 1162 4699; x_wconf 71' lang='lat' dir='ltr'><strong>quomodoMatthzeus</strong></span> <span class='ocrx_word' id='word_1_641' title='bbox 1189 4631 1369 4686; x_wconf 87' lang='lat' dir='ltr'><strong>visum</strong></span> <span class='ocrx_word' id='word_1_642' title='bbox 1407 4641 1593 4687; x_wconf 89' lang='lat' dir='ltr'><strong>narret</strong></span> <span class='ocrx_word' id='word_1_643' title='bbox 1618 4632 1907 4703; x_wconf 86' lang='lat' dir='ltr'><strong>discipulis</strong></span> 
     </span>
    </p>
   </div>
   <div class='ocr_carea' id='block_1_87' title="bbox 2086 4532 3599 4613">
    <p class='ocr_par' dir='ltr' id='par_1_87' title="bbox 2086 4532 3599 4613">
     <span class='ocr_line' id='line_1_87' title="bbox 2086 4532 3599 4613; baseline -0.005 -16"><span class='ocrx_word' id='word_1_644' title='bbox 2086 4539 2158 4613; x_wconf 83' lang='grc' dir='ltr'><strong>η’.</strong></span> <span class='ocrx_word' id='word_1_645' title='bbox 2201 4541 2499 4596; x_wconf 74' lang='grc' dir='ltr'>Εὐσεϐίου</span> <span class='ocrx_word' id='word_1_646' title='bbox 2521 4540 2589 4608; x_wconf 74' lang='grc' dir='ltr'><strong>ἐκ</strong></span> <span class='ocrx_word' id='word_1_647' title='bbox 2617 4538 2735 4593; x_wconf 80' lang='grc' dir='ltr'><strong>τῶν</strong></span> <span class='ocrx_word' id='word_1_648' title='bbox 2759 4538 2909 4608; x_wconf 79' lang='grc' dir='ltr'>πρὸς</span> <span class='ocrx_word' id='word_1_649' title='bbox 2929 4537 3224 4613; x_wconf 56' lang='lat' dir='ltr'><strong>Magia-or.</strong></span> <span class='ocrx_word' id='word_1_650' title='bbox 3267 4535 3408 4607; x_wconf 76' lang='grc' dir='ltr'>Περὶ</span> <span class='ocrx_word' id='word_1_651' title='bbox 3432 4533 3490 4587; x_wconf 84' lang='grc' dir='ltr'>δὲ</span> <span class='ocrx_word' id='word_1_652' title='bbox 3509 4532 3599 4589; x_wconf 70' lang='grc' dir='ltr'>τεῦ</span> 
     </span>
    </p>
   </div>
   <div class='ocr_carea' id='block_1_88' title="bbox 2017 4627 3599 4705">
    <p class='ocr_par' dir='ltr' id='par_1_88' title="bbox 2017 4627 3599 4705">
     <span class='ocr_line' id='line_1_88' title="bbox 2017 4627 3599 4705; baseline -0.004 -17"><span class='ocrx_word' id='word_1_653' title='bbox 2017 4635 2316 4705; x_wconf 81' lang='grc' dir='ltr'>ἐπαπορεῖν</span> <span class='ocrx_word' id='word_1_654' title='bbox 2346 4632 2527 4698; x_wconf 85' lang='grc' dir='ltr'>πάλιν,</span> <span class='ocrx_word' id='word_1_655' title='bbox 2547 4631 2665 4696; x_wconf 85' lang='grc' dir='ltr'>πῶς</span> <span class='ocrx_word' id='word_1_656' title='bbox 2687 4631 2835 4704; x_wconf 86' lang='grc' dir='ltr'><strong>παρά</strong></span> <span class='ocrx_word' id='word_1_657' title='bbox 2865 4628 2943 4699; x_wconf 77' lang='grc' dir='ltr'><strong>τῷ</strong></span> <span class='ocrx_word' id='word_1_658' title='bbox 2966 4628 3231 4698; x_wconf 83' lang='grc' dir='ltr'>Ματθαίῳ</span> <span class='ocrx_word' id='word_1_659' title='bbox 3257 4628 3337 4691; x_wconf 87' lang='grc' dir='ltr'><strong>είς</strong></span> <span class='ocrx_word' id='word_1_660' title='bbox 3369 4627 3473 4699; x_wconf 83' lang='grc' dir='ltr'>τὴν</span> <span class='ocrx_word' id='word_1_661' title='bbox 3498 4627 3599 4681; x_wconf 86' lang='grc' dir='ltr'><strong>Γα-</strong></span> 
     </span>
    </p>
   </div>
   <div class='ocr_carea' id='block_1_89' title="bbox 326 4716 1903 4812">
    <p class='ocr_par' dir='ltr' id='par_1_89' title="bbox 326 4716 1903 4790">
     <span class='ocr_line' id='line_1_89' title="bbox 326 4716 1903 4790; baseline 0.004 -19"><span class='ocrx_word' id='word_1_662' title='bbox 326 4716 616 4773; x_wconf 91' lang='lat' dir='ltr'><strong>Dominum</strong></span> <span class='ocrx_word' id='word_1_663' title='bbox 651 4721 706 4773; x_wconf 93' lang='lat' dir='ltr'><strong>in</strong></span> <span class='ocrx_word' id='word_1_664' title='bbox 742 4720 976 4777; x_wconf 65' lang='lat' dir='ltr'><strong>Galilaaze</strong></span> <span class='ocrx_word' id='word_1_665' title='bbox 1005 4735 1224 4790; x_wconf 88' lang='lat' dir='ltr'><strong>monte,</strong></span> <span class='ocrx_word' id='word_1_666' title='bbox 1247 4723 1488 4780; x_wconf 82' lang='lat' dir='ltr'><strong>Joannes</strong></span> <span class='ocrx_word' id='word_1_667' title='bbox 1526 4732 1708 4779; x_wconf 89' lang='lat' dir='ltr'><strong>autem</strong></span> <span class='ocrx_word' id='word_1_668' title='bbox 1759 4724 1903 4778; x_wconf 85' lang='lat' dir='ltr'><strong>circa</strong></span> 
     </span>
    </p>
   </div>
   <div class='ocr_carea' id='block_1_90' title="bbox 2021 4716 3596 4812">
    <p class='ocr_par' dir='ltr' id='par_1_90' title="bbox 2021 4717 3596 4812">
     <span class='ocr_line' id='line_1_90' title="bbox 2021 4717 3596 4812; baseline -0.006 -34"><span class='ocrx_word' id='word_1_669' title='bbox 2021 4724 2230 4779; x_wconf 87' lang='grc' dir='ltr'>λιλαίαν</span> <span class='ocrx_word' id='word_1_670' title='bbox 2258 4718 2437 4795; x_wconf 80' lang='grc' dir='ltr'>ὦφθαι</span> <span class='ocrx_word' id='word_1_671' title='bbox 2470 4724 2559 4778; x_wconf 78' lang='grc' dir='ltr'>τὸν</span> <span class='ocrx_word' id='word_1_672' title='bbox 2589 4724 2794 4796; x_wconf 88' lang='grc' dir='ltr'>Κύριον</span> <span class='ocrx_word' id='word_1_673' title='bbox 2824 4724 2937 4785; x_wconf 87' lang='grc' dir='ltr'>τοῖς</span> <span class='ocrx_word' id='word_1_674' title='bbox 2970 4721 3237 4792; x_wconf 64' lang='grc' dir='ltr'>μαθηταὶζ</span> <span class='ocrx_word' id='word_1_675' title='bbox 3262 4721 3321 4771; x_wconf 78' lang='grc' dir='ltr'><strong>ἐν</strong></span> <span class='ocrx_word' id='word_1_676' title='bbox 3349 4717 3432 4788; x_wconf 83' lang='grc' dir='ltr'><strong>τῷ</strong></span> <span class='ocrx_word' id='word_1_677' title='bbox 3465 4718 3596 4812; x_wconf 75' lang='grc' dir='ltr'>ὄρει,</span> 
     </span>
    </p>
   </div>
   <div class='ocr_carea' id='block_1_91' title="bbox 326 4811 1911 4886">
    <p class='ocr_par' dir='ltr' id='par_1_91' title="bbox 326 4811 1911 4886">
     <span class='ocr_line' id='line_1_91' title="bbox 326 4811 1911 4886; baseline 0.003 -20"><span class='ocrx_word' id='word_1_678' title='bbox 326 4827 477 4867; x_wconf 92' lang='lat' dir='ltr'><strong>mare</strong></span> <span class='ocrx_word' id='word_1_679' title='bbox 502 4811 808 4869; x_wconf 87' lang='lat' dir='ltr'><strong>Tiberiadis</strong></span> <span class='ocrx_word' id='word_1_680' title='bbox 829 4857 843 4882; x_wconf 90' lang='lat'><strong>,</strong></span> <span class='ocrx_word' id='word_1_681' title='bbox 879 4816 973 4871; x_wconf 85' lang='lat' dir='ltr'><strong>aio</strong></span> <span class='ocrx_word' id='word_1_682' title='bbox 997 4816 1251 4886; x_wconf 88' lang='lat' dir='ltr'><strong>equidem</strong></span> <span class='ocrx_word' id='word_1_683' title='bbox 1278 4857 1294 4882; x_wconf 92' lang='lat'><strong>,</strong></span> <span class='ocrx_word' id='word_1_684' title='bbox 1328 4817 1473 4871; x_wconf 88' lang='lat' dir='ltr'><strong>haud</strong></span> <span class='ocrx_word' id='word_1_685' title='bbox 1509 4817 1676 4872; x_wconf 88' lang='lat' dir='ltr'><strong>semel</strong></span> <span class='ocrx_word' id='word_1_686' title='bbox 1709 4823 1762 4871; x_wconf 89' lang='lat' dir='ltr'><strong>et</strong></span> <span class='ocrx_word' id='word_1_687' title='bbox 1812 4817 1911 4871; x_wconf 58' lang='lat' dir='ltr'><strong>ite-</strong></span> 
     </span>
    </p>
   </div>
   <div class='ocr_carea' id='block_1_92' title="bbox 326 4905 1912 4979">
    <p class='ocr_par' dir='ltr' id='par_1_92' title="bbox 326 4905 1912 4979">
     <span class='ocr_line' id='line_1_92' title="bbox 326 4905 1912 4979; baseline 0.005 -22"><span class='ocrx_word' id='word_1_688' title='bbox 326 4919 471 4968; x_wconf 91' lang='lat' dir='ltr'><strong>rum,</strong></span> <span class='ocrx_word' id='word_1_689' title='bbox 506 4905 601 4960; x_wconf 90' lang='lat' dir='ltr'><strong>sed</strong></span> <span class='ocrx_word' id='word_1_690' title='bbox 635 4907 913 4961; x_wconf 90' lang='lat' dir='ltr'><strong>multoties</strong></span> <span class='ocrx_word' id='word_1_691' title='bbox 940 4905 1128 4962; x_wconf 89' lang='lat' dir='ltr'><strong>Jesum</strong></span> <span class='ocrx_word' id='word_1_692' title='bbox 1170 4924 1293 4964; x_wconf 89' lang='lat' dir='ltr'><strong>esse</strong></span> <span class='ocrx_word' id='word_1_693' title='bbox 1321 4918 1698 4979; x_wconf 87' lang='lat' dir='ltr'><strong>conspectum.</strong></span> <span class='ocrx_word' id='word_1_694' title='bbox 1729 4906 1912 4973; x_wconf 82' lang='lat' dir='ltr'><strong>Quare</strong></span> 
     </span>
    </p>
   </div>
   <div class='ocr_carea' id='block_1_93' title="bbox 327 4996 1909 5069">
    <p class='ocr_par' dir='ltr' id='par_1_93' title="bbox 327 4996 1909 5069">
     <span class='ocr_line' id='line_1_93' title="bbox 327 4996 1909 5069; baseline 0.002 -21"><span class='ocrx_word' id='word_1_695' title='bbox 327 4996 553 5052; x_wconf 89' lang='lat' dir='ltr'><strong>minime</strong></span> <span class='ocrx_word' id='word_1_696' title='bbox 601 4997 814 5052; x_wconf 87' lang='lat' dir='ltr'><strong>errabis</strong></span> <span class='ocrx_word' id='word_1_697' title='bbox 868 5000 914 5051; x_wconf 89' lang='lat' dir='ltr'><strong>si</strong></span> <span class='ocrx_word' id='word_1_698' title='bbox 963 5009 1219 5069; x_wconf 86' lang='lat' dir='ltr'><strong>quartam</strong></span> <span class='ocrx_word' id='word_1_699' title='bbox 1274 5001 1543 5056; x_wconf 85' lang='lat' dir='ltr'><strong>visionem</strong></span> <span class='ocrx_word' id='word_1_700' title='bbox 1590 5014 1714 5055; x_wconf 87' lang='lat' dir='ltr'><strong>esse</strong></span> <span class='ocrx_word' id='word_1_701' title='bbox 1760 4999 1909 5052; x_wconf 90' lang='lat' dir='ltr'><strong>illam</strong></span> 
     </span>
    </p>
   </div>
   <div class='ocr_carea' id='block_1_94' title="bbox 323 5089 1912 5162">
    <p class='ocr_par' dir='ltr' id='par_1_94' title="bbox 323 5089 1912 5162">
     <span class='ocr_line' id='line_1_94' title="bbox 323 5089 1912 5162; baseline 0.003 -22"><span class='ocrx_word' id='word_1_702' title='bbox 323 5089 629 5156; x_wconf 83' lang='lat' dir='ltr'><strong>putaveris,</strong></span> <span class='ocrx_word' id='word_1_703' title='bbox 680 5104 809 5159; x_wconf 62' lang='lat' dir='ltr'><strong>quae</strong></span> <span class='ocrx_word' id='word_1_704' title='bbox 843 5090 987 5160; x_wconf 88' lang='lat' dir='ltr'><strong>apud</strong></span> <span class='ocrx_word' id='word_1_705' title='bbox 1032 5091 1346 5146; x_wconf 71' lang='lat' dir='ltr'><strong>Matthaaum</strong></span> <span class='ocrx_word' id='word_1_706' title='bbox 1378 5092 1454 5146; x_wconf 85' lang='lat' dir='ltr'><strong>tit.</strong></span> <span class='ocrx_word' id='word_1_707' title='bbox 1509 5090 1663 5145; x_wconf 83' lang='lat' dir='ltr'><strong>Hanc</strong></span> <span class='ocrx_word' id='word_1_708' title='bbox 1709 5091 1912 5162; x_wconf 86' lang='lat' dir='ltr'><strong>quippe</strong></span> 
     </span>
    </p>
   </div>
   <div class='ocr_carea' id='block_1_95' title="bbox 324 5181 1911 5255">
    <p class='ocr_par' dir='ltr' id='par_1_95' title="bbox 324 5181 1911 5255">
     <span class='ocr_line' id='line_1_95' title="bbox 324 5181 1911 5255; baseline 0.002 -21"><span class='ocrx_word' id='word_1_709' title='bbox 324 5181 468 5236; x_wconf 88' lang='lat' dir='ltr'><strong>baud</strong></span> <span class='ocrx_word' id='word_1_710' title='bbox 489 5183 635 5237; x_wconf 89' lang='lat' dir='ltr'><strong>circa</strong></span> <span class='ocrx_word' id='word_1_711' title='bbox 667 5198 817 5239; x_wconf 89' lang='lat' dir='ltr'><strong>mare</strong></span> <span class='ocrx_word' id='word_1_712' title='bbox 857 5183 1093 5238; x_wconf 66' lang='lat' dir='ltr'><strong>Galilaeae</strong></span> <span class='ocrx_word' id='word_1_713' title='bbox 1139 5186 1514 5255; x_wconf 84' lang='lat' dir='ltr'><strong>speetantibus</strong></span> <span class='ocrx_word' id='word_1_714' title='bbox 1544 5200 1691 5248; x_wconf 92' lang='lat' dir='ltr'><strong>eum,</strong></span> <span class='ocrx_word' id='word_1_715' title='bbox 1713 5183 1810 5239; x_wconf 90' lang='lat' dir='ltr'><strong>sed</strong></span> <span class='ocrx_word' id='word_1_716' title='bbox 1853 5183 1911 5238; x_wconf 93' lang='lat' dir='ltr'><strong>in</strong></span> 
     </span>
    </p>
   </div>
   <div class='ocr_carea' id='block_1_96' title="bbox 327 5272 1912 5346">
    <p class='ocr_par' dir='ltr' id='par_1_96' title="bbox 327 5272 1912 5346">
     <span class='ocr_line' id='line_1_96' title="bbox 327 5272 1912 5346; baseline 0.003 -22"><span class='ocrx_word' id='word_1_717' title='bbox 327 5280 513 5327; x_wconf 87' lang='lat' dir='ltr'><strong>monte</strong></span> <span class='ocrx_word' id='word_1_718' title='bbox 553 5272 844 5345; x_wconf 90' lang='lat' dir='ltr'><strong>discipulis</strong></span> <span class='ocrx_word' id='word_1_719' title='bbox 891 5275 1145 5331; x_wconf 89' lang='lat' dir='ltr'><strong>undecim</strong></span> <span class='ocrx_word' id='word_1_720' title='bbox 1199 5276 1501 5346; x_wconf 76' lang='lat' dir='ltr'><strong>contigisse</strong></span> <span class='ocrx_word' id='word_1_721' title='bbox 1546 5276 1740 5331; x_wconf 89' lang='lat' dir='ltr'><strong>scribit</strong></span> <span class='ocrx_word' id='word_1_722' title='bbox 1773 5274 1912 5329; x_wconf 84' lang='lat' dir='ltr'><strong>Mat-</strong></span> 
     </span>
    </p>
   </div>
   <div class='ocr_carea' id='block_1_97' title="bbox 325 5364 1907 5438">
    <p class='ocr_par' dir='ltr' id='par_1_97' title="bbox 325 5364 1907 5438">
     <span class='ocr_line' id='line_1_97' title="bbox 325 5364 1907 5438; baseline 0.004 -23"><span class='ocrx_word' id='word_1_723' title='bbox 325 5364 503 5420; x_wconf 70' lang='lat' dir='ltr'><strong>thaaus</strong></span> <span class='ocrx_word' id='word_1_724' title='bbox 537 5383 550 5418; x_wconf 89' lang='lat'>:</span> <span class='ocrx_word' id='word_1_725' title='bbox 581 5383 601 5417; x_wconf 78' lang='grc' dir='ltr'><strong>ι</strong></span> <span class='ocrx_word' id='word_1_726' title='bbox 641 5365 907 5423; x_wconf 88' lang='lat' dir='ltr'><strong>Undecim</strong></span> <span class='ocrx_word' id='word_1_727' title='bbox 948 5376 1131 5423; x_wconf 87' lang='lat' dir='ltr'><strong>autem</strong></span> <span class='ocrx_word' id='word_1_728' title='bbox 1169 5368 1426 5438; x_wconf 90' lang='lat' dir='ltr'><strong>discipuli</strong></span> <span class='ocrx_word' id='word_1_729' title='bbox 1463 5375 1824 5438; x_wconf 76' lang='lat' dir='ltr'><strong>perrexerunt</strong></span> <span class='ocrx_word' id='word_1_730' title='bbox 1852 5368 1907 5422; x_wconf 91' lang='lat' dir='ltr'><strong>in</strong></span> 
     </span>
    </p>
   </div>
   <div class='ocr_carea' id='block_1_98' title="bbox 326 5459 1909 5533">
    <p class='ocr_par' dir='ltr' id='par_1_98' title="bbox 326 5459 1909 5533">
     <span class='ocr_line' id='line_1_98' title="bbox 326 5459 1909 5533; baseline 0.004 -25"><span class='ocrx_word' id='word_1_731' title='bbox 326 5463 590 5521; x_wconf 88' lang='lat' dir='ltr'><strong>montem,</strong></span> <span class='ocrx_word' id='word_1_732' title='bbox 634 5469 795 5532; x_wconf 84' lang='lat' dir='ltr'><strong>prout</strong></span> <span class='ocrx_word' id='word_1_733' title='bbox 840 5461 1168 5515; x_wconf 81' lang='lat' dir='ltr'><strong>condixerat</strong></span> <span class='ocrx_word' id='word_1_734' title='bbox 1224 5462 1335 5516; x_wconf 89' lang='lat' dir='ltr'><strong>illis</strong></span> <span class='ocrx_word' id='word_1_735' title='bbox 1364 5459 1556 5527; x_wconf 89' lang='lat' dir='ltr'><strong>Jesus,</strong></span> <span class='ocrx_word' id='word_1_736' title='bbox 1613 5477 1774 5533; x_wconf 91' lang='lat' dir='ltr'><strong>quem</strong></span> <span class='ocrx_word' id='word_1_737' title='bbox 1833 5461 1909 5516; x_wconf 89' lang='lat' dir='ltr'><strong>ibi</strong></span> 
     </span>
    </p>
   </div>
   <div class='ocr_carea' id='block_1_99' title="bbox 327 5552 1908 5619">
    <p class='ocr_par' dir='ltr' id='par_1_99' title="bbox 327 5552 1908 5619">
     <span class='ocr_line' id='line_1_99' title="bbox 327 5552 1908 5619; baseline 0.006 -18"><span class='ocrx_word' id='word_1_738' title='bbox 327 5556 683 5619; x_wconf 88' lang='lat' dir='ltr'><strong>conspectum</strong></span> <span class='ocrx_word' id='word_1_739' title='bbox 715 5552 1105 5609; x_wconf 86' lang='lat' dir='ltr'><strong>adoraverunt.</strong></span> <span class='ocrx_word' id='word_1_740' title='bbox 1144 5573 1163 5607; x_wconf 74' lang='grc' dir='ltr'><strong>ι</strong></span> <span class='ocrx_word' id='word_1_741' title='bbox 1199 5553 1332 5610; x_wconf 86' lang='lat' dir='ltr'><strong>Post</strong></span> <span class='ocrx_word' id='word_1_742' title='bbox 1383 5555 1500 5609; x_wconf 66' lang='lat' dir='ltr'><strong>haec</strong></span> <span class='ocrx_word' id='word_1_743' title='bbox 1550 5555 1671 5611; x_wconf 89' lang='lat' dir='ltr'><strong>sine</strong></span> <span class='ocrx_word' id='word_1_744' title='bbox 1718 5570 1908 5611; x_wconf 86' lang='lat' dir='ltr'><strong>errore</strong></span> 
     </span>
    </p>
   </div>
   <div class='ocr_carea' id='block_1_100' title="bbox 380 5699 1903 5779">
    <p class='ocr_par' dir='ltr' id='par_1_100' title="bbox 380 5699 1903 5779">
     <span class='ocr_line' id='line_1_100' title="bbox 380 5699 1903 5779; baseline -0.001 -11"><span class='ocrx_word' id='word_1_745' title='bbox 380 5699 511 5779; x_wconf 64' lang='grc' dir='ltr'><strong>ι(85)</strong></span> <span class='ocrx_word' id='word_1_746' title='bbox 553 5702 702 5779; x_wconf 62' lang='lat' dir='ltr'><strong>Hauc</strong></span> <span class='ocrx_word' id='word_1_747' title='bbox 760 5723 979 5779; x_wconf 78' lang='lat' dir='ltr'><strong>quoque</strong></span> <span class='ocrx_word' id='word_1_748' title='bbox 1032 5710 1489 5779; x_wconf 63' lang='lat' dir='ltr'><strong>quaestiunculam</strong></span> <span class='ocrx_word' id='word_1_749' title='bbox 1538 5726 1662 5766; x_wconf 88' lang='lat' dir='ltr'><strong>cum</strong></span> <span class='ocrx_word' id='word_1_750' title='bbox 1711 5712 1903 5769; x_wconf 86' lang='lat' dir='ltr'><strong>codice</strong></span> 
     </span>
    </p>
   </div>
   <div class='ocr_carea' id='block_1_101' title="bbox 330 5774 1706 5846">
    <p class='ocr_par' dir='ltr' id='par_1_101' title="bbox 330 5774 1706 5846">
     <span class='ocr_line' id='line_1_101' title="bbox 330 5774 1706 5846; baseline 0.009 -22"><span class='ocrx_word' id='word_1_751' title='bbox 330 5774 707 5839; x_wconf 64' lang='lat' dir='ltr'><strong>bolumnensi,</strong></span> <span class='ocrx_word' id='word_1_752' title='bbox 738 5774 1198 5846; x_wconf 71' lang='lat' dir='ltr'><strong>nunc&#39;Vatiéano,</strong></span> <span class='ocrx_word' id='word_1_753' title='bbox 1239 5782 1445 5838; x_wconf 85' lang='lat' dir='ltr'><strong>utiliter</strong></span> <span class='ocrx_word' id='word_1_754' title='bbox 1477 5782 1706 5837; x_wconf 88' lang='lat' dir='ltr'><strong>contuli.</strong></span> 
     </span>
    </p>
   </div>
   <div class='ocr_carea' id='block_1_102' title="bbox 2018 4807 3597 4896">
    <p class='ocr_par' dir='ltr' id='par_1_102' title="bbox 2018 4807 3597 4896">
     <span class='ocr_line' id='line_1_102' title="bbox 2018 4807 3597 4896; baseline -0.006 -26"><span class='ocrx_word' id='word_1_755' title='bbox 2018 4817 2169 4889; x_wconf 86' lang='grc' dir='ltr'><strong>παρά</strong></span> <span class='ocrx_word' id='word_1_756' title='bbox 2187 4817 2244 4870; x_wconf 81' lang='grc' dir='ltr'>δὲ</span> <span class='ocrx_word' id='word_1_757' title='bbox 2272 4817 2350 4887; x_wconf 83' lang='grc' dir='ltr'>τῷ</span> <span class='ocrx_word' id='word_1_758' title='bbox 2374 4818 2595 4889; x_wconf 78' lang='grc' dir='ltr'>Ἰωάννῃ</span> <span class='ocrx_word' id='word_1_759' title='bbox 2623 4815 2773 4887; x_wconf 75' lang='grc' dir='ltr'>παρὰ</span> <span class='ocrx_word' id='word_1_760' title='bbox 2798 4814 2898 4887; x_wconf 79' lang='grc' dir='ltr'>τὴν</span> <span class='ocrx_word' id='word_1_761' title='bbox 2927 4814 3212 4896; x_wconf 74' lang='grc' dir='ltr'>θάλασσαν</span> <span class='ocrx_word' id='word_1_762' title='bbox 3231 4810 3333 4881; x_wconf 77' lang='grc' dir='ltr'>τῆς</span> <span class='ocrx_word' id='word_1_763' title='bbox 3348 4807 3597 4880; x_wconf 74' lang='grc' dir='ltr'>Τιϐεριά-</span> 
     </span>
    </p>
   </div>
   <div class='ocr_carea' id='block_1_103' title="bbox 2014 4901 3597 4982">
    <p class='ocr_par' dir='ltr' id='par_1_103' title="bbox 2014 4901 3597 4982">
     <span class='ocr_line' id='line_1_103' title="bbox 2014 4901 3597 4982; baseline -0.005 -19"><span class='ocrx_word' id='word_1_764' title='bbox 2014 4910 2123 4976; x_wconf 82' lang='grc' dir='ltr'>δος,</span> <span class='ocrx_word' id='word_1_765' title='bbox 2152 4907 2276 4982; x_wconf 66' lang='grc' dir='ltr'>ἐροῦ</span> <span class='ocrx_word' id='word_1_766' title='bbox 2285 4927 2383 4980; x_wconf 85' lang='grc' dir='ltr'><strong>μεν</strong></span> <span class='ocrx_word' id='word_1_767' title='bbox 2410 4910 2492 4963; x_wconf 80' lang='grc' dir='ltr'>ὅτι</span> <span class='ocrx_word' id='word_1_768' title='bbox 2519 4910 2580 4962; x_wconf 84' lang='grc' dir='ltr'><strong>οὐ</strong></span> <span class='ocrx_word' id='word_1_769' title='bbox 2608 4908 2766 4979; x_wconf 82' lang='grc' dir='ltr'>μόνον</span> <span class='ocrx_word' id='word_1_770' title='bbox 2799 4906 2944 4974; x_wconf 71' lang='grc' dir='ltr'>ἅπαξ</span> <span class='ocrx_word' id='word_1_771' title='bbox 2969 4906 3062 4961; x_wconf 71' lang='grc' dir='ltr'>καὶ</span> <span class='ocrx_word' id='word_1_772' title='bbox 3080 4905 3182 4969; x_wconf 81' lang='grc' dir='ltr'>δὶς,</span> <span class='ocrx_word' id='word_1_773' title='bbox 3206 4903 3340 4963; x_wconf 72' lang='grc' dir='ltr'>ἀλλὰ</span> <span class='ocrx_word' id='word_1_774' title='bbox 3368 4904 3469 4956; x_wconf 80' lang='grc' dir='ltr'><strong>καὶ</strong></span> <span class='ocrx_word' id='word_1_775' title='bbox 3488 4901 3597 4956; x_wconf 86' lang='grc' dir='ltr'>πολ-</span> 
     </span>
    </p>
   </div>
   <div class='ocr_carea' id='block_1_104' title="bbox 2015 4994 3597 5072">
    <p class='ocr_par' dir='ltr' id='par_1_104' title="bbox 2015 4994 3597 5072">
     <span class='ocr_line' id='line_1_104' title="bbox 2015 4994 3597 5072; baseline -0.006 -17"><span class='ocrx_word' id='word_1_776' title='bbox 2015 5002 2174 5066; x_wconf 78' lang='grc' dir='ltr'>λάκις</span> <span class='ocrx_word' id='word_1_777' title='bbox 2211 4996 2391 5071; x_wconf 80' lang='grc' dir='ltr'>ὦφθαι</span> <span class='ocrx_word' id='word_1_778' title='bbox 2420 5001 2604 5056; x_wconf 77' lang='grc' dir='ltr'>αὐτόν.</span> <span class='ocrx_word' id='word_1_779' title='bbox 2623 5000 2714 5054; x_wconf 81' lang='grc' dir='ltr'>Διὸ</span> <span class='ocrx_word' id='word_1_780' title='bbox 2735 4996 3288 5072; x_wconf 50' lang='grc' dir='ltr'>τετάμηνιόπτασίαν</span> <span class='ocrx_word' id='word_1_781' title='bbox 3307 4995 3409 5066; x_wconf 72' lang='grc' dir='ltr'>οὐχ</span> <span class='ocrx_word' id='word_1_782' title='bbox 3429 4994 3597 5065; x_wconf 81' lang='grc' dir='ltr'>ἀμάρ-</span> 
     </span>
    </p>
   </div>
   <div class='ocr_carea' id='block_1_105' title="bbox 2017 5087 3594 5166">
    <p class='ocr_par' dir='ltr' id='par_1_105' title="bbox 2017 5087 3594 5166">
     <span class='ocr_line' id='line_1_105' title="bbox 2017 5087 3594 5166; baseline -0.006 -17"><span class='ocrx_word' id='word_1_783' title='bbox 2017 5112 2130 5160; x_wconf 85' lang='grc' dir='ltr'>τοις</span> <span class='ocrx_word' id='word_1_784' title='bbox 2166 5096 2264 5166; x_wconf 78' lang='grc' dir='ltr'><strong>τὴν</strong></span> <span class='ocrx_word' id='word_1_785' title='bbox 2299 5095 2450 5166; x_wconf 86' lang='grc' dir='ltr'><strong>παρά</strong></span> <span class='ocrx_word' id='word_1_786' title='bbox 2487 5093 2564 5165; x_wconf 82' lang='grc' dir='ltr'><strong>τῷ</strong></span> <span class='ocrx_word' id='word_1_787' title='bbox 2580 5092 2845 5165; x_wconf 83' lang='grc' dir='ltr'>Ματθαίῳ</span> <span class='ocrx_word' id='word_1_788' title='bbox 2876 5095 3055 5164; x_wconf 84' lang='grc' dir='ltr'>φήσας</span> <span class='ocrx_word' id='word_1_789' title='bbox 3087 5087 3246 5152; x_wconf 70' lang='grc' dir='ltr'>εἶναι,</span> <span class='ocrx_word' id='word_1_790' title='bbox 3267 5090 3334 5160; x_wconf 80' lang='grc' dir='ltr'><strong>ἣν</strong></span> <span class='ocrx_word' id='word_1_791' title='bbox 3364 5088 3429 5141; x_wconf 73' lang='grc' dir='ltr'><strong>οὐ</strong></span> <span class='ocrx_word' id='word_1_792' title='bbox 3459 5089 3594 5159; x_wconf 76' lang='grc' dir='ltr'>παρὰ</span> 
     </span>
    </p>
   </div>
   <div class='ocr_carea' id='block_1_106' title="bbox 2017 5178 3591 5257">
    <p class='ocr_par' dir='ltr' id='par_1_106' title="bbox 2017 5178 3591 5257">
     <span class='ocr_line' id='line_1_106' title="bbox 2017 5178 3591 5257; baseline -0.006 -18"><span class='ocrx_word' id='word_1_793' title='bbox 2017 5186 2116 5257; x_wconf 78' lang='grc' dir='ltr'><strong>τὴν</strong></span> <span class='ocrx_word' id='word_1_794' title='bbox 2151 5185 2426 5239; x_wconf 81' lang='grc' dir='ltr'>θάλασσαν</span> <span class='ocrx_word' id='word_1_795' title='bbox 2451 5184 2550 5255; x_wconf 82' lang='grc' dir='ltr'><strong>τῆς</strong></span> <span class='ocrx_word' id='word_1_796' title='bbox 2576 5183 2885 5247; x_wconf 86' lang='grc' dir='ltr'>Γαλιλαίας,</span> <span class='ocrx_word' id='word_1_797' title='bbox 2909 5182 3031 5235; x_wconf 74' lang='grc' dir='ltr'>οὐδὲ</span> <span class='ocrx_word' id='word_1_798' title='bbox 3049 5184 3163 5244; x_wconf 85' lang='grc' dir='ltr'>τοῖς</span> <span class='ocrx_word' id='word_1_799' title='bbox 3190 5178 3591 5248; x_wconf 81' lang='grc' dir='ltr'>ὀπτανομένοις.</span> 
     </span>
    </p>
   </div>
   <div class='ocr_carea' id='block_1_107' title="bbox 2018 5256 3594 5347">
    <p class='ocr_par' dir='ltr' id='par_1_107' title="bbox 2018 5256 3594 5347">
     <span class='ocr_line' id='line_1_107' title="bbox 2018 5256 3594 5347; baseline -0.006 -17"><span class='ocrx_word' id='word_1_800' title='bbox 2018 5256 2133 5330; x_wconf 81' lang='grc' dir='ltr'>ἀλλ’</span> <span class='ocrx_word' id='word_1_801' title='bbox 2168 5278 2225 5330; x_wconf 85' lang='grc' dir='ltr'><strong>ἐν</strong></span> <span class='ocrx_word' id='word_1_802' title='bbox 2252 5275 2328 5345; x_wconf 80' lang='grc' dir='ltr'>τῷ</span> <span class='ocrx_word' id='word_1_803' title='bbox 2360 5277 2475 5347; x_wconf 72' lang='grc' dir='ltr'>ὄρει</span> <span class='ocrx_word' id='word_1_804' title='bbox 2508 5277 2620 5339; x_wconf 88' lang='grc' dir='ltr'>τοῖς</span> <span class='ocrx_word' id='word_1_805' title='bbox 2647 5256 2841 5329; x_wconf 77' lang='grc' dir='ltr'>ἕνδεκα</span> <span class='ocrx_word' id='word_1_806' title='bbox 2874 5272 3201 5343; x_wconf 83' lang='grc' dir='ltr'>πεποιῆσθαι</span> <span class='ocrx_word' id='word_1_807' title='bbox 3234 5268 3543 5341; x_wconf 61' lang='grc' dir='ltr'>ἀνέγραψεν</span> <span class='ocrx_word' id='word_1_808' title='bbox 3568 5268 3594 5320; x_wconf 79' lang='grc' dir='ltr'><strong>ὁ</strong></span> 
     </span>
    </p>
   </div>
   <div class='ocr_carea' id='block_1_108' title="bbox 2017 5358 3594 5435">
    <p class='ocr_par' dir='ltr' id='par_1_108' title="bbox 2017 5358 3594 5435">
     <span class='ocr_line' id='line_1_108' title="bbox 2017 5358 3594 5435; baseline -0.005 -14"><span class='ocrx_word' id='word_1_809' title='bbox 2017 5368 2316 5432; x_wconf 83' lang='grc' dir='ltr'>Ματθαῖος,</span> <span class='ocrx_word' id='word_1_810' title='bbox 2350 5366 2518 5421; x_wconf 79' lang='grc' dir='ltr'>εἰπών</span> <span class='ocrx_word' id='word_1_811' title='bbox 2537 5385 2552 5400; x_wconf 78' lang='grc' dir='ltr'><strong><em>ο</em></strong></span> <span class='ocrx_word' id='word_1_812' title='bbox 2586 5387 2605 5419; x_wconf 77' lang='grc' dir='ltr'><strong>ι</strong></span> <span class='ocrx_word' id='word_1_813' title='bbox 2637 5368 2699 5420; x_wconf 84' lang='grc' dir='ltr'><strong>Οἱ</strong></span> <span class='ocrx_word' id='word_1_814' title='bbox 2728 5366 2785 5419; x_wconf 83' lang='grc' dir='ltr'>δὲ</span> <span class='ocrx_word' id='word_1_815' title='bbox 2814 5366 3007 5421; x_wconf 78' lang='grc' dir='ltr'>ἕνδεκα</span> <span class='ocrx_word' id='word_1_816' title='bbox 3031 5363 3270 5435; x_wconf 62' lang='grc' dir='ltr'><strong>μαθηταί¹</strong></span> <span class='ocrx_word' id='word_1_817' title='bbox 3302 5358 3594 5432; x_wconf 80' lang='grc' dir='ltr'>ἐπορεύθη·</span> 
     </span>
    </p>
   </div>
   <div class='ocr_carea' id='block_1_109' title="bbox 2018 5453 3593 5534">
    <p class='ocr_par' dir='ltr' id='par_1_109' title="bbox 2018 5453 3593 5534">
     <span class='ocr_line' id='line_1_109' title="bbox 2018 5453 3593 5534; baseline -0.006 -19"><span class='ocrx_word' id='word_1_818' title='bbox 2018 5479 2117 5515; x_wconf 93' lang='grc' dir='ltr'><strong>σαν</strong></span> <span class='ocrx_word' id='word_1_819' title='bbox 2169 5463 2249 5525; x_wconf 86' lang='grc' dir='ltr'>εἰς</span> <span class='ocrx_word' id='word_1_820' title='bbox 2294 5461 2356 5515; x_wconf 80' lang='grc' dir='ltr'>τὸ</span> <span class='ocrx_word' id='word_1_821' title='bbox 2405 5461 2549 5534; x_wconf 78' lang='grc' dir='ltr'>ὅρος,</span> <span class='ocrx_word' id='word_1_822' title='bbox 2585 5456 2645 5516; x_wconf 74' lang='grc' dir='ltr'>οὗ</span> <span class='ocrx_word' id='word_1_823' title='bbox 2680 5460 2907 5527; x_wconf 79' lang='grc' dir='ltr'>ἐτάξατο</span> <span class='ocrx_word' id='word_1_824' title='bbox 2940 5460 3121 5523; x_wconf 79' lang='grc' dir='ltr'>αὐτοῖς</span> <span class='ocrx_word' id='word_1_825' title='bbox 3160 5459 3189 5509; x_wconf 84' lang='grc' dir='ltr'>ὁ</span> <span class='ocrx_word' id='word_1_826' title='bbox 3226 5454 3479 5526; x_wconf 76' lang='grc' dir='ltr'>Ἰησοῦς·</span> <span class='ocrx_word' id='word_1_827' title='bbox 3513 5453 3593 5507; x_wconf 76' lang='grc' dir='ltr'><strong>καὶ</strong></span> 
     </span>
    </p>
   </div>
   <div class='ocr_carea' id='block_1_110' title="bbox 2019 5544 3593 5625">
    <p class='ocr_par' dir='ltr' id='par_1_110' title="bbox 2019 5544 3593 5625">
     <span class='ocr_line' id='line_1_110' title="bbox 2019 5544 3593 5625; baseline -0.006 -18"><span class='ocrx_word' id='word_1_828' title='bbox 2019 5553 2216 5617; x_wconf 78' lang='grc' dir='ltr'>ἰδόντες</span> <span class='ocrx_word' id='word_1_829' title='bbox 2250 5552 2410 5618; x_wconf 81' lang='grc' dir='ltr'>αὐτὸν</span> <span class='ocrx_word' id='word_1_830' title='bbox 2443 5552 2874 5625; x_wconf 78' lang='grc' dir='ltr'>προσεκύνησαν,</span> <span class='ocrx_word' id='word_1_831' title='bbox 2915 5570 2941 5605; x_wconf 73' lang='grc' dir='ltr'><strong>ι,</strong></span> <span class='ocrx_word' id='word_1_832' title='bbox 2973 5549 3087 5603; x_wconf 77' lang='grc' dir='ltr'><strong>Καὶ</strong></span> <span class='ocrx_word' id='word_1_833' title='bbox 3130 5547 3266 5619; x_wconf 85' lang='grc' dir='ltr'><strong>μετά</strong></span> <span class='ocrx_word' id='word_1_834' title='bbox 3312 5544 3478 5599; x_wconf 75' lang='grc' dir='ltr'>τοῦτο</span> <span class='ocrx_word' id='word_1_835' title='bbox 3507 5544 3593 5600; x_wconf 73' lang='grc' dir='ltr'><strong>οὐκ</strong></span> 
     </span>
    </p>
   </div>
   <div class='ocr_carea' id='block_1_111' title="bbox 2085 5703 3528 5785">
    <p class='ocr_par' dir='ltr' id='par_1_111' title="bbox 2085 5703 3528 5785">
     <span class='ocr_line' id='line_1_111' title="bbox 2085 5703 3528 5785; baseline -0.008 -16"><span class='ocrx_word' id='word_1_836' title='bbox 2085 5712 2198 5785; x_wconf 78' lang='lat'><strong>(86‘)</strong></span> <span class='ocrx_word' id='word_1_837' title='bbox 2240 5712 2401 5771; x_wconf 82' lang='lat' dir='ltr'><strong>Deest</strong></span> <span class='ocrx_word' id='word_1_838' title='bbox 2440 5714 2496 5769; x_wconf 86' lang='lat' dir='ltr'><strong>in</strong></span> <span class='ocrx_word' id='word_1_839' title='bbox 2529 5712 2719 5769; x_wconf 87' lang='lat' dir='ltr'><strong>codice</strong></span> <span class='ocrx_word' id='word_1_840' title='bbox 2748 5706 3103 5769; x_wconf 80' lang='lat' dir='ltr'><strong>Columnensi</strong></span> <span class='ocrx_word' id='word_1_841' title='bbox 3137 5703 3528 5775; x_wconf 72' lang='grc' dir='ltr'>Μαγδαληνήν.</span> 
     </span>
    </p>
   </div>
  </div>
