3826 6216
199 371 346 429 1015

1062 363 2116 449 ευρηειιεατιόυωετιοινυιι,
2133 376 2225 432 an
2261 366 2625 435 MARINUM.‘

3342 383 3484 439 MM

189 489 263 544 ἂν
286 487 554 561 σφαλείης
586 488 756 544 εἰπὼν
805 489 941 562 ὁμοῦ
984 493 1104 552 κατ’
1133 492 1265 554 αὐτὸ
1308 494 1667 566 συνηγμένοις
1698 496 1797 549 αὐ·
1823 501 1870 559 Α
1899 497 1948 552 di

1899 497 2073 565 dices,
2114 498 2311 556 iisdem
2342 499 2596 556 undecim
2631 499 2917 572 discipulis
2951 499 3321 572 congregatis,
3352 518 3484 559 nec-
3547 478 3551 485 ’

186 582 306 644 τοῖς
339 583 453 644 τοῖς
485 579 681 635 ’ἐνδεκα
704 581 973 653 μαθηταῖς
1005 581 1122 650 ἅμα
1147 582 1240 636 καὶ
1273 586 1389 648 τοῖς
1423 584 1798 656 ἑϐδομήκοντα

187 667 377 744 ὦφθαι
408 675 592 729 αὐτόν,
611 675 669 728 '0
698 674 754 728 δὲ
797 674 1120 739 Ἀπόστολος
1147 676 1241 728 καὶ
1262 674 1343 728 ἔτι
1375 676 1579 731 τούτων
1612 675 1797 730 πλείο-

188 784 278 822 σιν
308 767 589 838 ἑωρᾶσθαι
614 766 707 820 τὸν
730 765 937 838 Κύριον
958 769 1096 837 μετὰ
1119 771 1216 841 τὴν
1232 768 1788 841 άνάστασινίστορεῖ,

184 857 399 928 λέγων·
440 860 594 912 (Ὅτι
629 861 927 932 ἐγήγερται
975 863 1040 931 τῇ
1083 861 1246 934 τρίτῃ
1288 860 1472 932 ἡμέρᾳ
1512 862 1655 916 κατὰ
1695 862 1796 927 τὰς

183 949 439 1023 Γραφὰς,
469 954 563 1006 καὶ
587 952 741 1023 ῶςρθη
776 954 963 1025 Κηφᾷ,
989 953 1179 1014 ἔπειτα
1198 957 1312 1018 τοῖς
1344 952 1569 1019 δώδεκα,
1595 955 1785 1009 ἔπειτα

183 1042 351 1114 ὤφθη
380 1045 582 1101 suam
598 1046 978 1110 πεντακοσίοις
1026 1046 1277 1116 ἀδελφοῖς
1315 1046 1553 1116 ἐφάπαξ.
1584 1067 1601 1099 ι
1621 1048 1785 1120 Ὀρᾷς

177 1134 379 1200 ὁσάκις
426 1138 521 1197 καὶ
570 1138 716 1200 ὅσοις
744 1136 898 1211 ὤφθη
940 1137 1079 1209 μετὰ
1120 1138 1218 1210 τὴν
1261 1138 1593 1205 ἀνάστασιν;
1626 1139 1782 1194 Οὕτω

177 1226 279 1280 καὶ
306 1231 419 1292 τοῖς
462 1231 519 1282 ὲν
561 1228 915 1300 Ἰερουσαλὴμ
943 1229 1415 1302 κρυπταζομένοις
1439 1229 1527 1283 διὰ
1559 1230 1651 1284 τὸν
1683 1230 1782 1300 φό-

178 1320 277 1374 ϐον
300 1319 414 1375 τῶν
443 1320 733 1386 Ἰουδαίων,
757 1323 853 1375 καὶ
877 1322 982 1393 πρό
1008 1340 1072 1390 γε
1097 1323 1314 1378 πάντων
1341 1321 1552 1395 ἀνδρῶν
1578 1321 1783 1392 Σίμωνι

176 1410 260 1482 τῷ
294 1411 513 1483 Πέτρῳ,
550 1412 907 1481 γυναικῶνδε
930 1416 1055 1477 ταῖς
1087 1413 1231 1485 ἀμφὶ
1259 1414 1359 1485 τὴν
1389 1412 1778 1485 Μαγδαληνήν’

174 1502 303 1556 ὅθεν
337 1504 432 1558 καὶ
462 1505 491 1557 ὁ
521 1505 736 1568 Λουκᾶς
765 1521 899 1574 φησι
918 1521 931 1534 ·
971 1524 989 1556 ι
1019 1506 1095 1559 Δι’
1125 1505 1350 1578 ἡμερῶν
1370 1506 1781 1578 τεσσαράκοντα

176 1595 554 1668 ὀπτανόμενος
596 1598 692 1651 καὶ
724 1595 1177 1668 συναυλιζόμενος
1209 1600 1413 1666 αὐτοῖς,
1447 1600 1517 1654 τά
1549 1599 1652 1670 τῆς
1679 1599 1782 1671 βα-

182 1685 407 1754 σιλείας
427 1687 534 1753 τοῦ,
556 1687 707 1751 θεοῦ,
719 1688 1005 1762 παρεδίδου
1038 1690 1357 1764 μαθήματα.
1389 1710 1428 1762 ι,

1896 605 2008 645 non
2029 590 2151 647 aliis
2188 592 2557 662 septuaginta,
2588 590 2776 649 Iesum
2809 596 3150 664 apparuisse.
3189 596 3302 652 lmo
3332 595 3481 667 Λῃιι..

1897 684 2073 739 stolus
2092 684 2269 740 multo
2304 685 2484 740 adhuc
2517 685 2771 755 pluribus
2808 689 2987 742 visum
3037 703 3160 743 esse
3189 688 3480 745 Dominum

1895 784 2020 848 post
2050 777 2511 834 resurrectionem
2547 779 2634 834 bis
2664 780 2849 835 verbis
2876 788 3104 835 narrat:
3135 800 3154 832 ι
3194 781 3331 847 Quia
3358 799 3483 838 sur-

1892 870 2035 925 rexit
2066 871 2226 926 tertia
2248 870 2338 926 die
2363 871 2667 932 secundum
2698 870 3035 942 Scripturas,
3072 873 3334 943 visusque
3378 872 3479 930 Pe-

1895 970 1985 1018 tro
2018 970 2125 1029 est,
2162 970 2276 1017 tum
2308 963 2621 1029 duodecim,
2653 963 2854 1018 deinde
2880 966 3003 1034 plus
3031 965 3348 1035 quingentis
3370 965 3481 1020 fra-

1894 1055 2074 1111 tribus
2109 1055 2355 1112 simul“.
2397 1075 2417 1108 ι
2449 1055 2879 1125 Viden,quoties
2909 1063 2963 1111 et
2991 1065 3126 1127 quot
3160 1058 3478 1115 hominibus

1892 1158 2019 1220 post
2058 1150 2522 1205 resurrectionem
2551 1156 2905 1220 conspectus
2948 1148 3152 1205 fuerit?
3182 1150 3274 1206 Sic
3327 1153 3476 1209 enim

1893 1239 2149 1310 apparuit
2198 1238 2544 1295 latitantibus
2592 1240 2737 1293 intra
2792 1236 3224 1309 Hierosolymam
3255 1245 3477 1309 pr0pter

1890 1339 2097 1388 metum
2131 1346 2162 1386 a
2187 1330 2423 1400 Iudaeis;
2461 1339 2517 1387 et
2546 1332 2725 1403 primo
2755 1332 2999 1386 virorum
3044 1329 3254 1386 Simoni
3289 1331 3473 1396 Petro,

1888 1423 2218 1480 feminarum
2242 1433 2426 1480 autem
2458 1423 2809 1495 Magdalenaa.
2848 1421 3029 1490 Quare
3060 1430 3116 1478 et
3144 1422 3320 1479 Lucas
3348 1423 3424 1479 ait
3454 1442 3469 1478 :

1893 1536 1914 1570 ι
1945 1517 2048 1572 Per
2089 1517 2208 1574 dies
2259 1516 2624 1588 quadraginta
2673 1532 2946 1589 apparens
2978 1518 3083 1583 eis,
3119 1533 3246 1573 cum
3291 1518 3472 1589 iisque

1889 1623 2227 1668 conversans
2259 1610 2569 1667 doctrinam
2596 1609 2666 1666 de
2692 1625 2864 1682 regno
2896 1609 2991 1666 Dei
3019 1609 3266 1667 tradidit.
3316 1629 3337 1664 ι

1239 1835 1334 1891 IX.
1372 1835 1457 1892 Ea:
1486 1836 1668 1893 eodem
1699 1837 2016 1906 Anastasio,
2040 1848 2232 1919 q‘uwst.
2259 1840 2381 1898 MS.

247 1953 315 2008 θ’.
359 1956 658 2019 Εὐσεϐἱου
676 1956 748 2011 ἐκ
780 1956 885 2012 τοῦ
913 1957 1065 2027 πρὸς
1104 1956 1374 2027 Μαρῖνον
1400 1958 1541 2031 (87).
1576 1959 1688 2013 Kal.
1715 1958 1776 2011 τὸ
1807 1976 1851 2031 Β

1951 1959 2004 2016 9.
2044 1958 2267 2014 Eusebii
2295 1975 2360 2014 ex
2384 1974 2535 2029 opere
2564 1958 2634 2014 ad
2657 1956 2953 2014 Marinum.
2978 1956 3215 2029 Spiritus
3239 1964 3465 2015 sanctus

173 2047 281 2117 μὲν
316 2048 422 2101 ὑπὸ
446 2047 686 2120 Χριστοῦ
716 2050 1057 2121 ὲμπνευσθὲν
1079 2050 1305 2122 Πνεῦμα
1326 2052 1480 2120 ἅγιον
1505 2053 1619 2115 τοῖς
1644 2050 1779 2104 ἀπο-

170 2136 410 2203 στόλοις,
438 2138 657 2199 λυτικὸν
703 2141 797 2194 καὶ
853 2142 1265 2213 συγχωρητικδν
1315 2137 1384 2214 ἦν
1422 2142 1532 2214 (88)
1592 2142 1777 2213 πάσης

169 2230 505 2302 ἁμαρτίαςοί
531 2233 591 2288 τὸ
641 2233 698 2286 δὲ
751 2233 1162 2304 ἐπηγγελμένον
1205 2234 1268 2287 τὸ
1312 2234 1786 2306 βαπτισθήσεσθαι,

163 2324 377 2388 αὐτοὺς
419 2327 477 2380 ἐν
523 2325 664 2398 ἁγίῳ
699 2327 998 2398 Πνεύματι,
1033 2328 1126 2380 καὶ
1178 2331 1465 2398 μετασχεῖν
1491 2326 1777 2397 δυνάμεως

164 2417 586 2488 ἐνεργημάτων,
635 2418 998 2491 ἐνεργητικῆς
1043 2418 1143 2489 μὲν
1191 2417 1300 2471 τῶν
1357 2417 1655 2489 μελλόντων
1708 2416 1774 2470 δι’

164 2509 359 2564 αὐτῶν
404 2511 785 2565 ἀποτελεῖσθαι
835 2511 1154 2583 θαυμάτων,
1210 2511 1532 2582 ὲνστατικῆς
1578 2511 1636 2569 δὲ
1681 2510 1774 2571 καὶ

163 2603 513 2674 καρτερικῆς
540 2602 649 2657 τῶν
681 2603 985 2674 μελλόντων
1017 2604 1205 2667 αὐτοῖς
1231 2601 1623 2657 ἐπανίστασθαι
1659 2620 1775 2657 κιν-

159 2694 367 2747 δύνων.
405 2694 520 2766 Πρὸ
551 2695 661 2766 γὰρ
687 2694 893 2768 ταύτης
921 2696 1021 2766 τῆς
1050 2694 1333 2765 δυνάμεως
1357 2693 1649 2765 κηρύττειν
1676 2694 1774 2753 αύ-

161 2785 299 2849 τοὺς
333 2787 446 2851 τοῖς
476 2785 687 2840 ἔθνεσιν
732 2788 835 2840 οὐκ
881 2786 1153 2851 ἐϐούλετο,
1190 2786 1304 2840 ἀλλ’
1334 2785 1650 2856 ἐκδέχεσθαι
1677 2787 1773 2839 καὶ

169 2877 496 2949 περιμένειν
524 2878 693 2950 αὐτὴν
722 2879 780 2945 ἐξ
807 2878 973 2949 ὕψους
1006 2881 1317 2952 μετασχεῖν.
1350 2878 1521 2932 Τοῦτο
1542 2878 1598 2937 δὲ
1629 2878 1722 2931 καὶ
1743 2879 1772 2931 ό

179 2969 509 3034 Ἀῖιὸστολος
556 2971 619 3024 τὸ
666 2973 914 3044 χάρισμα
946 2972 1093 3034 ἰδίως
1117 2970 1392 3043 ἀφορίζων
1431 2970 1540 3023 τῶν
1568 2969 1771 3024 λοιπῶν

160 3062 466 3134 ἐνεργειῶν
486 3063 582 3117 τοῦ
604 3064 762 3132 ἁγίου
786 3065 925 3117 Πνεύ
935 3081 1104 3135 ματος
1126 3063 1371 3117 ἐδίδασκε
1391 3062 1582 3132 λέγων·
1608 3080 1628 3113 ι
1644 3061 1773 3114 Ἀλ-

156 3153 243 3224 λῳ
275 3154 336 3207 δὲ
368 3155 719 3226 ἐνεργήματα
751 3155 1050 3227 δυνάμεων.
1079 3173 1097 3206 ι
1124 3157 1235 3208 Kal.
1263 3158 1295 3227 ἡ
1323 3155 1633 3228 προφητεία
1666 3173 1771 3226 φη-

161 3245 219 3298 σί
240 3262 308 3296 ·-‹
327 3246 539 3317 Κύριος
565 3246 726 3301 δώσει
760 3250 911 3319 ῥῆμα
935 3252 1054 3314 ¹τοῖς
1078 3246 1585 3320 εύαγγελιζομένοις
1603 3248 1764 3310 δυνά-

164 3355 260 3409 μει
297 3337 489 3408 πολλῇ.
520 3333 656 3402 »Ἶ1ς
681 3340 963 3410 δυνάμεως
993 3341 1083 3394 ὅτε
1111 3341 1280 3412 μήπω
1305 3344 1574 3413 μετεῖχον,
1599 3340 1768 3412 ὴρνή·
1795 3322 1841 3384 c

164 3430 535 3483 σαντοναύτὸν
561 3432 609 3484 οἱ
632 3431 832 3497 πάντες
862 3435 958 3488 καὶ
983 3432 1482 3509 ἐσκανδαλίσθησαν
1512 3434 1769 3489 κατὰτδν

160 3522 366 3593 ⁴ηιιιιρὸν
412 3522 507 3575 τοῦ
556 3523 792 3588 πάθουςο
822 3527 911 3579 ὅτε
955 3526 1012 3579 δὲ
1057 3526 1317 3597 μετέσχον
1345 3516 1547 3597 αὐτῆς,
1569 3526 1770 3592 πάντες

157 3616 287 3676 ταῖς
312 3613 454 3685 ὑπὲρ
477 3615 715 3687 Χριστοῦ
753 3617 1080 3689 μαρτυρίαις
1109 3635 1169 3671 τε
1209 3617 1304 3671 καὶ
1345 3617 1656 3689 ὁμολογίαις
1685 3619 1771 3672 δι-

161 3705 449 3779 έπρεψαν·
484 3707 850 3773 άνακαινίζων
875 3710 983 3781 γὰρ
1021 3709 1112 3763 τὸν
1151 3709 1441 3782 ἄνθρωπον
1472 3711 1501 3762 ὁ
1540 3708 1766 3781 Κύριος,

158 3797 258 3851 καὶ
288 3797 358 3867 ἦν
389 3797 638 3853 ἀπώλεσε
662 3800 824 3872 χάριν
853 3803 918 3856 ἐκ
945 3803 1039 3856 τοῦ
1073 3802 1291 3873 ἐμφυσή
1302 3818 1471 3871 ματος
1486 3800 1584 3854 τοῦ
1606 3800 1767 3866 Θεοῦ,

155 3885 370 3960 ταύτην
403 3889 565 3944 πάλιν
599 3890 904 3955 ἀποδιδοὺς,
939 3892 1271 3961 ἐνεφύσησεν
1295 3893 1376 3954 εἰς
1400 3890 1469 3944 τὰ
1495 3889 1764 3961 πρόσωπα

160 3977 274 4032 τῶν
297 3977 571 4050 μαθητῶν
603 3979 800 4050 λέγων,
842 4000 861 4034 ι
889 3980 1098 4036 Λάϐετε
1127 3980 1356 4052 Πνεῦμα
1383 3981 1557 4051 ἅγιον.
1594 4001 1614 4034 ι

1881 2064 1913 2103 a
1955 2049 2178 2107 Christo
2229 2051 2287 2107 in
2312 2052 2597 2123 apostolos
2626 2066 2725 2121 per
2758 2049 2946 2129 ﬂatum
2994 2049 3299 2114 immissus,
3330 2064 3463 2120 pec-

1879 2144 1993 2198 cati
2034 2145 2217 2201 omnis
2264 2143 2512 2201 solvendi
2565 2140 2990 2212 dimittendique
3035 2140 3145 2195 vim
3200 2140 3459 2196 habebat.

1879 2226 2000 2282 Jam
2024 2230 2344 2300 promissio,
2377 2229 2496 2286 fore
2545 2237 2604 2284 ut
2651 2229 3065 2300 baptizarentur
3112 2236 3306 2285 sancto
3336 2229 3463 2301 Spi-

1877 2332 2012 2393 ritu,
2043 2322 2389 2397 signilicabat
2430 2328 2712 2392 compotes
2755 2337 2852 2377 eos
2897 2319 3114 2376 futuros
3168 2320 3446 2378 facultatis

1876 2433 2063 2476 rerum
2098 2414 2487 2487 gerendarum,
2517 2412 2676 2483 cujus
2719 2426 2823 2481 ope
2868 2412 3140 2481 patraturi
3171 2421 3330 2467 erant
3357 2413 3465 2467 mi-

1875 2510 2088 2573 racula,
2124 2509 2348 2578 vimque
2373 2506 2538 2562 etiam
2572 2505 2852 2576 recepturi
2884 2513 3050 2576 atque
3088 2505 3459 2561 constantiam

1878 2604 2142 2661 adversus
2185 2616 2251 2658 ea
2299 2616 2422 2673 quae
2477 2598 2759 2654 instabant
2806 2598 3073 2668 pericula.
3123 2598 3264 2654 Ante
3310 2598 3459 2653 enim

1876 2697 2022 2752 hanc
2053 2700 2333 2765 acceptam
2362 2691 2620 2746 virtutem
2651 2690 2828 2745 noluit
2853 2705 2950 2747 eos
2973 2690 3228 2761 gentibus
3263 2688 3460 2760 praedi-

1876 2805 2025 2853 care,
2071 2788 2168 2843 sed
2238 2784 2545 2857 praestolari
2583 2783 2753 2853 jussit
2787 2790 2952 2853 atque
2981 2797 3239 2846 manere,
3282 2781 3459 2836 donec

1871 2896 1992 2937 eam
2024 2896 2090 2936 ex
2123 2879 2235 2934 alto
2264 2878 2593 2949 reciperent.
2626 2874 2840 2930 Donum
2877 2875 2982 2930 hoc
3009 2875 3176 2929 etiam
3221 2872 3460 2944 Aposto-

1873 2972 1960 3028 lus
2007 2971 2142 3028 satis
2189 2970 2476 3039 areliquis
2522 2968 2699 3023 sancti
2752 2967 2992 3038 Spiritus
3045 2964 3457 3036 operationibus

1875 3064 2192 3119 discernere
2225 3078 2285 3117 se
2315 3060 2586 3132 signiﬁcat
2616 3059 2747 3114 dum
2780 3062 2854 3113 ait
2884 3077 2897 3113 ι
2936 3077 2955 3109 ι
2985 3058 3089 3112 Alii
3114 3058 3458 3128 operationes

1872 3154 2215 3211 virtutum".
2250 3173 2268 3206 ι
2290 3152 2428 3207 Tum
2458 3151 2746 3222 prophetia
2775 3149 2906 3204 dicit
2932 3168 2945 3203 :
2977 3169 2996 3200 ι
3022 3148 3286 3203 Dominus
3306 3145 3457 3201 dabit

1872 3246 2100 3301 verbum
2156 3242 2666 3314 evangelizantibus
2712 3240 2919 3294 virtute
2973 3237 3225 3293 multa".
3275 3257 3293 3289 ι
3337 3236 3457 3304 Qua

1873 3338 2076 3393 virtute
2103 3351 2229 3391 cum
2259 3333 2505 3389 nondum
2536 3342 2693 3389 erant
2724 3332 2908 3401 potiti,
2946 3336 3284 3400 negaverunt
3328 3343 3455 3384 eum

1874 3444 2089 3493 omnes,
2131 3435 2185 3483 et
2215 3426 2477 3482 seandalo
2512 3424 2791 3496 passionis
2820 3430 3073 3492 tempore
3106 3420 3248 3492 lapsi
3289 3427 3453 3476 sunt:

1872 3523 1965 3577 illa
2005 3527 2188 3576 autem
2221 3520 2531 3590 impetrata,
2593 3517 2775 3572 cuncti
2807 3517 3060 3586 protinus
3090 3514 3459 3570 confessioni-

1871 3612 1978 3668 bus
2007 3610 2451 3680 teslimoniisque
2475 3622 2575 3679 pro
2601 3606 2825 3662 Christo
2852 3606 3017 3662 editis
3052 3606 3452 3660 inclaruerunt.

1873 3704 2120 3761 Renovat
2179 3704 2326 3758 enim
2376 3701 2653 3756 hominem
2692 3698 2837 3755 Deus
2874 3738 2889 3763 ,
2923 3699 2998 3752 ita
3032 3704 3092 3751 ut
3132 3712 3293 3767 quam
3328 3710 3458 3766 gra-

1877 3797 2009 3850 tiam
2038 3794 2204 3849 homo
2227 3791 2510 3854 amiserat,
2557 3788 2656 3842 Dei
2700 3788 2832 3842 olim
2877 3785 3238 3855 inspiratione
3280 3783 3454 3837 colla-

1874 3895 2010 3950 tam,
2047 3883 2225 3939 eidem
2258 3880 2404 3935 hanc
2447 3892 2647 3934 rursus
2689 3875 2836 3932 Deus
2886 3873 3219 3935 attribuerit,
3273 3871 3329 3925 in
3373 3870 3457 3925 fa-

1870 3976 2012 4031 ciem
2039 3972 2441 4043 discipulorum
2477 3970 2757 4041 inspirans
2791 3968 2878 4024 his
2901 3966 3082 4023 verbis
3116 3983 3132 4021 :
3167 3983 3186 4017 c
3208 3963 3455 4034 Accipite

1879 4064 2147 4137 Spiritum
2181 4071 2457 4119 sanctum.
2499 4079 2518 4113 ι

467 4196 540 4254 Χ.
569 4196 655 4253 Ea:
685 4198 914 4254 Macarii
942 4198 1354 4272 Clixysocephali
1387 4200 1497 4273 (89)
1530 4199 1849 4272 Florilegio,
1877 4199 2018 4270 apud
2048 4198 2423 4260 Villoisonum,
2446 4168 2793 4271 Anecdot..t._
2814 4191 2902 4257 II,
2933 4209 2988 4262 p.
3023 4191 3109 4245 74.

235 4315 595 4380 ι¹.,Εὺσέ6ιος
628 4315 684 4369 δὲ
717 4317 746 4370 ὁ
776 4316 1084 4387 Παμφίλου,
1109 4317 1167 4370 ὲν
1200 4320 1268 4389 τῇ
1315 4317 1466 4386 πρὸς
1498 4316 1766 4387 Μαρῖνον

157 4409 422 4480 ἐπιστολῇ
452 4408 567 4478 (90)
595 4407 771 4473 οὕτως
796 4408 1075 4480 ἐξηγεῖται
1103 4410 1163 4463 τὸ
1193 4408 1476 4481 προτεθὲν,
1512 4410 1594 4462 ὅτι
1628 4409 1766 4462 διαι-

162 4500 347 4571 ρέσεις
381 4498 741 4570 χαρισμάτων
767 4498 875 4551 εἰσὶ
914 4497 1055 4556 κατὰ
1096 4498 1188 4551 τὸν
1232 4496 1576 4560 Ἀπόστολον,
1608 4497 1669 4551 τὸ
1708 4497 1764 4551 δὲ

1944 4315 2032 4370 10.
2068 4312 2342 4369 Eusebius
2398 4309 2666 4382 Pamphili
2715 4309 2773 4365 in
2819 4309 3053 4380 epistola
3077 4306 3148 4361 ad
3180 4304 3453 4360 Marinum

1873 4407 2232 4481 quaestionem
2278 4405 2361 4460 sic
2404 4404 2661 4474 explicat,
2711 4400 2860 4473 quod
2910 4414 3107 4469 nempe
3156 4396 3454 4453 divisiones

1871 4502 2177 4575 gratiarum
2208 4507 2359 4562 sunt,
2391 4505 2452 4552 ut
2481 4497 2558 4550 ait
2592 4494 2912 4566 Apostolus,
2936 4491 3080 4547 idem
3112 4494 3292 4545 autem
3331 4488 3455 4558 Spi-

156 4591 297 4645 αὐτὸ
328 4589 576 4661 Πνεῦμα.
614 4591 725 4644 Καὶ
751 4589 913 4649 πάλιν
935 4608 949 4621 ο
980 4591 1197 4661 ἑκάστῳ
1222 4588 1421 4642 δίδοται
1455 4590 1487 4660 ἡ
1518 4586 1765 4660 φανέρω-
1796 4598 1842 4654 ι)
1871 4596 1943 4649 rit

1881 4596 2036 4649 ritus.
2095 4590 2445 4660 Rursusque,
2481 4587 2629 4658 quod
2676 4586 2978 4655 unicuique
3028 4583 3244 4644 lumen,
3292 4587 3455 4652 prout

160 4702 247 4749 σις
270 4684 409 4755 πρὸς
437 4683 500 4737 τὸ
527 4682 835 4754 συμφέροντ-
865 4700 885 4735 ι
918 4677 990 4754 ᾬ
1017 4683 1115 4754 μὲν
1142 4681 1253 4754 γὰρ
1276 4681 1363 4734 διὰ
1389 4680 1484 4734 τοῦ
1509 4680 1763 4753 Πνεύμα-

157 4798 252 4844 τος
279 4779 488 4832 δίδοται
509 4777 666 4847 λόγος
688 4777 900 4848 σοφίας,
925 4777 1067 4849 ἄλλῳ
1091 4777 1147 4830 δὲ
1170 4776 1328 4846 λόγος
1347 4774 1599 4846 γνώσεως
1621 4775 1763 4831 κατὰ

158 4875 220 4927 τὸ
248 4873 385 4933 αὐτὸ
410 4871 637 4944 Πνεῦμα
657 4888 670 4901 ⁸
702 4872 874 4945 ἑτέρῳ
905 4872 962 4926 δὲ
998 4872 1179 4936 πίστις
1210 4872 1267 4924 ὲν
1294 4870 1372 4942 τῷ
1405 4868 1552 4941 αύτῷ
1589 4869 1761 4923 Πνεύ-

163 4964 499 5037 ματι,,άλλῳ
530 4964 600 5018 δὲ·
632 4967 991 5037 ἐνεργήματα
1025 4962 1135 5035 (91)
1182 4962 1486 5032 δυνάμεων,
1524 4961 1668 5032 ἄλλῳ
1703 4961 1761 5014 δὲ

161 5060 531 5130 προφητεῖαι,
551 5056 697 5127 ἄλλῳ
721 5056 777 5109 δὲ
799 5055 1100 5129 διακρίσεις
1127 5054 1477 5126 πνευμάτων,
1503 5055 1676 5127 ἑτέρῳ
1703 5054 1760 5110 δὲ

1872 4702 2013 4757 opus
2036 4683 2222 4747 fuerit,
2241 4681 2561 4737 attribuitur
2588 4698 2601 4736 :
2635 4697 2653 4730 ι
2676 4678 2782 4733 Alii
2810 4675 3032 4749 quidem
3064 4689 3246 4730 sermo
3273 4674 3456 4730 scien-

1872 4781 1960 4833 tiae
1992 4775 2295 4832 secundum
2336 4772 2589 4828 eumdem
2622 4769 2924 4842 Spiritum;
2962 4768 3057 4822 alii
3102 4767 3237 4823 ﬁdes
3282 4767 3336 4821 in
3360 4780 3455 4821 eo-

1869 4868 1992 4923 dem
2060 4864 2292 4937 Spiritu,
2351 4862 2443 4917 alii
2496 4860 2872 4932 prodigiorum
2934 4859 3133 4922 virtus,
3195 4857 3284 4912 alii
3327 4871 3456 4928 pro-

1868 4960 2086 5033 phetiae,
2142 4958 2234 5012 alii
2284 4955 2648 5012 discretiones
2704 4953 3024 5024 spirituum,
3085 4952 3177 5006 alii
3239 4952 3455 5021 lingua-

1866 5067 1990 5108 rum
2022 5048 2318 5105 multitudo
2353 5066 2366 5103 :
2398 5064 2521 5120 qua:
2553 5056 2735 5102 tamen
2770 5043 2957 5100 omnia
3003 5054 3264 5115 operatur
3310 5056 3454 5096 unus

237 5214 285 5246 ”
323 5213 344 5268 l
380 5212 511 5270 Cor.
546 5229 642 5279 xv,
675 5213 732 5270 4.
809 5214 855 5245 ⁸⁷
897 5210 918 5266 l
952 5212 1080 5270 Cor.
1116 5228 1196 5268 ιιι
1220 5251 1238 5281 ,
1274 5212 1366 5267 10.
1436 5213 1484 5246 ⁸⁸
1523 5212 1669 5268 Psal.
1696 5227 1880 5275 van,
1918 5212 1941 5265 1

1918 5211 2008 5268 12.

234 5396 354 5465 (87)
398 5394 577 5451 Verba
600 5397 669 5451 ἐκ
703 5396 811 5450 τοῦ
841 5396 993 5466 πρὸς
1026 5396 1300 5468 Μαρῒνον
1334 5398 1536 5453 desunt
1566 5397 1623 5451 in
1654 5412 1750 5452 co-
1855 5395 1948 5450 mil

1881 5395 1990 5449 nihi
2027 5393 2084 5449 S.
2117 5392 2305 5467 Cyrilli
2328 5390 2647 5468 ‘l'ragmenla
2678 5387 3206 5468 _Cor_r_zmer§_ariqrum
3227 5380 3319 5468 3d
3350 5380 3454 5465 Lit:

161 5468 289 5523 dice
317 5468 701 5523 Columnensi.

238 5538 353 5609 (88)
398 5537 560 5592 Deest
583 5534 652 5609 ἦν
685 5539 738 5591 in
767 5537 977 5593 codice.
1014 5535 1121 5592 Sed
1151 5544 1334 5592 tamen
1365 5548 1557 5609 caetera
1580 5537 1761 5606 plera-
1786 5568 1789 5577 ι

166 5607 279 5676 que
328 5609 555 5661 meliora
609 5607 741 5662 sunt
785 5608 845 5662 in
877 5609 1067 5662 codice
1100 5624 1264 5675 quam
1308 5609 1361 5661 in
1406 5607 1760 5661 Gretseriana

168 5679 455 5734 Anastasii
477 5677 740 5745 editione,
773 5694 895 5753 quae
921 5679 1175 5748 plurimis
1203 5680 1310 5733 heu
1340 5679 1584 5734 mendis!
1605 5679 1759 5734 labo-

169 5757 365 5887 ηἳθθ)
407 5817 503 5877 Est
532 5819 621 5875 hic
650 5819 792 5876 idem
823 5817 1101 5877 Macarius
1132 5819 1636 5893 Chrysocephalus,
1668 5819 1761 5890 qui

1864 5483 1981 5520 cam
2036 5453 2592 5520 non‘contemnvenda
2643 5461 2859 5516 obtulit.
2912 5459 3168 5526 Ejusdem
3227 5453 3454 5526 Macarii

1865 5538 2017 5591 locos
2048 5537 2388 5605 dogmaticos
2432 5533 2633 5602 protuli
2675 5522 2970 5588 identidem
3012 5529 3068 5582 in
3100 5526 3237 5582 meis
3255 5526 3322 5580 ad
3354 5522 3451 5580 Ni-

1865 5604 2163 5686 εερέιίξνιιῡ)
2197 5604 2465 5686 ξςὲξοιίίεο.
2553 5672 2592 5686 λ
2693 5672 2764 5684 ..

1937 5661 2049 5748 '(90)
2090 5674 2406 5748 Xiphilinus
2453 5674 2507 5748 in
2553 5671 3116 5748 Dontinica_'_l'hom:e,
3164 5666 3288 5748 cod.
3318 5661 3443 5720 Vat.

1864 5764 1920 5820 p.
1945 5741 2433 5831 ligni-ecitanhoc
2464 5746 2642 5831 ipsum
2676 5743 2895 5799 Eusebii
2932 5741 3318 5812 fragmentum.

1940 5819 2049 5889 (9|)
2088 5816 2277 5886 ΧὶιιΙι.⁷
2306 5816 2662 5886 ὲνεργήματι.
