3846 6220
341 394 434 450 νιος
446 392 480 450 5

1007 387 1279 447 EUSEBII
1331 380 1818 442 CJESARIENSIS
1846 372 2224 437 0PP.‘PARS
2248 375 2338 433 Ill.
2360 368 2861 434 —-EXEGETICA.

3478 370 3622 428 1016

342 512 598 578 idemque
629 505 903 579 Spiritus,
933 505 1185 562 dividens
1226 504 1459 576 singulis
1487 481 1649 574 prout
1670 500 1787 556 vult
1815 501 1920 558 ".i

2046 495 2159 569 γένη
2193 494 2457 566 γλωσσῶν
2480 511 2494 525 ⁸
2528 494 2709 549 πάντα
2736 493 2794 547 δὲ
2820 489 2997 546 ταῦτα
3023 490 3237 563 ἐνεργεὶ
3279 488 3341 543 ἓν
3387 488 3488 560 μὲν
3523 481 3625 544 καὶ

344 602 696 658 Demonstrat
723 599 869 654 enim
899 597 1197 668 Apostolus
1224 597 1390 651 unius
1420 594 1779 667 ejusdemque
1806 592 1933 663 Spi-

342 692 487 748 ritus
519 690 724 746 multas
750 705 875 746 esse
900 690 1159 753 virtutes,
1194 688 1541 745 diversorum
1572 701 1802 758 operum
1850 685 1931 741 ef—

346 783 623 840 fectrices.
653 781 846 853 Cogita
898 780 1066 853 igitur
1111 788 1297 836 utrum
1343 796 1493 836 nunc
1529 779 1787 836 Christus
1814 779 1930 834 sin-

347 874 593 945 gularem
651 871 894 943 aliquam
945 871 1181 942 gratiam
1231 872 1529 948 discipulis
1589 871 1928 933 contulerit,

344 963 492 1019 baud
514 963 734 1035 quidem
773 961 843 1017 ad
885 969 1139 1019 mortuos
1187 963 1541 1020 suscitandos
1570 962 1932 1034 prodigiaque

343 1056 651 1122 eﬂicienda,
691 1055 785 1112 sed
810 1055 878 1110 ad
909 1055 1238 1111 dimittenda
1284 1062 1532 1126 peccata.
1567 1054 1709 1111 Sunt
1752 1055 1929 1122 enim,

344 1154 410 1203 at
455 1146 722 1213 diximus,
773 1146 992 1203 diversa
1044 1146 1286 1219 Spiritus
1342 1148 1510 1204 dona.
1560 1147 1931 1215 Quamobrem

344 1255 494 1295 nunc
522 1222 734 1295 addidit
769 1257 783 1294 :
820 1256 840 1289 ι
876 1237 1125 1305 Quorum
1162 1239 1494 1295 remiseritis
1536 1248 1784 1311 peccata,
1839 1256 1931 1296 re-

345 1333 664 1399 mittuntur,
702 1350 724 1385 ι
768 1339 901 1397 etc.,
937 1332 1140 1403 quibus
1168 1332 1355 1388 verbis
1388 1332 1634 1388 ostendit
1665 1347 1697 1386 a
1741 1348 1802 1389 se
1827 1332 1933 1389 hoc

345 1441 521 1496 genus
566 1426 868 1497 gratiarum
916 1440 1068 1480 nunc
1122 1424 1233 1481 illis
1276 1440 1401 1481 esse
1453 1426 1741 1482 collatum.
1806 1424 1935 1481 Post

346 1518 595 1590 ejusdem
628 1533 762 1575 vero
803 1518 1206 1584 ascensionem,
1244 1516 1485 1589 Spiritus
1532 1519 1934 1590 superveniens

349 1610 741 1667 miraculorum
768 1626 990 1683 quoque
1018 1617 1073 1666 et
1104 1610 1437 1666 omnimodae
1465 1610 1655 1682 gratiae
1678 1610 1790 1666 vim
1819 1614 1937 1666 vir-

348 1711 634 1774 tutemque
684 1702 821 1775 ipsis
855 1703 1056 1759 attulit.
1089 1702 1273 1769 Quare
1320 1719 1473 1759 nunc
1523 1705 1643 1761 sine
1697 1706 1937 1761 articulo

351 1794 603 1867 (Πνεῦμα
646 1810 746 1865 pro
776 1796 839 1849 τὸ
882 1795 1131 1867 Πνεῦμα)
1164 1797 1278 1850 ait:
1319 1816 1338 1849 ‹
1367 1796 1617 1868 Accipite
1667 1796 1933 1870 Spiritum

2034 591 2094 645 τὸ
2124 589 2257 644 αὐτὸ
2283 586 2530 660 Πνεῦμα,
2561 585 2802 658 διαιροῦν
2831 585 2936 657 ίδίᾳ
2968 584 3183 656 ἑκάστῳ
3210 582 3397 648 καθὼς
3430 582 3623 653 βούλε-

2031 699 2143 736 ται.
2180 701 2200 733 ι
2234 679 2431 750 Σαφῶς
2472 679 2583 753 γὰρ
2624 678 2711 733 διὰ
2740 677 2835 732 τοῦ
2864 678 2984 742 ἐνὸς
3010 679 3105 732 καὶ
3130 677 3225 731 τοῦ
3254 674 3422 731 αὑτοῦ
3452 675 3629 729 Ilvati-

2036 788 2228 844 ματος,
2257 770 2459 834 πολλὰς
2503 765 2644 823 εἶναι
2688 768 3004 840 παρέστησε
3042 767 3320 840 δυνάμεις,
3346 766 3631 839 διαφόρων

2035 866 2375 939 πραγμάτων
2401 864 2930 935 ἑνεργητικάς.⁶’ορα
2957 862 3136 917 τοίνυν
3167 863 3368 934 μήπως
3386 860 3629 916 ἐνταῦθα

2034 960 2284 1027 ἐξουσίαν
2314 957 2436 1012 τινά
2457 956 2706 1028 ’μερικὴν
2743 957 2840 1010 καὶ
2875 956 3035 1026 χάριν
3066 954 3441 1026 πνευματικὴν
3464 954 3632 1007 δέδω-

2035 1070 2130 1107 κεν
2157 1051 2341 1115 αὐτοῖς
2362 1067 2377 1080 ο
2410 1050 2509 1120 οὐχ
2535 1048 2677 1103 ὥστε
2704 1049 2932 1120 νεκροὺς
2955 1048 3213 1119 ἐγείρειν,
3244 1048 3342 1100 καὶ
3367 1045 3634 1115 δυνάμεις

2037 1150 2230 1212 ποιεῖν,
2256 1147 2372 1201 ἀλλ’
2402 1146 2545 1202 ὥστε
2581 1146 2801 1216 ἀφιέναι
2825 1144 3200 1217 ἁμαρτήματα
3219 1158 3233 1171 ·
3259 1140 3494 1211 διάφορα
3516 1136 3634 1209 γὰρ

2033 1242 2103 1295 τὰ
2143 1240 2459 1313 χαρίσματα
2499 1238 2594 1294 τοῦ
2635 1238 2972 1311 Πνεύματος.
3000 1236 3093 1290 Διὸ
3124 1236 3219 1289 καὶ
3251 1233 3511 1288 συνάπτει
3541 1231 3634 1284 λέ-

2036 1351 2168 1403 γων,
2209 1353 2229 1385 ‹
2264 1335 2363 1387 Ἀν
2384 1351 2546 1387 τινων
2571 1335 2747 1405 ἀφῆτε
2782 1330 2882 1396 τὰς
2909 1328 3205 1401 ἁμαρτίας,
3241 1326 3495 1397 ἀφίενται
3524 1325 3633 1378 αῦ-

2035 1429 2168 1490 τοῐς,
2195 1444 2215 1478 ›
2254 1427 2348 1480 καὶ
2377 1425 2449 1480 τὰ
2480 1427 2639 1497 ὲξῆςο
2677 1426 2893 1489 δεικνὺς
2922 1426 3006 1477 ὅτι
3040 1422 3202 1477 τοῦτο
3243 1421 3309 1474 τὸ
3351 1416 3491 1483 εἶδος
3517 1416 3635 1471 τῶν

2040 1518 2425 1590 πνευματικῶν
2447 1519 2803 1591 χαρισμάτων
2825 1517 3009 1579 αὐτοῖς
3033 1515 3207 1586 ὲδωρή
3217 1516 3371 1567 σατο.’
3395 1511 3553 1566 Μετὰ
3575 1509 3637 1563 δὲ

2037 1613 2137 1684 τὴν
2161 1611 2428 1683 ἀνάληψιν
2459 1611 2593 1665 αὐτὸ
2618 1612 2678 1665 τὸ
2707 1608 2938 1682 Πνεῦμα
2959 1608 3239 1672 κατελθὸν,
3274 1607 3366 1661 καὶ
3393 1606 3507 1660 τῶν
3530 1621 3638 1674 ση-

2042 1706 2213 1776 μείων
2261 1706 2357 1759 καὶ
2405 1704 2607 1767 παντὸς
2640 1704 2828 1776 ἑτέρου
2877 1703 3213 1775 χαρίσματος
3248 1700 3350 1764 τὰς
3372 1700 3645 1769 δυνάμεις

2039 1797 2104 1869 δὴ
2139 1796 2252 1867 (92)
2297 1798 2393 1852 καὶ
2438 1797 2718 1871 ἐνεργείας
2753 1797 2937 1860 αὐτοῖς
2966 1796 3291 1867 ἐχορήγησε.
3332 1793 3433 1846 Διὰ
3477 1792 3644 1846 τοῦτο

350 1897 639 1958 sanctum;
678 1908 697 1942 ι
721 1888 1039 1960 signiﬁcans
1067 1898 1277 1960 partem
1301 1905 1360 1946 se
1381 1890 1673 1960 quamdam
1700 1890 1936 1949 edicacis

2046 1886 2276 1941 ἐνταῦθα
2320 1887 2421 1959 μὲν
2468 1886 2597 1941 ἄνευ
2642 1885 2847 1959 ἄρθρου
2896 1881 3040 1950 εἷπε,
3095 1903 3115 1936 ι
3143 1884 3350 1939 Λάϐετε
3405 1882 3642 1954 Πνεῦμα

353 1980 592 2053 Spiritus
643 1982 960 2038 attribuere.
1016 1978 1093 2036 De
1149 1980 1269 2052 ipso
1316 1989 1499 2037 autem
1558 1981 1766 2054 Spiritu
1813 1986 1934 2040 ait:

356 2094 374 2125 ι
407 2074 704 2145 Accipietis
746 2074 1004 2128 virtutem
1036 2073 1473 2144 supervenientis
1515 2074 1572 2131 in
1614 2090 1715 2132 vos
1768 2074 1942 2148 Spiri—

351 2166 493 2221 ιιιεί.
521 2185 541 2217 ι

2042 1980 2216 2047 ἅγιον,
2239 1998 2260 2032 ι
2286 1978 2462 2051 δηλῶν
2489 1980 2572 2033 ὅτι
2610 1980 2841 2051 μερικήν
2868 1995 2991 2031 τινα
3018 1976 3114 2031 τοῦ
3141 1976 3458 2047 Πνεΰματος
3482 1974 3648 2045 ἐνέρ-

2043 2090 2200 2140 γειαν
2247 2071 2463 2126 δίδωσιν
2512 2072 2728 2135 αὐτοῖς’
2776 2071 2907 2143 περὶ
2947 2068 3059 2142 (93)
3100 2070 3159 2123 δὲ
3201 2070 3409 2123 ἐκείνου
3460 2065 3643 2139 φησί’

2052 2184 2071 2216 ι
2101 2164 2351 2237 Λήψεσθε
2385 2164 2617 2237 δύναμιν
2650 2164 2968 2228 ἐπελθόντος
2998 2164 3094 2218 τοῦ
3125 2162 3282 2234 ἁγίου
3318 2162 3646 2234 Πνεύματος

2041 2259 2129 2327 ἐφ’
2165 2258 2313 2330 ὑμᾶς
2347 2257 2482 2330 (94).
2517 2277 2538 2311 ι

354 2405 554 2463 Deinde
576 2407 911 2478 prosequitur
940 2405 1080 2474 apud
1126 2405 1460 2478 Xiplu'linum
1498 2409 1758 2467 Eusebius
1789 2412 1978 2467 iisdem
2008 2413 2181 2469 verbis
2233 2414 2422 2486 quibus
2452 2416 2510 2469 in
2546 2400 2871 2484 praecedente
2901 2416 3203 2487 fragmento
3232 2413 3374 2485 apud
3397 2413 3644 2469 Anasta-

688 2498 856 2561 sium;
887 2510 1067 2565 nempe
1102 2497 1210 2568 πρὸ
1236 2500 1348 2569 γὰρ
1380 2500 1586 2573 ταύτης
1624 2503 1726 2575 τῆς
1749 2503 1937 2576 δυνάμι

2065 2516 2168 2563 etc.
2204 2522 2372 2578 usque
2409 2506 2480 2561 ad
2510 2509 2606 2563 καὶ
2632 2507 2947 2580 ὁμολογίαις
2975 2508 3297 2582 διέπρεψαν.

508 2678 529 2734 1
562 2676 690 2735 Cor.
727 2695 845 2746 xu,
872 2679 1031 2736 8-H.
1095 2679 1217 2736 Act.
1256 2696 1295 2744 ι,
1334 2680 1390 2736 8.

426 2833 540 2907 (92)
578 2833 836 2907 Qeestbﬁ
868 2835 1011 2905 apud
1042 2833 1405 2907 Xiphilinum.

425 2901 537 2976 (95)
578 2901 1087 2977 yphiiinhs'mpa.

425 2974 540 3049 (94)
582 2974 862 3049 Hactenus
897 2974 1276 3047 supplementa
1306 2979 1594 3049 posuimus
1624 2993 1691 3033 ex
1724 2978 1792 3033 iis
1822 2988 1942 3034 tan-

353 3047 638 3118 tummodo
675 3048 812 3103 locis
843 3048 898 3102 in
938 3049 1320 3118 quibus‘opus
1352 3048 1576 3105 Eusebii
1613 3051 1942 3104 nominatim

355 3118 429 3191 ad
448 3115 724 3191 Marinum
760 3115 1037 3174 laudatur.
1066 3115 1414 3191 Cmteroquin
1442 3128 1649 3189 quanta
1676 3135 1805 3191 pars
1830 3120 1941 3191 Eu:

355 3134 425 3171 aa
448 3134 724 3172 marinum
760 3134 1037 3174 iauuatur.
1066 3134 1414 3244 uaneroguin
1442 3134 1649 3189 quanta
1676 3135 1805 3191 pars
1830 3134 1941 3174 tau-

354 3189 706 3260 scbianarum
728 3191 1093 3260 quaestionum
1118 3199 1285 3260 tumga
1350 3189 1710 3260 Stephanum,
1731 3201 1846 3245 tum
1874 3190 1942 3245 ad

355 3258 626 3313 Marinum
674 3258 1181 3315 in’Commentario
1229 3258 1287 3313 S.
1330 3258 1608 3316 Ambrosii
1662 3261 1731 3315 ad
1778 3260 1942 3316 Lucae

356 3328 1012 3403 EvangeliumAsupersit,
1044 3331 1172 3403 item
1199 3339 1405 3400 quanta
1436 3332 1491 3385 in
1524 3330 1842 3403 Hieronymi
1873 3332 1942 3388 ad

355 3399 674 3473 Matthzeum
704 3399 1431 3473 Commentario-oceurrat,
1464 3403 1518 3456 in
1555 3399 1944 3473 subsequenti-

356 3471 461 3525 bus
480 3469 730 3541 paginis,
774 3472 971 3541 partim
1018 3472 1232 3531 saltem,
1276 3469 1802 3529 demonstrabimus.
1840 3474 1946 3529 Le-

354 3539 805 3615 gendusqu'oque
833 3540 1178 3615 Augustinus
1202 3541 1279 3595 De
1311 3560 1569 3599 consensu
1596 3544 1947 3615 evangelista-

356 3626 497 3680 rum,
511 3619 569 3667 et
586 3611 642 3666 in
668 3611 1065 3679 Quastionibus
1087 3611 1445 3683 Evangelicis;
1465 3616 1594 3670 item
1610 3611 1947 3688 anonymum

1967 2843 2011 2902 C
2044 2853 2185 2910 opus
2215 2836 2582 2910 Qumstionum
2617 2835 2819 2891 Veteris
2848 2844 2899 2889 et
2928 2834 3070 2889 Novi
3088 2834 3471 2910 leuamenti;
3507 2846 3645 2910 nec-

2047 2904 2156 2965 non
2191 2924 2289 2979 seu
2323 2908 2497 2963 falsus
2520 2908 2949 2979 Qhrysostomus
2969 2921 3066 2963 seu
3086 2905 3248 2979 Titu_s
3284 2904 3638 2979 Bostreltsis;

2047 2988 2165 3034 tum
2196 2978 2506 3050 Hesychius
2528 2974 3062 3050 Hierosolymitanus
3088 2992 3186 3050 ac_
3197 2975 3443 3050 Joannes
3461 2974 3639 3050 Thesf

2049 3047 2435 3114 salonicensis,
2456 3051 2512 3105 in
2536 3047 2932 3115 (lucrationibus
2952 3064 3107 3117 aeque
3138 3047 3472 3117 Evangelicis
3488 3063 3509 3111 ;
3538 3048 3637 3117 qui

2051 3129 2305 3177 auctores
2337 3136 2530 3177 omnes
2569 3120 2882 3176 Eusebiano
2925 3136 2956 3173 a
2997 3122 3148 3175 fonte
3185 3118 3546 3173 multifariam
3583 3124 3642 3172 et

2050 3192 2255 3248 aﬂ‘atim
2286 3192 2543 3249 hausisse
2567 3190 2843 3247 videntur.
2874 3189 2982 3246 Sed
3001 3194 3148 3246 enim
3180 3205 3283 3245 nos
3313 3190 3490 3242 multo
3520 3188 3642 3258 plu—

2052 3279 2143 3320 res
2179 3261 2617 3319 Eusebianarum
2653 3261 3023 3332 quaestibnum
3061 3260 3405 3315 credibiliter
3435 3259 3642 3332 expila-

2051 3345 2222 3400 tores,
2257 3336 2343 3389 vel
2372 3342 2522 3390 certe
2552 3328 2881 3397 imitatores,
2916 3334 2971 3387 in
3004 3331 3327 3402 praefatione
3356 3328 3641 3402 recensuit

2051 3399 2213 3461 mus;
2245 3403 2422 3462 Porro
2462 3406 2533 3459 ab
2570 3405 2658 3461 his
2689 3411 2934 3459 veterum
2963 3399 3444 3457 lucubrationibus
3473 3399 3640 3457 medii

2053 3493 2274 3548 quoque
2320 3485 2377 3532 et
2423 3476 2597 3531 infimi
2646 3476 2746 3548 αξνῇ
2795 3474 3124 3544 interpretes
3169 3474 3478 3530 solutiones
3509 3484 3644 3527 sua:-

2055 3546 2215 3618 prout
2247 3548 2463 3605 libitum
2497 3548 2599 3603 fuit
2628 3546 3035 3603 derivaverunt.
