3826 6216
155 374 294 427 1⁸)ῗῖ
910 375 1208 434 ECLOGAS
1248 378 1732 438 PROPHETICE.
1759 415 1830 425 —
1856 383 1946 438 DE
1977 383 2229 441 CODICE
2265 385 2377 440 MS.
2421 384 2692 442 VINDOB.
3288 389 3425 447 1018

191 591 3407 634 Ἥ

741 809 1608 990 EUSEBII
1770 803 2847 986 PAMPHILI

1314 1159 1671 1220 EPISCOPI
1737 1157 2271 1220 CAESARIENSIS

848 1369 1520 1498 ECLOG/E
1617 1373 2717 1501 PROPHETIC/E.

223 1631 286 1690 Ε
331 1629 544 1716 codice
573 1637 1010 1716 manuscripto
1039 1635 1431 1698 bibliotheca:
1460 1637 1756 1716 Caesareae
1801 1635 2291 1716 Vindobonensis
2341 1656 2507 1698 nunc
2536 1639 2815 1716 primum
2846 1635 3045 1698 edidit
3085 1637 3350 1698 Thomas

351 1711 702 1788 Gusv‘onn,
735 1715 800 1776 S.
841 1711 917 1776 Τί
944 1716 1047 1791 Ρ.,
1081 1717 1230 1776 cedis
1259 1716 1502 1778 Christi
1531 1715 1805 1778 decanus
1834 1735 2078 1777 necnon
2107 1715 2342 1796 lingute
2370 1711 2600 1779 Greca:
2627 1717 2954 1796 professor
2983 1717 3220 1795 regius.

1145 1932 1340 1993 Oxonii,
1371 1945 1400 1982 e
1429 1932 1770 1995 typographeo
1796 1931 2109 1991 Academico,
2133 1931 2274 1994 1882,
2309 1932 2436 1982 in-8.

737 2250 1382 2316 3ARTHOLOMEO
1421 2253 1901 2315 KOPITARIO
1947 2253 2248 2318 THOMA.

1313 2253 1382 2313 I0
1421 2253 1901 2315 KOPITARIO
1947 2253 2294 2318 THOMAS
2330 2255 2824 2318 GAISFORDS

217 2438 378 2496 Redit
406 2441 476 2495 ad
511 2449 578 2506 te,
611 2444 691 2497 vir
723 2445 948 2514 egregie,
981 2460 1134 2512 quem
1169 2454 1216 2497 te
1265 2453 1588 2514 procurante
1613 2459 1677 2498 ex
1704 2445 2067 2513 manuscripto
2099 2445 2314 2516 inclyta:
2345 2445 2670 2502 bibliotheca:
2691 2447 2953 2502 Caesarem
2993 2447 3168 2502 codice
3209 2448 3442 2518 ﬁdeliter

141 2533 476 2601 descriptum
507 2536 720 2604 accepi,
768 2535 977 2591 libellus
1007 2537 1342 2592 Eusebianus
1370 2579 1386 2604 ,
1437 2538 1738 2592 litterarum
1791 2538 2040 2608 formulis
2067 2538 2371 2593 Academire
2401 2549 2596 2595 nostrae
2626 2539 2918 2593 luculenter
2969 2541 3276 2610 impressus.
3331 2539 3438 2607 Qui

142 2643 269 2681 cum
309 2627 375 2681 ab
409 2629 755 2699 antiquarum
802 2648 977 2686 rerum
1013 2649 1075 2686 ac
1131 2635 1429 2702 praesertim
1481 2632 1756 2703 theologia:
1801 2633 2057 2688 studiosis
2097 2634 2190 2687 diu
2240 2637 2566 2704 multumque
2594 2632 2927 2687 desideratus
2963 2631 3158 2702 fuerit,
3194 2650 3296 2687 non
3330 2648 3440 2688 me-

142 2722 325 2776 diocri
357 2723 551 2777 laetitia
580 2724 760 2793 efferri
791 2742 872 2778 me
911 2727 1118 2795 fateor,
1179 2727 1265 2779 cui
1309 2741 1402 2794 per
1441 2725 1857 2780 benevolentiam
1896 2735 2043 2779 tuam
2077 2727 2357 2797 contigerit
2383 2741 2448 2780 ea:
2477 2726 2776 2795 pluteorum
2805 2725 3029 2780 tenebris
3073 2735 3183 2778 tam
3235 2727 3440 2798 insigne

143 2817 337 2869 reteris
367 2817 465 2870 teni
493 2827 887 2871 monumentum
913 2821 1220 2887 protrahere
1247 2834 1419 2888 posse.
1460 2817 1725 2874 Caeterum
1760 2819 1814 2870 in
1848 2818 2047 2873 edendo
2079 2818 2216 2873 hanc
2273 2817 2401 2871 mihi
2455 2819 2616 2888 legem
2661 2819 3001 2887 praescripsi,
3050 2827 3110 2871 ut
3165 2818 3439 2873 lectionem

145 2906 447 2975 apographi
473 2907 662 2976 ubique
691 2925 868 2976 presse
910 2926 1173 2980 sequerer,
1200 2911 1305 2964 nisi
1342 2911 1396 2964 in
1429 2911 1867 2978 interpunctione,
1905 2919 1955 2964 et
2001 2911 2058 2964 in
2089 2910 2360 2980 spiritibus
2383 2921 2430 2964 et
2460 2910 2781 2974 accentibus,
2821 2910 2911 2980 qui
2953 2908 3238 2964 admodum
3264 2909 3433 2980 negli-

143 3011 333 3068 genter
361 3001 526 3069 positi
551 3011 709 3064 sunt;
743 3019 903 3072 neque
927 3014 1112 3072 aperta
1136 3007 1382 3074 quwdam
1420 3003 1632 3056 librarii
1667 3004 1796 3057 vitia
1817 3044 1832 3068 ,
1869 3005 2031 3057 cuivis
2065 3003 2222 3074 facile
2264 3003 2575 3074 corrigenda
2595 3046 2609 3070 ,
2639 3001 2902 3057 servanda
2932 3001 3062 3057 duxi
3086 3017 3105 3055 :
3134 3020 3358 3074 quorum
3391 3003 3438 3058 si

139 3106 346 3161 pauca,
382 3111 543 3165 eaque
576 3094 844 3149 levissima
862 3135 876 3160 ,
913 3095 1071 3149 tacite
1094 3097 1423 3160 sustulerim,
1458 3097 1510 3148 in
1537 3095 1802 3167 plerisque
1833 3095 2175 3150 emendandis
2202 3097 2282 3149 ita
2310 3103 2548 3150 versatus
2571 3111 2684 3148 sum
2705 3135 2717 3159 ,
2747 3104 2804 3147 ut
2827 3111 2944 3165 qua:
2969 3096 3255 3149 resecanda
3287 3110 3440 3166 erant

143 3191 363 3246 uncinis
394 3189 674 3259 quadratis
708 3189 1116 3255 circumdarem,
1148 3207 1265 3259 qua,
1316 3189 1561 3244 addenda
1591 3190 1670 3244 vel
1723 3187 2004 3254 mutanda,
2029 3189 2251 3244 lunulis.
2311 3187 2414 3244 Sed
2467 3203 2627 3258 neque
2675 3189 3159 3258 interpretationem
3191 3186 3440 3241 Latinam

145 3299 319 3354 neque
353 3281 719 3336 adnotationis
763 3283 890 3353 quid
944 3283 1130 3337 addidi
1165 3287 1241 3353 (a)
1271 3299 1290 3338 :
1335 3301 1439 3338 non
1487 3286 1626 3338 enim
1674 3284 1818 3338 volui
1871 3284 2092 3337 nimiam
2146 3284 2316 3354 operis
2359 3299 2566 3337 moram
2596 3283 2853 3352 injicere:
2889 3285 2944 3338 in
2978 3283 3216 3354 margine
3267 3292 3442 3335 tamen

149 3377 386 3445 (praeter
431 3394 678 3431 numeros
725 3377 981 3446 foliorum
1032 3377 1227 3431 codicis
1273 3394 1374 3432 ms.
1415 3377 1484 3432 ad
1541 3379 1818 3434 sinistram
1860 3376 2179 3449 collocatos)
2234 3393 2402 3431 sacra:
2443 3375 2736 3445 Scripturae
2789 3392 3180 3448 paucorumque
3210 3375 3441 3428 aliorum

147 3470 476 3539 scriptorum
505 3471 571 3524 ab
598 3470 827 3526 Eusebio
851 3475 1137 3527 citatorum
1165 3473 1281 3526 loca
1316 3473 1558 3542 apposui,
1596 3490 1658 3527 ne
1691 3473 1743 3526 in
1774 3470 1962 3526 iisdem
1985 3469 2246 3524 rimandis
2268 3478 2317 3524 et
2340 3468 2676 3539 conferendis
2714 3469 2878 3524 lector
2913 3470 3182 3540 ingratum
3204 3466 3439 3523 laborem

149 3573 512 3628 consumeret,
541 3572 655 3628 aut,
683 3580 776 3633 per
813 3563 1074 3618 desidiam
1097 3563 1193 3617 hoc
1224 3564 1478 3636 neglecto,
1518 3573 1741 3618 mentem
1779 3562 2013 3618 auctoris
2044 3563 2217 3615 minus
2256 3571 2394 3615 recte
2425 3560 2702 3629 aliquoties
2731 3559 3034 3626 perciperet.
3087 3556 3236 3611 Vale.

303 3718 513 3773 Dabam
539 3736 602 3774 ex
638 3719 750 3773 aede
781 3720 985 3775 Christi
1011 3722 1065 3774 d.
1095 3720 1230 3774 Maii
1263 3722 1322 3774 51
1383 3720 1538 3775 1849.

222 3888 308 3959 (a)
347 3891 856 3960 lnterpretationem
894 3889 1120 3943 latinam
1155 3885 1531 3943 adornandam
1564 3886 1901 3947 curavimus,
1936 3882 2094 3937 Eorr.
2131 3881 2307 3938 Pun.

2969 4081 3404 4097 -——-—_—_

262 4238 388 4302 EX
456 4239 531 4302 P.
593 4239 1025 4302 LAMBECII
1089 4236 1773 4376 COMMEN'I'ARlBlgN.

1827 4230 2519 4376 EvsllﬂBLIOTHECA
2582 4226 2984 4293 CAESAREA
3058 4223 3338 4290 VINDO-

1827 4341 1860 4376 ‘1
1985 4362 1998 4376 ι

1839 4341 1998 4376 IVDI-

1315 4466 1445 4531 (Lib.
1475 4479 1543 4524 ιιι,
1576 4473 1610 4515 l.
1636 4481 1683 4528 p.
1709 4466 1795 4527 III,
1825 4481 1875 4529 p.
1897 4466 1982 4515 201
2013 4467 2095 4516 ed.
2120 4465 2330 4523 Kollar.)

1777 4627 1850 4639 ...-

227 4729 416 4788 Codex
453 4749 543 4796 ιν,
575 4733 822 4800 Graecus,
856 4736 1334 4802 membranaceus,
1366 4737 1790 4808 antiquissimus
1815 4776 1829 4801 ,
1868 4735 2089 4806 optima:
2137 4739 2302 4797 notae,
2332 4730 2589 4792 in-folio,
2623 4733 2945 4796 constatque
2977 4722 3123 4777 foliis
3149 4717 3258 4774 249
3299 4722 3354 4772 et
3381 4715 3452 4770 ab

159 4824 226 4881 Α.
269 4825 580 4884 Busbeckio
604 4831 736 4885 olim
767 4831 869 4886 fuit
897 4841 1250 4902 comparatus
1281 4833 1784 4902 Constantinopoli.
1821 4830 2193 4886 Continentur
2224 4842 2290 4883 eo
2317 4825 2432 4880 haec
2465 4843 2478 4877 :

228 4919 276 4973 A
313 4921 410 4976 l'ol.
442 4922 703 5006 1,.usque
733 4925 800 4978 ad
833 4925 926 4981 fol.
959 4925 1050 4982 61.
1082 4925 1302 4982 Eusebii
1329 4926 1596 4998 Pamphili
1626 4927 1891 4982 Ctesareze
1921 4927 1976 4979 in
2010 4922 2304 4978 Palaestina
2338 4919 2583 4991 episc0pi
2635 4915 2785 4970 Libri
2845 4921 3077 4985 quatuor
3127 4909 3450 4980 Eclogarum

159 5013 589 5081 prophelicarum
611 5015 677 5070 de
700 5015 934 5080 Christo,
959 5017 1274 5074 Arianismo
1305 5018 1514 5083 infecti,
1551 5025 1606 5074 et
1639 5018 1906 5073 hactenus
1954 5015 2167 5071 inediti.

235 5103 305 5163 In
337 5123 492 5177 quem
532 5109 706 5164 locum
733 5121 1121 5166 commentatus
1147 5112 1342 5167 esthoc
1368 5113 1521 5167 modo
1555 5110 1836 5166 Kollarius
1868 5128 1886 5165 :
3399 5183 3412 5196 .

232 5198 310 5254 De
339 5199 563 5256 incditis
593 5200 862 5257 hactenus
891 5209 1130 5272 quatuor
1159 5203 1312 5258 hisce
1339 5203 1557 5260 Eusebii
1585 5202 1856 5273 Pamphili
1891 5202 2054 5257 libris
2099 5200 2381 5272 c0piosius
2411 5197 2541 5252 alibi
2573 5197 2683 5266 egit
2718 5191 3078 5254 Lambecius;
3113 5203 3237 5259 quae
3264 5191 3450 5240 omnia

159 5307 309 5347 nunc
341 5292 624 5363 colligere,
657 5302 714 5347 et
742 5307 1025 5348 sacrarum
1047 5295 1352 5350 litterarum
1383 5296 1558 5365 gratia
1589 5297 1642 5349 in
1673 5310 1904 5351 examen
1930 5310 2129 5350 vocare
2155 5302 2424 5363 satagam.
2460 5286 2576 5342 Sub
2611 5286 2770 5340 ﬁnem
2807 5283 2937 5338 tomi
2971 5279 3117 5337 tertii
3147 5281 3451 5349 Apparatus

159 5386 249 5441 sui
284 5387 430 5441 sacri
457 5387 778 5458 vulgaverat
806 5388 937 5442 olim
966 5387 1301 5444 Possevinus
1335 5389 1644 5460 catalogum
1689 5390 2054 5460 quorumdam
2103 5387 2608 5457 manuscriptorum
2661 5387 2998 5440 nostrorum,
3035 5377 3194 5444 cujus
3221 5378 3449 5429 exstan-

160 5483 303 5536 tiora
332 5487 516 5536 errata
543 5483 895 5538 emendatum
925 5483 1038 5538 ibat
1061 5481 1385 5539 Lambecius
1410 5483 1706 5539 Comment.
1746 5484 1842 5538 lib.
1879 5500 1918 5547 ι,
1946 5500 2000 5554 p.
2029 5482 2157 5538 2H.
2209 5501 2228 5532 ι
2268 5480 2328 5535 ln
2353 5480 2544 5536 eodem
2577 5473 2862 5530 Possevini
2887 5469 3137 5539 catalogo
3168 5467 3348 5520 littera
3369 5461 3438 5527 (ἓ,

159 5575 308 5629 inter
346 5581 544 5630 cetera
575 5576 836 5646 leguntur
874 5575 1157 5646 sequentia
1194 5593 1206 5629 :
1252 5575 1468 5631 Graecus
1516 5576 1679 5629 codex
1720 5574 1938 5629 mutilus
1970 5584 2111 5628 totus
2137 5573 2500 5628 enarrationes
2528 5569 2723 5623 habens
2755 5568 2808 5620 in
2832 5564 3033 5633 aliquot
3081 5559 3256 5628 capita
3286 5555 3454 5611 Gens-

159 5671 260 5723 sis.
303 5689 322 5722 ι
357 5668 492 5735 Quae
535 5667 863 5726 Lambecius
915 5672 1122 5742 virgula
1171 5671 1423 5728 censoria
1478 5669 1701 5732 feriens,
1733 5668 1925 5722 codice
1959 5667 2053 5721 illo
2080 5665 2306 5747 Eusebii
2348 5664 2619 5737 Pamphili
2670 5659 2993 5729 Erlogarum
3024 5653 3450 5739 propheticum"!

161 5761 335 5818 libros
369 5762 641 5818 contineri
672 5764 901 5833 pulchre
943 5766 1220 5821 ostendit:
1255 5766 1326 5820 ob
1355 5763 1497 5834 quod
1530 5763 1792 5818 indicium
1836 5762 2051 5816 laudem
2089 5761 2336 5832 proiecto
2365 5761 2722 5815 commeritus
2761 5755 2956 5810 fuisset
3000 5767 3109 5807 non
3144 5749 3444 5816 vulgarem.

167 5860 239 5934 si,
271 5859 434 5930 gnavi
471 5869 526 5914 et
549 5857 748 5915 eruditi
781 5859 961 5915 critici
993 5876 1220 5917 munere
1259 5848 1502 5927 functus,
1541 5857 1758 5915 invictis
1795 5856 2134 5924 argumentis
2163 5861 2436 5910 assertum
2484 5867 2644 5908 suum
2683 5849 3012 5906 astruxisset
3038 5885 3051 5910 ,
3087 5841 3288 5913 quibus
3330 5845 3446 5894 tum
