3826 6216
386 383 522 439 ῐθίθ
1060 374 1328 434 EUSEBII
1363 373 1850 431 CESARIENSIS
1886 373 2037 430 OPP.
2077 371 2261 430 PARS
2298 373 2389 429 III.
2427 401 2496 412 —
2536 368 2950 428 EXEGETICA.
3523 367 3666 422 £020

385 506 618 560 naxime
642 518 780 573 opus
806 511 909 565 est,
943 517 1068 555 cum
1105 500 1175 554 de
1201 497 1591 568 anepigraphis
1621 496 1960 568 perditisque
1988 497 2268 566 operibus,
2299 496 2600 567 percelebri
2642 493 2859 549 cuidam
2893 493 3148 562 scriptort
3186 489 3517 553 tribuendis,
3548 489 3668 558 agi-

381 603 492 651 tur.
535 593 736 651 Verum
777 595 1054 650 enimvero
1082 591 1407 646 Lambecius
1442 590 1612 643 libros
1643 588 1808 644 hosce
1851 587 2071 643 Eusebii
2102 586 2372 657 Pamphili
2401 603 2525 642 esse
2557 588 2633 640 ait
2665 588 2736 642 ob
2766 587 2968 658 stylum
2997 593 3052 640 et
3084 584 3400 640 methodum
3435 583 3662 635 tractati

381 689 689 759 argumenti
725 707 738 742 :
780 687 1071 750 familiare,
1100 692 1160 739 ut
1187 685 1425 748 videtur,
1449 681 1680 738 eruditis
1712 681 1895 736 saaculi
1920 680 2003 734 sui
2037 689 2444 750 argumentum,
2479 679 2626 750 quod
2661 687 2843 734 tamen
2871 679 2983 749 jam
3015 678 3224 748 pridem
3257 675 3664 730 recentioribus

381 783 586 838 nostris
618 782 788 852 εωρίι
809 797 931 836 esse
959 786 1300 850 suspectum,
1326 793 1434 847 qua
1465 776 1539 832 de-
1566 792 1630 831 re
1660 776 1763 845 legi
1797 782 2039 830 meretur
2066 773 2117 829 J.
2150 775 2210 828 C.
2263 772 2464 844 Mylius
2495 773 2547 826 in
2583 772 2913 826 Bibliotheca
2935 788 3096 826 anon.
3120 779 3168 823 et
3201 767 3479 838 ρεεηάοη..
3505 775 3666 833 parte

382 876 556 945 prima
585 875 1025 938 schediasmatis,
1063 887 1117 942 p.
1155 871 1224 926 50
1244 881 1299 925 et
1329 871 1420 926 58.
1443 901 1515 910 --
1551 869 1660 923 Sed
1695 867 2003 937 argumenti
2037 867 2205 936 hujus
2231 867 2315 920 sui
2343 866 2716 920 infirmitatem
2752 865 3020 934 persensit
3047 865 3273 932 ipsemet
3305 860 3662 915 Lambecius.

378 985 542 1037 quam
564 970 728 1024 etiam
763 969 832 1022 ob
862 982 1086 1023 causam
1121 967 1176 1020 in
1212 966 1444 1036 append.
1473 964 1568 1019 lib.
1600 979 1698 1018 vni
1732 964 2187 1026 additamentum,
2216 962 2537 1016 melioribus
2572 961 2877 1014 rationibus
2908 957 3124 1018 fultum,
3149 954 3311 1024 hujus
3342 953 3446 1006 loci
3480 953 3666 1021 gratia

381 1060 623 1129 scripsit.
654 1058 711 1112 lu
741 1060 907 1114 hocce
943 1059 1319 1113 additamento
1349 1057 1565 1113 duabus
1606 1057 1764 1112 novis
1803 1057 2114 1110 rationibus
2161 1056 2488 1110 sententiam
2519 1069 2674 1110 suam
2707 1054 3067 1122 comprobare
3126 1051 3348 1111 studet,
3397 1055 3452 1100 ct
3482 1046 3666 1116 prima

379 1152 600 1222 quidem
635 1152 711 1206 illi
745 1153 811 1206 ab
839 1153 1072 1222 ipsomet
1101 1151 1338 1206 Eusebio
1367 1153 1592 1222 petitur,
1625 1151 1773 1223 quod
1806 1151 2066 1205 nimirum
2100 1151 2146 1206 is
2200 1151 2372 1205 libros
2401 1149 2726 1219 Eclogarum
2757 1147 3179 1216 propheticarum
3209 1146 3276 1198 de
3305 1141 3531 1197 ChriSto
3566 1154 3664 1208 pro

379 1258 544 1313 opere
577 1259 678 1297 suo
716 1244 1086 1314 designaverit
1120 1243 1264 1298 Hist.
1307 1243 1491 1298 eccles.
1523 1260 1564 1307 ι,
1597 1259 1649 1299 c.
1692 1244 1748 1308 2,
1785 1244 1839 1297 in
1871 1258 2033 1312 quem
2081 1243 2260 1297 locum
2293 1242 2428 1296 satis
2458 1241 2691 1296 feliciter
2723 1239 2983 1294 incidisse
3025 1237 3371 1291 Lambecium
3403 1250 3492 1288 res
3544 1233 3663 1300 ipsa

382 1334 604 1398 fatetur,
629 1337 720 1405 qui
755 1343 936 1390 tamen
973 1336 1394 1406 haudquaquam
1422 1336 1660 1392 evicerat
1696 1336 1922 1406 Eclogas
1960 1335 2182 1395 Eusebii
2211 1335 2542 1404 prophetica:
2579 1333 2644 1392 de
2672 1333 2884 1389 Christo
2927 1334 2981 1386 in
3026 1332 3150 1394 hoc,
3193 1329 3260 1384 de
3292 1343 3402 1398 quo
3435 1327 3618 1396 agitur
3643 1366 3660 1389 ,

379 1430 694 1485 Casariano
730 1431 917 1485 codice
943 1429 1133 1485 haberi
1169 1449 1182 1485 :
1213 1448 1338 1485 cum
1374 1431 1609 1486 testibus
1635 1446 1784 1486 XLVII
1813 1438 1867 1485 et
1899 1446 2078 1484 XLvnt
2097 1431 2382 1485 codicibus
2416 1447 2524 1485 non
2558 1432 2734 1485 solum
2771 1428 3065 1484 Eusebium
3109 1424 3466 1489 Ἀποδείξεις
3501 1438 3665 1475 eran-

379 1521 574 1591 gelicas
601 1521 701 1574 hac
725 1521 983 1576 methodo
1006 1523 1299 1592 scripsisse
1333 1529 1571 1576 constet.
1596 1521 1681 1575 Ad
1711 1521 1939 1574 alteram
1964 1522 2231 1575 rationem
2265 1522 2413 1591 quod
2446 1522 2674 1584 attinet,
2723 1536 2787 1573 ea
2837 1520 3079 1590 profecto
3107 1518 3276 1589 priori
3307 1517 3472 1572 etiam
3507 1515 3664 1570 infir-

381 1615 522 1668 mior
555 1620 638 1667 est
663 1631 678 1679 ;
709 1627 776 1668 ex
799 1613 908 1674 illis
929 1613 1098 1680 enim,
1131 1630 1255 1684 qua:
1278 1614 1462 1684 operis
1496 1613 1727 1684 hujusce
1755 1613 2010 1682 producit
2033 1613 2240 1678 verbis,
2275 1614 2409 1667 nihil
2435 1613 2583 1667 aliud
2609 1613 2892 1682 conjicias,
2916 1627 3078 1682 quam
3099 1625 3317 1680 gravem
3341 1608 3664 1679 quampiam

380 1705 624 1760 auctoris
656 1721 772 1761 aevo
793 1709 1084 1762 excitatam
1117 1710 1580 1778 persecutionem,
1610 1722 1958 1777 nequaquam
1985 1722 2119 1762 vero
2152 1706 2298 1760 illam
2332 1723 2453 1777 qua:
2490 1723 2582 1762 an.
2617 1707 2723 1762 502
2753 1707 2859 1760 sub
2892 1707 3059 1776 impp.
3093 1704 3431 1759 Diocletiano
3456 1710 3512 1756 et
3550 1700 3668 1754 Ma-

391 1798 632 1853 ximiano
666 1797 922 1854 Herculio
954 1801 1008 1854 in
1040 1800 1389 1857 Christianos
1447 1801 1731 1866 detonuit,
1783 1800 2023 1856 Eusebio
2055 1815 2294 1854 cozevam
2325 1818 2338 1853 :
2373 1815 2512 1870 quas
2538 1800 2700 1855 etiam
2751 1799 2994 1870 aliasque
3028 1797 3337 1867 persimiles
3359 1795 3434 1850 ob
3463 1810 3666 1850 causas

384 1909 493 1949 non
523 1893 816 1950 defuerunt
847 1897 948 1951 viri
978 1896 1147 1961 docti,
1179 1901 1273 1968 qui
1318 1915 1460 1969 opus
1503 1900 1608 1953 hoc
1663 1907 1916 1955 nostrum
1970 1896 2210 1951 Eusebio
2250 1895 2518 1966 Pamphili
2568 1896 2641 1951 ob
2672 1895 2910 1951 nominis
2953 1893 3322 1948 celebritatem
3375 1887 3665 1944 subditum

381 1988 850 2061 substitutumque
877 2007 999 2046 esse
1031 1991 1296 2047 dicerent.
1323 1992 1576 2050 Oudinus
1611 2002 1761 2050 certe
1784 1994 2169 2049 Commentarii
2200 1991 2286 2047 sui
2319 1999 2359 2045 t.
2387 1991 2427 2056 I,
2459 1992 2564 2046 col.
2589 1993 2713 2055 514,
2747 1990 2988 2045 scribere
3017 2002 3124 2041 non
3161 1983 3470 2039 dubitavit:
3511 2001 3530 2034 ι
3569 1981 3660 2042 At,

383 2081 581 2151 inquit,
612 2083 796 2137 nullus
831 2083 1044 2147 dubito,
1077 2085 1209 2154 quin
1233 2101 1401 2155 opera
1432 2087 1538 2141 ista
1570 2087 1827 2152 Eusebio,
1853 2088 1924 2142 ob
1951 2085 2193 2142 nominis
2244 2085 2444 2139 famam
2493 2085 2874 2147 celeberrimo,
2915 2081 3214 2138 substituta
3249 2079 3360 2132 sint
3387 2096 3400 2130 :
3457 2091 3659 2145 neque,

361 2165 430 2226 isi
460 2187 586 2226 vera
637 2172 891 2238 fuissent,
923 2172 1250 2231 Lambecius
1279 2178 1349 2236 ab
1377 2177 1698 2250 evulgandis
1727 2179 2108 2240 abstinuisset,
2131 2181 2225 2247 qui
2258 2176 2488 2231 minoris
2526 2176 2684 2245 longe
2720 2174 2978 2228 momenti
3030 2172 3334 2242 fragmenta
3374 2169 3493 2224 suis
3527 2183 3658 2222 cum

382 2267 641 2335 scrupulo
666 2266 918 2322 inseruit.
963 2288 982 2320 ι
1018 2267 1142 2323 Ilzec
1170 2270 1294 2324 ille:
1333 2271 1388 2324 in
1419 2273 1579 2342 cujus
1601 2288 1786 2327 errore
1826 2289 1912 2329 me
1941 2288 2162 2345 quoque
2185 2270 2578 2340 complusculis
2606 2269 2768 2324 annis
2799 2267 3024 2323 haesisse
3053 2267 3288 2337 ingenue
3315 2263 3508 2318 fateor.
3552 2260 3666 2315 Seu

379 2358 528 2416 enim
557 2361 842 2417 verissima
877 2369 961 2417 est
994 2362 1084 2416 illa
1110 2361 1466 2435 XenOphanis
1507 2367 1776 2421 sententia
1800 2406 1815 2431 ,

1259 2476 1340 2528 Οὔ
1373 2493 1459 2529 τοι
1491 2476 1590 2529 ἀπ’
1625 2477 1818 2546 ἀρχῆς
1845 2478 2044 2531 πάντα
2077 2477 2194 2531 θεοὶ
2222 2475 2460 2543 θνητοῖς
2498 2474 2838 2538 ἀπέδειξαν,

1281 2547 1469 2600 Ἀλλὰ
1498 2552 1695 2616 χρόνῳ
1727 2549 2042 2616 ζητοῦντες
2067 2549 2539 2617 ἐφειξρίσκουσιν
2567 2547 2830 2615 ἄμεινον.

381 2656 514 2714 Nam
541 2674 665 2713 cum
693 2659 782 2716 die
820 2658 1053 2731 quadam
1089 2658 1336 2714 codicem
1371 2659 1518 2714 hunc
1545 2661 1710 2716 volvo
1738 2662 1934 2715 iterum
1964 2662 2320 2731 revolvoque,
2352 2678 2416 2716 ex
2444 2661 2535 2714 vili
2567 2660 2787 2731 palliolo
2813 2675 3066 2730 magnum
3100 2658 3292 2728 agnovi
3325 2656 3656 2716 Eusebium.

381 2757 489 2812 Res
522 2757 595 2811 ita
625 2756 846 2810 accidit.
879 2755 1060 2820 Codex
1089 2755 1156 2810 de
1196 2770 1304 2826 quo
1338 2770 1486 2809 nunc
1514 2755 1748 2826 agimus,
1773 2757 1931 2810 theca
1976 2757 2105 2810 olim
2137 2773 2356 2820 carens,
2395 2755 2541 2808 foliis
2588 2755 2846 2825 utrinque
2879 2756 2996 2810 suis
3039 2755 3338 2825 tegebatur.
3372 2753 3656 2815 Primum,

380 2849 450 2904 ab
481 2849 634 2904 edaci
665 2856 909 2918 tempore
933 2849 1211 2919 multoque
1235 2865 1337 2905 usu
1372 2850 1614 2904 lacerum
1647 2865 1710 2905 ac
1746 2867 1883 2921 pene
1917 2851 2181 2914 deletum,
2213 2866 2314 2920 pro
2337 2850 2492 2903 theca
2526 2849 2733 2904 codicis
2765 2866 2793 2902 a
2826 2848 3120 2904 Lambecio
3144 2849 3245 2902 fuit
3277 2849 3523 2904 habitum
3547 2889 3563 2912 ,
3601 2858 3659 2904 et

379 2959 499 2997 eam
529 2943 696 2996 etiam
721 2941 791 2995 ob
818 2956 1039 2998 causam
1078 2943 1135 2995 in
1180 2941 1503 2997 recensione
1533 2942 1801 2997 omissum
1834 2943 2293 3013 neglectumque:
2336 2941 2501 3011 igitur
2541 2956 2664 2994 cum
2728 2938 3026 3009 ἀμηχανῶν
3061 2939 3354 2996 Eusebium
3389 2941 3446 2995 in
3479 2940 3655 2996 Euse-

379 3036 468 3091 hio
497 3049 706 3104 qumro,
736 3032 1147 3088 similitudinem
1177 3049 1396 3098 manus,
1431 3050 1539 3106 qua
1573 3035 1820 3106 reliquus
1855 3034 2032 3089 codex
2083 3037 2324 3104 scriptus
2368 3043 2486 3097 est,
2523 3033 2576 3086 in
2612 3033 2788 3102 primo
2817 3034 2911 3087 illo
2963 3033 3091 3086 folio
3120 3033 3534 3098 animadverto,
3570 3033 3660 3088 fu-

378 3125 638 3195 gientium
673 3125 983 3178 litterarum
1015 3124 1248 3194 vestigia
1283 3125 1424 3195 lego,
1458 3141 1523 3179 ac
1557 3125 1793 3196 denique
1823 3125 2103 3196 comperio
2134 3128 2458 3196 prommium
2513 3124 2827 3194 Eclogarum
2865 3125 3120 3188 Eusebii,
3163 3127 3432 3197 principio
3462 3135 3516 3181 et
3546 3127 3660 3184 fine

382 3217 663 3280 mutilum,
704 3215 895 3271 eodem
929 3214 1059 3270 folio
1089 3216 1378 3271 contineri.
1408 3215 1501 3271 Sic
1535 3219 1680 3273 enim
1714 3219 1787 3273 ibi
1821 3218 1893 3272 int

2139 3236 2177 3270 -η
2212 3220 2442 3289 ipsemet
2466 3215 2752 3280 Eusebius,
2790 3217 2986 3270 ’ἰστέον
3006 3217 3050 3270 δ’
3081 3218 3156 3282 ὡς
3201 3218 3650 3296 πρὸ-ἠγοῦμαι.

380 3310 530 3378 (νεά.
563 3309 718 3379 hujus
742 3308 824 3362 ed.
855 3309 956 3362 col.
983 3309 1144 3364 1024.
1183 3309 1359 3381 Pergit
1395 3310 1674 3366 Kollarius
1700 3311 1754 3384 :)
1787 3311 2066 3368 Hactenus
2119 3313 2367 3384 procemii
2394 3313 2684 3383 pericope:
2720 3326 2786 3364 ex
2817 3312 3019 3381 quibus
3049 3328 3172 3366 cum
3207 3314 3344 3376 alia,
3395 3321 3512 3367 tum
3569 3315 3660 3370 vel

381 3403 614 3458 maxime
651 3402 761 3457 duo
795 3399 1053 3456 facillime
1081 3400 1429 3458 deducuntur
1458 3423 1470 3459 :
1510 3406 1769 3459 nimirum
1790 3447 1806 3472 ,
1837 3411 1892 3460 et
1935 3405 2230 3460 Eusebium
2262 3403 2534 3474 Pamphili
2562 3414 2841 3458 auctorem
2881 3405 3111 3475 hujusce
3143 3407 3394 3476 prommii
3431 3423 3579 3471 esse,
3605 3418 3665 3464 et

382 3494 608 3565 Eclogas
643 3493 710 3548 de
747 3493 1004 3558 Christo,
1045 3494 1297 3560 prtesenti
1333 3496 1522 3550 codice
1557 3505 1865 3560 contentas,
1896 3497 2098 3550 nemini
2134 3496 2224 3550 alii
2262 3512 2422 3566 quam
2453 3495 2628 3549 eidem
2661 3493 2920 3559 Eusebio,
2953 3513 3112 3566 posse
3139 3497 3327 3552 tribui.
3364 3497 3662 3555 Enimvero

378 3589 670 3645 Eusebium
702 3587 950 3658 procemii
985 3595 1262 3643 auctorem
1287 3606 1439 3654 esse,
1483 3593 1630 3646 clare
1659 3593 1839 3647 elucet
1869 3607 1935 3646 ex
1969 3591 2077 3646 illis
2126 3631 2141 3655 ,
2176 3592 2378 3660 quibus
2408 3591 2636 3655 indicat,
2668 3592 2818 3661 prius
2855 3607 2914 3645 se
2937 3631 2951 3654 ,
3001 3607 3163 3661 quam
3199 3593 3264 3645 ad
3297 3593 3656 3648 scribendum

377 3697 617 3752 prmsens
650 3696 787 3752 opus
813 3681 1052 3734 animum
1087 3682 1332 3750 appulit,
1371 3685 1702 3751 Χρονικοὺς
1739 3685 2015 3750 Κανόνας
2049 3684 2372 3752 scripsisse,
2431 3691 2484 3736 et
2534 3697 2598 3737 ea
2633 3682 2855 3752 quidem
2889 3692 3068 3738 mente
3093 3723 3107 3748 ,
3153 3693 3213 3737 ut
3242 3684 3445 3756 Moysis
3498 3702 3662 3756 teque

376 3784 542 3846 atque
572 3777 828 3842 aliorum,
859 3778 951 3847 qui
983 3786 1108 3848 post
1142 3793 1266 3834 eum
1305 3776 1479 3840 fuere,
1516 3778 1905 3848 prophetarum
1933 3785 2261 3834 vetustatem
2289 3777 2616 3832 vindicaret.
2648 3776 2881 3843 Quinam
2913 3793 3041 3832 vero
3071 3778 3126 3830 hi
3154 3780 3429 3847 Χρονικοὶ
3465 3782 3663 3833 Κανό-

375 3883 479 3936 νες
507 3870 618 3925 sint
642 3911 657 3937 ,
710 3869 868 3925 facile
903 3871 1266 3941 intelligitur:
1305 3869 1567 3924 nimirum
1600 3869 1677 3923 illi
1710 3870 1837 3939 ipsi,
1867 3885 2006 3939 quos
2047 3871 2294 3939 Scaliger
2326 3869 2380 3922 iu
2409 3867 2678 3922 Thesauro
2709 3878 2999 3938 temporum
3027 3877 3175 3923 tomo
3197 3870 3374 3939 primo
3413 3873 3664 3942 vulgavit

378 3963 770 4018 Amstelodami
809 3978 896 4017 an.
937 3963 1076 4017 1658
1109 3981 1122 4016 :
1155 3963 1356 4033 quippe
1390 3961 1444 4014 in
1477 3961 1623 4014 illius
1651 3961 1832 4030 operis
1877 3961 2146 4030 prommio
2185 3961 2326 4015 idem
2364 3959 2468 4012 hoc
2508 3957 2727 4014 Eusebii
2780 3959 3124 4030 propositum
3160 3961 3388 4031 legitur;
3432 3978 3499 4016 ex
3545 3979 3660 4034 quo

380 4056 601 4112 lectoris
653 4055 829 4126 gratia
887 4057 1137 4125 pluscula
1190 4055 1300 4110 huc
1344 4053 1717 4108 transcribere
1762 4054 1976 4123 placet,
2039 4053 2134 4108 sed
2164 4052 2356 4106 Latine
2388 4059 2622 4116 tantum,
2659 4052 2788 4122 quia
2845 4050 3178 4124 Hieronymo
3209 4055 3552 4124 interprete:
3592 4088 3664 4099 —

383 4168 401 4199 ς
437 4148 697 4218 Moysem,
731 4147 929 4216 inquit,
962 4147 1142 4216 gentis
1189 4145 1462 4210 Hebrmm,
1494 4147 1587 4216 qui
1625 4145 1838 4215 primus
1885 4145 2129 4199 omnium
2175 4145 2566 4214 prophetarum
2616 4154 2742 4198 ante
2775 4143 3068 4198 adventum
3103 4143 3315 4200 Domini
3350 4145 3678 4205 Salvatoris.

375 4243 589 4296 divinas
623 4241 766 4310 leges
801 4241 999 4297 litteris
1030 4241 1342 4312 explicavit,
1371 4238 1553 4293 Inachi
1590 4239 1762 4293 fuisse
1793 4239 2131 4307 temporibus
2156 4241 2512 4295 eruditissimi
2540 4242 2642 4294 viri
2667 4241 3032 4303 tradiderunt,
3064 4255 3131 4294 ex
3164 4243 3372 4296 nostris
3396 4241 3661 4302 Clemens

373 4340 428 4386 et
460 4333 772 4395 Africanus,
805 4339 858 4386 et
889 4330 1184 4397 Tatianus;
1218 4347 1283 4387 ex
1308 4330 1512 4385 Judaais
1544 4328 1815 4400 Joscphus
1861 4339 1914 4383 et
1947 4328 2160 4393 Justus,
2196 4333 2395 4387 veteris
2422 4333 2666 4388 historia:
2712 4342 3063 4390 monumenta
3095 4334 3446 4404 replicantes.
3485 4338 3661 4394 Porro

375 4424 610 4480 Inachus
641 4425 953 4495 quingentis
992 4426 1152 4481 annis
1183 4425 1482 4494 Trojanum
1513 4425 1714 4479 bellum
1766 4423 2055 4478 antecedit.
2099 4424 2176 4478 Ex
2205 4427 2440 4482 ethnicis
2480 4445 2608 4485 vero
2639 4431 2840 4500 impius
2877 4431 2968 4486 ille
2997 4429 3336 4502 Porphyrius
3368 4434 3423 4486 in
3459 4447 3670 4504 quarto.

375 4519 557 4587 operis
581 4519 666 4573 sui
698 4518 854 4580 libro,
880 4517 1024 4587 quod
1059 4519 1348 4573 adversum
1383 4533 1484 4572 nos
1522 4532 1682 4572 casso
1706 4517 1891 4571 labore
1924 4519 2226 4581 contexuit,
2253 4529 2376 4588 post
2408 4521 2650 4593 Moysem
2681 4524 3026 4580 Semiramim
3055 4525 3223 4582 fuisse
3253 4529 3512 4592 affirmat,
3534 4546 3661 4600 qua:

374 4609 517 4678 apud
559 4609 816 4679 Assyrios
847 4622 910 4660 ει.
952 4615 1076 4661 ante
1109 4608 1373 4660 Inachum
1405 4609 1652 4677 regnavit
1681 4622 1876 4661 annos.
1911 4606 2101 4678 Itaque
2153 4610 2310 4677 juxta
2365 4628 2487 4665 eum
2522 4629 2650 4668 occc
2676 4632 2813 4686 pene
2845 4625 2900 4671 et
2935 4633 2964 4670 ι.
3021 4620 3182 4674 annis
3235 4619 3477 4690 Trojano
3511 4623 3658 4678 bello

375 4701 586 4773 Moyses
618 4701 803 4756 senior
834 4701 1128 4755 invenitur.
1160 4701 1297 4755 Cum
1327 4701 1440 4754 haec
1467 4701 1542 4754 ita
1571 4717 1630 4756 se
1656 4701 1912 4766 habeant,
1936 4705 2308 4758 necessarium
2334 4705 2464 4760 duxi
2499 4710 2784 4764 veritatem
2811 4711 3454 4786 diligentiuspersequi-:
3496 4727 3550 4772 et
3585 4720 3657 4774 ob

375 4793 427 4847 id
453 4794 506 4846 in
533 4794 698 4863 priori
725 4793 864 4846 libro
887 4793 1042 4862 quasi
1066 4792 1355 4863 quamdam
1388 4793 1673 4848 materiam
1707 4793 1892 4848 futuro
1925 4796 2079 4864 operi
2111 4797 2355 4851 omnium
2391 4815 2576 4870 regum
2628 4803 2760 4856 mihi
2797 4812 3045 4874 tempora
3099 4811 3400 4876 prtenotavi
3429 4849 3446 4874 ,
3488 4811 3664 4867 Chal‘

373 4889 635 4949 daorum,
668 4885 1040 4956 Assyriorum,
1076 4885 1380 4949 Medorum,
1419 4885 1736 4950 Persarum,
1768 4886 2070 4959 Lydorum,
2121 4889 2500 4956 Hebraeorum,
2539 4892 2946 4965 Egyptiorum,
2972 4898 3329 4956 Macedonum
3352 4945 3367 4968 ,
3426 4903 3658 4962 Latino.

374 4993 518 5043 rum,
552 4978 643 5048 qui
671 4986 858 5048 postea
882 4976 1115 5033 Romani
1141 4977 1443 5047 nuncupati
1484 4987 1646 5045 sunt;
1678 4981 1730 5033 in
1756 4983 2010 5050 praesenti
2045 4992 2251 5046 autem,
2287 4986 2428 5054 stylo
2459 4987 2649 5040 eadem
2683 4996 2928 5059 tempora
2955 5000 3149 5046 contra
3180 5010 3239 5047 se
3286 4995 3525 5052 invicem
3551 5015 3660 5070 po-

376 5087 533 5134 nens,
567 5081 620 5125 et
655 5071 996 5140 singularum
1031 5071 1274 5141 gentium
1328 5085 1503 5125 annos
1547 5071 1930 5138 dinumerans,
1969 5083 2027 5128 ut
2057 5076 2187 5145 quid
2243 5087 2578 5132 coaetaneum
2625 5081 2826 5151 cuique
2873 5083 3009 5146 fuit,
3073 5086 3146 5139 ita
3181 5088 3404 5144 curioso
3456 5093 3656 5149 ordine

373 5165 642 5235 coaptavi.
677 5162 865 5235 Neque
898 5180 984 5219 me
1014 5164 1150 5233 fugit
1192 5165 1246 5218 in
1273 5162 1515 5219 Hebrzeis
1542 5166 1827 5222 codicibus
1872 5169 2221 5225 dissonantes
2251 5182 2468 5226 aetatum
2504 5188 2679 5229 annos
2729 5175 2984 5238 inveniri,
3019 5179 3250 5249 plusque
3301 5182 3388 5234 vel
3433 5184 3652 5248 minus.

375 5267 533 5331 prout
569 5260 959 5330 interpretibus
988 5260 1164 5314 visum
1209 5266 1314 5322 est,
1343 5261 1620 5316 Iectitari:
1657 5265 2108 5335 sequendumque
2157 5266 2289 5320 illud
2328 5270 2530 5337 potius,
2569 5271 2714 5340 quod
2746 5274 3203 5343 exemplariorum
3245 5277 3546 5332 multitudo
3598 5278 3653 5330 in

373 5355 531 5408 fidem
569 5355 754 5408 traxit.
791 5352 993 5408 Verum
1025 5361 1304 5424 utcunque
1335 5353 1460 5425 quis
1492 5355 1636 5410 volet
1687 5367 1988 5427 computet,
2021 5369 2076 5413 et
2113 5363 2347 5431 reperiet
2383 5361 2570 5418 Inachi
2620 5368 2981 5435 temporibus,
3011 5383 3172 5436 quem
3211 5369 3452 5436 primum
3491 5369 3656 5440 Argis

371 5462 628 5516 regnasse
653 5447 826 5510 aiunt,
856 5447 1223 5516 patriarcham
1255 5445 1608 5502 Hebraeorum
1638 5447 1810 5504 fuisse
1842 5449 2093 5505 lsraelem
2128 5471 2140 5506 :
2178 5469 2208 5507 a
2237 5469 2347 5524 quo
2395 5454 2686 5510 duodecim
2729 5457 3048 5514 Judteorum
3087 5460 3266 5515 tribus
3301 5462 3527 5518 Israelis
3555 5480 3655 5517 κο-

369 5538 626 5591 cabulum
670 5538 877 5592 sortitae
905 5544 1074 5592 sunt:
1109 5537 1456 5594 Semiramim
1503 5548 1685 5596 autem
1724 5549 1778 5596 et
1822 5542 2092 5598 Abraham
2127 5549 2564 5616 contemporales
2618 5550 2786 5604 fuisse
2836 5552 3190 5606 manifestum
3233 5561 3340 5607 est.
3401 5553 3656 5624 Namque

371 5627 811 5697 Moyses,junior
847 5628 974 5684 licet
1007 5644 1170 5698 supra
1203 5629 1366 5685 dictis
1393 5632 1486 5696 sit,
1529 5633 1598 5687 ab
1629 5634 1886 5688 omnibus
1915 5642 2119 5700 tamen,
2153 5654 2294 5708 quos
2333 5638 2506 5694 Graeci
2539 5641 2954 5711 antiquissimos
2983 5652 3198 5712 putant,
3235 5645 3427 5698 senior
3453 5645 3656 5716 depre-

376 5718 629 5770 henditur
659 5737 671 5770 :
708 5717 945 5774 Homero
977 5720 1186 5776 scilicet
1243 5729 1299 5777 et
1329 5723 1570 5780 Hesiodo
1596 5767 1610 5791 ,
1657 5725 2006 5799 Trojanoque
2038 5731 2202 5794 bello,
2246 5747 2310 5786 ac
2357 5735 2532 5790 multo
2582 5736 2837 5806 superius
2872 5735 3126 5801 Ilercule,
3165 5735 3370 5792 Muszeo
3399 5778 3414 5801 ,
3469 5737 3649 5805 Lino,

371 5806 632 5872 Chirone,
653 5807 888 5877 Orpheo,
925 5810 1172 5878 Castore,
1205 5812 1452 5884 Polluce,
1478 5816 1813 5892 Esculapio,
1846 5819 2062 5890 Libero,
2102 5823 2394 5896 Mercurio,
2423 5827 2704 5899 Apolline,
2737 5828 3059 5898 ceterisque
3092 5829 3201 5884 diis
3231 5831 3478 5900 grntium
3502 5870 3518 5896 ,
3551 5843 3648 5898 sa-_
