3826 6216
113 364 142 403 τ
158 346 284 404 0’2!
1199 342 1499 437 EELO’GIE
1537 338 1697 401 PRO]

1810 343 2026 399 L'l‘lCJE.
2069 372 2138 382 -——
2176 341 2306 397 LIB.
2350 331 2426 397 ι’
3311 332 3447 393 IMR

114 464 383 532 erisque
418 463 503 519 rei
528 464 768 532 vatibus,
802 453 977 535 ipsius
1008 472 1229 533 quoque
1258 459 1410 515 Jovis
1440 460 1633 531 gestis,
1648 474 1822 529 quem
1856 456 2068 513 Gracia
2100 457 2153 513 in
2182 473 2312 513 arce
2336 454 2664 526 {divinitatis
2689 453 3003 511 collocavit.
3032 451 3166 519 Hos,
3198 449 3449 524 inquam,

115 568 375 623 omnes,
410 548 553 628 quos
578 559 1048 625 enumeravimus,
1077 557 1241 612 etiam
1272 565 1399 627 post
1425 555 1724 626 Cecropem
1776 552 2068 626 Dipliyem,
2099 555 2338 625 primum
2378 551 2575 607 Attica:
2598 565 2803 622 regem,
2831 549 3004 606 fuisse
3028 548 3410 606 convincimus
3428 567 3447 605 :

115 647 463 719 Cecropem
490 659 672 705 autem
703 665 947 722 praesens
975 649 1209 706 historia
1243 646 1418 717 Moysi
1458 654 1798 701 coaetaneum
1829 646 2118 710 ostendet,
2159 651 2215 700 et
2237 642 2563 699 antecedere
2585 642 2888 714 Troianum
2915 641 3120 697 bellum
3154 638 3315 695 annis
3336 644 3451 695 tre~

117 739 343 793 centis
377 739 795 810 quinquaginta.
822 738 979 805 Quod
1008 755 1078 796 ne
1106 739 1196 795 cui
1219 737 1447 794 dubium
1476 737 1747 801 videatur,
1772 735 2029 807 frequens
2065 735 2207 790 ratio
2229 734 2311 791 sic
2341 734 2617 805 probabit,
2655 754 2675 786 ι
2702 742 2810 791 etc.
2839 732 3118 791 Hactenus
3136 734 3444 801 Eusebius;

117 845 202 883 ex
242 831 459 901 quibus
489 831 846 888 manifestum
877 832 1081 897 evadit,
1110 830 1364 887 eumdem
1404 829 1559 884 illum
1589 838 1644 885 et
1675 830 1935 899 prommii
1973 829 2177 894 nostri,
2215 827 2431 899 Eclagis
2453 828 2768 898 propheticis
2803 827 3033 899 praeﬁxi,
3061 835 3117 883 et
3141 823 3447 896 Χρονικῶν

124 925 451 980 Karer
481 933 762 981 auctorem
801 941 924 982 esse
941 944 964 981 .:
997 925 1141 996 quod
1165 923 1493 995 prooemium
1523 938 1650 978 cum
1680 938 1781 994 pro
1810 922 2024 995 Eclogis
2050 964 2066 990 ,
2118 930 2172 979 et
2199 937 2310 978 una
2348 922 2651 994 eademque
2688 937 2877 989 manu,
2900 937 3009 993 qua
3037 922 3143 978 illae
3173 923 3229 977 in
3254 920 3447 976 codice

121 1022 426 1091 scriptum
451 1022 547 1087 sit,
573 1038 685 1078 non
715 1023 931 1090 dubito,
965 1023 1098 1096 quin
1134 1023 1373 1077 lectores
1405 1019 1514 1075 mei
1543 1033 1655 1075 una
1678 1034 1897 1076 mecum
1926 1035 2028 1091 pro
2056 1033 2190 1074 vero
2218 1021 2614 1088 compertoque
2660 1016 2900 1072 habituri
2931 1015 3062 1081 sint,
3093 1015 3201 1072 has
3224 1031 3445 1087 quoque

124 1113 386 1184 Eclogas
421 1121 643 1170 nostras
692 1114 939 1184 ejusdem
990 1114 1213 1170 Eusebii
1241 1112 1512 1183 Pamphili
1546 1114 1844 1184 genuinum
1894 1128 2036 1184 opus
2067 1127 2213 1169 esse.
2253 1109 2429 1166 Porro
2457 1122 2638 1166 autem
2668 1109 3062 1182 κριτικώτατος
3097 1110 3341 1182 Scaliger
3384 1112 3442 1167 in

124 1205 428 1276 promio
460 1205 527 1261 ad
559 1204 891 1261 Tltesaurum
919 1221 1081 1261 suum
1107 1204 1252 1261 ridet
1277 1203 1882 1277 Hieronymum,quod,
1908 1204 2109 1275 inquit.
2142 1203 2333 1259 Graeca
2370 1202 2594 1259 Eusebii
2624 1218 2733 1257 non
2763 1212 3051 1259 assecutus
3076 1244 3093 1270 ,
3144 1202 3439 1259 Eusebium

123 1297 543 1353 Chronicorum
575 1311 802 1354 suorum
847 1298 1116 1369 ἐπιτομήν
1149 1297 1554 1367 conscripsisse
1592 1297 1898 1353 arbitratus
1951 1297 2043 1352 sit.
2092 1295 2144 1351 ls
2178 1297 2333 1352 locus
2374 1297 2578 1368 legitur
2618 1296 2675 1350 in
2718 1297 2947 1367 prologo
2987 1295 3245 1353 Historia:
3273 1299 3441 1354 eccle-

122 1395 389 1451 siastica!
420 1393 648 1450 Eusebii
676 1412 689 1448 :
725 1393 867 1464 Ἤδη
901 1392 1002 1464 μὲν
1033 1389 1126 1448 οὖν
1149 1393 1355 1447 τούτων
1388 1393 1484 1448 καὶ
1516 1395 1803 1467 πρότερον,
1835 1395 1894 1447 ἐν
1920 1390 2002 1457 οἷς
2027 1391 2443 1464 διετυπὼσαμεν
2478 1391 2791 1462 Χρονικοῖς
2818 1392 3118 1460 Κανόσιν,
3172 1395 3441 1468 ἐπιτομὴν

121 1491 582 1563 κατεστησάμην
606 1503 623 1520 ⁶
680 1489 1064 1562 πληρεστάτην
1115 1489 1159 1543 δ’
1206 1486 1299 1544 οὖν
1337 1491 1488 1562 ὅμως
1536 1488 1719 1544 αὐτῶν
1771 1490 1865 1543 ἐπὶ
1922 1488 2020 1543 τοῦ
2070 1489 2339 1560 παρόντος
2393 1486 2658 1560 ὡρμήθην
2693 1487 2794 1560 τὴν
2827 1488 3105 1559 ἀφήγησιν
3143 1490 3437 1546 ποιεῖσθαι.

119 1592 276 1651 Quae
308 1583 549 1640 Ruﬁnus
575 1583 770 1641 Latine
798 1584 1073 1640 convertit
1097 1585 1179 1640 sic
1209 1603 1224 1640 :
1263 1570 1517 1651 Quamvis
1541 1583 1658 1653 jam
1680 1583 1745 1638 de
1774 1584 1857 1638 his
1890 1584 2019 1653 ipsis
2051 1582 2310 1637 nonnulla
2330 1581 2570 1636 etiamin
2596 1580 2886 1635 Chronicis
2914 1580 2990 1651 (id
3017 1590 3094 1636 est
3120 1582 3176 1635 in
3201 1598 3261 1635 eo
3287 1598 3440 1652 opere

118 1678 282 1749 quod
311 1678 381 1734 de
411 1687 705 1747 temporum
755 1678 964 1732 ratione
987 1678 1436 1749 conscripsimus)
1469 1677 1692 1732 breviter
1734 1679 2097 1747 succinctaque
2143 1675 2575 1744 perstrinxerim,
2623 1672 2829 1744 plenius
2874 1680 3048 1729 tamen
3090 1675 3146 1729 in
3187 1677 3437 1745 ρηοδεηή

120 1792 137 1821 ‹
157 1786 294 1838 pere
326 1770 663 1841 singulorum
694 1771 1058 1827 narrationem
1089 1771 1295 1840 aperire
1335 1769 1679 1825 tentabimus.
1707 1770 1789 1824 Ad
1819 1785 1942 1840 quae
1977 1768 2223 1838 Scaliger
2252 1786 2265 1822 :
2304 1786 2323 1820 ε
2366 1766 2568 1832 Recte,
2605 1767 2805 1837 inquit,
2841 1765 3075 1823 Ruﬁnus
3107 1787 3121 1822 :
3156 1768 3264 1823 nisi
3287 1768 3436 1839 quod

120 1863 233 1915 ἐπὶ
270 1861 375 1916 τοῦ
416 1862 684 1935 παρόντος
715 1863 1039 1918 vertendum
1065 1871 1184 1918 erat
1209 1864 1718 1932 imprwsentiarum,
1756 1862 1840 1917 vel
1875 1877 2034 1916 nunc.
2075 1880 2093 1913 ι
2130 1859 2256 1914 Haec
2286 1859 2379 1915 ille
2405 1878 2418 1913 :
2452 1865 2509 1913 at
2527 1874 2648 1914 mea
2668 1859 2888 1927 quidem
2912 1860 3206 1925 sententia,
3229 1861 3435 1917 rectius

120 1952 335 2008 Graeca
370 1952 591 2009 Eusebii
630 1961 920 2009 assecutus
945 1964 1030 2011 est
1064 1955 1466 2031 Hieronymus,
1513 1972 1678 2026 quam
1735 1955 1821 2010 vel
1868 1953 2134 2019 Ruﬁnus,
2179 1954 2265 2007 vel
2303 1955 2333 2007 ὁ
2372 1953 2514 2007 πάνυ
2557 1952 2842 2023 Scaliger:
2896 1969 3022 2009 nam
3058 1954 3114 2009 in
3166 1955 3434 2025 prommio

125 2053 342 2102 nostro
370 2046 520 2102 clare
552 2046 870 2116 diserteque
904 2047 979 2100 ait
1009 2045 1281 2102 Eusebius
1305 2089 1321 2114 ,
1381 2046 1697 2116 Χρονικοὺς

1810 2046 2125 2111 »ντὰξαντες
2162 2045 2436 2111 Κανόνας
2460 2084 2475 2109 ,
2517 2046 2787 2117 ἐπιτομήν
2823 2062 2884 2099 τε
2920 2046 3131 2110 τούτοις
3169 2045 3434 2102 παντοδα-

119 2137 245 2208 πῆς
278 2136 528 2207 ἱστορίας
577 2137 845 2209 Ἑλλήνων
879 2156 939 2192 τε
978 2139 1074 2192 καὶ
1120 2139 1415 2213 βαρϐάρων
1444 2142 1697 2212 ἀντιπαρε

1810 2156 1931 2203 ντες,
1976 2157 2033 2195 κ.
2073 2156 2124 2191 τ.
2157 2138 2233 2202 λ.,
2271 2154 2331 2193 se
2369 2136 2660 2194 Chronicos
2687 2139 2932 2194 Canones
2960 2140 3287 2210 scripsisse,
3320 2145 3432 2198 eis-

121 2231 383 2302 demque
410 2231 799 2303 compendium
851 2232 1017 2290 variae
1074 2234 1322 2290 historiae
1368 2241 1481 2288 tam
1537 2233 1854 2290 Graecorum
1887 2249 2051 2304 quam
2099 2239 2154 2288 et
2185 2232 2419 2286 aliarum
2453 2233 2698 2302 gentium
2733 2247 2801 2287 ex
2834 2231 3065 2288 adverso
3118 2232 3371 2303 posuisse
3410 2251 3428 2288 :

122 2328 307 2378 trium
351 2324 497 2379 enim
532 2326 623 2381 hic
661 2325 1007 2381 diversorum
1047 2342 1277 2397 operum
1306 2342 1533 2382 suorum
1565 2344 1697 2383 mem

1810 2344 1816 2380 ι
1845 2327 2117 2383 Eusebius
2151 2344 2163 2380 :
2203 2324 2391 2397 primi,
2425 2325 2830 2394 Παντοδαπῆς
2860 2326 3131 2394 ἱστορίας
3154 2342 3168 2355 ·
3202 2327 3430 2383 alterius

120 2419 455 2488 Χρονικῶν
479 2423 770 2476 Κανόνων
793 2437 806 2451 ·
849 2423 1018 2486 tertii,
1067 2423 1388 2494 Ἐπιτομῆς
1409 2424 1697 2479 amr-coda:

1831 2426 2121 2494 ἱστορίας.
2152 2424 2398 2482 Primum
2429 2424 2723 2496 separatim
2752 2423 2926 2479 edidit
2966 2423 3270 2493 Eusebius,
3318 2425 3430 2480 duo

125 2511 353 2581 reliqua
384 2510 749 2581 coniunctim,
775 2518 837 2568 ut
861 2513 949 2569 vel
979 2512 1144 2568 hodie
1177 2515 1357 2570 solent
1390 2516 1605 2585 vulgari
1640 2534 1653 2569 :
1696 2530 1862 2585 quam
1896 2515 2062 2571 etiam
2093 2515 2165 2570 ob
2192 2533 2418 2574 causam
2454 2514 2978 2572 emendandse'mihi
3008 2517 3269 2571 vitientur
3311 2516 3430 2587 epi-

120 2603 363 2672 gz-aplm
390 2616 421 2655 a
457 2600 739 2673 Scaligero
768 2604 950 2673 editae,
985 2619 1051 2659 ac
1089 2606 1328 2676 primum
1363 2606 1585 2676 quidem
1624 2605 1849 2663 Eusebii
1881 2622 2023 2678 opus
2047 2606 2292 2676 titulum,
2322 2617 2385 2664 ut
2420 2608 2657 2672 videtur,
2689 2607 2834 2662 ferre
2871 2606 3135 2676 deberet,
3191 2612 3426 2662 Παντο-

120 2693 343 2763 ὃαπῆς
377 2694 651 2773 ἱστορίας
689 2694 906 2767 (cujus,
969 2704 1065 2750 aut
1111 2698 1412 2767 persimilis
1458 2699 1786 2770 epigraphes
1823 2700 2031 2757 Gellius
2078 2717 2297 2774 quoque
2343 2703 2592 2758 meminit
2638 2702 2693 2755 in
2744 2700 3062 2771 prtei‘atione
3116 2703 3184 2757 ad
3226 2702 3424 2759 Noctes

120 2785 398 2857 Atticas.)
424 2794 539 2851 aut,
575 2794 634 2842 ut
667 2787 722 2842 in
776 2790 1077 2860 exemplari
1113 2805 1214 2845 suo
1245 2791 1377 2864 legit
1418 2792 1697 2864 Hieronyn

1810 2833 1817 2858 ,
1853 2794 2154 2849 Εὐσεϐἱου
2191 2793 2300 2849 τοῦ
2333 2795 2651 2866 Παμφίλου
2697 2795 3132 2864 Χρονογραεοία.
3173 2795 3422 2851 Altertr'n

120 2896 297 2946 vero,
338 2879 613 2947 Χρονικοὶ
636 2882 906 2949 Κανόνες
941 2884 1068 2938 σὺν
1093 2884 1353 2955 ἐπιτομῇ
1393 2886 1697 2942 παντοδαπ

1818 2889 2108 2960 ἱστορίας.
2153 2887 2262 2945 Sed
2301 2889 2419 2945 haec
2448 2888 2527 2944 illi
2553 2887 2899 2946 discutienda
2930 2889 3288 2961 relinquimus
3324 2889 3421 2961 qni

122 2982 195 3024 ao
228 2969 448 3027 edenda
480 2971 702 3030 Eusebii
741 2990 907 3046 opera
941 2976 1187 3031 animum
1222 2979 1518 3049 appulerit.
2980 3001 2987 3007 ‘

924 3349 1096 3465 EC
1117 3348 1535 3466 LOG/E
1614 3347 2626 3464 PROPHETIC/E.

1298 3588 1666 3678 LIBER
1737 3586 2232 3681 PRIMUS.

116 3985 182 4055 (⁸.
206 3986 263 4055 1)
282 3948 445 4056 λόγου
473 4003 531 4040 τε
549 3987 646 4049 καὶ
668 3938 783 4058 βίου
807 3938 1320 4055 ὲιεξοδευθείσαοτὰς
1338 3938 1466 4063 περὶ
1484 3941 1577 4044 τοῦ
1592 3939 1697 4044 ’Κυι

1818 3988 2086 4046 Sermone
2133 4000 2188 4048 et
2216 3992 2328 4047 vita
2373 4001 2634 4050 accurate
2676 3993 2930 4052 discussa
2966 3993 3034 4051 de
3082 3995 3315 4054 Domino
3351 4007 3409 4057 et

118 4081 240 4150 ,ζου
273 4079 370 4133 καὶ
403 4079 658 4152 Σωτῆρος
697 4081 860 4152 ἡμῶν
905 4081 1079 4153 Ἰησοῦ
1112 4082 1350 4155 Χριστοῦ
1385 4083 1713 4161 μαρτυρίας,

113 4169 183 4227 δι’
207 4170 461 4242 ἐναργῶν
484 4173 579 4235 καὶ
602 4171 831 4238 πιστῶν,
851 4172 945 4226 καὶ
958 4173 1173 4246 ἀληθῶν
1192 4172 1518 4243 ἀποδείξεών
1536 4192 1594 4228 τε
1619 4176 1714 4228 καὶ

115 4262 500 4334 συλλογισμῶν
534 4264 844 4328 ὲπιστοῦτο,
876 4265 1158 4341 βραχείαις
1204 4267 1399 4339 κομιδῇ
1445 4270 1565 4330 ταῖς
1606 4266 1715 4325 ἀπὸ

112 4356 226 4407 τῶν
254 4355 411 4428 παρά
430 4373 490 4409 τε
506 4355 781 4421 Ἰουδαίοις
808 4358 903 4412 καὶ
928 4361 1059 4430 ἡμῖν
1080 4359 1531 4431 πεπιστευμένων
1553 4358 1713 4414 θείων

114 4445 356 4518 Γραφῶν
396 4447 492 4501 ἐπὶ
525 4448 670 4502 τέλει
703 4451 1024 4523 χρησαμένη
1076 4452 1438 4524 μαρτυρίαις’
1476 4453 1599 4513 ἐπεὶ
1638 4452 1714 4525 μὴ

112 4538 171 4591 δὲ
202 4537 367 4604 ἄλλος
407 4539 530 4613 ᾔρει
565 4540 722 4612 λόγος
753 4544 866 4607 τοῖς
906 4526 991 4597 ’ἔτι
1017 4545 1196 4615 πάντη
1224 4548 1343 4610 ταῖς
1377 4544 1551 4610 θείαις
1583 4547 1712 4599 ἀπι-

119 4627 341 4682 στοῦσιν
384 4630 631 4702 Γραφαῖς
683 4632 926 4702 δαψιλεῖς
974 4633 1034 4701 ἐξ
1079 4618 1259 4697 αὐτῶν
1314 4637 1712 4709 παρατίθεσθαι

112 4721 214 4785 τὰς
275 4723 587 4788 συστάσεις.
636 4725 719 4778 Τά
761 4742 826 4794 γε
869 4726 981 4800 μὴν,
1014 4728 1072 4779 ἐν
1110 4729 1297 4799 χερσὶν
1338 4732 1452 4793 τοῖς
1498 4731 1564 4783 ἐκ
1611 4730 1712 4801 τῆς

114 4812 346 4869 ἐκείνων
386 4815 716 4884 ἀποδείξεως
746 4812 836 4872 οἶα
865 4802 930 4891 δὴ
979 4817 1153 4883 θείαις
1182 4820 1284 4891 ἤδη
1319 4822 1413 4874 καὶ
1450 4820 1710 4876 θεοπνεύ-

114 4923 267 4969 στοις
314 4907 595 4965 πιστεύειν
646 4908 924 4978 ὀφείλουσι
966 4912 1088 4975 ταῖς
1136 4899 1308 4984 ἱεραῖς
1358 4913 1602 4985 Γραφαίς
1649 4914 1711 4968 τὸ

110 4994 300 5055 λεῖπον
320 4997 560 5062 ἐκείναις
580 4998 1004 5071 ἀποπληροῦντα
1025 5001 1353 5075 ἐπεπόνητο,
1376 5000 1709 5075 Συναγωγὴν

111 5086 441 5159 περιέχοντα
480 5086 785 5161 συλλήϐδην
861 5127 875 5143 .
958 5129 972 5142 .
1053 5128 1071 5145 .
1150 5129 1167 5147 .
1247 5131 1263 5147 .
1343 5132 1359 5146 .
1435 5093 1707 5167 περὶτοῦ

1818 4083 2105 4140 8.ιινειοιό
2134 4093 2329 4140 nostro
2368 4083 2498 4142 Jesu
2530 4086 2752 4144 Christo
2786 4088 3129 4156 testimonia,
3171 4107 3269 4162 per
3302 4092 3411 4148 cla-

1815 4192 1928 4240 ras,
1973 4176 2275 4247 ﬁdelesque
2320 4184 2375 4232 et
2411 4192 2570 4234 veras
2604 4178 3109 4236 demonstrationes
3137 4188 3193 4236 ct
3236 4184 3408 4238 ratio-

1815 4269 2126 4325 cinationes
2165 4268 2618 4335 conﬁrmabatur,
2638 4271 2897 4326 brevibus
2913 4270 3204 4343 diligenter
3258 4271 3405 4328 Scri-

1815 4374 2100 4436 pturarum
2131 4364 2466 4429 divinarum,
2490 4380 2612 4436 quae
2636 4364 2779 4436 apud
2809 4362 3029 4422 Judeeos
3061 4376 3115 4422 et
3138 4366 3282 4438 apud
3302 4381 3406 4424 nos

1815 4457 2140 4521 creduntur,
2187 4462 2466 4526 postremo
2518 4471 2619 4512 usa
2671 4457 3037 4525 testimoniis;
3101 4473 3225 4513 cum
3281 4460 3405 4531 qui-

1815 4549 1940 4605 dem
1975 4563 2086 4603 non
2118 4548 2225 4603 alia
2279 4557 2427 4604 esset
2468 4548 2633 4611 ratio,
2694 4547 3007 4604 divinarum
3057 4550 3237 4608 adhuc
3285 4567 3404 4606 om-

1814 4641 1950 4695 nino
1983 4639 2394 4711 Scripturarum
2436 4638 2739 4695 incredulis
2774 4640 2983 4711 largam
3030 4656 3095 4698 ex
3131 4643 3201 4700 iis
3230 4649 3405 4699 mate-

1813 4732 1977 4787 riam
2012 4731 2353 4787 conferendi.
2411 4730 2545 4797 Quae
2603 4731 2772 4803 igitur
2818 4733 2873 4786 in
2905 4748 3074 4788 manu
3107 4743 3290 4800 erant,
3333 4735 3402 4791 iis

1812 4825 1906 4897 qni
1967 4831 2192 4896 propter
2258 4824 2456 4880 horum
2523 4823 3047 4881 demonstrationem
3122 4827 3209 4882 vel
3261 4826 3404 4882 divi-

1812 4902 1924 4983 nis,
1981 4917 2069 4972 vel
2114 4916 2381 4973 divinitus
2435 4915 2633 4973 amatis
2678 4916 2905 4973 credere
2948 4917 3148 4975 debent
3192 4921 3401 4978 sanctis

1815 5008 2141 5080 Scripturis,
2171 5024 2294 5080 qua:
2326 5008 2436 5064 illis
2481 5007 2683 5065 desunt
2722 5011 3078 5082 complentia,
3120 5013 3402 5070 elaborata

1811 5108 1990 5167 erant,
2018 5098 2363 5175 Synagogam
2395 5116 2508 5157 uno
2546 5101 2717 5157 verbo
2762 5104 3280 5175 comprehendentia
3322 5147 3337 5162 .
3383 5150 3397 5164 .

109 5177 319 5251 Κυρίου
348 5181 448 5259 ’καὶ
489 5181 745 5253 Σωτῆρος
792 5182 949 5254 ἡμῶν
987 5184 1164 5257 Ἰησοῦ
1205 5184 1445 5259 Χριστοῦ
1492 5204 1697 5259 προφη-

1816 5232 1830 5247 .
1876 5210 1897 5259 ;,
1937 5232 1951 5247 .
2117 5235 2135 5255 ,ι
2178 5232 2194 5247 .
2240 5194 2275 5247 ,⁷
2303 5236 2316 5250 .
2362 5232 2377 5248 .
2421 5235 2435 5249 .
2477 5192 2546 5248 de
2570 5191 2806 5248 Domino
2831 5201 2885 5249 et
2909 5194 3402 5255 Saivatorenostro

107 5267 639 5334 τείαν,ἃςάπὸπ.
721 5313 735 5326 .
813 5310 831 5328 .
911 5315 924 5327 .
1006 5313 1020 5327 .
1094 5292 1127 5327 τ
1204 5316 1217 5329 .
1297 5292 1332 5328 σ
1406 5315 1423 5331 .
1499 5277 1697 5333 παλαιὰ

1810 5281 1939 5340 Jesu
1972 5283 2195 5341 Christo
2236 5284 2601 5356 prophetiam,
2646 5299 2786 5355 quas
2828 5300 2861 5340 a
2903 5328 2917 5342 .
2961 5329 2975 5344 .
3021 5327 3035 5342 .
3082 5331 3096 5344 .
3141 5330 3157 5345 .
3202 5331 3216 5346 .
3260 5332 3275 5346 .
3319 5328 3336 5345 .
3381 5331 3397 5346 .

111 5360 387 5433 Διαθήκης
416 5364 507 5434 ὑφ’
536 5363 595 5417 ἒν
631 5370 959 5437 συναγαγεῖν
988 5368 1164 5435 ἔδοξεν
1185 5387 1200 5402 σ
1227 5370 1257 5426 δ
1298 5410 1313 5425 .
1394 5413 1409 5427 .
1490 5415 1504 5428 .
1588 5414 1603 5428 .
1685 5414 1697 5430 .

1813 5415 1829 5430 .
1877 5417 1891 5430 .
1939 5419 1951 5432 .
1998 5418 2013 5432 .
2056 5388 2241 5434 vetera
2281 5376 2618 5434 Testamenti
2651 5378 2707 5432 in
2743 5394 2913 5434 unum
2955 5383 3285 5440 contrahere
3317 5384 3400 5441 vi-

108 5469 295 5523 τερον’
328 5453 407 5525 πῆ
438 5454 495 5509 δὲ
528 5456 622 5509 καὶ
644 5457 710 5510 δι’
746 5459 1010 5514 ὑπονοιῶν
1047 5463 1119 5516 τὰ
1146 5464 1274 5535 περὶ
1306 5465 1472 5519 αὐτοῦ
1504 5484 1697 5540 προειρ

1810 5485 1927 5525 sum
1957 5480 2077 5538 est;
2122 5511 2136 5525 .
2181 5512 2200 5529 .
2243 5511 2258 5527 .
2305 5515 2318 5526 .
2364 5511 2381 5527 .
2427 5515 2441 5528 .
2490 5517 2503 5527 .
2547 5513 2563 5528 .
2607 5477 2900 5549 allegorice
2931 5472 3009 5534 de
3040 5479 3135 5534 illo
3157 5495 3270 5550 pra:
3310 5519 3326 5533 .
3376 5524 3391 5536 .

112 5582 127 5595 .
204 5585 220 5600 .
303 5586 317 5599 .
399 5586 415 5600 .
491 5565 550 5601 ον
574 5549 737 5611 αὐτὸν
769 5552 865 5605 καὶ
892 5553 990 5626 τὰς
1019 5555 1140 5609 κατ’
1170 5556 1335 5611 αὐτὸν
1363 5559 1697 5630 οἰκονομίας.

1810 5604 1821 5616 .
1867 5603 1880 5616 .
1925 5603 1941 5619 .
1986 5603 1999 5616 .
2046 5606 2061 5619 .
2105 5602 2121 5619 .
2167 5607 2183 5621 .
2215 5607 2229 5621 .
2263 5581 2387 5621 eum
2413 5573 2578 5639 atque
2595 5584 2826 5641 pereum
2844 5549 3255 5643 dispositiones.
3272 5573 3395 5631 Non

111 5634 245 5735 υυχὶ
274 5635 337 5735 se
362 5637 458 5690 καὶ
501 5639 587 5691 εἰσ
664 5681 677 5694 .
758 5681 772 5695 .
855 5682 870 5696 .
950 5683 963 5696 .
1044 5645 1247 5719 μύζομε
1279 5649 1315 5704 δι
1342 5648 1519 5720 πέρας
1552 5649 1697 5723 εἰλη-

1810 5665 1987 5712 autem
2009 5656 2141 5712 etin
2186 5699 2201 5713 .
2246 5696 2262 5714 .
2309 5698 2323 5712 .
2364 5701 2378 5715 .
2423 5700 2438 5715 .
2483 5702 2498 5717 .
2538 5677 2661 5733 quae
2681 5664 2960 5735 accepisse
2981 5677 3186 5722 erutum
3207 5676 3365 5724 esten

110 5724 246 5792 φότα
268 5726 565 5785 δείκνυται.
612 5732 725 5796 Τὰς
749 5733 806 5788 δὲ
827 5735 1052 5791 τοιαῦτα
1106 5778 1119 5791 .
1201 5780 1214 5792 .
1298 5780 1311 5793 .
1394 5784 1406 5796 .
1488 5782 1501 5794 .
1586 5782 1600 5795 .
1683 5783 1696 5797 .

1810 5749 2027 5807 duntur.
2054 5747 2209 5805 Talia
2240 5768 2370 5808 vero
2410 5791 2425 5805 .
2474 5796 2487 5808 .
2649 5794 2665 5809 .
2713 5796 2728 5811 .
2894 5798 2909 5812 .
2954 5800 2969 5813 .
3009 5798 3023 5811 .
3064 5758 3386 5832 dirigentes.

206 5857 221 5870 .
295 5819 571 5891 ἀρχούσας
595 5841 606 5852 ·
653 5826 744 5881 καὶ
778 5828 1055 5903 σποράδην
1094 5833 1154 5885 οὺ
1193 5833 1351 5904 μόνον
1394 5835 1697 5909 προφητεία

1804 5851 1966 5913 atque
1997 5843 2104 5900 huc
2150 5849 2205 5900 et
2245 5842 2374 5905 illuc
2419 5861 2527 5902 non
2563 5853 2770 5904 tantum
2802 5850 3088 5921 praphetia
3136 5887 3149 5911 .
3191 5891 3205 5908 .
3250 5891 3260 5905 .
3310 5891 3325 5904 .
3364 5888 3382 5903 .
