3846 6220
441 347 582 404 1θέιὸ
1085 351 1357 409 EUSEBlI
1396 350 1888 409 CASSARIENSIS
1938 350 2077 413 )PP.
2120 349 2301 406 PARS
2339 350 2426 410 Ill.
2465 382 2537 395 -
2576 352 2994 412 EXEGETICA.

439 505 460 527 .
505 509 522 526 .
565 508 580 524 .
626 512 639 525 .
687 511 702 526 .
746 512 759 525 .
799 489 922 544 quae
952 472 1006 528 in
1043 473 1294 530 historiis
1332 473 1709 530 continentur.
1739 472 1858 529 Non
1893 489 2010 546 paul

2136 512 2151 527 ο
2233 514 2249 529 .
2329 513 2344 529 ο
2423 492 2693 530 .ουσα.

439 561 523 618 cis
562 604 576 619 .
621 604 636 617 .
676 606 689 618 .
735 604 750 619 .
790 607 803 621 .
848 607 862 621 .
904 608 919 622 .
961 576 1083 622 acta
1128 567 1247 621 fore
1296 566 1497 631 utiles;
1525 581 1652 621 cum
1697 581 1809 621 non
1847 565 2006 621 facile

2133 566 2333 635 ὀλίγοις
2410 607 2424 620 .

438 654 537 712 sed
576 656 736 725 quasi
779 672 847 713 ex
891 694 907 713 .
951 696 967 711 .
1011 696 1028 712 .
1073 701 1087 713 .
1132 700 1146 715 .
1194 699 1208 712 .
1256 699 1269 713 .
1316 699 1331 714 .
1377 656 1789 727 Scripturarum
1842 672 2029 713 coram

437 747 696 801 omnibus
741 749 1084 804 recitationis
1129 764 1324 806 omnes
1371 749 1661 820 subjacere
1692 750 1751 807 in
1784 765 1849 806 os
1881 760 1937 806 et
1974 752 2030 820 in

435 837 758 891 memoriam
788 838 934 895 ferre
963 841 1298 896 volentibus.

512 926 807 1017 Sciendum
856 942 943 989 est
990 950 1115 996 nos,
1155 936 1477 1005 priusquam
1534 934 1638 991 hoc
1683 936 2028 1007 propositum

435 1022 887 1092 aggrederemur,
914 1024 1207 1082 Chronico:
1232 1026 1473 1084 Canones
1497 1028 1814 1100 scripsisse,
1834 1028 2028 1100 eisque

436 1115 825 1183 compendium
862 1118 1029 1174 varia:
1071 1119 1323 1174 historiae
1352 1128 1462 1173 tam
1506 1118 1825 1175 Grzecorum
1859 1135 2024 1191 quam

434 1214 489 1258 et
510 1206 744 1261 aliarum
777 1209 1024 1280 gentium
1053 1226 1121 1265 ex
1157 1211 1389 1267 adverso
1416 1212 1691 1282 posuisse,
1721 1212 1789 1266 ad
1822 1211 2025 1284 Moysis

436 1306 602 1367 atque
646 1300 904 1364 aliorum,
954 1302 1048 1373 qui
1081 1312 1205 1372 post
1250 1320 1376 1358 eum
1421 1304 1594 1373 fuere,
1631 1306 2024 1376 prophetarum

436 1398 763 1446 vetustatem
808 1394 1218 1450 vindicandam.
1253 1396 1350 1452 His
1381 1399 1539 1467 quasi
1586 1398 2024 1468 supplementum

433 1499 555 1553 quae
585 1484 745 1540 nobis
779 1486 833 1541 in
855 1502 1017 1540 manu
1044 1500 1204 1543 erant
1235 1492 1438 1560 passim
1472 1492 1814 1561 colligentes,
1840 1492 2025 1562 priore

434 1574 690 1630 absoluto
733 1576 801 1630 ad
853 1592 1097 1646 pra'sens
1145 1596 1284 1650 opus
1331 1597 1531 1636 rerum-
1557 1594 1755 1635 natura
1800 1581 2022 1636 adducti

434 1682 648 1723 sumus.
682 1666 838 1734 Quod
883 1670 1010 1740 quis
1058 1672 1166 1728 cite
1209 1673 1474 1742 sapientis
1503 1673 1623 1744 apis
1655 1675 1893 1728 naturali
1932 1674 2021 1729 in-

431 1759 658 1814 dustriae
700 1764 1121 1831 comparaverit,
1169 1765 1236 1818 ad
1269 1780 1432 1834 quam
1481 1780 1584 1820 nos
1635 1765 1865 1819 remittit
1927 1782 2022 1821 sa-

3584 361 3717 419 ιοξι

2772 515 2789 532 .
2831 477 3098 550 ἱστορίαις
3131 478 3591 552 ἐναποκειμένας·
3621 484 3717 537 οὑκ

2506 610 2519 622 .
2600 608 2615 620 .
2695 567 2923 640 αχθεῖσα
2955 568 3175 624 ἔσεσθαι
3220 572 3559 643 χρησίμους’
3597 575 3716 629 ἐπεὶ

2135 658 2212 731 μὴ
2241 660 2424 732 ῥᾴδιον
2447 660 2563 713 ἀλλ’
2595 661 2672 724 ὡς
2695 662 2759 714 ἐκ
2788 660 2890 732 τῆς
2968 700 2983 715 .
3061 701 3075 715 .
3152 662 3319 734 τάδην
3345 664 3456 718 τῶν
3488 665 3716 738 Γραφῶν

2133 750 2590 823 συναναγνώσεως
2612 752 2711 818 τὰς
2732 753 2911 819 πάσας
2935 754 3263 809 ὑποπίπτειν
3283 759 3398 820 τοῖς
3417 757 3527 814 ἀνὰ
3546 757 3717 831 στόμα

2132 845 2225 899 καὶ
2257 844 2347 899 διὰ
2375 846 2598 917 μνήμης
2626 846 2813 917 φέρειν
2850 849 3021 914 αὑτὰς
3046 848 3417 921 βουλομένοις.

2214 936 2414 991 ’ἰστέον
2444 936 2492 990 δ’
2521 936 2599 1001 ὡς
2632 938 2739 1009 πρὸ
2772 940 2869 1011 τῆς
2909 939 3192 1013 παρούσης
3226 940 3541 1005 ὑποθέσεως
3576 942 3717 1010 Χρο-

2127 1028 2340 1096 νικοὺς
2380 1029 2740 1095 συντάξαντες
2780 1032 3075 1100 Κανόνας,
3108 1032 3378 1103 ἐπιτομήν
3406 1049 3470 1085 τε
3509 1032 3716 1095 τούτοις

2129 1120 2475 1192 παντοδαπῆς
2505 1121 2746 1192 ἱστορίας
2791 1121 3056 1194 Ἑλλήνων
3086 1140 3146 1175 τε
3177 1124 3273 1177 καὶ
3306 1122 3602 1195 βαρϐάρων
3625 1123 3715 1180 ἀν-

2127 1209 2547 1282 τιπαραθέντες,
2575 1211 2678 1284 τὴν
2708 1211 2991 1275 Μωὺσέως
3020 1212 3115 1265 καὶ
3139 1211 3249 1266 τῶν
3282 1213 3341 1279 ἐξ
3386 1212 3552 1266 αὑτοῦ
3585 1230 3715 1285 πφη

2128 1302 2315 1373 φητῶν
2348 1302 2686 1376 ἀρχαιότητα
2713 1303 2778 1357 δι’
2810 1302 2991 1358 αὑτῶν
3016 1305 3476 1376 παρεστήσαμεν’
3512 1301 3594 1369 οἷς
3618 1304 3714 1376 τὴν

2129 1392 2268 1464 μετά
2310 1396 2502 1467 χεῖρας
2545 1396 2823 1467 σποράδην
2875 1393 3168 1449 ἀκόλουθον
3216 1394 3714 1466 ὑπολαμϐανόως,

2126 1485 2355 1550 εἰκότως
2399 1487 2518 1557 μετ’
2547 1486 2761 1558 ἐκείνην
2796 1484 2889 1538 ἐπὶ
2926 1484 3024 1556 τὴν
3049 1484 3331 1555 παροῦσαν
3376 1484 3713 1556 ἐληλύθαμεν

2127 1579 2509 1650 πραγματείαν
2531 1595 2546 1611 ο
2575 1580 2640 1650 ἢν
2661 1579 2756 1633 καὶ
2779 1580 3078 1652 χαριέντως
3107 1582 3171 1635 ἄν
3199 1598 3283 1642 τις
3306 1579 3387 1650 τῷ
3412 1580 3516 1650 τῆς
3543 1578 3713 1648 σοφῆς

2128 1670 2384 1741 μελίττης
2410 1672 2762 1725 ἀπεικάσειεν
2802 1671 3015 1744 φυσικῷ
3049 1673 3449 1743 σπουδάσματι,
3483 1672 3621 1743 πρὸς
3647 1672 3713 1741 ἦν

2126 1762 2468 1834 ἀναπέμπων
2500 1764 2651 1834 ἡμᾶς
2692 1766 2720 1817 ὁ
2762 1765 2823 1818 έν
2852 1765 3181 1838 Παροιμίαις
3227 1765 3371 1838 ἱερὸς
3413 1764 3573 1833 λόγος
3607 1782 3713 1834 <91?-

429 1866 524 1906 cer
562 1867 745 1907 sermo
794 1853 851 1906 in
895 1853 1209 1910 Proverbiis
1255 1855 1446 1913 dicens
1477 1876 1489 1911 :
1521 1875 1539 1907 ι
1570 1854 1721 1912 Vade
1742 1858 1809 1912 ad
1832 1872 2010 1928 apem,

2128 1858 2232 1922 σὶν,
2274 1875 2293 1909 ι
2337 1858 2409 1910 Ἢ
2434 1855 2730 1929 πορεύθητι
2760 1857 2896 1927 πρὸς
2928 1859 3025 1930 τὴν
3055 1858 3329 1930 μέλιτταν,
3361 1858 3458 1910 καὶ
3488 1856 3567 1909 ἴδε
3599 1855 3713 1919 πῶς

428 1950 483 1998 et
508 1943 631 1999 vide
651 1960 815 2014 quam
844 1961 1077 2017 operosa
1105 1948 1199 2001 sit.
1229 1963 1505 2018 quamque
1535 1950 1814 2019 egregium
1847 1950 2021 2004 conli-

428 2037 539 2090 ciat
562 2051 743 2107 opus;
773 2037 894 2109 ejus
922 2038 1166 2095 laborem
1201 2055 1359 2110 reges
1400 2052 1453 2095 et
1490 2041 1689 2112 privati
1718 2043 1785 2097 ad
1818 2043 2021 2097 sanita-

428 2139 535 2184 tem
569 2130 900 2198 comedunt;
931 2140 1088 2202 grata
1130 2139 1216 2187 est
1266 2134 1547 2201 omnibus,
1581 2143 1751 2207 atque
1783 2135 2016 2208 inclyta,

425 2221 533 2277 etsi
581 2222 796 2278 viribus
848 2223 1082 2288 debilis,
1139 2225 1466 2296 sapientiam
1517 2226 1700 2283 colere
1751 2228 2020 2300 praedica-

425 2315 582 2369 tur’.
615 2335 632 2364 ι
678 2316 1150 2382 Quemadmodum
1208 2317 1357 2373 enim
1403 2319 1520 2373 haec
1565 2319 1751 2390 Opifex
1789 2322 2017 2392 sapien-

423 2410 556 2465 tiam
610 2410 792 2466 colere
864 2409 1060 2473 fertur,
1115 2409 1424 2467 ﬂorentium
1488 2412 1801 2484 germinum
1866 2415 2018 2469 colli-

423 2516 558 2572 gens
593 2500 770 2566 utilia,
804 2508 859 2556 et
891 2499 979 2556 his
1010 2502 1270 2558 omnibus
1300 2504 1549 2559 collectis
1574 2514 1737 2575 atque
1766 2505 2020 2560 elabora-

428 2593 522 2655 tis,
554 2592 777 2663 regibus
804 2599 859 2647 et
891 2591 1122 2663 privatis
1165 2593 1462 2658 salutares,
1491 2603 1549 2657 ut
1578 2595 1655 2648 ait
1706 2593 2013 2666 Scriptura,

423 2692 645 2755 praestat
676 2683 890 2739 labores
931 2699 1083 2746 suos.
1115 2683 1259 2739 idem
1296 2685 1460 2739 etiam
1509 2686 1646 2742 istas
1687 2685 1756 2741 de
1793 2685 2018 2742 Christo

421 2774 772 2845 propheticas
798 2776 958 2831 nobis
988 2775 1243 2846 Eclogas,
1283 2792 1405 2848 qua:
1444 2785 1575 2833 sunt
1618 2776 1951 2850 ﬂorilegium
1986 2795 2018 2835 e

422 2868 593 2938 pratis
616 2866 710 2923 Dei
730 2868 1093 2939 spiritalibus,
1128 2870 1629 2940 comprehensuras
1670 2886 1795 2926 esse
1827 2871 2019 2926 existi-

420 2974 532 3024 mo,
596 2962 796 3031 quippe
842 2976 983 3016 certe
1032 2960 1338 3031 opiﬁcium,
1390 2962 1620 3032 pulchre
1672 2963 2017 3020 elaboratum

420 3052 651 3108 sinceris
718 3052 897 3108 verbis
948 3051 1229 3109 tradentes
1290 3054 1596 3110 sententias
1657 3071 1789 3111 vero
1834 3057 1890 3111 in
1948 3058 2017 3114 iis

419 3144 733 3201 reconditas
763 3146 907 3201 sicut
944 3145 1160 3202 dulcem
1203 3162 1268 3202 ac
1305 3148 1732 3203 saluberrimum
1772 3150 1895 3221 apis
1925 3166 2017 3207 sa-
2043 3186 2083 3242 C

421 3238 622 3306 pientis
657 3237 894 3293 fructum
935 3238 990 3292 in
1032 3246 1247 3294 secreto
1286 3239 1549 3295 interiore
1580 3240 1704 3296 loco
1740 3241 2009 3300 condens.

418 3327 555 3395 Quis
591 3331 734 3383 enim
783 3329 1020 3384 fidelium
1060 3346 1170 3385 non
1199 3330 1464 3387 fateretur
1497 3332 1565 3387 ab
1591 3334 1740 3387 omni
1759 3336 2009 3406 corporis

418 3420 695 3491 voluptate
734 3429 788 3475 et
814 3421 1047 3477 utilitate
1082 3422 1497 3494 incomparabili
1537 3423 1758 3482 diﬂ‘erre
1785 3428 2010 3498 praecel-

419 3513 584 3567 lentia
616 3512 884 3568 Salutares
909 3512 976 3569 de
1006 3511 1190 3570 Verbo
1222 3514 1316 3571 Dei
1340 3516 1686 3584 collationes,
1714 3518 1782 3573 ad
1808 3520 2009 3576 intelli~

416 3606 655 3674 gentiam
682 3604 1018 3660 orthodoxi-aa
1052 3605 1300 3672 idoneas,
1326 3607 1382 3661 in
1428 3609 1496 3663 iis
1519 3625 1640 3680 quae
1684 3627 1812 3667 vere
1850 3612 2006 3667 utilia

415 3704 470 3747 cl.
508 3694 751 3749 salubria
799 3696 963 3750 sunt!
999 3694 1152 3751 Hanc
1202 3698 1456 3768 amplecti
1499 3715 1728 3757 necesse
1766 3710 1852 3757 est
1896 3718 2007 3760 non

414 3793 628 3840 tantum
699 3785 966 3857 dignitate
1040 3790 1415 3860 praecellentes
1445 3831 1459 3856 ,
1529 3793 1624 3863 qui
1681 3809 1841 3866 reges
1906 3811 2008 3851 vo-

413 3883 633 3942 cantur,
687 3876 784 3931 scd
834 3884 890 3932 et
937 3878 1238 3951 subjectos,
1287 3887 1342 3936 et
1372 3882 1610 3951 primum
1638 3900 1787 3940 nunc
1817 3885 2006 3942 divino

415 3970 762 4025 attendentes
825 3971 1013 4027 verbo.
1068 3971 1280 4037 Quibus
1316 3970 1534 4031 diverse
1584 3976 1843 4034 idoneum
1888 3979 2006 4036 fore

412 4060 671 4117 existimo
716 4061 916 4117 mentis
954 4061 1241 4129 habitum,
1295 4072 1356 4118 ut
1404 4081 1733 4136 pernoscere
1790 4070 2005 4140 possint

411 4152 702 4207 veritatem
750 4166 942 4206 eorum
1002 4153 1297 4208 verborum
1334 4194 1349 4220 ,
1413 4155 1481 4211 de
1547 4157 1749 4227 quibus
1799 4158 2003 4214 eruditi

411 4241 610 4307 sunt”;
663 4248 795 4295 tunc
830 4241 1068 4297 maxime
1109 4244 1344 4313 simplici
1403 4247 1732 4319 sinceraque
1766 4246 1871 4305 ﬁde
1909 4248 2003 4303 ﬁr-

411 4347 557 4386 mam
616 4344 989 4405 consequente
1040 4336 1340 4404 liduciam,
1386 4355 1513 4394 cum
1578 4341 2003 4400 ratiocinatione

410 4433 466 4480 et
502 4425 971 4486 demonstratione
1008 4427 1370 4486 fundamenta
1400 4433 1646 4489 stabilita
1692 4436 1825 4501 sint,
1879 4451 2001 4491 cer—

411 4517 680 4573 tissimam
711 4534 894 4574 rerum
925 4520 1262 4577 creditarum
1290 4524 1706 4595 intelligentiam
1731 4533 1787 4580 et
1816 4526 2000 4582 scien-

409 4610 540 4664 tiam
601 4610 670 4665 ad
709 4649 726 4666 .
771 4649 785 4664 .
828 4649 847 4670 .
891 4652 905 4666 .
964 4651 981 4666 .
1027 4655 1041 4668 .
1086 4651 1102 4667 .
1155 4653 1171 4668 .
1215 4653 1234 4671 .
1278 4657 1292 4670 .
1340 4656 1355 4671 .
1396 4616 1563 4687 igitur
1613 4632 1818 4686 causa,
1871 4617 1999 4674 dico

410 4706 593 4754 autem
633 4739 649 4755 .
690 4738 704 4754 .
749 4739 764 4754 .
812 4741 828 4756 .
871 4741 886 4757 .
935 4743 949 4757 .
996 4743 1010 4758 .
1058 4744 1071 4759 .
1115 4743 1128 4757 .
1169 4720 1399 4762 necesse
1438 4722 1561 4771 esse
1594 4709 1820 4779 prodest
1858 4752 1873 4765 .
1919 4751 1935 4766 .
1980 4752 1996 4770 .

409 4806 427 4823 ο
471 4829 487 4845 .
532 4832 548 4848 .
590 4831 605 4847 .
653 4833 668 4847 .
713 4834 729 4848 .
774 4832 789 4847 .
834 4833 850 4849 .
894 4836 909 4851 .
954 4804 1053 4863 ,ιιι
1089 4796 1145 4851 in
1179 4801 1435 4869 prommii
1468 4802 1633 4857 modo
1662 4804 1998 4876 interpreta-

409 4883 613 4938 tionem
642 4883 793 4939 brevi
836 4922 853 4939 .
900 4925 914 4940 .
955 4925 971 4943 .
1018 4927 1035 4943 .
1079 4928 1092 4940 .
1137 4926 1153 4942 .
1203 4929 1218 4943 .
1264 4928 1278 4942 .
1323 4928 1337 4942 .
1381 4931 1397 4947 .
1444 4932 1460 4945 .
1502 4892 1742 4948 maxime
1781 4894 1997 4952 brevis-

407 4974 603 5031 simam
650 4992 958 5048 pmponere
1003 4979 1073 5036 de
1115 5018 1127 5034 .
1176 5022 1190 5036 .
1238 5022 1253 5037 .
1298 5023 1310 5035 .
1358 5020 1372 5034 .
1432 4982 1656 5053 quidem
1704 5000 1996 5058 argumen-

406 5075 522 5122 tum
552 5068 662 5124 illis
684 5070 775 5140 qui
803 5069 1028 5128 credere
1057 5071 1220 5144 quasi
1242 5071 1446 5129 divinis
1489 5113 1505 5128 .
1551 5115 1565 5129 .
1611 5116 1625 5131 .
1669 5120 1682 5131 .
1736 5116 1752 5132 .
1798 5119 1812 5132 .
1859 5122 1873 5134 .
1919 5122 1932 5136 .
1979 5119 1995 5135 .

407 5159 708 5228 prmdicant
751 5159 1093 5235 Scripturis;
1139 5180 1251 5220 non
1283 5165 1453 5236 igitur
1496 5207 1511 5221 .
1556 5207 1571 5221 .
1619 5210 1631 5223 .
1681 5211 1694 5223 .
1740 5208 1755 5223 .
1796 5210 1811 5223 .
1856 5211 1870 5225 .
1916 5213 1931 5228 .
1978 5211 1993 5225 .

403 5249 591 5307 Jesum
625 5255 786 5324 quasi
817 5256 997 5327 ipsum
1046 5273 1208 5328 quem
1248 5257 1741 5329 prophetaverunt.
1785 5258 1847 5317 In
1892 5262 1996 5317 du-

405 5345 496 5399 bio
535 5384 549 5400 .
595 5386 609 5400 .
655 5387 669 5401 .
717 5390 730 5403 .
775 5388 791 5404 .
835 5387 852 5400 .
899 5391 912 5404 .
959 5391 973 5406 .
1020 5390 1034 5405 .
1077 5366 1193 5419 eos,
1239 5353 1451 5409 scilicet
1496 5352 1737 5423 Iudaeos,
1776 5373 1991 5413 necnon

402 5438 609 5492 electos
652 5479 667 5493 .
710 5478 726 5493 .
770 5479 784 5493 .
826 5478 844 5494 .
886 5481 903 5499 .
949 5482 965 5498 .
1010 5438 1043 5496 .“
1070 5482 1085 5508 ,
1126 5451 1181 5497 et
1218 5443 1581 5501 refulationes
1629 5463 1822 5503 eorum
1870 5466 1993 5520 qua:

405 5530 580 5598 magis
606 5530 770 5584 etiam
810 5534 1047 5603 mythiea
1080 5547 1309 5605 possent
1336 5538 1542 5605 dicere,
1572 5542 1859 5599 exsolvere
1890 5557 1988 5599 co-

378 5609 516 5673 'nati
543 5619 755 5677 divinas
789 5638 972 5681 voces.
1003 5624 1123 5682 Erit
1153 5643 1375 5700 quoque
1411 5631 1595 5692 brevis
1624 5642 1677 5691 et
1707 5635 1988 5692 moderata

478 5793 494 5827 ⁸
536 5792 696 5849 Prov.
731 5812 808 5863 v1,
843 5799 896 5853 8.
975 5802 994 5831 ⁹
1035 5799 1169 5858 Luc.
1210 5804 1273 5870 Ι,
1310 5805 1364 5863 ι.

2124 1948 2347 2023 ἐργάτις
2376 1949 2516 2015 ἐστὶ,
2545 1953 2646 2021 τήν
2677 1966 2737 2001 τε
2768 1949 3030 2022 ἐργασίαν
3056 1949 3132 2013 ὡς
3178 1948 3381 2019 σεμνὴν
3410 1944 3707 2020 ἐμπορεύε-

2120 2060 2240 2097 ται·
2266 2037 2335 2115 ἧς
2358 2043 2485 2106 τοὺς
2506 2043 2705 2107 πόνους
2733 2042 2971 2113 βασιλεῖς
2995 2042 3091 2095 καὶ
3128 2041 3333 2094 ἰδιῶται
3359 2040 3500 2110 πρὸς
3524 2038 3713 2107 ὑγείαν

2121 2135 2525 2206 προσφέρονται
2552 2151 2566 2163 ·
2602 2133 2825 2204 ποθεινὴ
2860 2151 2919 2187 τε
2947 2134 3093 2187 ἐστὶν
3118 2133 3283 2186 πᾶσιν
3318 2132 3412 2184 καὶ
3444 2129 3711 2195 ἐπίδοξος,

2121 2226 2323 2298 καίπερ
2350 2221 2485 2279 οὖσα
2511 2227 2577 2297 τῇ
2614 2224 2773 2299 ῥώμῃ
2797 2223 3050 2295 ἀσθενὴς,
3085 2223 3184 2294 τὴν
3210 2222 3403 2292 σοφίαν
3429 2222 3714 2292 τιμήσασα

2121 2320 2393 2393 προήχθη.
2435 2338 2453 2370 ι
2493 2321 2590 2373 Ὃν
2622 2318 2733 2389 γὰρ
2782 2321 2816 2391 ἡ
2854 2320 3080 2392 ἐργάτις
3127 2316 3313 2387 ἐκείνη
3357 2316 3568 2386 τρόπον
3618 2316 3713 2386 τὴν

2122 2412 2311 2483 σοφίαν
2342 2412 2574 2484 τιμῆσαι
2603 2409 3046 2483 μαρτυρουμένη,
3067 2407 3177 2462 τῶν
3199 2407 3440 2461 εὑθαλῶν
3462 2407 3714 2479 βλαστῶν

2119 2504 2492 2577 ἁναλεγομένη
2522 2503 2591 2558 τά
2632 2504 2939 2577 πρόσφορα,
2973 2503 3037 2556 ἐκ
3060 2501 3162 2571 τῆς
3200 2501 3457 2554 ἁπάντων
3486 2503 3712 2553 ἐπισυν-

2120 2598 2345 2669 αγωγῆς
2403 2615 2464 2651 τε
2518 2596 2615 2651 καὶ
2659 2596 2923 2668 ἐργασίας
2987 2593 3267 2666 βασιλεῦσι
3321 2593 3418 2647 καὶ
3474 2592 3710 2655 ἰδιώταις

2119 2690 2411 2760 ὑγιεινοὺς,
2505 2705 2671 2760 φησιν
2702 2690 2735 2759 ὴ
2760 2686 2976 2759 Γραφὴ,
3005 2685 3309 2759 παρέχεται
3343 2685 3473 2747 τοὺς
3510 2683 3710 2753 ἑαυτῆς

2121 2783 2339 2848 πόνους,
2367 2781 2562 2835 ταυτόν
2586 2798 2639 2833 τι
2665 2781 2759 2833 καὶ
2790 2779 2888 2839 τὰς
2919 2780 3050 2850 περὶ
3075 2777 3170 2832 τοῦ
3201 2776 3442 2849 Χριστοῦ
3467 2779 3709 2845 Rpopu-

2118 2875 2287 2942 τικὰς
2318 2875 2452 2946 ἡμῖν
2494 2872 2800 2943 Ἐκλογὰς,
2846 2872 3168 2943 ἀπάνθισμα
3195 2870 3307 2923 τῶν
3337 2868 3434 2923 τοῦ
3459 2868 3601 2931 Θεοῦ
3626 2866 3710 2922 λο-

2118 2966 2292 3035 γικῶν
2337 2962 2621 3037 λειμώνων
2664 2961 3059 3033 τυγχανούσας,
3118 2961 3393 3033 περιέξειν
3442 2957 3707 3031 ἠγοῦμαι.

2118 3061 2219 3131 τὴν
2254 3059 2353 3131 μὲν
2375 3057 2485 3112 τῶν
2519 3056 2704 3129 κηρῶν
2732 3054 3036 3110 εὔπλαστον
3062 3054 3426 3126 δημιουργίαν
3447 3052 3509 3105 ὲν
3528 3049 3709 3121 ψιλαῖς

2119 3153 2238 3215 ταῖς
2265 3149 2471 3216 λέξεσιν
2503 3147 2917 3214 ἀποσωςούσας,
2966 3145 3038 3199 τὰ
3080 3145 3124 3198 δ’
3170 3148 3228 3199 ὲν
3259 3144 3410 3217 αὑτῷ
3440 3143 3712 3205 τεθησαυ-

2119 3241 2356 3314 ρισμένα
2386 3242 2636 3313 νοήματα
2666 3237 2986 3310 καταλλήλῳ
3015 3236 3093 3309 τῷ
3120 3236 3315 3306 γλυκεῖ
3338 3237 3434 3291 καὶ
3476 3237 3710 3305 ὑγιεινοο

2116 3335 2265 3406 τάτῳ
2296 3333 2396 3405 τῆς
2428 3332 2600 3403 σοφῆς
2649 3333 2707 3384 ὲν
2740 3330 2955 3403 ἐκείνης
2985 3332 3286 3401 γεννήματι
3326 3329 3458 3383 εἴσω
3509 3346 3620 3383 που
3652 3332 3706 3383 ἐν

2116 3425 2449 3496 ἀπορρήτοις
2489 3422 2903 3493 ταμιευόμενος.
2949 3419 3043 3482 Τίς
3082 3420 3209 3488 γὰρ
3239 3418 3305 3490 δὴ
3344 3419 3455 3471 τῶν
3496 3418 3705 3473 πιστῶν

2115 3516 2216 3569 οὑκ
2269 3515 2336 3570 ἂν
2366 3515 2698 3587 ὁμολογήσαι
2741 3514 2922 3585 πάσης
2968 3511 3056 3565 διὰ
3100 3511 3368 3582 σωμάτων
3409 3510 3605 3581 ἡδονῆς
3653 3526 3707 3563 τε

2116 3610 2212 3662 καὶ
2234 3607 2499 3679 ὠφελείας
2529 3606 2849 3679 άσυγκρίτῳ
2881 3604 3159 3675 διαφέρειν
3190 3604 3434 3675 ὑπεροχῇ
3462 3603 3568 3665 τὰς
3602 3619 3707 3655 σω-

2113 3700 2334 3772 τηρίους
2361 3699 2489 3771 περὶ
2521 3697 2616 3751 τοῦ
2651 3699 2826 3766 Λόγου
2861 3695 2955 3750 τοῦ
2987 3694 3125 3748 Θεοῦ
3168 3692 3521 3766 παραθέσεις,
3559 3691 3626 3761 (1⁵.
3654 3692 3705 3759 Ξ)

2115 3792 2452 3865 ἐπιτηδείους
2496 3791 2635 3863 πρὸς
2686 3789 2954 3861 ἀνάληψιν
3005 3786 3360 3861 ὑπαρχούσας
3418 3784 3523 3853 τῆς
3566 3784 3707 3837 κατά

2115 3885 2373 3958 ἀλήθειαν
2425 3883 2702 3955 ὠφελίμου
2747 3883 2843 3937 καὶ
2896 3881 3144 3952 ὑγιεινῆς
3200 3877 3550 3950 ὀρθοδοξίας;
3606 3877 3707 3933 Ἦν

2083 4021 2089 4027 .
2116 3977 2397 4050 περιέπειν
2429 3974 2727 4046 ἀναγκαῖον
2756 3976 2817 4028 οὑ
2856 3974 3049 4045 μόνους
3074 3972 3202 4034 τοὺς
3229 3970 3329 4041 τὴν
3361 3969 3476 4035 ἕξιν
3503 3968 3704 4042 προδε-

2114 4067 2352 4139 δηκότας
2384 4066 2625 4137 βασιλεῖς
2649 4061 3104 4137 ὀνομαζομένους,
3132 4058 3270 4113 ἀλλὰ
3296 4057 3392 4111 καὶ
3417 4059 3550 4121 τοὺς
3578 4058 3707 4111 ὑπο-

2113 4160 2416 4232 ϐεϐηκότας
2440 4159 2534 4214 καὶ
2562 4157 2781 4229 πρῶτον
2798 4155 2923 4227 ἄρτι
2938 4152 3015 4225 τῷ
3037 4153 3165 4223 θείῳ
3182 4150 3519 4223 προσιόντας
3541 4147 3700 4218 λόγῳ·

2110 4250 2192 4318 οἷς
2234 4252 2329 4307 καὶ
2360 4250 2722 4324 διαφερόντως
2755 4247 3070 4318 ἐπιτηδείαν
3098 4241 3317 4297 ἔσεσθαι
3365 4240 3581 4312 νομίζω
3611 4241 3703 4312 τὴν

2112 4345 2390 4409 ὑπόθεσιν,
2434 4344 2511 4407 ὡς
2559 4342 2625 4396 ἂν
2674 4340 2935 4413 ἀκριϐοῦν
2976 4338 3037 4406 ἐξ
3080 4337 3250 4408 αὐτῆς
3304 4334 3562 4391 δύναιντο
3609 4335 3703 4407 τὴν

2110 4437 2241 4510 περὶ
2278 4429 2352 4490 ὧν
2393 4433 2786 4507 κατηχήθησαν
2819 4430 2995 4501 λόγων
3028 4428 3365 4499 ἀσφάλειανο
3401 4427 3531 4480 τότε
3568 4426 3701 4498 μᾶλ-

2109 4527 2200 4580 λον
2227 4527 2327 4598 τῆς
2355 4522 2534 4595 άπλῆς
2560 4522 2656 4575 καὶ
2685 4520 2947 4592 ἀκεραίου
2974 4518 3213 4581 πίστεως
3240 4519 3456 4587 πεῖσμα
3484 4514 3701 4584 βέϐαιον

2110 4617 2390 4689 ίσχούσης,
2429 4613 2650 4668 ἐπειδὰν
2689 4611 2769 4683 τῷ
2808 4609 3054 4682 λογισμῷ
3106 4610 3234 4673 τοὺς
3267 4609 3337 4661 δι’
3373 4602 3702 4673 ἀποδείξεως

2107 4704 2607 4782 προεγκαταὸαλών
2631 4722 2715 4769 τις
2735 4703 3015 4775 θεμελίους
3040 4702 3141 4774 τὴν
3164 4699 3369 4771 ἀκριϐῆ
3400 4700 3519 4753 τῶν
3545 4716 3701 4753 πεπι-

2108 4800 2419 4871 στευμένων
2469 4795 2774 4867 κατάληψίν
2816 4812 2877 4848 τε
2929 4793 3025 4848 καὶ
3075 4791 3279 4862 γνῶσιν
3313 4790 3455 4862 πρὸς
3501 4793 3697 4861 ἐπικτη

2109 4932 2123 4945 .
2202 4930 2217 4945 .
2299 4931 2313 4946 .
2393 4929 2407 4943 .
2479 4930 2493 4943 .
2532 4886 2717 4958 νγοῦν
2748 4880 2935 4940 ἕνεκεν
2963 4885 3107 4956 φημὶ
3135 4884 3192 4937 δὲ
3220 4883 3333 4937 τῶν
3363 4884 3428 4936 ὲτ
3469 4922 3486 4938 .
3532 4922 3549 4937 .
3588 4900 3695 4936 τοι⁴

2105 4984 2303 5057 χειώσε
2380 5026 2393 5038 .
2477 5024 2491 5037 .
2574 5022 2588 5035 .
2669 5021 2684 5036 .
2764 5019 2778 5033 .
2859 5017 2874 5032 .
2951 4979 3246 5047 ἀναγκαῖον
3272 4971 3417 5030 εἶναι
3449 4977 3693 5050 παρέστη

2108 5075 2249 5148 μετὰ
2289 5074 2389 5147 τὴν
2429 5074 2668 5145 ἑκάστης
2721 5089 2830 5143 προ
2902 5109 2918 5125 .
2998 5110 3013 5124 .
3092 5108 3105 5121 .
3190 5111 3204 5123 .
3285 5085 3357 5133 ιν,
3385 5067 3467 5131 ὡς
3494 5068 3561 5119 ὲν
3587 5067 3696 5120 είσ-

2104 5169 2330 5242 αγωγῆς
2360 5170 2550 5241 τρόπῳ
2576 5168 2828 5239 διήγησιν
2861 5165 3034 5239 βραχύ
3076 5204 3092 5219 .
3173 5204 3187 5216 .
3268 5202 3284 5215 .
3364 5201 3379 5215 .
3460 5162 3548 5214 ενὶ
3596 5158 3695 5233 μάν

2103 5262 2260 5315 λιστα
2292 5259 2715 5333 συντομωτάτην
2744 5256 3085 5330 παραθέσθαι
3118 5255 3249 5325 περὶ
3291 5295 3305 5308 .
3383 5293 3397 5305 .
3483 5292 3499 5307 .
3584 5293 3602 5310 .
3677 5290 3690 5305 .

2106 5354 2204 5425 μὲν
2230 5352 2451 5425 ἔλεγχον
2474 5351 2583 5407 τῶν
2618 5350 2897 5406 πιστεύειν
2931 5350 3028 5422 μὲν
3061 5348 3138 5409 ὡς
3169 5346 3348 5411 θείαις
3387 5386 3403 5400 .
3482 5386 3498 5400 .
3583 5384 3601 5400 .
3675 5384 3688 5397 .

2104 5450 2222 5517 ραῖς
2242 5446 2557 5520 αὐχούντων
2577 5446 2822 5519 Γραφαῖς
2836 5460 2849 5475 ·
2879 5443 2954 5516 μὴ
2978 5440 3084 5514 μὴν
3105 5453 3408 5512 προσιεμεν
3432 5479 3447 5492 .
3475 5478 3490 5490 .
3510 5451 3622 5493 trra.
3639 5475 3654 5491 .
3673 5474 3687 5490 .

2297 5580 2311 5594 .
2394 5583 2408 5597 .
2487 5538 2563 5594 ῶν
2606 5536 2813 5609 Ἰησοῦν
2844 5536 2921 5601 ὡς
2963 5535 3029 5590 ἂν
3072 5534 3237 5589 αὑτὸν
3262 5532 3392 5586 ὄντα
3436 5529 3688 5603 τὸνπρο-

2100 5635 2499 5708 φητευόμενον·
2537 5631 2883 5704 έπαπόρησιν
2916 5646 2956 5682 π
2985 5668 2997 5681 .
3043 5668 3056 5681 .
3101 5666 3115 5679 .
3160 5666 3174 5681 .
3216 5623 3439 5686 αὐτοὺς,
3467 5617 3688 5691 λέγωῶ
