3846 6220
137 302 277 357 1025

1244 301 1536 361 setosis
1571 243 2090 357 rnoPHEthie.
2126 333 2195 345 -
2230 302 2357 359 LlB.
2394 305 2437 361 ι.

3317 306 3336 363 Ι
3349 302 3460 360 0‘26

130 418 259 478 τοὺς
286 416 355 468 ὲκ
386 416 734 487 περιτομῆς,
764 415 1006 480 καὶτοὺς
1030 417 1138 471 ἀπὸ
1163 416 1271 471 τῶν
1290 418 1498 491 αἱρέσε.
1532 456 1546 471 .
1585 456 1600 471 .
1643 400 1749 487 μοῦ

1879 425 2061 473 nostra
2090 420 2418 490 explanatio,
2458 421 2574 476 sive
2618 437 2742 477 cum
2777 425 3009 494 probare
3037 426 3326 483 conabitur
3352 441 3450 501 per

132 501 202 563 δὲ’
235 508 335 561 καὶ
382 508 722 580 ἀνατροπὰς
772 501 848 562 ὧν
889 507 955 561 ἂν
984 507 1188 563 εἴποιεν
1217 509 1586 582 μυθικώτερον
1628 510 1753 562 ἐπι-

1876 512 2051 566 solum
2092 510 2428 569 Salvatorem
2481 521 2731 571 nostrum
2761 516 3016 589 impletas
3045 518 3222 577 fuisse
3261 536 3451 579 sacras

132 601 282 654 λύειν
312 599 678 672 πειρώμενοι
708 599 807 665 τάς
832 600 979 666 θείας
1005 601 1208 671 φωνάς.
1238 604 1430 657 Ἔσται
1454 603 1511 658 δὲ
1548 602 1644 657 καὶ
1666 600 1749 656 διὰ

1871 602 1963 661 Dei
1993 605 2396 676 praedictiones,
2434 608 2550 664 sive
2582 624 2708 664 cum
2740 618 2987 667 nostram
3018 612 3173 669 deiis
3197 629 3320 685 quae
3348 630 3451 671 ex-

136 692 393 765 βραχέων
428 691 646 763 μετρία
676 709 762 754 τις
788 692 947 762 ἡμῶν
973 691 1252 764 ἐξήγησις,
1286 693 1375 746 ὁτὲ
1405 694 1503 765 μὲν
1535 694 1753 748 ἀπόδει-

135 785 216 849 ξιν
248 781 609 853 περιέξουσα
633 780 728 834 τοῦ
750 780 895 835 κατά
929 781 1087 852 μόνον
1109 782 1202 834 τὸν
1225 780 1496 852 ἡμέτερον
1525 782 1754 854 Σωτῆρα

1866 714 2132 770 ponemus
2161 701 2487 756 sententiam
2518 703 2935 773 explicabimus.

137 875 557 948 πεπληρῶσθαι
595 875 695 940 τάς
724 876 875 949 ἱερὰς
905 875 1000 930 τοῦ
1027 875 1164 930 Θεοῦ
1193 877 1550 949 προρρήσεις,
1578 877 1668 931 ὁτὲ
1696 878 1752 932 δὲ
1791 881 1890 953 τὴν
1916 883 2191 956 ἡμετέραν
2215 884 2444 955 γνώμην
2465 884 2533 956 ἢν
2572 884 2769 957 ἔχομεν
2802 889 2932 959 περὶ
2994 888 3103 944 τῶν
3138 886 3448 960 ⁸ὲικτεθησο-

137 973 318 1045 μένων
356 970 747 1043 σημαίνουσα.

217 1062 386 1118 Ἀλλὰ
419 1064 544 1136 γὰρ
593 1063 801 1120 τούτων
846 1063 1186 1133 ἐφάπτεσθαι
1240 1063 1556 1135 μέλλοντας,
1589 1066 1756 1135 ἀναγ-

139 1158 309 1221 καίως
340 1155 876 1230 προδιαστείλασθαι
903 1157 979 1221 ὠς
1001 1156 1078 1228 πῆ
1114 1158 1213 1228 μὲν
1243 1157 1478 1228 προόντα
1509 1156 1569 1210 οὐ
1596 1156 1756 1228 μόνον

138 1248 237 1319 τῆς
278 1247 774 1320 ὲνανθρωπήσεως
812 1246 949 1302 ἀλλά
1000 1248 1093 1302 καὶ
1127 1249 1309 1320 πάσης
1349 1248 1575 1319 γενετῆς
1624 1249 1756 1302 ὐπο-

142 1341 390 1405 στάσεως
426 1340 534 1393 τοῦ
565 1340 703 1394 Θεοῦ
736 1341 909 1410 Λόγον
948 1340 1293 1396 διδάσκουσιν
1324 1343 1389 1407 οἱ,
1412 1342 1547 1413 ἱεροὶ
1578 1340 1750 1410 λόγοι,

140 1433 275 1486 Θεὸν
303 1475 319 1490 .
368 1472 384 1487 .
434 1472 448 1487 .
485 1433 661 1488 αὐτὸν
690 1432 829 1505 μετά
858 1432 948 1491 τὸν
982 1433 1201 1505 Πατέρα
1230 1433 1325 1487 καὶ
1356 1433 1561 1506 Κύριον
1586 1450 1755 1505 προσ-

141 1526 540 1599 αγορεύοντες,
568 1521 659 1581 οἶα
687 1527 749 1598 δὴ
782 1527 878 1580 καὶ
902 1525 963 1580 τὸ
997 1528 1259 1599 κήρυγμα
1290 1526 1350 1581 τὸ
1373 1527 1757 1597 ἐκκλησιαστι-

143 1616 238 1671 κὸν
288 1618 554 1690 περιέχει
611 1617 920 1681 ἀκολούθως
970 1621 1036 1690 τῇ
1085 1618 1415 1690 εὐαγγελικῇ
1478 1618 1754 1690 μαρτυρίᾳ
1792 1659 1800 1668 .

144 1708 452 1783 (sla-0066!],
498 1730 518 1763 ι
566 1712 656 1766 Ἐν
708 1712 850 1783 ἀρχῇ
887 1705 957 1782 ἦν
987 1712 1016 1764 ὁ
1043 1711 1250 1780 Λόγοςο
1292 1711 1388 1765 καλ⁵
1416 1713 1443 1765 ὁ
1489 1712 1660 1780 Λόγος
1684 1706 1753 1782 ἦν

144 1802 282 1875 πρὸς
304 1805 400 1857 τὸν
422 1804 589 1871 Θεὸν,
623 1805 719 1858 καὶ
740 1803 873 1869 Θεὸς
898 1800 967 1877 ἦν
988 1806 1016 1859 ὁ
1043 1804 1215 1874 Λόγος
1231 1823 1245 1835 ο
1280 1804 1458 1858 πάντα
1489 1804 1555 1858 δι’
1586 1803 1751 1856 αὐτοῦ

1933 1063 2139 1119 Verum
2170 1071 2463 1134 antequam
2483 1062 2748 1135 tyaidquid
2771 1065 2840 1121 de
2859 1065 2946 1122 his
2974 1067 3328 1138 attingamus,
3347 1085 3448 1141 pro

1857 1163 2010 1213 certo
2025 1156 2228 1211 habere
2241 1168 2467 1210 necesse
2477 1165 2580 1221 est,
2594 1155 2739 1225 quod
2755 1156 2950 1226 partim
2968 1158 3325 1227 praeeristens
3338 1177 3447 1216 non

1859 1249 2038 1304 solum
2073 1247 2466 1312 incarnationi,
2497 1252 2595 1303 sed
2628 1255 2685 1303 et
2718 1249 2899 1304 omnis
2934 1249 3259 1306 substantiae
3300 1266 3449 1308 crea-

1858 1345 1998 1399 tioni
2021 1342 2380 1399 Dechrbum
2401 1345 2579 1399 sancti
2598 1343 2722 1399 libri
2741 1343 3145 1408 docent,Deum
3190 1387 3203 1402 .
3249 1385 3265 1401 .
3309 1387 3325 1402 .
3370 1390 3385 1404 .
3430 1387 3445 1402 .

1859 1453 1983 1492 eum
2016 1445 2142 1507 post
2183 1436 2402 1492 Patrem
2432 1445 2488 1493 et
2530 1435 2821 1491 Dominum
2861 1437 3238 1508 designantes,
3288 1450 3350 1495 ut
3392 1448 3447 1495 et

1859 1529 2239 1585 ecclesiastica
2284 1528 2388 1585 fert
2421 1529 2738 1600 praedicatio
2767 1526 3011 1599 congrue
3055 1545 3178 1584 cum
3210 1546 3447 1601 evange-

1861 1622 1969 1676 lico
2013 1622 2334 1677 testimonio
2375 1620 2636 1677 dicente:
2671 1639 2689 1672 ι
2721 1619 2781 1675 In
2829 1620 3101 1692 principio
3145 1632 3266 1677 erat
3306 1614 3443 1679 Ver-

1859 1713 2012 1779 bum,
2050 1720 2104 1768 et
2153 1704 2393 1768 Verbum
2440 1720 2559 1768 erat
2605 1712 2749 1783 apud
2802 1711 2999 1776 Deum,
3034 1721 3090 1768 et
3142 1712 3286 1769 Deus
3325 1724 3444 1769 erat

1862 1805 2124 1862 Verbum.
2159 1804 2355 1861 Omnia
2387 1821 2483 1874 per
2515 1807 2694 1878 ipsum
2727 1804 2869 1860 facta
2899 1813 3047 1873 sunt,
3080 1813 3134 1861 et
3160 1806 3282 1862 sine
3322 1807 3444 1877 ipso

146 1894 394 1964 ἐγένετοο
433 1896 541 1950 καὶ
575 1896 746 1969 χωρὶς
775 1895 939 1950 αὐτοῦ
974 1897 1190 1967 ἐγένετο
1231 1896 1354 1950 οὐδὲ
1382 1896 1442 1949 ἓν
1465 1913 1479 1927 ο
1518 1916 1536 1948 ι
1581 1896 1657 1968 πῆ
1693 1896 1749 1949 δὲ

1859 1897 2059 1952 factum
2113 1905 2198 1954 est
2253 1898 2393 1951 nihil
2415 1897 2457 1963 ³,
2492 1917 2510 1951 ι
2540 1898 2740 1968 partim
2786 1897 3288 1968 praeuuntiantduo
3322 1897 3444 1968 ejus

147 1989 245 2054 τὰς
290 1989 388 2043 δύο
437 1992 754 2063 παρουσίας
802 1992 968 2048 αὐτοῦ
1022 1989 1502 2063 προαναφωνοῦσιο
1558 1991 1657 2060 τήν
1693 2006 1753 2043 τε

150 2082 454 2155 προτέραν,
489 2085 551 2138 ὲν
646 2086 782 2156 μήτε
811 2078 951 2149 εἶδος
991 2083 1154 2137 αὐτὸν
1195 2084 1333 2153 μήτε
1382 2081 1575 2146 κάλλος
1610 2081 1753 2146 ’ἐξειν

151 2176 571 2247 προύθέσπιζον
616 2177 917 2250 διαρρήδην
963 2176 1040 2242 ὡς
1081 2176 1354 2248 πρόϐατον
1401 2177 1493 2228 ἐπὶ
1538 2175 1754 2247 σφαγὴν

152 2269 521 2342 ἀχθήσεσθαι,
567 2273 661 2326 καὶ
690 2270 876 2340 σαφῶς
906 2270 1079 2334 οὓτως
1110 2269 1220 2324 ἀπὸ
1247 2269 1356 2323 τῶν
1390 2268 1630 2339 ἀνομιῶν
1658 2268 1752 2322 τοῦ

153 2364 422 2436 προτέρου
463 2365 602 2420 λαοῦ
647 2366 746 2438 τὴν
785 2366 879 2418 ἐπὶ
927 2364 1141 2436 θανάτῳ
1184 2362 1753 2434 καταδικασθήσεσθαι

155 2452 434 2524 λέγοντεςσ
474 2452 568 2511 οἷα
612 2457 677 2529 δὴ
725 2456 821 2510 καὶ
868 2456 1290 2510 ἀποδείκνυνται
1331 2457 1432 2527 τῆς
1480 2454 1753 2527 προτέρας

156 2545 320 2599 αὐτοῦ
353 2548 673 2618 παρουσίας
699 2549 754 2601 αί
798 2545 941 2601 κατά
967 2548 1093 2610 τοὺς
1129 2545 1383 2618 Τιϐερίου
1422 2546 1647 2618 χρόνους
1676 2547 1754 2599 ot-

158 2638 433 2710 κονομίαιο
482 2641 580 2695 καὶ
607 2639 706 2711 τὴν
748 2639 1025 2711 δευτέραν,
1071 2638 1249 2692 οὐκέθ’
1283 2639 1472 2709 ὁμοίαν
1504 2640 1572 2710 τῇ
1616 2656 1751 2708 προ-

158 2727 310 2800 τέρᾳ,
342 2729 632 2800 θειοτέραν
661 2728 719 2782 δὲ
750 2730 847 2782 καὶ
894 2729 1028 2782 πολὺ
1061 2730 1129 2799 τῇ
1171 2726 1297 2801 δόξῃ
1343 2726 1753 2798 παραλλάττου-

165 2836 280 2885 σαν,
326 2821 445 2891 μετ’
479 2818 783 2888 ἀηελικῆς
814 2818 1142 2892 δορυφορίας
1186 2818 1281 2870 καὶ
1319 2816 1420 2887 τῆς
1450 2817 1544 2869 ἀπ’
1584 2818 1751 2891 οὐρα-

163 2908 266 2963 νῶν
298 2909 667 2982 παρατάξεως
703 2909 1106 2981 γενησομένην·
1143 2902 1224 2970 οἷς
1270 2907 1629 2978 εὐγνωμόνως
1660 2907 1752 2962 τὸν

165 3000 563 3071 ἐντυγχάνοντα
607 2998 785 3072 χρεὼν
831 2999 1032 3053 κανόνα
1080 2997 1269 3069 ὥσπερ
1312 2998 1407 3051 xui.
1451 2997 1652 3051 σκοπὸν
1692 2998 1753 3051 τὸ

166 3092 424 3164 κήρυγμα
465 3092 725 3163 κατέχειν
753 3093 814 3145 τὸ
841 3089 1200 3144 ἀποστολικὸν
1228 3089 1411 3143 τέλεια
1439 3090 1536 3143 καὶ
1570 3091 1751 3164 ἀπαρ-

168 3185 459 3258 εγχείρητα
496 3187 566 3240 τά
594 3185 694 3257 τῆς
732 3184 988 3257 ἀληθείας
1028 3182 1273 3254 δόγματα
1294 3174 1749 3252 διαφυλάττοντα,

1858 1990 2124 2045 adventus
2184 2008 2196 2045 :
2252 1991 2512 2061 priorem,
2560 1991 2614 2045 in
2643 2005 2753 2061 quo
2787 2005 2966 2060 neque
3013 1989 3287 2061 speciem,
3345 2006 3446 2045 ne-

1858 2098 1967 2154 que
2028 2082 2281 2137 decorem
2344 2083 2634 2138 habiturus
2687 2082 3065 2148 ostenditur‘,
3121 2077 3438 2146 manifeste,

1856 2176 2000 2231 sicut
2060 2190 2235 2247 agnus
2287 2176 2354 2231 ad
2405 2174 2742 2231 occisionem
2786 2173 3093 2240 ducendus,
3145 2186 3311 2246 atque
3366 2175 3441 2231 ita

1856 2276 2082 2339 propter
2111 2268 2311 2338 prioris
2342 2270 2529 2339 populi
2562 2266 2882 2338 iniquitates
2910 2267 2980 2322 ad
3018 2275 3253 2323 mortem
3289 2267 3443 2322 dam-

1855 2360 2115 2429 nandus;
2147 2376 2270 2429 quae
2305 2360 2528 2431 quidem
2579 2360 2636 2415 in
2669 2359 2833 2430 primi
2867 2359 2986 2429 ejus
3014 2361 3306 2427 adventus,
3342 2358 3440 2416 Ti-

1853 2452 1992 2509 berii
2015 2460 2285 2523 tempore,
2303 2452 2563 2524 passione
2593 2453 2807 2523 expleta
2828 2462 2989 2522 sunt;
3027 2454 3257 2509 alterum
3287 2468 3443 2521 vero,

1853 2546 2028 2618 priori
2070 2546 2231 2619 longe
2263 2546 2587 2602 dissimilem
2608 2586 2624 2612 ,
2650 2546 2978 2601 diviniorem
3011 2546 3294 2617 multoque
3326 2547 3443 2602 cla-

1853 2619 2078 2703 riorem,
2097 2637 2359 2708 angelicis
2376 2637 2985 2707 coliortibus,omnique
2999 2637 3265 2692 cmlorum
3284 2653 3442 2694 exer-

1855 2730 1971 2784 citu
1999 2729 2418 2785 circumdatum.
2455 2726 2667 2794 Quibus
2724 2728 2829 2783 rite
2874 2728 3442 2798 respondeatnecesse

1853 2827 1938 2876 est
1954 2820 2162 2890 regula,
2180 2820 2338 2891 quasi
2358 2819 2696 2891 propositum
2714 2819 2912 2875 habeat
2934 2820 3289 2890 apostolicam
3311 2836 3445 2890 pra)-

1855 2912 2208 2978 dicationem,
2231 2927 2352 2983 quae
2373 2911 2616 2983 perfecta
2643 2912 3051 2983 purissimaque
3071 2912 3320 2967 veritatis
3342 2916 3441 2967 do-

1852 3013 2032 3077 gmata
2095 3013 2421 3071 conservet,
2473 2986 2686 3060 scilicitt
2737 3004 2805 3060 de
2863 3005 3040 3075 prima
3094 3014 3149 3060 et
3195 3005 3441 3060 increata

1856 3098 2244 3153 universorum
2294 3097 2388 3152 Dei
2436 3104 2653 3165 natura,
2698 3105 2753 3153 et
2796 3095 2970 3151 divini
3014 3095 3181 3151 Verbi
3234 3111 3442 3167 praees-

1860 3189 2082 3245 istentia
2133 3197 2300 3260 atque
2349 3189 2683 3253 substantia,
2734 3203 2899 3258 quam
2959 3188 3016 3243 in
3063 3195 3441 3244 creaturarum

169 3275 438 3331 τουτέστιν
466 3274 540 3329 τά
572 3277 702 3347 περὶ
726 3276 826 3346 τῆς
855 3272 1077 3346 πρώτης
1102 3273 1198 3326 καὶ
1226 3274 1490 3344 ἀγενήτου
1517 3273 1610 3327 τοῦ
1643 3273 1749 3327 τῶν

1859 3280 2101 3336 omnium
2142 3280 2441 3345 creatione,
2488 3280 2636 3336 sicut
2668 3281 2895 3335 verbum
2941 3321 2954 3334 .
2997 3322 3012 3336 .
3125 3317 3141 3334 .
3185 3317 3199 3332 .
3244 3319 3259 3333 .
3304 3320 3320 3335 .
3362 3320 3379 3336 .
3422 3318 3438 3334 .

169 3365 299 3421 ὅλων
329 3368 468 3423 Θεοῦ
500 3368 737 3439 φύσεως,
774 3368 868 3421 καὶ
900 3367 969 3420 τά
992 3366 1093 3437 τῆς
1116 3364 1211 3419 τοῦ
1245 3364 1389 3418 θείου
1414 3365 1591 3434 Λόγου
1620 3382 1752 3437 προ-

173 3463 521 3528 υποστάσεώς
543 3481 604 3517 τε
649 3463 745 3516 καὶ
779 3461 1103 3533 ὑπουργίας,
1134 3459 1202 3532 ἢν
1228 3458 1321 3513 ἐπὶ
1358 3462 1424 3533 τῇ
1458 3459 1566 3513 τῶν
1594 3476 1753 3531 γενη-

171 3556 275 3611 τῶν
300 3559 561 3615 ἀπάντων
588 3557 943 3629 δημιουργίᾳ,
969 3551 1055 3610 οἶα
1087 3554 1151 3627 δὴ
1185 3553 1361 3624 λόγος.

176 3648 1681 3719 υ.δ)..............

1857 3501 3441 3521 οιοιοσοοοοοοοιιοοοοοαιοοοου

1855 3655 2053 3721 praeter
2093 3654 2332 3718 quatuor
2374 3628 2593 3702 litteras
2648 3646 2793 3716 apud
2838 3645 3096 3703 Hebraeos
3150 3646 3438 3714 infandas,

1733 3775 1750 3793 .
1854 3756 2089 3812 quarum
2146 3738 2543 3810 conjunctione
2590 3737 2864 3794 inell‘abile
2921 3745 3144 3794 constat
3193 3754 3439 3805 nomen,

1643 3872 1656 3884 .
1735 3870 1750 3885 .
1855 3833 2140 3889 abusivius
2168 3847 2298 3887 vero
2334 3849 2353 3882 ι
2382 3831 2651 3886 Dominus
2682 3850 2700 3883 ι
2735 3829 3118 3898 nominatum;
3147 3846 3438 3902 nunquam

176 3930 336 4000 χωρὶς
379 3931 492 3987 τῶν
535 3929 819 4002 τεσσάρων
856 3927 1137 3999 στοιχείων
1174 3926 1283 3980 τῶν
1310 3929 1440 3998 παρ’
1479 3925 1753 3998 Ἑϐραίοις

177 4019 588 4095 ἁνεκφωνὴτων,
620 4015 696 4077 ὧν
738 4020 826 4075 διὰ
854 4020 953 4091 τῆς
988 4018 1291 4083 συνθέσεως
1323 4019 1382 4072 τὸ
1413 4016 1751 4089 σημαινόμε-

178 4127 261 4165 νον
294 4114 464 4187 ὂνομα
500 4115 738 4188 ἄρρητον
779 4114 1044 4184 ὑπάρχον,
1081 4108 1661 4183 καταχρηστικώτερον
1694 4108 1753 4161 δὲ

184 4222 202 4254 ι
229 4204 429 4279 Κύριος
460 4228 478 4259 ι
512 4207 961 4278 ἐπικαλούμενον,
1002 4205 1214 4259 οὐδέπω
1244 4203 1376 4256 ποτὲ
1405 4203 1497 4256 ἐπὶ
1529 4203 1752 4273 ἀγγελι-

180 4295 273 4367 κῆς
292 4300 659 4373 παρείληπται
686 4299 1007 4370 δυνάμεως
1025 4298 1102 4363 ὡς
1129 4296 1446 4367 ἐπιστήσεις
1473 4295 1593 4349 καθ’
1625 4296 1754 4366 ὅλης

181 4385 273 4457 τῆς
303 4388 658 4445 θεοπνεύστου
690 4390 936 4466 Γραφῆς,
966 4390 1095 4444 ἔνθα
1132 4394 1162 4457 ό
1197 4390 1351 4456 Θεὸς,
1389 4391 1422 4461 ἢ
1464 4391 1493 4442 ὁ
1529 4387 1617 4442 διὰ
1656 4388 1752 4442 τοῦ

181 4490 594 4562 τετραγράμμου
621 4486 949 4559 δηλούμενος
979 4486 1184 4559 Κύριος
1224 4487 1638 4559 ἀναγέγραπται
1661 4499 1752 4536 κε-

181 4579 431 4666 χρηκέναι
469 4581 583 4635 τισί
607 4599 620 4612 ·
663 4580 893 4652 πότερον
925 4581 1018 4634 ἐπὶ
1064 4580 1165 4649 τὴν
1193 4579 1456 4651 ἀγένητον
1504 4576 1598 4631 τοῦ
1643 4574 1752 4630 τῶν
1785 4610 1829 4666 D

181 4665 309 4723 ὅλων
329 4672 464 4727 Θεοῦ
490 4673 652 4743 φύσιν
674 4671 994 4728 ἀνενεκτέον
1025 4671 1094 4726 τὰ
1117 4670 1444 4743 δηλούμενα,
1472 4670 1505 4742 ἢ
1537 4669 1631 4724 ἐπὶ
1659 4669 1750 4722 τὸν

182 4760 359 4818 τούτου
388 4767 583 4835 Λόγον,
608 4766 667 4819 ὃν
694 4764 946 4837 δεύτερον
987 4762 1328 4835 τυγχάνοντα
1358 4761 1467 4816 τῶν
1498 4760 1635 4816 ὅλων
1666 4759 1753 4814 αῖ-

182 4866 286 4907 τιον
310 4858 402 4913 καὶ
431 4857 566 4912 Θεὸν
606 4859 702 4912 καὶ
741 4856 947 4925 Κύριον
976 4855 1120 4910 κατά
1147 4854 1210 4908 τὸ
1259 4853 1658 4926 σημαινόμενον
1687 4853 1752 4906 ἐκ

181 4943 267 4998 ¹τοῦ
297 4952 425 5022 παρ’
456 4949 727 5022 Ἑϐραίοις
760 4950 1004 5021 ἀρρήτου
1035 4947 1298 5019 ὀνόματος
1321 4943 1750 5018 προσαγορεύειν

184 5033 358 5095 εἴωθεν
390 5043 423 5113 ἡ
470 5040 591 5095 θεία
630 5042 845 5114 Γραφή.
891 5040 1005 5095 Καὶ
1045 5040 1183 5112 δῆτα
1214 5040 1308 5093 ἐπὶ
1341 5037 1435 5092 τοῦ
1483 5037 1750 5110 παρόντος

184 5129 441 5199 φήσαντος
468 5133 565 5188 τοῦ
594 5134 778 5204 λόγου,
805 5134 889 5188 ὅτι
910 5133 996 5204 δήο
1023 5152 1041 5185 ι
1076 5130 1297 5204 Κατέϐη
1330 5130 1555 5203 Κύριος,
1581 5150 1599 5182 ι
1636 5129 1753 5192 καὶ,

189 5235 208 5268 ε
238 5217 396 5279 Εἶπεν
432 5226 659 5299 Κύριος,
707 5245 724 5276 ι
757 5224 828 5279 τά
871 5223 1360 5296 ἀναγεγραμμένα,
1410 5221 1642 5295 ζητήσαι
1684 5219 1752 5274 ἅν

185 5327 259 5376 τις
288 5318 518 5388 εὐλόγως
549 5319 659 5371 εἴτε
695 5317 789 5371 ὲπί
819 5334 942 5371 τινα
977 5315 1087 5370 τῶν
1118 5314 1392 5384 ἀγγέλων,
1427 5312 1537 5367 εἴτε
1569 5314 1662 5367 ἐπὶ
1688 5311 1750 5366 τὸ

186 5406 383 5476 πρῶτον
424 5410 598 5464 αἴτιον
646 5410 746 5482 τὴν
791 5407 1072 5481 ἀναφορὰν
1120 5407 1234 5479 ἔχει
1282 5406 1344 5459 τὸ
1399 5404 1745 5478 δηλούμενον.

196 5495 320 5554 Ἀλλ’
353 5505 445 5557 ἐπὶ
490 5504 588 5575 μὲν
613 5501 861 5573 ἀγγέλων
898 5502 997 5571 οὐχ
1033 5494 1144 5555 οἷόν
1192 5516 1281 5553 τε·
1311 5497 1471 5552 τοῦτο
1515 5498 1635 5568 μὲν,
1667 5498 1750 5550 ὅτι

187 5590 442 5651 κάνταῦθα
470 5597 530 5651 τὸ
569 5618 587 5648 ι
616 5595 818 5668 Κύριος
848 5615 867 5647 ι
897 5595 986 5649 διά
1017 5597 1117 5665 τῆς
1147 5591 1531 5663 ἀνεκφωνήτου
1558 5589 1751 5661 παρείς

1855 3927 1924 3982 de
1954 3924 2202 3996 angelica
2238 3930 2509 3994 potestate
2558 3928 2886 3992 usurpatum
2925 3928 3034 3987 est,
3078 3930 3137 3976 ut
3186 3923 3443 3977 attendas

1855 4020 1913 4074 in
1941 4018 2090 4074 omni
2121 4016 2388 4072 divinitus
2418 4013 2688 4084 inspirata
2714 4012 3024 4084 Scriptura,
3059 4013 3152 4069 ubi
3178 4012 3323 4070 Deus
3349 4015 3437 4069 vel
3538 4068 3544 4075 ,

1853 4128 1953 4183 per
2005 4115 2493 4181 tetragrammaton
2546 4106 2867 4177 designatus
2916 4105 3182 4162 Dominus
3236 4106 3443 4161 inscri-

1855 4213 1982 4277 ptus
2030 4211 2136 4267 est,
2187 4217 2313 4256 cum
2354 4198 2685 4271 quibusdam
2740 4199 3068 4254 collocutus.
3121 4197 3320 4253 Utrum
3371 4199 3439 4253 ad

1857 4299 2153 4352 increatam
2178 4294 2423 4349 omnium
2454 4291 2548 4347 Dei
2572 4297 2825 4345 naturam
2850 4288 3135 4345 referenda
3158 4298 3288 4345 sunt
3315 4306 3444 4360 quae

1857 4387 2246 4450 ostenduntur,
2297 4383 2385 4439 vel
2415 4381 2484 4437 ad
2533 4380 2699 4450 hujus
2729 4377 2996 4444 Verbum,
3043 4377 3191 4450 quod
3240 4394 3441 4435 secun-

1857 4481 1983 4535 dam
2020 4477 2404 4533 universorum
2441 4486 2690 4536 causam,
2732 4476 2786 4526 et
2818 4469 3008 4539 Deum,
3040 4477 3093 4527 et
3124 4469 3440 4535 Dominum,

1859 4570 2164 4628 secundum
2209 4565 2505 4623 ineﬂ‘abilis
2548 4561 2696 4635 apud
2734 4561 2996 4619 Hebraeos
3047 4564 3287 4619 nominis
3316 4578 3443 4620 sen-

1860 4679 1982 4721 sum
2030 4662 2307 4735 appellare
2337 4664 2481 4720 solet
2524 4663 2712 4718 divina
2751 4657 3059 4728 Scriptura.
3096 4656 3158 4710 Et
3194 4654 3443 4727 profecto

1859 4757 1916 4812 in
1956 4756 2064 4811 hoc
2110 4764 2262 4811 textu
2316 4770 2428 4827 quo
2486 4753 2763 4822 scribitur,
2800 4770 2813 4806 :
2870 4768 2889 4800 ι
2918 4747 3214 4805 Descendit
3255 4746 3441 4802 Domi-

1856 4850 2037 4916 nus“;
2070 4868 2089 4902 ι
2136 4856 2192 4903 et
2236 4866 2250 4902 :
2284 4866 2301 4898 ι
2335 4845 2486 4900 Dixit
2543 4843 2893 4911 Dominus“;
2929 4861 2948 4894 ι
2997 4840 3198 4896 merito
3239 4839 3445 4912 aliquis

1859 4950 2049 5015 posset
2087 4940 2369 5013 inquirere
2412 4954 2481 4993 an
2527 4939 2644 4994 haec
2689 4936 2960 4993 vocabula
3004 4934 3074 4989 ad
3118 4933 3441 5005 angelorum

1856 5034 2170 5106 quemdam,
2198 5032 2285 5087 vel
2332 5031 2397 5086 ad
2425 5032 2656 5101 primam
2705 5029 2950 5084 omnium
2984 5040 3209 5082 causam
3244 5023 3439 5080 referri

1861 5126 2116 5181 debeant.
2160 5122 2363 5179 Verum
2404 5123 2473 5177 de
2519 5121 2729 5193 angelis
2758 5119 2893 5175 illud
2929 5118 3154 5174 minime
3193 5117 3301 5172 dici
3341 5132 3441 5188 po-

1858 5225 2000 5279 test;
2031 5215 2269 5287 primum
2333 5213 2555 5284 quidem
2587 5211 2736 5283 quod
2774 5225 2880 5265 vox
2926 5208 3020 5262 illa
3067 5227 3086 5262 ι
3120 5207 3385 5263 Dominus
3414 5227 3434 5260 ι

1858 5306 2117 5364 ineffabili
2150 5307 2512 5378 appellatione
2537 5305 2888 5376 designetur;
2914 5300 3111 5357 deinde
3138 5300 3285 5372 quod
3316 5300 3441 5356 aliis

1859 5403 1963 5459 sibi
1994 5400 2265 5471 subjectis
2290 5398 2456 5455 verba
2490 5397 2673 5453 facere
2707 5396 2975 5451 videatur.
3009 5392 3229 5449 Rursus
3256 5400 3440 5447 autem

1857 5492 1925 5548 de
1944 5491 2107 5547 Patre
2139 5498 2195 5546 et
2215 5490 2460 5545 omnium
2497 5487 2605 5544 Deo
2628 5486 2932 5558 impropria
2960 5491 3107 5542 esset
3130 5483 3440 5548 sententia;

1859 5587 2006 5642 hunc
2048 5585 2195 5642 enim
2238 5598 2347 5641 non
2396 5580 2615 5639 deceret
2654 5579 2879 5637 dicere:
2912 5596 2931 5629 ι
2967 5576 3177 5643 Venite,
3209 5575 3434 5634 descen-

248 5771 265 5802 ³
296 5771 450 5831 Joan.
492 5793 546 5845 t,
590 5777 639 5835 l.
720 5777 741 5808 ’⁵
780 5775 881 5834 lsa.
923 5773 1146 5847 t.ttt,‘2.
1223 5773 1244 5805 ⁸
1283 5770 1419 5827 Gen.
1456 5786 1547 5835 ιι,
1581 5769 1636 5826 5.
1715 5772 1735 5801 ⁸

1859 5768 1908 5826 tl.
1944 5768 2001 5828 6.
