3846 6220
404 225 542 281 103:7

1131 217 1403 276 EUSEBH
1440 214 1923 273 CESARIENSIS
1957 214 2111 272 OPP.
2153 211 2335 269 PARS
2373 213 2536 271 l||.-—
2576 213 2991 271 EXEGETICA.

3546 219 3569 274 I
3580 217 3672 275 3'23

393 340 592 397 damus
624 344 681 395 et
707 335 1116 392 confundamus
1166 335 1408 405 linguam
1453 348 1645 389 eorum
1669 334 1713 399 ’¹,
1745 352 1764 385 ι
1798 348 1959 401 nequi

2081 331 2283 403 ληπται
2307 333 2703 404 προσηγορίας,
2727 332 2887 385 τοῦτο
2912 333 2989 397 δὲ,
3016 334 3099 387 ὅτι
3119 335 3332 408 ἑτέροις
3356 336 3491 408 παρ’
3518 335 3673 391 αὐτὸν

390 430 529 488 illud
555 448 569 485 :
598 446 620 481 ι
650 427 945 484 Descendit
973 426 1238 481 Dominus
1263 431 1323 479 ut
1346 424 1560 481 videret
1585 424 1868 480 civitatem
1883 423 1929 489 ⁸,
1953 443 1972 475 ι

388 538 517 580 cum
547 523 876 577 auctoritate
901 520 1178 590 congruit.
1209 517 1502 589 Reliquum
1545 526 1635 575 est
1662 518 1768 573 hoc
1794 516 1864 573 de
1895 516 1980 572 di-

388 615 519 671 vino
544 612 721 670 Verbo
748 612 1122 682 interpretari,
1160 611 1306 681 quod
1339 611 1561 681 quidem
1590 609 1978 682 consequenti-

386 707 494 764 bus
535 706 967 762 demonstratur.
1022 702 1124 757 Hic
1168 703 1340 774 igitur
1385 703 1629 758 omnium
1676 704 1972 774 praescien—

387 800 519 855 tiam
552 807 608 854 et
636 797 1039 853 ordinationem
1079 811 1205 851 cum
1235 811 1267 849 a
1292 794 1454 851 Patre
1495 795 1793 865 acceperit,
1830 810 1973 849 nun-

387 906 553 965 quam
614 892 854 947 cessavit
899 905 1051 946 nunc
1095 888 1314 961 quidem
1367 903 1463 959 per
1516 884 1781 959 seipsum,
1825 903 1975 943 nunc

383 998 518 1040 vero
540 998 640 1054 per
665 983 1048 1038 ministrantes
1076 981 1320 1051 angelos,
1361 994 1483 1049 qua:
1521 979 1589 1035 ad
1621 980 1851 1050 patriam
1875 994 1976 1033 vo-

383 1076 653 1132 luntatem
717 1073 1131 1144 exsequendani
1188 1071 1258 1127 de
1307 1071 1554 1125 omnium
1610 1070 1854 1125 utilitate
1908 1082 1974 1122 ac

383 1166 565 1223 salute
604 1165 951 1236 spectabant,
988 1162 1236 1234 implere.
1269 1161 1404 1227 Quae
1442 1169 1623 1216 autem
1668 1160 1736 1214 ad
1778 1159 1970 1231 mysti-

380 1269 503 1311 cam
545 1262 601 1308 et
640 1251 974 1308 ineffabilem
1025 1250 1459 1321 speculationem
1494 1250 1792 1321 pertinent,
1822 1264 1972 1305 nunc

379 1355 690 1419 opportune
718 1343 1027 1415 explicandi
1054 1344 1209 1398 locus
1231 1358 1341 1397 non
1363 1350 1468 1399 est.

2089 424 2487 497 ὑποϐεϐηκόσιν
2517 425 2773 495 ἐμφαίνει
2807 425 3139 497 πεποιῆσθαι
3165 429 3293 492 τοὺς
3320 428 3539 497 λόγους.
3573 428 3674 485 Πά-

2085 517 2169 572 λιν
2205 517 2250 572 δ’
2280 514 2348 572 αὖ
2380 519 2473 571 ἐπὶ
2516 518 2612 572 τοῦ
2653 518 2867 591 Πατρὸς
2899 521 2993 573 καὶ
3024 519 3160 573 Θεοῦ
3187 520 3298 573 τῶν
3341 521 3480 575 ὅλων
3527 521 3671 574 ὰνοξ-

2086 626 2235 673 κειος
2263 611 2297 682 ἡ
2330 609 2540 665 διάνοια
2566 628 2578 640 ·
2614 612 2677 665 οὐ
2709 610 2818 682 γὰρ
2852 610 2916 683 δὴ
2957 611 3108 682 αὑτῷ
3153 612 3356 684 πρέποι
3401 611 3469 665 ἂν
3497 611 3673 680 λέγειν

2081 702 2163 767 τὸ,
2196 719 2214 752 ι
2247 702 2437 767 Δεῦτε,
2470 704 2566 757 καὶ
2595 702 2930 766 καταϐάντες
2959 704 3279 774 συγχέωμεν
3295 704 3397 775 τὴν
3425 703 3676 771 γλῶσσαν

2082 792 2282 859 αὐτῶν,
2310 812 2328 844 ι
2350 793 2539 858 καὶτὸ,
2564 812 2582 845 ι
2606 794 2829 866 Κατέϐη
2853 794 3058 866 Κύριος
3075 793 3199 846 ἰδεῖν
3210 794 3310 864 τὴν
3325 793 3504 857 πόλιν,
3534 811 3557 843 ι
3589 795 3675 846 οὒ-

2081 881 2269 953 δαμῶς
2315 882 2382 936 ἂν
2427 882 2689 955 ἁρμόττοι
2734 886 2863 955 περὶ
2908 886 3008 955 τῆς
3046 884 3360 946 αύθεντείας
3398 882 3672 951 λέγεσθαι.

2081 975 2343 1029 Λείπεται
2376 974 2440 1046 δὴ
2476 978 2616 1028 νοεῖν
2651 975 2744 1029 τὸν
2774 976 2916 1030 θεῖον
2947 976 3119 1046 Λόγον
3147 977 3242 1029 καὶ
3274 975 3363 1029 διὰ
3389 976 3503 1030 τῶν
3546 993 3676 1045 πρ)-

2082 1065 2352 1136 κειμένων
2370 1064 2685 1137 δηλοῦσθαι.
2713 1059 2881 1131 Οὗτος
2907 1067 2972 1137 δὴ
2999 1066 3098 1138 τὴν
3123 1066 3231 1119 τῶν
3260 1067 3515 1120 ἁπάντων
3546 1068 3675 1139 πρὸ-

2076 1158 2228 1211 νοιάν
2252 1175 2310 1211 τε
2346 1158 2441 1212 καὶ
2463 1158 2778 1229 οἰκονομίαν
2804 1159 2941 1231 πρὸς
2969 1158 3065 1212 τοῦ
3090 1159 3307 1229 Πατρὸς
3338 1160 3674 1231 ἐπιτετραμ-

2080 1252 2242 1324 μένος
2274 1253 2335 1306 ού
2364 1251 2590 1306 πώποτε
2609 1252 2876 1307 διέλειπεν
2911 1254 3036 1307 τοτὲ
3075 1256 3173 1325 μὲν
3206 1255 3274 1308 δι’
3302 1255 3519 1321 ἑαυτοῦ,
3551 1257 3675 1310 τοτὲ

2077 1343 2135 1397 δὲ
2173 1343 2239 1397 δι’
2273 1344 2563 1416 ὑπηρετῶν
2589 1344 2840 1414 ἀγγέλων
2865 1344 2944 1416 τῷ
2973 1344 3228 1417 πατρικῷ
3261 1345 3567 1418 βουλήματι
3607 1347 3675 1399 τὰ

381 1438 726 1494 συντείνοντα
767 1437 860 1491 ἐπὶ
899 1439 966 1508 τῇ
1012 1435 1122 1490 τῶν
1163 1434 1299 1489 ὅλων
1337 1435 1575 1506 ὠφελείᾳ
1620 1451 1680 1488 τε
1725 1434 1821 1489 καὶ
1868 1435 2115 1507 σωτηρίᾳ¹
2164 1435 2600 1508 διακονούμενος.
2641 1438 2930 1509 Μυστικῆς
2975 1436 3033 1490 δὲ
3062 1438 3157 1491 καὶ
3181 1438 3496 1509 ἀπορρήτου
3536 1437 3677 1492 Oeae

380 1532 506 1604 ρίας
534 1531 771 1604 ἐχόμενα
793 1529 861 1583 τὰ
893 1529 1035 1584 κατὰ
1063 1530 1156 1583 τὸν
1185 1529 1350 1583 τόπον
1376 1530 1437 1583 οὑ
1469 1529 1563 1584 νῦν
1591 1529 1961 1583 ἀναπτύσσειν
1995 1529 2208 1600 καιρός.

980 1642 1212 1701 CAPUT
1269 1642 1357 1700 ιιι.

445 1757 635 1817 Prima
672 1766 854 1816 autem
911 1758 1174 1815 revelatio
1218 1756 1363 1813 facta
1388 1758 1627 1815 traditur
1656 1757 1971 1815 Abrahamo

376 1866 504 1909 cum
526 1853 576 1908 ei
596 1852 735 1908 dixit
752 1851 1017 1906 Dominus
1039 1870 1052 1906 :
1078 1869 1097 1902 ι
1122 1850 1393 1922 Egredere
1423 1851 1489 1905 de
1508 1858 1659 1906 terra
1682 1861 1779 1906 tua
1806 1862 1860 1908 et
1902 1852 1971 1909 de

376 1943 707 2015 cognatione
731 1951 844 2010 tua,
862 1951 915 1996 et
940 1942 1008 1996 de
1028 1942 1191 1996 domo
1211 1940 1383 2012 patris
1407 1941 1510 2005 tui,
1541 1947 1597 1996 et
1618 1941 1743 1995 veni
1771 1941 1827 1995 in
1858 1948 1970 1995 ter-

379 2047 501 2087 ram
537 2048 704 2104 quam
737 2031 1058 2087 monstrabo
1098 2032 1229 2099 tibi;
1261 2032 1569 2102 faciamque
1592 2039 1647 2087 te
1672 2034 1727 2085 in
1749 2041 1968 2103 gentem

373 2137 655 2195 magnam,
682 2130 736 2178 et
765 2122 1086 2177 benedicam
1115 2122 1237 2189 tibi,
1261 2130 1315 2177 et
1365 2122 1726 2193 magnificabo
1764 2137 1968 2177 nomen

372 2223 557 2281 tuum,
587 2218 809 2285 erisque
841 2214 1201 2280 benedictus;
1253 2222 1309 2268 et
1360 2213 1682 2269 benedicam
1737 2213 1965 2270 benedi-

375 2308 631 2364 centibus
678 2306 856 2373 tibi’,
898 2324 917 2359 ι
960 2314 1015 2362 et
1059 2315 1279 2362 caetera.
1321 2305 1599 2373 Secunda,
1630 2322 1755 2361 cum
1809 2308 1965 2363 visus

374 2405 464 2454 est
509 2397 561 2453 ei
594 2396 885 2462 Dominus,
934 2396 1185 2468 dixitque
1238 2398 1289 2452 ei
1336 2416 1351 2452 :
1396 2417 1413 2450 ι
1458 2396 1666 2452 Semini
1699 2408 1790 2453 tuo
1821 2399 1963 2455 dabo

373 2499 578 2545 terram
629 2489 774 2543 hanc
817 2489 881 2541 ³ο.
922 2508 939 2540 ι
976 2487 1183 2554 Tertia,
1230 2504 1355 2544 cum
1390 2508 1410 2541 ι
1457 2489 1773 2545 Abrahamo
1824 2491 1962 2545 dixit

373 2581 663 2648 Dominus,
699 2588 986 2652 postquam
1013 2580 1224 2636 divisus
1253 2592 1335 2635 est
1366 2581 1436 2635 ab
1469 2597 1535 2636 eo
1557 2580 1659 2636 Lot
1679 2582 1744 2649 “,
1776 2602 1796 2635 ι
1840 2599 1963 2654 quae

369 2670 708 2728 referuntur.
750 2673 977 2739 Quarta,
1025 2672 1082 2727 in
1115 2688 1222 2744 qua
1266 2672 1468 2727 dicitur
1508 2692 1522 2729 :
1576 2692 1595 2724 ι
1634 2672 1733 2728 liis
1776 2676 1962 2744 itaque

368 2765 706 2831 transactis,
750 2765 931 2821 factus
972 2773 1058 2820 est
1112 2779 1293 2820 sermo
1332 2763 1550 2819 Domini
1597 2766 1665 2820 ad
1713 2765 1962 2819 Abraha-

370 2869 541 2924 mum,
566 2872 664 2928 per
687 2857 953 2913 visionem
985 2858 1175 2912 dicens
1208 2876 1220 2910 :
1254 2855 1377 2910 Noli
1403 2858 1620 2923 timere,
1658 2858 1956 2927 Abraham,

369 2966 473 3020 ego
500 2958 777 3022 protector
820 2958 949 3006 tuus
998 2964 1123 3005 sum
1160 2950 1235 3017 ¹¹;
1278 2971 1296 3002 ι
1335 2959 1390 3005 et
1422 2958 1544 3020 post
1590 2952 1697 3005 alia
1733 2970 1747 3006 :
1782 2971 1801 3004 ι
1844 2950 1957 3024 Ego

370 3041 658 3111 Dominus,
690 3043 785 3114 qui
819 3042 983 3098 eduxi
1014 3054 1066 3098 te
1108 3042 1177 3098 de
1229 3050 1376 3097 terra
1403 3041 1785 3096 Chaldaeorum
1820 3042 1885 3095 ⁸³.
1929 3063 1947 3095 ι

2068 3041 2172 3111 ἐγὼ
2197 3042 2557 3114 ύπερασπίζω
2585 3058 2679 3093 σου
2701 3058 2714 3072 ’

373 3136 599 3201 Quinta,
626 3149 752 3189 cum
777 3134 933 3190 visus
961 3142 1048 3190 est
1081 3132 1348 3190 Dominus
1379 3134 1693 3188 Abrahamo
1734 3142 1788 3189 et
1813 3133 1953 3188 dixit

366 3226 420 3282 ei
453 3244 468 3281 :
504 3242 524 3276 ι
561 3224 676 3296 Ego
708 3240 832 3281 sum
874 3225 1021 3282 Deus
1052 3233 1204 3293 tuus,
1235 3226 1455 3280 ambula
1484 3240 1671 3280 coram
1702 3241 1790 3280 me
1820 3228 1884 3290 ιδ,
1930 3246 1949 3279 ι

369 3325 427 3371 et
491 3323 711 3372 caetera.
764 3313 952 3383 Sexta,
1009 3318 1067 3373 in
1098 3332 1207 3388 qua
1255 3333 1454 3374 rursus
1517 3338 1536 3370 ι
1576 3320 1857 3391 Apparuit
1905 3321 1955 3376 ei

370 3407 639 3465 Dominus
677 3410 735 3464 in
774 3410 1023 3465 convalle
1070 3410 1311 3465 Mamhre
1344 3411 1555 3466 sedenti
1591 3413 1647 3465 in
1687 3414 1832 3468 ostio
1882 3422 1958 3468 ta-

368 3499 656 3556 bernaculi
686 3500 774 3555 sui
803 3499 861 3554 in
896 3499 1017 3570 ipso
1046 3498 1259 3555 fervore
1292 3500 1401 3554 diei
1429 3518 1443 3554 :
1478 3517 1718 3572 cumque
1746 3504 1953 3559 elevas-

371 3599 460 3647 aet
509 3593 722 3658 oculos,
759 3601 1132 3663 apparuerunt
1175 3593 1227 3648 ei
1257 3602 1371 3647 tres
1404 3593 1507 3647 viri
1548 3602 1758 3650 stantes
1788 3611 1957 3666 prope

369 3700 496 3740 eum
530 3704 544 3740 :
584 3699 725 3755 quos
783 3699 910 3738 cum
963 3684 1216 3749 vidisset,
1268 3688 1513 3738 cucurrit
1548 3686 1603 3739 in
1656 3701 1955 3742 occursum

368 3792 561 3832 eorum
598 3776 666 3831 de
696 3776 839 3831 ostio
869 3776 1237 3844 tabernaculi,
1268 3784 1323 3832 et
1348 3777 1599 3832 adoravit
1639 3780 1695 3833 in
1725 3786 1953 3845 terram,

368 3877 425 3925 et
455 3869 593 3924 dixit
621 3889 635 3924 :
668 3868 925 3935 Domine,
958 3870 1007 3924 si
1057 3870 1241 3926 inveni
1267 3873 1505 3943 gratiam
1535 3873 1592 3927 in
1625 3874 1801 3930 oculis
1824 3874 1953 3940 tuis,

369 3976 446 4017 ne
486 3968 737 4018 transeas
760 3978 979 4018 servum
1013 3970 1188 4029 tuum,
1239 3964 1334 4019 sed
1370 3964 1630 4019 afferatur
1653 3967 1956 4037 pauxillum

370 4068 549 4123 aquae,
574 4061 629 4109 et
652 4054 836 4109 lavent
867 4055 1032 4126 pedes
1064 4064 1278 4112 vestros
1308 4058 1371 4111 η.
1422 4078 1442 4110 ι
1479 4057 1614 4113 Dein
1643 4060 1806 4128 paulo
1833 4067 1957 4129 post

370 4144 524 4199 addit
557 4162 573 4200 :
604 4163 623 4196 ι
661 4145 798 4200 Cum
828 4154 1009 4202 autem
1037 4149 1410 4204 surrexissent
1446 4150 1594 4217 inde,
1622 4151 1942 4207 direxerunt

368 4250 562 4306 oculos
589 4262 781 4305 contra
826 4248 1163 4309 Sodomam:
1214 4262 1269 4309 et
1296 4254 1571 4309 Abraham
1614 4257 1778 4311 simul
1820 4274 1951 4330 gra-

377 4352 656 4420 diebatur,
698 4354 981 4412 deducens
1010 4371 1127 4414 eos.
1165 4356 1423 4429 Dixitque
1468 4359 1734 4419 Dominus
1763 4382 1778 4419 :
1810 4361 1950 4420 Num

2620 1645 3020 1699 ΚΕΦΑΛΔῙΟΝ
3060 1646 3134 1698 Γν.

2144 1758 2370 1832 Πρῶτος
2399 1759 2819 1831 ἀναγέγραπται
2850 1761 3144 1832 γενόμενος
3172 1762 3562 1834 χρηματισμὸς
3592 1763 3673 1835 τῷ

2084 1851 2340 1924 Ἀϐραὰμ
2365 1853 2455 1905 ὅτε
2493 1847 2647 1905 εἶπεν
2691 1851 2842 1923 αὐτῷ
2881 1852 3114 1925 Κύριος·
3160 1872 3179 1904 ι
3210 1853 3432 1920 Ἔξελθε
3464 1857 3529 1909 ὲκ
3569 1857 3672 1928 τῆς

2070 1944 2174 2014 γῆς
2204 1959 2297 1995 σου
2328 1943 2421 1995 καὶ
2448 1944 2512 1996 ὲκ
2542 1944 2642 2013 τῆς
2669 1943 2991 2012 συγγενείας
3024 1962 3141 2008 σου,
3175 1947 3269 2000 καὶ
3296 1947 3362 2001 ὲκ
3394 1947 3491 2001 τοῦ
3514 1948 3671 2003 οἴκου

2068 2034 2163 2087 τοῦ
2210 2036 2416 2107 πατρός
2460 2052 2553 2089 σου
2601 2037 2681 2099 είς
2711 2035 2810 2106 τὴν
2854 2036 2959 2107 γῆν
2989 2037 3057 2108 ἣν
3099 2038 3164 2092 ἄν
3200 2055 3283 2091 σοι
3320 2039 3518 2105 δείξω*
3574 2041 3670 2094 καὶ

2070 2129 2284 2199 ποιήσω
2312 2145 2371 2181 σε
2399 2131 2479 2193 εἰς
2512 2128 2663 2192 ἔθνος
2698 2128 2861 2199 μέγα,
2897 2129 2992 2182 καὶ
3020 2129 3301 2202 εὐλογήσω
3335 2148 3419 2198 σε,
3447 2133 3545 2185 καὶ
3582 2151 3674 2203 με·

2067 2217 2287 2287 γαλυνῶ
2315 2218 2375 2271 τὸ
2403 2218 2577 2289 ὄνομά
2616 2235 2733 2285 σου,
2775 2220 2870 2272 καὶ
2898 2218 2996 2293 ἔσῃ
3023 2219 3345 2291 εὐλογητός·
3384 2222 3481 2275 καὶ
3508 2222 3668 2277 εὐλο-

2066 2313 2223 2383 γήσω
2257 2312 2382 2375 τοὺς
2411 2311 2771 2381 εύλογοῦντάς
2820 2312 2886 2381 (f.
2919 2312 2973 2383 4)
3022 2330 3105 2376 σε,
3147 2334 3166 2367 ι
3219 2313 3313 2367 καὶ
3348 2314 3418 2367 τὰ
3457 2315 3672 2381 τούτοις

2067 2401 2215 2472 ἑξῆς.
2266 2402 2549 2472 Δεύτερος,
2581 2403 2669 2455 ὅτε
2710 2401 2868 2472 ὤφθη
2915 2402 3067 2474 αύτῷ
3114 2401 3319 2475 Κύριος
3363 2406 3457 2458 καὶ
3505 2403 3667 2461 εἶπεν

2065 2492 2213 2563 αὐτῷ
2234 2511 2247 2522 ·
2291 2513 2309 2544 ι
2351 2492 2442 2563 Τῷ
2477 2492 2754 2564 σπέρματί
2790 2509 2882 2545 σου
2914 2492 3070 2546 δώσω
3103 2495 3202 2564 τὴν
3235 2499 3338 2563 γῆν
3364 2496 3593 2568 ταύτην.
3639 2518 3657 2549 ι

2065 2583 2177 2635 Καὶ
2224 2582 2424 2655 τρίτος,
2456 2583 2544 2635 ὅτε
2582 2601 2599 2633 ι
2640 2584 2669 2634 6
2698 2581 2902 2652 Κύριος
2931 2578 3083 2635 εἶπεν
3120 2583 3200 2654 τῷ
3237 2584 3491 2657 Ἀϐραὰμ
3527 2588 3666 2658 μετὰ

2074 2674 2135 2727 τὸ
2174 2674 2598 2745 διαχωρισθῆναι
2642 2673 2733 2725 τὸν
2774 2671 2901 2742 Λὼτ
2942 2674 3038 2727 ἀπ’
3082 2674 3247 2728 αὐτοῦ
3287 2695 3307 2728 ι
3354 2676 3424 2729 τὰ
3463 2677 3665 2746 ἀναγε-

2061 2767 2377 2838 γραμμένα.
2397 2766 2685 2837 Τέταρτος,
2710 2768 2769 2819 ὲν
2802 2761 2847 2835 ᾧ
2879 2766 3117 2838 εἴρηται,
3146 2786 3163 2817 ι
3190 2768 3349 2820 Μετὰ
3385 2768 3443 2823 δὲ
3477 2768 3543 2822 τὰ
3570 2772 3661 2839 ρή-

2067 2874 2211 2929 ματα
2251 2857 2425 2911 ταῦτα
2473 2858 2704 2929 ἐγενήθη
2751 2861 2902 2929 ῥῆμα
2949 2859 3158 2929 Κυρίου
3222 2859 3361 2930 πρὸς
3405 2859 3658 2932 Ἀϐραάμ

2062 2952 2119 3005 ὲν
2162 2951 2398 3022 ὁράματι
2447 2953 2548 3022 τῆς
2580 2950 2775 3013 νυκτὸς
2823 2949 3017 3018 λέγων,
3055 2950 3150 3021 Μὴ
3185 2950 3379 3017 φοϐοῦ,
3408 2951 3657 3023 Ἀϐραμ,

2753 3064 2772 3092 ρ
2808 3044 2903 3094 καὶ
2937 3042 3058 3112 μεθ’
3092 3042 3286 3114 ἓτερα·
3317 3063 3335 3095 ι
3378 3043 3524 3112 Ἐγὼ
3555 3045 3664 3097 Κύ-

2063 3151 2177 3205 ριος
2209 3134 2237 3185 6
2272 3132 2557 3201 ἐξαγαγών
2590 3149 2650 3185 σε
2683 3134 2747 3185 ὲκ
2782 3131 2967 3203 χώρας
2989 3133 3289 3189 Χαλδαίων.
3330 3153 3349 3186 ι
3377 3136 3659 3207 Πέμπτος,

2059 3226 2147 3279 ὅτε
2198 3223 2354 3295 ὤφθη
2412 3225 2616 3296 Κύριος
2680 3223 2759 3295 τῷ
2820 3224 3073 3295 Ἀϐραὰμ
3125 3227 3220 3279 καὶ
3274 3222 3429 3279 εἶπεν
3485 3227 3657 3297 αύτῷ,

2066 3335 2085 3369 ι
2132 3315 2274 3385 Ἐγώ
2307 3317 2420 3386 εἰμι
2448 3317 2476 3367 6
2508 3315 2641 3379 Θεὸς
2671 3333 2766 3369 σου
2791 3333 2803 3345 ’
2851 3317 3136 3387 εύαρέστει
3182 3316 3413 3370 ἐνώπιον
3444 3317 3602 3388 ἐμοῦ,
3635 3338 3655 3368 ι

2059 3409 2154 3462 καὶ
2205 3408 2273 3461 τὰ
2320 3407 2501 3461 λοιπά.
2556 3407 2775 3471 Ἕκτος,
2828 3408 2888 3460 έν
2936 3401 2981 3473 ᾦ
3031 3408 3194 3460 πάλιν
3241 3430 3259 3459 ‹
3297 3409 3478 3480 Ὠφθη
3505 3409 3660 3479 αὐτῷ

2060 3501 2266 3574 Κύριος
2302 3501 2438 3573 πρὸς
2466 3503 2533 3572 τῇ
2574 3500 2697 3572 δρυῒ
2733 3503 2799 3572 τῇ
2846 3501 3116 3573 Μαμϐρῇ,
3148 3501 3465 3573 καθημένου
3491 3501 3661 3556 αὐτοῦ

2058 3594 2152 3647 ἐπὶ
2177 3594 2274 3664 τῆς
2315 3592 2486 3665 θύρας
2511 3592 2614 3663 τῆς
2645 3592 2854 3663 σκηνῆς
2884 3593 3051 3646 αὑτοῦ
3090 3593 3440 3664 μεσημϐρίας
3460 3611 3475 3624 ο
3517 3594 3648 3649 ἀνα-

2060 3685 2264 3755 ϐλέψας
2291 3684 2347 3738 δὲ
2372 3688 2485 3749 τοῖς
2517 3684 2813 3755 ὀφθαλμοῖς
2836 3685 3001 3739 αὑτοῦ
3034 3682 3192 3748 εἶδεν,
3236 3687 3329 3738 καὶ⁹
3361 3686 3471 3739 ἰδοῦ
3504 3689 3657 3760 τρεῖς

2059 3776 2251 3849 ἄνδρες
2276 3777 2627 3847 είστήκεισαν
2653 3776 2839 3830 ἐπάνω
2858 3777 3021 3830 αὑτοῦ
3045 3795 3058 3809 ·
3082 3779 3177 3830 καὶ
3208 3776 3330 3830 ἰδὼν
3355 3777 3660 3850 προσέδρα-

2062 3887 2162 3941 μεν
2189 3872 2269 3933 είς
2305 3870 2628 3941 συνάντησιν
2658 3871 2840 3935 αὐτοῖς
2872 3870 2980 3923 ἀπὸ
3011 3869 3113 3939 τῆς
3167 3869 3337 3942 θύρας
3366 3869 3470 3938 τῆς
3510 3887 3650 3940 σκη-

2059 3962 2157 4033 νῆς
2182 3961 2343 4015 αὑτοῦ
2365 3980 2379 3994 ο
2415 3964 2511 4017 καὶ
2538 3962 2950 4034 προσεκύνησεν
2971 3963 3065 4015 ἐπὶ
3087 3962 3187 4033 τὴν
3216 3962 3322 4031 γῆν
3352 3963 3450 4015 καὶ
3472 3957 3648 4015 εἶπεν·

2058 4054 2255 4125 Κύριε,
2282 4056 2330 4108 εί
2360 4049 2518 4127 εὗρον
2544 4055 2703 4127 χάριν
2730 4055 2972 4108 ἐναντίον
2998 4072 3114 4118 σου,
3137 4055 3213 4125 μὴ
3245 4054 3529 4126 παρέλθῃς
3562 4055 3656 4109 τὸν

2059 4145 2225 4199 παῖδά
2261 4162 2375 4209 σου,
2409 4145 2670 4217 ληφθὴτω
2696 4144 2761 4216 δὴ
2793 4146 2987 4218 μικρὸν
3022 4146 3187 4219 ὕδωρ,
3215 4147 3311 4200 καὶ
3337 4147 3654 4217 νιψάτωσαν

2056 4240 2185 4302 τοὺς
2229 4239 2400 4302 πόδας
2447 4237 2620 4310 ὑμῶν.
2675 4258 2694 4290 ι
2750 4235 2888 4292 Εἶτα
2939 4240 3078 4310 μετά
3130 4256 3252 4293 τινα
3302 4240 3647 4312 ἐπιφέρεται,

2066 4349 2086 4383 ι
2124 4332 2247 4383 Ὀτι
2290 4330 2684 4395 ἐξαναστάντες
2728 4330 2937 4384 ἐκεῖθεν
2979 4331 3287 4401 ἐπέϐλεψαν
3337 4332 3432 4384 ἐπὶ
3479 4333 3651 4404 πρόσ-

368 4446 550 4502 celare
601 4454 794 4518 potero
845 4447 1120 4505 Abraham
1151 4465 1272 4520 quae
1303 4420 1560 4522 gesturus
1607 4456 1768 4509 sum?
1810 4456 1953 4510 Cum

2068 4441 2204 4477 ωπον
2239 4423 2517 4494 Σοδόμων⁸
2565 4424 2820 4495 Ἀϐραὰμ
2859 4424 2917 4478 δὲ
2953 4424 3349 4496 συνεπορεύετο
3390 4427 3510 4496 μετ’
3553 4427 3652 4479 αύ-

369 4538 592 4596 futurus
621 4540 694 4594 sit
727 4541 783 4595 in
810 4548 1028 4611 gentem
1064 4557 1320 4613 magnam
1354 4559 1421 4598 ac
1475 4546 1944 4612 robustissimam,

367 4640 425 4688 et
445 4633 833 4689 benedicendae
859 4634 969 4689 sint
1013 4634 1071 4689 in
1120 4635 1216 4690 illo
1260 4650 1452 4691 omnes
1485 4638 1738 4693 nationes
1768 4648 1949 4695 terrae.

369 4724 622 4782 Sciebam
649 4726 795 4781 enim
820 4725 965 4797 quod
999 4734 1370 4797 praecepturus
1402 4728 1472 4782 sit
1490 4727 1615 4783 filiis
1645 4731 1761 4785 suis
1781 4737 1835 4784 et
1856 4729 1959 4786 do-

366 4819 483 4874 mui
505 4833 619 4875 suae
632 4827 758 4890 post
774 4834 853 4886 se,
876 4826 937 4874 ut
961 4818 1275 4874 custodiant
1285 4822 1401 4875 vias
1417 4819 1655 4887 Domini,
1674 4830 1729 4877 et
1750 4821 1955 4878 faciant

362 4908 634 4981 judicium
671 4918 727 4966 et
762 4911 1037 4980 justitiam
1069 4930 1083 4967 :
1116 4919 1178 4967 ut
1225 4912 1462 4969 adducat
1511 4912 1780 4971 Dominus
1819 4931 1950 4985 pro-

366 5008 491 5072 pter
520 5000 795 5056 Ahraliam
827 5004 1011 5058 omnia
1050 5019 1172 5074 quae
1192 5005 1410 5061 locutus
1436 5013 1521 5061 est
1543 5006 1613 5061 ad
1634 5022 1781 5063 eum.
1806 5006 1953 5063 Dixit

368 5102 559 5148 autem
574 5092 874 5150 Dominus:
907 5095 1128 5151 Clamor
1163 5095 1525 5153 Sodomorum
1546 5106 1601 5154 et
1630 5096 1949 5156 Gomorrha:

368 5198 766 5269 multiplicatus
786 5209 871 5258 est
894 5203 959 5258 “.
1000 5222 1020 5255 ι
1072 5201 1159 5257 Et
1185 5203 1348 5273 paulo
1394 5211 1559 5274 post:
1595 5223 1613 5255 ι
1643 5204 1945 5262 Converte-

370 5308 611 5369 runtque
672 5316 732 5356 se
779 5302 906 5357 inde
951 5309 1064 5358 tres
1089 5303 1215 5369 viri,
1260 5311 1316 5359 et
1345 5304 1601 5359 abierunt
1628 5303 1948 5362 Sodomam.

370 5406 648 5462 Abraham
677 5425 808 5465 vero
837 5409 1018 5467 adhuc
1047 5411 1230 5466 stabat
1265 5426 1451 5466 coram
1481 5410 1736 5467 Domino.
1766 5413 1834 5468 Et
1857 5430 1950 5486 ap-

368 5512 750 5584 propinquans
774 5516 885 5570 ait:
924 5515 1197 5589 Numquid
1229 5518 1653 5589 perdesjustum
1689 5536 1812 5574 cum
1846 5521 1950 5575 im-

470 5619 753 5695 "Genu,
792 5627 844 5688 7.
943 5628 965 5660 ⁸
1004 5629 1134 5684 ibid.
1172 5630 1225 5690 5,

371 5690 426 5747 7.
504 5691 547 5724 “
584 5690 888 5767 Geufxvtl,
929 5700 977 5752 Ι.
1056 5699 1098 5730 ⁸⁸
1139 5697 1272 5756 Gen.
1315 5716 1483 5768 xvlu,
1522 5702 1632 5756 1-4.

2060 4513 2170 4566 τῶν
2203 4513 2659 4585 συμπροπέμπων
2688 4513 2885 4578 αὐτούς
2908 4531 2922 4545 ·
2949 4516 2979 4567 6
3007 4514 3064 4567 δὲ
3092 4515 3299 4585 Κύριος
3330 4511 3487 4569 εἶπεν
3506 4532 3519 4545 ·
3551 4517 3647 4586 Μὴ

2056 4604 2250 4676 κρύψω
2288 4602 2400 4673 ἐγὼ
2447 4606 2556 4658 ἀπὸ
2597 4604 2853 4677 Ἀϐραὰμ
2904 4604 2998 4657 τοῦ
3051 4605 3242 4669 παιδός
3294 4621 3399 4676 μου
3451 4605 3491 4660 ἃ
3532 4604 3645 4675 ἐγὼ

2058 4696 2232 4762 arma);
2279 4696 2529 4768 Ἀϐραάμ
2565 4696 2620 4749 δὲ
2664 4697 2949 4767 γινόμενος
2997 4696 3151 4749 ἔσται
3193 4700 3275 4762 εἰς
3307 4698 3464 4761 ἔθνος
3503 4699 3649 4770 μέγα

2057 4791 2151 4842 καὶ
2190 4789 2347 4851 πολὺ,
2382 4790 2478 4842 καὶ
2524 4790 3011 4861 ὲνευλογηθήσεται
3052 4792 3111 4843 ὲν
3154 4791 3305 4862 αὐτῷ
3350 4793 3533 4846 πάντα
3578 4791 3649 4844 τὰ

2056 4880 2185 4951 ἔθνη
2216 4881 2317 4950 τῆς
2343 4882 2447 4950 γῆς
2467 4900 2480 4911 ·
2518 4882 2670 4953 ᾔδειν
2712 4882 2822 4955 γὰρ
2847 4884 2929 4935 ὅτι
2955 4884 3203 4950 συντάξει
3236 4886 3348 4948 τοῖς
3381 4886 3518 4948 υἱοῖς
3544 4885 3646 4938 αῦ-

2054 4972 2148 5025 τοῦ
2191 4973 2287 5026 καὶ
2325 4973 2404 5043 τῷ
2437 4972 2571 5045 οἴκῳ
2598 4973 2765 5028 αὐτοῦ
2798 4976 2915 5045 μετ’
2952 4976 3153 5037 αὐτῶν,
3188 4977 3284 5030 καὶ
3316 4975 3648 5045 φυλάξουσιί

2053 5064 2154 5129 τὰς
2196 5065 2350 5129 ὀδοὺς
2398 5066 2626 5138 Κυρίου,
2668 5070 2842 5121 ποιεῖν
2896 5068 3245 5140 δικαιοσύνην
3292 5070 3388 5123 καὶ
3436 5069 3641 5140 κρίσιν.

2054 5159 2201 5222 ὅπως
2247 5158 2313 5212 ἂν
2346 5159 2601 5230 ἐπαγάγῃ
2635 5159 2840 5231 Κύριος
2887 5162 2979 5213 ἐπὶ
3019 5160 3272 5232 Ἀϐραὰμ
3311 5161 3349 5215 ἃ
3378 5160 3644 5230 ἐλάλησεν

2055 5249 2191 5317 πρὸς
2217 5249 2399 5303 αὐτόν.
2436 5246 2601 5303 Εἶπεν
2635 5249 2691 5303 δὲ
2733 5251 2959 5322 Κύριος·
2992 5252 3224 5323 Κραυγὴ
3257 5251 3507 5322 Σοδόμων
3548 5252 3644 5304 καί

2053 5342 2336 5416 Γομόρρας
2383 5343 2779 5413 πεπλήθυνται.
2816 5364 2835 5396 ι
2888 5344 2998 5398 Καὶ
3061 5346 3182 5414 μετ’
3232 5345 3417 5413 ὀλίγα’
3472 5362 3490 5393 ι
3529 5343 3642 5396 Κουί

2052 5434 2500 5509 ἀποστρέψαντες
2534 5435 2741 5489 ἐκεῖθεν
2774 5438 2822 5490 oi
2857 5436 3046 5506 ἄνδρες
3084 5432 3253 5505 ἦλθον
3289 5438 3369 5498 είς
3395 5435 3635 5504 Σύδομα’

2066 5524 2317 5598 Ἀϐραὰμ
2339 5524 2397 5579 δὲ
2438 5522 2506 5598 ἦν
2534 5523 2783 5597 έστηκὼς
2814 5526 3050 5579 ἐναντίον
3076 5525 3286 5599 Κυρίου
3307 5543 3320 5555 ·
3356 5525 3449 5579 καὶ
3480 5524 3638 5591 ἐγγί-

1335 5632 1356 5661 ⁹
1395 5631 1541 5707 Gcn._
1568 5648 1677 5707 x_It,
1716 5633 1831 5707 14-5,
1889 5635 1954 5707 _‘°

2068 5635 2129 5707 pd.
2165 5637 2219 5692 7.
2300 5640 2337 5675 ι’
2380 5639 2514 5695 Gen.
2556 5655 2685 5707 xm,
2724 5638 2811 5694 Η.
2891 5640 2932 5671 ⁸³
2972 5636 3103 5693 Gen.
3147 5654 3239 5704 xv,
3285 5638 3333 5694 ι.
3414 5637 3458 5669 ³³
3497 5637 3632 5692 ibid.

1713 5705 1755 5734 ‘°
1794 5704 1923 5760 Ibid.
1962 5705 2138 5762 iii-90.
