3846 6220
155 227 302 287 1029

1238 237 1542 307 ECLOGE
1577 224 2068 297 ΡΚΟΡΠΕΤΙΟᾹΞ.
2107 273 2176 281 -
2215 239 2342 299 LIB.
2378 241 2419 299 1.

3339 229 3494 294 K50

152 371 255 420 σας
296 356 583 431 Ἀϐραὰμ
626 357 803 427 εἶπεν,
853 362 945 434 Μὴ
992 365 1358 438 συναπολέσῃς
1396 368 1601 422 δίκαιον
1645 385 1737 439 μετ

1848 393 1859 430 ι
1890 367 2013 437 pio?
2035 366 2384 434 Sitvejustus
2409 368 2724 439 utimpius?
2752 363 2809 422 Si
2839 365 3043 422 fuerint
3071 363 3476 438 quinquaginta

148 444 396 513 ἀσεϐοῦς
420 466 435 479 ·
474 453 584 505 καὶ¹
622 452 775 508 ἔσται
803 456 833 507 6
871 455 1077 520 δίκαιος
1108 457 1185 521 ὼς
1226 459 1255 511 6
1298 459 1526 533 ἀσεϐής·
1557 461 1652 515 ἐὰν
1681 455 1737 514 (in

1883 459 2020 528 justi
2045 459 2099 514 in
2117 459 2356 524 civitate,
2388 460 2644 530 peribunt
2659 460 2861 515 simul?
2912 458 3106 515 Nonne
3130 474 3324 529 parces
3345 458 3472 513 loco

149 541 523 612 πεντήκοντα
572 545 778 600 δίκαιοι
827 550 887 602 ὲν
924 553 991 620 τῇ
1027 549 1201 615 πόλει,
1232 551 1521 616 ἁπολέσεις
1549 553 1779 618 uinetis;

1888 551 1966 605 illi
2006 561 2228 623 propter
2265 554 2660 625 quinquaginta
2696 555 2904 624 justos,
2950 555 2998 609 si
3043 554 3249 609 fuerint
3276 556 3334 609 in
3366 554 3468 609 eo?

150 632 268 685 Οὐκ
301 634 555 705 ἀνήσεις
576 637 761 692 πάντα
790 638 881 692 τὸν
905 639 1069 695 τόπον
1100 641 1284 695 ἕνεκεν
1310 641 1418 695 τῶν
1444 644 1737 713 πεντήκοντ

1888 642 2050 698 Absit
2072 660 2102 696 a
2148 651 2203 699 te
2232 655 2292 699 ut
2320 661 2432 700 rem
2464 646 2608 700 lianc
2638 645 2832 711 facias,
2883 653 2938 701 et
2978 646 3203 701 occidas
3245 646 3461 716 justum

148 724 408 791 δικαίων,
436 727 548 783 ἐὰν
583 724 722 784 ὦσιν
753 732 809 784 ὲν
837 729 973 803 αὐτῇ
996 750 1010 799 ;
1040 733 1322 805 Μηδαμῶς
1345 735 1410 787 σὺ
1441 736 1686 806 ποιήσεις
1705 735 1737 787 ἁ

1886 749 2009 789 cum
2042 736 2233 805 impio,
2266 736 2465 807 [latque
2490 738 2676 807 justus
2698 738 2844 792 sicut
2864 738 3090 808 impius;
3109 754 3219 793 non
3248 747 3333 794 est
3357 740 3460 795 hoc

146 818 211 870 τὸ
243 818 409 890 ῥῆμα
435 820 621 876 τοῦτο
641 823 736 877 τοῦ
769 821 1087 878 ἀποκτεῖναι
1112 825 1320 879 δίκαιον
1346 825 1483 897 μετά
1515 826 1772 890 ἀσεϐοῦς·

150 913 248 966 καὶ
281 912 449 968 ἔσται
487 917 520 969 6
558 917 772 981 δίκαιος
802 917 878 981 ὡς
914 919 943 971 6
978 918 1212 990 ἀσεϐής·
1249 917 1548 990 μηδαμῶςο
1584 920 1612 971 6
1655 919 1775 990 κρί-

149 1021 258 1058 νων
282 1008 481 1059 πᾶσαν
518 1008 632 1078 τὴν
660 1009 765 1079 γῆν
795 1010 856 1061 οὐ
902 1009 1153 1079 ποιήσεις
1193 1009 1406 1080 κρίσιν;
1449 1030 1467 1062 ι
1513 1010 1621 1062 Καὶ
1653 1008 1771 1079 μεθ’

149 1097 321 1168 ἕτερά
355 1112 542 1168 φησιν
601 1102 635 1171 ἡ
687 1101 914 1171 Γραφή·
980 1120 999 1153 ι
1043 1099 1306 1171 Ἀπῆλθεν
1348 1100 1403 1153 δὲ
1445 1101 1650 1172 Κύριος
1695 1101 1771 1164 ὡς

1884 834 2059 889 tuum,
2093 828 2425 898 qnijudicas
2452 845 2669 885 omnem
2711 838 2915 884 terram
2951 847 2966 897 ;
2998 847 3343 901 nequaquam
3376 832 3459 888 fa-

1880 920 1993 975 cies
2016 921 2284 989 judicium
2344 922 2450 976 hoc
2486 923 2556 977 ".
2587 941 2606 974 ›
2642 921 2709 975 Et
2755 931 2878 993 post
2911 938 3085 993 pauca
3132 924 3267 979 dicit
3307 923 3458 980 Scri-

1877 1016 2037 1078 ptura
2054 1029 2065 1063 :
2081 1010 2256 1065 «Abiit
2271 1019 2449 1066 autem
2468 1011 2751 1077 Dominus,
2760 1021 3048 1083 postquam
3063 1017 3454 1087 cessavitloqui

1877 1101 1943 1154 ad
1961 1101 2236 1156 Abraham
2256 1103 2327 1168 ‘3;
2357 1112 2732 1174 veneruntque
2760 1105 2869 1160 duo
2892 1106 3068 1176 angeli
3086 1107 3140 1160 in
3161 1104 3453 1164 Sodomam

150 1187 445 1242 επαύσατο
476 1188 672 1243 λαλῶν
696 1190 774 1262 τῷ
808 1190 1074 1262 Ἀϐραάμ.
1109 1192 1371 1263 Είσῆλθον
1398 1192 1454 1245 δὲ
1485 1193 1579 1246 καὶ
1607 1195 1654 1245 οἱ
1678 1191 1737 1244 δύ

1877 1207 2124 1263 vespere,
2157 1202 2213 1249 et
2241 1194 2466 1251 sedente
2496 1195 2598 1252 Lot
2627 1198 2686 1251 in
2715 1196 2926 1253 foribus
2945 1198 3184 1254 civitatis
3210 1200 3274 1255 “.
3312 1219 3333 1253 ι

150 1281 378 1351 ἄγγελοι
402 1285 493 1346 είς
528 1284 749 1355 Σόδομα
779 1286 1048 1357 ὲσπέρας’
1086 1285 1210 1340 Λὼτ
1243 1288 1298 1341 δὲ
1337 1288 1573 1356 ἐκάθητο
1616 1287 1768 1359 παρὰ
1802 1287 1902 1358 τὴν
1935 1287 2110 1361 πύλην
2135 1291 2403 1362 Σοδόμων.
2434 1311 2455 1345 ι

232 1378 590 1450 Ἐπιστῆσαι
627 1379 775 1447 ἄξιον
822 1382 1051 1454 πότερον
1095 1382 1323 1452 ἄγγελος
1358 1386 1387 1437 6
1414 1381 1590 1455 τυχὼν
1629 1383 1770 1438 κατὰ

1949 1382 2105 1440 Scire
2134 1392 2217 1440 est
2240 1401 2421 1456 operae
2464 1387 2726 1458 pretium,
2778 1397 2964 1442 utrum
3002 1389 3076 1443 sit
3104 1388 3331 1460 angelus
3353 1389 3446 1461 qui

152 1472 279 1534 τοὺς
302 1471 524 1537 τόπους
562 1473 821 1544 δηλοῦται
855 1478 884 1530 6
909 1477 1036 1540 τοὺς
1068 1478 1486 1549 χρηματισμοὺς
1513 1479 1649 1551 πρὸς
1676 1478 1735 1532 τὸ

1871 1473 1959 1530 liis
2008 1477 2066 1529 in
2124 1473 2423 1547 Scriptum
2470 1479 2608 1534 locis
2652 1479 2970 1534 Abrahamo
3009 1481 3332 1551 apparuisse
3363 1496 3449 1538 os-

162 1562 430 1636 ’Δϐραέιμ
462 1568 868 1639 πεποιημένος,
908 1569 941 1640 ἢ
972 1568 1133 1633 αὐτὸς
1169 1569 1198 1621 6
1243 1568 1353 1623 τῶν
1382 1570 1517 1624 ὅλων
1543 1570 1697 1635 Θεὸς,
1728 1571 1760 1643 ἢ

153 1656 338 1726 τρίτος
373 1675 466 1722 τις
503 1659 664 1731 παρὰ
700 1659 922 1725 τούτους
958 1663 987 1714 ό
1017 1660 1111 1714 τοῦ
1156 1660 1291 1715 Θεοῦ
1318 1662 1508 1732 Λόγος,
1533 1662 1591 1716 ὃν
1624 1662 1761 1734 μετὰ

153 1748 246 1802 τὸν
277 1749 562 1803 ἀνωτάτω
598 1751 817 1822 Πατέρα
843 1752 938 1805 καὶ
961 1752 1093 1805 Θεὸν
1131 1752 1238 1807 τῶν
1270 1752 1405 1806 ὅλων
1434 1752 1636 1825 Κύριον
1665 1756 1760 1807 καὶ

153 1838 287 1892 Θεὸν
320 1841 641 1906 ἀποκαλεῖν
666 1841 786 1907 ἕθος
808 1847 874 1915 τῇ
907 1846 1026 1916 ἱερᾷ
1052 1845 1272 1919 Γραφῇο
1303 1844 1382 1898 ἔτι
1412 1862 1472 1898 τε
1504 1844 1756 1916 ζητῆσαι,

154 1931 242 1994 τίς
272 1926 344 2002 ἦν
384 1934 416 1985 6
449 1932 570 1988 τῶν
600 1935 767 2005 τριῶν
804 1934 912 1988 τῶν
960 1936 1229 2005 ὀφθέντων
1263 1935 1341 2007 τῷ
1385 1936 1634 2009 Ἀϐραὰμ
1667 1938 1776 1992 ἁν-·

157 2020 321 2094 δρῶν,
363 2025 514 2096 πρὸς
542 2025 604 2079 ὃν
631 2027 793 2091 αὑτός
823 2045 881 2080 τε
906 2024 1077 2092 εἶπεν,
1114 2048 1132 2078 ι
1166 2029 1360 2103 Κύριε,
1385 2033 1432 2085 εί
1459 2025 1615 2098 εὗρον
1660 2032 1759 2104 χάι

163 2129 245 2182 ριν
279 2115 539 2169 ἐναντίον
572 2133 666 2170 σου
691 2134 705 2146 ·
749 2136 768 2169 ›
803 2119 898 2172 καὶ
925 2119 1107 2187 πάλιν,
1156 2139 1174 2172 ι
1214 2122 1495 2193 Μηδαμῶς
1519 2141 1533 2154 ο
1569 2126 1598 2177 6
1639 2123 1758 2195 κρί-

157 2222 261 2258 νων
307 2209 501 2262 πᾶσαν
542 2208 644 2281 τὴν
685 2209 789 2280 γῆν
822 2213 883 2264 οὐ
920 2214 1167 2284 ποιήσεις
1213 2215 1424 2287 κρίσιν·
1463 2235 1483 2268 ι
1520 2217 1648 2290 περὶ
1693 2209 1755 2271 οὗ

158 2296 251 2349 καὶ
271 2299 304 2367 ἡ
335 2297 464 2352 θεία
499 2300 543 2352 Γ
551 2299 695 2372 ραφὴ
736 2302 798 2354 οὐ
832 2302 990 2374 μόνον
1023 2303 1258 2376 πρῶτον,
1286 2307 1418 2360 ἀλλὰ
1445 2308 1538 2362 καὶ
1574 2308 1757 2362 δεύτε-

163 2402 249 2457 ρον
288 2387 390 2441 καὶ
438 2390 632 2458 τρίτον
684 2392 967 2463 ίστορικῶς
1011 2411 1195 2465 φησιν,
1232 2414 1250 2447 ι
1289 2396 1462 2469 Ὠφθη
1507 2397 1564 2450 δὲ
1608 2398 1755 2470 αὐτῷ

159 2477 386 2549 Κύριος,
422 2500 444 2534 ι
496 2483 597 2535 ἐπὶ
624 2485 690 2555 τῇ
722 2482 784 2552 (f.
825 2484 881 2553 5)
918 2504 937 2537 ι
972 2485 1176 2557 Κύριος
1208 2506 1228 2539 ι
1272 2490 1615 2561 προσηγορίᾳ
1656 2489 1750 2543 τοῦ

162 2569 557 2645 ἀνεκφωνήτου
591 2576 648 2629 ὲν
679 2576 757 2647 τῷ
798 2576 1071 2648 Ἑϐραῖκῷ
1099 2580 1433 2650 τεταγμένου
1468 2581 1749 2653 ὀνόματος,

160 2660 294 2733 ὅπερ
320 2664 679 2720 οὐδεπώποτε
720 2669 814 2722 ἐπὶ
846 2668 1141 2741 ἀγγελικῆς
1170 2670 1450 2741 δυνάμεως
1490 2673 1753 2745 παρείλη-

164 2770 314 2809 πται.
350 2756 492 2812 "Ore
526 2758 657 2827 γοῦν
685 2761 715 2812 6
752 2759 876 2814 Λὼτ
898 2765 1010 2825 τοῖς
1052 2763 1132 2825 είς
1158 2761 1363 2833 Σόδομα
1392 2763 1637 2820 ἐλθοῦσιν
1660 2767 1752 2834 ἀγ-

164 2847 338 2915 γέλοις
371 2850 796 2923 ἀναγέγραπται
817 2851 1011 2921 λέγων,
1046 2871 1065 2904 ι
1094 2853 1317 2923 Δέομαι,
1342 2854 1532 2926 Κύριε,
1560 2855 1746 2928 ἐπειδὴ

168 2935 320 3010 εὗρεν
351 2943 380 2993 6
410 2947 548 3008 παῖς
591 2961 683 2997 σου
707 2944 854 3009 ἕλεος
886 2944 1116 2999 ἐνώπιόν
1152 2965 1266 3010 σου,
1300 2966 1319 2998 ι
1352 2950 1527 3001 κεῖται
1557 2948 1656 3019 μὲν
1689 2950 1748 3002 ὲν

1864 1566 2128 1631 tenditur,
2160 1582 2230 1623 an
2259 1568 2377 1639 ipse
2405 1569 2650 1624 omnium
2679 1569 2845 1635 Deus,
2882 1571 2966 1626 vel
2996 1571 3189 1627 tertius
3222 1572 3444 1642 aliquis,

1862 1654 1957 1710 Dei
1985 1656 2196 1712 scilicet
2213 1656 2471 1722 Verbum,
2498 1674 2658 1728 quem
2685 1666 2809 1729 post
2839 1660 3168 1715 altissimum
3189 1658 3433 1725 Patrem,

1861 1755 1915 1801 et
1944 1745 2110 1801 Deum
2135 1748 2375 1802 omnium
2394 1748 2705 1814 Dominum,
2731 1758 2784 1806 et
2806 1749 2973 1805 Deum
2993 1766 3191 1805 vocare
3208 1752 3261 1805 in
3284 1766 3442 1807 sacra

1865 1835 2152 1907 Scriptura
2231 1839 2439 1905 solent;
2490 1856 2705 1896 necnon
2768 1840 3048 1911 inquirere
3094 1842 3219 1914 quis
3293 1850 3441 1897 esset

1858 1928 2028 1983 trium
2059 1929 2322 1999 virorum,
2354 1932 2448 2001 qui
2483 1931 2795 1987 Abrahamo
2840 1932 2944 1987 visi
2991 1943 3140 1995 sunt,
3175 1931 3244 1986 ad
3274 1946 3434 2002 quem

1858 2018 1951 2075 ille
1981 2020 2181 2076 dixerit
2212 2040 2224 2076 :
2263 2041 2283 2073 ι
2321 2021 2570 2089 Domine,
2606 2024 2653 2079 si
2700 2024 2883 2079 inveni
2918 2025 3150 2094 gratiam
3175 2025 3231 2079 in
3260 2024 3439 2079 oculis

1856 2111 1968 2166 tuis
1995 2111 2080 2179 ²⁰;
2120 2131 2140 2164 ›
2175 2123 2230 2168 et
2250 2129 2445 2170 rursus
2485 2134 2498 2170 :
2529 2133 2548 2166 ι
2585 2114 2705 2169 Non
2744 2124 2828 2170 est
2854 2116 2959 2170 hoc
2990 2125 3144 2170 tuum
3178 2134 3193 2171 :
3226 2116 3322 2186 qui
3341 2115 3435 2186 ju~

1857 2202 2010 2258 dicas
2048 2218 2267 2259 omnem
2299 2213 2521 2270 terram,
2551 2221 2898 2277 nequaquam
2952 2207 3124 2262 facies
3164 2207 3432 2278 judicium

1855 2291 1960 2346 hoc
1989 2294 2057 2348 ἰ.
2094 2312 2115 2345 ›
2160 2291 2238 2346 De
2267 2309 2377 2363 quo
2407 2304 2460 2350 et
2509 2293 2694 2350 divina
2751 2295 3032 2366 Scriptura
3077 2312 3186 2352 non
3217 2304 3431 2351 tantum

1856 2383 2046 2451 semel,
2077 2382 2173 2440 sed
2205 2401 2400 2441 rursus
2435 2395 2489 2441 et
2538 2389 2700 2442 tertio
2754 2404 2951 2458 reapse
2995 2388 3132 2443 dixit
3160 2405 3175 2442 :
3211 2406 3230 2439 ι
3265 2386 3431 2443 Visus

1855 2487 2035 2535 autem
2079 2481 2129 2537 ei
2174 2479 2528 2547 Dominus",
2573 2503 2592 2535 ι
2625 2484 2714 2538 ubi
2751 2502 2769 2534 σ
2809 2484 3072 2541 Dominus
3112 2504 3132 2537 ι
3171 2463 3430 2541 ineffabili

1853 2572 2217 2642 appellatione
2272 2575 2329 2628 in
2379 2574 2655 2630 Hebraico
2708 2582 2863 2629 textu
2908 2575 3251 2645 designatur,
3308 2592 3431 2648 qua:

1853 2664 2062 2718 scilicet
2104 2680 2376 2735 nusquam
2411 2667 2477 2720 de
2516 2667 2760 2736 angelica
2805 2676 3073 2737 potestate
3104 2677 3424 2739 usurpatur.

1849 2755 1987 2810 Cum
2021 2756 2186 2826 igitur
2227 2756 2328 2813 Lot
2374 2758 2719 2815 venientibus
2771 2760 2827 2814 in
2881 2759 3175 2814 Sodomam
3211 2760 3422 2830 angeiis

1849 2846 2054 2903 dixisse
2084 2847 2289 2904 fertur:
2324 2870 2342 2902 ι
2378 2849 2596 2919 Quaeso,
2642 2850 2868 2907 Domine
2906 2853 3003 2917 mi,
3035 2854 3167 2922 quia
3206 2854 3415 2908 invenit

1850 2951 2044 2993 servus
2070 2948 2200 2995 tuus
2226 2941 2454 3010 gratiam
2487 2958 2673 2997 coram
2719 2951 2776 2998 te
2822 2944 2890 3008 ",
2957 2963 2977 2995 ι
3038 2944 3314 2999 invenitur
3363 2945 3422 3000 in
3482 2960 3489 2967 °

163 3029 238 3100 τῷ
265 3031 547 3104 Ἐϐραῖκῷ
579 3033 661 3098 τὸ,
689 3054 707 3085 ι
734 3034 927 3106 Κύριε,
954 3057 970 3086 ι
996 3035 1110 3088 ἀλλ’
1140 3037 1199 3089 οὐ
1221 3035 1307 3089 διὰ
1330 3036 1436 3090 τῶν
1468 3038 1737 3110 τεσσάρων

1851 3028 2119 3085 Hebraico
2147 3040 2320 3097 textu,
2351 3051 2370 3085 ι
2407 3033 2654 3098 Domine,
2690 3053 2708 3086 ι
2744 3035 2839 3090 sed
2873 3051 2983 3090 non
3015 3047 3249 3105 quatuor
3282 3037 3423 3091 litte-

169 3124 442 3194 στοιχείων
483 3125 593 3179 τῶν
626 3127 755 3197 παρ’
795 3127 1068 3198 Ἑϐραίοις
1097 3127 1189 3180 ἐπὶ
1229 3126 1323 3182 τοῦ
1356 3130 1594 3200 ἀρρήτου
1623 3130 1743 3183 ὀνό-

170 3229 332 3283 ματος
363 3216 462 3270 τοῦ
511 3217 647 3270 Θεοῦ
691 3216 1289 3290 παραλαμϐανομένων,
1330 3219 1397 3272 δι’
1437 3220 1641 3293 ἐτέρων
1685 3222 1743 3275 δὲ

169 3299 440 3362 συλλαϐῶν
471 3310 540 3362 δι’
570 3304 643 3363 ὧν
672 3311 766 3363 καὶ
791 3313 818 3363 ὁ
844 3309 975 3381 παρ’
1008 3310 1313 3382 ἀνθρώποις
1344 3312 1742 3383 ὀνομαζόμενος

166 3396 346 3468 κύριος
401 3401 514 3454 τῶν
546 3401 683 3473 πρός
705 3418 757 3455 τι
800 3402 1103 3472 τυγχάνων,
1132 3398 1242 3455 οἷον
1282 3404 1491 3456 οἰκέτου
1530 3404 1738 3476 κύριος,

167 3490 290 3560 παρ’
332 3491 608 3564 Ἑϐραίοις
640 3493 1041 3564 ἐγγέγραπται*
1077 3492 1190 3547 ἀλλ’
1237 3494 1389 3548 οὐδέν
1439 3512 1501 3565 γε
1529 3496 1739 3560 τούτοις

167 3577 279 3649 ἕχον
309 3584 691 3655 παραπλήσιον
729 3586 792 3638 τὸ
838 3588 930 3640 ἐπὶ
974 3591 1074 3659 τῆς
1112 3587 1206 3640 τοῦ
1248 3585 1381 3639 Θεοῦ
1424 3586 1739 3649 αὐθεντείας

166 3670 249 3725 διὰ
275 3675 382 3728 τῶν
423 3679 706 3749 τεσσάρων
751 3680 1026 3750 στοιχείων
1074 3679 1634 3751 παραλαμϐανόμενον
1678 3679 1736 3733 ἐν

167 3777 222 3813 τε
249 3768 362 3829 ταῖς
386 3768 905 3840 ἀναγεγραμμέναις
933 3769 1025 3822 τοῦ
1048 3770 1181 3823 Θεοῦ
1207 3771 1341 3842 πρὸς
1372 3770 1460 3824 τὸν
1489 3771 1736 3843 Ἀϐραὰμ

168 3853 441 3924 ὀπτασίαις
498 3863 868 3983 ἐμπέερόμενον
924 3863 1109 3931 σαφῶς
1160 3863 1486 3935 παρίστησιν
1519 3904 1534 3927 ,
1599 3864 1734 3935 μηδὲ

169 3946 385 3983 Hymn...
483 3954 587 3983 ..-π
661 3955 823 3983 am...
867 3955 1055 3983 --:'.-....
1103 3956 1573 3983 x--..-:-e......-.-:...
1615 3974 1731 3983 -.....

169 3946 405 4018 ἄγγελον,
482 3946 617 4025 μηδὲ
660 3955 825 4027 ὀλίγῳ
867 3955 1055 4008 τοῦτον
1101 3956 1573 4027 ἐπαναϐεϐηκυῖἁν
1614 3974 1734 4010 τινα

168 4036 307 4094 θείαν
348 4044 579 4116 δύναμιν
608 4046 756 4117 αὐτῷ
787 4048 1273 4119 κεχρηματικέναι,
1306 4046 1421 4099 ἀλλ’
1448 4047 1609 4100 αὑτὸν
1639 4049 1731 4099 τὸν

167 4129 311 4200 Θεὸν,
341 4131 401 4192 οὗ
429 4138 527 4209 τὴν
578 4139 813 4210 ἄρρητον
847 4138 1173 4209 ὲκφώνησιν,
1220 4138 1389 4207 αὐτὴν
1436 4138 1500 4210 δὴ
1527 4138 1730 4209 ταύτην

166 4225 298 4280 κατὰ
316 4229 442 4294 τοὺς
467 4230 667 4294 τόπους
696 4231 783 4284 διὰ
810 4230 916 4283 τῶν
949 4231 1225 4302 τεσσάρων
1264 4229 1539 4300 στοιχείων
1563 4232 1731 4302 ἐμφε-

172 4318 412 4390 ρομένην,
439 4322 601 4393 μόνος
633 4323 661 4374 ό
688 4322 982 4392 ἀρχιερεὺς
1017 4322 1109 4375 ἐπὶ
1144 4320 1238 4374 τοῦ
1289 4320 1540 4392 μετώπου
1577 4339 1730 4392 περι-

1848 3122 1927 3177 ris
1960 3123 2281 3195 designatus
2335 3141 2463 3198 qua:-
2507 3126 2650 3196 apud
2694 3125 2954 3183 Hebraeos
3004 3127 3275 3184 ineffabile
3321 3128 3417 3183 Dei

1845 3230 2045 3270 nomen
2075 3220 2412 3287 exprimunt,
2472 3219 2567 3274 sed
2624 3221 2729 3274 alia
2787 3220 3253 3287 denominatione,
3298 3238 3422 3294 quae

1842 3306 2005 3377 vulgo
2026 3309 2171 3379 apud
2205 3308 2458 3365 Hebraeos
2491 3310 2558 3366 de
2584 3312 2818 3381 alicujus
2854 3312 2997 3368 inter
3033 3314 3280 3370 homines
3315 3313 3418 3369 do-

1842 3400 2016 3466 mino,
2046 3402 2214 3455 veluti
2241 3401 2308 3456 de
2340 3404 2481 3459 servi
2506 3402 2748 3466 domino,
2777 3414 3091 3475 usurpatur.
3116 3404 3260 3459 Nihil
3291 3421 3421 3461 vero

1840 3492 1949 3547 tale
1980 3494 2226 3548 invenias
2252 3494 2307 3548 in
2337 3493 2784 3549 denominatione
2812 3511 2933 3565 quae
2958 3494 3024 3549 ad
3054 3495 3150 3550 Dei
3174 3497 3415 3549 auctori-

1840 3594 2003 3640 tatem
2036 3594 2269 3657 spectat,
2307 3586 2364 3641 in
2391 3595 2843 3656 tetragrammato
2896 3586 3124 3651 scilicet,
3171 3586 3315 3656 quod
3358 3587 3413 3641 in

1838 3677 2025 3732 relatis
2072 3676 2167 3731 Dei
2197 3677 2265 3731 ad
2292 3676 2663 3730 Abrahamum
2710 3676 3146 3747 apparitionibus
3179 3693 3415 3747 usurpa-

1836 3778 1948 3823 tur.
1976 3768 2090 3823 llnc
2128 3770 2313 3840 itaque
2337 3785 2438 3824 nec
2470 3770 2719 3840 angelus,
2768 3784 2868 3823 nec
2900 3768 3093 3838 angelo
3126 3771 3291 3839 paulo
3318 3785 3413 3824 su-

1836 3863 2019 3932 perior
2042 3862 2441 3933 allquadivina
2469 3870 2714 3933 potestas
2750 3861 3094 3931 designatur,
3127 3863 3221 3916 sed
3268 3860 3412 3918 Deus

1834 3953 1971 4022 ipse,
2003 3955 2160 4022 cujus
2190 3952 2460 4007 ineffabile
2494 3968 2716 4016 nomen,
2773 3960 2961 4022 utpote
2988 3953 3246 4008 distincte
3275 3968 3412 4022 qua-

1832 4053 1957 4100 tuor
2006 4044 2206 4100 litteris
2246 4054 2550 4107 exaratum,
2607 4044 2758 4099 solus
2825 4059 3071 4099 summus
3139 4043 3405 4115 pontifex,

1831 4136 2012 4191 fronte
2070 4136 2318 4207 gestabat
2358 4137 2415 4190 in
2448 4137 2650 4190 lamina
2697 4151 2860 4192 aurea
2917 4152 3038 4206 quae
3095 4136 3407 4206 appellaba-

1831 4238 1919 4281 tur
1959 4247 1972 4281 :
2013 4248 2031 4278 ι
2092 4227 2351 4282 Carlatum
2401 4228 2664 4298 sigillum,
2706 4236 2955 4284 sanctum
3007 4226 3237 4282 Domino
3274 4228 3340 4283 “.
3382 4246 3404 4282 ι

1831 4319 2178 4375 Manifestum
2211 4329 2293 4375 est
2329 4326 2510 4374 autem
2539 4319 2782 4374 divinam
2804 4317 3145 4389 Scripturam
3176 4336 3284 4374 non
3321 4321 3406 4375 in-

169 4406 332 4464 έκειτο
378 4414 558 4485 φέρων
600 4413 694 4467 ἐπὶ
723 4412 815 4464 τοῦ
844 4412 1045 4483 χρυσοῦ
1081 4414 1312 4466 πετάλου
1358 4413 1416 4466 τὸ
1441 4413 1729 4484 λεγόμενον

1848 4413 2256 4468 iiscriminatim
2298 4412 2440 4466 hanc
2479 4412 2688 4482 angelis
2729 4412 3049 4467 attribuisse
3078 4412 3405 4466 denomina-

174 4513 191 4545 ι
211 4496 532 4574 Ἐκτύπωμα
564 4505 874 4576 σφραγίδος,
904 4503 1290 4575 ἁγιὰσμα[τος]
1319 4505 1545 4575 Κυρίου.
1578 4524 1595 4555 ι
1623 4505 1733 4558 Καὶ

168 4584 242 4639 ὅτι
272 4607 331 4659 γε
356 4594 456 4648 οὐκ
494 4594 783 4666 ἀδιάφορόν
821 4598 937 4649 ἐστι
970 4599 1034 4668 τῇ
1061 4596 1180 4667 θείᾳ
1217 4596 1406 4668 Γραφῇ
1445 4598 1532 4651 ἐπ’
1569 4598 1733 4665 ἀγγέ-

168 4674 265 4732 λων
306 4685 536 4756 χρῆσθαι
579 4689 645 4757 τῇ
687 4687 913 4760 τοιαύτῃ
958 4686 1320 4759 προσηγορίᾳ,
1353 4688 1617 4759 πρόδηλον
1665 4689 1729 4741 ὲκ

168 4771 254 4824 τοῦ
282 4776 480 4849 σφόδρα
521 4778 1059 4849 παρατετηρημένως
1106 4777 1236 4830 ποτὲ
1281 4779 1379 4849 μὲν
1425 4778 1588 4830 αὑτὸν
1636 4777 1727 4831 τὸν

170 4859 339 4939 Θεὸνῆ
365 4868 455 4922 τὸν
478 4868 565 4923 διὰ
590 4867 684 4922 τοῦ
712 4870 1136 4941 τετραγράμμου
1165 4868 1491 4941 δηλούμενον
1524 4869 1726 4941 Κύριον

170 4945 331 5024 ὧφθαί
353 4979 412 5014 τε
436 4963 529 5016 καὶ
551 4962 877 5035 κεχρηκέναι
907 4965 1018 5025 τοῖς
1042 4962 1272 5026 δικαίοις
1311 4963 1565 5033 ἱστορεῖν,
1596 4960 1725 5014 ποτὲ

168 5040 218 5095 δὲ
263 5047 517 5119 ἀγγέλους
563 5052 897 5123 ἀναγράφειν
939 5051 1066 5113 τοὺς
1113 5052 1479 5123 ἑωραμένους.
1532 5050 1725 5120 Σαφῶς

169 5129 249 5189 οὖν
275 5139 302 5191 6
326 5143 391 5212 τῇ
419 5143 597 5215 Ἅγαρ
624 5142 882 5216 ἁλωμένῃ
913 5142 1202 5213 ἐπιφανεὶς
1234 5142 1463 5211 ἄγγελος
1494 5138 1561 5214 ἦν
1582 5158 1595 5172 ’
1631 5143 1724 5195 καὶ

1830 4504 2054 4569 tionem,
2081 4505 2387 4574 praesertim
2417 4517 2542 4556 cum
2578 4502 2993 4556 accuratissime
3025 4518 3173 4556 nunc
3222 4504 3401 4573 ipsum

1829 4594 2027 4659 Deum,
2060 4596 2143 4649 vel
2190 4601 2639 4664 tetragrammato
2670 4593 3080 4648 denominatum
3112 4592 3401 4648 Dominum

1829 4686 2152 4757 apparuisse
2174 4696 2376 4740 etcum
2395 4686 2564 4757 justis
2586 4691 2975 4739 conversatum
3004 4683 3175 4738 fuisse
3206 4685 3392 4738 memi-

1827 4779 1993 4843 nerit,
2027 4794 2172 4833 nunc
2198 4793 2329 4833 vero
2375 4781 2599 4848 angelos
2652 4777 2801 4832 visos
2856 4774 3049 4831 fuisse.
3113 4773 3400 4830 Manifeste

1825 4869 1996 4939 igitur
2024 4869 2252 4939 angelus
2283 4877 2421 4931 erat,
2462 4869 2558 4939 qui
2592 4870 2737 4937 Agar
2765 4867 2976 4922 erranti
3024 4866 3198 4922 visus.
3232 4864 3399 4921 Dece-

1823 4961 1918 5015 bat
1945 4961 2093 5016 enim
2124 4960 2255 5015 huic
2278 4959 2520 5031 quidem,
2551 4965 2715 5030 prout
2746 4958 2816 5012 ab
2836 4958 3151 5012 Abrahamo
3180 4959 3398 5028 penitus

1821 5048 2113 5113 derelictae,
2150 5063 2253 5103 nec
2280 5047 2559 5119 quidpiam
2599 5048 2847 5117 angelica
2872 5046 3086 5102 visione
3105 5049 3282 5117 majus
3313 5049 3398 5104 in-

1822 5143 1961 5197 tueri
1989 5142 2214 5205 valenti,
2254 5142 2470 5197 obviam
2504 5140 2619 5195 fleri
2650 5155 2749 5210 per
2787 5148 3108 5210 praesentem
3144 5139 3397 5209 angelum

166 5224 263 5298 γὰρ
291 5231 451 5305 ἐχρῆν
480 5235 662 5307 ἐκείνῃ
696 5236 815 5307 μὲν,
850 5235 946 5289 ἆτε
979 5235 1228 5288 πλεῖστον
1257 5236 1380 5288 ὅσον
1427 5232 1718 5287 ἀπολειπο-

1848 5233 2109 5298 ’ἱεὶοηειη,
2142 5233 2271 5288 dum
2311 5232 2626 5287 Abrahamo
2656 5230 2884 5295 clarior,
2918 5229 3015 5285 Dei
3058 5230 3268 5284 scilicet
3314 5230 3396 5300 ip-

170 5317 289 5395 μένῃ
316 5325 407 5378 τοῦ
457 5325 727 5398 Ἀϐραὰμ,
778 5327 872 5380 καὶ
916 5326 1067 5380 οὐδέν
1104 5343 1156 5379 τι
1206 5325 1368 5378 πλέον
1420 5324 1717 5395 ἁγγελικῆς

166 5408 407 5483 ὀπτασίας
438 5418 662 5490 θεωρεῖν
702 5418 995 5491 δυναμένῃ,
1031 5418 1362 5491 κατάλληλον
1400 5416 1498 5489 τὴν
1546 5419 1718 5471 όπτα-

176 5528 409 5603 _._"_Gen.
437 5552 597 5603 xvm,
614 5535 808 5594 22-25.
906 5540 950 5571 ¹⁸
972 5539 1105 5597 ibid.
1123 5540 1211 5595 55.

168 5595 343 5665 18,19.
431 5595 979 5672 “Exod.xxvnl,56.

1307 5541 1348 5574 ιθ
1369 5538 1505 5595 Gen.
1523 5555 1638 5608 xxx,
1660 5538 1710 5594 l.
1789 5538 1987 5597 "Gen.
2005 5539 2232 5610 “111,5.

1820 5326 1959 5389 sius,
2008 5324 2382 5381 manifestatio
2436 5324 2613 5379 fieret.
2663 5320 2878 5391 Quippe
2926 5330 3124 5375 caetera
3169 5320 3289 5390 ipsa
3322 5318 3390 5372 ad

1820 5431 1948 5471 eum
1971 5415 2065 5472 Dei
2094 5418 2260 5473 verba
2287 5430 2482 5489 parum
2512 5429 2756 5486 congrua
2773 5421 2982 5478 essent,
3013 5413 3061 5468 si
3091 5413 3216 5482 quis
3237 5427 3300 5466 ea
3324 5413 3392 5466 ad

2310 5533 2615 5594 “ibid.25.
2691 5530 2960 5592 “ibid.t.
3038 5530 3083 5564 ²³
3111 5527 3245 5587 Gen.
3276 5543 3391 5583 xxx.
