3840 6222
402 184 536 242 1051

1111 180 1383 237 EUSEBII
1419 180 1893 237 CESABIENSIS
1928 179 2080 237 OPP.
2123 179 2304 234 PARS
2341 180 2431 235 111.
2471 210 2541 223 -—
2581 177 2995 235 EXEGETICA.

3534 182 3679 239 1052

400 305 628 373 angelos
656 300 864 359 referre
910 307 1235 367 conaretur;
1286 301 1451 356 unius
1501 300 1650 355 enim
1706 299 1802 355 Dei
1860 309 1979 354 erat

2101 299 2206 354 τίαν
2237 298 2489 367 γενέσθαι
2518 298 2606 352 διὰ
2629 299 2729 369 τῆς
2762 297 2856 350 τοῦ
2889 297 3121 366 ἀγγέλου
3147 296 3474 369 παρουσίας,
3505 296 3588 367 τῷ
3624 297 3679 350 δε

404 397 523 452 haec
569 394 774 460 dicere,
808 390 1018 447 scilicet
1056 409 1070 445 :
1119 408 1139 440 ι
1184 388 1403 444 Faciam
1437 398 1489 444 te
1534 390 1589 444 in
1623 400 1837 460 gentem
1866 405 1981 443 ma—

401 501 590 558 gnam,
640 494 695 540 et
735 481 1057 539 benedicam
1100 481 1199 541 tibi
1219 481 1287 546 ",
1329 502 1348 534 ι
1396 487 1450 535 et
1480 483 1800 551 sequentia;
1841 482 1984 537 haec.

402 596 512 651 que
538 576 881 648 praesertim:
914 592 933 625 ι
971 573 1085 645 Ego
1115 572 1381 628 Dominus
1403 573 1497 643 qui
1521 572 1683 628 eduxi
1709 579 1763 627 te
1781 588 1811 628 e
1835 579 1982 627 terra

403 667 784 723 Chaldaeorum
828 663 904 730 ²⁶;
960 681 978 715 ι
1009 670 1065 718 et
1094 663 1187 717 illa
1237 682 1251 718 :
1296 682 1315 715 ι
1354 662 1469 734 Ego
1501 679 1621 719 sum
1657 662 1801 719 Deus
1833 672 1980 726 tuus,

416 758 637 815 ambula
670 771 861 813 coram
904 771 992 810 me
1043 756 1123 822 '7;
1187 774 1208 808 ι
1260 762 1317 810 et
1346 756 1578 825 reliqua.
1615 754 1809 811 Nullus
1837 755 1983 810 enim

404 863 516 907 tam
545 850 703 906 rudis
727 846 930 918 ingenii
972 855 1141 911 esset,
1174 846 1268 916 qui
1313 847 1429 901 haec
1471 846 1538 901 ab
1592 846 1787 918 angelo
1838 846 1984 900 dicta

401 944 701 1000 existimet.
753 941 891 997 Cum
939 940 1109 1011 igitur
1155 938 1471 994 Abrahamo
1532 938 1638 994 sub
1668 938 1863 993 arbore
1897 954 1984 993 se—

401 1036 551 1093 denti
582 1043 693 1092 tres
717 1035 820 1090 viri
841 1041 1240 1105 apparuerunt,
1266 1033 1361 1088 uni
1384 1032 1768 1087 tantummodo
1791 1046 1982 1087 eorum

401 1131 540 1186 dixit
562 1131 579 1184 ε’
602 1149 622 1180 ι
653 1128 906 1193 Domine,
935 1128 983 1182 si
1016 1126 1200 1182 inveni
1230 1125 1463 1197 gratiam
1484 1125 1540 1180 in
1557 1124 1733 1180 oculis
1757 1126 1865 1179 tuis
1880 1124 1978 1175 ³⁸.»

402 1223 471 1278 Et
500 1231 826 1279 caeterorum
878 1220 1066 1276 nullus
1115 1234 1241 1273 cum
1296 1218 1613 1273 Abrahamo
1677 1217 1985 1272 collocutus

400 1315 700 1381 inducitur,
726 1313 993 1382 siquidem
1025 1328 1134 1369 non
1161 1310 1409 1377 decebat,
1457 1309 1692 1364 famulos
1712 1309 1985 1380 appellare

397 1408 674 1473 dominos,
692 1405 792 1462 sed
820 1405 914 1460 ille
947 1405 1101 1460 solus
1127 1403 1393 1459 Dominus
1426 1410 1676 1466 vocatur,
1701 1402 1793 1472 qui
1819 1402 1983 1456 etiam

397 1500 531 1555 dicit
583 1515 598 1551 :
657 1516 677 1550 ι
734 1496 877 1552 Νιιιιι
933 1496 1113 1551 celare
1147 1501 1341 1566 potero
1390 1493 1764 1550 Abrahamum
1812 1493 1984 1548 ﬁlium

396 1592 649 1649 meum”
698 1610 719 1644 ι
771 1601 826 1647 et
866 1598 1081 1645 caetera.
1118 1587 1324 1643 Deinde
1350 1589 1453 1644 viri
1482 1588 1773 1644 Dominum
1813 1588 1986 1642 comi-

2096 390 2347 462 Ἀϐραὰμ
2386 390 2475 445 διὰ
2518 392 2618 461 τῆς
2654 390 2899 463 μείζονος
2945 389 3110 442 αὐτοῦ
3157 389 3252 442 τοῦ
3287 387 3429 443 Θεοῦ
3476 389 3680 458 ἐπιφα-

2083 480 2251 545 νείας.
2305 482 2417 536 Καὶ
2465 483 2516 535 οἰ
2553 482 2731 535 λοιποὶ
2776 480 2834 534 δὲ
2867 481 3023 535 αὐτοὶ
3050 479 3157 534 τῶν
3191 481 3329 552 πρὸς
3374 479 3540 535 αὐτὸν
3574 480 3674 534 τοῦ

2083 562 2221 628 Θεοῦ
2261 574 2434 643 λόγων
2487 574 2585 627 ούκ
2627 576 2695 628 ἂν
2728 575 2825 645 μὲν
2863 573 3177 645 ἀρμόσειεν,
3210 574 3257 624 εἰ
3289 573 3383 625 ἐπὶ
3406 572 3679 641 ἀγγέλους

2082 684 2166 731 τις
2188 667 2384 729 αὐτοὺς
2415 664 2638 735 ἀνάγειν
2666 664 2926 737 πειρῷτο,
2963 664 3108 736 μόνῳ
3138 664 3196 717 δὲ
3231 663 3349 734 Θεῷ
3379 664 3585 734 πρέποι
3612 663 3679 716 ἂν

2085 758 2282 822 αὐτοὺς
2322 758 2524 827 λέγειν,
2571 753 2683 811 οἷον
2719 757 2801 823 τὸ,
2844 777 2863 809 ι
2899 757 3011 812 Καὶ
3060 758 3273 828 ποιήσω
3315 773 3373 808 σε
3407 757 3490 818 εἰς
3524 754 3681 816 ἐθνος

2087 852 2250 922 μέγα,
2274 853 2368 905 καὶ
2396 851 2674 923 εὐλογήσω
2701 868 2781 916 σε,
2806 870 2824 901 ι
2842 850 2937 905 καὶ
2959 849 3029 903 τὰ
3052 849 3262 912 τούτοις
3290 847 3677 920 παραπλήσια

2087 946 2322 1016 μάλιστα
2352 945 2410 999 δὲ
2439 945 2520 1010 τὸ,
2560 964 2579 997 ι
2632 945 2773 1013 Ἐγὼ
2799 942 3006 1017 Κύριος
3035 944 3064 995 6
3088 940 3370 1010 ἐξαγαγών
3400 957 3459 993 σε
3487 941 3553 993 ὲκ
3579 939 3682 1009 χὼ-

2086 1053 2188 1108 ρας
2218 1035 2502 1090 Χαλδαίων
2522 1053 2535 1067 ο
2577 1056 2596 1089 ι
2644 1037 2740 1090 καὶ
2764 1036 2847 1099 τὸ,
2885 1056 2903 1088 ι
2940 1032 3080 1103 Ἐγώ
3105 1037 3220 1104 εἰμι
3247 1034 3276 1085 6
3302 1032 3455 1095 Θεὸς,
3480 1031 3683 1102 εὐαρέ-

2086 1142 2201 1179 στει
2230 1127 2473 1181 ἐναντίον
2502 1126 2660 1199 ἐμοῦ,
2699 1147 2719 1179 ι
2768 1128 2865 1181 καὶ
2890 1127 2959 1180 τά
2998 1124 3127 1196 ἐξῆς
3150 1142 3164 1154 ’
3195 1126 3288 1179 καὶ
3318 1124 3495 1187 οὐδεὶς
3532 1122 3683 1175 οὕτω

2083 1216 2279 1286 γένοιτ’
2327 1217 2392 1272 ἀν
2444 1221 2563 1272 ποτ’
2618 1219 2825 1290 ἠλίθιος
2863 1219 2939 1283 ὡς
2980 1217 3211 1286 ἄγγελον
3242 1215 3385 1270 αὐτὰ
3428 1215 3682 1267 ὑπονοεῖν

2088 1307 2393 1380 εἰρηκέναι.
2427 1310 2539 1363 Καὶ
2581 1311 2671 1363 ὅτε
2713 1309 2845 1379 γοῦν
2894 1308 3033 1381 πρὸς
3063 1309 3131 1379 τῇ
3159 1307 3283 1379 δρυῒ
3321 1305 3684 1378 καθεζομένῳ

2084 1400 2162 1472 τῷ
2204 1400 2458 1475 Ἀϐραὰμ
2504 1405 2555 1457 οἰ
2603 1406 2754 1475 τρεῖς
2800 1402 2994 1474 ἄνδρες
3040 1401 3370 1472 ἐπέστησαν,
3424 1402 3683 1471 πρόσεισι

2088 1494 2187 1564 μὲν
2219 1495 2403 1558 αὐτοῖς
2427 1497 2455 1548 ό
2492 1494 2766 1565 Ἀϐραὰμ,
2816 1493 2933 1548 ἀλλ’
2984 1493 3046 1546 ού
3102 1495 3215 1556 τοῖς
3261 1491 3463 1563 τρισὶν,
3498 1492 3581 1544 ἐνὶ
3624 1491 3684 1545 δέ

2090 1583 2251 1655 μόνον
2295 1585 2377 1649 τὸ,
2420 1604 2437 1635 ι
2487 1585 2683 1657 Κύριε,
2714 1587 2763 1638 εἰ
2807 1579 2967 1656 εὗρον
3012 1583 3172 1654 χάριν
3214 1582 3458 1635 ἐναντίον
3492 1599 3614 1635 σου.
3658 1603 3677 1635 ι

394 1687 802 1754 tantes,'prout
841 1682 1016 1753 angeli
1058 1681 1289 1751 (scilicet
1335 1681 1537 1753 missi),
1565 1681 1852 1741 abeuntes.
1882 1679 1979 1734 soli

2101 1675 2201 1729 Καὶ
2228 1674 2337 1729 τῶν
2385 1676 2482 1747 μὲν
2518 1676 2694 1731 ἄλλων
2741 1676 2851 1728 οὐδ’
2884 1672 2964 1737 εἷς
2991 1675 3072 1744 τῷ
3112 1671 3366 1743 Ἀϐραὰμ
3393 1672 3683 1741 εἰσάγεται

395 1783 665 1830 venerunt
702 1775 759 1828 in
786 1773 975 1828 urbem
1006 1772 1322 1838 Sodomam,
1344 1780 1399 1826 et
1430 1772 1692 1827 Dominus
1724 1786 1834 1826 non
1868 1771 1985 1841 jam

396 1881 523 1920 cum
574 1865 643 1919 iis
684 1880 926 1936 praesens
971 1871 1107 1917 erat.
1144 1862 1285 1934 (Quo
1334 1863 1480 1917 enim
1524 1862 1688 1917 mode
1717 1860 1834 1917 ﬁeri
1890 1876 1987 1931 po-

397 1961 597 2016 tuisset
637 1969 980 2014 mansuetum
1052 1957 1575 2026 misericordemque
1635 1955 1804 2011 Deum
1839 1955 1984 2025 apud

398 2053 598 2123 impios
639 2050 1029 2119 commorari?)
1075 2049 1176 2104 Hic
1214 2066 1344 2105 vero
1385 2051 1442 2104 in
1473 2049 1892 2105 conversatione
1919 2064 1985 2104 ac

396 2145 672 2216 colloquio
700 2143 941 2214 religiosi
965 2143 1209 2212 justique
1235 2142 1340 2197 viri
1370 2157 1719 2212 permanens,
1752 2143 1985 2212 ejusque

395 2234 795 2291 consuetudine
811 2232 1029 2303 gaudet,
1052 2247 1115 2286 ac
1132 2232 1365 2302 benigne
1387 2231 1508 2302 ejus
1531 2231 1984 2287 humanissimam

395 2324 847 2395 supplicationem
908 2322 1129 2392 accipit,
1162 2322 1219 2377 in
1251 2337 1360 2393 qua
1399 2337 1524 2376 cum
1561 2341 1579 2372 ι
1613 2320 1717 2389 Qui
1767 2321 1985 2390 judicas

394 2431 611 2471 omnem
628 2423 854 2479 terram,
874 2428 1220 2485 nequaquam
1246 2413 1415 2469 facies
1440 2414 1709 2485 judicium
1733 2416 1837 2471 hoc
1868 2415 1933 2481 ³ο,
1960 2435 1979 2467 ι

392 2503 741 2559 Abrahamus
773 2503 1002 2568 diceret,
1049 2502 1460 2561 evidentissime
1489 2507 1983 2578 ostenditseipsum

395 2593 619 2665 pulchre
646 2609 811 2649 nosse
836 2594 982 2665 quod
1017 2608 1119 2649 nec
1151 2596 1365 2665 angelo,
1389 2611 1492 2651 nec
1524 2598 1691 2653 alicui
1724 2600 1986 2669 subjectae

392 2686 593 2741 divinae
620 2687 899 2757 potestati,
929 2685 1026 2741 sed
1056 2686 1161 2757 ipsi
1193 2687 1305 2742 Deo
1335 2687 1681 2759 loquebatur.
1712 2690 1984 2744 Caeterum

392 2779 544 2836 brevi
574 2796 812 2851 sequens
848 2795 1036 2835 rerum
1075 2781 1318 2836 narratio
1356 2781 1647 2852 perspicue
1674 2782 1897 2852 angelos
1928 2783 1984 2838 in

393 2868 690 2927 Sodomam
738 2871 1151 2943 proﬁciscentes
1190 2872 1568 2940 demonstrat,
1631 2874 1978 2945 subjiciens:

399 2985 420 3018 ι
454 2964 738 3022 Venerunt
766 2967 877 3022 duo
919 2966 1096 3038 angeli
1136 2967 1193 3022 in
1235 2964 1535 3021 Sodomam
1587 2984 1817 3039 vespere
1845 2971 1911 3026 ⁸¹.
1957 2990 1976 3022 ι

392 3055 600 3113 Deinde
637 3073 815 3128 neque
863 3057 1176 3122 Dominum,
1222 3053 1415 3129 neque'
1447 3057 1618 3115 Deum
1665 3060 1771 3116 Lot
1796 3063 1976 3118 visum
2005 3101 2045 3129 ,ς

393 3154 490 3201 aut
547 3147 790 3202 locutum
834 3146 1029 3213 fuisse,
1074 3148 1172 3204 sed
1230 3150 1454 3221 angelos
1499 3151 1713 3208 scribit.
1762 3151 1839 3207 Ex
1890 3154 1976 3210 his
2005 3135 2048 3155 u

392 3234 563 3305 igitur
618 3236 882 3290 omnibus
931 3244 1183 3307 apertum
1237 3245 1325 3292 est
1398 3236 1690 3292 Dominum
1746 3254 1869 3294 esse
1911 3253 1977 3293 ac

391 3323 587 3389 Deum,
606 3341 717 3380 non
736 3342 866 3381 vero
893 3343 1222 3397 quemquam
1247 3330 1585 3399 angelorum,
1608 3345 1769 3400 quem
1805 3330 1977 3386 Abra-

392 3418 558 3472 hamo
587 3419 767 3472 visum
798 3406 969 3474 fuisse
1006 3418 1294 3489 Scriptura
1324 3429 1581 3476 testatur.

2086 1766 2319 1837 ὁμιλῶν·
2349 1768 2473 1819 ἐπεὶ
2511 1767 2648 1838 μηδέ
2678 1767 2799 1839 ᾔρει
2831 1766 2989 1836 λόγος
3019 1766 3146 1829 τοὺς
3196 1764 3417 1827 οἰκέτας
3449 1765 3546 1817 ἐπὶ
3580 1761 3683 1818 τοῦ

2087 1858 2295 1929 Κυρίου
2339 1856 2695 1927 φθέγγεσθαι,
2735 1857 2896 1928 μόνος
2928 1856 2985 1909 δὲ
3020 1857 3049 1907 ὁ
3082 1852 3288 1924 Κύριος
3319 1854 3682 1924 χρηματίζει,

2085 1951 2145 2014 ὃς
2193 1951 2286 2004 καί
2321 1968 2506 2021 φησιν,
2544 1970 2562 2001 ι
2604 1949 2696 2021 Μὴ
2733 1949 2928 2022 κρύψω
2976 1949 3089 2013 ἐγὼ
3132 1950 3240 2003 ἀπὸ
3282 1948 3538 2020 Ἀϐραὰμ
3582 1948 3685 2002 τοῦ

2092 2044 2283 2107 παιδός
2321 2062 2446 2115 μου,
2490 2063 2508 2095 ι
2543 2044 2637 2097 καὶ
2668 2043 2739 2095 τά
2768 2044 2950 2097 λοιπά.
2997 2040 3130 2096 Εἶτα
3156 2045 3206 2095 οἰ
3239 2043 3337 2113 μὲν
3379 2042 3487 2097 ἄνα
3516 2043 3685 2112 (ἅμα)

2086 2135 2165 2205 τῷ
2190 2136 2383 2207 Κυρίῳ
2416 2136 2633 2206 ἄνδρες,
2667 2135 2826 2206 δῆλον
2858 2135 2903 2188 δ’
2934 2136 3016 2189 ὅτι
3054 2138 3103 2188 οἰ
3131 2136 3374 2204 ἄγγελοι,
3407 2134 3688 2207 ἀποστρέ-

2090 2227 2313 2297 ψαντες,
2362 2227 2512 2297 μόνοι
2540 2226 2807 2298 κατῆλθον
2844 2228 2925 2288 εἰς
2952 2225 3184 2297 Σόδομα,
3214 2224 3310 2277 τοῦ
3353 2224 3566 2295 Κυρίου
3611 2224 3687 2295 μὴ

2092 2319 2474 2391 συμπαρόντος
2519 2320 2735 2384 αὐτοῖς·
2786 2318 2927 2390 (πῶς
2960 2319 3069 2390 γὰρ
3097 2320 3192 2371 καὶ
3231 2312 3344 2372 οἷόν
3371 2335 3432 2370 τε
3473 2313 3548 2388 ἦν
3590 2318 3688 2370 τὸν

2085 2410 2294 2481 εὐμενῆ
2328 2412 2423 2463 καὶ
2469 2410 2599 2464 ἵλεω
2629 2410 2761 2463 Θεὸν
2799 2413 2913 2472 τοῖς
2963 2409 3218 2462 ἀσεϐέσιν
3252 2408 3612 2479 ἐνεπιδημεῖν
3633 2410 3685 2476 ;)

2083 2504 2113 2555 6
2138 2501 2195 2554 δὲ
2222 2502 2498 2572 ἐπιμένων
2525 2505 2594 2573 τῇ
2626 2503 2765 2574 πρὸς
2789 2501 2882 2554 τὸν
2917 2502 3141 2571 θεοφιλῆ
3177 2502 3271 2555 καὶ
3307 2500 3523 2554 δίκαιον
3557 2517 3686 2553 συν·

2083 2593 2244 2665 ουσία
2274 2611 2335 2646 τε
2371 2595 2467 2648 καὶ
2494 2593 2770 2665 διατριϐῇ,
2800 2594 2981 2666 χαίρει
3024 2593 3127 2664 μὲν
3158 2592 3326 2646 αὐτοῦ
3366 2596 3437 2665 τῇ
3468 2592 3682 2667 ὁμιλίᾳ,

2085 2682 2518 2755 ὐπερασπίζεται
2561 2685 2619 2739 δὲ
2655 2686 2748 2740 καὶ
2791 2684 2891 2757 τὴν
2932 2685 3457 2759 φιλανθρωποτάτην
3491 2685 3682 2756 εὐχὴν.

2085 2774 2150 2844 (f.
2184 2775 2238 2847 6)
2275 2777 2334 2831 ἐν
2452 2777 2636 2830 καὶτὸ
2681 2797 2699 2829 ι
2734 2777 3013 2849 Μηδαμῶς
3043 2782 3072 2832 ό
3111 2780 3318 2851 κρίνων
3353 2782 3543 2834 πᾶσαν
3583 2781 3685 2850 τὴν

2083 2868 2208 2939 γῆν,
2247 2888 2265 2920 ι
2303 2867 2544 2940 εἰρηκὼς
2573 2871 2602 2922 ό
2642 2869 2895 2943 Ἀϐραὰμ
2938 2871 3316 2942 ἐναργέστατα
3350 2872 3684 2943 παρίστησιν

2083 2961 2273 3014 ἐαυτὸν
2300 2957 2358 3015 εὖ
2390 2963 2483 3015 καὶ
2514 2962 2757 3034 ἀκριϐῶς
2788 2963 3008 3028 εἰδέναι,
3037 2965 3121 3017 ὅτι
3167 2964 3242 3036 μὴ
3274 2964 3522 3036 ἀγγέλῳ,
3561 2965 3684 3036 μηδ’

2083 3052 2461 3124 ὑποϐεϐηκυίᾳ
2513 3054 2634 3125 θείᾳ
2683 3055 2933 3126 δυνάμει,
2991 3055 3105 3109 ἀλλ’
3149 3057 3301 3127 αὐτῷ
3334 3057 3457 3128 Θεῷ
3503 3059 3686 3111 διαλέο

2083 3163 2252 3215 γοιτο.
2278 3142 2393 3199 Εἶθ’
2418 3144 2545 3218 ἑξῆς
2581 3147 2827 3219 ἀκριϐῶς
2850 3147 2918 3201 τὰ
2940 3149 3249 3220 πράγματα
3275 3149 3508 3221 διαιρῶν
3532 3151 3690 3204 6-16-

2081 3256 2178 3308 γος
2222 3241 2348 3304 τοὺς
2381 3241 2475 3294 ἐπὶ
2526 3241 2739 3311 Σόδομα
2793 3241 3118 3306 ἀνελθόντας
3169 3242 3360 3311 σαφῶς
3410 3244 3689 3313 ἀγγέλους

2083 3333 2502 3404 προσαγορεύει,
2547 3333 2840 3402 ἐπιλέγων,
2885 3336 2965 3388 ὅτι
3010 3334 3074 3406 δὴ
3114 3354 3133 3386 ι
3169 3330 3334 3407 ἦλθον
3369 3337 3421 3389 οἰ
3454 3335 3554 3389 δύο
3585 3337 3691 3404 ἆγ-

2080 3425 2229 3493 γελοι
2269 3428 2348 3489 εἰς
2380 3426 2589 3497 Σόδομα
2632 3427 2909 3498 ἑσπέρας·
2949 3446 2967 3478 ι
3014 3427 3110 3480 καὶ
3140 3429 3198 3481 ἐν
3240 3429 3353 3492 τοῖς
3397 3427 3532 3498 ἐξῆς
3559 3426 3689 3481 οὔτε

390 3508 595 3580 Κύριον
628 3508 751 3563 οὗτε
797 3509 930 3565 Θεὸν
985 3511 1320 3583 ὀφθῆναιτῲ
1348 3513 1494 3576 Λὼτ,
1539 3515 1572 3586 ἢ
1618 3515 1728 3568 ’καὶ
1784 3515 2160 3587 λελαληκέναι,
2226 3518 2363 3573 ἀλλά
2398 3521 2527 3584 τοὺς
2568 3519 2835 3588 ἀγγέλους
2872 3520 3181 3591 ἀναγράφει
3206 3538 3220 3550 ·
3255 3519 3388 3573 ὥστ’
3432 3523 3501 3573 ἐκ
3544 3538 3689 3573 παν-

387 3600 482 3666 τὸς
525 3601 812 3675 πρόδηλον,
860 3603 943 3656 ὅτι
987 3602 1193 3677 Κύριος
1258 3600 1327 3676 ἦν
1372 3606 1466 3658 καὶ
1499 3602 1651 3673 Θεὸς,
1681 3607 1795 3660 ἀλλ’
1840 3607 1901 3661 ού
1968 3626 2054 3675 τις
2092 3611 2360 3681 ἀγγέλων,
2404 3613 2434 3664 ό
2479 3611 2557 3683 τῷ
2592 3611 2844 3684 Ἀϐραὰμ
2895 3606 3076 3682 ὦφθαι
3132 3612 3271 3682 πρὸς
3315 3615 3417 3683 τῆς
3455 3612 3693 3684 Γραφῆς

392 3693 856 3766 μαρτυρούμενος.

461 3788 666 3844 Onines
699 3790 865 3860 igitur
882 3789 1095 3847 Veteris
1126 3806 1253 3845 cum
1278 3791 1430 3849 Novo
1460 3793 1813 3851 Testamento
1833 3812 1969 3851 con-

389 3878 636 3933 cordiam
669 3879 948 3935 discutere
975 3881 1241 3947 volentes,
1296 3883 1401 3938 hoc
1438 3900 1536 3954 pro
1562 3886 1718 3940 lucro
1749 3888 1970 3951 habent,

389 3969 521 4023 dum
575 3969 954 4026 demonstrare
1008 3973 1330 4029 existimant
1375 3975 1543 4029 alium
1594 3993 1718 4033 esse
1766 3977 1972 4034 Christi

388 4057 629 4126 Patrem,
687 4077 850 4132 quem
912 4064 1303 4121 invisibilem"
1358 4069 1709 4138 evangelista:
1768 4070 1968 4140 praedi-

388 4161 539 4218 cant,
573 4153 739 4207 alium
771 4153 940 4210 Musis
968 4163 1024 4210 et
1073 4158 1472 4227 prophetarum
1497 4159 1691 4226 Deum,
1745 4163 1962 4219 diverse

388 4246 592 4311 visum,
625 4262 772 4301 nunc
798 4246 1132 4313 Abrahamo,
1162 4265 1310 4304 nunc
1336 4249 1524 4306 lsaaco
1555 4254 1665 4320 (cui
1697 4261 1751 4307 et
1776 4253 1968 4309 eadem

389 4333 561 4390 ferme
585 4350 706 4406 quae
727 4334 1044 4391 Ahrahamo
1066 4338 1369 4409 praedixit),
1389 4324 1638 4396 similiter
1666 4353 1721 4396 et
1739 4341 1967 4407 Jacobo,

388 4442 604 4483 necnon
682 4427 837 4484 Isaiae
903 4429 1108 4485 dicenti
1164 4451 1177 4485 :

390 4510 641 4582 baoth”,
685 4539 704 4572 ι
739 4520 1064 4592 ueterisque
1103 4524 1422 4594 prophetis;
1470 4539 1571 4580 nos
1628 4541 1779 4593 vero,
1829 4528 1976 4595 (cum

2151 3792 2362 3854 Πάντες
2408 3791 2506 3861 μὲν
2549 3786 2643 3843 οὖν
2685 3792 2732 3843 οἰ
2765 3789 3078 3843 διακόπτειν
3127 3790 3407 3855 ἐθέλοντες
3447 3792 3551 3864 τὴν
3582 3792 3691 3865 τῆς

2082 3885 2327 3948 Παλαιᾶς
2362 3883 2499 3955 πρὸς
2525 3882 2624 3954 τὴν
2653 3882 2861 3953 Καινὴν
2895 3883 3537 3955 Διαθήκηνισύμπνοιαν,
3572 3885 3689 3939 ὧσ-

2082 3993 2188 4046 περ
2218 3976 2432 4047 ἐρμαίῳ
2467 3976 2577 4037 τοῖς
2606 3974 2793 4036 τόποις
2832 3974 3207 4036 ἐπιϐαίνοντες
3246 3973 3437 4042 σαφῶς
3466 3976 3535 4028 ὲκ
3563 3976 3692 4030 ’τού⁹

2080 4083 2190 4121 των
2238 4065 2568 4139 παριστάναι
2609 4065 2859 4118 δοκοῦσιν
2902 4065 3087 4136 ἑτέρον
3138 4066 3411 4139 ὑπάρχειν
3454 4066 3548 4120 τὸν
3588 4069 3687 4122 τοῦ

2079 4157 2315 4229 Χριστοῦ
2342 4157 2583 4229 Πατέρα,
2610 4156 2668 4210 ὃν
2691 4157 2786 4210 καὶ
2816 4156 3046 4225 ἀόρατον
3064 4158 3170 4211 ὑπὸ
3191 4159 3292 4230 τῆς
3310 4160 3690 4233 admirari};

2080 4251 2263 4321 φωνῆς
2288 4249 2687 4320 ὁμολογεῖσθαι,
2708 4248 2861 4320 παρὰ
2878 4248 2969 4301 τὸν
2991 4249 3272 4314 Μωῡσέως
3298 4252 3395 4304 καὶ
3415 4252 3527 4305 τῶν
3542 4270 3686 4324 προ-

2081 4343 2266 4414 φητῶν
2292 4343 2426 4396 Θεὸν
2454 4342 2730 4414 διαφόρως
2757 4341 3012 4411 ὀφθέντα,
3030 4344 3151 4396 τοτὲ
3171 4345 3267 4415 μὲν
3293 4345 3372 4415 τῷ
3400 4344 3684 4419 Ἀϐραὰμ.

1243 4450 1261 4482 ι
1303 4430 1433 4487 Vidi
1513 4432 1803 4488 Dominum
1870 4432 1973 4489 Sa-

2101 4433 2200 4486 τοτέ
2223 4433 2281 4486 δέ
2309 4431 2388 4503 τῷ
2430 4433 2617 4486 Ἰσαὰκ
2651 4424 2729 4501 (ᾧ
2771 4431 2865 4484 καὶ
2896 4430 3046 4501 αὐτῷ
3083 4433 3442 4503 χρηματίζων
3471 4434 3546 4488 τὰ
3576 4453 3687 4488 πα-

2083 4524 2356 4596 ραπλήσια
2383 4527 2494 4589 τοῖς
2510 4524 2603 4576 ἐπὶ
2626 4522 2719 4576 τοῦ
2764 4522 3016 4594 Ἀϐραὰμ
3044 4523 3450 4596 προθεσπίζει),
3474 4527 3689 4594 ὁμοίως

387 4619 444 4667 et
474 4612 527 4666 in
560 4613 697 4683 ipsis
723 4613 1001 4670 veteribus
1030 4612 1122 4670 Dei
1139 4615 1419 4685 prophetis
1444 4617 1723 4671 inducitur
1756 4617 1978 4687 aliquod

2101 4617 2133 4668 ;ὲ
2187 4616 2285 4669 καὶ
2341 4614 2421 4686 τῷ
2466 4613 2659 4668 Ἰακὼϐ
2680 4654 2694 4678 ,
2733 4614 2873 4685 τάχα
2919 4614 2978 4668 δὲ
3036 4615 3130 4668 mi.
3164 4615 3365 4687 Ἡσαΐᾳ
3415 4618 3686 4688 φήσαντι,

388 4703 635 4759 divinum
665 4705 950 4759 oraculum
1009 4720 1040 4760 e
1097 4721 1333 4776 persona
1383 4705 1480 4763 Dei
1521 4708 1712 4763 dicens
1761 4726 1775 4761 :
1827 4707 1979 4778 «Ego

2139 4703 2291 4761 Εἶδον
2319 4707 2411 4760 τὸν
2444 4706 2649 4777 Κύριον
2684 4705 2936 4772 Σαϐαὼθ,
2971 4726 2990 4759 ι
3028 4709 3125 4761 καὶ
3147 4711 3260 4772 τοῖς
3289 4708 3503 4774 λοιποῖς
3539 4729 3688 4783 προο-

388 4797 537 4849 enim
589 4794 857 4851 Dominus
911 4802 969 4850 et
1016 4811 1129 4850 non
1176 4798 1457 4865 mutor";
1489 4818 1508 4850 ι
1544 4807 1630 4854 et:
1677 4796 1977 4869 «Nunquid

2101 4801 2280 4871 ρήταις
2319 4799 2737 4871 παραπλησίως·
2774 4801 2937 4871 ἡμεῖς
2978 4798 3036 4853 δὲ
3066 4801 3212 4870 (ἐπεὶ
3248 4801 3345 4856 καὶ
3388 4804 3453 4855 ἐν
3492 4805 3689 4870 αὐτοῖς

390 4902 505 4943 non
555 4888 760 4943 cmlum
807 4895 863 4942 et
915 4896 1122 4943 terram
1174 4904 1278 4960 ego
1329 4890 1551 4961 impleo,
1604 4892 1739 4948 dicit
1790 4892 1975 4947 Domi-

2101 4895 2188 4956 ὀῖς
2234 4891 2402 4945 πάλαι
2431 4891 2526 4944 τοῦ
2565 4890 2701 4944 Θεοῦ
2742 4893 3055 4962 προφήταις
3097 4892 3402 4964 ἐμφέρεταί
3438 4912 3491 4947 τι
3536 4895 3690 4951 θεῖον

389 4994 496 5041 nus
511 4977 627 5032 "ii
668 4977 807 5033 Mosi
839 4977 1005 5033 etiam
1037 4977 1208 5034 dicit:
1265 4998 1284 5032 ι
1304 4979 1422 5034 Νοιι
1456 4981 1603 5035 enim
1647 4980 1854 5036 videbit
1885 4997 1972 5037 me

2101 4984 2254 5053 ,όγιον
2282 4985 2347 5036 ἐκ
2375 4980 2684 5054 προσώπου,
2716 4982 2812 5037 τοῦ
2859 4982 2995 5036 Θεοῦ
3025 4983 3237 5052 φάσκον
3256 5002 3269 5015 -
3330 5004 3351 5036 ι
3387 4986 3537 5040 Διότι
3573 4988 3692 5056 ἐγὼ

392 5071 555 5126 homo
569 5077 624 5126 et
645 5071 786 5126 vivet
800 5070 846 5103 '°
863 5088 879 5137 ;
900 5069 947 5141 ι)
964 5069 1033 5124 ad
1050 5071 1339 5143 praedictos
1362 5071 1632 5138 homines,
1648 5074 1811 5128 simul
1827 5081 1882 5129 et
1902 5072 1971 5127 ad

2101 5073 2280 5145 [ύριος
2307 5074 2335 5124 ό
2358 5072 2491 5136 Θεὸς
2507 5071 2662 5143 ὑμῶν
2691 5073 2785 5125 καὶ
2817 5072 2919 5125 οὐκ
2937 5072 3268 5144 ὴλλοίωμαι.
3290 5093 3312 5125 ι
3344 5075 3490 5143 Καίς
3511 5078 3690 5148 «Οὐχὶ

389 5156 635 5223 Judaaos,
660 5157 904 5213 nondum
929 5159 1225 5215 secundam
1253 5171 1450 5233 praeter
1477 5162 1777 5218 increatam
1809 5174 1972 5218 natu-

2102 5163 2161 5217 ὸν
2191 5161 2419 5235 οὐρανὸν
2450 5161 2547 5215 καὶ
2574 5162 2671 5232 τὴν
2695 5161 2799 5230 γῆν
2825 5161 2936 5230 ἐγὼ
2951 5161 3174 5234 πληρῶ;
3209 5163 3360 5232 λέγει
3398 5166 3635 5236 Κύριοςο
3663 5187 3682 5217 ι

393 5264 508 5303 tam
535 5249 921 5321 praeexsistere
953 5250 1296 5307 divinitatem
1335 5252 1460 5309 Filii
1494 5254 1971 5325 comprehenden-

2101 5257 2166 5309 ιαὶ
2191 5254 2270 5326 τῷ
2294 5256 2521 5309 Μωῦσετ
2542 5254 2598 5308 δὲ
2618 5255 2973 5326 χρηματίζων
3003 5256 3169 5327 φησίν
3189 5273 3201 5283 ’
3228 5276 3247 5308 ι
3268 5258 3459 5321 Οὐδεὶς
3484 5255 3687 5326 ὄψεταί

390 5349 494 5405 tes,
515 5340 631 5396 haec
646 5340 900 5412 ambigua
922 5343 1377 5412 examinabimus,
1393 5360 1500 5416 qua
1518 5346 1730 5402 scilicet
1752 5346 1965 5402 ratione

2101 5365 2174 5401 ιου
2201 5348 2260 5401 τὸ
2288 5349 2599 5419 πρόσωπον,
2630 5347 2723 5400 καὶ
2744 5345 2989 5420 ζήσεται·
3012 5349 3149 5420 ἠὼς
3178 5351 3318 5422 πρὸς
3346 5352 3474 5414 τοὺς
3491 5365 3687 5420 προει-

464 5479 510 5512 ²⁸
527 5477 662 5556 Gen.
707 5482 895 5556 νειμ-2.
973 5483 1164 5541 “Gen.
1204 5505 1295 5552 xv,
1330 5487 1381 5543 7.
1459 5491 1505 5522 ’⁷
1542 5487 1679 5544 Gen.
1711 5506 1848 5552 xvn,
1888 5490 1941 5543 1.

2101 5489 2238 5546 Gen.
2275 5506 2441 5556 xvm,
2475 5492 2529 5547 5.
2608 5490 2653 5521 ²⁹
2693 5491 2823 5546 ibid.
2867 5491 2954 5544 l7.
3030 5491 3076 5522 ³ο
3117 5491 3230 5546 ibid
3287 5493 3379 5548 25.
3456 5492 3498 5524 ³¹
3528 5490 3679 5547 Gen.

387 5563 511 5613 xix,
571 5552 621 5603 1.
731 5552 773 5585 δ’
813 5551 974 5610 Joau.
1014 5559 1216 5627 1,18;
1262 5551 1347 5624 vt,
1382 5559 1471 5614 46.
1585 5560 1630 5592 ³³
1669 5559 1777 5616 lsa.
1812 5551 1864 5615 vt
1895 5599 1909 5625 ,
1946 5560 1979 5615 5

389 5634 582 5680 χιιψι,
614 5620 703 5675 20.

2113 5562 2158 5593 3"
2199 5551 2436 5618 Malach.
2471 5578 2563 5624 ιιι,
2603 5559 2655 5615 6.
2763 5562 2809 5594 ³⁸
2848 5560 2958 5617 Jer.
2997 5577 3133 5615 χχιιι
3161 5601 3176 5627 ,
3211 5561 3303 5616 24.
3410 5562 3457 5595 ³⁸
3493 5561 3676 5618 Exod.
