3840 6222
171 315 310 370 1055

1205 312 1500 370 ECLOGA}
1535 303 2016 369 PllOPIIETIC/E.
2053 343 2122 352 —-
2158 314 2285 369 LIB.
2324 316 2369 370 I.

3293 317 3323 374 1
3334 309 3446 372 034

171 428 440 512 ρημένους
472 428 613 499 ὁμοῦ
641 429 734 485 καὶ
765 431 886 494 τοὺς
912 430 976 484 ἐκ
1006 433 1328 504 περιτομῆς,
1349 433 1428 486 ἔτι
1455 451 1514 488 τε
1540 435 1665 498 τοὺς
1684 431 1750 504 μὴ

1865 431 1964 501 qui
2010 431 2308 488 secundum
2350 432 2472 488 illas
2517 433 2834 504 prophetias
2877 435 3235 493 immutabilis
3254 444 3310 493 et
3353 435 3440 492 in-

171 521 568 593 προσιεμένους
580 523 835 596 δευτέραν
853 523 990 596 μετὰ
999 524 1096 596 τὴν
1111 525 1370 596 ἀγένητον
1381 527 1450 596 φύ
1459 545 1541 581 σιν
1557 533 1759 602 προῦπ-

169 614 355 694 ἀρχειν
384 613 622 686 θεότητα
647 615 738 669 τοῦ
776 615 927 679 Υίοῦ,
959 617 1129 671 ταῦτα
1165 619 1606 692 ἐπαπορήσομεν,
1641 623 1758 686 πῶς

168 709 196 760 ὀ
240 711 334 760 καὶ
377 704 596 777 (κατά)
643 706 846 770 ταύτας
877 707 976 771 τὰς
1005 710 1340 780 προφητείας
1380 711 1754 775 ἀναλλοίωτος,

169 809 260 852 και
292 799 591 867 ἄτρεπτος,
617 800 710 852 καὶ
741 797 904 854 πάλιν
934 799 1026 853 τὸν
1046 801 1271 872 οὐρανὸν
1295 803 1387 855 καὶ⁵
1415 804 1513 874 τὴν
1540 808 1643 876 γῆν
1671 805 1756 858 λέ-

167 907 275 964 γων
292 889 540 960 πληροῦν
577 891 736 962 μόνος
763 891 914 957 Θεὸς,
931 892 1116 962 σαφῶς
1137 911 1197 946 τε
1219 894 1314 948 καὶ
1339 899 1460 949 κατ’
1489 898 1649 952 αὑτὸν
1665 898 1757 952 τὸν

169 983 327 1053 νόμον
353 982 550 1052 σχεδὸν
565 982 792 1054 ἀόρατος
815 980 953 1038 εῖναι
979 985 1138 1059 δηλού
1145 1004 1326 1058 μενος,
1349 989 1490 1044 κατά
1509 990 1592 1044 τό’
1613 1010 1630 1043 ι
1653 994 1756 1045 Οὑ-

167 1074 275 1137 δεὶς
295 1073 492 1144 ὄψεταί
519 1091 620 1145 μου
657 1073 719 1128 τὸ
751 1075 1044 1146 πρόσωπον
1081 1078 1174 1130 καὶ
1203 1078 1482 1152 ζήσεταῳ
1516 1082 1756 1137 ἀλλοιού-

171 1183 328 1236 μενος
374 1166 566 1232 πάλιν,
611 1169 705 1221 καὶ
745 1169 822 1233 ὡς
853 1169 1200 1241 περιτρέπων
1227 1171 1325 1244 τὴν
1358 1173 1518 1240 αὐτὸς
1560 1176 1752 1229 ἑαυτοῦ

168 1257 350 1310 οὐσίαν
389 1258 475 1322 είς
506 1258 610 1329 (ἐν)
641 1263 859 1332 μικροῖς
886 1278 996 1314 τισι
1025 1261 1235 1334 μορίοις
1259 1263 1360 1334 τῆς
1383 1263 1488 1338 γῆς
1508 1266 1754 1338 χωρητὸς

169 1348 432 1418 ἐγίγνετο,
475 1350 574 1404 καὶ
607 1352 816 1424 ἑωρᾶτο
844 1353 966 1406 τοτὲ
997 1351 1096 1423 μὲν
1125 1353 1204 1426 τῷ
1245 1355 1515 1429 Ἁϐραάμ,
1544 1361 1666 1412 τοτέ
1696 1361 1754 1413 δὲ

168 1444 277 1506 τοῖς
309 1442 496 1507 ἀλλοις
543 1445 890 1517 προφήταις;
938 1445 1108 1499 Ταυτὶ
1155 1447 1263 1520 γὰρ
1302 1450 1352 1501 εἰ
1389 1450 1483 1503 ἐπὶ
1522 1451 1611 1506 τὸν
1647 1452 1754 1506 τῶν

168 1534 300 1590 ὅλων
330 1536 662 1608 ἀναφέροιτο
681 1537 834 1601 Θεὸν,
872 1539 931 1591 οὐ
960 1539 1120 1610 μόνον
1150 1543 1215 1612 τῇ
1247 1541 1573 1614 εὐαγγελικῇ
1601 1546 1751 1616 φωνῇ

168 1628 310 1696 δόξαι
333 1627 401 1682 ἂν
430 1629 742 1698 διαφωνεῖν,
769 1629 906 1686 ἀλλὰ
931 1632 1026 1685 καὶ
1050 1635 1170 1698 ταῖς
1203 1637 1582 1706 προφητικαῖς,
1609 1635 1754 1706 ἀχώ-

171 1739 328 1796 ρητον
361 1723 458 1777 καὶ
487 1723 846 1779 ἀναλλοίωτον
873 1725 1035 1782 αὑτὸν
1065 1725 1160 1780 καὶ
1182 1727 1410 1798 ἀόρατον
1445 1729 1752 1800 ἀνθρώποις

1871 521 2146 591 ﬂexibilis,
2177 525 2383 597 quique
2413 540 2608 580 rursus
2638 526 2837 580 caelum
2872 534 2926 582 et
2972 534 3176 584 terram
3231 531 3439 587 dicitur

1867 616 2093 688 implere
2123 618 2273 673 solus
2299 615 2464 682 Deus,
2493 616 2779 674 manifeste
2821 619 3040 689 quidem
3059 630 3113 676 et
3135 622 3439 682 secundum

1863 708 2036 778 legem
2055 709 2308 766 cominus
2336 709 2625 765 invisibilis
2639 709 3071 778 demonstratur,
3094 713 3180 771 his
3207 716 3392 772 verbis
3417 733 3431 766 :

1861 799 2034 855 Nemo
2067 800 2262 857 faciem
2316 817 2493 856 meam
2536 801 2740 857 videbit
2793 809 2849 858 et
2880 803 3078 872 vivet,»
3127 821 3274 861 nunc
3300 823 3434 862 vero

1862 898 2107 946 mutatus
2167 898 2221 946 et
2286 891 2445 962 quasi
2512 890 2630 963 ipse
2671 907 2827 948 suam
2871 896 3147 950 invertens
3178 895 3438 953 substan-

1866 983 2021 1047 tiam,
2074 984 2132 1038 in
2177 983 2505 1056 quibusdam
2539 985 2723 1056 parvis
2772 991 2931 1041 terra;
2961 988 3243 1058 particulis
3297 1007 3424 1046 con-

1862 1076 2025 1134 tineri
2076 1084 2312 1148 poterat,
2369 1075 2656 1147 fueratque
2698 1079 2852 1136 visus
2898 1095 3046 1135 nunc
3100 1081 3433 1148 Abrahamo,

1862 1184 2009 1224 nunc
2051 1169 2173 1223 aliis
2199 1169 2520 1241 prophetis?
2563 1169 2694 1237 Quae
2720 1172 2940 1244 quidem
2975 1172 3021 1229 si
3059 1173 3184 1244 quis
3210 1174 3279 1230 ad
3312 1177 3438 1231 uni-

1860 1277 2145 1317 versorum
2177 1259 2348 1318 Deum
2364 1261 2585 1328 referat,
2615 1278 2726 1318 non
2755 1271 2967 1319 tantum
2999 1263 3276 1337 Evangelii
3311 1281 3437 1324 ver-

1859 1353 1943 1408 bis
1991 1353 2240 1410 videatur
2295 1353 2600 1419 dissonare,
2659 1354 2755 1410 sed
2801 1363 2855 1410 et
2888 1355 3300 1426 prophetarum,
3335 1357 3438 1414 im-

1869 1461 2119 1502 mensum
2174 1445 2344 1512 hunc,
2393 1454 2446 1501 et
2497 1445 2916 1514 immutabilem,
2951 1461 3053 1502 nec
3117 1446 3462 1526 hominibus,

1859 1536 2218 1608 conspicuum
2286 1536 2720 1608 prmdicantium.
2781 1537 2838 1593 Si
2887 1552 3016 1594 vero
3064 1553 3175 1594 non
3254 1541 3434 1596 visum

1862 1627 2034 1684 ftiisse
2066 1627 2192 1699 quis
2215 1628 2361 1683 dicat
2407 1629 2587 1700 ipsum
2627 1629 2795 1683 Deum
2838 1630 2906 1686 iis
2959 1632 3052 1701 qui
3091 1631 3430 1701 referuntur,

1857 1733 2063 1792 eosque
2125 1720 2503 1778 tantummodo
2571 1719 2917 1778 existimasse
2994 1739 3055 1779 se
3112 1724 3298 1781 videre
3381 1735 3436 1781 et

168 1812 638 1884 ἀποφηναμέναις·
675 1815 724 1868 εί
746 1815 820 1886 μὴ
851 1815 960 1886 ἀρα
993 1816 1129 1889 μηδὲ
1171 1816 1352 1887 ωφθαί
1381 1835 1464 1882 τις
1491 1821 1632 1872 είποι
1652 1820 1750 1873 αύ-

1854 1811 2060 1872 audire,
2111 1809 2240 1865 dum
2289 1810 2469 1883 reipsa
2521 1811 2658 1868 nihil
2717 1827 2907 1868 eorum
2943 1831 3064 1886 quae
3092 1816 3276 1873 videre
3325 1833 3430 1888 pu-

167 1903 256 1958 τὸν
282 1903 373 1964 τὸν
404 1894 546 1959 Θεὸν
569 1907 681 1970 τοῖς
718 1907 1248 1980 ἀναγεγραμμένοις,
1289 1909 1662 1980 φαντασιῶσαι
1695 1911 1752 1964 δὲ

168 1995 359 2059 αὐτοὺς
394 1996 536 2052 αὐτὸ
571 1997 750 2068 μόνον,
783 1997 860 2061 ὡς
886 1999 1063 2054 δοκεῖν
1089 2000 1190 2071 μὲν
1211 2003 1344 2073 ὁρᾷν
1380 2002 1474 2058 καὶ
1506 2002 1746 2068 ἀκούειν,

168 2082 226 2134 οὐ
251 2081 355 2154 μὴν
371 2084 470 2137 καὶ
498 2083 715 2156 ἀληθῶς
729 2086 905 2142 τιτῶν
933 2087 1304 2159 νομιζομένων
1325 2089 1607 2160 φαίνεσθαι
1626 2092 1754 2148 θεω-

173 2176 298 2246 ρεῖν,
325 2175 452 2229 οὐδέ
482 2174 592 2248 μὴν
635 2177 854 2231 ἀκούειν
884 2181 1004 2232 κατ’
1044 2179 1323 2252 ἀλήθειαν,
1358 2182 1753 2256 ἀπατωμένους

169 2265 223 2320 δὲ
256 2267 349 2321 καί
377 2269 436 2322 ἐν
465 2268 679 2334 τούτοις
702 2269 943 2342 νομίζειν
965 2313 980 2338 ,
1008 2272 1100 2326 καὶ
1127 2273 1304 2326 δοκεῖν
1327 2274 1544 2328 ἀκούειν
1561 2317 1576 2341 ,
1614 2277 1752 2349 ὅπερ

169 2357 428 2412 ἀνοίκειόν
443 2377 507 2413 τε
531 2361 624 2414 καὶ
650 2360 928 2434 ἀλλότριον
949 2363 1181 2436 ὑπάρχει
1205 2368 1304 2437 τῆς
1325 2364 1387 2436 (f.
1414 2367 1468 2436 7)
1489 2367 1753 2437 ἀψευδοῦς

172 2445 259 2498 καὶ
287 2447 570 2513 ἀπλανοῦς
599 2449 694 2503 τοῦ
718 2450 826 2505 τῶν
851 2452 988 2507 ὅλων
1017 2453 1152 2508 Θεοῦ
1189 2455 1404 2525 φύσεως
1423 2475 1436 2488 ο
1469 2458 1551 2512 ἐτι
1578 2459 1634 2513 δὲ
1658 2462 1752 2514 καὶ

171 2537 468 2595 ἀσύστατον
495 2541 556 2596 ὃν
583 2543 855 2598 δείκνυται
887 2547 952 2599 ἐκ
981 2546 1075 2600 τοῦ
1101 2547 1280 2618 λέγειν
1299 2549 1624 2623 ἱστορεῖσθαι
1652 2555 1750 2607 αύ-

170 2630 257 2686 τὸν
281 2633 372 2688 τὸν
401 2636 540 2690 Θεὸν
580 2638 709 2710 περὶ
749 2638 844 2692 τοῦ
878 2639 1127 2712 Ἀϐραὰμ
1158 2641 1238 2695 τό·
1262 2660 1283 2695 ι
1318 2642 1502 2716 ᾜδειν
1535 2644 1644 2717 γὰρ
1671 2648 1752 2700 ὅτι

175 2726 419 2792 συντάξει
434 2731 553 2793 τοῖς
576 2731 713 2794 υἱοῖς
731 2730 896 2785 αὑτοῦ
912 2733 1003 2787 καὶ
1028 2732 1105 2802 τῷ
1125 2732 1260 2805 οἴκῳ
1279 2735 1444 2790 αὐτοῦ
1459 2738 1576 2809 μετ’
1591 2738 1752 2793 αὺτὸν

173 2815 261 2868 καὶ
275 2817 604 2885 φυλάξουσιν
614 2818 712 2882 τὰς
721 2820 874 2884 ὀδοὺς
887 2823 970 2874 Κυ
980 2822 1092 2893 ρίου
1108 2824 1280 2874 ποιεῖν
1292 2822 1636 2895 δικαιοσύνην
1660 2827 1752 2879 καὶ

175 2907 368 2975 κρίσιν,
385 2909 540 2975 ὅπως
561 2911 627 2964 ἂν
655 2912 910 2984 ἐπαγάγῃ
939 2914 1144 2986 Κύριος
1170 2914 1262 2970 ἐπὶ
1297 2915 1542 2988 Ἀϐραὰμ
1561 2916 1597 2972 ἃ
1625 2918 1750 2973 ἐλά-

175 2997 296 3070 λησε
351 3001 494 3074 πρὸς
527 3003 708 3059 αὐτόν.
752 3023 772 3056 ›
823 3005 1263 3078 Ἀναμφιλέκτως
1297 3007 1430 3076 γοῦν
1472 3009 1645 3066 ταῦτα
1676 3012 1752 3076 ὡς

178 3090 296 3162 περὶ
317 3092 508 3165 ἐτέρου
542 3095 750 3167 Κυρίου
784 3098 946 3164 αὐτὸς
977 3101 1004 3154 ὀ
1037 3100 1238 3173 Κύριος
1270 3101 1603 3172 διαλέγεταιο
1633 3103 1750 3169 πῶς

175 3179 262 3238 οὖν
295 3188 411 3242 ἐστι
451 3184 568 3242 οἷόν
602 3203 661 3244 τε
691 3191 782 3244 τὸν
811 3193 921 3246 τῶν
956 3195 1094 3249 ὅλων
1126 3198 1372 3252 ὑπονοεῖν
1408 3198 1538 3252 Θεὸν
1576 3199 1746 3254 ταῦτα

177 3275 470 3346 εἰρηκέναις
505 3279 641 3355 Περὶ
675 3283 828 3336 ποίου
849 3283 958 3356 γὰρ
989 3287 1176 3360 ἐτέρου
1210 3290 1340 3360 παρ’
1363 3289 1526 3344 αὑτὸν
1543 3291 1748 3365 Κυρίου

177 3367 386 3426 δύναται
418 3372 671 3441 λέγεσθαι
711 3375 781 3430 τά
813 3377 1138 3448 ἐγκείμενα;
1187 3381 1347 3435 Ἀλλὰ
1370 3384 1480 3456 γὰρ
1505 3386 1652 3456 σαφῆ
1686 3388 1750 3440 ἐκ

182 3462 372 3519 τούτων
403 3467 486 3520 ὅτι
522 3467 657 3538 μηδὲ
689 3469 766 3539 τῷ
800 3470 909 3523 τῶν
949 3471 1085 3524 ὅλων
1113 3471 1234 3544 Θεῷ
1278 3477 1575 3546 προσήκειν
1606 3475 1749 3530 ἔοικε

180 3551 244 3604 τὰ
271 3553 592 3627 δηλούμεναο
625 3558 961 3615 δέδεικταιδέ
995 3561 1076 3615 ὅτι
1103 3562 1236 3632 μηδὲ
1267 3566 1332 3635 τῇ
1361 3563 1472 3618 τῶν
1503 3566 1750 3635 ἀγγέλων

182 3642 347 3710 φύσειε
383 3643 494 3701 οἶδε
539 3650 691 3718 γοῦν,
727 3650 802 3716 ὡς
834 3651 991 3723 ἔφην,
1027 3655 1056 3707 ὁ
1087 3653 1243 3724 λόγος
1266 3657 1626 3726 ἐπαληθεύειν
1655 3661 1750 3713 ἐπὶ

179 3741 239 3810 τῇ
272 3741 378 3797 τῶν
414 3743 664 3812 ἀγγέλων
694 3746 1005 3818 ἐπιφανείᾳ,
1044 3749 1230 3816 σαφῶς
1259 3751 1421 3824 ἐπιση
1431 3753 1750 3824 μαινόμενος

179 3829 268 3895 τὰς
290 3833 355 3888 δι’
386 3834 567 3889 αὐτῶν
592 3837 876 3902 ὀπτασίας.
908 3840 970 3892 EE
997 3839 1061 3912 δὴ
1086 3837 1179 3895 οὖν
1203 3844 1327 3914 μήτ’
1356 3845 1621 3918 ἀγγελικῇ
1651 3847 1750 3916 φύ-

181 3934 257 3972 σει
290 3923 426 3994 μήτε
446 3927 513 3996 τῇ
543 3927 804 3980 ἀνωτάτω
824 3929 917 3981 καὶ
945 3929 1194 4003 ἀγενήτῳ
1218 3931 1312 3985 τοῦ
1333 3933 1441 3986 τῶν
1461 3934 1597 3988 ὅλων
1611 3935 1748 3989 Θεοῦ

179 4009 340 4065 ταῦτα
371 4013 549 4069 ἔοικεν
579 4016 890 4088 ἁρμόττειν,
914 4017 1140 4073 λείποιτ’
1162 4020 1229 4075 ἀν
1259 4022 1464 4076 τούτων
1489 4025 1588 4095 μία
1611 4026 1746 4098 μόνη

179 4098 340 4169 λύσις,
368 4108 417 4160 εί
453 4106 515 4160 τὸ
547 4107 646 4178 μὲν
677 4107 1033 4164 ἀναλλοίωτον
1053 4112 1146 4165 καὶ
1167 4101 1434 4184 ἄτρεπτον
1466 4115 1560 4168 καὶ
1585 4117 1748 4187 ἀόρα-

179 4209 265 4248 τον
291 4198 381 4251 ἐπὶ
405 4198 504 4271 τὴν
536 4200 796 4272 ἀγένητον
815 4201 1274 4276 διαφυλάττωμεν
1311 4207 1522 4269 οὐσίαν,
1551 4210 1674 4274 τοὺς
1703 4211 1747 4263 δ’

182 4281 691 4363 ἀναγεγραμμένους
723 4294 798 4356 ῶς
820 4295 884 4347 ἐκ
911 4293 1047 4348 Θεοῦ
1080 4299 1499 4369 χρηματισμοὺς
1535 4299 1629 4354 ἐπὶ
1657 4302 1748 4355 τὸν

183 4379 266 4432 τοῦ
305 4383 438 4438 Θεοῦ
470 4386 640 4453 Λόγον
674 4386 1207 4460 μεταλαμϐάνοιμεν,
1241 4390 1301 4444 δν
1345 4391 1617 4464 διαφόρως
1655 4396 1748 4448 καὶ

183 4473 282 4543 πρὸ
327 4479 425 4548 τῆς
473 4479 937 4552 ἐνανθρωπήσεως
972 4483 1112 4554 ὑπὲρ
1151 4487 1251 4556 τῆς
1290 4484 1397 4537 τῶν
1444 4484 1746 4558 ἀνθρώπων
1783 4507 1824 4564 D

187 4567 444 4639 σωτηρίας
463 4570 693 4642 ὀφθῆναί
718 4588 775 4623 τε
809 4573 905 4626 καὶ
941 4572 1039 4636 τάς
1067 4575 1125 4626 ἐν
1155 4578 1274 4637 ταῖς
1298 4573 1470 4638 θείαις
1505 4575 1748 4647 Γραφαῖς

186 4654 548 4730 ἐμφερομένας
586 4661 896 4732 οἰκονομίας
939 4663 1217 4718 ἐκτελέσαι
1271 4665 1742 4739 πεπιστεύκαμεν’

187 4748 272 4802 ἐπὶ
296 4751 454 4821 μόνου
478 4753 536 4806 δὲ
570 4753 758 4807 τούτου
791 4755 931 4826 μετὰ
960 4756 1050 4809 τὸν
1078 4756 1186 4812 τῶν
1218 4757 1354 4812 ὅλων
1373 4758 1506 4814 Θεὸν
1528 4761 1621 4814 καὶ
1648 4760 1746 4832 τὴν

186 4845 595 4919 τετράγραμμον
625 4850 990 4923 προσηγορίαν
1033 4851 1290 4924 κειμένην
1335 4851 1601 4925 εὕρομεν,
1649 4854 1745 4908 ἆτε

185 4935 467 5008 Μονογενετ
489 4943 582 4996 καὶ
615 4942 934 5014 κληρονόμῳ
976 4943 1070 4998 τοῦ
1104 4945 1320 5016 Πατρὸς
1368 4945 1748 5019 ἁρμοττούσης

188 5029 273 5082 καὶ
305 5033 503 5104 ταύτης
543 5037 644 5107 τῆς
686 5035 872 5109 θεῖκῆς
915 5038 1175 5104 ἐπινοίας.
1217 5035 1291 5094 Εὖ
1341 5039 1472 5108 γοῦν
1515 5039 1671 5105 είδὼς
1719 5042 1748 5094 ὁ

198 5119 456 5196 Ἀϐραὰμ,
472 5125 566 5180 ἆτε
591 5126 754 5196 σοφὸς
774 5127 850 5182 ῶν
873 5129 968 5182 καὶ
989 5130 1126 5201 πρὸς
1150 5129 1316 5186 αὐτοῦ
1341 5129 1436 5186 τοῦ
1453 5129 1590 5185 Θεοῦ
1617 5149 1750 5203 προ-

189 5215 352 5284 φήτης
385 5213 522 5272 εἶναι
559 5220 1024 5292 μαρτυρούμενος,
1047 5221 1123 5286 ῶς
1171 5223 1253 5276 ὅτι
1281 5225 1462 5278 πᾶσαν
1487 5225 1585 5296 τὴν
1627 5225 1748 5296 κρί-

192 5317 268 5356 σιν
294 5305 486 5363 ἓδωκεν
518 5310 596 5382 τῷ
627 5310 770 5382 Υίῷ,
805 5316 1104 5384 προσκυνεῖ
1138 5331 1197 5367 τε
1219 5315 1414 5379 αὐτὸν,
1460 5316 1554 5370 καὶ
1600 5317 1747 5388 μόνῳ

190 5397 326 5447 παρὰ
349 5401 474 5464 τοὺς
495 5400 688 5466 ἄλλους
719 5403 883 5475 φησὶν
909 5405 992 5457 τόν
1022 5405 1336 5477 «Μηδαμῶς
1363 5407 1392 5459 ὁ
1417 5408 1617 5480 κρίνων
1643 5411 1747 5463 πᾶ-

194 5498 282 5540 σαν
301 5493 395 5562 τήν
419 5492 522 5563 γῆν
549 5493 612 5546 οὐ
641 5495 886 5564 ποιήσεις
923 5495 1124 5566 κρίσιν.
1157 5516 1176 5546 ι
1210 5497 1386 5568 Ὅπερ
1416 5497 1634 5568 ἀγγέλῳ
1656 5498 1748 5550 τὸν

193 5571 320 5633 θεῖον
345 5584 514 5655 Λόγον
545 5585 907 5656 ὑποϐεϐηκότι
936 5587 1187 5656 λέγεσθαι
1209 5589 1448 5660 νομίζειν
1484 5589 1747 5644 ἀνοίκειόν

1856 1900 2069 1965 tabant,
2113 1916 2242 1957 vere
2288 1901 2623 1972 aSpicerent,
2653 1903 2791 1958 nihil
2834 1919 2964 1960 vere
3006 1907 3280 1972 audirent,
3330 1909 3433 1962 fal-

1855 2006 1917 2046 sa
1975 1991 2234 2062 opinione
2301 1991 2583 2066 deceptos,
2643 1993 2774 2049 dum
2833 1997 3024 2054 audire
3086 1998 3428 2066 viderentur,

1859 2082 1993 2154 quid
2037 2083 2424 2142 abhorrentius
2467 2085 2755 2159 magisque
2795 2089 3032 2154 alienum
3065 2091 3134 2146 ab
3183 2093 3430 2148 omnium

1854 2163 1950 2230 Dei
1972 2185 2190 2242 natura,
2213 2177 2484 2234 mendacii
2506 2192 2571 2234 ac
2599 2179 2806 2236 erroris
2828 2180 3122 2237 admodum
3155 2182 3385 2240 immuni
3408 2185 3431 2240 τ

1851 2263 1970 2322 Hoc
1997 2267 2164 2322 etiam
2194 2284 2260 2324 eo
2292 2269 2592 2326 absurdum
2643 2273 3072 2339 demonstratur,
3105 2275 3254 2346 quod
3288 2277 3430 2348 legi-

1853 2374 1978 2414 mus
2017 2359 2084 2415 de
2104 2360 2416 2417 Ahrahamo
2457 2362 2628 2418 Deum
2675 2367 2851 2435 ipsum
2891 2365 3149 2423 dicere”
3177 2367 3428 2425 Sciebam

1853 2450 1997 2505 enim
2029 2451 2174 2521 quod
2199 2464 2574 2525 praecepturus
2600 2457 2674 2512 sit
2698 2457 2828 2513 filiis
2860 2460 2976 2514 suis
3006 2467 3062 2515 et
3101 2459 3291 2516 domui
3317 2477 3429 2518 sua:

1853 2548 1979 2611 post
2005 2557 2065 2597 se
2095 2551 2156 2597 ut
2182 2543 2498 2599 custodiant
2542 2548 2685 2600 viam
2737 2546 2952 2603 Domini
3008 2556 3064 2604 et
3093 2548 3301 2606 faciant
3333 2552 3424 2622 ju-

1854 2632 2059 2687 dicium
2089 2641 2145 2690 et
2169 2633 2444 2704 justitiam
2473 2654 2490 2702 ;
2544 2643 2604 2690 ut
2643 2636 2884 2692 adducat
2907 2637 3174 2696 Dominus
3202 2649 3430 2712 propter

1853 2723 2130 2780 Abraham
2168 2726 2353 2781 omnia
2377 2743 2498 2798 qua:
2529 2729 2746 2784 locutus
2776 2737 2861 2786 est
2888 2731 2955 2786 ad
2995 2747 3120 2788 eum
3143 2733 3245 2788 ³¹.›
3288 2733 3428 2790 Pro-

1853 2818 1944 2872 cul
1973 2817 2143 2873 dubio
2189 2819 2304 2875 haec
2349 2821 2508 2890 quasi
2550 2820 2617 2876 de
2672 2822 2783 2878 alio
2833 2822 3064 2878 Domino
3093 2825 3210 2896 ipse
3243 2824 3430 2882 Domi-

1854 2925 1970 2967 nus
2003 2911 2301 2982 eloquitur.
2345 2911 2649 2979 Quomodo
2691 2915 2858 2986 igitur
2884 2916 3193 2972 existimari
3239 2926 3428 2989 potest

1855 3003 2102 3060 omnium
2151 3001 2322 3060 Deum
2377 3005 2492 3060 haec
2543 3005 2788 3062 dixisse?
2837 3005 2910 3062 De
2963 3022 3074 3080 quo
3122 3009 3268 3064 enim
3318 3011 3427 3065 alio

1859 3104 2058 3168 praeter
2097 3111 2224 3153 eum
2263 3097 2490 3154 Domino
2533 3100 2816 3169 pmcitata
2847 3101 3016 3157 verba
3047 3101 3196 3157 dicta
3247 3103 3422 3160 fuisse

1854 3188 2124 3258 possunt?
2161 3187 2360 3244 Verum
2391 3188 2682 3245 manifeste
2715 3197 2870 3261 patet
2901 3207 2968 3246 ex
3009 3193 3078 3249 iis
3116 3194 3277 3249 verba
3311 3195 3428 3250 haec

1851 3279 2098 3333 Omnium
2159 3278 2330 3336 Deum
2383 3295 2495 3335 non
2555 3280 2771 3338 decere.
2843 3282 3293 3341 Demonstratum
3342 3294 3429 3344 est

1862 3380 2044 3426 autem
2075 3386 2188 3427 non
2237 3373 2556 3444 angelorum
2608 3384 2818 3430 natura:
2861 3379 3178 3433 convenire.
3225 3378 3428 3450 Aperte

1857 3461 2027 3524 enim,
2057 3467 2118 3514 ut
2145 3461 2280 3526 dixi,
2312 3463 2379 3516 de
2405 3463 2723 3533 angelorum
2754 3466 3198 3524 manifestatione
3227 3484 3427 3524 narra-

1843 3554 1931 3609 -t‘io
1963 3553 2265 3625 eloquitur,
2315 3571 2505 3612 eorum
2557 3559 2988 3630 apparitionibus
3044 3561 3282 3618 dilucide
3331 3564 3428 3618 de-

1851 3647 2094 3718 scriptis.
2148 3646 2206 3702 Si
2237 3649 2404 3720 igitur
2430 3665 2608 3720 neque
2639 3652 2980 3723 angelorum,
3035 3670 3214 3725 neque
3267 3656 3424 3710 altis-

1849 3742 1975 3795 simi
2005 3749 2058 3797 et
2085 3741 2316 3797 increati
2351 3743 2596 3797 omnium
2636 3743 2731 3800 Dei
2775 3753 2988 3800 natura:
3018 3746 3134 3800 haec
3167 3747 3426 3802 videntur

1851 3843 2244 3900 consentanea,
2281 3851 2390 3891 una
2420 3853 2611 3895 eorum
2653 3846 2903 3908 superest
2947 3839 3172 3901 solutio,
3207 3841 3254 3894 si
3299 3842 3424 3912 qui-

1852 3928 1976 3984 dem
2029 3928 2557 3994 immutabilitatem,
2611 3935 2665 3986 et
2713 3928 3190 3996 inﬂexibilitatem,
3233 3940 3289 3987 et
3338 3933 3426 3986 in-

1849 4019 2226 4076 visibilitatem
2303 4022 2559 4077 increatae
2651 4035 2996 4078 reservemus
3079 4023 3424 4089 substantiae,

1848 4116 2053 4167 relatas
2083 4129 2214 4168 vero
2246 4112 2339 4168 Dei
2370 4113 2842 4171 manifestationes
2875 4115 2969 4170 Dei
3003 4115 3185 4172 Verbo
3215 4117 3428 4174 tribua-

1851 4222 1996 4270 mus,
2044 4209 2188 4278 quod
2252 4207 2523 4263 interdum
2567 4215 2620 4264 et
2664 4216 2788 4264 ante
2838 4209 3272 4265 incarnationem
3326 4227 3426 4281 pro

1849 4297 2133 4352 hominum
2167 4297 2346 4354 salute
2391 4299 2569 4353 visum
2597 4313 2742 4359 esse.
2779 4298 3168 4371 descriptaque
3221 4301 3276 4355 in
3335 4317 3426 4357 sa-

1851 4389 1962 4444 cris
2007 4387 2307 4461 Scripturis
2363 4390 2550 4445 munia
2593 4399 2912 4446 exsecutum
2947 4389 3307 4447 credidimus.
3349 4391 3425 4446 De

1853 4483 1959 4537 hoc
2007 4482 2151 4537 enim
2202 4483 2320 4537 solo
2363 4490 2486 4553 post
2515 4482 2758 4537 omnium
2793 4481 2964 4538 Deum
3008 4490 3425 4554 tetragramma-

1857 4583 1951 4630 tor.
2009 4574 2507 4630 denominationem
2563 4575 2896 4640 invenimus,
2948 4581 3008 4629 ut
3039 4573 3333 4647 Unigenito
3363 4585 3419 4631 et

1855 4666 2056 4723 haeredi
2087 4663 2268 4722 Patris
2296 4664 2531 4720 maxime
2575 4672 3024 4720 consentaneam.
3077 4664 3292 4738 Optime
3321 4666 3425 4737 igi-

1851 4764 1945 4811 tur
1979 4763 2207 4811 noverat
2233 4755 2579 4811 Abrahamus
2613 4771 2736 4826 quae
2778 4757 3017 4827 sapiens,
3057 4766 3112 4811 et
3159 4755 3424 4827 propheta

1854 4849 1920 4904 de
1967 4849 2159 4905 eodem
2210 4847 2322 4904 Deo
2379 4856 2610 4903 testatus
2658 4857 2768 4914 est,
2819 4865 2983 4904 omne
3035 4848 3248 4903 scilicet
3274 4847 3421 4919 quod

1847 4944 2121 5015 judicium
2162 4943 2312 5000 dedit
2362 4943 2502 4998 Filio
2563 4944 2746 5006 suo”,
2783 4942 2977 4999 adorat
3028 4957 3154 4998 eum
3208 4948 3264 4996 et
3319 4941 3420 4996 soli

1853 5043 2050 5108 praeter
2091 5035 2230 5092 alios
2273 5037 2409 5092 dicit
2438 5054 2453 5090 :
2489 5055 2509 5089 ι
2535 5036 2639 5104 Qui
2675 5035 2893 5106 judicas
2945 5049 3159 5092 omnem
3194 5041 3421 5098 terram,

1850 5145 2196 5201 nequaquam
2236 5129 2407 5187 facies
2445 5129 2716 5199 judicium
2747 5129 2911 5184 hoc"
2937 5147 2985 5196 ;›
3023 5127 3171 5199 quod
3199 5126 3420 5196 quidem

1849 5223 1916 5276 ad
1941 5223 2192 5294 angelum
2225 5222 2412 5278 divino
2445 5219 2629 5278 Verbo
2674 5221 2984 5291 subjectum
3039 5219 3249 5275 dictum
3297 5233 3422 5273 esse

1849 5315 2063 5384 opinari
2090 5313 2315 5370 minime
2340 5314 2551 5384 justum
2580 5321 2675 5369 aut
2704 5313 3036 5378 verisimile;
3061 5311 3228 5367 unius
3274 5311 3421 5367 enim

1849 5406 2019 5461 divini
2075 5405 2241 5461 Verbi
2293 5406 2532 5462 maxime
2587 5404 2870 5476 proprium
2905 5411 3044 5467 erat,
3091 5404 3234 5459 inter
3291 5400 3422 5470 alia,

1850 5496 1967 5551 haec
1996 5495 2217 5553 dicere:
2272 5495 2452 5550 «Num
2486 5496 2666 5551 celare
2715 5502 2905 5565 potero
2935 5492 3212 5549 Abraham
3248 5491 3420 5548 ﬁlium

1850 5604 2031 5645 meum
2075 5604 2197 5660 quae
2241 5596 2498 5662 gesturus
2527 5586 2748 5646 sum“?
2775 5607 2794 5640 ι
2852 5594 3015 5658 atque
3043 5585 3209 5658 illud:
3252 5583 3423 5641 «Scio

225 5754 263 5787 ³⁷
297 5757 427 5820 Gen.
461 5779 631 5829 xvm,
668 5766 754 5821 l9.
831 5765 877 5799 ³⁸
910 5765 1070 5821 Joan.
1107 5785 1158 5834 v,
1193 5768 1280 5823 2:2.
1360 5769 1402 5800 ³⁸
1443 5767 1577 5823 Gen.
1612 5783 1779 5833 xvm,
1809 5766 1904 5824 25.
1979 5767 2026 5802 ⁵ο
2062 5766 2192 5824 ibid.
2229 5767 2316 5823 17.

451 5861 723 5924 Ρλτιιοι.
755 5864 872 5926 Gn.
904 5862 1108 5923 XXII.

3097 5861 3174 5920 33
