3840 6222
458 350 600 410 1055

1201 340 1468 396 EUSEBII
1507 338 1986 396 CIESARIENSIS
2020 337 2169 395 OPP.
2214 337 2399 393 PARS
2435 336 3012 396 [IL—EXEGETICA.

3583 345 3709 400 £056

457 471 603 525 enim
650 466 794 538 quod
853 470 1223 536 praecepturus
1256 461 1326 516 sit
1372 459 1498 515 ﬁliis
1545 459 1682 521 suis,
1735 466 1789 514 et
1836 459 2020 514 domui

2131 474 2189 511 τε
2218 459 2312 511 καὶ
2341 456 2774 522 ἀπιθανώτατον,
2811 459 2956 530 μόνῳ
2979 459 3035 511 δὲ
3066 458 3143 530 τῷ
3174 459 3302 532 θείῳ
3331 461 3490 532 Λόγῳ
3514 463 3707 516 οἰκειό-

460 577 573 617 suae
603 567 726 631 post
751 574 830 624 se,
869 564 927 610 ut
957 554 1274 612 custodiant
1306 553 1449 607 viam
1478 551 1716 616 Domini,
1745 559 1798 604 et
1828 549 2029 606 faciant

456 651 724 723 judicium
779 657 834 703 et
877 647 1181 718 justitiam:
1237 653 1296 698 ut
1332 644 1567 699 adducat
1605 643 1869 698 Dominus
1897 659 2026 713 pro-

457 755 578 814 pter
609 742 882 798 Abraham
915 756 1034 810 qua:
1062 740 1277 794 locutus
1305 744 1389 792 est
1419 737 1486 790 ad
1515 735 1720 792 eum“.
1749 755 1767 788 ι
1817 735 2029 806 Quippe

459 839 637 904 ipsum
673 835 787 888 haec
817 833 1046 887 decebat
1077 831 1281 895 dicere,
1318 828 1606 884 docentem
1648 828 1798 898 quod
1841 828 2024 882 omnia

457 930 526 982 ab
572 926 883 986 hominibus
921 924 1175 994 religiose
1223 921 1365 976 facta
1423 921 1490 975 ad
1543 921 1717 975 solam
1763 920 1818 973 in
1856 917 2026 974 Deum

455 1019 780 1088 Patremque
828 1017 1071 1070 omnium
1103 1014 1308 1071 referre
1333 1015 1541 1084 justum
1590 1020 1708 1068 erat
1744 1013 2022 1083 pietatem,

457 1127 552 1180 per
609 1124 768 1178 quem
819 1107 875 1161 in
918 1115 1065 1162 terra
1108 1111 1538 1159 commorantem
1582 1102 1847 1181 quidquid
1896 1101 2026 1155 boni

456 1204 561 1271 piis
618 1203 672 1256 in
731 1202 1020 1256 utilitatem
1060 1207 1224 1268 atque
1257 1198 1490 1252 salutem
1557 1195 1819 1266 procedit.
1899 1192 2026 1248 Haec

458 1301 638 1348 autem
670 1291 917 1346 divinum
957 1291 1200 1361 loquitur
1229 1287 1467 1344 Verbum
1493 1288 1642 1342 velut
1669 1287 1737 1341 de
1775 1285 1881 1340 alio
1909 1283 2024 1338 Do-

457 1385 623 1447 mino,
660 1382 830 1451 ipsius
873 1381 1080 1435 scilicet
1112 1377 1272 1432 Patre
1304 1378 1559 1433 edocens.
1609 1375 1781 1441 Quem
1817 1381 1870 1428 et
1908 1374 2027 1428 sui-

439 1481 565 1554 Jnct
591 1473 883 1528 Dominum
919 1472 1083 1527 simul
1115 1480 1169 1526 et
1197 1470 1367 1525 Dcum
1399 1469 1689 1538 discipulis
1741 1466 1858 1524 suis
1890 1482 2024 1522 con-

453 1569 656 1631 litetur,
695 1565 925 1621 dicens:
978 1563 1272 1618 «Ascendo
1333 1561 1400 1615 ad
1451 1560 1669 1616 Patrem
1716 1576 1921 1623 meum,
1970 1566 2023 1614 et

448 1658 667 1712 Patrem
683 1666 946 1723 vestrum,
970 1654 1142 1710 Deum
1165 1668 1365 1714 meum,
1385 1663 1437 1707 et
1452 1652 1622 1707 Deum
1641 1660 1884 1706 vestrum
1904 1650 1970 1702 δ’.
1998 1669 2016 1701 ι

449 1746 616 1802 Plena
646 1756 728 1802 est
755 1755 938 1802 autem
967 1746 1074 1812 lex,
1108 1745 1396 1812 omnisque
1445 1742 1737 1812 Scriptura
1788 1742 2020 1812 hujusce

2135 565 2294 602 τατον
2335 548 2400 602 ἂν
2421 548 2504 619 εἴη
2541 549 2680 618 μετά
2707 549 2815 602 τῶν
2848 549 3022 603 ἄλλων
3059 550 3284 620 φάσκειν
3316 552 3411 606 καὶ
3439 554 3536 606 16°
3580 572 3598 604 ι
3626 556 3708 624 Μὴ

2135 641 2328 712 κρύψω
2349 640 2458 709 ἐγὼ
2484 640 2590 693 ἀπὸ
2618 639 2867 712 Ἀϐραὰμ
2892 640 2986 694 τοῦ
3017 642 3203 706 παιδός
3225 661 3327 714 μου
3347 643 3506 712 ἆέγὼ
3525 645 3704 708 ποιὰ»

2135 735 2230 788 καὶ
2290 735 2350 787 τό
2378 749 2390 763 ·
2428 753 2446 785 ι
2486 734 2672 805 ’ᾙδειν
2717 733 2825 805 γὰρ
2855 733 2937 786 ὅτι
2967 734 3215 801 συντάξει
3239 738 3350 799 τοῖς
3385 737 3520 800 υἱοῖς
3555 737 3710 790 αὑτοῦ

2134 827 2227 879 καὶ
2274 826 2352 897 τῷ
2395 827 2526 896 οἴκῳ
2571 825 2736 878 αὐτοῦ
2783 826 2900 896 μετ’
2933 825 3114 890 αὐτὸν,
3163 828 3254 878 καὶ
3295 825 3591 896 φυλάξουσι
3623 829 3712 888 τὰς

2133 917 2287 980 ὁδοὺς
2312 917 2518 989 Κυρίου
2547 920 2722 969 ποιεῖν
2749 916 3091 986 δικαιοσύνην
3115 918 3207 970 καὶ
3233 919 3433 988 κρίσιν,
3472 919 3623 981 ὅπως
3651 918 3712 971 ἃν

2135 1008 2387 1080 ἐπαγάγῃ
2414 1009 2616 1080 Κύριος
2644 1009 2735 1062 ἐπὶ
2764 1008 3014 1079 Ἀϐραὰμ
3033 1008 3068 1062 ἃ
3094 1009 3318 1079 ἐλάλησε
3348 1011 3486 1081 πρὸς
3499 1011 3706 1064 αὐτόν.)

2138 1104 2244 1158 Καὶ
2277 1104 2476 1176 πρέπει
2504 1122 2568 1174 γε
2601 1103 2748 1175 αὑτῷ
2770 1103 2944 1157 ταῦτα
2982 1105 3158 1173 λέγειν
3192 1105 3518 1167 παιδεύοντι,
3545 1105 3626 1156 ὅτι
3653 1105 3711 1174 δὴ

2133 1199 2309 1252 πάντα
2331 1196 2401 1251 τά
2425 1197 2484 1264 ἐξ
2511 1197 2812 1270 ἀνθρώπων
2839 1197 3000 1261 ὁσίως
3023 1197 3273 1270 δρώμενα
3301 1199 3390 1260 εἰς,
3417 1198 3589 1269 μόνην
3621 1199 3713 1266 τὴν

2129 1288 2223 1342 τοῦ
2257 1287 2391 1342 Θεοῦ
2423 1290 2515 1342 καὶ
2541 1289 2753 1360 Πατρὸς
2774 1288 2881 1342 τῶν
2908 1289 3042 1341 ὅλων
3067 1288 3358 1358 ἀναφέρειν
3376 1287 3536 1358 θέμις
3559 1288 3712 1340 εὐσέ-

2133 1383 2305 1446 ϐειαν,
2341 1383 2469 1453 παρ’
2514 1375 2574 1434 οὗ
2605 1382 2697 1434 ἐπὶ
2729 1381 2832 1451 γῆς
2851 1380 3002 1442 ὄντος
3025 1379 3133 1432 τῶν
3165 1377 3385 1446 ἀγαθῶν
3416 1378 3488 1432 τά
3539 1380 3715 1432 πάντα

2128 1473 2242 1534 τοῖς
2264 1470 2539 1524 εὐσεϐέσιν
2564 1473 2643 1534 είς
2664 1470 2929 1540 ὠφέλειάν
2945 1487 3006 1522 τε
3040 1470 3133 1523 καὶ
3158 1469 3428 1541 σωτηρίαν
3460 1473 3712 1540 χορηγεῖ-

2129 1579 2217 1615 ται
2244 1579 2257 1592 ·
2290 1561 2463 1614 ταῦτα
2483 1562 2538 1615 δέ
2558 1564 2586 1615 6
2621 1561 2761 1626 θεῖός
2791 1579 2925 1633 φησι
2948 1562 3115 1630 Λόγος
3135 1561 3210 1624 ώς
3227 1561 3357 1631 περὶ
3379 1561 3569 1628 ἐτέρου
3599 1563 3712 1614 Κυ-

2130 1653 2246 1723 ρίου
2281 1651 2373 1705 τοῦ
2414 1652 2607 1706 ἐαυτοῦ
2641 1652 2854 1724 Πατρός
2876 1652 3163 1706 διδάσκων·
3195 1651 3288 1705 καὶ
3314 1651 3423 1723 γὰρ
3453 1653 3549 1704 καὶ
3593 1653 3716 1705 ἐαυ-

2127 1744 2222 1797 τοῦ
2257 1743 2460 1815 Κύριόν
2503 1761 2563 1796 τε
2596 1743 2690 1796 καὶ
2732 1743 2864 1797 Θεὸν
2901 1743 3062 1796 αὑτὸν
3104 1742 3356 1813 ὁμολογεῖ
3394 1743 3535 1814 πρὸς
3593 1746 3717 1807 τοὺς

454 1838 666 1892 Domini
699 1856 718 1887 ι
746 1837 1134 1900 characteris,»
1174 1834 1415 1895 scilicet,
1441 1833 1610 1887 divini
1641 1831 1824 1900 Verbi,
1851 1834 2015 1902 quasi

2130 1835 2287 1898 ίδίους
2328 1835 2594 1906 μαθητὰς,
2620 1854 2639 1886 ‹
2662 1835 3006 1907 Ἀνέρχομαι,
3038 1835 3281 1904 φάσκων,
3320 1837 3458 1908 πρὸς
3483 1838 3577 1890 τὸν
3606 1839 3717 1891 Πα-

452 1933 519 1986 de
558 1932 664 1985 alio
693 1929 925 1984 Domino
948 1928 1246 1998 loquentis,
1271 1927 1364 1998 qui
1394 1926 1555 1982 Pater
1583 1927 1703 1996 ejus
1735 1925 2022 1981 manifeste

450 2031 553 2080 est.
584 2022 716 2089 Quae
746 2021 966 2092 quidem
1002 2036 1128 2076 cum
1157 2021 1326 2074 multa
1353 2027 1407 2075 et
1448 2018 1884 2090 profundissima
1913 2019 2024 2075 sint

450 2116 802 2171 meditatione
861 2114 1047 2185 digna,
1096 2113 1164 2168 ad
1208 2128 1449 2184 praascns
1497 2113 1836 2184 propositum
1887 2114 2024 2169 satis

451 2223 573 2263 esse
599 2208 814 2277 opinor.

2129 1929 2261 2000 τέρα
2282 1945 2382 1998 μου
2422 1928 2513 1980 καὶ
2548 1926 2770 1998 Πατέρα
2798 1926 2972 1997 ὑμῶν,
3008 1927 3102 1979 καὶ
3131 1927 3263 1980 Θεόν
3297 1945 3399 1999 μου
3439 1931 3538 1983 καὶ
3568 1929 3703 1983 Θεὸν

2132 2022 2303 2091 ὑμῶν.
2341 2041 2359 2073 ι
2393 2022 2756 2092 Πεπλήρωται
2779 2021 2825 2073 δ’
2857 2022 2884 2074 ὃ
2917 2037 2974 2073 τε
3007 2020 3169 2090 νόμος
3202 2023 3295 2075 καὶ
3331 2023 3486 2078 πᾶσα
3522 2023 3713 2096 Γραφὴ

2131 2115 2223 2168 τοῦ
2267 2115 2471 2169 τοιοῦδε
2513 2115 2858 2187 χαρακτῆρος
2886 2114 2980 2169 τοῦ
3015 2116 3244 2187 Κυρίου,
3271 2114 3417 2168 τοῦτ’
3442 2115 3591 2168 ἑστιν
3625 2115 3718 2168 τοῦ

2133 2206 2277 2259 θείου
2310 2206 2504 2274 Λόγου,
2551 2206 2627 2268 ὡς
2668 2206 2795 2277 περὶ
2830 2206 3015 2277 ἐτέρου
3057 2206 3261 2277 Κυρίου
3302 2205 3715 2276 διαλεγομένου,

451 2304 512 2375 (Γ.
547 2302 601 2374 8)
627 2302 783 2373 δῆλον
808 2303 853 2355 δ’
883 2301 964 2354 ὅτι
985 2299 1078 2353 τοῦ
1110 2299 1340 2370 Πατρός.
1366 2298 1571 2369 Πολλῆς
1601 2299 1656 2352 δέ
1677 2299 1772 2351 καὶ
1791 2297 2096 2370 βαθυτάτης
2120 2301 2389 2373 δεομένων
2420 2301 2650 2374 θεωρίας
2712 2300 2818 2354 τῶν
2841 2300 2980 2354 κατά
3041 2302 3158 2354 τὸν.
3192 2301 3376 2367 τόπον,
3409 2299 3571 2352 ἱκανὰ
3627 2307 3717 2357 καὶ

447 2395 620 2448 ταῦτα
653 2394 788 2465 πρὸς
815 2393 910 2465 τὴν
943 2390 1220 2462 παροῦσαν
1256 2390 1530 2444 ὑπόθεσιν.

1051 2503 1279 2560 CAPUT
1337 2504 1426 2559 IV.

526 2625 544 2656 ‹
577 2604 641 2656 Et
674 2602 808 2673 fugit
863 2603 1007 2673 Agar
1041 2617 1070 2653 a
1110 2599 1248 2654 facie
1297 2601 1417 2670 ejus
1443 2601 1510 2666 ⁸³,
1551 2619 1568 2652 ι
1606 2599 1763 2654 Sarai
1796 2599 2026 2663 scilicet,

448 2702 508 2749 ut
538 2692 887 2748 manifestum
941 2701 1045 2757 est,
1094 2707 1112 2740 ι
1152 2705 1386 2759 cumque
1417 2689 1720 2744 invenisset
1779 2704 1896 2744 eam
1928 2704 2029 2743 an-

445 2787 598 2856 gelus
647 2784 859 2838 Domini
911 2784 1064 2852 juxta
1121 2785 1325 2837 fontem
1375 2796 1529 2850 aquae
1551 2781 1618 2835 ⁵⁸⁸.
1659 2801 1676 2833 ι
1713 2779 2026 2836 Secundum

446 2878 677 2947 legimus
712 2877 766 2930 in
791 2877 859 2931 iis
885 2892 1005 2944 quae
1036 2883 1376 2944 sequuntur:
1415 2892 1433 2924 ι
1457 2872 1603 2926 Dixit
1631 2872 1696 2926 ad
1749 2873 1898 2926 illam
1929 2888 2026 2925 an-

2659 2502 3053 2555 ΚΕΦΑΛΑΙΟΝ
3108 2501 3180 2555 Δ’.

2207 2612 2225 2644 ι
2268 2595 2376 2647 Καὶ
2399 2594 2608 2666 ἀπέδρα
2637 2595 2816 2666 ’Ἅγαρ
2844 2595 2952 2647 ἀπὸ
2974 2593 3264 2666 προσώπου
3291 2595 3484 2666 αὐτῆς,
3515 2614 3534 2646 ι
3561 2594 3716 2665 δῆλον

2129 2685 2209 2737 ὅτι
2243 2686 2341 2756 τῆς
2371 2684 2614 2758 Σάρρας·
2664 2705 2682 2738 ι
2707 2679 2834 2758 εὗρε
2865 2687 2923 2739 δέ
2944 2686 3113 2758 αὐτὴν
3137 2686 3365 2756 ἄγγελος
3389 2687 3596 2759 Κυρίου
3628 2687 3714 2738 ἐπὶ

2129 2777 2227 2848 τῆς
2261 2779 2445 2848 πηγῆς
2489 2777 2584 2830 τοῦ
2622 2777 2846 2841 ὓδατος·
2885 2797 2904 2830 ι
2949 2779 3042 2832 καὶ
3074 2781 3131 2832 ἐν
3165 2783 3276 2843 τοῖς
3313 2779 3441 2850 ἑξῆς
3468 2778 3715 2852 δεύτερον

2129 2866 2366 2940 εἴρηται·
2403 2888 2420 2921 ι
2446 2865 2612 2924 Εἶπεν
2670 2870 2728 2924 δὲ
2756 2872 2892 2942 αὐτῇ
2934 2873 2964 2924 6
3005 2872 3232 2940 ἄγγελος
3280 2873 3510 2943 Κυρίουο
3542 2891 3562 2924 ι
3622 2873 3713 2925 καὶ

447 2970 601 3037 gelus
631 2967 853 3022 Domini
885 2967 932 2998 ⁸⁸
959 2986 975 3033 ;
1017 2985 1034 3018 ι
1065 2973 1120 3020 et
1178 2967 1398 3020 tertium
1429 2983 1442 3020 :
1481 2983 1500 3016 ι
1527 2963 1674 3020 Dixit
1715 2964 1765 3019 ei
1798 2964 2020 3036 angelus

2130 2963 2310 3036 τρίτον
2336 2963 2411 3015 δέ’
2443 2982 2461 3014 ‹
2481 2959 2647 3016 Εἶπεν
2681 2963 2816 3034 αὐτῇ
2843 2963 2871 3015 6
2905 2963 3132 3032 ἀγγελος
3154 2953 3384 3035 Κυρίου·
3417 2963 3708 3034 Πληθύνων

446 3061 706 3116 Domini:
739 3060 1106 3130 Multiplicans
1183 3057 1559 3128 multiplicabo
1597 3071 1783 3112 semen
1841 3064 2018 3122 tuum,

444 3163 499 3208 et
529 3167 639 3208 non
667 3152 1044 3205 numerabitur
1095 3165 1208 3221 prae
1237 3149 1587 3206 multitudine
1609 3149 1676 3205 “.
1721 3168 1740 3202 ›
1794 3148 1860 3202 Ει
1892 3164 2021 3202 rur-

425 3256 569 3296 sum
601 3255 616 3292 :
649 3259 667 3290 ι
703 3238 847 3293 Dixit
873 3240 922 3294 ei
955 3240 1181 3310 angelus
1238 3238 1454 3293 Domini
1487 3254 1501 3290 :
1531 3239 1667 3294 Ecce
1721 3238 2020 3308 concepisti

447 3341 500 3384 et
528 3329 704 3400 paries
735 3328 904 3382 ﬁlium
941 3343 954 3379 :
987 3329 1317 3396 vocabisque
1341 3343 1537 3382 nomen
1557 3327 1678 3397 ejus
1707 3327 1920 3392 lsmael,
1955 3342 2022 3382 eo

446 3417 593 3488 quod
639 3416 870 3472 audierit
931 3416 1194 3472 Dominus
1258 3417 1608 3471 aﬂlictionem
1631 3425 1779 3471 tuam
1802 3417 1869 3471 δ’.
1899 3436 1918 3468 ›
1955 3416 2022 3471 Et

424 3524 697 3566 sermone
739 3508 989 3564 absoluto
1027 3508 1266 3563 dicitur:
1304 3528 1322 3560 ι
1355 3507 1578 3564 Vocavit
1617 3519 1797 3564 autem
1821 3524 2020 3564 nomen

445 3600 685 3665 Domini,
721 3600 816 3670 qui
855 3599 1178 3669 loquebatur
1228 3600 1294 3654 ad
1333 3615 1451 3655 eam
1479 3619 1490 3654 :
1519 3599 1600 3653 Tu
1631 3599 1775 3655 Deus
1813 3600 1908 3670 qui
1945 3600 2023 3655 vi-

445 3692 573 3748 disti
614 3706 700 3746 me
729 3691 795 3744 ⁵³.
829 3710 848 3742 ›
891 3690 1120 3746 Etiamsi
1179 3705 1282 3745 nec
1342 3691 1399 3744 in
1441 3698 1645 3746 sanctae
1687 3691 2018 3746 narrationis

431 3783 604 3838 initio
653 3783 914 3839 Dominus
964 3784 1278 3839 nominatus
1322 3781 1520 3838 fuisset
1551 3783 1695 3854 Agar
1724 3783 1880 3839 visus
1931 3798 2020 3839 er-

445 3877 614 3940 ranti,
642 3895 660 3926 ι
693 3877 902 3930 vocavit
940 3885 1122 3930 autem
1152 3892 1350 3931 nomen
1381 3873 1596 3930 Domini
1635 3876 1730 3946 qui
1759 3876 2022 3946 loqueba-

444 3974 537 4020 tur
569 3965 634 4020 ad
657 3981 798 4032 eam,
831 3985 849 4016 ι
886 3967 930 4021 si
953 3967 1077 4035 quis
1101 3966 1430 4021 contendere
1467 3966 1594 4019 velit
1640 3966 1710 4020 ab
1747 3967 1890 4037 Agar
1920 3982 2018 4020 an—

429 4059 624 4130 -gelum
649 4057 785 4112 falso
816 4059 972 4128 quasi
999 4058 1167 4113 Deum
1199 4058 1439 4112 habitum
1471 4072 1624 4125 esse;
1662 4073 1807 4112 nunc
1836 4065 2019 4112 autem

435 4159 677 4206 testatur
743 4149 1028 4220 Scriptura
1093 4149 1382 4205 Dominum
1421 4165 1563 4214 esse,
1599 4151 1693 4220 qui
1741 4165 1838 4220 per
1880 4164 2019 4220 pree-

2124 3053 2379 3126 πληθυνῶ
2405 3054 2466 3107 τὸ
2495 3053 2719 3124 σπέρμα
2742 3070 2858 3118 σου,
2887 3054 2981 3106 καὶ
3007 3054 3106 3106 οὐκ
3143 3054 3581 3125 ἀριθμηθὴσετει
3599 3058 3707 3111 ἀπὸ

2122 3146 2216 3202 τοῦ
2247 3146 2500 3219 πλήθους
2527 3165 2544 3198 ι
2578 3147 2672 3199 καὶ
2701 3142 2877 3212 αὖθις·
2912 3142 3106 3199 «Εἶπεν
3125 3147 3259 3217 αὐτῇ
3283 3149 3312 3200 6
3335 3147 3569 3216 ἄγγελος
3596 3149 3707 3201 Hu-

2125 3241 2264 3312 ρίουο
2301 3240 2429 3294 Ἰδοὺ
2467 3240 2530 3292 σὺ
2561 3241 2618 3292 ἐν
2645 3239 2844 3311 γαστρὶ
2863 3239 3025 3305 ἕξεις,
3051 3239 3145 3292 καὶ
3178 3238 3309 3312 τέξῃ
3332 3240 3468 3306 υἱὸν,
3503 3240 3598 3294 καὶ
3615 3258 3708 3294 κα-

2122 3332 2303 3395 λέσεις
2329 3331 2388 3384 τὸ
2413 3331 2582 3402 ὄνομα
2621 3330 2784 3383 αὑτοῦ
2818 3330 3059 3400 Ἰομαήλ·
3083 3329 3163 3383 ὅτι
3195 3331 3470 3402 ἐπήκουσε
3503 3319 3702 3404 Κύριος

2121 3427 2189 3495 τῇ
2229 3422 2555 3476 ταπεινώσει
2587 3439 2704 3475 σουο
2738 3441 2756 3474 ι
2791 3421 2884 3474 καὶ
2923 3421 3059 3492 μετά
3093 3421 3302 3484 πάντας
3343 3423 3472 3485 τοὺς
3513 3422 3701 3491 λόγοκ

2123 3516 2356 3587 εἴρηταισ
2395 3534 2413 3566 ι
2441 3515 2550 3568 Καὶ
2570 3515 2828 3569 ἐκάλεσεν
2853 3515 2914 3566 τὸ
2940 3513 3111 3584 ὄνομα
3135 3513 3340 3585 Κυρίου
3363 3514 3461 3567 τοῦ
3489 3515 3708 3568 λαλοῦν-

2120 3623 2212 3670 τος
2243 3606 2380 3679 πρὸς
2416 3607 2602 3679 αὑτήν
2639 3607 2710 3659 Σὺ
2735 3605 2868 3668 Θεὸς
2910 3607 2939 3659 6
2987 3605 3185 3658 ἐπιδών
3226 3622 3312 3676 με.
3360 3624 3378 3656 ι
3402 3605 3466 3658 Εἰ
3506 3607 3582 3677 μὴ
3613 3608 3705 3658 καὶ

2122 3700 2230 3754 ἀπὸ
2275 3697 2567 3770 προσώπου
2611 3699 2709 3769 τῆς
2742 3699 2892 3768 ἱερᾶς
2935 3699 3157 3770 Γραφῆς
3181 3698 3389 3768 Κύριος
3427 3697 3718 3768 ώνόμαστο

2125 3794 2192 3862 τῇ
2234 3790 2410 3860 Ἀγαρ
2437 3789 2724 3858 ἐπιφανεὶς
2752 3779 3006 3862 ἀλωμένῃ
3042 3792 3098 3842 ὲν
3134 3789 3232 3860 τῷ·
3271 3809 3290 3840 ι
3316 3790 3428 3842 Καὶ
3456 3790 3716 3844 ἐκάλεσεν

2120 3883 2181 3934 τὸ
2195 3881 2366 3952 ὄνομα
2382 3879 2584 3953 Κυρίου
2607 3880 2701 3934 τοῦ
2721 3880 3006 3942 λαλοῦντος
3029 3881 3164 3952 πρὸς
3185 3881 3377 3952 αὐτὴν,
3410 3900 3428 3932 ι
3477 3883 3587 3934 κᾶν
3611 3883 3716 3934 ὑπ-

2121 3972 2278 4025 έλαϐέ
2296 3989 2380 4036 τις
2403 3973 2500 4042 τὴν
2525 3973 2702 4044 Ἀγαρ
2713 3972 2842 4025 Θεὸν
2866 3973 3214 4044 ἐσφαλμένως
3243 3972 3609 4045 ὑπειληφέναι
3629 3973 3720 4028 τὸν

2119 4063 2368 4132 ἄγγελον·
2404 4063 2520 4116 νυνὶ
2548 4063 2605 4117 δέ
2635 4067 2667 4134 ἡ
2705 4063 2893 4135 Γραφὴ
2933 4069 3218 4137 μαρτυρεῖ,
3242 4066 3326 4118 ὅτι
3345 4065 3559 4137 Κύριος
3591 4063 3662 4138 ἦν
3691 4069 3720 4119 6

2117 4153 2204 4205 διὰ
2226 4152 2321 4206 τοῦ
2349 4155 2842 4226 προωνομασμένου
2877 4155 3230 4228 χρηματίζων
3267 4158 3537 4226 ἀγγέλου,
3559 4159 3629 4213 δι’
3659 4152 3719 4212 οὗ

444 4243 650 4296 dictum
674 4242 923 4312 angelum
955 4243 1107 4298 visus
1158 4249 1296 4307 erat,
1337 4257 1433 4312 per
1471 4257 1632 4312 quem
1664 4249 1724 4294 ut
1754 4230 2016 4296 Dominus

2130 4243 2214 4296 Ξιτε
2247 4244 2452 4317 Κύριος
2482 4247 2578 4300 καὶ
2608 4245 2738 4311 Θεὸς
2773 4246 2849 4300 ὢν
2880 4247 3196 4319 πρεπόντως
3226 4249 3408 4320 ἐαυτῷ
3446 4250 3607 4320 ἔλεγε
3635 4250 3715 4305 τό-

427 4343 496 4390 et
547 4333 710 4398 Deus,
747 4344 804 4388 ut
860 4336 1038 4404 ipsum
1090 4334 1332 4398 decebat,
1377 4334 1553 4389 dixit:
1590 4353 1609 4381 ‹
1646 4331 2016 4404 Multiplicans

2130 4355 2143 4385 ι
2184 4335 2475 4406 Πληθύνων
2525 4337 2780 4408 πληθυνῶ
2811 4338 2872 4391 τὸ
2909 4317 3129 4411 σπέρμα
3167 4357 3282 4393 σου·
3337 4317 3580 4396 ’-τοῦτο
3612 4343 3719 4412 γὰρ

441 4425 818 4496 multiplicabo
865 4441 1048 4481 semen
1095 4435 1268 4479 tuum.
1303 4445 1322 4476 ›
1379 4423 1492 4479 Hoc
1547 4425 1690 4480 enim
1725 4423 1819 4480 Dei
1853 4425 2017 4480 unius

2130 4426 2238 4498 Θεῷ
2266 4427 2410 4499 μόνῳ
2436 4427 2662 4499 ἁρμόζοι
2689 4428 2754 4482 ἂν
2783 4428 2980 4498 λέγειν,
3012 4431 3194 4483 οὐκέτι
3221 4431 3278 4484 δὲ
3318 4433 3418 4484 καὶ
3461 4433 3716 4504 ἀγγέλῳ·

431 4526 591 4572 esset
637 4518 841 4583 dicere,
885 4533 996 4572 non
1039 4518 1151 4587 jam
1205 4519 1401 4588 angeli.
1451 4517 1568 4584 Qua
1605 4515 1827 4588 quidem
1880 4533 2016 4573 voce

2130 4517 2291 4588 τούτῳ
2317 4519 2362 4571 δ’
2392 4516 2459 4571 αὖ
2492 4517 2575 4589 τῷ,
2600 4520 2805 4592 ῥήματι
2831 4522 2924 4573 καὶ
2951 4522 3050 4591 τὴν
3080 4519 3260 4593 Ἅγαρ
3303 4523 3457 4588 εἰκός
3490 4527 3721 4596 Zama-.1}-

440 4608 638 4663 edocta
668 4610 812 4680 Agar
858 4609 960 4664 sibi
1017 4625 1142 4663 cum
1183 4608 1292 4665 Deo
1353 4611 1470 4666 solo
1518 4611 1624 4665 tale
1675 4610 2012 4681 colloquium

2130 4628 2309 4676 τασαν,
2341 4613 2590 4666 συνεῖσάν
2609 4631 2668 4666 τε
2693 4615 2776 4667 ὅτι
2800 4614 2962 4684 μόνου
2979 4614 3114 4668 Θεοῦ
3135 4616 3332 4683 γένοιτ’
3351 4616 3470 4690 ἂνὴ
3487 4620 3720 4689 τοιαύτη

428 4715 584 4764 esse,
613 4718 632 4750 ‹
670 4698 751 4755 Tu
779 4699 943 4764 Deus,
991 4702 1086 4765 ait,
1139 4702 1231 4771 qui
1247 4701 1436 4756 vidisti
1468 4715 1574 4756 me.
1615 4721 1632 4752 ι
1661 4700 1768 4755 Sed
1801 4708 1856 4756 et
1885 4716 2010 4754 rur-

441 4807 560 4854 sus,
586 4805 710 4845 cum
765 4789 905 4861 fugit
936 4805 1121 4845 secum
1160 4790 1367 4846 habens
1394 4790 1563 4846 filium
1590 4791 1854 4859 scriptum
1879 4798 1965 4845 est
1997 4809 2012 4842 :

447 4902 466 4932 ι
501 4881 834 4952 Vocavitque
867 4883 1091 4953 angelus
1136 4881 1232 4937 Dei
1261 4882 1404 4954 Agar
1439 4881 1506 4937 de
1528 4882 1668 4937 coelo
1692 4883 1757 4947 ‘9,
1798 4900 1816 4931 ι
1844 4881 2011 4935 dixit-

440 4992 548 5047 que
575 4978 625 5032 ei
653 4993 773 5048 qua:
794 4975 1126 5041 referuntur,
1154 4977 1207 5030 in
1226 4976 1424 5046 quibus
1453 4987 1506 5030 et
1530 4975 1662 5029 illud
1695 4991 1707 5026 :
1740 4993 1758 5025 ι
1796 4973 1855 5028 In
1881 4989 2012 5045 gen-

443 5076 551 5122 tcm
584 5083 835 5138 magnam
871 5067 1062 5121 faciam
1098 5083 1221 5122 eum
1258 5069 1343 5135 ⁶⁰;
1379 5089 1396 5120 ρ
1427 5077 1672 5138 apertum
1692 5075 1776 5123 est
1804 5068 1919 5121 haec
1944 5067 2011 5122 dc

441 5175 612 5228 puero
638 5157 858 5226 dicere;
889 5159 1033 5229 quod
1063 5161 1132 5214 ab
1162 5161 1353 5230 angelo
1401 5159 1607 5214 dictum
1639 5159 1864 5213 minime
1895 5173 2013 5213 cre-

441 5250 700 5316 dendum,
729 5250 823 5305 Dei
846 5251 989 5304 enim
1023 5251 1242 5322 propria
1300 5250 1642 5306 denuntiatio
1698 5257 1803 5305 est.
1837 5247 2011 5318 Cujus

439 5343 606 5411 igitur
636 5342 852 5398 Domini
871 5358 1071 5397 nomen
1103 5343 1318 5398 vocavit
1363 5345 1545 5414 Agar:
1583 5363 1600 5395 ι
1636 5343 1717 5396 Tu
1748 5342 1890 5396 Deus
1919 5342 2012 5410 qui

439 5431 624 5486 vidisti
651 5447 756 5498 me,
781 5451 798 5482 ι
820 5446 942 5486 cum
972 5438 1024 5504 et
1048 5431 1121 5485 ibi
1145 5429 1492 5485 Hebraeorum
1523 5435 2011 5500 tetragrammaton

441 5521 723 5591 Scriptura
774 5522 977 5579 referat
1019 5524 1251 5579 nomen?
1299 5522 1580 5578 Przedictis
1605 5523 1803 5594 quippe
1834 5521 2013 5576 mani-

2116 4699 2286 4770 φωνὴ,
2325 4703 2621 4774 εἰρηκέναι·
2660 4705 2808 4756 (Ὅτι
2838 4705 2900 4756 σὺ
2935 4705 3065 4768 Θεὸς
3093 4708 3121 4758 6
3151 4706 3354 4760 ἐπιδών
3394 4727 3488 4778 με·
3530 4729 3550 4762 ›
3586 4709 3724 4764 ἀλλὰ

2113 4793 2207 4844 καὶ
2235 4792 2512 4864 δεύτερον,
2545 4796 2634 4847 ὅτε
2665 4797 3050 4867 ἀποδιδράσκει
3096 4797 3216 4869 μεθ’
3252 4800 3466 4869 ἑαυτῆς
3518 4803 3722 4872 ἔχουσα

2113 4883 2208 4963 τὸν
2242 4883 2374 4948 υἱὸν,
2402 4886 2731 4955 γέγραπται·
2756 4905 2774 4937 ι
2815 4887 3102 4941 Ἐκάλεσεν
3121 4889 3176 4942 δὲ
3196 4890 3433 4958 ἄγγελος
3452 4893 3554 4945 τοῦ
3578 4893 3719 4946 Θεοῦ

2117 4977 2214 5047 τὴν
2248 4979 2425 5051 Ἀγαρ
2451 4983 2515 5033 ἐκ
2543 4981 2634 5034 τοῦ
2668 4981 2922 5050 οὐρανοῦ,
2953 5001 2971 5033 ›
3015 4984 3109 5035 καὶ
3138 4977 3292 5036 εἶπεν
3321 4985 3465 5056 αὐτῇ
3491 4985 3562 5038 τὰ
3590 4987 3722 5038 me

2117 5072 2497 5141 γεγραμμένα,
2535 5074 2592 5125 ἐν
2635 5067 2716 5135 οἷς
2767 5075 2913 5127 ἐστιν
2952 5075 3047 5127 καὶ
3091 5075 3175 5127 τό⁶
3226 5095 3244 5127 ι
3294 5077 3393 5140 Εἰς
3421 5076 3535 5149 γὰρ
3564 5077 3716 5138 ἔθνος

2121 5162 2330 5231 ποιήσω
2361 5163 2511 5215 αὑτόο
2541 5183 2559 5215 ι
2599 5165 2758 5238 δῆλσισ
2791 5167 2836 5219 δ’
2863 5168 2944 5220 ὃτι
2985 5168 3047 5220 τὸ
3078 5169 3312 5221 παιδίον·
3348 5171 3491 5240 ὅπερ
3525 5171 3711 5222 οὐκέτι

2118 5250 2209 5303 τὸν
2243 5250 2470 5320 ἄγγελον
2502 5254 2814 5321 ἀξιόπισττν
2845 5256 2911 5310 ἂν
2950 5257 3036 5327 εἴη
3062 5257 3271 5326 λέγειν,
3294 5258 3435 5312 Θεοῦ
3465 5261 3576 5330 γάρ
3605 5260 3708 5311 πά-

2119 5342 2202 5395 λιν
2225 5346 2258 5415 ὴ
2281 5345 2600 5414 ἐπαγγελία.
2633 5349 2790 5412 Τίνος
2821 5345 2912 5402 οὖν
2943 5351 3149 5421 Κυρίου
3173 5349 3438 5405 ἐκάλεσεν
3462 5356 3498 5423 ἡ
3533 5355 3707 5420 Ἅγαρ

2118 5433 2373 5505 τοῦνομα·
2421 5457 2437 5486 ι
2478 5439 2548 5491 Σὺ
2576 5441 2603 5492 6
2629 5439 2761 5503 Θεὸς
2807 5443 2834 5494 6
2880 5440 3078 5494 ἐπιδών
3106 5459 3194 5513 με,
3233 5462 3249 5494 ι
3296 5444 3580 5498 κάνταῦθα
3607 5442 3704 5510 τῇς

2120 5524 2343 5598 Γραφῆς
2377 5530 2469 5580 ἐπὶ
2525 5531 2618 5584 τοῦ
2682 5534 2886 5604 Κυρίου
2946 5534 3008 5586 τὸ
3067 5537 3504 5607 τετράγραμμον
3575 5536 3701 5606 παρ’

504 5695 554 5774 ξξ
591 5695 910 5774 ιξεα.-ιινιιι.
943 5699 1038 5774 19.
1112 5699 1157 5732 ⁴²
1195 5699 1352 5774 Joan.
1393 5715 1484 5774 xx,
1521 5700 1632 5774 i_7_._
1683 5698 1899 5774 ‘f_Gen.
1931 5719 2018 5761 xv:

2197 5707 2243 5739 ιι
2277 5707 2410 5762 ibid.
2448 5708 2498 5763 7.
2576 5710 2620 5741 ιι
2658 5710 2788 5766 ibid.
2824 5709 2877 5766 9.
2955 5711 3272 5768 “ibidJO.
3353 5713 3398 5747 ιτ
3444 5711 3573 5770 ibid.
3614 5669 3699 5764 ii.

435 5763 480 5797 ⁸⁸
520 5765 650 5819 ἱιὺιιι.
689 5767 773 5820 15.
851 5767 896 5800 ⁴⁹
935 5767 1070 5826 Gen.
1109 5786 1234 5836 xxI,
1271 5770 1356 5825 17.
1436 5771 1482 5801 ⁵ο
1524 5769 1654 5825 ibid.
1695 5770 1784 5826 18.
