  <div class='ocr_page' id='page_1' title='image "/cluster/home/n/w/nwhite01/storage/ocr_20150623/22/nnc1.0046978372/572.png"; bbox 0 0 3840 6222; ppageno 0'>
   <div class='ocr_carea' id='block_1_1' title="bbox 154 280 287 340">
    <p class='ocr_par' dir='ltr' id='par_1_1' title="bbox 154 280 287 340">
     <span class='ocr_line' id='line_1_1' title="bbox 154 280 287 340; baseline -0.015 -2"><span class='ocrx_word' id='word_1_1' title='bbox 154 280 287 340; x_wconf 69' lang='grc'><strong>105⁸1</strong></span> 
     </span>
    </p>
   </div>
   <div class='ocr_carea' id='block_1_2' title="bbox 1188 225 2487 330">
    <p class='ocr_par' dir='ltr' id='par_1_2' title="bbox 1188 225 2487 330">
     <span class='ocr_line' id='line_1_2' title="bbox 1188 225 2487 330; baseline -0.005 0"><span class='ocrx_word' id='word_1_2' title='bbox 1188 271 1486 330; x_wconf 65' lang='lat' dir='ltr'><strong>ECLOGIE</strong></span> <span class='ocrx_word' id='word_1_3' title='bbox 1526 259 2020 327; x_wconf 71' lang='lat' dir='ltr'><strong>PROPllETlCAS.</strong></span> <span class='ocrx_word' id='word_1_4' title='bbox 2062 303 2130 311; x_wconf 88' lang='lat'><em>_</em></span> <span class='ocrx_word' id='word_1_5' title='bbox 2169 268 2299 323; x_wconf 83' lang='lat' dir='ltr'><strong>Lm.</strong></span> <span class='ocrx_word' id='word_1_6' title='bbox 2345 267 2383 323; x_wconf 83' lang='grc' dir='ltr'><strong>ι.</strong></span> <span class='ocrx_word' id='word_1_7' title='bbox 2480 225 2487 233; x_wconf 71' lang='grc'><strong>’</strong></span> 
     </span>
    </p>
   </div>
   <div class='ocr_carea' id='block_1_3' title="bbox 3306 262 3453 328">
    <p class='ocr_par' dir='ltr' id='par_1_3' title="bbox 3306 262 3453 328">
     <span class='ocr_line' id='line_1_3' title="bbox 3306 262 3453 328; baseline 0.048 -7"><span class='ocrx_word' id='word_1_8' title='bbox 3306 263 3333 321; x_wconf 75' lang='grc'><strong><em>1</em></strong></span> <span class='ocrx_word' id='word_1_9' title='bbox 3342 262 3453 328; x_wconf 70' lang='grc'><strong>058</strong></span> 
     </span>
    </p>
   </div>
   <div class='ocr_carea' id='block_1_4' title="bbox 150 388 1749 475">
    <p class='ocr_par' dir='ltr' id='par_1_4' title="bbox 150 393 1747 473">
     <span class='ocr_line' id='line_1_4' title="bbox 150 393 1747 473; baseline -0.006 -18"><span class='ocrx_word' id='word_1_10' title='bbox 150 397 634 473; x_wconf 63' lang='grc' dir='ltr'>Ἕϐραιοίεόνσμα</span> <span class='ocrx_word' id='word_1_11' title='bbox 686 396 1080 468; x_wconf 81' lang='grc' dir='ltr'>περιεχούσης;</span> <span class='ocrx_word' id='word_1_12' title='bbox 1121 396 1153 467; x_wconf 82' lang='grc' dir='ltr'>ἢ</span> <span class='ocrx_word' id='word_1_13' title='bbox 1188 395 1346 467; x_wconf 80' lang='grc' dir='ltr'>δῆλον</span> <span class='ocrx_word' id='word_1_14' title='bbox 1385 396 1449 448; x_wconf 81' lang='grc' dir='ltr'>ὲκ</span> <span class='ocrx_word' id='word_1_15' title='bbox 1471 393 1580 448; x_wconf 81' lang='grc' dir='ltr'>τῶν</span> <span class='ocrx_word' id='word_1_16' title='bbox 1612 409 1747 466; x_wconf 80' lang='grc' dir='ltr'>προ·-</span> 
     </span>
    </p>
   </div>
   <div class='ocr_carea' id='block_1_5' title="bbox 1855 388 3438 475">
    <p class='ocr_par' dir='ltr' id='par_1_5' title="bbox 1855 388 3438 475">
     <span class='ocr_line' id='line_1_5' title="bbox 1855 388 3438 475; baseline 0.002 -28"><span class='ocrx_word' id='word_1_17' title='bbox 1855 392 2051 449; x_wconf 88' lang='lat' dir='ltr'><strong>festum</strong></span> <span class='ocrx_word' id='word_1_18' title='bbox 2076 400 2161 449; x_wconf 91' lang='lat' dir='ltr'><strong>est</strong></span> <span class='ocrx_word' id='word_1_19' title='bbox 2192 392 2337 446; x_wconf 89' lang='lat' dir='ltr'><strong>hunc</strong></span> <span class='ocrx_word' id='word_1_20' title='bbox 2372 406 2493 475; x_wconf 76' lang='lat' dir='ltr'><strong>esse</strong></span> <span class='ocrx_word' id='word_1_21' title='bbox 2547 388 2812 458; x_wconf 64' lang='lat' dir='ltr'><strong>Verbum,</strong></span> <span class='ocrx_word' id='word_1_22' title='bbox 2866 391 2921 445; x_wconf 91' lang='lat' dir='ltr'><strong>in</strong></span> <span class='ocrx_word' id='word_1_23' title='bbox 2975 392 3245 463; x_wconf 72' lang='lat' dir='ltr'><strong>pl‘lt;Cipi0</strong></span> <span class='ocrx_word' id='word_1_24' title='bbox 3284 394 3438 462; x_wconf 86' lang='lat' dir='ltr'><strong>apud</strong></span> 
     </span>
    </p>
   </div>
   <div class='ocr_carea' id='block_1_6' title="bbox 139 485 1736 563">
    <p class='ocr_par' dir='ltr' id='par_1_6' title="bbox 139 485 1736 563">
     <span class='ocr_line' id='line_1_6' title="bbox 139 485 1736 563; baseline -0.006 -16"><span class='ocrx_word' id='word_1_25' title='bbox 139 491 576 563; x_wconf 65' lang='grc' dir='ltr'>ἀποδεδομένων,</span> <span class='ocrx_word' id='word_1_26' title='bbox 606 492 687 543; x_wconf 83' lang='grc' dir='ltr'>ὅτι</span> <span class='ocrx_word' id='word_1_27' title='bbox 711 490 775 561; x_wconf 77' lang='grc' dir='ltr'>δὴ</span> <span class='ocrx_word' id='word_1_28' title='bbox 800 488 891 542; x_wconf 75' lang='grc' dir='ltr'>τοῦ</span> <span class='ocrx_word' id='word_1_29' title='bbox 926 490 982 540; x_wconf 82' lang='grc' dir='ltr'><strong>ὲν</strong></span> <span class='ocrx_word' id='word_1_30' title='bbox 1012 489 1153 560; x_wconf 82' lang='grc' dir='ltr'>ἀρχῇ</span> <span class='ocrx_word' id='word_1_31' title='bbox 1186 487 1322 559; x_wconf 82' lang='grc' dir='ltr'>πρὸς</span> <span class='ocrx_word' id='word_1_32' title='bbox 1342 487 1435 540; x_wconf 91' lang='grc' dir='ltr'><strong>τὸν</strong></span> <span class='ocrx_word' id='word_1_33' title='bbox 1471 486 1603 539; x_wconf 91' lang='grc' dir='ltr'>Θεὸν</span> <span class='ocrx_word' id='word_1_34' title='bbox 1632 485 1736 538; x_wconf 82' lang='grc' dir='ltr'>,Λό-</span> 
     </span>
    </p>
   </div>
   <div class='ocr_carea' id='block_1_7' title="bbox 139 576 1739 653">
    <p class='ocr_par' dir='ltr' id='par_1_7' title="bbox 139 576 1739 653">
     <span class='ocr_line' id='line_1_7' title="bbox 139 576 1739 653; baseline -0.004 -18"><span class='ocrx_word' id='word_1_35' title='bbox 139 600 257 651; x_wconf 85' lang='grc' dir='ltr'>γου,</span> <span class='ocrx_word' id='word_1_36' title='bbox 291 581 349 645; x_wconf 82' lang='grc' dir='ltr'>ὃς</span> <span class='ocrx_word' id='word_1_37' title='bbox 383 580 809 653; x_wconf 71' lang='grc' dir='ltr'>ὲπιπαρὼν,κα“ι</span> <span class='ocrx_word' id='word_1_38' title='bbox 837 579 907 632; x_wconf 81' lang='grc' dir='ltr'>τὰ</span> <span class='ocrx_word' id='word_1_39' title='bbox 939 580 1060 632; x_wconf 84' lang='grc' dir='ltr'>κατ’</span> <span class='ocrx_word' id='word_1_40' title='bbox 1109 577 1431 650; x_wconf 82' lang='grc' dir='ltr'>ἀνθρώπους</span> <span class='ocrx_word' id='word_1_41' title='bbox 1459 577 1519 641; x_wconf 77' lang='grc' dir='ltr'>ἐξ</span> <span class='ocrx_word' id='word_1_42' title='bbox 1561 576 1739 649; x_wconf 76' lang='grc' dir='ltr'>ἀρχῆς</span> 
     </span>
    </p>
   </div>
   <div class='ocr_carea' id='block_1_8' title="bbox 140 668 1738 750">
    <p class='ocr_par' dir='ltr' id='par_1_8' title="bbox 140 668 1738 750">
     <span class='ocr_line' id='line_1_8' title="bbox 140 668 1738 750; baseline -0.007 -19"><span class='ocrx_word' id='word_1_43' title='bbox 140 677 350 750; x_wconf 79' lang='grc' dir='ltr'>ἐφορῶν</span> <span class='ocrx_word' id='word_1_44' title='bbox 369 693 431 729; x_wconf 91' lang='grc' dir='ltr'><strong>τε</strong></span> <span class='ocrx_word' id='word_1_45' title='bbox 454 676 556 729; x_wconf 74' lang='grc' dir='ltr'>καὶ</span> <span class='ocrx_word' id='word_1_46' title='bbox 574 673 895 745; x_wconf 81' lang='grc' dir='ltr'>οἰκονομῶν,</span> <span class='ocrx_word' id='word_1_47' title='bbox 914 675 1025 736; x_wconf 87' lang='grc' dir='ltr'>τοῖς</span> <span class='ocrx_word' id='word_1_48' title='bbox 1054 671 1155 744; x_wconf 84' lang='grc' dir='ltr'><strong>μὲν</strong></span> <span class='ocrx_word' id='word_1_49' title='bbox 1179 668 1620 741; x_wconf 82' lang='grc' dir='ltr'>ὲπαναϐεϐηκόσι</span> <span class='ocrx_word' id='word_1_50' title='bbox 1642 668 1738 721; x_wconf 74' lang='grc' dir='ltr'><strong>καὶ</strong></span> 
     </span>
    </p>
   </div>
   <div class='ocr_carea' id='block_1_9' title="bbox 140 759 1739 839">
    <p class='ocr_par' dir='ltr' id='par_1_9' title="bbox 140 759 1739 839">
     <span class='ocr_line' id='line_1_9' title="bbox 140 759 1739 839; baseline -0.006 -18"><span class='ocrx_word' id='word_1_51' title='bbox 140 768 362 832; x_wconf 80' lang='grc' dir='ltr'>τελείοις</span> <span class='ocrx_word' id='word_1_52' title='bbox 389 768 679 839; x_wconf 82' lang='grc' dir='ltr'><strong>ἀνδράσιν,</strong></span> <span class='ocrx_word' id='word_1_53' title='bbox 714 764 826 829; x_wconf 74' lang='grc' dir='ltr'>οἷος</span> <span class='ocrx_word' id='word_1_54' title='bbox 862 760 930 837; x_wconf 79' lang='grc' dir='ltr'>ἦν</span> <span class='ocrx_word' id='word_1_55' title='bbox 968 765 996 817; x_wconf 87' lang='grc' dir='ltr'><strong>ὃ</strong></span> <span class='ocrx_word' id='word_1_56' title='bbox 1029 781 1089 817; x_wconf 87' lang='grc' dir='ltr'><strong>τε</strong></span> <span class='ocrx_word' id='word_1_57' title='bbox 1134 761 1385 834; x_wconf 81' lang='grc' dir='ltr'>Ἀϐραὰμ</span> <span class='ocrx_word' id='word_1_58' title='bbox 1412 760 1508 814; x_wconf 70' lang='grc' dir='ltr'><strong>καὶ</strong></span> <span class='ocrx_word' id='word_1_59' title='bbox 1552 759 1739 813; x_wconf 77' lang='grc' dir='ltr'>Ἰσαὰκ</span> 
     </span>
    </p>
   </div>
   <div class='ocr_carea' id='block_1_10' title="bbox 142 853 1735 927">
    <p class='ocr_par' dir='ltr' id='par_1_10' title="bbox 142 853 1735 927">
     <span class='ocr_line' id='line_1_10' title="bbox 142 853 1735 927; baseline -0.004 -16"><span class='ocrx_word' id='word_1_60' title='bbox 142 859 231 911; x_wconf 79' lang='grc' dir='ltr'>καὶ</span> <span class='ocrx_word' id='word_1_61' title='bbox 261 856 484 922; x_wconf 84' lang='grc' dir='ltr'>Ἰακὼϐ,</span> <span class='ocrx_word' id='word_1_62' title='bbox 518 856 686 920; x_wconf 77' lang='grc' dir='ltr'>αὐτὸς</span> <span class='ocrx_word' id='word_1_63' title='bbox 707 856 774 910; x_wconf 87' lang='grc' dir='ltr'>δι’</span> <span class='ocrx_word' id='word_1_64' title='bbox 800 854 997 910; x_wconf 78' lang='grc' dir='ltr'>ἑαυτοῦ</span> <span class='ocrx_word' id='word_1_65' title='bbox 1016 854 1308 927; x_wconf 87' lang='grc' dir='ltr'>παρείχετο</span> <span class='ocrx_word' id='word_1_66' title='bbox 1332 853 1429 917; x_wconf 83' lang='grc' dir='ltr'><strong>τὰς</strong></span> <span class='ocrx_word' id='word_1_67' title='bbox 1452 853 1735 917; x_wconf 74' lang='grc' dir='ltr'>ὀπτασίαςο</span> 
     </span>
    </p>
   </div>
   <div class='ocr_carea' id='block_1_11' title="bbox 140 942 1736 1022">
    <p class='ocr_par' dir='ltr' id='par_1_11' title="bbox 140 942 1736 1022">
     <span class='ocr_line' id='line_1_11' title="bbox 140 942 1736 1022; baseline -0.004 -17"><span class='ocrx_word' id='word_1_68' title='bbox 140 955 244 1015; x_wconf 84' lang='grc' dir='ltr'>τοῖς</span> <span class='ocrx_word' id='word_1_69' title='bbox 269 950 320 1004; x_wconf 78' lang='grc' dir='ltr'>δὲ</span> <span class='ocrx_word' id='word_1_70' title='bbox 348 950 453 1021; x_wconf 81' lang='grc' dir='ltr'>τῆς</span> <span class='ocrx_word' id='word_1_71' title='bbox 484 950 695 1004; x_wconf 90' lang='grc' dir='ltr'>τούτων</span> <span class='ocrx_word' id='word_1_72' title='bbox 725 949 929 1022; x_wconf 82' lang='grc' dir='ltr'>ἀρετῆς</span> <span class='ocrx_word' id='word_1_73' title='bbox 953 948 1293 1012; x_wconf 87' lang='grc' dir='ltr'>ἀποδέουσιν,</span> <span class='ocrx_word' id='word_1_74' title='bbox 1317 942 1430 1011; x_wconf 73' lang='grc' dir='ltr'>οἶος</span> <span class='ocrx_word' id='word_1_75' title='bbox 1446 942 1524 1018; x_wconf 80' lang='grc' dir='ltr'>,ἦν</span> <span class='ocrx_word' id='word_1_76' title='bbox 1547 948 1575 1000; x_wconf 87' lang='grc' dir='ltr'>ὁ</span> <span class='ocrx_word' id='word_1_77' title='bbox 1591 944 1736 1011; x_wconf 88' lang='grc' dir='ltr'>Λὼτ,</span> 
     </span>
    </p>
   </div>
   <div class='ocr_carea' id='block_1_12' title="bbox 142 1035 1739 1110">
    <p class='ocr_par' dir='ltr' id='par_1_12' title="bbox 142 1035 1739 1110">
     <span class='ocr_line' id='line_1_12' title="bbox 142 1035 1739 1110; baseline -0.004 -15"><span class='ocrx_word' id='word_1_78' title='bbox 142 1041 229 1095; x_wconf 77' lang='grc' dir='ltr'><strong>καὶ</strong></span> <span class='ocrx_word' id='word_1_79' title='bbox 255 1041 305 1093; x_wconf 77' lang='grc' dir='ltr'>οἱ</span> <span class='ocrx_word' id='word_1_80' title='bbox 336 1041 395 1094; x_wconf 81' lang='grc' dir='ltr'>ἐν</span> <span class='ocrx_word' id='word_1_81' title='bbox 420 1043 542 1104; x_wconf 89' lang='grc' dir='ltr'>τοῖς</span> <span class='ocrx_word' id='word_1_82' title='bbox 562 1042 796 1110; x_wconf 83' lang='grc' dir='ltr'>Κριταῖς</span> <span class='ocrx_word' id='word_1_83' title='bbox 817 1038 1024 1093; x_wconf 87' lang='grc' dir='ltr'>Γεδεών</span> <span class='ocrx_word' id='word_1_84' title='bbox 1048 1056 1109 1091; x_wconf 85' lang='grc' dir='ltr'><strong>τε</strong></span> <span class='ocrx_word' id='word_1_85' title='bbox 1138 1038 1232 1091; x_wconf 77' lang='grc' dir='ltr'>καὶ</span> <span class='ocrx_word' id='word_1_86' title='bbox 1250 1036 1472 1101; x_wconf 83' lang='grc' dir='ltr'>Μανωὲ,</span> <span class='ocrx_word' id='word_1_87' title='bbox 1505 1035 1601 1088; x_wconf 72' lang='grc' dir='ltr'><strong>καὶ</strong></span> <span class='ocrx_word' id='word_1_88' title='bbox 1624 1036 1739 1089; x_wconf 83' lang='grc' dir='ltr'>ὅσοι</span> 
     </span>
    </p>
   </div>
   <div class='ocr_carea' id='block_1_13' title="bbox 138 1127 1740 1204">
    <p class='ocr_par' dir='ltr' id='par_1_13' title="bbox 138 1127 1740 1204">
     <span class='ocr_line' id='line_1_13' title="bbox 138 1127 1740 1204; baseline -0.001 -20"><span class='ocrx_word' id='word_1_89' title='bbox 138 1132 345 1196; x_wconf 81' lang='grc' dir='ltr'>τούτοις</span> <span class='ocrx_word' id='word_1_90' title='bbox 367 1132 707 1204; x_wconf 78' lang='grc' dir='ltr'>ὲμφέρονται</span> <span class='ocrx_word' id='word_1_91' title='bbox 740 1131 1137 1203; x_wconf 79' lang='grc' dir='ltr'>παραπλήσιοι,</span> <span class='ocrx_word' id='word_1_92' title='bbox 1165 1130 1495 1200; x_wconf 75' lang='grc' dir='ltr'>λειτουργοῖς</span> <span class='ocrx_word' id='word_1_93' title='bbox 1512 1129 1605 1181; x_wconf 73' lang='grc' dir='ltr'><strong>καὶ</strong></span> <span class='ocrx_word' id='word_1_94' title='bbox 1626 1127 1740 1182; x_wconf 83' lang='grc' dir='ltr'>δια-</span> 
     </span>
    </p>
   </div>
   <div class='ocr_carea' id='block_1_14' title="bbox 141 1216 1740 1289">
    <p class='ocr_par' dir='ltr' id='par_1_14' title="bbox 141 1216 1740 1289">
     <span class='ocr_line' id='line_1_14' title="bbox 141 1216 1740 1289; baseline -0.004 -15"><span class='ocrx_word' id='word_1_95' title='bbox 141 1222 314 1285; x_wconf 86' lang='grc' dir='ltr'>κόνοις</span> <span class='ocrx_word' id='word_1_96' title='bbox 344 1225 461 1285; x_wconf 87' lang='grc' dir='ltr'>τοῖς</span> <span class='ocrx_word' id='word_1_97' title='bbox 492 1221 588 1274; x_wconf 83' lang='grc' dir='ltr'>ὑπ’</span> <span class='ocrx_word' id='word_1_98' title='bbox 614 1220 777 1275; x_wconf 87' lang='grc' dir='ltr'>αὐτὸν</span> <span class='ocrx_word' id='word_1_99' title='bbox 805 1219 969 1283; x_wconf 80' lang='grc' dir='ltr'>θείοις</span> <span class='ocrx_word' id='word_1_100' title='bbox 993 1218 1245 1288; x_wconf 76' lang='grc' dir='ltr'>ἀγγέλοις</span> <span class='ocrx_word' id='word_1_101' title='bbox 1263 1217 1545 1289; x_wconf 83' lang='grc' dir='ltr'>χρώμενος</span> <span class='ocrx_word' id='word_1_102' title='bbox 1575 1216 1740 1270; x_wconf 87' lang='grc' dir='ltr'>πολυ-</span> 
     </span>
    </p>
   </div>
   <div class='ocr_carea' id='block_1_15' title="bbox 146 1310 1743 1386">
    <p class='ocr_par' dir='ltr' id='par_1_15' title="bbox 146 1310 1743 1386">
     <span class='ocr_line' id='line_1_15' title="bbox 146 1310 1743 1386; baseline -0.004 -17"><span class='ocrx_word' id='word_1_103' title='bbox 146 1315 321 1386; x_wconf 85' lang='grc' dir='ltr'>μερῶς</span> <span class='ocrx_word' id='word_1_104' title='bbox 356 1314 456 1368; x_wconf 74' lang='grc' dir='ltr'>καὶ</span> <span class='ocrx_word' id='word_1_105' title='bbox 510 1312 870 1385; x_wconf 85' lang='grc' dir='ltr'>πολυτρόπως</span> <span class='ocrx_word' id='word_1_106' title='bbox 929 1312 1225 1384; x_wconf 86' lang='grc' dir='ltr'>παρείχετο</span> <span class='ocrx_word' id='word_1_107' title='bbox 1289 1311 1355 1364; x_wconf 76' lang='grc' dir='ltr'>δι’</span> <span class='ocrx_word' id='word_1_108' title='bbox 1408 1310 1586 1365; x_wconf 77' lang='grc' dir='ltr'>αὐτῶν</span> <span class='ocrx_word' id='word_1_109' title='bbox 1642 1310 1743 1374; x_wconf 82' lang='grc' dir='ltr'>τὰς</span> 
     </span>
    </p>
   </div>
   <div class='ocr_carea' id='block_1_16' title="bbox 145 1401 1741 1477">
    <p class='ocr_par' dir='ltr' id='par_1_16' title="bbox 145 1401 1741 1477">
     <span class='ocr_line' id='line_1_16' title="bbox 145 1401 1741 1477; baseline -0.003 -18"><span class='ocrx_word' id='word_1_110' title='bbox 145 1406 495 1475; x_wconf 67' lang='grc' dir='ltr'>ἐπαγγελίας.</span> <span class='ocrx_word' id='word_1_111' title='bbox 532 1406 720 1477; x_wconf 84' lang='grc' dir='ltr'><strong>Ταύτῃ</strong></span> <span class='ocrx_word' id='word_1_112' title='bbox 753 1404 884 1475; x_wconf 77' lang='grc' dir='ltr'>γοῦν</span> <span class='ocrx_word' id='word_1_113' title='bbox 923 1406 1017 1458; x_wconf 70' lang='grc' dir='ltr'><strong>καὶ</strong></span> <span class='ocrx_word' id='word_1_114' title='bbox 1044 1406 1111 1475; x_wconf 78' lang='grc' dir='ltr'>τῇ</span> <span class='ocrx_word' id='word_1_115' title='bbox 1154 1405 1338 1474; x_wconf 78' lang='grc' dir='ltr'>Ἀγαρ</span> <span class='ocrx_word' id='word_1_116' title='bbox 1358 1446 1371 1468; x_wconf 90' lang='grc'><strong>,</strong></span> <span class='ocrx_word' id='word_1_117' title='bbox 1403 1403 1497 1456; x_wconf 82' lang='grc' dir='ltr'><strong>ἀτε</strong></span> <span class='ocrx_word' id='word_1_118' title='bbox 1546 1401 1620 1473; x_wconf 84' lang='grc' dir='ltr'>μὴ</span> <span class='ocrx_word' id='word_1_119' title='bbox 1653 1402 1741 1473; x_wconf 77' lang='grc' dir='ltr'>οἵᾳ</span> 
     </span>
    </p>
   </div>
   <div class='ocr_carea' id='block_1_17' title="bbox 144 1493 1742 1569">
    <p class='ocr_par' dir='ltr' id='par_1_17' title="bbox 144 1493 1742 1569">
     <span class='ocr_line' id='line_1_17' title="bbox 144 1493 1742 1569; baseline -0.003 -19"><span class='ocrx_word' id='word_1_120' title='bbox 144 1515 200 1550; x_wconf 89' lang='grc' dir='ltr'><strong>τε</strong></span> <span class='ocrx_word' id='word_1_121' title='bbox 224 1495 359 1569; x_wconf 72' lang='grc' dir='ltr'>οὔσῃ</span> <span class='ocrx_word' id='word_1_122' title='bbox 396 1515 487 1550; x_wconf 77' lang='grc' dir='ltr'><strong>πω</strong></span> <span class='ocrx_word' id='word_1_123' title='bbox 515 1495 619 1567; x_wconf 80' lang='grc' dir='ltr'><strong>τὴν</strong></span> <span class='ocrx_word' id='word_1_124' title='bbox 646 1494 810 1548; x_wconf 78' lang='grc' dir='ltr'>αὐτοῦ</span> <span class='ocrx_word' id='word_1_125' title='bbox 841 1494 937 1547; x_wconf 78' lang='grc' dir='ltr'>τοῦ</span> <span class='ocrx_word' id='word_1_126' title='bbox 969 1494 1117 1547; x_wconf 82' lang='grc' dir='ltr'>θείου</span> <span class='ocrx_word' id='word_1_127' title='bbox 1149 1493 1324 1561; x_wconf 81' lang='grc' dir='ltr'>Λόγου</span> <span class='ocrx_word' id='word_1_128' title='bbox 1354 1495 1553 1565; x_wconf 86' lang='grc' dir='ltr'>χωρεῖν</span> <span class='ocrx_word' id='word_1_129' title='bbox 1574 1495 1742 1546; x_wconf 89' lang='grc' dir='ltr'>ὀπτα-</span> 
     </span>
    </p>
   </div>
   <div class='ocr_carea' id='block_1_18' title="bbox 147 1583 1737 1658">
    <p class='ocr_par' dir='ltr' id='par_1_18' title="bbox 147 1583 1737 1658">
     <span class='ocr_line' id='line_1_18' title="bbox 147 1583 1737 1658; baseline -0.004 -15"><span class='ocrx_word' id='word_1_130' title='bbox 147 1590 282 1654; x_wconf 80' lang='grc' dir='ltr'>σίαν,</span> <span class='ocrx_word' id='word_1_131' title='bbox 317 1588 408 1642; x_wconf 79' lang='grc' dir='ltr'><strong>διά</strong></span> <span class='ocrx_word' id='word_1_132' title='bbox 438 1589 538 1643; x_wconf 79' lang='grc' dir='ltr'>τοῦ</span> <span class='ocrx_word' id='word_1_133' title='bbox 587 1588 819 1657; x_wconf 82' lang='grc' dir='ltr'>ἀγγέλου</span> <span class='ocrx_word' id='word_1_134' title='bbox 858 1587 925 1640; x_wconf 85' lang='grc' dir='ltr'>τὰ</span> <span class='ocrx_word' id='word_1_135' title='bbox 964 1586 1432 1658; x_wconf 82' lang='grc' dir='ltr'>ἀναγεγραμμένα</span> <span class='ocrx_word' id='word_1_136' title='bbox 1464 1583 1737 1650; x_wconf 77' lang='grc' dir='ltr'>θεσπίζειο</span> 
     </span>
    </p>
   </div>
   <div class='ocr_carea' id='block_1_19' title="bbox 148 1677 1736 1751">
    <p class='ocr_par' dir='ltr' id='par_1_19' title="bbox 148 1677 1736 1751">
     <span class='ocr_line' id='line_1_19' title="bbox 148 1677 1736 1751; baseline -0.003 -17"><span class='ocrx_word' id='word_1_137' title='bbox 148 1683 193 1734; x_wconf 84' lang='grc' dir='ltr'>εἰ</span> <span class='ocrx_word' id='word_1_138' title='bbox 225 1679 345 1751; x_wconf 75' lang='grc' dir='ltr'>(ἔτι)</span> <span class='ocrx_word' id='word_1_139' title='bbox 375 1680 435 1734; x_wconf 84' lang='grc' dir='ltr'>δὲ</span> <span class='ocrx_word' id='word_1_140' title='bbox 483 1680 584 1733; x_wconf 74' lang='grc' dir='ltr'><strong>καὶ</strong></span> <span class='ocrx_word' id='word_1_141' title='bbox 625 1679 705 1745; x_wconf 84' lang='grc' dir='ltr'>τῷ</span> <span class='ocrx_word' id='word_1_142' title='bbox 739 1677 933 1732; x_wconf 87' lang='grc' dir='ltr'>Ἰακὼϐ</span> <span class='ocrx_word' id='word_1_143' title='bbox 964 1678 1031 1730; x_wconf 87' lang='grc' dir='ltr'><strong>δι’</strong></span> <span class='ocrx_word' id='word_1_144' title='bbox 1079 1677 1326 1747; x_wconf 87' lang='grc' dir='ltr'>ἀγγέλων</span> <span class='ocrx_word' id='word_1_145' title='bbox 1364 1677 1736 1746; x_wconf 77' lang='grc' dir='ltr'>ἐπιφαίνεται·</span> 
     </span>
    </p>
   </div>
   <div class='ocr_carea' id='block_1_20' title="bbox 148 1748 1818 1846">
    <p class='ocr_par' dir='ltr' id='par_1_20' title="bbox 148 1748 1818 1846">
     <span class='ocr_line' id='line_1_20' title="bbox 148 1748 1818 1846; baseline -0.003 -19"><span class='ocrx_word' id='word_1_146' title='bbox 148 1748 255 1827; x_wconf 82' lang='grc' dir='ltr'>ἀλλ’</span> <span class='ocrx_word' id='word_1_147' title='bbox 281 1748 384 1846; x_wconf 81' lang='grc' dir='ltr'><strong>ὅρα</strong></span> <span class='ocrx_word' id='word_1_148' title='bbox 413 1774 497 1826; x_wconf 86' lang='grc' dir='ltr'>ὅτι</span> <span class='ocrx_word' id='word_1_149' title='bbox 527 1773 622 1826; x_wconf 70' lang='grc' dir='ltr'>καὶ</span> <span class='ocrx_word' id='word_1_150' title='bbox 647 1771 806 1825; x_wconf 80' lang='grc' dir='ltr'>τοῦτο</span> <span class='ocrx_word' id='word_1_151' title='bbox 831 1773 949 1824; x_wconf 84' lang='grc' dir='ltr'>κατ’</span> <span class='ocrx_word' id='word_1_152' title='bbox 972 1771 1147 1843; x_wconf 77' lang='grc' dir='ltr'>ἀρχὰς</span> <span class='ocrx_word' id='word_1_153' title='bbox 1179 1771 1278 1842; x_wconf 81' lang='grc' dir='ltr'><strong>μὲν</strong></span> <span class='ocrx_word' id='word_1_154' title='bbox 1316 1769 1393 1834; x_wconf 86' lang='grc' dir='ltr'>ὡς</span> <span class='ocrx_word' id='word_1_155' title='bbox 1426 1769 1492 1823; x_wconf 86' lang='grc' dir='ltr'><strong>ἂν</strong></span> <span class='ocrx_word' id='word_1_156' title='bbox 1526 1769 1606 1823; x_wconf 78' lang='grc' dir='ltr'>ἔτι</span> <span class='ocrx_word' id='word_1_157' title='bbox 1635 1772 1745 1823; x_wconf 82' lang='grc' dir='ltr'>είσ-</span> <span class='ocrx_word' id='word_1_158' title='bbox 1776 1748 1818 1803; x_wconf 76' lang='grc' dir='ltr'><strong><em>Β</em></strong></span> 
     </span>
    </p>
   </div>
   <div class='ocr_carea' id='block_1_21' title="bbox 148 1860 1747 1936">
    <p class='ocr_par' dir='ltr' id='par_1_21' title="bbox 148 1860 1747 1936">
     <span class='ocr_line' id='line_1_21' title="bbox 148 1860 1747 1936; baseline -0.004 -17"><span class='ocrx_word' id='word_1_159' title='bbox 148 1865 396 1936; x_wconf 71' lang='grc' dir='ltr'>ἀγομένῳ</span> <span class='ocrx_word' id='word_1_160' title='bbox 424 1864 618 1918; x_wconf 73' lang='grc' dir='ltr'>τοῦτον</span> <span class='ocrx_word' id='word_1_161' title='bbox 633 1862 962 1936; x_wconf 78' lang='grc' dir='ltr'>χρηματίζει</span> <span class='ocrx_word' id='word_1_162' title='bbox 982 1863 1073 1915; x_wconf 89' lang='grc' dir='ltr'><strong>τὸν</strong></span> <span class='ocrx_word' id='word_1_163' title='bbox 1099 1862 1320 1934; x_wconf 87' lang='grc' dir='ltr'>τρόπον,</span> <span class='ocrx_word' id='word_1_164' title='bbox 1341 1860 1676 1934; x_wconf 61' lang='grc' dir='ltr'>προκόιῖκαντι</span> <span class='ocrx_word' id='word_1_165' title='bbox 1691 1860 1747 1913; x_wconf 85' lang='grc' dir='ltr'>δὲ</span> 
     </span>
    </p>
   </div>
   <div class='ocr_carea' id='block_1_22' title="bbox 150 1953 1747 2028">
    <p class='ocr_par' dir='ltr' id='par_1_22' title="bbox 150 1953 1747 2028">
     <span class='ocr_line' id='line_1_22' title="bbox 150 1953 1747 2028; baseline -0.005 -16"><span class='ocrx_word' id='word_1_166' title='bbox 150 1960 241 2012; x_wconf 71' lang='grc' dir='ltr'><strong>καὶ</strong></span> <span class='ocrx_word' id='word_1_167' title='bbox 274 1960 354 2022; x_wconf 85' lang='grc' dir='ltr'><strong>είς</strong></span> <span class='ocrx_word' id='word_1_168' title='bbox 397 1957 720 2028; x_wconf 85' lang='grc' dir='ltr'>τελειότητα</span> <span class='ocrx_word' id='word_1_169' title='bbox 756 1956 992 2010; x_wconf 76' lang='grc' dir='ltr'>ἐπιδόντι</span> <span class='ocrx_word' id='word_1_170' title='bbox 1028 1955 1242 2027; x_wconf 84' lang='grc' dir='ltr'>γυμνῆς</span> <span class='ocrx_word' id='word_1_171' title='bbox 1272 1954 1368 2007; x_wconf 74' lang='grc' dir='ltr'><strong>καὶ</strong></span> <span class='ocrx_word' id='word_1_172' title='bbox 1419 1953 1747 2007; x_wconf 83' lang='grc' dir='ltr'>ἀνεπικαλύ-</span> 
     </span>
    </p>
   </div>
   <div class='ocr_carea' id='block_1_23' title="bbox 150 2042 1748 2120">
    <p class='ocr_par' dir='ltr' id='par_1_23' title="bbox 150 2042 1748 2120">
     <span class='ocr_line' id='line_1_23' title="bbox 150 2042 1748 2120; baseline -0.006 -17"><span class='ocrx_word' id='word_1_173' title='bbox 150 2067 278 2104; x_wconf 88' lang='grc' dir='ltr'>πτου</span> <span class='ocrx_word' id='word_1_174' title='bbox 300 2049 401 2120; x_wconf 83' lang='grc' dir='ltr'><strong>τῆς</strong></span> <span class='ocrx_word' id='word_1_175' title='bbox 430 2049 574 2112; x_wconf 78' lang='grc' dir='ltr'>ἰδίας</span> <span class='ocrx_word' id='word_1_176' title='bbox 602 2047 953 2119; x_wconf 88' lang='grc' dir='ltr'>μεταδίδωσιν</span> <span class='ocrx_word' id='word_1_177' title='bbox 977 2046 1214 2117; x_wconf 79' lang='grc' dir='ltr'>ὁμιλίας,</span> <span class='ocrx_word' id='word_1_178' title='bbox 1233 2043 1415 2097; x_wconf 80' lang='grc' dir='ltr'>οὐκέτι</span> <span class='ocrx_word' id='word_1_179' title='bbox 1440 2042 1538 2114; x_wconf 84' lang='grc' dir='ltr'><strong>μὲν</strong></span> <span class='ocrx_word' id='word_1_180' title='bbox 1558 2042 1624 2095; x_wconf 79' lang='grc' dir='ltr'>δι’</span> <span class='ocrx_word' id='word_1_181' title='bbox 1651 2043 1748 2112; x_wconf 88' lang='grc' dir='ltr'>ἀγ-</span> 
     </span>
    </p>
   </div>
   <div class='ocr_carea' id='block_1_24' title="bbox 149 2135 1749 2214">
    <p class='ocr_par' dir='ltr' id='par_1_24' title="bbox 149 2135 1749 2214">
     <span class='ocr_line' id='line_1_24' title="bbox 149 2135 1749 2214; baseline -0.005 -18"><span class='ocrx_word' id='word_1_182' title='bbox 149 2143 319 2213; x_wconf 86' lang='grc' dir='ltr'>γέλων</span> <span class='ocrx_word' id='word_1_183' title='bbox 341 2144 438 2196; x_wconf 79' lang='grc' dir='ltr'><strong>καὶ</strong></span> <span class='ocrx_word' id='word_1_184' title='bbox 465 2143 536 2196; x_wconf 84' lang='grc' dir='ltr'>δι’</span> <span class='ocrx_word' id='word_1_185' title='bbox 572 2140 877 2214; x_wconf 80' lang='grc' dir='ltr'>ἑρμηνέων,</span> <span class='ocrx_word' id='word_1_186' title='bbox 908 2139 1069 2203; x_wconf 84' lang='grc' dir='ltr'>αὐτὸς</span> <span class='ocrx_word' id='word_1_187' title='bbox 1088 2139 1147 2192; x_wconf 84' lang='grc' dir='ltr'>δὲ</span> <span class='ocrx_word' id='word_1_188' title='bbox 1173 2138 1237 2191; x_wconf 82' lang='grc' dir='ltr'>δι’</span> <span class='ocrx_word' id='word_1_189' title='bbox 1266 2135 1461 2191; x_wconf 79' lang='grc' dir='ltr'>ἑαυτοῦ</span> <span class='ocrx_word' id='word_1_190' title='bbox 1486 2138 1515 2190; x_wconf 86' lang='grc' dir='ltr'>ὁ</span> <span class='ocrx_word' id='word_1_191' title='bbox 1543 2135 1749 2209; x_wconf 84' lang='grc' dir='ltr'>Κύριος</span> 
     </span>
    </p>
   </div>
   <div class='ocr_carea' id='block_1_25' title="bbox 153 2227 1749 2305">
    <p class='ocr_par' dir='ltr' id='par_1_25' title="bbox 153 2227 1749 2305">
     <span class='ocr_line' id='line_1_25' title="bbox 153 2227 1749 2305; baseline -0.005 -16"><span class='ocrx_word' id='word_1_192' title='bbox 153 2235 244 2291; x_wconf 80' lang='grc' dir='ltr'>καὶ</span> <span class='ocrx_word' id='word_1_193' title='bbox 261 2234 397 2299; x_wconf 88' lang='grc' dir='ltr'>Θεὸς</span> <span class='ocrx_word' id='word_1_194' title='bbox 430 2234 631 2302; x_wconf 86' lang='grc' dir='ltr'>Λόγος,</span> <span class='ocrx_word' id='word_1_195' title='bbox 661 2235 690 2286; x_wconf 88' lang='grc' dir='ltr'><strong>ὁ</strong></span> <span class='ocrx_word' id='word_1_196' title='bbox 715 2231 784 2286; x_wconf 90' lang='grc' dir='ltr'><strong>τά</strong></span> <span class='ocrx_word' id='word_1_197' title='bbox 815 2232 1096 2305; x_wconf 86' lang='grc' dir='ltr'>δευτερεῖα</span> <span class='ocrx_word' id='word_1_198' title='bbox 1110 2230 1210 2302; x_wconf 83' lang='grc' dir='ltr'>τῆς</span> <span class='ocrx_word' id='word_1_199' title='bbox 1240 2230 1515 2303; x_wconf 79' lang='grc' dir='ltr'>πατρικῆς</span> <span class='ocrx_word' id='word_1_200' title='bbox 1538 2227 1749 2299; x_wconf 75' lang='grc' dir='ltr'>ἐπέχων</span> 
     </span>
    </p>
   </div>
   <div class='ocr_carea' id='block_1_26' title="bbox 156 2318 1561 2396">
    <p class='ocr_par' dir='ltr' id='par_1_26' title="bbox 156 2318 1561 2396">
     <span class='ocr_line' id='line_1_26' title="bbox 156 2318 1561 2396; baseline -0.004 -18"><span class='ocrx_word' id='word_1_201' title='bbox 156 2324 423 2396; x_wconf 83' lang='grc' dir='ltr'>θεότητος,</span> <span class='ocrx_word' id='word_1_202' title='bbox 461 2324 568 2394; x_wconf 82' lang='grc' dir='ltr'>τῆς</span> <span class='ocrx_word' id='word_1_203' title='bbox 605 2323 742 2387; x_wconf 78' lang='grc' dir='ltr'>ιδίας</span> <span class='ocrx_word' id='word_1_204' title='bbox 769 2322 933 2375; x_wconf 83' lang='grc' dir='ltr'>αὐτὸν</span> <span class='ocrx_word' id='word_1_205' title='bbox 964 2319 1240 2386; x_wconf 81' lang='grc' dir='ltr'>καταξιῶν</span> <span class='ocrx_word' id='word_1_206' title='bbox 1274 2318 1561 2382; x_wconf 82' lang='grc' dir='ltr'>ὀπτασίας.</span> 
     </span>
    </p>
   </div>
   <div class='ocr_carea' id='block_1_27' title="bbox 599 2434 1307 2507">
    <p class='ocr_par' dir='ltr' id='par_1_27' title="bbox 599 2434 1307 2507">
     <span class='ocr_line' id='line_1_27' title="bbox 599 2434 1307 2507; baseline -0.01 -13"><span class='ocrx_word' id='word_1_207' title='bbox 599 2436 1002 2494; x_wconf 76' lang='grc' dir='ltr'><strong>ΚΕΦΑΛΑΙΟΝ</strong></span> <span class='ocrx_word' id='word_1_208' title='bbox 1041 2434 1098 2490; x_wconf 90' lang='lat' dir='ltr'><strong>E&#39;</strong></span> <span class='ocrx_word' id='word_1_209' title='bbox 1130 2434 1197 2507; x_wconf 65' lang='grc' dir='ltr'>(ι.</span> <span class='ocrx_word' id='word_1_210' title='bbox 1230 2434 1307 2506; x_wconf 87' lang='lat'><strong>9).</strong></span> 
     </span>
    </p>
   </div>
   <div class='ocr_carea' id='block_1_28' title="bbox 225 2524 1751 2605">
    <p class='ocr_par' dir='ltr' id='par_1_28' title="bbox 225 2524 1751 2605">
     <span class='ocr_line' id='line_1_28' title="bbox 225 2524 1751 2605; baseline -0.007 -18"><span class='ocrx_word' id='word_1_211' title='bbox 225 2554 243 2587; x_wconf 75' lang='grc' dir='ltr'><strong>ι</strong></span> <span class='ocrx_word' id='word_1_212' title='bbox 264 2536 321 2589; x_wconf 89' lang='lat'><strong>&#39;0</strong></span> <span class='ocrx_word' id='word_1_213' title='bbox 336 2534 492 2605; x_wconf 70' lang='grc' dir='ltr'>ἥλιος</span> <span class='ocrx_word' id='word_1_214' title='bbox 518 2531 739 2605; x_wconf 75' lang='grc' dir='ltr'>ἐξῆλθεν</span> <span class='ocrx_word' id='word_1_215' title='bbox 767 2532 860 2585; x_wconf 79' lang='grc' dir='ltr'>ὲπὶ</span> <span class='ocrx_word' id='word_1_216' title='bbox 887 2530 986 2601; x_wconf 82' lang='grc' dir='ltr'>τὴν</span> <span class='ocrx_word' id='word_1_217' title='bbox 997 2532 1121 2600; x_wconf 82' lang='grc' dir='ltr'>γῆν,</span> <span class='ocrx_word' id='word_1_218' title='bbox 1138 2530 1233 2583; x_wconf 72' lang='grc' dir='ltr'>καὶ</span> <span class='ocrx_word' id='word_1_219' title='bbox 1255 2528 1377 2582; x_wconf 88' lang='grc' dir='ltr'><strong>Λὼτ</strong></span> <span class='ocrx_word' id='word_1_220' title='bbox 1403 2524 1649 2598; x_wconf 83' lang='grc' dir='ltr'>εἰσῆλθεν</span> <span class='ocrx_word' id='word_1_221' title='bbox 1673 2527 1751 2588; x_wconf 83' lang='grc' dir='ltr'>εἰς</span> 
     </span>
    </p>
   </div>
   <div class='ocr_carea' id='block_1_29' title="bbox 155 2619 1751 2698">
    <p class='ocr_par' dir='ltr' id='par_1_29' title="bbox 155 2619 1751 2698">
     <span class='ocr_line' id='line_1_29' title="bbox 155 2619 1751 2698; baseline -0.005 -20"><span class='ocrx_word' id='word_1_222' title='bbox 155 2626 362 2698; x_wconf 83' lang='grc' dir='ltr'>Σηγώρ.</span> <span class='ocrx_word' id='word_1_223' title='bbox 392 2628 512 2680; x_wconf 67' lang='grc' dir='ltr'><strong>Καὶ</strong></span> <span class='ocrx_word' id='word_1_224' title='bbox 539 2625 743 2697; x_wconf 85' lang='grc' dir='ltr'>Κύριος</span> <span class='ocrx_word' id='word_1_225' title='bbox 767 2623 988 2693; x_wconf 76' lang='grc' dir='ltr'>ἔϐρεξεν</span> <span class='ocrx_word' id='word_1_226' title='bbox 1014 2622 1107 2674; x_wconf 72' lang='grc' dir='ltr'>ἐπὶ</span> <span class='ocrx_word' id='word_1_227' title='bbox 1132 2621 1340 2691; x_wconf 83' lang='grc' dir='ltr'>Σόδομα</span> <span class='ocrx_word' id='word_1_228' title='bbox 1377 2620 1472 2673; x_wconf 77' lang='grc' dir='ltr'><strong>καὶ</strong></span> <span class='ocrx_word' id='word_1_229' title='bbox 1499 2619 1751 2690; x_wconf 72' lang='grc' dir='ltr'>Γόμορρα</span> 
     </span>
    </p>
   </div>
   <div class='ocr_carea' id='block_1_30' title="bbox 156 2708 1751 2789">
    <p class='ocr_par' dir='ltr' id='par_1_30' title="bbox 156 2708 1751 2789">
     <span class='ocr_line' id='line_1_30' title="bbox 156 2708 1751 2789; baseline -0.005 -18"><span class='ocrx_word' id='word_1_230' title='bbox 156 2718 288 2771; x_wconf 87' lang='grc' dir='ltr'>θεῖον</span> <span class='ocrx_word' id='word_1_231' title='bbox 329 2719 424 2773; x_wconf 76' lang='grc' dir='ltr'><strong>καὶ</strong></span> <span class='ocrx_word' id='word_1_232' title='bbox 458 2717 575 2789; x_wconf 79' lang='grc' dir='ltr'>πῦρ</span> <span class='ocrx_word' id='word_1_233' title='bbox 603 2715 755 2788; x_wconf 86' lang='grc' dir='ltr'>παρὰ</span> <span class='ocrx_word' id='word_1_234' title='bbox 794 2713 1002 2785; x_wconf 83' lang='grc' dir='ltr'>Κυρίου</span> <span class='ocrx_word' id='word_1_235' title='bbox 1053 2714 1118 2767; x_wconf 83' lang='grc' dir='ltr'>ὲκ</span> <span class='ocrx_word' id='word_1_236' title='bbox 1152 2711 1245 2765; x_wconf 83' lang='grc' dir='ltr'>τοῦ</span> <span class='ocrx_word' id='word_1_237' title='bbox 1292 2708 1547 2783; x_wconf 77' lang='grc' dir='ltr'>οὐρανοῦ.</span> <span class='ocrx_word' id='word_1_238' title='bbox 1588 2729 1606 2761; x_wconf 76' lang='grc' dir='ltr'><strong>ι</strong></span> <span class='ocrx_word' id='word_1_239' title='bbox 1637 2710 1751 2763; x_wconf 82' lang='grc' dir='ltr'>Οὐκ</span> 
     </span>
    </p>
   </div>
   <div class='ocr_carea' id='block_1_31' title="bbox 156 2800 1751 2881">
    <p class='ocr_par' dir='ltr' id='par_1_31' title="bbox 156 2800 1751 2881">
     <span class='ocr_line' id='line_1_31' title="bbox 156 2800 1751 2881; baseline -0.006 -19"><span class='ocrx_word' id='word_1_240' title='bbox 156 2806 301 2881; x_wconf 78' lang='grc' dir='ltr'>οἶμαί</span> <span class='ocrx_word' id='word_1_241' title='bbox 332 2828 456 2864; x_wconf 91' lang='grc' dir='ltr'>τινα</span> <span class='ocrx_word' id='word_1_242' title='bbox 494 2808 603 2862; x_wconf 85' lang='grc' dir='ltr'>τῶν</span> <span class='ocrx_word' id='word_1_243' title='bbox 637 2806 786 2871; x_wconf 76' lang='grc' dir='ltr'>ἅπαξ</span> <span class='ocrx_word' id='word_1_244' title='bbox 817 2804 1263 2860; x_wconf 83' lang='grc' dir='ltr'>πεπιστευκότων</span> <span class='ocrx_word' id='word_1_245' title='bbox 1296 2803 1451 2876; x_wconf 85' lang='grc' dir='ltr'>ἱερὰς</span> <span class='ocrx_word' id='word_1_246' title='bbox 1497 2802 1594 2855; x_wconf 71' lang='grc' dir='ltr'><strong>καὶ</strong></span> <span class='ocrx_word' id='word_1_247' title='bbox 1634 2800 1751 2853; x_wconf 87' lang='grc' dir='ltr'>θεο-</span> 
     </span>
    </p>
   </div>
   <div class='ocr_carea' id='block_1_32' title="bbox 160 2895 1750 2971">
    <p class='ocr_par' dir='ltr' id='par_1_32' title="bbox 160 2895 1750 2971">
     <span class='ocr_line' id='line_1_32' title="bbox 160 2895 1750 2971; baseline -0.004 -17"><span class='ocrx_word' id='word_1_248' title='bbox 160 2896 452 2965; x_wconf 58' lang='grc' dir='ltr'>πνεύᾶῑους</span> <span class='ocrx_word' id='word_1_249' title='bbox 498 2901 765 2971; x_wconf 81' lang='grc' dir='ltr'>ὑπάρχειν</span> <span class='ocrx_word' id='word_1_250' title='bbox 793 2899 894 2963; x_wconf 75' lang='grc' dir='ltr'>τὰς</span> <span class='ocrx_word' id='word_1_251' title='bbox 927 2896 1090 2966; x_wconf 85' lang='grc' dir='ltr'>ἀγίας</span> <span class='ocrx_word' id='word_1_252' title='bbox 1128 2895 1349 2968; x_wconf 77' lang='grc' dir='ltr'>Γραφάς</span> <span class='ocrx_word' id='word_1_253' title='bbox 1380 2895 1750 2968; x_wconf 79' lang='grc' dir='ltr'>εὑρεσιλογεῖν</span> 
     </span>
    </p>
   </div>
   <div class='ocr_carea' id='block_1_33' title="bbox 161 2985 1751 3061">
    <p class='ocr_par' dir='ltr' id='par_1_33' title="bbox 161 2985 1751 3061">
     <span class='ocr_line' id='line_1_33' title="bbox 161 2985 1751 3061; baseline -0.004 -16"><span class='ocrx_word' id='word_1_254' title='bbox 161 3009 211 3045; x_wconf 86' lang='grc' dir='ltr'><strong>τι</strong></span> <span class='ocrx_word' id='word_1_255' title='bbox 243 2997 319 3058; x_wconf 80' lang='grc' dir='ltr'><strong>εις</strong></span> <span class='ocrx_word' id='word_1_256' title='bbox 342 2997 472 3058; x_wconf 82' lang='grc' dir='ltr'>τοὺς</span> <span class='ocrx_word' id='word_1_257' title='bbox 509 2994 728 3056; x_wconf 83' lang='grc' dir='ltr'>τόπους,</span> <span class='ocrx_word' id='word_1_258' title='bbox 763 2989 1065 3059; x_wconf 84' lang='grc' dir='ltr'>ἀντιλέγειν</span> <span class='ocrx_word' id='word_1_259' title='bbox 1104 2987 1445 3061; x_wconf 84' lang='grc' dir='ltr'>πειρώμενον</span> <span class='ocrx_word' id='word_1_260' title='bbox 1480 2990 1593 3050; x_wconf 89' lang='grc' dir='ltr'>τοῖς</span> <span class='ocrx_word' id='word_1_261' title='bbox 1621 2985 1751 3058; x_wconf 65' lang='grc' dir='ltr'><strong>περ)⁸</strong></span> 
     </span>
    </p>
   </div>
   <div class='ocr_carea' id='block_1_34' title="bbox 159 3079 1820 3160">
    <p class='ocr_par' dir='ltr' id='par_1_34' title="bbox 159 3079 1820 3160">
     <span class='ocr_line' id='line_1_34' title="bbox 159 3079 1820 3160; baseline -0.003 -21"><span class='ocrx_word' id='word_1_262' title='bbox 159 3086 250 3140; x_wconf 77' lang='grc' dir='ltr'>τοῦ</span> <span class='ocrx_word' id='word_1_263' title='bbox 275 3087 446 3155; x_wconf 81' lang='grc' dir='ltr'>Λόγου</span> <span class='ocrx_word' id='word_1_264' title='bbox 469 3086 565 3140; x_wconf 76' lang='grc' dir='ltr'>τοῦ</span> <span class='ocrx_word' id='word_1_265' title='bbox 587 3083 724 3139; x_wconf 78' lang='grc' dir='ltr'>Θεοῦ</span> <span class='ocrx_word' id='word_1_266' title='bbox 743 3083 1225 3157; x_wconf 84' lang='grc' dir='ltr'>παραδεδομένοις,</span> <span class='ocrx_word' id='word_1_267' title='bbox 1243 3083 1325 3136; x_wconf 84' lang='grc' dir='ltr'><strong>ὅτι</strong></span> <span class='ocrx_word' id='word_1_268' title='bbox 1352 3098 1412 3135; x_wconf 92' lang='grc' dir='ltr'><strong>τε</strong></span> <span class='ocrx_word' id='word_1_269' title='bbox 1430 3080 1605 3154; x_wconf 77' lang='grc' dir='ltr'>προῆν</span> <span class='ocrx_word' id='word_1_270' title='bbox 1627 3079 1751 3133; x_wconf 87' lang='grc' dir='ltr'>ὑπό-</span> <span class='ocrx_word' id='word_1_271' title='bbox 1776 3102 1820 3160; x_wconf 75' lang='lat' dir='ltr'><strong>C</strong></span> 
     </span>
    </p>
   </div>
   <div class='ocr_carea' id='block_1_35' title="bbox 165 3172 1747 3247">
    <p class='ocr_par' dir='ltr' id='par_1_35' title="bbox 165 3172 1747 3247">
     <span class='ocr_line' id='line_1_35' title="bbox 165 3172 1747 3247; baseline -0.004 -16"><span class='ocrx_word' id='word_1_272' title='bbox 165 3192 345 3231; x_wconf 83' lang='grc' dir='ltr'>στασιν</span> <span class='ocrx_word' id='word_1_273' title='bbox 392 3179 530 3231; x_wconf 74' lang='grc' dir='ltr'>ἰδίαν</span> <span class='ocrx_word' id='word_1_274' title='bbox 571 3176 846 3247; x_wconf 49' lang='lat' dir='ltr'><strong>Exanimat</strong></span> <span class='ocrx_word' id='word_1_275' title='bbox 884 3177 967 3230; x_wconf 77' lang='grc' dir='ltr'><strong>ὅτι</strong></span> <span class='ocrx_word' id='word_1_276' title='bbox 997 3176 1105 3247; x_wconf 89' lang='grc' dir='ltr'><strong>πρὸ</strong></span> <span class='ocrx_word' id='word_1_277' title='bbox 1141 3173 1240 3243; x_wconf 80' lang='grc' dir='ltr'>τῆς</span> <span class='ocrx_word' id='word_1_278' title='bbox 1279 3172 1747 3245; x_wconf 77' lang='grc' dir='ltr'>ἐνανθρωπήσεως</span> 
     </span>
    </p>
   </div>
   <div class='ocr_carea' id='block_1_36' title="bbox 161 3261 1746 3339">
    <p class='ocr_par' dir='ltr' id='par_1_36' title="bbox 161 3261 1746 3339">
     <span class='ocr_line' id='line_1_36' title="bbox 161 3261 1746 3339; baseline -0.006 -16"><span class='ocrx_word' id='word_1_279' title='bbox 161 3266 255 3333; x_wconf 66' lang='grc' dir='ltr'>τὰς</span> <span class='ocrx_word' id='word_1_280' title='bbox 294 3271 373 3333; x_wconf 81' lang='grc' dir='ltr'>εἰς</span> <span class='ocrx_word' id='word_1_281' title='bbox 406 3267 732 3339; x_wconf 84' lang='grc' dir='ltr'>ἀνθρώπους</span> <span class='ocrx_word' id='word_1_282' title='bbox 766 3265 1078 3337; x_wconf 85' lang='grc' dir='ltr'>οἰκονομίας</span> <span class='ocrx_word' id='word_1_283' title='bbox 1110 3263 1311 3316; x_wconf 79' lang='grc' dir='ltr'>ἐτέλει·</span> <span class='ocrx_word' id='word_1_284' title='bbox 1354 3262 1448 3315; x_wconf 86' lang='grc' dir='ltr'><strong>δύο</strong></span> <span class='ocrx_word' id='word_1_285' title='bbox 1480 3261 1591 3334; x_wconf 85' lang='grc' dir='ltr'><strong>γὰρ</strong></span> <span class='ocrx_word' id='word_1_286' title='bbox 1632 3263 1746 3314; x_wconf 88' lang='grc' dir='ltr'>Κυ-</span> 
     </span>
    </p>
   </div>
   <div class='ocr_carea' id='block_1_37' title="bbox 167 3350 1749 3428">
    <p class='ocr_par' dir='ltr' id='par_1_37' title="bbox 167 3350 1749 3428">
     <span class='ocr_line' id='line_1_37' title="bbox 167 3350 1749 3428; baseline -0.004 -17"><span class='ocrx_word' id='word_1_287' title='bbox 167 3356 305 3428; x_wconf 81' lang='grc' dir='ltr'>ρίους</span> <span class='ocrx_word' id='word_1_288' title='bbox 331 3357 568 3411; x_wconf 77' lang='grc' dir='ltr'>ἐνταῦθα</span> <span class='ocrx_word' id='word_1_289' title='bbox 591 3356 775 3425; x_wconf 72' lang='grc' dir='ltr'>σαφῶς</span> <span class='ocrx_word' id='word_1_290' title='bbox 799 3358 833 3427; x_wconf 82' lang='grc' dir='ltr'>ἡ</span> <span class='ocrx_word' id='word_1_291' title='bbox 860 3354 1048 3427; x_wconf 77' lang='grc' dir='ltr'>Γραφὴ</span> <span class='ocrx_word' id='word_1_292' title='bbox 1068 3353 1416 3425; x_wconf 85' lang='grc' dir='ltr'>παρίστησιν,</span> <span class='ocrx_word' id='word_1_293' title='bbox 1446 3351 1500 3405; x_wconf 83' lang='grc' dir='ltr'><strong>εί</strong></span> <span class='ocrx_word' id='word_1_294' title='bbox 1519 3368 1584 3421; x_wconf 90' lang='grc' dir='ltr'><strong>γε</strong></span> <span class='ocrx_word' id='word_1_295' title='bbox 1606 3350 1749 3405; x_wconf 77' lang='grc' dir='ltr'>«Κύ-</span> 
     </span>
    </p>
   </div>
   <div class='ocr_carea' id='block_1_38' title="bbox 171 3442 1749 3521">
    <p class='ocr_par' dir='ltr' id='par_1_38' title="bbox 171 3442 1749 3521">
     <span class='ocr_line' id='line_1_38' title="bbox 171 3442 1749 3521; baseline -0.004 -19"><span class='ocrx_word' id='word_1_296' title='bbox 171 3463 276 3519; x_wconf 82' lang='grc' dir='ltr'>ριος</span> <span class='ocrx_word' id='word_1_297' title='bbox 300 3448 521 3521; x_wconf 75' lang='grc' dir='ltr'>ἔϐρεξεν</span> <span class='ocrx_word' id='word_1_298' title='bbox 543 3448 693 3519; x_wconf 86' lang='grc' dir='ltr'><strong>παρά</strong></span> <span class='ocrx_word' id='word_1_299' title='bbox 722 3447 948 3519; x_wconf 83' lang='grc' dir='ltr'>Κυρίου.</span> <span class='ocrx_word' id='word_1_300' title='bbox 989 3466 1008 3498; x_wconf 74' lang='grc' dir='ltr'><strong>ι</strong></span> <span class='ocrx_word' id='word_1_301' title='bbox 1035 3446 1107 3498; x_wconf 88' lang='grc' dir='ltr'><strong>Τὸ</strong></span> <span class='ocrx_word' id='word_1_302' title='bbox 1134 3445 1176 3497; x_wconf 86' lang='grc' dir='ltr'>δ’</span> <span class='ocrx_word' id='word_1_303' title='bbox 1202 3446 1387 3516; x_wconf 85' lang='grc' dir='ltr'>ὅμοιον</span> <span class='ocrx_word' id='word_1_304' title='bbox 1401 3442 1546 3497; x_wconf 78' lang='grc' dir='ltr'>ἔστιν</span> <span class='ocrx_word' id='word_1_305' title='bbox 1568 3445 1749 3515; x_wconf 87' lang='grc' dir='ltr'>εὑρεῖν</span> 
     </span>
    </p>
   </div>
   <div class='ocr_carea' id='block_1_39' title="bbox 169 3535 1751 3612">
    <p class='ocr_par' dir='ltr' id='par_1_39' title="bbox 169 3535 1751 3612">
     <span class='ocr_line' id='line_1_39' title="bbox 169 3535 1751 3612; baseline -0.003 -19"><span class='ocrx_word' id='word_1_306' title='bbox 169 3539 314 3610; x_wconf 78' lang='grc' dir='ltr'><strong>παρά</strong></span> <span class='ocrx_word' id='word_1_307' title='bbox 343 3541 420 3612; x_wconf 81' lang='grc' dir='ltr'><strong>τῷ</strong></span> <span class='ocrx_word' id='word_1_308' title='bbox 465 3540 597 3611; x_wconf 82' lang='grc' dir='ltr'>ἱερῷ</span> <span class='ocrx_word' id='word_1_309' title='bbox 630 3538 937 3609; x_wconf 86' lang='grc' dir='ltr'>Ἀποστόλῳ</span> <span class='ocrx_word' id='word_1_310' title='bbox 978 3538 1245 3609; x_wconf 74' lang='grc' dir='ltr'>φήσαντιο</span> <span class='ocrx_word' id='word_1_311' title='bbox 1280 3555 1297 3588; x_wconf 79' lang='grc' dir='ltr'><strong>ι</strong></span> <span class='ocrx_word' id='word_1_312' title='bbox 1332 3535 1453 3607; x_wconf 82' lang='grc' dir='ltr'><strong>Δῲη</strong></span> <span class='ocrx_word' id='word_1_313' title='bbox 1489 3538 1518 3589; x_wconf 88' lang='grc' dir='ltr'><strong>ό</strong></span> <span class='ocrx_word' id='word_1_314' title='bbox 1545 3535 1751 3607; x_wconf 85' lang='grc' dir='ltr'>Κύριος</span> 
     </span>
    </p>
   </div>
   <div class='ocr_carea' id='block_1_40' title="bbox 166 3626 1749 3706">
    <p class='ocr_par' dir='ltr' id='par_1_40' title="bbox 166 3626 1749 3706">
     <span class='ocr_line' id='line_1_40' title="bbox 166 3626 1749 3706; baseline -0.005 -19"><span class='ocrx_word' id='word_1_315' title='bbox 166 3632 305 3698; x_wconf 77' lang='grc' dir='ltr'>ἔλεος</span> <span class='ocrx_word' id='word_1_316' title='bbox 330 3634 408 3706; x_wconf 81' lang='grc' dir='ltr'>τῷ</span> <span class='ocrx_word' id='word_1_317' title='bbox 448 3631 803 3704; x_wconf 77' lang='grc' dir='ltr'>Ὀνησιφόρου</span> <span class='ocrx_word' id='word_1_318' title='bbox 826 3631 979 3701; x_wconf 80' lang='grc' dir='ltr'>οἴκῳ·</span> <span class='ocrx_word' id='word_1_319' title='bbox 1011 3648 1029 3681; x_wconf 72' lang='grc' dir='ltr'><strong>ι</strong></span> <span class='ocrx_word' id='word_1_320' title='bbox 1065 3630 1179 3682; x_wconf 86' lang='grc' dir='ltr'>καί·</span> <span class='ocrx_word' id='word_1_321' title='bbox 1215 3627 1364 3700; x_wconf 79' lang='grc' dir='ltr'>ιΔῴη</span> <span class='ocrx_word' id='word_1_322' title='bbox 1397 3626 1546 3697; x_wconf 87' lang='grc' dir='ltr'>αὐτῷ</span> <span class='ocrx_word' id='word_1_323' title='bbox 1569 3628 1749 3699; x_wconf 83' lang='grc' dir='ltr'>εὑρεῖν</span> 
     </span>
    </p>
   </div>
   <div class='ocr_carea' id='block_1_41' title="bbox 168 3718 1748 3799">
    <p class='ocr_par' dir='ltr' id='par_1_41' title="bbox 168 3718 1748 3799">
     <span class='ocr_line' id='line_1_41' title="bbox 168 3718 1748 3799; baseline -0.004 -20"><span class='ocrx_word' id='word_1_324' title='bbox 168 3725 307 3791; x_wconf 74' lang='grc' dir='ltr'>ἔλεος</span> <span class='ocrx_word' id='word_1_325' title='bbox 329 3727 480 3799; x_wconf 87' lang='grc' dir='ltr'><strong>παρά</strong></span> <span class='ocrx_word' id='word_1_326' title='bbox 500 3726 705 3796; x_wconf 85' lang='grc' dir='ltr'>Κυρίου</span> <span class='ocrx_word' id='word_1_327' title='bbox 730 3727 785 3779; x_wconf 80' lang='grc' dir='ltr'><strong>ἐν</strong></span> <span class='ocrx_word' id='word_1_328' title='bbox 821 3722 1003 3794; x_wconf 77' lang='grc' dir='ltr'>ἐκείνῃ</span> <span class='ocrx_word' id='word_1_329' title='bbox 1034 3724 1101 3793; x_wconf 81' lang='grc' dir='ltr'>τῇ</span> <span class='ocrx_word' id='word_1_330' title='bbox 1144 3721 1347 3793; x_wconf 81' lang='grc' dir='ltr'>ἡμέρᾳ.</span> <span class='ocrx_word' id='word_1_331' title='bbox 1382 3738 1401 3772; x_wconf 75' lang='grc' dir='ltr'><strong>ι</strong></span> <span class='ocrx_word' id='word_1_332' title='bbox 1448 3718 1605 3773; x_wconf 86' lang='grc' dir='ltr'>Ἀλλά</span> <span class='ocrx_word' id='word_1_333' title='bbox 1638 3718 1748 3790; x_wconf 83' lang='grc' dir='ltr'>γὰρ</span> 
     </span>
    </p>
   </div>
   <div class='ocr_carea' id='block_1_42' title="bbox 167 3812 1746 3891">
    <p class='ocr_par' dir='ltr' id='par_1_42' title="bbox 167 3812 1746 3891">
     <span class='ocr_line' id='line_1_42' title="bbox 167 3812 1746 3891; baseline -0.006 -19"><span class='ocrx_word' id='word_1_334' title='bbox 167 3818 224 3873; x_wconf 73' lang='grc' dir='ltr'>ὲν</span> <span class='ocrx_word' id='word_1_335' title='bbox 246 3820 452 3885; x_wconf 86' lang='grc' dir='ltr'>τούτοις</span> <span class='ocrx_word' id='word_1_336' title='bbox 485 3819 615 3891; x_wconf 76' lang='grc' dir='ltr'>περὶ</span> <span class='ocrx_word' id='word_1_337' title='bbox 657 3818 869 3888; x_wconf 82' lang='grc' dir='ltr'>[ἰατρὸς</span> <span class='ocrx_word' id='word_1_338' title='bbox 900 3818 991 3870; x_wconf 71' lang='grc' dir='ltr'><strong>καὶ</strong></span> <span class='ocrx_word' id='word_1_339' title='bbox 1034 3815 1167 3869; x_wconf 80' lang='grc' dir='ltr'>Υίοῦ</span> <span class='ocrx_word' id='word_1_340' title='bbox 1206 3812 1495 3887; x_wconf 73' lang='grc' dir='ltr'>διαρθροῦν</span> <span class='ocrx_word' id='word_1_341' title='bbox 1534 3812 1746 3880; x_wconf 87' lang='grc' dir='ltr'>λόγους,</span> 
     </span>
    </p>
   </div>
   <div class='ocr_carea' id='block_1_43' title="bbox 169 3903 1748 3983">
    <p class='ocr_par' dir='ltr' id='par_1_43' title="bbox 169 3903 1748 3983">
     <span class='ocr_line' id='line_1_43' title="bbox 169 3903 1748 3983; baseline -0.006 -17"><span class='ocrx_word' id='word_1_342' title='bbox 169 3909 243 3981; x_wconf 69' lang='grc' dir='ltr'>τῷ</span> <span class='ocrx_word' id='word_1_343' title='bbox 272 3913 367 3983; x_wconf 85' lang='grc' dir='ltr'><strong>μὲν</strong></span> <span class='ocrx_word' id='word_1_344' title='bbox 396 3914 645 3983; x_wconf 84' lang='grc' dir='ltr'>ἀγενήτῳ</span> <span class='ocrx_word' id='word_1_345' title='bbox 673 3911 767 3964; x_wconf 75' lang='grc' dir='ltr'><strong>καὶ</strong></span> <span class='ocrx_word' id='word_1_346' title='bbox 796 3910 970 3981; x_wconf 79' lang='grc' dir='ltr'>Πατρὶ</span> <span class='ocrx_word' id='word_1_347' title='bbox 998 3908 1105 3962; x_wconf 85' lang='grc' dir='ltr'>τῶν</span> <span class='ocrx_word' id='word_1_348' title='bbox 1139 3907 1276 3961; x_wconf 83' lang='grc' dir='ltr'>ὅλων</span> <span class='ocrx_word' id='word_1_349' title='bbox 1304 3907 1403 3978; x_wconf 84' lang='grc' dir='ltr'><strong>τὴν</strong></span> <span class='ocrx_word' id='word_1_350' title='bbox 1433 3903 1576 3960; x_wconf 86' lang='grc' dir='ltr'><strong>κατά</strong></span> <span class='ocrx_word' id='word_1_351' title='bbox 1610 3904 1748 3957; x_wconf 71' lang='grc' dir='ltr'>πάν-</span> 
     </span>
    </p>
   </div>
   <div class='ocr_carea' id='block_1_44' title="bbox 170 3995 1750 4070">
    <p class='ocr_par' dir='ltr' id='par_1_44' title="bbox 170 3995 1750 4070">
     <span class='ocr_line' id='line_1_44' title="bbox 170 3995 1750 4070; baseline -0.001 -20"><span class='ocrx_word' id='word_1_352' title='bbox 170 4013 272 4052; x_wconf 86' lang='grc' dir='ltr'><strong>των</strong></span> <span class='ocrx_word' id='word_1_353' title='bbox 293 4003 385 4054; x_wconf 72' lang='grc' dir='ltr'>καὶ</span> <span class='ocrx_word' id='word_1_354' title='bbox 405 4001 707 4055; x_wconf 71' lang='grc' dir='ltr'>κατάύτοῦ</span> <span class='ocrx_word' id='word_1_355' title='bbox 736 4000 829 4053; x_wconf 71' lang='grc' dir='ltr'>τοῦ</span> <span class='ocrx_word' id='word_1_356' title='bbox 857 3999 989 4052; x_wconf 75' lang='grc' dir='ltr'>Υἱοῦ</span> <span class='ocrx_word' id='word_1_357' title='bbox 1018 3999 1210 4070; x_wconf 89' lang='grc' dir='ltr'>κυρίαν</span> <span class='ocrx_word' id='word_1_358' title='bbox 1227 4015 1285 4051; x_wconf 88' lang='grc' dir='ltr'><strong>τε</strong></span> <span class='ocrx_word' id='word_1_359' title='bbox 1312 3996 1407 4051; x_wconf 72' lang='grc' dir='ltr'><strong>καὶ</strong></span> <span class='ocrx_word' id='word_1_360' title='bbox 1434 3995 1750 4049; x_wconf 81' lang='grc' dir='ltr'>αὐθεντείαν</span> 
     </span>
    </p>
   </div>
   <div class='ocr_carea' id='block_1_45' title="bbox 172 4086 1749 4165">
    <p class='ocr_par' dir='ltr' id='par_1_45' title="bbox 172 4086 1749 4165">
     <span class='ocr_line' id='line_1_45' title="bbox 172 4086 1749 4165; baseline -0.003 -22"><span class='ocrx_word' id='word_1_361' title='bbox 172 4091 515 4157; x_wconf 84' lang='grc' dir='ltr'>ἀνατιθέντας</span> <span class='ocrx_word' id='word_1_362' title='bbox 534 4137 548 4160; x_wconf 87' lang='grc'><strong>,</strong></span> <span class='ocrx_word' id='word_1_363' title='bbox 579 4092 657 4165; x_wconf 80' lang='grc' dir='ltr'><strong>τῷ</strong></span> <span class='ocrx_word' id='word_1_364' title='bbox 692 4093 750 4146; x_wconf 83' lang='grc' dir='ltr'>δὲ</span> <span class='ocrx_word' id='word_1_365' title='bbox 778 4091 856 4163; x_wconf 84' lang='grc' dir='ltr'><strong>τῷ</strong></span> <span class='ocrx_word' id='word_1_366' title='bbox 891 4092 1051 4162; x_wconf 83' lang='grc' dir='ltr'>Λόγῳ</span> <span class='ocrx_word' id='word_1_367' title='bbox 1084 4090 1153 4143; x_wconf 81' lang='grc' dir='ltr'>τὰ</span> <span class='ocrx_word' id='word_1_368' title='bbox 1180 4089 1459 4160; x_wconf 85' lang='grc' dir='ltr'>δευτερεῖα</span> <span class='ocrx_word' id='word_1_369' title='bbox 1495 4086 1633 4159; x_wconf 86' lang='grc' dir='ltr'><strong>μετά</strong></span> <span class='ocrx_word' id='word_1_370' title='bbox 1660 4087 1749 4140; x_wconf 86' lang='grc' dir='ltr'><strong>τὸν</strong></span> 
     </span>
    </p>
   </div>
   <div class='ocr_carea' id='block_1_46' title="bbox 173 4181 1749 4257">
    <p class='ocr_par' dir='ltr' id='par_1_46' title="bbox 173 4181 1749 4257">
     <span class='ocr_line' id='line_1_46' title="bbox 173 4181 1749 4257; baseline -0.001 -23"><span class='ocrx_word' id='word_1_371' title='bbox 173 4181 383 4257; x_wconf 86' lang='grc' dir='ltr'>Πατέρα</span> <span class='ocrx_word' id='word_1_372' title='bbox 406 4187 506 4255; x_wconf 83' lang='grc' dir='ltr'>τῆς</span> <span class='ocrx_word' id='word_1_373' title='bbox 539 4186 680 4240; x_wconf 88' lang='grc' dir='ltr'><strong>κατά</strong></span> <span class='ocrx_word' id='word_1_374' title='bbox 712 4186 928 4238; x_wconf 82' lang='grc' dir='ltr'>πάντων</span> <span class='ocrx_word' id='word_1_375' title='bbox 950 4182 1059 4235; x_wconf 83' lang='grc' dir='ltr'>τῶν</span> <span class='ocrx_word' id='word_1_376' title='bbox 1086 4181 1464 4252; x_wconf 82' lang='grc' dir='ltr'>γεγενημένων</span> <span class='ocrx_word' id='word_1_377' title='bbox 1486 4181 1661 4252; x_wconf 77' lang='grc' dir='ltr'>ἀρχῆς</span> <span class='ocrx_word' id='word_1_378' title='bbox 1690 4197 1749 4233; x_wconf 88' lang='grc' dir='ltr'><strong>τε</strong></span> 
     </span>
    </p>
   </div>
   <div class='ocr_carea' id='block_1_47' title="bbox 174 4270 1753 4347">
    <p class='ocr_par' dir='ltr' id='par_1_47' title="bbox 174 4270 1753 4347">
     <span class='ocr_line' id='line_1_47' title="bbox 174 4270 1753 4347; baseline 0 -22"><span class='ocrx_word' id='word_1_379' title='bbox 174 4274 262 4326; x_wconf 74' lang='grc' dir='ltr'>καὶ</span> <span class='ocrx_word' id='word_1_380' title='bbox 284 4274 597 4340; x_wconf 81' lang='grc' dir='ltr'>δεσποτείας</span> <span class='ocrx_word' id='word_1_381' title='bbox 616 4276 1006 4347; x_wconf 88' lang='grc' dir='ltr'>ἀπονέμοντας.</span> <span class='ocrx_word' id='word_1_382' title='bbox 1035 4276 1126 4337; x_wconf 70' lang='grc' dir='ltr'>Δὶς</span> <span class='ocrx_word' id='word_1_383' title='bbox 1148 4272 1205 4327; x_wconf 82' lang='grc' dir='ltr'>δὲ</span> <span class='ocrx_word' id='word_1_384' title='bbox 1229 4272 1465 4327; x_wconf 71' lang='grc' dir='ltr'>ἐνταῦθα</span> <span class='ocrx_word' id='word_1_385' title='bbox 1495 4270 1753 4344; x_wconf 76' lang='grc' dir='ltr'>ὀνομαζο-</span> 
     </span>
    </p>
   </div>
   <div class='ocr_carea' id='block_1_48' title="bbox 177 4363 1753 4439">
    <p class='ocr_par' dir='ltr' id='par_1_48' title="bbox 177 4363 1753 4439">
     <span class='ocr_line' id='line_1_48' title="bbox 177 4363 1753 4439; baseline -0.003 -18"><span class='ocrx_word' id='word_1_386' title='bbox 177 4363 328 4433; x_wconf 81' lang='grc' dir='ltr'>μένου</span> <span class='ocrx_word' id='word_1_387' title='bbox 358 4367 453 4421; x_wconf 85' lang='grc' dir='ltr'>τοῦ</span> <span class='ocrx_word' id='word_1_388' title='bbox 484 4367 711 4439; x_wconf 84' lang='grc' dir='ltr'>Κυρίου,</span> <span class='ocrx_word' id='word_1_389' title='bbox 737 4367 880 4421; x_wconf 87' lang='grc' dir='ltr'><strong>κατά</strong></span> <span class='ocrx_word' id='word_1_390' title='bbox 904 4367 997 4420; x_wconf 88' lang='grc' dir='ltr'>τό·</span> <span class='ocrx_word' id='word_1_391' title='bbox 1037 4365 1316 4435; x_wconf 79' lang='grc' dir='ltr'>Ἔϐρεξεν</span> <span class='ocrx_word' id='word_1_392' title='bbox 1336 4365 1552 4433; x_wconf 83' lang='grc' dir='ltr'>Κύριος</span> <span class='ocrx_word' id='word_1_393' title='bbox 1591 4364 1753 4433; x_wconf 79' lang='grc' dir='ltr'>παρὰ</span> 
     </span>
    </p>
   </div>
   <div class='ocr_carea' id='block_1_49' title="bbox 1843 483 3437 559">
    <p class='ocr_par' dir='ltr' id='par_1_49' title="bbox 1843 483 3437 559">
     <span class='ocr_line' id='line_1_49' title="bbox 1843 483 3437 559; baseline 0 -17"><span class='ocrx_word' id='word_1_394' title='bbox 1843 485 2036 550; x_wconf 86' lang='lat' dir='ltr'><strong>Deum,</strong></span> <span class='ocrx_word' id='word_1_395' title='bbox 2072 486 2219 556; x_wconf 87' lang='lat' dir='ltr'><strong>quod</strong></span> <span class='ocrx_word' id='word_1_396' title='bbox 2280 483 2596 549; x_wconf 81' lang='lat' dir='ltr'><strong>adveniens,</strong></span> <span class='ocrx_word' id='word_1_397' title='bbox 2634 499 2834 555; x_wconf 89' lang='lat' dir='ltr'><strong>resque</strong></span> <span class='ocrx_word' id='word_1_398' title='bbox 2889 484 3171 540; x_wconf 85' lang='lat' dir='ltr'><strong>hominum</strong></span> <span class='ocrx_word' id='word_1_399' title='bbox 3212 504 3242 540; x_wconf 92' lang='lat' dir='ltr'><strong>a</strong></span> <span class='ocrx_word' id='word_1_400' title='bbox 3285 489 3437 559; x_wconf 87' lang='lat' dir='ltr'><strong>prin-</strong></span> 
     </span>
    </p>
   </div>
   <div class='ocr_carea' id='block_1_50' title="bbox 1842 578 3432 650">
    <p class='ocr_par' dir='ltr' id='par_1_50' title="bbox 1842 578 3432 650">
     <span class='ocr_line' id='line_1_50' title="bbox 1842 578 3432 650; baseline 0.003 -17"><span class='ocrx_word' id='word_1_401' title='bbox 1842 579 1987 650; x_wconf 86' lang='lat' dir='ltr'><strong>cipio</strong></span> <span class='ocrx_word' id='word_1_402' title='bbox 2022 578 2321 649; x_wconf 84' lang='lat' dir='ltr'><strong>inspiciens</strong></span> <span class='ocrx_word' id='word_1_403' title='bbox 2383 586 2547 648; x_wconf 89' lang='lat' dir='ltr'><strong>atque</strong></span> <span class='ocrx_word' id='word_1_404' title='bbox 2601 578 2937 649; x_wconf 78' lang='lat' dir='ltr'><strong>gubernans,</strong></span> <span class='ocrx_word' id='word_1_405' title='bbox 2996 580 3432 650; x_wconf 84' lang='lat' dir='ltr'><strong>praecellentibus</strong></span> 
     </span>
    </p>
   </div>
   <div class='ocr_carea' id='block_1_51' title="bbox 1843 670 3431 744">
    <p class='ocr_par' dir='ltr' id='par_1_51' title="bbox 1843 670 3431 744">
     <span class='ocr_line' id='line_1_51' title="bbox 1843 670 3431 744; baseline 0.003 -19"><span class='ocrx_word' id='word_1_406' title='bbox 1843 670 2375 744; x_wconf 86' lang='lat' dir='ltr'><strong>perfectioribusque</strong></span> <span class='ocrx_word' id='word_1_407' title='bbox 2415 671 2575 736; x_wconf 87' lang='lat' dir='ltr'><strong>viris,</strong></span> <span class='ocrx_word' id='word_1_408' title='bbox 2620 671 2814 740; x_wconf 84' lang='lat' dir='ltr'><strong>quales</strong></span> <span class='ocrx_word' id='word_1_409' title='bbox 2853 682 3011 726; x_wconf 87' lang='lat' dir='ltr'><strong>erant</strong></span> <span class='ocrx_word' id='word_1_410' title='bbox 3062 670 3431 743; x_wconf 86' lang='lat' dir='ltr'><strong>Abrahamus,</strong></span> 
     </span>
    </p>
   </div>
   <div class='ocr_carea' id='block_1_52' title="bbox 1841 762 3432 834">
    <p class='ocr_par' dir='ltr' id='par_1_52' title="bbox 1841 762 3432 834">
     <span class='ocr_line' id='line_1_52' title="bbox 1841 762 3432 834; baseline 0 -16"><span class='ocrx_word' id='word_1_411' title='bbox 1841 763 2063 820; x_wconf 88' lang='lat' dir='ltr'><strong>lsaacus</strong></span> <span class='ocrx_word' id='word_1_412' title='bbox 2093 771 2257 834; x_wconf 89' lang='lat' dir='ltr'><strong>atque</strong></span> <span class='ocrx_word' id='word_1_413' title='bbox 2276 762 2539 828; x_wconf 82' lang='lat' dir='ltr'><strong>Jacobus,</strong></span> <span class='ocrx_word' id='word_1_414' title='bbox 2591 779 2687 832; x_wconf 90' lang='lat' dir='ltr'><strong>per</strong></span> <span class='ocrx_word' id='word_1_415' title='bbox 2728 763 2971 832; x_wconf 86' lang='lat' dir='ltr'><strong>seipsum</strong></span> <span class='ocrx_word' id='word_1_416' title='bbox 3021 763 3432 820; x_wconf 74' lang='lat' dir='ltr'><strong>manifestatum</strong></span> 
     </span>
    </p>
   </div>
   <div class='ocr_carea' id='block_1_53' title="bbox 1842 852 3435 923">
    <p class='ocr_par' dir='ltr' id='par_1_53' title="bbox 1842 852 3435 923">
     <span class='ocr_line' id='line_1_53' title="bbox 1842 852 3435 923; baseline -0.002 -14"><span class='ocrx_word' id='word_1_417' title='bbox 1842 860 1949 909; x_wconf 82' lang='lat' dir='ltr'><strong>est.</strong></span> <span class='ocrx_word' id='word_1_418' title='bbox 1980 854 2054 909; x_wconf 87' lang='lat' dir='ltr'><strong>lis</strong></span> <span class='ocrx_word' id='word_1_419' title='bbox 2084 868 2215 908; x_wconf 85' lang='lat' dir='ltr'><strong>vero</strong></span> <span class='ocrx_word' id='word_1_420' title='bbox 2231 853 2325 923; x_wconf 88' lang='lat' dir='ltr'><strong>qui</strong></span> <span class='ocrx_word' id='word_1_421' title='bbox 2376 861 2538 907; x_wconf 72' lang='lat' dir='ltr'><strong>tantae</strong></span> <span class='ocrx_word' id='word_1_422' title='bbox 2573 852 2760 907; x_wconf 89' lang='lat' dir='ltr'><strong>virtuti</strong></span> <span class='ocrx_word' id='word_1_423' title='bbox 2820 853 3058 922; x_wconf 88' lang='lat' dir='ltr'><strong>impares</strong></span> <span class='ocrx_word' id='word_1_424' title='bbox 3079 862 3257 916; x_wconf 87' lang='lat' dir='ltr'><strong>erant,</strong></span> <span class='ocrx_word' id='word_1_425' title='bbox 3291 855 3435 908; x_wconf 86' lang='lat' dir='ltr'><strong>sicut</strong></span> 
     </span>
    </p>
   </div>
   <div class='ocr_carea' id='block_1_54' title="bbox 1842 942 3436 1012">
    <p class='ocr_par' dir='ltr' id='par_1_54' title="bbox 1842 942 3436 1012">
     <span class='ocr_line' id='line_1_54' title="bbox 1842 942 3436 1012; baseline -0.001 -12"><span class='ocrx_word' id='word_1_426' title='bbox 1842 953 1961 1001; x_wconf 88' lang='lat' dir='ltr'><strong>erat</strong></span> <span class='ocrx_word' id='word_1_427' title='bbox 1984 945 2109 1012; x_wconf 87' lang='lat' dir='ltr'><strong>Lot,</strong></span> <span class='ocrx_word' id='word_1_428' title='bbox 2159 954 2214 1001; x_wconf 87' lang='lat' dir='ltr'><strong>et</strong></span> <span class='ocrx_word' id='word_1_429' title='bbox 2240 945 2298 1000; x_wconf 90' lang='lat' dir='ltr'><strong>in</strong></span> <span class='ocrx_word' id='word_1_430' title='bbox 2346 943 2635 1001; x_wconf 74' lang='lat' dir='ltr'><strong>Iudicibus</strong></span> <span class='ocrx_word' id='word_1_431' title='bbox 2669 942 2892 1002; x_wconf 87' lang='lat' dir='ltr'><strong>Gedeon</strong></span> <span class='ocrx_word' id='word_1_432' title='bbox 2923 953 2979 1000; x_wconf 94' lang='lat' dir='ltr'><strong>et</strong></span> <span class='ocrx_word' id='word_1_433' title='bbox 3009 943 3222 1011; x_wconf 84' lang='lat' dir='ltr'><strong>Manoe,</strong></span> <span class='ocrx_word' id='word_1_434' title='bbox 3277 954 3436 1000; x_wconf 61' lang='lat' dir='ltr'><strong>cane-</strong></span> 
     </span>
    </p>
   </div>
   <div class='ocr_carea' id='block_1_55' title="bbox 1841 1035 3434 1108">
    <p class='ocr_par' dir='ltr' id='par_1_55' title="bbox 1841 1035 3434 1108">
     <span class='ocr_line' id='line_1_55' title="bbox 1841 1035 3434 1108; baseline -0.001 -16"><span class='ocrx_word' id='word_1_435' title='bbox 1841 1038 2031 1108; x_wconf 87' lang='lat' dir='ltr'><strong>risque</strong></span> <span class='ocrx_word' id='word_1_436' title='bbox 2051 1052 2238 1093; x_wconf 88' lang='lat' dir='ltr'><strong>eorum</strong></span> <span class='ocrx_word' id='word_1_437' title='bbox 2278 1037 2572 1102; x_wconf 89' lang='lat' dir='ltr'><strong>similibus,</strong></span> <span class='ocrx_word' id='word_1_438' title='bbox 2626 1035 2903 1091; x_wconf 89' lang='lat' dir='ltr'><strong>ministris</strong></span> <span class='ocrx_word' id='word_1_439' title='bbox 2927 1036 3241 1106; x_wconf 80' lang='lat' dir='ltr'><strong>legatisque</strong></span> <span class='ocrx_word' id='word_1_440' title='bbox 3272 1050 3434 1106; x_wconf 87' lang='lat' dir='ltr'><strong>ange-</strong></span> 
     </span>
    </p>
   </div>
   <div class='ocr_carea' id='block_1_56' title="bbox 1844 1127 3434 1202">
    <p class='ocr_par' dir='ltr' id='par_1_56' title="bbox 1844 1127 3434 1202">
     <span class='ocr_line' id='line_1_56' title="bbox 1844 1127 3434 1202; baseline -0.001 -16"><span class='ocrx_word' id='word_1_441' title='bbox 1844 1133 1912 1188; x_wconf 91' lang='lat' dir='ltr'><strong>lis</strong></span> <span class='ocrx_word' id='word_1_442' title='bbox 1941 1131 2038 1202; x_wconf 88' lang='lat' dir='ltr'><strong>qui</strong></span> <span class='ocrx_word' id='word_1_443' title='bbox 2070 1131 2175 1186; x_wconf 91' lang='lat' dir='ltr'><strong>sibi</strong></span> <span class='ocrx_word' id='word_1_444' title='bbox 2208 1130 2439 1200; x_wconf 87' lang='lat' dir='ltr'><strong>subjecti</strong></span> <span class='ocrx_word' id='word_1_445' title='bbox 2471 1135 2630 1184; x_wconf 87' lang='lat' dir='ltr'><strong>erant</strong></span> <span class='ocrx_word' id='word_1_446' title='bbox 2690 1144 2847 1192; x_wconf 90' lang='lat' dir='ltr'><strong>usus,</strong></span> <span class='ocrx_word' id='word_1_447' title='bbox 2876 1127 3113 1183; x_wconf 81' lang='lat' dir='ltr'><strong>diversis</strong></span> <span class='ocrx_word' id='word_1_448' title='bbox 3147 1129 3434 1200; x_wconf 86' lang='lat' dir='ltr'><strong>variisque</strong></span> 
     </span>
    </p>
   </div>
   <div class='ocr_carea' id='block_1_57' title="bbox 1843 1219 3435 1294">
    <p class='ocr_par' dir='ltr' id='par_1_57' title="bbox 1843 1219 3435 1294">
     <span class='ocr_line' id='line_1_57' title="bbox 1843 1219 3435 1294; baseline -0.003 -14"><span class='ocrx_word' id='word_1_449' title='bbox 1843 1225 2023 1280; x_wconf 90' lang='lat' dir='ltr'><strong>modis</strong></span> <span class='ocrx_word' id='word_1_450' title='bbox 2044 1239 2142 1294; x_wconf 92' lang='lat' dir='ltr'><strong>per</strong></span> <span class='ocrx_word' id='word_1_451' title='bbox 2168 1238 2264 1278; x_wconf 86' lang='lat' dir='ltr'><strong>eos</strong></span> <span class='ocrx_word' id='word_1_452' title='bbox 2293 1221 2551 1276; x_wconf 84' lang='lat' dir='ltr'><strong>mandata</strong></span> <span class='ocrx_word' id='word_1_453' title='bbox 2584 1235 2683 1275; x_wconf 90' lang='lat' dir='ltr'><strong>sua</strong></span> <span class='ocrx_word' id='word_1_454' title='bbox 2715 1219 3099 1275; x_wconf 88' lang='lat' dir='ltr'><strong>denuntiabat.</strong></span> <span class='ocrx_word' id='word_1_455' title='bbox 3133 1219 3274 1276; x_wconf 86' lang='lat' dir='ltr'><strong>Huic</strong></span> <span class='ocrx_word' id='word_1_456' title='bbox 3331 1221 3435 1293; x_wconf 83' lang='lat' dir='ltr'><strong>igi-</strong></span> 
     </span>
    </p>
   </div>
   <div class='ocr_carea' id='block_1_58' title="bbox 1844 1312 3437 1389">
    <p class='ocr_par' dir='ltr' id='par_1_58' title="bbox 1844 1312 3437 1389">
     <span class='ocr_line' id='line_1_58' title="bbox 1844 1312 3437 1389; baseline 0.001 -19"><span class='ocrx_word' id='word_1_457' title='bbox 1844 1325 1935 1372; x_wconf 91' lang='lat' dir='ltr'><strong>tur</strong></span> <span class='ocrx_word' id='word_1_458' title='bbox 1966 1315 2133 1389; x_wconf 85' lang='lat' dir='ltr'><strong>Agar,</strong></span> <span class='ocrx_word' id='word_1_459' title='bbox 2163 1331 2288 1371; x_wconf 84' lang='lat' dir='ltr'><strong>cum</strong></span> <span class='ocrx_word' id='word_1_460' title='bbox 2336 1315 2512 1387; x_wconf 86' lang='lat' dir='ltr'><strong>ipsius</strong></span> <span class='ocrx_word' id='word_1_461' title='bbox 2556 1314 2729 1369; x_wconf 86' lang='lat' dir='ltr'><strong>divini</strong></span> <span class='ocrx_word' id='word_1_462' title='bbox 2788 1312 2952 1370; x_wconf 86' lang='lat' dir='ltr'><strong>Verbi</strong></span> <span class='ocrx_word' id='word_1_463' title='bbox 3000 1312 3266 1370; x_wconf 88' lang='lat' dir='ltr'><strong>visionem</strong></span> <span class='ocrx_word' id='word_1_464' title='bbox 3292 1314 3437 1371; x_wconf 83' lang='lat' dir='ltr'><strong>ferre</strong></span> 
     </span>
    </p>
   </div>
   <div class='ocr_carea' id='block_1_59' title="bbox 1845 1406 3429 1479">
    <p class='ocr_par' dir='ltr' id='par_1_59' title="bbox 1845 1406 3429 1479">
     <span class='ocr_line' id='line_1_59' title="bbox 1845 1406 3429 1479; baseline -0.001 -17"><span class='ocrx_word' id='word_1_465' title='bbox 1845 1410 2120 1478; x_wconf 76' lang='lat' dir='ltr'><strong>nequiret,</strong></span> <span class='ocrx_word' id='word_1_466' title='bbox 2149 1423 2243 1475; x_wconf 88' lang='lat' dir='ltr'><strong>per</strong></span> <span class='ocrx_word' id='word_1_467' title='bbox 2294 1407 2549 1479; x_wconf 80' lang='lat' dir='ltr'><strong>angelum</strong></span> <span class='ocrx_word' id='word_1_468' title='bbox 2606 1422 2728 1477; x_wconf 69' lang='lat' dir='ltr'><strong>qua:</strong></span> <span class='ocrx_word' id='word_1_469' title='bbox 2749 1406 2921 1461; x_wconf 89' lang='lat' dir='ltr'><strong>relata</strong></span> <span class='ocrx_word' id='word_1_470' title='bbox 2969 1414 3099 1462; x_wconf 88' lang='lat' dir='ltr'><strong>sunt</strong></span> <span class='ocrx_word' id='word_1_471' title='bbox 3130 1406 3429 1478; x_wconf 83' lang='lat' dir='ltr'><strong>signiﬁcat.</strong></span> 
     </span>
    </p>
   </div>
   <div class='ocr_carea' id='block_1_60' title="bbox 1843 1498 3433 1571">
    <p class='ocr_par' dir='ltr' id='par_1_60' title="bbox 1843 1498 3433 1571">
     <span class='ocr_line' id='line_1_60' title="bbox 1843 1498 3433 1571; baseline -0.001 -17"><span class='ocrx_word' id='word_1_472' title='bbox 1843 1500 2049 1556; x_wconf 81' lang='lat' dir='ltr'><strong>Jacobo</strong></span> <span class='ocrx_word' id='word_1_473' title='bbox 2104 1500 2269 1556; x_wconf 88' lang='lat' dir='ltr'><strong>etiam</strong></span> <span class='ocrx_word' id='word_1_474' title='bbox 2321 1516 2420 1571; x_wconf 84' lang='lat' dir='ltr'><strong>per</strong></span> <span class='ocrx_word' id='word_1_475' title='bbox 2473 1501 2699 1570; x_wconf 83' lang='lat' dir='ltr'><strong>angelos</strong></span> <span class='ocrx_word' id='word_1_476' title='bbox 2758 1498 3177 1564; x_wconf 82' lang='lat' dir='ltr'><strong>manifestatur;</strong></span> <span class='ocrx_word' id='word_1_477' title='bbox 3239 1514 3433 1554; x_wconf 85' lang='lat' dir='ltr'><strong>verum</strong></span> 
     </span>
    </p>
   </div>
   <div class='ocr_carea' id='block_1_61' title="bbox 1847 1592 3437 1664">
    <p class='ocr_par' dir='ltr' id='par_1_61' title="bbox 1847 1592 3437 1664">
     <span class='ocr_line' id='line_1_61' title="bbox 1847 1592 3437 1664; baseline 0 -16"><span class='ocrx_word' id='word_1_478' title='bbox 1847 1593 2221 1649; x_wconf 87' lang='lat' dir='ltr'><strong>animadverte</strong></span> <span class='ocrx_word' id='word_1_479' title='bbox 2248 1594 2393 1664; x_wconf 89' lang='lat' dir='ltr'><strong>quod</strong></span> <span class='ocrx_word' id='word_1_480' title='bbox 2425 1593 2520 1648; x_wconf 87' lang='lat' dir='ltr'><strong>tali</strong></span> <span class='ocrx_word' id='word_1_481' title='bbox 2573 1592 2737 1649; x_wconf 89' lang='lat' dir='ltr'><strong>modo</strong></span> <span class='ocrx_word' id='word_1_482' title='bbox 2768 1593 2895 1647; x_wconf 87' lang='lat' dir='ltr'><strong>huic</strong></span> <span class='ocrx_word' id='word_1_483' title='bbox 2940 1593 3094 1648; x_wconf 85' lang='lat' dir='ltr'><strong>visus</strong></span> <span class='ocrx_word' id='word_1_484' title='bbox 3123 1600 3228 1657; x_wconf 86' lang='lat' dir='ltr'><strong>est,</strong></span> <span class='ocrx_word' id='word_1_485' title='bbox 3256 1593 3437 1648; x_wconf 85' lang='lat' dir='ltr'><strong>adhuc</strong></span> 
     </span>
    </p>
   </div>
   <div class='ocr_carea' id='block_1_62' title="bbox 1848 1685 3435 1756">
    <p class='ocr_par' dir='ltr' id='par_1_62' title="bbox 1848 1685 3435 1756">
     <span class='ocr_line' id='line_1_62' title="bbox 1848 1685 3435 1756; baseline 0.001 -16"><span class='ocrx_word' id='word_1_486' title='bbox 1848 1685 2170 1741; x_wconf 84' lang='lat' dir='ltr'><strong>inﬁrmioris</strong></span> <span class='ocrx_word' id='word_1_487' title='bbox 2202 1685 2470 1753; x_wconf 87' lang='lat' dir='ltr'><strong>virtutis;</strong></span> <span class='ocrx_word' id='word_1_488' title='bbox 2523 1700 2649 1740; x_wconf 90' lang='lat' dir='ltr'><strong>cum</strong></span> <span class='ocrx_word' id='word_1_489' title='bbox 2697 1692 2878 1741; x_wconf 88' lang='lat' dir='ltr'><strong>autem</strong></span> <span class='ocrx_word' id='word_1_490' title='bbox 2918 1685 3213 1756; x_wconf 87' lang='lat' dir='ltr'><strong>profecerit</strong></span> <span class='ocrx_word' id='word_1_491' title='bbox 3259 1693 3314 1742; x_wconf 90' lang='lat' dir='ltr'><strong>et</strong></span> <span class='ocrx_word' id='word_1_492' title='bbox 3364 1687 3435 1741; x_wconf 91' lang='lat' dir='ltr'><strong>ad</strong></span> 
     </span>
    </p>
   </div>
   <div class='ocr_carea' id='block_1_63' title="bbox 1850 1777 3440 1849">
    <p class='ocr_par' dir='ltr' id='par_1_63' title="bbox 1850 1777 3440 1849">
     <span class='ocr_line' id='line_1_63' title="bbox 1850 1777 3440 1849; baseline 0 -16"><span class='ocrx_word' id='word_1_493' title='bbox 1850 1778 2240 1849; x_wconf 81' lang='lat' dir='ltr'><strong>perfectionem</strong></span> <span class='ocrx_word' id='word_1_494' title='bbox 2298 1778 2643 1847; x_wconf 86' lang='lat' dir='ltr'><strong>pervenerit,</strong></span> <span class='ocrx_word' id='word_1_495' title='bbox 2701 1777 2847 1833; x_wconf 87' lang='lat' dir='ltr'><strong>nuda</strong></span> <span class='ocrx_word' id='word_1_496' title='bbox 2897 1787 2952 1834; x_wconf 88' lang='lat' dir='ltr'><strong>et</strong></span> <span class='ocrx_word' id='word_1_497' title='bbox 3006 1787 3194 1848; x_wconf 88' lang='lat' dir='ltr'><strong>aperta</strong></span> <span class='ocrx_word' id='word_1_498' title='bbox 3235 1779 3440 1837; x_wconf 77' lang='lat' dir='ltr'><strong>suimet</strong></span> 
     </span>
    </p>
   </div>
   <div class='ocr_carea' id='block_1_64' title="bbox 1851 1866 3437 1940">
    <p class='ocr_par' dir='ltr' id='par_1_64' title="bbox 1851 1866 3437 1940">
     <span class='ocr_line' id='line_1_64' title="bbox 1851 1866 3437 1940; baseline 0.001 -17"><span class='ocrx_word' id='word_1_499' title='bbox 1851 1867 2273 1923; x_wconf 83' lang='lat' dir='ltr'><strong>conversatione</strong></span> <span class='ocrx_word' id='word_1_500' title='bbox 2304 1866 2561 1940; x_wconf 80' lang='lat' dir='ltr'><strong>dignatur</strong></span> <span class='ocrx_word' id='word_1_501' title='bbox 2591 1883 2740 1933; x_wconf 90' lang='lat' dir='ltr'><strong>eum,</strong></span> <span class='ocrx_word' id='word_1_502' title='bbox 2798 1882 2901 1923; x_wconf 90' lang='lat' dir='ltr'><strong>nec</strong></span> <span class='ocrx_word' id='word_1_503' title='bbox 2942 1867 3053 1937; x_wconf 84' lang='lat' dir='ltr'><strong>jam</strong></span> <span class='ocrx_word' id='word_1_504' title='bbox 3088 1883 3186 1939; x_wconf 87' lang='lat' dir='ltr'><strong>per</strong></span> <span class='ocrx_word' id='word_1_505' title='bbox 3211 1870 3437 1939; x_wconf 66' lang='lat' dir='ltr'><strong>angelos</strong></span> 
     </span>
    </p>
   </div>
   <div class='ocr_carea' id='block_1_65' title="bbox 1853 1960 3439 2032">
    <p class='ocr_par' dir='ltr' id='par_1_65' title="bbox 1853 1960 3439 2032">
     <span class='ocr_line' id='line_1_65' title="bbox 1853 1960 3439 2032; baseline 0.002 -17"><span class='ocrx_word' id='word_1_506' title='bbox 1853 1968 2018 2032; x_wconf 83' lang='lat' dir='ltr'><strong>atque</strong></span> <span class='ocrx_word' id='word_1_507' title='bbox 2042 1961 2393 2031; x_wconf 89' lang='lat' dir='ltr'><strong>interpretes,</strong></span> <span class='ocrx_word' id='word_1_508' title='bbox 2432 1960 2530 2016; x_wconf 90' lang='lat' dir='ltr'><strong>sed</strong></span> <span class='ocrx_word' id='word_1_509' title='bbox 2568 1960 2687 2031; x_wconf 85' lang='lat' dir='ltr'><strong>ipse</strong></span> <span class='ocrx_word' id='word_1_510' title='bbox 2740 1975 2837 2031; x_wconf 87' lang='lat' dir='ltr'><strong>per</strong></span> <span class='ocrx_word' id='word_1_511' title='bbox 2877 1961 3123 2032; x_wconf 88' lang='lat' dir='ltr'><strong>seipsum</strong></span> <span class='ocrx_word' id='word_1_512' title='bbox 3169 1960 3439 2018; x_wconf 83' lang='lat' dir='ltr'><strong>Dominus</strong></span> 
     </span>
    </p>
   </div>
   <div class='ocr_carea' id='block_1_66' title="bbox 1853 2051 3441 2125">
    <p class='ocr_par' dir='ltr' id='par_1_66' title="bbox 1853 2051 3441 2125">
     <span class='ocr_line' id='line_1_66' title="bbox 1853 2051 3441 2125; baseline 0.002 -16"><span class='ocrx_word' id='word_1_513' title='bbox 1853 2060 1906 2109; x_wconf 93' lang='lat' dir='ltr'><strong>et</strong></span> <span class='ocrx_word' id='word_1_514' title='bbox 1938 2053 2084 2110; x_wconf 87' lang='lat' dir='ltr'><strong>Deus</strong></span> <span class='ocrx_word' id='word_1_515' title='bbox 2134 2051 2400 2119; x_wconf 82' lang='lat' dir='ltr'><strong>Verbum,</strong></span> <span class='ocrx_word' id='word_1_516' title='bbox 2458 2053 2733 2110; x_wconf 66' lang='lat' dir='ltr'><strong>srcundas</strong></span> <span class='ocrx_word' id='word_1_517' title='bbox 2786 2055 2842 2109; x_wconf 91' lang='lat' dir='ltr'><strong>in</strong></span> <span class='ocrx_word' id='word_1_518' title='bbox 2886 2062 3114 2125; x_wconf 85' lang='lat' dir='ltr'><strong>paterna</strong></span> <span class='ocrx_word' id='word_1_519' title='bbox 3152 2055 3441 2113; x_wconf 84' lang='lat' dir='ltr'><strong>divinitate</strong></span> 
     </span>
    </p>
   </div>
   <div class='ocr_carea' id='block_1_67' title="bbox 1853 2142 3441 2215">
    <p class='ocr_par' dir='ltr' id='par_1_67' title="bbox 1853 2142 3441 2215">
     <span class='ocr_line' id='line_1_67' title="bbox 1853 2142 3441 2215; baseline 0.006 -22"><span class='ocrx_word' id='word_1_520' title='bbox 1853 2149 2039 2212; x_wconf 90' lang='lat' dir='ltr'><strong>partes</strong></span> <span class='ocrx_word' id='word_1_521' title='bbox 2095 2142 2326 2208; x_wconf 90' lang='lat' dir='ltr'><strong>habens,</strong></span> <span class='ocrx_word' id='word_1_522' title='bbox 2362 2143 2642 2215; x_wconf 86' lang='lat' dir='ltr'><strong>propriam</strong></span> <span class='ocrx_word' id='word_1_523' title='bbox 2685 2144 2754 2198; x_wconf 85' lang='lat' dir='ltr'><strong>ad</strong></span> <span class='ocrx_word' id='word_1_524' title='bbox 2805 2159 2930 2209; x_wconf 78' lang='lat' dir='ltr'><strong>eum</strong></span> <span class='ocrx_word' id='word_1_525' title='bbox 2964 2145 3232 2202; x_wconf 84' lang='lat' dir='ltr'><strong>visionem</strong></span> <span class='ocrx_word' id='word_1_526' title='bbox 3261 2147 3441 2203; x_wconf 85' lang='lat' dir='ltr'><strong>mani-</strong></span> 
     </span>
    </p>
   </div>
   <div class='ocr_carea' id='block_1_68' title="bbox 1852 2229 2035 2287">
    <p class='ocr_par' dir='ltr' id='par_1_68' title="bbox 1852 2229 2035 2287">
     <span class='ocr_line' id='line_1_68' title="bbox 1852 2229 2035 2287; baseline 0.005 -3"><span class='ocrx_word' id='word_1_527' title='bbox 1852 2229 2035 2287; x_wconf 87' lang='lat' dir='ltr'><strong>festat.</strong></span> 
     </span>
    </p>
   </div>
   <div class='ocr_carea' id='block_1_69' title="bbox 2470 2426 2885 2485">
    <p class='ocr_par' dir='ltr' id='par_1_69' title="bbox 2470 2426 2885 2485">
     <span class='ocr_line' id='line_1_69' title="bbox 2470 2426 2885 2485; baseline 0.005 -3"><span class='ocrx_word' id='word_1_528' title='bbox 2470 2426 2701 2483; x_wconf 83' lang='lat' dir='ltr'><strong>CAPUT</strong></span> <span class='ocrx_word' id='word_1_529' title='bbox 2732 2428 2796 2485; x_wconf 84' lang='lat' dir='ltr'><strong>V.</strong></span> <span class='ocrx_word' id='word_1_530' title='bbox 2877 2464 2885 2472; x_wconf 91' lang='lat'><strong>-</strong></span> 
     </span>
    </p>
   </div>
   <div class='ocr_carea' id='block_1_70' title="bbox 1937 2521 3442 2601">
    <p class='ocr_par' dir='ltr' id='par_1_70' title="bbox 1937 2521 3442 2601">
     <span class='ocr_line' id='line_1_70' title="bbox 1937 2521 3442 2601; baseline 0.009 -26"><span class='ocrx_word' id='word_1_531' title='bbox 1937 2543 1956 2575; x_wconf 87' lang='grc'><em>‹</em></span> <span class='ocrx_word' id='word_1_532' title='bbox 1999 2521 2093 2578; x_wconf 91' lang='lat' dir='ltr'><strong>Sol</strong></span> <span class='ocrx_word' id='word_1_533' title='bbox 2122 2538 2379 2594; x_wconf 84' lang='lat' dir='ltr'><strong>egressus</strong></span> <span class='ocrx_word' id='word_1_534' title='bbox 2410 2533 2496 2582; x_wconf 85' lang='lat' dir='ltr'><strong>est</strong></span> <span class='ocrx_word' id='word_1_535' title='bbox 2528 2539 2695 2596; x_wconf 89' lang='lat' dir='ltr'><strong>super</strong></span> <span class='ocrx_word' id='word_1_536' title='bbox 2712 2533 2915 2582; x_wconf 87' lang='lat' dir='ltr'><strong>terram</strong></span> <span class='ocrx_word' id='word_1_537' title='bbox 2949 2536 3004 2583; x_wconf 94' lang='lat' dir='ltr'><strong>et</strong></span> <span class='ocrx_word' id='word_1_538' title='bbox 3033 2526 3136 2583; x_wconf 89' lang='lat' dir='ltr'><strong>Lot</strong></span> <span class='ocrx_word' id='word_1_539' title='bbox 3157 2531 3442 2601; x_wconf 88' lang='lat' dir='ltr'><strong>ingressus</strong></span> 
     </span>
    </p>
   </div>
   <div class='ocr_carea' id='block_1_71' title="bbox 1852 2615 3442 2690">
    <p class='ocr_par' dir='ltr' id='par_1_71' title="bbox 1852 2615 3442 2690">
     <span class='ocr_line' id='line_1_71' title="bbox 1852 2615 3442 2690; baseline 0.004 -17"><span class='ocrx_word' id='word_1_540' title='bbox 1852 2624 1938 2673; x_wconf 83' lang='lat' dir='ltr'><strong>est</strong></span> <span class='ocrx_word' id='word_1_541' title='bbox 1962 2616 2151 2688; x_wconf 89' lang='lat' dir='ltr'><strong>chor.</strong></span> <span class='ocrx_word' id='word_1_542' title='bbox 2180 2617 2352 2688; x_wconf 89' lang='lat' dir='ltr'><strong>Igitur</strong></span> <span class='ocrx_word' id='word_1_543' title='bbox 2382 2615 2645 2675; x_wconf 89' lang='lat' dir='ltr'><strong>Dominus</strong></span> <span class='ocrx_word' id='word_1_544' title='bbox 2677 2619 2817 2689; x_wconf 89' lang='lat' dir='ltr'><strong>pluit</strong></span> <span class='ocrx_word' id='word_1_545' title='bbox 2871 2635 3037 2690; x_wconf 86' lang='lat' dir='ltr'><strong>super</strong></span> <span class='ocrx_word' id='word_1_546' title='bbox 3062 2619 3357 2678; x_wconf 88' lang='lat' dir='ltr'><strong>Sodomam</strong></span> <span class='ocrx_word' id='word_1_547' title='bbox 3385 2631 3442 2680; x_wconf 89' lang='lat' dir='ltr'><strong>et</strong></span> 
     </span>
    </p>
   </div>
   <div class='ocr_carea' id='block_1_72' title="bbox 1854 2707 3439 2781">
    <p class='ocr_par' dir='ltr' id='par_1_72' title="bbox 1854 2707 3439 2781">
     <span class='ocr_line' id='line_1_72' title="bbox 1854 2707 3439 2781; baseline 0.005 -17"><span class='ocrx_word' id='word_1_548' title='bbox 1854 2707 2218 2764; x_wconf 74' lang='lat' dir='ltr'><strong>Gomorrbam</strong></span> <span class='ocrx_word' id='word_1_549' title='bbox 2294 2709 2529 2780; x_wconf 88' lang='lat' dir='ltr'><strong>sulphur</strong></span> <span class='ocrx_word' id='word_1_550' title='bbox 2593 2718 2650 2766; x_wconf 89' lang='lat' dir='ltr'><strong>et</strong></span> <span class='ocrx_word' id='word_1_551' title='bbox 2717 2711 2897 2781; x_wconf 86' lang='lat' dir='ltr'><strong>ignem</strong></span> <span class='ocrx_word' id='word_1_552' title='bbox 2967 2728 2999 2766; x_wconf 89' lang='lat' dir='ltr'><strong>a</strong></span> <span class='ocrx_word' id='word_1_553' title='bbox 3064 2712 3302 2772; x_wconf 86' lang='lat' dir='ltr'><strong>Domino</strong></span> <span class='ocrx_word' id='word_1_554' title='bbox 3368 2716 3439 2772; x_wconf 91' lang='lat' dir='ltr'><strong>de</strong></span> 
     </span>
    </p>
   </div>
   <div class='ocr_carea' id='block_1_73' title="bbox 1853 2798 3442 2876">
    <p class='ocr_par' dir='ltr' id='par_1_73' title="bbox 1853 2798 3442 2876">
     <span class='ocr_line' id='line_1_73' title="bbox 1853 2798 3442 2876; baseline 0.003 -20"><span class='ocrx_word' id='word_1_555' title='bbox 1853 2801 1995 2856; x_wconf 87' lang='lat' dir='ltr'><strong>coelo</strong></span> <span class='ocrx_word' id='word_1_556' title='bbox 2029 2800 2095 2854; x_wconf 77' lang='grc'>⁵⁸.</span> <span class='ocrx_word' id='word_1_557' title='bbox 2131 2821 2150 2853; x_wconf 75' lang='grc' dir='ltr'><strong>ι</strong></span> <span class='ocrx_word' id='word_1_558' title='bbox 2183 2798 2305 2855; x_wconf 89' lang='lat' dir='ltr'><strong>Non</strong></span> <span class='ocrx_word' id='word_1_559' title='bbox 2352 2802 2552 2871; x_wconf 86' lang='lat' dir='ltr'><strong>opinor</strong></span> <span class='ocrx_word' id='word_1_560' title='bbox 2582 2802 2821 2872; x_wconf 88' lang='lat' dir='ltr'><strong>aliquem</strong></span> <span class='ocrx_word' id='word_1_561' title='bbox 2850 2819 3039 2859; x_wconf 90' lang='lat' dir='ltr'><strong>eorum</strong></span> <span class='ocrx_word' id='word_1_562' title='bbox 3060 2846 3077 2871; x_wconf 91' lang='lat'><strong>,</strong></span> <span class='ocrx_word' id='word_1_563' title='bbox 3144 2806 3241 2876; x_wconf 89' lang='lat' dir='ltr'><strong>qui</strong></span> <span class='ocrx_word' id='word_1_564' title='bbox 3270 2806 3442 2863; x_wconf 86' lang='lat' dir='ltr'><strong>semel</strong></span> 
     </span>
    </p>
   </div>
   <div class='ocr_carea' id='block_1_74' title="bbox 1852 2890 3443 2972">
    <p class='ocr_par' dir='ltr' id='par_1_74' title="bbox 1852 2890 3443 2972">
     <span class='ocr_line' id='line_1_74' title="bbox 1852 2890 3443 2972; baseline 0.006 -26"><span class='ocrx_word' id='word_1_565' title='bbox 1852 2890 2207 2946; x_wconf 87' lang='lat' dir='ltr'><strong>crediderunt</strong></span> <span class='ocrx_word' id='word_1_566' title='bbox 2233 2905 2422 2949; x_wconf 85' lang='lat' dir='ltr'><strong>sacras</strong></span> <span class='ocrx_word' id='word_1_567' title='bbox 2451 2901 2505 2948; x_wconf 91' lang='lat' dir='ltr'><strong>et</strong></span> <span class='ocrx_word' id='word_1_568' title='bbox 2538 2892 2803 2951; x_wconf 87' lang='lat' dir='ltr'><strong>divinitus</strong></span> <span class='ocrx_word' id='word_1_569' title='bbox 2835 2896 3137 2966; x_wconf 86' lang='lat' dir='ltr'><strong>inspiratas</strong></span> <span class='ocrx_word' id='word_1_570' title='bbox 3158 2914 3443 2972; x_wconf 67' lang='lat' dir='ltr'><strong>essesu-</strong></span> 
     </span>
    </p>
   </div>
   <div class='ocr_carea' id='block_1_75' title="bbox 1853 2981 3447 3062">
    <p class='ocr_par' dir='ltr' id='par_1_75' title="bbox 1853 2981 3447 3062">
     <span class='ocr_line' id='line_1_75' title="bbox 1853 2981 3447 3062; baseline 0.008 -26"><span class='ocrx_word' id='word_1_571' title='bbox 1853 2991 1975 3039; x_wconf 87' lang='lat' dir='ltr'><strong>ctas</strong></span> <span class='ocrx_word' id='word_1_572' title='bbox 2001 2981 2340 3054; x_wconf 86' lang='lat' dir='ltr'><strong>Scripturas,</strong></span> <span class='ocrx_word' id='word_1_573' title='bbox 2364 2985 2550 3041; x_wconf 87' lang='lat' dir='ltr'><strong>verbis</strong></span> <span class='ocrx_word' id='word_1_574' title='bbox 2571 2986 2828 3042; x_wconf 67' lang='lat' dir='ltr'><strong>haesitare</strong></span> <span class='ocrx_word' id='word_1_575' title='bbox 2847 2987 2935 3044; x_wconf 91' lang='lat' dir='ltr'><strong>bis</strong></span> <span class='ocrx_word' id='word_1_576' title='bbox 2951 2988 3007 3042; x_wconf 92' lang='lat' dir='ltr'><strong>in</strong></span> <span class='ocrx_word' id='word_1_577' title='bbox 3032 2990 3190 3058; x_wconf 88' lang='lat' dir='ltr'><strong>locis,</strong></span> <span class='ocrx_word' id='word_1_578' title='bbox 3213 3006 3447 3062; x_wconf 64' lang='lat' dir='ltr'><strong>respon.</strong></span> 
     </span>
    </p>
   </div>
   <div class='ocr_carea' id='block_1_76' title="bbox 1852 3074 3441 3152">
    <p class='ocr_par' dir='ltr' id='par_1_76' title="bbox 1852 3074 3441 3152">
     <span class='ocr_line' id='line_1_76' title="bbox 1852 3074 3441 3152; baseline 0.006 -22"><span class='ocrx_word' id='word_1_579' title='bbox 1852 3074 1984 3130; x_wconf 90' lang='lat' dir='ltr'><strong>dere</strong></span> <span class='ocrx_word' id='word_1_580' title='bbox 2022 3084 2354 3147; x_wconf 65' lang='lat' dir='ltr'><strong>quaerentem</strong></span> <span class='ocrx_word' id='word_1_581' title='bbox 2386 3078 2466 3133; x_wconf 80' lang='lat' dir='ltr'><strong>iis’</strong></span> <span class='ocrx_word' id='word_1_582' title='bbox 2485 3094 2608 3149; x_wconf 67' lang='lat' dir='ltr'><strong>qum</strong></span> <span class='ocrx_word' id='word_1_583' title='bbox 2653 3079 2722 3135; x_wconf 90' lang='lat' dir='ltr'><strong>de</strong></span> <span class='ocrx_word' id='word_1_584' title='bbox 2746 3078 2927 3137; x_wconf 82' lang='lat' dir='ltr'><strong>Verbo</strong></span> <span class='ocrx_word' id='word_1_585' title='bbox 2958 3079 3067 3137; x_wconf 89' lang='lat' dir='ltr'><strong>Deo</strong></span> <span class='ocrx_word' id='word_1_586' title='bbox 3094 3091 3441 3152; x_wconf 86' lang='lat' dir='ltr'><strong>asseruntur,</strong></span> 
     </span>
    </p>
   </div>
   <div class='ocr_carea' id='block_1_77' title="bbox 1852 3169 3439 3246">
    <p class='ocr_par' dir='ltr' id='par_1_77' title="bbox 1852 3169 3439 3246">
     <span class='ocr_line' id='line_1_77' title="bbox 1852 3169 3439 3246; baseline 0.007 -23"><span class='ocrx_word' id='word_1_587' title='bbox 1852 3169 2000 3239; x_wconf 93' lang='lat' dir='ltr'><strong>quod</strong></span> <span class='ocrx_word' id='word_1_588' title='bbox 2027 3171 2442 3241; x_wconf 62' lang='lat' dir='ltr'><strong>pratexsistebat</strong></span> <span class='ocrx_word' id='word_1_589' title='bbox 2475 3173 2842 3228; x_wconf 78' lang='lat' dir='ltr'><strong>substantiam</strong></span> <span class='ocrx_word' id='word_1_590' title='bbox 2873 3175 3151 3246; x_wconf 88' lang='lat' dir='ltr'><strong>propriam</strong></span> <span class='ocrx_word' id='word_1_591' title='bbox 3208 3176 3439 3245; x_wconf 84' lang='lat' dir='ltr'><strong>habens,</strong></span> 
     </span>
    </p>
   </div>
   <div class='ocr_carea' id='block_1_78' title="bbox 1851 3263 3440 3327">
    <p class='ocr_par' dir='ltr' id='par_1_78' title="bbox 1851 3263 3440 3327">
     <span class='ocr_line' id='line_1_78' title="bbox 1851 3263 3440 3327; baseline 0.006 -10"><span class='ocrx_word' id='word_1_592' title='bbox 1851 3270 1906 3317; x_wconf 85' lang='lat' dir='ltr'><strong>et</strong></span> <span class='ocrx_word' id='word_1_593' title='bbox 1938 3270 2066 3318; x_wconf 90' lang='lat' dir='ltr'><strong>ante</strong></span> <span class='ocrx_word' id='word_1_594' title='bbox 2099 3263 2533 3319; x_wconf 85' lang='lat' dir='ltr'><strong>incarnationem</strong></span> <span class='ocrx_word' id='word_1_595' title='bbox 2569 3266 2733 3322; x_wconf 87' lang='lat' dir='ltr'><strong>rebus</strong></span> <span class='ocrx_word' id='word_1_596' title='bbox 2769 3267 3055 3321; x_wconf 90' lang='lat' dir='ltr'><strong>hominum</strong></span> <span class='ocrx_word' id='word_1_597' title='bbox 3086 3267 3440 3327; x_wconf 87' lang='lat' dir='ltr'><strong>moderandis</strong></span> 
     </span>
    </p>
   </div>
   <div class='ocr_carea' id='block_1_79' title="bbox 1851 3352 3443 3430">
    <p class='ocr_par' dir='ltr' id='par_1_79' title="bbox 1851 3352 3443 3430">
     <span class='ocr_line' id='line_1_79' title="bbox 1851 3352 3443 3430; baseline 0.005 -21"><span class='ocrx_word' id='word_1_598' title='bbox 1851 3364 2103 3424; x_wconf 79' lang='lat' dir='ltr'><strong>praeerat.</strong></span> <span class='ocrx_word' id='word_1_599' title='bbox 2134 3352 2236 3409; x_wconf 85' lang='lat' dir='ltr'><strong>Hic</strong></span> <span class='ocrx_word' id='word_1_600' title='bbox 2255 3355 2403 3409; x_wconf 89' lang='lat' dir='ltr'><strong>enim</strong></span> <span class='ocrx_word' id='word_1_601' title='bbox 2443 3354 2583 3411; x_wconf 91' lang='lat' dir='ltr'><strong>duos</strong></span> <span class='ocrx_word' id='word_1_602' title='bbox 2620 3364 2809 3427; x_wconf 88' lang='lat' dir='ltr'><strong>aperte</strong></span> <span class='ocrx_word' id='word_1_603' title='bbox 2860 3356 3122 3413; x_wconf 88' lang='lat' dir='ltr'><strong>Dominos</strong></span> <span class='ocrx_word' id='word_1_604' title='bbox 3157 3356 3443 3430; x_wconf 85' lang='lat' dir='ltr'><strong>Scriptura</strong></span> 
     </span>
    </p>
   </div>
   <div class='ocr_carea' id='block_1_80' title="bbox 1850 3445 3444 3518">
    <p class='ocr_par' dir='ltr' id='par_1_80' title="bbox 1850 3445 3444 3518">
     <span class='ocr_line' id='line_1_80' title="bbox 1850 3445 3444 3518; baseline 0.008 -19"><span class='ocrx_word' id='word_1_605' title='bbox 1850 3445 2143 3518; x_wconf 85' lang='lat' dir='ltr'><strong>designat:</strong></span> <span class='ocrx_word' id='word_1_606' title='bbox 2183 3464 2203 3496; x_wconf 90' lang='grc'><em>‹</em></span> <span class='ocrx_word' id='word_1_607' title='bbox 2240 3445 2387 3502; x_wconf 91' lang='lat' dir='ltr'><strong>Pluit</strong></span> <span class='ocrx_word' id='word_1_608' title='bbox 2415 3447 2747 3507; x_wconf 89' lang='lat' dir='ltr'><strong>Dominus...</strong></span> <span class='ocrx_word' id='word_1_609' title='bbox 2780 3464 2811 3503; x_wconf 84' lang='lat' dir='ltr'><strong>a</strong></span> <span class='ocrx_word' id='word_1_610' title='bbox 2859 3449 3110 3509; x_wconf 91' lang='lat' dir='ltr'><strong>Domino.</strong></span> <span class='ocrx_word' id='word_1_611' title='bbox 3146 3477 3167 3509; x_wconf 74' lang='grc' dir='ltr'><strong>ι</strong></span> <span class='ocrx_word' id='word_1_612' title='bbox 3230 3455 3444 3511; x_wconf 80' lang='lat' dir='ltr'><strong>Similia</strong></span> 
     </span>
    </p>
   </div>
   <div class='ocr_carea' id='block_1_81' title="bbox 1850 3539 3436 3613">
    <p class='ocr_par' dir='ltr' id='par_1_81' title="bbox 1850 3539 3436 3613">
     <span class='ocr_line' id='line_1_81' title="bbox 1850 3539 3436 3613; baseline 0.005 -21"><span class='ocrx_word' id='word_1_613' title='bbox 1850 3539 2092 3608; x_wconf 85' lang='lat' dir='ltr'><strong>reperire</strong></span> <span class='ocrx_word' id='word_1_614' title='bbox 2141 3547 2228 3594; x_wconf 90' lang='lat' dir='ltr'><strong>est</strong></span> <span class='ocrx_word' id='word_1_615' title='bbox 2261 3539 2407 3611; x_wconf 90' lang='lat' dir='ltr'><strong>apud</strong></span> <span class='ocrx_word' id='word_1_616' title='bbox 2460 3548 2712 3596; x_wconf 88' lang='lat' dir='ltr'><strong>sanctum</strong></span> <span class='ocrx_word' id='word_1_617' title='bbox 2765 3542 3093 3613; x_wconf 88' lang='lat' dir='ltr'><strong>Apostolum</strong></span> <span class='ocrx_word' id='word_1_618' title='bbox 3124 3548 3436 3605; x_wconf 86' lang='lat' dir='ltr'><strong>dicentem:</strong></span> 
     </span>
    </p>
   </div>
   <div class='ocr_carea' id='block_1_82' title="bbox 1858 3630 3438 3708">
    <p class='ocr_par' dir='ltr' id='par_1_82' title="bbox 1858 3630 3438 3708">
     <span class='ocr_line' id='line_1_82' title="bbox 1858 3630 3438 3708; baseline 0.008 -27"><span class='ocrx_word' id='word_1_619' title='bbox 1858 3650 1876 3681; x_wconf 73' lang='grc' dir='ltr'><strong>ε</strong></span> <span class='ocrx_word' id='word_1_620' title='bbox 1902 3630 2000 3686; x_wconf 90' lang='lat' dir='ltr'><strong>Det</strong></span> <span class='ocrx_word' id='word_1_621' title='bbox 2028 3630 2295 3688; x_wconf 88' lang='lat' dir='ltr'><strong>Dominus</strong></span> <span class='ocrx_word' id='word_1_622' title='bbox 2314 3633 2747 3689; x_wconf 88' lang='lat' dir='ltr'><strong>misericordiam</strong></span> <span class='ocrx_word' id='word_1_623' title='bbox 2772 3634 3103 3708; x_wconf 89' lang='lat' dir='ltr'><strong>Onesiphori</strong></span> <span class='ocrx_word' id='word_1_624' title='bbox 3125 3637 3311 3695; x_wconf 90' lang='lat' dir='ltr'><strong>domui</strong></span> <span class='ocrx_word' id='word_1_625' title='bbox 3334 3641 3438 3708; x_wconf 72' lang='grc' dir='ltr'><strong>ης»</strong></span> 
     </span>
    </p>
   </div>
   <div class='ocr_carea' id='block_1_83' title="bbox 1848 3720 3443 3787">
    <p class='ocr_par' dir='ltr' id='par_1_83' title="bbox 1848 3720 3443 3787">
     <span class='ocr_line' id='line_1_83' title="bbox 1848 3720 3443 3787; baseline 0.006 -10"><span class='ocrx_word' id='word_1_626' title='bbox 1848 3730 1902 3777; x_wconf 87' lang='grc' dir='ltr'><strong>ει</strong></span> <span class='ocrx_word' id='word_1_627' title='bbox 1931 3741 1944 3775; x_wconf 88' lang='lat'><strong><em>:</em></strong></span> <span class='ocrx_word' id='word_1_628' title='bbox 1982 3738 2001 3771; x_wconf 75' lang='grc' dir='ltr'><strong>ι</strong></span> <span class='ocrx_word' id='word_1_629' title='bbox 2038 3720 2136 3777; x_wconf 90' lang='lat' dir='ltr'><strong>Det</strong></span> <span class='ocrx_word' id='word_1_630' title='bbox 2164 3722 2241 3776; x_wconf 92' lang='lat' dir='ltr'><strong>illi</strong></span> <span class='ocrx_word' id='word_1_631' title='bbox 2261 3721 2523 3778; x_wconf 87' lang='lat' dir='ltr'><strong>Dominus</strong></span> <span class='ocrx_word' id='word_1_632' title='bbox 2550 3722 2796 3779; x_wconf 82' lang='lat' dir='ltr'><strong>invenire</strong></span> <span class='ocrx_word' id='word_1_633' title='bbox 2812 3725 3245 3782; x_wconf 84' lang='lat' dir='ltr'><strong>misericordiam</strong></span> <span class='ocrx_word' id='word_1_634' title='bbox 3270 3742 3303 3782; x_wconf 85' lang='lat' dir='ltr'><strong>a</strong></span> <span class='ocrx_word' id='word_1_635' title='bbox 3329 3725 3443 3787; x_wconf 81' lang='lat' dir='ltr'><strong>Do-</strong></span> 
     </span>
    </p>
   </div>
   <div class='ocr_carea' id='block_1_84' title="bbox 1854 3811 3444 3891">
    <p class='ocr_par' dir='ltr' id='par_1_84' title="bbox 1854 3811 3444 3891">
     <span class='ocr_line' id='line_1_84' title="bbox 1854 3811 3444 3891; baseline 0.004 -24"><span class='ocrx_word' id='word_1_636' title='bbox 1854 3813 2004 3868; x_wconf 89' lang='lat' dir='ltr'><strong>mino</strong></span> <span class='ocrx_word' id='word_1_637' title='bbox 2026 3814 2081 3867; x_wconf 92' lang='lat' dir='ltr'><strong>in</strong></span> <span class='ocrx_word' id='word_1_638' title='bbox 2109 3814 2203 3868; x_wconf 86' lang='lat' dir='ltr'><strong>illa</strong></span> <span class='ocrx_word' id='word_1_639' title='bbox 2233 3813 2323 3869; x_wconf 90' lang='lat' dir='ltr'><strong>die</strong></span> <span class='ocrx_word' id='word_1_640' title='bbox 2350 3811 2418 3866; x_wconf 82' lang='grc'><strong>⁸³.</strong></span> <span class='ocrx_word' id='word_1_641' title='bbox 2450 3834 2469 3865; x_wconf 78' lang='grc' dir='ltr'><strong>ι</strong></span> <span class='ocrx_word' id='word_1_642' title='bbox 2499 3814 2792 3871; x_wconf 88' lang='lat' dir='ltr'><strong>Enimvero</strong></span> <span class='ocrx_word' id='word_1_643' title='bbox 2816 3815 2976 3871; x_wconf 81' lang='lat' dir='ltr'><strong>facile</strong></span> <span class='ocrx_word' id='word_1_644' title='bbox 3002 3826 3085 3873; x_wconf 89' lang='lat' dir='ltr'><strong>est</strong></span> <span class='ocrx_word' id='word_1_645' title='bbox 3107 3818 3163 3872; x_wconf 91' lang='lat' dir='ltr'><strong>in</strong></span> <span class='ocrx_word' id='word_1_646' title='bbox 3194 3818 3444 3891; x_wconf 68' lang='lat' dir='ltr'><strong>illisque</strong></span> 
     </span>
    </p>
   </div>
   <div class='ocr_carea' id='block_1_85' title="bbox 1852 3905 3445 3981">
    <p class='ocr_par' dir='ltr' id='par_1_85' title="bbox 1852 3905 3445 3981">
     <span class='ocr_line' id='line_1_85' title="bbox 1852 3905 3445 3981; baseline 0.004 -21"><span class='ocrx_word' id='word_1_647' title='bbox 1852 3907 1919 3961; x_wconf 87' lang='lat' dir='ltr'><strong>ad</strong></span> <span class='ocrx_word' id='word_1_648' title='bbox 1941 3905 2181 3971; x_wconf 87' lang='lat' dir='ltr'><strong>Patrem,</strong></span> <span class='ocrx_word' id='word_1_649' title='bbox 2208 3922 2331 3978; x_wconf 73' lang='lat' dir='ltr'><strong>quae</strong></span> <span class='ocrx_word' id='word_1_650' title='bbox 2362 3907 2430 3962; x_wconf 91' lang='lat' dir='ltr'><strong>ad</strong></span> <span class='ocrx_word' id='word_1_651' title='bbox 2447 3906 2643 3962; x_wconf 86' lang='lat' dir='ltr'><strong>Filium</strong></span> <span class='ocrx_word' id='word_1_652' title='bbox 2665 3915 2936 3978; x_wconf 85' lang='lat' dir='ltr'><strong>spectant,</strong></span> <span class='ocrx_word' id='word_1_653' title='bbox 2958 3910 3249 3981; x_wconf 87' lang='lat' dir='ltr'><strong>perspicue</strong></span> <span class='ocrx_word' id='word_1_654' title='bbox 3267 3926 3445 3969; x_wconf 85' lang='lat' dir='ltr'><strong>secer-</strong></span> 
     </span>
    </p>
   </div>
   <div class='ocr_carea' id='block_1_86' title="bbox 1852 3994 3444 4072">
    <p class='ocr_par' dir='ltr' id='par_1_86' title="bbox 1852 3994 3444 4072">
     <span class='ocr_line' id='line_1_86' title="bbox 1852 3994 3444 4072; baseline 0.005 -19"><span class='ocrx_word' id='word_1_655' title='bbox 1852 4015 1983 4054; x_wconf 91' lang='lat' dir='ltr'><strong>nere</strong></span> <span class='ocrx_word' id='word_1_656' title='bbox 2007 3999 2187 4065; x_wconf 90' lang='lat' dir='ltr'><strong>verba,</strong></span> <span class='ocrx_word' id='word_1_657' title='bbox 2212 3994 2334 4070; x_wconf 71' lang='lat' dir='ltr'><strong>quae</strong></span> <span class='ocrx_word' id='word_1_658' title='bbox 2354 4000 2599 4056; x_wconf 88' lang='lat' dir='ltr'><strong>increato</strong></span> <span class='ocrx_word' id='word_1_659' title='bbox 2615 3999 2871 4072; x_wconf 87' lang='lat' dir='ltr'><strong>Patrique</strong></span> <span class='ocrx_word' id='word_1_660' title='bbox 2898 4002 3139 4058; x_wconf 86' lang='lat' dir='ltr'><strong>omnium</strong></span> <span class='ocrx_word' id='word_1_661' title='bbox 3166 4004 3224 4059; x_wconf 88' lang='lat' dir='ltr'><strong>in</strong></span> <span class='ocrx_word' id='word_1_662' title='bbox 3250 4019 3444 4061; x_wconf 86' lang='lat' dir='ltr'><strong>omnes</strong></span> 
     </span>
    </p>
   </div>
   <div class='ocr_carea' id='block_1_87' title="bbox 1853 4093 3444 4164">
    <p class='ocr_par' dir='ltr' id='par_1_87' title="bbox 1853 4093 3444 4164">
     <span class='ocr_line' id='line_1_87' title="bbox 1853 4093 3444 4164; baseline 0.004 -19"><span class='ocrx_word' id='word_1_663' title='bbox 1853 4100 2017 4162; x_wconf 85' lang='lat' dir='ltr'><strong>atque</strong></span> <span class='ocrx_word' id='word_1_664' title='bbox 2039 4093 2091 4147; x_wconf 91' lang='lat' dir='ltr'><strong>in</strong></span> <span class='ocrx_word' id='word_1_665' title='bbox 2119 4093 2299 4164; x_wconf 90' lang='lat' dir='ltr'><strong>ipsum</strong></span> <span class='ocrx_word' id='word_1_666' title='bbox 2350 4093 2549 4148; x_wconf 77' lang='lat' dir='ltr'><strong>Filium</strong></span> <span class='ocrx_word' id='word_1_667' title='bbox 2601 4093 3037 4152; x_wconf 84' lang='lat' dir='ltr'><strong>dominationem</strong></span> <span class='ocrx_word' id='word_1_668' title='bbox 3061 4105 3117 4152; x_wconf 88' lang='lat' dir='ltr'><strong>et</strong></span> <span class='ocrx_word' id='word_1_669' title='bbox 3146 4098 3444 4155; x_wconf 90' lang='lat' dir='ltr'><strong>auctorita-</strong></span> 
     </span>
    </p>
   </div>
   <div class='ocr_carea' id='block_1_88' title="bbox 1854 4184 3444 4262">
    <p class='ocr_par' dir='ltr' id='par_1_88' title="bbox 1854 4184 3444 4262">
     <span class='ocr_line' id='line_1_88' title="bbox 1854 4184 3444 4262; baseline 0.005 -24"><span class='ocrx_word' id='word_1_670' title='bbox 1854 4191 1961 4239; x_wconf 90' lang='lat' dir='ltr'><strong>tem</strong></span> <span class='ocrx_word' id='word_1_671' title='bbox 2018 4185 2290 4250; x_wconf 87' lang='lat' dir='ltr'><strong>tribuunt,</strong></span> <span class='ocrx_word' id='word_1_672' title='bbox 2352 4184 2528 4241; x_wconf 84' lang='lat' dir='ltr'><strong>Verbo</strong></span> <span class='ocrx_word' id='word_1_673' title='bbox 2583 4195 2763 4243; x_wconf 87' lang='lat' dir='ltr'><strong>autem</strong></span> <span class='ocrx_word' id='word_1_674' title='bbox 2824 4190 3096 4245; x_wconf 82' lang='lat' dir='ltr'><strong>secundas</strong></span> <span class='ocrx_word' id='word_1_675' title='bbox 3151 4198 3275 4262; x_wconf 88' lang='lat' dir='ltr'><strong>post</strong></span> <span class='ocrx_word' id='word_1_676' title='bbox 3337 4189 3444 4246; x_wconf 86' lang='lat' dir='ltr'><strong>Pa-</strong></span> 
     </span>
    </p>
   </div>
   <div class='ocr_carea' id='block_1_89' title="bbox 1851 4279 3442 4350">
    <p class='ocr_par' dir='ltr' id='par_1_89' title="bbox 1851 4279 3442 4350">
     <span class='ocr_line' id='line_1_89' title="bbox 1851 4279 3442 4350; baseline 0.003 -19"><span class='ocrx_word' id='word_1_677' title='bbox 1851 4285 1993 4332; x_wconf 87' lang='lat' dir='ltr'><strong>trem</strong></span> <span class='ocrx_word' id='word_1_678' title='bbox 2061 4285 2247 4349; x_wconf 87' lang='lat' dir='ltr'><strong>partes</strong></span> <span class='ocrx_word' id='word_1_679' title='bbox 2306 4279 2593 4350; x_wconf 88' lang='lat' dir='ltr'><strong>assignant</strong></span> <span class='ocrx_word' id='word_1_680' title='bbox 2646 4280 2701 4334; x_wconf 89' lang='lat' dir='ltr'><strong>in</strong></span> <span class='ocrx_word' id='word_1_681' title='bbox 2757 4282 3002 4337; x_wconf 90' lang='lat' dir='ltr'><strong>omnium</strong></span> <span class='ocrx_word' id='word_1_682' title='bbox 3060 4290 3442 4339; x_wconf 88' lang='lat' dir='ltr'><strong>creaturarum</strong></span> 
     </span>
    </p>
   </div>
   <div class='ocr_carea' id='block_1_90' title="bbox 1858 4368 3445 4439">
    <p class='ocr_par' dir='ltr' id='par_1_90' title="bbox 1858 4368 3445 4439">
     <span class='ocr_line' id='line_1_90' title="bbox 1858 4368 3445 4439; baseline 0.004 -18"><span class='ocrx_word' id='word_1_683' title='bbox 1858 4368 2170 4439; x_wconf 87' lang='lat' dir='ltr'><strong>principatu</strong></span> <span class='ocrx_word' id='word_1_684' title='bbox 2205 4374 2369 4439; x_wconf 91' lang='lat' dir='ltr'><strong>atque</strong></span> <span class='ocrx_word' id='word_1_685' title='bbox 2413 4370 2670 4439; x_wconf 86' lang='lat' dir='ltr'><strong>imperio.</strong></span> <span class='ocrx_word' id='word_1_686' title='bbox 2698 4369 2799 4425; x_wconf 85' lang='lat' dir='ltr'><strong>Hic</strong></span> <span class='ocrx_word' id='word_1_687' title='bbox 2823 4380 3006 4428; x_wconf 87' lang='lat' dir='ltr'><strong>autem</strong></span> <span class='ocrx_word' id='word_1_688' title='bbox 3038 4373 3123 4429; x_wconf 88' lang='lat' dir='ltr'><strong>bis</strong></span> <span class='ocrx_word' id='word_1_689' title='bbox 3161 4373 3445 4429; x_wconf 87' lang='lat' dir='ltr'><strong>nominato</strong></span> 
     </span>
    </p>
   </div>
   <div class='ocr_carea' id='block_1_91' title="bbox 178 4456 1749 4532">
    <p class='ocr_par' dir='ltr' id='par_1_91' title="bbox 178 4456 1749 4532">
     <span class='ocr_line' id='line_1_91' title="bbox 178 4456 1749 4532; baseline -0.002 -21"><span class='ocrx_word' id='word_1_690' title='bbox 178 4460 441 4528; x_wconf 66' lang='lat' dir='ltr'><strong>Kvplov,»</strong></span> <span class='ocrx_word' id='word_1_691' title='bbox 463 4461 545 4525; x_wconf 80' lang='grc' dir='ltr'><strong>δὶς</strong></span> <span class='ocrx_word' id='word_1_692' title='bbox 561 4460 702 4515; x_wconf 84' lang='grc' dir='ltr'><strong>κατά</strong></span> <span class='ocrx_word' id='word_1_693' title='bbox 724 4461 784 4514; x_wconf 87' lang='grc' dir='ltr'><strong>τὸ</strong></span> <span class='ocrx_word' id='word_1_694' title='bbox 812 4459 1099 4532; x_wconf 80' lang='grc' dir='ltr'>Ἐϐραϊκὸν</span> <span class='ocrx_word' id='word_1_695' title='bbox 1116 4460 1210 4511; x_wconf 73' lang='grc' dir='ltr'>καὶ</span> <span class='ocrx_word' id='word_1_696' title='bbox 1236 4457 1297 4511; x_wconf 86' lang='grc' dir='ltr'><strong>τὸ</strong></span> <span class='ocrx_word' id='word_1_697' title='bbox 1326 4456 1749 4528; x_wconf 81' lang='grc' dir='ltr'>τετράγραμμον</span> 
     </span>
    </p>
   </div>
   <div class='ocr_carea' id='block_1_92' title="bbox 1855 4456 3446 4532">
    <p class='ocr_par' dir='ltr' id='par_1_92' title="bbox 1860 4463 3446 4528">
     <span class='ocr_line' id='line_1_92' title="bbox 1860 4463 3446 4528; baseline 0.003 -12"><span class='ocrx_word' id='word_1_698' title='bbox 1860 4463 2113 4528; x_wconf 91' lang='lat' dir='ltr'><strong>Domino,</strong></span> <span class='ocrx_word' id='word_1_699' title='bbox 2143 4463 2446 4519; x_wconf 86' lang='lat' dir='ltr'><strong>secundum</strong></span> <span class='ocrx_word' id='word_1_700' title='bbox 2475 4464 2607 4520; x_wconf 91' lang='lat' dir='ltr'><strong>illud</strong></span> <span class='ocrx_word' id='word_1_701' title='bbox 2639 4484 2652 4519; x_wconf 87' lang='lat'><strong>:</strong></span> <span class='ocrx_word' id='word_1_702' title='bbox 2686 4484 2705 4517; x_wconf 85' lang='grc'><strong><em>‹</em></strong></span> <span class='ocrx_word' id='word_1_703' title='bbox 2735 4464 2879 4520; x_wconf 89' lang='lat' dir='ltr'><strong>Pluit</strong></span> <span class='ocrx_word' id='word_1_704' title='bbox 2930 4465 3266 4523; x_wconf 86' lang='lat' dir='ltr'><strong>Dominus...</strong></span> <span class='ocrx_word' id='word_1_705' title='bbox 3293 4482 3325 4520; x_wconf 91' lang='lat' dir='ltr'><strong>a</strong></span> <span class='ocrx_word' id='word_1_706' title='bbox 3347 4466 3446 4520; x_wconf 92' lang='lat' dir='ltr'><strong>Do-</strong></span> 
     </span>
    </p>
   </div>
   <div class='ocr_carea' id='block_1_93' title="bbox 176 4545 1752 4623">
    <p class='ocr_par' dir='ltr' id='par_1_93' title="bbox 176 4545 1752 4623">
     <span class='ocr_line' id='line_1_93' title="bbox 176 4545 1752 4623; baseline -0.004 -19"><span class='ocrx_word' id='word_1_707' title='bbox 176 4549 484 4623; x_wconf 76' lang='grc' dir='ltr'>ἐμφέρεται,</span> <span class='ocrx_word' id='word_1_708' title='bbox 517 4553 593 4616; x_wconf 83' lang='grc' dir='ltr'>ὡς</span> <span class='ocrx_word' id='word_1_709' title='bbox 618 4552 935 4621; x_wconf 78' lang='grc' dir='ltr'>σαφέστατα</span> <span class='ocrx_word' id='word_1_710' title='bbox 966 4546 1415 4622; x_wconf 86' lang='grc' dir='ltr'>ἀνομολογεῖσθαι</span> <span class='ocrx_word' id='word_1_711' title='bbox 1439 4547 1501 4601; x_wconf 89' lang='grc' dir='ltr'><strong>τὸ</strong></span> <span class='ocrx_word' id='word_1_712' title='bbox 1529 4546 1622 4598; x_wconf 73' lang='grc' dir='ltr'>ἐπὶ</span> <span class='ocrx_word' id='word_1_713' title='bbox 1660 4545 1752 4599; x_wconf 86' lang='grc' dir='ltr'><strong>δύο</strong></span> 
     </span>
    </p>
   </div>
   <div class='ocr_carea' id='block_1_94' title="bbox 176 4638 1753 4717">
    <p class='ocr_par' dir='ltr' id='par_1_94' title="bbox 176 4638 1753 4717">
     <span class='ocr_line' id='line_1_94' title="bbox 176 4638 1753 4717; baseline -0.001 -23"><span class='ocrx_word' id='word_1_714' title='bbox 176 4642 492 4717; x_wconf 77' lang='grc' dir='ltr'>προσώπων,</span> <span class='ocrx_word' id='word_1_715' title='bbox 530 4644 690 4717; x_wconf 82' lang='grc' dir='ltr'>δῆλον</span> <span class='ocrx_word' id='word_1_716' title='bbox 731 4644 776 4698; x_wconf 89' lang='grc' dir='ltr'>δ’</span> <span class='ocrx_word' id='word_1_717' title='bbox 812 4645 895 4698; x_wconf 83' lang='grc' dir='ltr'><strong>ὅτι</strong></span> <span class='ocrx_word' id='word_1_718' title='bbox 933 4642 1027 4697; x_wconf 78' lang='grc' dir='ltr'><strong>τοῦ</strong></span> <span class='ocrx_word' id='word_1_719' title='bbox 1075 4642 1209 4696; x_wconf 78' lang='grc' dir='ltr'>Θεοῦ</span> <span class='ocrx_word' id='word_1_720' title='bbox 1252 4642 1347 4695; x_wconf 73' lang='grc' dir='ltr'>καὶ</span> <span class='ocrx_word' id='word_1_721' title='bbox 1385 4640 1598 4712; x_wconf 88' lang='grc' dir='ltr'>Πατρὸς</span> <span class='ocrx_word' id='word_1_722' title='bbox 1643 4638 1753 4693; x_wconf 84' lang='grc' dir='ltr'><strong>τῶν</strong></span> 
     </span>
    </p>
   </div>
   <div class='ocr_carea' id='block_1_95' title="bbox 177 4732 1753 4808">
    <p class='ocr_par' dir='ltr' id='par_1_95' title="bbox 177 4732 1753 4808">
     <span class='ocr_line' id='line_1_95' title="bbox 177 4732 1753 4808; baseline 0 -22"><span class='ocrx_word' id='word_1_723' title='bbox 177 4733 306 4789; x_wconf 84' lang='grc' dir='ltr'>ὅλων</span> <span class='ocrx_word' id='word_1_724' title='bbox 325 4737 419 4791; x_wconf 77' lang='grc' dir='ltr'><strong>καὶ</strong></span> <span class='ocrx_word' id='word_1_725' title='bbox 448 4736 543 4791; x_wconf 77' lang='grc' dir='ltr'>τοῦ</span> <span class='ocrx_word' id='word_1_726' title='bbox 576 4738 749 4807; x_wconf 84' lang='grc' dir='ltr'>Λόγου</span> <span class='ocrx_word' id='word_1_727' title='bbox 785 4735 977 4799; x_wconf 75' lang='grc' dir='ltr'>αὑτοῦ,</span> <span class='ocrx_word' id='word_1_728' title='bbox 1004 4737 1106 4808; x_wconf 78' lang='grc' dir='ltr'>τὴν</span> <span class='ocrx_word' id='word_1_729' title='bbox 1140 4734 1380 4807; x_wconf 76' lang='grc' dir='ltr'>ἄρρητον</span> <span class='ocrx_word' id='word_1_730' title='bbox 1407 4732 1613 4804; x_wconf 87' lang='grc' dir='ltr'>ταύτην</span> <span class='ocrx_word' id='word_1_731' title='bbox 1648 4748 1753 4786; x_wconf 85' lang='grc' dir='ltr'>πα-</span> 
     </span>
    </p>
   </div>
   <div class='ocr_carea' id='block_1_96' title="bbox 184 4823 1751 4901">
    <p class='ocr_par' dir='ltr' id='par_1_96' title="bbox 184 4823 1751 4901">
     <span class='ocr_line' id='line_1_96' title="bbox 184 4823 1751 4901; baseline -0.003 -20"><span class='ocrx_word' id='word_1_732' title='bbox 184 4827 612 4900; x_wconf 82' lang='grc' dir='ltr'>ραλαμϐάνεσθαι</span> <span class='ocrx_word' id='word_1_733' title='bbox 657 4829 988 4901; x_wconf 87' lang='grc' dir='ltr'>σημείωσιν·</span> <span class='ocrx_word' id='word_1_734' title='bbox 1052 4827 1127 4891; x_wconf 85' lang='grc' dir='ltr'>ὼς</span> <span class='ocrx_word' id='word_1_735' title='bbox 1179 4826 1369 4898; x_wconf 78' lang='grc' dir='ltr'>μηκέτ’</span> <span class='ocrx_word' id='word_1_736' title='bbox 1436 4823 1751 4897; x_wconf 74' lang='grc' dir='ltr'>ἀμφιϐόλως</span> 
     </span>
    </p>
   </div>
   <div class='ocr_carea' id='block_1_97' title="bbox 179 4916 1747 4993">
    <p class='ocr_par' dir='ltr' id='par_1_97' title="bbox 179 4916 1747 4993">
     <span class='ocr_line' id='line_1_97' title="bbox 179 4916 1747 4993; baseline 0 -23"><span class='ocrx_word' id='word_1_737' title='bbox 179 4917 332 4990; x_wconf 79' lang='grc' dir='ltr'>ἔχειν,</span> <span class='ocrx_word' id='word_1_738' title='bbox 363 4924 416 4977; x_wconf 77' lang='lat' dir='ltr'><strong>et</strong></span> <span class='ocrx_word' id='word_1_739' title='bbox 433 4940 537 4976; x_wconf 90' lang='grc' dir='ltr'><strong>που</strong></span> <span class='ocrx_word' id='word_1_740' title='bbox 565 4922 632 4976; x_wconf 81' lang='grc' dir='ltr'>ἄν</span> <span class='ocrx_word' id='word_1_741' title='bbox 652 4923 918 4993; x_wconf 81' lang='grc' dir='ltr'>φέροιτοή</span> <span class='ocrx_word' id='word_1_742' title='bbox 939 4919 1162 4991; x_wconf 84' lang='grc' dir='ltr'>τοιαύτη</span> <span class='ocrx_word' id='word_1_743' title='bbox 1189 4920 1281 4972; x_wconf 71' lang='grc' dir='ltr'>ἐπὶ</span> <span class='ocrx_word' id='word_1_744' title='bbox 1296 4918 1393 4972; x_wconf 80' lang='grc' dir='ltr'>τοῦ</span> <span class='ocrx_word' id='word_1_745' title='bbox 1422 4916 1559 4971; x_wconf 77' lang='grc' dir='ltr'>Θεοῦ</span> <span class='ocrx_word' id='word_1_746' title='bbox 1579 4935 1747 4990; x_wconf 88' lang='grc' dir='ltr'>προσ-</span> 
     </span>
    </p>
   </div>
   <div class='ocr_carea' id='block_1_98' title="bbox 97 5006 1747 5089">
    <p class='ocr_par' dir='ltr' id='par_1_98' title="bbox 97 5006 1747 5089">
     <span class='ocr_line' id='line_1_98' title="bbox 97 5006 1747 5089; baseline -0.006 -19"><span class='ocrx_word' id='word_1_747' title='bbox 97 5078 111 5089; x_wconf 79' lang='lat'>_</span> <span class='ocrx_word' id='word_1_748' title='bbox 179 5012 385 5083; x_wconf 78' lang='grc' dir='ltr'>ηγορία,</span> <span class='ocrx_word' id='word_1_749' title='bbox 428 5014 504 5085; x_wconf 78' lang='grc' dir='ltr'>μὴ</span> <span class='ocrx_word' id='word_1_750' title='bbox 546 5013 705 5083; x_wconf 92' lang='grc' dir='ltr'>μόνον</span> <span class='ocrx_word' id='word_1_751' title='bbox 750 5013 843 5067; x_wconf 70' lang='grc' dir='ltr'><strong>ἐπὶ</strong></span> <span class='ocrx_word' id='word_1_752' title='bbox 882 5013 981 5084; x_wconf 85' lang='grc' dir='ltr'>τῆς</span> <span class='ocrx_word' id='word_1_753' title='bbox 1012 5012 1277 5081; x_wconf 79' lang='grc' dir='ltr'>ἀγενήτου</span> <span class='ocrx_word' id='word_1_754' title='bbox 1330 5006 1544 5076; x_wconf 82' lang='grc' dir='ltr'>φύσεως</span> <span class='ocrx_word' id='word_1_755' title='bbox 1577 5006 1747 5078; x_wconf 78' lang='grc' dir='ltr'>αὐτὴν</span> 
     </span>
    </p>
   </div>
   <div class='ocr_carea' id='block_1_99' title="bbox 182 5096 1750 5174">
    <p class='ocr_par' dir='ltr' id='par_1_99' title="bbox 182 5096 1750 5174">
     <span class='ocr_line' id='line_1_99' title="bbox 182 5096 1750 5174; baseline 0.006 -23"><span class='ocrx_word' id='word_1_756' title='bbox 182 5102 714 5174; x_wconf 80' lang='grc' dir='ltr'>παραλαμϐάνεσθαι,</span> <span class='ocrx_word' id='word_1_757' title='bbox 758 5102 893 5156; x_wconf 89' lang='grc' dir='ltr'><strong>ἀλλά</strong></span> <span class='ocrx_word' id='word_1_758' title='bbox 931 5102 1026 5157; x_wconf 71' lang='grc' dir='ltr'><strong>καὶ</strong></span> <span class='ocrx_word' id='word_1_759' title='bbox 1069 5100 1161 5155; x_wconf 75' lang='grc' dir='ltr'><strong>ἐπὶ</strong></span> <span class='ocrx_word' id='word_1_760' title='bbox 1201 5096 1295 5152; x_wconf 81' lang='grc' dir='ltr'>τοῦ</span> <span class='ocrx_word' id='word_1_761' title='bbox 1332 5099 1391 5151; x_wconf 80' lang='grc' dir='ltr'>ἐν</span> <span class='ocrx_word' id='word_1_762' title='bbox 1429 5099 1569 5173; x_wconf 81' lang='grc' dir='ltr'>ἀρχῇ</span> <span class='ocrx_word' id='word_1_763' title='bbox 1615 5097 1750 5171; x_wconf 80' lang='grc' dir='ltr'>πρὸς</span> 
     </span>
    </p>
   </div>
   <div class='ocr_carea' id='block_1_100' title="bbox 181 5190 817 5265">
    <p class='ocr_par' dir='ltr' id='par_1_100' title="bbox 181 5190 817 5265">
     <span class='ocr_line' id='line_1_100' title="bbox 181 5190 817 5265; baseline 0.009 -22"><span class='ocrx_word' id='word_1_764' title='bbox 181 5190 263 5245; x_wconf 87' lang='grc' dir='ltr'><strong>τὸν</strong></span> <span class='ocrx_word' id='word_1_765' title='bbox 292 5194 419 5249; x_wconf 86' lang='grc' dir='ltr'>Θεὸν</span> <span class='ocrx_word' id='word_1_766' title='bbox 450 5195 602 5259; x_wconf 76' lang='grc' dir='ltr'>όντος</span> <span class='ocrx_word' id='word_1_767' title='bbox 622 5195 817 5265; x_wconf 76' lang='grc' dir='ltr'>Λόγου.</span> 
     </span>
    </p>
   </div>
   <div class='ocr_carea' id='block_1_101' title="bbox 699 5397 1230 5463">
    <p class='ocr_par' dir='ltr' id='par_1_101' title="bbox 699 5397 1230 5463">
     <span class='ocr_line' id='line_1_101' title="bbox 699 5397 1230 5463; baseline -0.006 -11"><span class='ocrx_word' id='word_1_768' title='bbox 699 5397 1097 5452; x_wconf 78' lang='grc' dir='ltr'><strong>ΚΕΦΔΛΑΙΟΝ</strong></span> <span class='ocrx_word' id='word_1_769' title='bbox 1139 5398 1230 5463; x_wconf 68' lang='grc' dir='ltr'>ς’.</span> 
     </span>
    </p>
   </div>
   <div class='ocr_carea' id='block_1_102' title="bbox 258 5484 1753 5562">
    <p class='ocr_par' dir='ltr' id='par_1_102' title="bbox 258 5484 1753 5562">
     <span class='ocr_line' id='line_1_102' title="bbox 258 5484 1753 5562; baseline -0.005 -18"><span class='ocrx_word' id='word_1_770' title='bbox 258 5485 340 5544; x_wconf 83' lang='grc' dir='ltr'>Ἐν</span> <span class='ocrx_word' id='word_1_771' title='bbox 395 5492 460 5562; x_wconf 77' lang='grc' dir='ltr'>τῇ</span> <span class='ocrx_word' id='word_1_772' title='bbox 507 5490 643 5562; x_wconf 86' lang='grc' dir='ltr'>πρὸς</span> <span class='ocrx_word' id='word_1_773' title='bbox 686 5490 779 5545; x_wconf 87' lang='grc' dir='ltr'><strong>τὸν</strong></span> <span class='ocrx_word' id='word_1_774' title='bbox 823 5488 1016 5544; x_wconf 86' lang='grc' dir='ltr'>Ἰακὼϐ</span> <span class='ocrx_word' id='word_1_775' title='bbox 1062 5487 1283 5558; x_wconf 69' lang='grc' dir='ltr'>εὐλογίᾳ</span> <span class='ocrx_word' id='word_1_776' title='bbox 1313 5485 1342 5539; x_wconf 86' lang='grc' dir='ltr'>ὁ</span> <span class='ocrx_word' id='word_1_777' title='bbox 1387 5484 1572 5539; x_wconf 83' lang='grc' dir='ltr'>Ἰσαάκ</span> <span class='ocrx_word' id='word_1_778' title='bbox 1620 5501 1753 5555; x_wconf 84' lang='grc' dir='ltr'>φησι</span> 
     </span>
    </p>
   </div>
   <div class='ocr_carea' id='block_1_103' title="bbox 187 5574 1751 5647">
    <p class='ocr_par' dir='ltr' id='par_1_103' title="bbox 187 5574 1751 5647">
     <span class='ocr_line' id='line_1_103' title="bbox 187 5574 1751 5647; baseline -0.003 -14"><span class='ocrx_word' id='word_1_779' title='bbox 187 5577 312 5646; x_wconf 81' lang='grc' dir='ltr'><strong>μειά</strong></span> <span class='ocrx_word' id='word_1_780' title='bbox 334 5596 455 5633; x_wconf 89' lang='grc' dir='ltr'>τινα</span> <span class='ocrx_word' id='word_1_781' title='bbox 478 5581 575 5634; x_wconf 75' lang='grc' dir='ltr'><strong>καὶ</strong></span> <span class='ocrx_word' id='word_1_782' title='bbox 601 5580 772 5635; x_wconf 81' lang='grc' dir='ltr'>ταῦτα</span> <span class='ocrx_word' id='word_1_783' title='bbox 791 5598 804 5611; x_wconf 74' lang='grc' dir='ltr'><strong>ο</strong></span> <span class='ocrx_word' id='word_1_784' title='bbox 838 5600 857 5632; x_wconf 74' lang='grc' dir='ltr'><strong>ι</strong></span> <span class='ocrx_word' id='word_1_785' title='bbox 886 5580 996 5635; x_wconf 81' lang='grc' dir='ltr'><strong>Καὶ</strong></span> <span class='ocrx_word' id='word_1_786' title='bbox 1019 5576 1460 5632; x_wconf 75' lang='grc' dir='ltr'>δουλευσόυτωσάν</span> <span class='ocrx_word' id='word_1_787' title='bbox 1486 5592 1567 5630; x_wconf 86' lang='grc' dir='ltr'><strong>σοι</strong></span> <span class='ocrx_word' id='word_1_788' title='bbox 1592 5574 1722 5647; x_wconf 79' lang='grc' dir='ltr'>ἔθνη</span> <span class='ocrx_word' id='word_1_789' title='bbox 1737 5592 1751 5606; x_wconf 75' lang='grc' dir='ltr'><strong>ο</strong></span> 
     </span>
    </p>
   </div>
   <div class='ocr_carea' id='block_1_104' title="bbox 248 5730 1753 5809">
    <p class='ocr_par' dir='ltr' id='par_1_104' title="bbox 248 5730 1753 5809">
     <span class='ocr_line' id='line_1_104' title="bbox 248 5730 1753 5809; baseline -0.007 -12"><span class='ocrx_word' id='word_1_790' title='bbox 248 5734 289 5768; x_wconf 85' lang='grc'><strong>¹¹</strong></span> <span class='ocrx_word' id='word_1_791' title='bbox 326 5738 460 5796; x_wconf 87' lang='lat' dir='ltr'><strong>Gen.</strong></span> <span class='ocrx_word' id='word_1_792' title='bbox 497 5756 611 5809; x_wconf 76' lang='lat' dir='ltr'><strong>nx,</strong></span> <span class='ocrx_word' id='word_1_793' title='bbox 643 5740 733 5797; x_wconf 73' lang='lat'><strong>23.</strong></span> <span class='ocrx_word' id='word_1_794' title='bbox 810 5740 855 5775; x_wconf 80' lang='grc'><strong>⁹²</strong></span> <span class='ocrx_word' id='word_1_795' title='bbox 894 5737 941 5794; x_wconf 86' lang='grc' dir='ltr'><strong>ιι</strong></span> <span class='ocrx_word' id='word_1_796' title='bbox 977 5736 1118 5793; x_wconf 86' lang='lat' dir='ltr'><strong>Tim.</strong></span> <span class='ocrx_word' id='word_1_797' title='bbox 1155 5754 1204 5802; x_wconf 86' lang='grc' dir='ltr'><strong>ι,</strong></span> <span class='ocrx_word' id='word_1_798' title='bbox 1240 5736 1325 5791; x_wconf 79' lang='grc'>16.</span> <span class='ocrx_word' id='word_1_799' title='bbox 1403 5733 1451 5767; x_wconf 82' lang='grc'><strong>⁵⁸</strong></span> <span class='ocrx_word' id='word_1_800' title='bbox 1492 5730 1622 5787; x_wconf 89' lang='lat' dir='ltr'><strong>ibid.</strong></span> <span class='ocrx_word' id='word_1_801' title='bbox 1664 5730 1753 5787; x_wconf 79' lang='grc'><strong>18.</strong></span> 
     </span>
    </p>
   </div>
   <div class='ocr_carea' id='block_1_105' title="bbox 1857 4553 3446 4627">
    <p class='ocr_par' dir='ltr' id='par_1_105' title="bbox 1857 4553 3446 4627">
     <span class='ocr_line' id='line_1_105' title="bbox 1857 4553 3446 4627; baseline 0.001 -19"><span class='ocrx_word' id='word_1_802' title='bbox 1857 4555 2029 4620; x_wconf 89' lang='lat' dir='ltr'><strong>mino,</strong></span> <span class='ocrx_word' id='word_1_803' title='bbox 2067 4574 2087 4606; x_wconf 74' lang='grc' dir='ltr'><strong>ι</strong></span> <span class='ocrx_word' id='word_1_804' title='bbox 2120 4553 2206 4610; x_wconf 90' lang='lat' dir='ltr'><strong>bis</strong></span> <span class='ocrx_word' id='word_1_805' title='bbox 2249 4554 2553 4610; x_wconf 86' lang='lat' dir='ltr'><strong>secundum</strong></span> <span class='ocrx_word' id='word_1_806' title='bbox 2598 4555 2930 4611; x_wconf 85' lang='lat' dir='ltr'><strong>llebraicum</strong></span> <span class='ocrx_word' id='word_1_807' title='bbox 2956 4566 3009 4612; x_wconf 83' lang='grc' dir='ltr'><strong>ει</strong></span> <span class='ocrx_word' id='word_1_808' title='bbox 3030 4564 3446 4627; x_wconf 85' lang='lat' dir='ltr'><strong>tetragramma-</strong></span> 
     </span>
    </p>
   </div>
   <div class='ocr_carea' id='block_1_106' title="bbox 1855 4646 3446 4719">
    <p class='ocr_par' dir='ltr' id='par_1_106' title="bbox 1855 4646 3446 4719">
     <span class='ocr_line' id='line_1_106' title="bbox 1855 4646 3446 4719; baseline 0.004 -19"><span class='ocrx_word' id='word_1_809' title='bbox 1855 4653 1952 4701; x_wconf 91' lang='lat' dir='ltr'><strong>ton</strong></span> <span class='ocrx_word' id='word_1_810' title='bbox 1973 4646 2234 4715; x_wconf 89' lang='lat' dir='ltr'><strong>refertur,</strong></span> <span class='ocrx_word' id='word_1_811' title='bbox 2267 4648 2335 4702; x_wconf 89' lang='lat' dir='ltr'><strong>ad</strong></span> <span class='ocrx_word' id='word_1_812' title='bbox 2384 4663 2747 4719; x_wconf 85' lang='lat' dir='ltr'><strong>personarum</strong></span> <span class='ocrx_word' id='word_1_813' title='bbox 2793 4648 3115 4707; x_wconf 88' lang='lat' dir='ltr'><strong>dualitatem</strong></span> <span class='ocrx_word' id='word_1_814' title='bbox 3146 4651 3446 4707; x_wconf 78' lang='lat' dir='ltr'><strong>evidentis-</strong></span> 
     </span>
    </p>
   </div>
   <div class='ocr_carea' id='block_1_107' title="bbox 1858 4738 3447 4809">
    <p class='ocr_par' dir='ltr' id='par_1_107' title="bbox 1858 4738 3447 4809">
     <span class='ocr_line' id='line_1_107' title="bbox 1858 4738 3447 4809; baseline 0 -16"><span class='ocrx_word' id='word_1_815' title='bbox 1858 4740 1995 4793; x_wconf 90' lang='lat' dir='ltr'><strong>sime</strong></span> <span class='ocrx_word' id='word_1_816' title='bbox 2019 4738 2498 4809; x_wconf 81' lang='lat' dir='ltr'><strong>distinguendam;</strong></span> <span class='ocrx_word' id='word_1_817' title='bbox 2543 4739 2894 4795; x_wconf 87' lang='lat' dir='ltr'><strong>manifestum</strong></span> <span class='ocrx_word' id='word_1_818' title='bbox 2938 4749 3023 4797; x_wconf 89' lang='lat' dir='ltr'><strong>est</strong></span> <span class='ocrx_word' id='word_1_819' title='bbox 3057 4747 3240 4796; x_wconf 90' lang='lat' dir='ltr'><strong>autem</strong></span> <span class='ocrx_word' id='word_1_820' title='bbox 3270 4739 3365 4797; x_wconf 88' lang='lat' dir='ltr'><strong>Dei</strong></span> <span class='ocrx_word' id='word_1_821' title='bbox 3392 4750 3447 4795; x_wconf 86' lang='lat' dir='ltr'><strong>et</strong></span> 
     </span>
    </p>
   </div>
   <div class='ocr_carea' id='block_1_108' title="bbox 1854 4828 3446 4902">
    <p class='ocr_par' dir='ltr' id='par_1_108' title="bbox 1854 4828 3446 4902">
     <span class='ocr_line' id='line_1_108' title="bbox 1854 4828 3446 4902; baseline 0.003 -17"><span class='ocrx_word' id='word_1_822' title='bbox 1854 4830 2100 4885; x_wconf 88' lang='lat' dir='ltr'><strong>omnium</strong></span> <span class='ocrx_word' id='word_1_823' title='bbox 2132 4828 2336 4894; x_wconf 87' lang='lat' dir='ltr'><strong>Patris,</strong></span> <span class='ocrx_word' id='word_1_824' title='bbox 2377 4838 2542 4900; x_wconf 84' lang='lat' dir='ltr'><strong>atquc</strong></span> <span class='ocrx_word' id='word_1_825' title='bbox 2599 4831 2720 4902; x_wconf 83' lang='lat' dir='ltr'><strong>ejus</strong></span> <span class='ocrx_word' id='word_1_826' title='bbox 2777 4830 2943 4887; x_wconf 75' lang='lat' dir='ltr'><strong>Verbi</strong></span> <span class='ocrx_word' id='word_1_827' title='bbox 2984 4833 3283 4889; x_wconf 88' lang='lat' dir='ltr'><strong>discrimen</strong></span> <span class='ocrx_word' id='word_1_828' title='bbox 3341 4835 3446 4889; x_wconf 83' lang='lat' dir='ltr'><strong>hac</strong></span> 
     </span>
    </p>
   </div>
   <div class='ocr_carea' id='block_1_109' title="bbox 1856 4922 3446 4996">
    <p class='ocr_par' dir='ltr' id='par_1_109' title="bbox 1856 4922 3446 4996">
     <span class='ocr_line' id='line_1_109' title="bbox 1856 4922 3446 4996; baseline 0.002 -18"><span class='ocrx_word' id='word_1_829' title='bbox 1856 4922 2118 4980; x_wconf 66' lang='lat' dir='ltr'><strong>ineffabili</strong></span> <span class='ocrx_word' id='word_1_830' title='bbox 2147 4922 2593 4979; x_wconf 86' lang='lat' dir='ltr'><strong>denominatioue</strong></span> <span class='ocrx_word' id='word_1_831' title='bbox 2608 4926 2907 4996; x_wconf 86' lang='lat' dir='ltr'><strong>designari,</strong></span> <span class='ocrx_word' id='word_1_832' title='bbox 2941 4933 3001 4980; x_wconf 91' lang='lat' dir='ltr'><strong>ut</strong></span> <span class='ocrx_word' id='word_1_833' title='bbox 3020 4942 3091 4983; x_wconf 92' lang='lat' dir='ltr'><strong>ne</strong></span> <span class='ocrx_word' id='word_1_834' title='bbox 3116 4926 3202 4982; x_wconf 91' lang='lat' dir='ltr'><strong>cui</strong></span> <span class='ocrx_word' id='word_1_835' title='bbox 3235 4927 3308 4982; x_wconf 90' lang='lat' dir='ltr'><strong>sit</strong></span> <span class='ocrx_word' id='word_1_836' title='bbox 3336 4943 3446 4981; x_wconf 88' lang='lat' dir='ltr'><strong>am-</strong></span> 
     </span>
    </p>
   </div>
   <div class='ocr_carea' id='block_1_110' title="bbox 1858 5014 3447 5089">
    <p class='ocr_par' dir='ltr' id='par_1_110' title="bbox 1858 5014 3447 5089">
     <span class='ocr_line' id='line_1_110' title="bbox 1858 5014 3447 5089; baseline -0.003 -16"><span class='ocrx_word' id='word_1_837' title='bbox 1858 5018 2106 5089; x_wconf 88' lang='lat' dir='ltr'><strong>biguum,</strong></span> <span class='ocrx_word' id='word_1_838' title='bbox 2141 5015 2188 5071; x_wconf 92' lang='lat' dir='ltr'><strong>si</strong></span> <span class='ocrx_word' id='word_1_839' title='bbox 2225 5014 2364 5072; x_wconf 88' lang='lat' dir='ltr'><strong>forte</strong></span> <span class='ocrx_word' id='word_1_840' title='bbox 2398 5015 2511 5069; x_wconf 68' lang='lat' dir='ltr'><strong>haec</strong></span> <span class='ocrx_word' id='word_1_841' title='bbox 2542 5018 2757 5087; x_wconf 81' lang='lat' dir='ltr'><strong>uspiam</strong></span> <span class='ocrx_word' id='word_1_842' title='bbox 2789 5017 2857 5072; x_wconf 91' lang='lat' dir='ltr'><strong>de</strong></span> <span class='ocrx_word' id='word_1_843' title='bbox 2882 5016 2991 5073; x_wconf 91' lang='lat' dir='ltr'><strong>Deo</strong></span> <span class='ocrx_word' id='word_1_844' title='bbox 3023 5017 3317 5089; x_wconf 89' lang='lat' dir='ltr'><strong>appellatio</strong></span> <span class='ocrx_word' id='word_1_845' title='bbox 3348 5015 3447 5069; x_wconf 88' lang='lat' dir='ltr'><strong>ad-</strong></span> 
     </span>
    </p>
   </div>
   <div class='ocr_carea' id='block_1_111' title="bbox 1857 5108 3447 5174">
    <p class='ocr_par' dir='ltr' id='par_1_111' title="bbox 1857 5108 3447 5174">
     <span class='ocr_line' id='line_1_111' title="bbox 1857 5108 3447 5174; baseline -0.003 -10"><span class='ocrx_word' id='word_1_846' title='bbox 1857 5111 2129 5174; x_wconf 89' lang='lat' dir='ltr'><strong>hibeatur,</strong></span> <span class='ocrx_word' id='word_1_847' title='bbox 2190 5124 2298 5163; x_wconf 91' lang='lat' dir='ltr'><strong>non</strong></span> <span class='ocrx_word' id='word_1_848' title='bbox 2341 5115 2551 5162; x_wconf 91' lang='lat' dir='ltr'><strong>tantum</strong></span> <span class='ocrx_word' id='word_1_849' title='bbox 2605 5108 2672 5163; x_wconf 92' lang='lat' dir='ltr'><strong>de</strong></span> <span class='ocrx_word' id='word_1_850' title='bbox 2718 5109 2962 5164; x_wconf 88' lang='lat' dir='ltr'><strong>increata</strong></span> <span class='ocrx_word' id='word_1_851' title='bbox 3016 5117 3213 5164; x_wconf 84' lang='lat' dir='ltr'><strong>natura</strong></span> <span class='ocrx_word' id='word_1_852' title='bbox 3250 5108 3447 5163; x_wconf 87' lang='lat' dir='ltr'><strong>intelli-</strong></span> 
     </span>
    </p>
   </div>
   <div class='ocr_carea' id='block_1_112' title="bbox 1859 5199 3446 5274">
    <p class='ocr_par' dir='ltr' id='par_1_112' title="bbox 1859 5199 3446 5274">
     <span class='ocr_line' id='line_1_112' title="bbox 1859 5199 3446 5274; baseline -0.002 -17"><span class='ocrx_word' id='word_1_853' title='bbox 1859 5203 2090 5274; x_wconf 87' lang='lat' dir='ltr'><strong>gendam</strong></span> <span class='ocrx_word' id='word_1_854' title='bbox 2113 5216 2256 5264; x_wconf 85' lang='lat' dir='ltr'><strong>esse,</strong></span> <span class='ocrx_word' id='word_1_855' title='bbox 2286 5199 2384 5257; x_wconf 89' lang='lat' dir='ltr'><strong>sed</strong></span> <span class='ocrx_word' id='word_1_856' title='bbox 2416 5199 2580 5254; x_wconf 90' lang='lat' dir='ltr'><strong>etiam</strong></span> <span class='ocrx_word' id='word_1_857' title='bbox 2605 5199 2673 5255; x_wconf 84' lang='lat' dir='ltr'><strong>de</strong></span> <span class='ocrx_word' id='word_1_858' title='bbox 2724 5199 2905 5257; x_wconf 83' lang='lat' dir='ltr'><strong>Verbo</strong></span> <span class='ocrx_word' id='word_1_859' title='bbox 2928 5201 3074 5272; x_wconf 92' lang='lat' dir='ltr'><strong>quod</strong></span> <span class='ocrx_word' id='word_1_860' title='bbox 3104 5210 3189 5257; x_wconf 89' lang='lat' dir='ltr'><strong>est</strong></span> <span class='ocrx_word' id='word_1_861' title='bbox 3211 5202 3268 5255; x_wconf 94' lang='lat' dir='ltr'><strong>in</strong></span> <span class='ocrx_word' id='word_1_862' title='bbox 3297 5200 3446 5271; x_wconf 87' lang='lat' dir='ltr'><strong>prin-</strong></span> 
     </span>
    </p>
   </div>
   <div class='ocr_carea' id='block_1_113' title="bbox 1860 5293 2398 5365">
    <p class='ocr_par' dir='ltr' id='par_1_113' title="bbox 1860 5293 2398 5365">
     <span class='ocr_line' id='line_1_113' title="bbox 1860 5293 2398 5365; baseline 0 -16"><span class='ocrx_word' id='word_1_863' title='bbox 1860 5296 2004 5365; x_wconf 87' lang='lat' dir='ltr'><strong>cipio</strong></span> <span class='ocrx_word' id='word_1_864' title='bbox 2027 5294 2170 5365; x_wconf 90' lang='lat' dir='ltr'><strong>apud</strong></span> <span class='ocrx_word' id='word_1_865' title='bbox 2206 5293 2398 5350; x_wconf 89' lang='lat' dir='ltr'><strong>Deum.</strong></span> 
     </span>
    </p>
   </div>
   <div class='ocr_carea' id='block_1_114' title="bbox 2471 5385 2829 5445">
    <p class='ocr_par' dir='ltr' id='par_1_114' title="bbox 2471 5385 2829 5445">
     <span class='ocr_line' id='line_1_114' title="bbox 2471 5385 2829 5445; baseline -0.011 0"><span class='ocrx_word' id='word_1_866' title='bbox 2471 5385 2703 5445; x_wconf 83' lang='lat' dir='ltr'><strong>CAPUT</strong></span> <span class='ocrx_word' id='word_1_867' title='bbox 2741 5385 2829 5441; x_wconf 72' lang='lat' dir='ltr'><strong>Vl.</strong></span> 
     </span>
    </p>
   </div>
   <div class='ocr_carea' id='block_1_115' title="bbox 1932 5471 3444 5537">
    <p class='ocr_par' dir='ltr' id='par_1_115' title="bbox 1932 5471 3444 5537">
     <span class='ocr_line' id='line_1_115' title="bbox 1932 5471 3444 5537; baseline -0.004 -4"><span class='ocrx_word' id='word_1_868' title='bbox 1932 5478 1994 5534; x_wconf 85' lang='lat' dir='ltr'><strong>In</strong></span> <span class='ocrx_word' id='word_1_869' title='bbox 2020 5477 2215 5537; x_wconf 84' lang='lat' dir='ltr'><strong>Jacobi</strong></span> <span class='ocrx_word' id='word_1_870' title='bbox 2236 5477 2620 5535; x_wconf 87' lang='lat' dir='ltr'><strong>benedictione</strong></span> <span class='ocrx_word' id='word_1_871' title='bbox 2643 5478 2759 5532; x_wconf 67' lang='lat' dir='ltr'><strong>haec</strong></span> <span class='ocrx_word' id='word_1_872' title='bbox 2790 5476 2933 5531; x_wconf 90' lang='lat' dir='ltr'><strong>inter</strong></span> <span class='ocrx_word' id='word_1_873' title='bbox 2963 5474 3069 5530; x_wconf 90' lang='lat' dir='ltr'><strong>alia</strong></span> <span class='ocrx_word' id='word_1_874' title='bbox 3097 5472 3324 5533; x_wconf 83' lang='lat' dir='ltr'><strong>lsaacus</strong></span> <span class='ocrx_word' id='word_1_875' title='bbox 3352 5471 3444 5527; x_wconf 87' lang='lat' dir='ltr'><strong>di-</strong></span> 
     </span>
    </p>
   </div>
   <div class='ocr_carea' id='block_1_116' title="bbox 1864 5570 3443 5647">
    <p class='ocr_par' dir='ltr' id='par_1_116' title="bbox 1864 5570 3443 5647">
     <span class='ocr_line' id='line_1_116' title="bbox 1864 5570 3443 5647; baseline -0.003 -14"><span class='ocrx_word' id='word_1_876' title='bbox 1864 5576 1939 5633; x_wconf 89' lang='lat' dir='ltr'><strong>cit</strong></span> <span class='ocrx_word' id='word_1_877' title='bbox 1976 5596 1989 5632; x_wconf 91' lang='lat'><strong>:</strong></span> <span class='ocrx_word' id='word_1_878' title='bbox 2030 5596 2050 5630; x_wconf 74' lang='grc' dir='ltr'><strong>ι</strong></span> <span class='ocrx_word' id='word_1_879' title='bbox 2092 5574 2157 5631; x_wconf 84' lang='grc' dir='ltr'>Ει</span> <span class='ocrx_word' id='word_1_880' title='bbox 2190 5577 2435 5635; x_wconf 84' lang='lat' dir='ltr'><strong>serviant</strong></span> <span class='ocrx_word' id='word_1_881' title='bbox 2456 5575 2553 5632; x_wconf 91' lang='lat' dir='ltr'><strong>tibi</strong></span> <span class='ocrx_word' id='word_1_882' title='bbox 2587 5575 2774 5647; x_wconf 89' lang='lat' dir='ltr'><strong>populi</strong></span> <span class='ocrx_word' id='word_1_883' title='bbox 2797 5584 2852 5631; x_wconf 88' lang='lat' dir='ltr'><strong>et</strong></span> <span class='ocrx_word' id='word_1_884' title='bbox 2885 5573 3118 5632; x_wconf 89' lang='lat' dir='ltr'><strong>adorent</strong></span> <span class='ocrx_word' id='word_1_885' title='bbox 3148 5580 3201 5630; x_wconf 91' lang='lat' dir='ltr'><strong>te</strong></span> <span class='ocrx_word' id='word_1_886' title='bbox 3225 5570 3443 5629; x_wconf 82' lang='lat' dir='ltr'><strong>tribus:</strong></span> 
     </span>
    </p>
   </div>
  </div>
