  <div class='ocr_page' id='page_1' title='image "/cluster/home/n/w/nwhite01/storage/ocr_20150623/22/nnc1.0046978372/573.png"; bbox 0 0 3840 6222; ppageno 0'>
   <div class='ocr_carea' id='block_1_1' title="bbox 489 277 630 336">
    <p class='ocr_par' dir='ltr' id='par_1_1' title="bbox 489 277 630 336">
     <span class='ocr_line' id='line_1_1' title="bbox 489 277 630 336; baseline -0.007 -2"><span class='ocrx_word' id='word_1_1' title='bbox 489 279 512 334; x_wconf 77' lang='grc'><strong>1</strong></span> <span class='ocrx_word' id='word_1_2' title='bbox 523 277 630 336; x_wconf 75' lang='lat'><strong>059</strong></span> 
     </span>
    </p>
   </div>
   <div class='ocr_carea' id='block_1_2' title="bbox 1240 266 3118 328">
    <p class='ocr_par' dir='ltr' id='par_1_2' title="bbox 1240 266 3118 328">
     <span class='ocr_line' id='line_1_2' title="bbox 1240 266 3118 328; baseline 0.001 -4"><span class='ocrx_word' id='word_1_3' title='bbox 1240 269 1511 328; x_wconf 84' lang='lat' dir='ltr'><strong>EUSEBII</strong></span> <span class='ocrx_word' id='word_1_4' title='bbox 1553 267 2038 326; x_wconf 58' lang='lat' dir='ltr'><strong>CIESARIENSIS</strong></span> <span class='ocrx_word' id='word_1_5' title='bbox 2066 266 2218 324; x_wconf 85' lang='lat' dir='ltr'><strong>OPP.</strong></span> <span class='ocrx_word' id='word_1_6' title='bbox 2261 267 2445 324; x_wconf 81' lang='lat' dir='ltr'><strong>PARS</strong></span> <span class='ocrx_word' id='word_1_7' title='bbox 2479 267 2562 325; x_wconf 84' lang='lat' dir='ltr'><strong>Ill.</strong></span> <span class='ocrx_word' id='word_1_8' title='bbox 2605 301 2672 309; x_wconf 95' lang='lat'><strong>—</strong></span> <span class='ocrx_word' id='word_1_9' title='bbox 2705 268 3118 325; x_wconf 81' lang='lat' dir='ltr'><strong>EXEGETICA.</strong></span> 
     </span>
    </p>
   </div>
   <div class='ocr_carea' id='block_1_3' title="bbox 3619 273 3723 332">
    <p class='ocr_par' dir='ltr' id='par_1_3' title="bbox 3619 273 3723 332">
     <span class='ocr_line' id='line_1_3' title="bbox 3619 273 3723 332; baseline 0.058 -6"><span class='ocrx_word' id='word_1_10' title='bbox 3619 273 3723 332; x_wconf 58' lang='lat' dir='ltr'><strong>i030</strong></span> 
     </span>
    </p>
   </div>
   <div class='ocr_carea' id='block_1_4' title="bbox 481 389 2041 466">
    <p class='ocr_par' dir='ltr' id='par_1_4' title="bbox 481 389 2041 453">
     <span class='ocr_line' id='line_1_4' title="bbox 481 389 2041 453; baseline -0.006 -2"><span class='ocrx_word' id='word_1_11' title='bbox 481 404 598 450; x_wconf 91' lang='lat' dir='ltr'><strong>esto</strong></span> <span class='ocrx_word' id='word_1_12' title='bbox 616 393 871 449; x_wconf 86' lang='lat' dir='ltr'><strong>dominus</strong></span> <span class='ocrx_word' id='word_1_13' title='bbox 894 391 1125 446; x_wconf 76' lang='lat' dir='ltr'><strong>fratrum</strong></span> <span class='ocrx_word' id='word_1_14' title='bbox 1150 395 1464 453; x_wconf 90' lang='lat' dir='ltr'><strong>tuorum,et</strong></span> <span class='ocrx_word' id='word_1_15' title='bbox 1491 389 1851 443; x_wconf 75' lang='lat' dir='ltr'><strong>incurventur</strong></span> <span class='ocrx_word' id='word_1_16' title='bbox 1876 398 2002 443; x_wconf 89' lang='lat' dir='ltr'><strong>ante</strong></span> <span class='ocrx_word' id='word_1_17' title='bbox 2025 397 2041 441; x_wconf 90' lang='lat' dir='ltr'><strong>t</strong></span> 
     </span>
    </p>
   </div>
   <div class='ocr_carea' id='block_1_5' title="bbox 2159 389 3724 466">
    <p class='ocr_par' dir='ltr' id='par_1_5' title="bbox 2180 390 3724 466">
     <span class='ocr_line' id='line_1_5' title="bbox 2180 390 3724 466; baseline 0.001 -19"><span class='ocrx_word' id='word_1_18' title='bbox 2180 395 2274 447; x_wconf 76' lang='grc' dir='ltr'><strong>καὶ</strong></span> <span class='ocrx_word' id='word_1_19' title='bbox 2307 390 2776 466; x_wconf 74' lang='grc' dir='ltr'><strong>προσκυνήσουσιν</strong></span> <span class='ocrx_word' id='word_1_20' title='bbox 2823 407 2904 444; x_wconf 89' lang='grc' dir='ltr'><strong>σοι</strong></span> <span class='ocrx_word' id='word_1_21' title='bbox 2947 390 3206 462; x_wconf 79' lang='grc' dir='ltr'>ἄρχοντες</span> <span class='ocrx_word' id='word_1_22' title='bbox 3227 407 3238 420; x_wconf 77' lang='grc' dir='ltr'><strong><em>ο</em></strong></span> <span class='ocrx_word' id='word_1_23' title='bbox 3272 391 3369 444; x_wconf 70' lang='grc' dir='ltr'><strong>καὶ</strong></span> <span class='ocrx_word' id='word_1_24' title='bbox 3409 390 3552 462; x_wconf 87' lang='grc' dir='ltr'>γίνου</span> <span class='ocrx_word' id='word_1_25' title='bbox 3579 393 3724 466; x_wconf 74' lang='grc' dir='ltr'>κύριος</span> 
     </span>
    </p>
   </div>
   <div class='ocr_carea' id='block_1_6' title="bbox 479 479 2041 557">
    <p class='ocr_par' dir='ltr' id='par_1_6' title="bbox 479 479 2041 557">
     <span class='ocr_line' id='line_1_6' title="bbox 479 479 2041 557; baseline -0.004 -16"><span class='ocrx_word' id='word_1_26' title='bbox 479 488 578 542; x_wconf 73' lang='lat' dir='ltr'><strong>lilii</strong></span> <span class='ocrx_word' id='word_1_27' title='bbox 597 486 772 557; x_wconf 77' lang='lat' dir='ltr'><strong>patris</strong></span> <span class='ocrx_word' id='word_1_28' title='bbox 798 485 876 540; x_wconf 85' lang='lat' dir='ltr'><strong>lui</strong></span> <span class='ocrx_word' id='word_1_29' title='bbox 892 485 957 539; x_wconf 74' lang='lat'><strong>“.</strong></span> <span class='ocrx_word' id='word_1_30' title='bbox 979 503 998 536; x_wconf 71' lang='grc' dir='ltr'><strong>ι</strong></span> <span class='ocrx_word' id='word_1_31' title='bbox 1020 482 1144 538; x_wconf 63' lang='lat' dir='ltr'><strong>Haec</strong></span> <span class='ocrx_word' id='word_1_32' title='bbox 1161 481 1321 552; x_wconf 91' lang='lat' dir='ltr'><strong>quasi</strong></span> <span class='ocrx_word' id='word_1_33' title='bbox 1333 480 1401 536; x_wconf 90' lang='lat' dir='ltr'><strong>ad</strong></span> <span class='ocrx_word' id='word_1_34' title='bbox 1415 479 1676 536; x_wconf 80' lang='lat' dir='ltr'><strong>Jacobum</strong></span> <span class='ocrx_word' id='word_1_35' title='bbox 1693 480 1840 535; x_wconf 90' lang='lat' dir='ltr'><strong>dicta</strong></span> <span class='ocrx_word' id='word_1_36' title='bbox 1858 481 2041 536; x_wconf 87' lang='lat' dir='ltr'>minim</span> 
     </span>
    </p>
   </div>
   <div class='ocr_carea' id='block_1_7' title="bbox 2159 479 3723 557">
    <p class='ocr_par' dir='ltr' id='par_1_7' title="bbox 2187 483 3723 555">
     <span class='ocr_line' id='line_1_7' title="bbox 2187 483 3723 555; baseline 0.001 -16"><span class='ocrx_word' id='word_1_37' title='bbox 2187 483 2280 539; x_wconf 89' lang='grc' dir='ltr'><strong>τοῦ</strong></span> <span class='ocrx_word' id='word_1_38' title='bbox 2324 484 2553 554; x_wconf 81' lang='grc' dir='ltr'>ἀδελφοῦ</span> <span class='ocrx_word' id='word_1_39' title='bbox 2591 502 2704 549; x_wconf 90' lang='grc' dir='ltr'>σου,</span> <span class='ocrx_word' id='word_1_40' title='bbox 2754 485 2850 538; x_wconf 80' lang='grc' dir='ltr'><strong>καὶ</strong></span> <span class='ocrx_word' id='word_1_41' title='bbox 2888 483 3356 555; x_wconf 78' lang='grc' dir='ltr'>προσκυνήσουσίν</span> <span class='ocrx_word' id='word_1_42' title='bbox 3411 501 3490 537; x_wconf 90' lang='grc' dir='ltr'><strong>σοι</strong></span> <span class='ocrx_word' id='word_1_43' title='bbox 3534 486 3626 539; x_wconf 76' lang='grc' dir='ltr'>υἱοὶ</span> <span class='ocrx_word' id='word_1_44' title='bbox 3653 486 3723 541; x_wconf 74' lang='grc' dir='ltr'><strong>ττιῦ</strong></span> 
     </span>
    </p>
   </div>
   <div class='ocr_carea' id='block_1_8' title="bbox 482 571 2082 649">
    <p class='ocr_par' dir='ltr' id='par_1_8' title="bbox 482 571 2082 649">
     <span class='ocr_line' id='line_1_8' title="bbox 482 571 2082 649; baseline -0.004 -14"><span class='ocrx_word' id='word_1_45' title='bbox 482 593 645 649; x_wconf 83' lang='lat' dir='ltr'><strong>posse</strong></span> <span class='ocrx_word' id='word_1_46' title='bbox 661 578 917 632; x_wconf 89' lang='lat' dir='ltr'><strong>videntur</strong></span> <span class='ocrx_word' id='word_1_47' title='bbox 936 575 1004 630; x_wconf 89' lang='lat' dir='ltr'><strong>ad</strong></span> <span class='ocrx_word' id='word_1_48' title='bbox 1026 589 1150 630; x_wconf 92' lang='lat' dir='ltr'><strong>eum</strong></span> <span class='ocrx_word' id='word_1_49' title='bbox 1162 571 1562 642; x_wconf 88' lang='lat' dir='ltr'><strong>referri,neque</strong></span> <span class='ocrx_word' id='word_1_50' title='bbox 1581 572 1646 627; x_wconf 86' lang='lat' dir='ltr'><strong>ad</strong></span> <span class='ocrx_word' id='word_1_51' title='bbox 1658 572 1917 643; x_wconf 87' lang='lat' dir='ltr'><strong>populum</strong></span> <span class='ocrx_word' id='word_1_52' title='bbox 1936 587 2002 628; x_wconf 82' lang='lat' dir='ltr'><strong>ex</strong></span> <span class='ocrx_word' id='word_1_53' title='bbox 2015 588 2082 628; x_wconf 91' lang='lat' dir='ltr'><strong>eo</strong></span> 
     </span>
    </p>
   </div>
   <div class='ocr_carea' id='block_1_9' title="bbox 478 665 2080 740">
    <p class='ocr_par' dir='ltr' id='par_1_9' title="bbox 478 665 2080 740">
     <span class='ocr_line' id='line_1_9' title="bbox 478 665 2080 740; baseline -0.001 -17"><span class='ocrx_word' id='word_1_54' title='bbox 478 682 666 725; x_wconf 85' lang='lat' dir='ltr'><strong>natum</strong></span> <span class='ocrx_word' id='word_1_55' title='bbox 685 712 699 738; x_wconf 88' lang='lat'><strong>,</strong></span> <span class='ocrx_word' id='word_1_56' title='bbox 720 669 979 740; x_wconf 84' lang='lat' dir='ltr'><strong>populum</strong></span> <span class='ocrx_word' id='word_1_57' title='bbox 1012 665 1748 732; x_wconf 89' lang='lat' dir='ltr'><strong>circumcisionis.Quienim</strong></span> <span class='ocrx_word' id='word_1_58' title='bbox 1772 665 1958 737; x_wconf 88' lang='lat' dir='ltr'><strong>populi</strong></span> <span class='ocrx_word' id='word_1_59' title='bbox 1985 681 2080 721; x_wconf 90' lang='lat' dir='ltr'><strong>un-</strong></span> 
     </span>
    </p>
   </div>
   <div class='ocr_carea' id='block_1_10' title="bbox 475 758 2080 833">
    <p class='ocr_par' dir='ltr' id='par_1_10' title="bbox 475 758 2080 833">
     <span class='ocr_line' id='line_1_10' title="bbox 475 758 2080 833; baseline -0.001 -18"><span class='ocrx_word' id='word_1_60' title='bbox 475 778 641 833; x_wconf 83' lang='lat' dir='ltr'><strong>quam</strong></span> <span class='ocrx_word' id='word_1_61' title='bbox 656 763 706 816; x_wconf 88' lang='lat' dir='ltr'><strong>ei</strong></span> <span class='ocrx_word' id='word_1_62' title='bbox 723 761 1032 817; x_wconf 89' lang='lat' dir='ltr'><strong>servierunt</strong></span> <span class='ocrx_word' id='word_1_63' title='bbox 1054 760 1077 812; x_wconf 86' lang='lat'><strong>?</strong></span> <span class='ocrx_word' id='word_1_64' title='bbox 1089 759 1194 812; x_wconf 85' lang='lat' dir='ltr'><strong>Aut</strong></span> <span class='ocrx_word' id='word_1_65' title='bbox 1211 774 1333 828; x_wconf 84' lang='lat' dir='ltr'><strong>quae</strong></span> <span class='ocrx_word' id='word_1_66' title='bbox 1352 759 1526 814; x_wconf 91' lang='lat' dir='ltr'><strong>tribus</strong></span> <span class='ocrx_word' id='word_1_67' title='bbox 1538 773 1663 814; x_wconf 87' lang='lat' dir='ltr'><strong>eum</strong></span> <span class='ocrx_word' id='word_1_68' title='bbox 1677 758 2080 814; x_wconf 82' lang='lat' dir='ltr'><strong>adoraverunt?</strong></span> 
     </span>
    </p>
   </div>
   <div class='ocr_carea' id='block_1_11' title="bbox 473 850 2076 925">
    <p class='ocr_par' dir='ltr' id='par_1_11' title="bbox 473 850 2076 925">
     <span class='ocr_line' id='line_1_11' title="bbox 473 850 2076 925; baseline -0.001 -17"><span class='ocrx_word' id='word_1_69' title='bbox 473 871 638 925; x_wconf 86' lang='lat' dir='ltr'><strong>quem</strong></span> <span class='ocrx_word' id='word_1_70' title='bbox 681 853 1029 910; x_wconf 85' lang='lat' dir='ltr'><strong>adorabant?</strong></span> <span class='ocrx_word' id='word_1_71' title='bbox 1067 850 1286 923; x_wconf 83' lang='lat' dir='ltr'><strong>quando</strong></span> <span class='ocrx_word' id='word_1_72' title='bbox 1315 866 1556 922; x_wconf 86' lang='lat' dir='ltr'><strong>unquam</strong></span> <span class='ocrx_word' id='word_1_73' title='bbox 1583 851 1639 905; x_wconf 91' lang='lat' dir='ltr'><strong>in</strong></span> <span class='ocrx_word' id='word_1_74' title='bbox 1669 851 1892 906; x_wconf 75' lang='lat' dir='ltr'><strong>fratrem</strong></span> <span class='ocrx_word' id='word_1_75' title='bbox 1915 866 2076 907; x_wconf 88' lang='lat' dir='ltr'><strong>suum</strong></span> 
     </span>
    </p>
   </div>
   <div class='ocr_carea' id='block_1_12' title="bbox 473 942 2076 1015">
    <p class='ocr_par' dir='ltr' id='par_1_12' title="bbox 473 942 2076 1015">
     <span class='ocr_line' id='line_1_12' title="bbox 473 942 2076 1015; baseline -0.002 -15"><span class='ocrx_word' id='word_1_76' title='bbox 473 946 912 1001; x_wconf 74' lang='lat' dir='ltr'><strong>dominationem</strong></span> <span class='ocrx_word' id='word_1_77' title='bbox 946 945 1232 1001; x_wconf 87' lang='lat' dir='ltr'><strong>exercuit?</strong></span> <span class='ocrx_word' id='word_1_78' title='bbox 1258 943 1361 1011; x_wconf 85' lang='lat' dir='ltr'><strong>Qui</strong></span> <span class='ocrx_word' id='word_1_79' title='bbox 1386 952 1569 998; x_wconf 87' lang='lat' dir='ltr'><strong>autem</strong></span> <span class='ocrx_word' id='word_1_80' title='bbox 1594 943 1954 1015; x_wconf 87' lang='lat' dir='ltr'><strong>patrisipsius</strong></span> <span class='ocrx_word' id='word_1_81' title='bbox 1979 942 2076 997; x_wconf 85' lang='lat' dir='ltr'><strong>filii</strong></span> 
     </span>
    </p>
   </div>
   <div class='ocr_carea' id='block_1_13' title="bbox 471 1035 2072 1108">
    <p class='ocr_par' dir='ltr' id='par_1_13' title="bbox 471 1035 2072 1108">
     <span class='ocr_line' id='line_1_13' title="bbox 471 1035 2072 1108; baseline 0 -18"><span class='ocrx_word' id='word_1_82' title='bbox 471 1037 566 1108; x_wconf 90' lang='lat' dir='ltr'><strong>qui</strong></span> <span class='ocrx_word' id='word_1_83' title='bbox 595 1053 719 1093; x_wconf 92' lang='lat' dir='ltr'><strong>eum</strong></span> <span class='ocrx_word' id='word_1_84' title='bbox 753 1037 1036 1092; x_wconf 79' lang='lat' dir='ltr'><strong>adoraturi</strong></span> <span class='ocrx_word' id='word_1_85' title='bbox 1060 1036 1366 1092; x_wconf 82' lang='lat' dir='ltr'><strong>dicuntur?</strong></span> <span class='ocrx_word' id='word_1_86' title='bbox 1418 1037 1629 1106; x_wconf 85' lang='lat' dir='ltr'><strong>Quippe</strong></span> <span class='ocrx_word' id='word_1_87' title='bbox 1675 1035 1844 1090; x_wconf 91' lang='lat' dir='ltr'><strong>alium</strong></span> <span class='ocrx_word' id='word_1_88' title='bbox 1876 1051 2072 1106; x_wconf 78' lang='lat' dir='ltr'><strong>quem-</strong></span> 
     </span>
    </p>
   </div>
   <div class='ocr_carea' id='block_1_14' title="bbox 473 1127 2072 1201">
    <p class='ocr_par' dir='ltr' id='par_1_14' title="bbox 473 1127 2072 1201">
     <span class='ocr_line' id='line_1_14' title="bbox 473 1127 2072 1201; baseline -0.001 -16"><span class='ocrx_word' id='word_1_89' title='bbox 473 1131 599 1185; x_wconf 89' lang='lat' dir='ltr'><strong>dam</strong></span> <span class='ocrx_word' id='word_1_90' title='bbox 632 1137 830 1201; x_wconf 56' lang='lat' dir='ltr'><strong>praeter</strong></span> <span class='ocrx_word' id='word_1_91' title='bbox 873 1128 1142 1186; x_wconf 74' lang='lat' dir='ltr'><strong>Iacobum</strong></span> <span class='ocrx_word' id='word_1_92' title='bbox 1174 1129 1345 1184; x_wconf 85' lang='lat' dir='ltr'><strong>ﬁlium</strong></span> <span class='ocrx_word' id='word_1_93' title='bbox 1397 1128 1659 1184; x_wconf 87' lang='lat' dir='ltr'><strong>habuisse</strong></span> <span class='ocrx_word' id='word_1_94' title='bbox 1714 1127 1935 1184; x_wconf 92' lang='lat' dir='ltr'><strong>lsaacus</strong></span> <span class='ocrx_word' id='word_1_95' title='bbox 1960 1143 2072 1183; x_wconf 89' lang='lat' dir='ltr'><strong>non</strong></span> 
     </span>
    </p>
   </div>
   <div class='ocr_carea' id='block_1_15' title="bbox 470 1224 2071 1295">
    <p class='ocr_par' dir='ltr' id='par_1_15' title="bbox 470 1224 2071 1295">
     <span class='ocr_line' id='line_1_15' title="bbox 470 1224 2071 1295; baseline -0.001 -18"><span class='ocrx_word' id='word_1_96' title='bbox 470 1224 793 1290; x_wconf 85' lang='lat' dir='ltr'><strong>invenitur,</strong></span> <span class='ocrx_word' id='word_1_97' title='bbox 857 1226 963 1281; x_wconf 89' lang='lat' dir='ltr'><strong>nisi</strong></span> <span class='ocrx_word' id='word_1_98' title='bbox 1014 1225 1236 1279; x_wconf 88' lang='lat' dir='ltr'><strong>Esaum.</strong></span> <span class='ocrx_word' id='word_1_99' title='bbox 1289 1224 1573 1291; x_wconf 86' lang='lat' dir='ltr'><strong>Quomodo</strong></span> <span class='ocrx_word' id='word_1_100' title='bbox 1625 1224 1792 1295; x_wconf 80' lang='lat' dir='ltr'><strong>igitur</strong></span> <span class='ocrx_word' id='word_1_101' title='bbox 1843 1224 2071 1294; x_wconf 88' lang='lat' dir='ltr'><strong>plurali-</strong></span> 
     </span>
    </p>
   </div>
   <div class='ocr_carea' id='block_1_16' title="bbox 468 1314 2063 1386">
    <p class='ocr_par' dir='ltr' id='par_1_16' title="bbox 468 1314 2063 1386">
     <span class='ocr_line' id='line_1_16' title="bbox 468 1314 2063 1386; baseline 0 -20"><span class='ocrx_word' id='word_1_102' title='bbox 468 1322 554 1368; x_wconf 91' lang='lat' dir='ltr'><strong>ter</strong></span> <span class='ocrx_word' id='word_1_103' title='bbox 604 1315 845 1370; x_wconf 91' lang='lat' dir='ltr'><strong>dicitur:</strong></span> <span class='ocrx_word' id='word_1_104' title='bbox 879 1333 898 1367; x_wconf 76' lang='grc' dir='ltr'><strong>ι</strong></span> <span class='ocrx_word' id='word_1_105' title='bbox 938 1315 1299 1370; x_wconf 87' lang='lat' dir='ltr'><strong>lneurventur</strong></span> <span class='ocrx_word' id='word_1_106' title='bbox 1325 1323 1452 1370; x_wconf 91' lang='lat' dir='ltr'><strong>ante</strong></span> <span class='ocrx_word' id='word_1_107' title='bbox 1488 1324 1540 1370; x_wconf 90' lang='lat' dir='ltr'><strong>te</strong></span> <span class='ocrx_word' id='word_1_108' title='bbox 1569 1315 1667 1368; x_wconf 85' lang='lat' dir='ltr'><strong>lilii</strong></span> <span class='ocrx_word' id='word_1_109' title='bbox 1702 1315 1875 1386; x_wconf 86' lang='lat' dir='ltr'><strong>patris</strong></span> <span class='ocrx_word' id='word_1_110' title='bbox 1898 1314 2020 1368; x_wconf 87' lang='lat' dir='ltr'><strong>tui?</strong></span> <span class='ocrx_word' id='word_1_111' title='bbox 2043 1333 2063 1366; x_wconf 74' lang='grc' dir='ltr'><strong>ι</strong></span> 
     </span>
    </p>
   </div>
   <div class='ocr_carea' id='block_1_17' title="bbox 470 1405 2068 1477">
    <p class='ocr_par' dir='ltr' id='par_1_17' title="bbox 470 1405 2068 1477">
     <span class='ocr_line' id='line_1_17' title="bbox 470 1405 2068 1477; baseline 0.001 -17"><span class='ocrx_word' id='word_1_112' title='bbox 470 1407 598 1462; x_wconf 69' lang='lat' dir='ltr'><strong>Haec</strong></span> <span class='ocrx_word' id='word_1_113' title='bbox 627 1414 811 1464; x_wconf 90' lang='lat' dir='ltr'><strong>autem</strong></span> <span class='ocrx_word' id='word_1_114' title='bbox 870 1407 1184 1463; x_wconf 89' lang='lat' dir='ltr'><strong>notavimus</strong></span> <span class='ocrx_word' id='word_1_115' title='bbox 1241 1414 1532 1477; x_wconf 87' lang='lat' dir='ltr'><strong>propterea</strong></span> <span class='ocrx_word' id='word_1_116' title='bbox 1574 1406 1722 1476; x_wconf 92' lang='lat' dir='ltr'><strong>quod</strong></span> <span class='ocrx_word' id='word_1_117' title='bbox 1754 1405 1959 1476; x_wconf 64' lang='lat' dir='ltr'><strong>saepius</strong></span> <span class='ocrx_word' id='word_1_118' title='bbox 2009 1406 2068 1461; x_wconf 91' lang='lat' dir='ltr'><strong>in</strong></span> 
     </span>
    </p>
   </div>
   <div class='ocr_carea' id='block_1_18' title="bbox 469 1499 2069 1573">
    <p class='ocr_par' dir='ltr' id='par_1_18' title="bbox 469 1499 2069 1573">
     <span class='ocr_line' id='line_1_18' title="bbox 469 1499 2069 1573; baseline 0.001 -18"><span class='ocrx_word' id='word_1_119' title='bbox 469 1501 771 1573; x_wconf 88' lang='lat' dir='ltr'><strong>prophetiis</strong></span> <span class='ocrx_word' id='word_1_120' title='bbox 795 1517 894 1573; x_wconf 90' lang='lat' dir='ltr'><strong>per</strong></span> <span class='ocrx_word' id='word_1_121' title='bbox 912 1500 1177 1557; x_wconf 87' lang='lat' dir='ltr'><strong>Jacobum</strong></span> <span class='ocrx_word' id='word_1_122' title='bbox 1205 1500 1457 1557; x_wconf 88' lang='lat' dir='ltr'><strong>Christus</strong></span> <span class='ocrx_word' id='word_1_123' title='bbox 1474 1499 1836 1571; x_wconf 83' lang='lat' dir='ltr'><strong>signiﬁcatur,</strong></span> <span class='ocrx_word' id='word_1_124' title='bbox 1861 1509 1920 1554; x_wconf 91' lang='lat' dir='ltr'><strong>ut</strong></span> <span class='ocrx_word' id='word_1_125' title='bbox 1941 1515 2069 1570; x_wconf 84' lang='lat' dir='ltr'><strong>pro-</strong></span> 
     </span>
    </p>
   </div>
   <div class='ocr_carea' id='block_1_19' title="bbox 469 1593 2064 1664">
    <p class='ocr_par' dir='ltr' id='par_1_19' title="bbox 469 1593 2064 1664">
     <span class='ocr_line' id='line_1_19' title="bbox 469 1593 2064 1664; baseline -0.001 -15"><span class='ocrx_word' id='word_1_126' title='bbox 469 1595 604 1664; x_wconf 89' lang='lat' dir='ltr'><strong>priis</strong></span> <span class='ocrx_word' id='word_1_127' title='bbox 627 1596 946 1651; x_wconf 88' lang='lat' dir='ltr'><strong>ostendetur</strong></span> <span class='ocrx_word' id='word_1_128' title='bbox 986 1595 1145 1660; x_wconf 89' lang='lat' dir='ltr'><strong>locis,</strong></span> <span class='ocrx_word' id='word_1_129' title='bbox 1185 1595 1536 1664; x_wconf 89' lang='lat' dir='ltr'><strong>suspicantes</strong></span> <span class='ocrx_word' id='word_1_130' title='bbox 1571 1609 1759 1648; x_wconf 89' lang='lat' dir='ltr'><strong>annon</strong></span> <span class='ocrx_word' id='word_1_131' title='bbox 1789 1593 1933 1648; x_wconf 84' lang='lat' dir='ltr'><strong>forte</strong></span> <span class='ocrx_word' id='word_1_132' title='bbox 1958 1594 2064 1649; x_wconf 89' lang='lat' dir='ltr'><strong>ista</strong></span> 
     </span>
    </p>
   </div>
   <div class='ocr_carea' id='block_1_20' title="bbox 467 1683 2064 1756">
    <p class='ocr_par' dir='ltr' id='par_1_20' title="bbox 467 1683 2064 1756">
     <span class='ocr_line' id='line_1_20' title="bbox 467 1683 2064 1756; baseline 0 -18"><span class='ocrx_word' id='word_1_133' title='bbox 467 1686 525 1738; x_wconf 91' lang='lat' dir='ltr'><strong>in</strong></span> <span class='ocrx_word' id='word_1_134' title='bbox 557 1685 678 1756; x_wconf 89' lang='lat' dir='ltr'><strong>ejus</strong></span> <span class='ocrx_word' id='word_1_135' title='bbox 707 1687 1081 1743; x_wconf 90' lang='lat' dir='ltr'><strong>testimonium</strong></span> <span class='ocrx_word' id='word_1_136' title='bbox 1119 1685 1370 1756; x_wconf 90' lang='lat' dir='ltr'><strong>adaptari</strong></span> <span class='ocrx_word' id='word_1_137' title='bbox 1400 1692 1647 1754; x_wconf 89' lang='lat' dir='ltr'><strong>possent.</strong></span> <span class='ocrx_word' id='word_1_138' title='bbox 1687 1683 1859 1739; x_wconf 89' lang='lat' dir='ltr'><strong>Simili</strong></span> <span class='ocrx_word' id='word_1_139' title='bbox 1918 1685 2064 1740; x_wconf 91' lang='lat' dir='ltr'><strong>enim</strong></span> 
     </span>
    </p>
   </div>
   <div class='ocr_carea' id='block_1_21' title="bbox 2187 574 3723 650">
    <p class='ocr_par' dir='ltr' id='par_1_21' title="bbox 2187 574 3723 650">
     <span class='ocr_line' id='line_1_21' title="bbox 2187 574 3723 650; baseline 0.001 -20"><span class='ocrx_word' id='word_1_140' title='bbox 2187 577 2394 650; x_wconf 91' lang='grc' dir='ltr'>πατρός</span> <span class='ocrx_word' id='word_1_141' title='bbox 2429 594 2542 630; x_wconf 91' lang='grc' dir='ltr'>σου.</span> <span class='ocrx_word' id='word_1_142' title='bbox 2587 597 2605 630; x_wconf 76' lang='grc' dir='ltr'><strong>ι</strong></span> <span class='ocrx_word' id='word_1_143' title='bbox 2645 574 2727 629; x_wconf 85' lang='grc' dir='ltr'><strong>Τὰ</strong></span> <span class='ocrx_word' id='word_1_144' title='bbox 2757 575 3025 646; x_wconf 88' lang='grc' dir='ltr'>λεγόμενα</span> <span class='ocrx_word' id='word_1_145' title='bbox 3055 576 3131 638; x_wconf 83' lang='grc' dir='ltr'>ὡς</span> <span class='ocrx_word' id='word_1_146' title='bbox 3172 575 3310 647; x_wconf 74' lang='grc' dir='ltr'>πρὸς</span> <span class='ocrx_word' id='word_1_147' title='bbox 3357 575 3448 630; x_wconf 80' lang='grc' dir='ltr'><strong>τὸν</strong></span> <span class='ocrx_word' id='word_1_148' title='bbox 3491 576 3658 630; x_wconf 78' lang='grc' dir='ltr'>Ἰακὼϐ</span> <span class='ocrx_word' id='word_1_149' title='bbox 3681 582 3723 632; x_wconf 67' lang='grc' dir='ltr'><strong>οὐ</strong></span> 
     </span>
    </p>
   </div>
   <div class='ocr_carea' id='block_1_22' title="bbox 2187 666 3724 737">
    <p class='ocr_par' dir='ltr' id='par_1_22' title="bbox 2187 666 3724 737">
     <span class='ocr_line' id='line_1_22' title="bbox 2187 666 3724 737; baseline -0.001 -14"><span class='ocrx_word' id='word_1_150' title='bbox 2187 670 2329 728; x_wconf 74' lang='grc' dir='ltr'>πάνυ</span> <span class='ocrx_word' id='word_1_151' title='bbox 2356 685 2407 722; x_wconf 89' lang='grc' dir='ltr'><strong>τι</strong></span> <span class='ocrx_word' id='word_1_152' title='bbox 2435 669 2682 737; x_wconf 83' lang='grc' dir='ltr'>φαίνεται</span> <span class='ocrx_word' id='word_1_153' title='bbox 2715 666 2977 720; x_wconf 84' lang='grc' dir='ltr'>δύνασθαι</span> <span class='ocrx_word' id='word_1_154' title='bbox 3005 668 3093 721; x_wconf 79' lang='grc' dir='ltr'>ἐπ’</span> <span class='ocrx_word' id='word_1_155' title='bbox 3117 666 3279 721; x_wconf 74' lang='grc' dir='ltr'>αὑτὸν</span> <span class='ocrx_word' id='word_1_156' title='bbox 3310 667 3616 737; x_wconf 78' lang='grc' dir='ltr'>ἀνάγεσθαι,</span> <span class='ocrx_word' id='word_1_157' title='bbox 3637 671 3724 722; x_wconf 59' lang='grc' dir='ltr'><strong>οὐδὲ</strong></span> 
     </span>
    </p>
   </div>
   <div class='ocr_carea' id='block_1_23' title="bbox 2187 759 3726 834">
    <p class='ocr_par' dir='ltr' id='par_1_23' title="bbox 2187 759 3726 834">
     <span class='ocr_line' id='line_1_23' title="bbox 2187 759 3726 834; baseline -0.001 -19"><span class='ocrx_word' id='word_1_158' title='bbox 2187 761 2294 834; x_wconf 86' lang='grc' dir='ltr'>μὴν</span> <span class='ocrx_word' id='word_1_159' title='bbox 2323 762 2416 815; x_wconf 75' lang='grc' dir='ltr'>ἐπὶ</span> <span class='ocrx_word' id='word_1_160' title='bbox 2460 761 2552 814; x_wconf 83' lang='grc' dir='ltr'><strong>τὸν</strong></span> <span class='ocrx_word' id='word_1_161' title='bbox 2597 760 2654 827; x_wconf 80' lang='grc' dir='ltr'>ἐξ</span> <span class='ocrx_word' id='word_1_162' title='bbox 2701 759 2865 813; x_wconf 81' lang='grc' dir='ltr'>αὐτοῦ</span> <span class='ocrx_word' id='word_1_163' title='bbox 2899 759 3186 831; x_wconf 86' lang='grc' dir='ltr'>γενόμενον</span> <span class='ocrx_word' id='word_1_164' title='bbox 3224 759 3354 814; x_wconf 80' lang='grc' dir='ltr'>λαὸν</span> <span class='ocrx_word' id='word_1_165' title='bbox 3398 760 3488 814; x_wconf 79' lang='grc' dir='ltr'><strong>τὺν</strong></span> <span class='ocrx_word' id='word_1_166' title='bbox 3524 763 3581 815; x_wconf 83' lang='grc' dir='ltr'><strong>ἐκ</strong></span> <span class='ocrx_word' id='word_1_167' title='bbox 3610 779 3726 833; x_wconf 81' lang='grc' dir='ltr'>περι·</span> 
     </span>
    </p>
   </div>
   <div class='ocr_carea' id='block_1_24' title="bbox 2181 850 3724 924">
    <p class='ocr_par' dir='ltr' id='par_1_24' title="bbox 2181 850 3724 924">
     <span class='ocr_line' id='line_1_24' title="bbox 2181 850 3724 924; baseline -0.003 -16"><span class='ocrx_word' id='word_1_168' title='bbox 2181 855 2354 924; x_wconf 85' lang='grc' dir='ltr'><strong>τομῆς</strong></span> <span class='ocrx_word' id='word_1_169' title='bbox 2379 869 2392 882; x_wconf 86' lang='grc'><strong>·</strong></span> <span class='ocrx_word' id='word_1_170' title='bbox 2427 851 2556 912; x_wconf 77' lang='grc' dir='ltr'>ποῖα</span> <span class='ocrx_word' id='word_1_171' title='bbox 2587 851 2696 922; x_wconf 84' lang='grc' dir='ltr'>γὰρ</span> <span class='ocrx_word' id='word_1_172' title='bbox 2736 850 2860 922; x_wconf 76' lang='grc' dir='ltr'>ἔθνη</span> <span class='ocrx_word' id='word_1_173' title='bbox 2915 851 3008 903; x_wconf 71' lang='grc' dir='ltr'><strong>καὶ</strong></span> <span class='ocrx_word' id='word_1_174' title='bbox 3054 850 3184 904; x_wconf 82' lang='grc' dir='ltr'>πότε</span> <span class='ocrx_word' id='word_1_175' title='bbox 3237 850 3548 904; x_wconf 75' lang='grc' dir='ltr'>ἐδούλευσεν</span> <span class='ocrx_word' id='word_1_176' title='bbox 3583 853 3724 922; x_wconf 56' lang='lat' dir='ltr'><strong>adu};</strong></span> 
     </span>
    </p>
   </div>
   <div class='ocr_carea' id='block_1_25' title="bbox 2180 941 3727 1016">
    <p class='ocr_par' dir='ltr' id='par_1_25' title="bbox 2180 941 3727 1016">
     <span class='ocr_line' id='line_1_25' title="bbox 2180 941 3727 1016; baseline 0.001 -20"><span class='ocrx_word' id='word_1_177' title='bbox 2180 943 2214 1016; x_wconf 76' lang='grc' dir='ltr'><strong>ἢ</strong></span> <span class='ocrx_word' id='word_1_178' title='bbox 2253 945 2396 1008; x_wconf 87' lang='grc' dir='ltr'>τίνες</span> <span class='ocrx_word' id='word_1_179' title='bbox 2442 943 2700 1014; x_wconf 78' lang='grc' dir='ltr'>ἄρχοντες</span> <span class='ocrx_word' id='word_1_180' title='bbox 2757 941 2908 1012; x_wconf 84' lang='grc' dir='ltr'>αὐτῷ</span> <span class='ocrx_word' id='word_1_181' title='bbox 2953 943 3410 1015; x_wconf 77' lang='grc' dir='ltr'>προσεκύνησαν;</span> <span class='ocrx_word' id='word_1_182' title='bbox 3443 944 3516 1007; x_wconf 83' lang='grc' dir='ltr'>ὡς</span> <span class='ocrx_word' id='word_1_183' title='bbox 3549 945 3651 996; x_wconf 74' lang='grc' dir='ltr'>τίνα</span> <span class='ocrx_word' id='word_1_184' title='bbox 3687 945 3727 997; x_wconf 77' lang='grc' dir='ltr'><em>δὲ</em></span> 
     </span>
    </p>
   </div>
   <div class='ocr_carea' id='block_1_26' title="bbox 2181 1036 3727 1109">
    <p class='ocr_par' dir='ltr' id='par_1_26' title="bbox 2181 1036 3727 1109">
     <span class='ocr_line' id='line_1_26' title="bbox 2181 1036 3727 1109; baseline -0.001 -19"><span class='ocrx_word' id='word_1_185' title='bbox 2181 1037 2273 1090; x_wconf 63' lang='grc' dir='ltr'><strong>καί¹</strong></span> <span class='ocrx_word' id='word_1_186' title='bbox 2303 1037 2696 1108; x_wconf 82' lang='grc' dir='ltr'>προσεκύνουν;</span> <span class='ocrx_word' id='word_1_187' title='bbox 2746 1037 2876 1089; x_wconf 84' lang='grc' dir='ltr'>πότε</span> <span class='ocrx_word' id='word_1_188' title='bbox 2923 1036 2980 1089; x_wconf 86' lang='grc' dir='ltr'><strong>δέ</strong></span> <span class='ocrx_word' id='word_1_189' title='bbox 3020 1037 3115 1089; x_wconf 72' lang='grc' dir='ltr'>καὶ</span> <span class='ocrx_word' id='word_1_190' title='bbox 3161 1037 3455 1109; x_wconf 73' lang='grc' dir='ltr'>ἐκυρίευσε</span> <span class='ocrx_word' id='word_1_191' title='bbox 3486 1037 3573 1090; x_wconf 83' lang='grc' dir='ltr'><strong>τοῦ</strong></span> <span class='ocrx_word' id='word_1_192' title='bbox 3611 1037 3727 1090; x_wconf 71' lang='grc' dir='ltr'>ἁδελ-</span> 
     </span>
    </p>
   </div>
   <div class='ocr_carea' id='block_1_27' title="bbox 2178 1127 3726 1202">
    <p class='ocr_par' dir='ltr' id='par_1_27' title="bbox 2178 1127 3726 1202">
     <span class='ocr_line' id='line_1_27' title="bbox 2178 1127 3726 1202; baseline -0.001 -18"><span class='ocrx_word' id='word_1_193' title='bbox 2178 1127 2281 1200; x_wconf 82' lang='grc' dir='ltr'>φοῦ</span> <span class='ocrx_word' id='word_1_194' title='bbox 2314 1129 2514 1196; x_wconf 83' lang='grc' dir='ltr'>αὐτοῦ;</span> <span class='ocrx_word' id='word_1_195' title='bbox 2547 1131 2581 1202; x_wconf 86' lang='grc' dir='ltr'>ἢ</span> <span class='ocrx_word' id='word_1_196' title='bbox 2614 1129 2756 1194; x_wconf 88' lang='grc' dir='ltr'>τίνες</span> <span class='ocrx_word' id='word_1_197' title='bbox 2785 1131 2836 1182; x_wconf 83' lang='grc' dir='ltr'>οἱ</span> <span class='ocrx_word' id='word_1_198' title='bbox 2889 1128 2982 1182; x_wconf 91' lang='grc' dir='ltr'><strong>τοῦ</strong></span> <span class='ocrx_word' id='word_1_199' title='bbox 3013 1130 3218 1202; x_wconf 79' lang='grc' dir='ltr'>πατρὸς</span> <span class='ocrx_word' id='word_1_200' title='bbox 3263 1129 3432 1183; x_wconf 75' lang='grc' dir='ltr'>αὐτοῦ</span> <span class='ocrx_word' id='word_1_201' title='bbox 3468 1132 3567 1183; x_wconf 71' lang='grc' dir='ltr'>υἱοὶ</span> <span class='ocrx_word' id='word_1_202' title='bbox 3594 1133 3633 1182; x_wconf 83' lang='grc' dir='ltr'>οἱ</span> <span class='ocrx_word' id='word_1_203' title='bbox 3661 1130 3726 1182; x_wconf 65' lang='grc' dir='ltr'><strong>ἱε-</strong></span> 
     </span>
    </p>
   </div>
   <div class='ocr_carea' id='block_1_28' title="bbox 2177 1218 3727 1292">
    <p class='ocr_par' dir='ltr' id='par_1_28' title="bbox 2177 1218 3727 1292">
     <span class='ocr_line' id='line_1_28' title="bbox 2177 1218 3727 1292; baseline 0.001 -20"><span class='ocrx_word' id='word_1_204' title='bbox 2177 1221 2395 1291; x_wconf 88' lang='grc' dir='ltr'>γόμενοι</span> <span class='ocrx_word' id='word_1_205' title='bbox 2431 1220 2831 1291; x_wconf 83' lang='grc' dir='ltr'>προσκυνήσειν</span> <span class='ocrx_word' id='word_1_206' title='bbox 2878 1218 3058 1290; x_wconf 80' lang='grc' dir='ltr'>αὐτῷ;</span> <span class='ocrx_word' id='word_1_207' title='bbox 3098 1221 3208 1273; x_wconf 81' lang='grc' dir='ltr'>Καὶ</span> <span class='ocrx_word' id='word_1_208' title='bbox 3249 1221 3360 1292; x_wconf 84' lang='grc' dir='ltr'><strong>μὴν</strong></span> <span class='ocrx_word' id='word_1_209' title='bbox 3394 1221 3490 1290; x_wconf 71' lang='grc' dir='ltr'><strong>οὐχ</strong></span> <span class='ocrx_word' id='word_1_210' title='bbox 3521 1221 3727 1291; x_wconf 74' lang='grc' dir='ltr'>εὑρίσκει</span> 
     </span>
    </p>
   </div>
   <div class='ocr_carea' id='block_1_29' title="bbox 2174 1311 3727 1384">
    <p class='ocr_par' dir='ltr' id='par_1_29' title="bbox 2174 1311 3727 1384">
     <span class='ocr_line' id='line_1_29' title="bbox 2174 1311 3727 1384; baseline -0.001 -20"><span class='ocrx_word' id='word_1_211' title='bbox 2174 1313 2264 1365; x_wconf 88' lang='grc' dir='ltr'><strong>ταί</strong></span> <span class='ocrx_word' id='word_1_212' title='bbox 2295 1329 2358 1380; x_wconf 92' lang='grc' dir='ltr'><strong>γε</strong></span> <span class='ocrx_word' id='word_1_213' title='bbox 2386 1313 2414 1365; x_wconf 98' lang='lat'><strong>6</strong></span> <span class='ocrx_word' id='word_1_214' title='bbox 2455 1311 2642 1365; x_wconf 85' lang='grc' dir='ltr'>Ἰσαὰκ</span> <span class='ocrx_word' id='word_1_215' title='bbox 2671 1311 2857 1384; x_wconf 72' lang='grc' dir='ltr'>ἕτερόν</span> <span class='ocrx_word' id='word_1_216' title='bbox 2884 1330 3004 1365; x_wconf 89' lang='grc' dir='ltr'>τινα</span> <span class='ocrx_word' id='word_1_217' title='bbox 3049 1313 3202 1384; x_wconf 78' lang='grc' dir='ltr'>παρὰ</span> <span class='ocrx_word' id='word_1_218' title='bbox 3246 1314 3340 1366; x_wconf 73' lang='grc' dir='ltr'>τὸν</span> <span class='ocrx_word' id='word_1_219' title='bbox 3386 1312 3570 1365; x_wconf 88' lang='grc' dir='ltr'>Ἰακὼϐ</span> <span class='ocrx_word' id='word_1_220' title='bbox 3600 1315 3727 1382; x_wconf 72' lang='grc' dir='ltr'>ἐσχη-</span> 
     </span>
    </p>
   </div>
   <div class='ocr_carea' id='block_1_30' title="bbox 2175 1401 3727 1476">
    <p class='ocr_par' dir='ltr' id='par_1_30' title="bbox 2175 1401 3727 1476">
     <span class='ocr_line' id='line_1_30' title="bbox 2175 1401 3727 1476; baseline -0.001 -19"><span class='ocrx_word' id='word_1_221' title='bbox 2175 1402 2285 1468; x_wconf 87' lang='grc' dir='ltr'><strong>κὼς</strong></span> <span class='ocrx_word' id='word_1_222' title='bbox 2311 1405 2344 1476; x_wconf 82' lang='grc' dir='ltr'>ἢ</span> <span class='ocrx_word' id='word_1_223' title='bbox 2380 1405 2541 1475; x_wconf 87' lang='grc' dir='ltr'>μόνον</span> <span class='ocrx_word' id='word_1_224' title='bbox 2565 1404 2656 1457; x_wconf 85' lang='grc' dir='ltr'><strong>τὸν</strong></span> <span class='ocrx_word' id='word_1_225' title='bbox 2702 1404 2872 1459; x_wconf 89' lang='grc' dir='ltr'>Ἡσαῦ</span> <span class='ocrx_word' id='word_1_226' title='bbox 2893 1419 2906 1433; x_wconf 78' lang='grc'><strong><em>⁸</em></strong></span> <span class='ocrx_word' id='word_1_227' title='bbox 2941 1404 3059 1468; x_wconf 83' lang='grc' dir='ltr'><strong>πῶς</strong></span> <span class='ocrx_word' id='word_1_228' title='bbox 3083 1401 3176 1459; x_wconf 82' lang='grc' dir='ltr'><strong>οῦν</strong></span> <span class='ocrx_word' id='word_1_229' title='bbox 3209 1404 3580 1476; x_wconf 74' lang='grc' dir='ltr'><strong>πληθυντικῶς</strong></span> <span class='ocrx_word' id='word_1_230' title='bbox 3605 1405 3727 1476; x_wconf 75' lang='grc' dir='ltr'>εἴρη-</span> 
     </span>
    </p>
   </div>
   <div class='ocr_carea' id='block_1_31' title="bbox 2172 1497 3724 1569">
    <p class='ocr_par' dir='ltr' id='par_1_31' title="bbox 2172 1497 3724 1569">
     <span class='ocr_line' id='line_1_31' title="bbox 2172 1497 3724 1569; baseline -0.002 -18"><span class='ocrx_word' id='word_1_231' title='bbox 2172 1515 2262 1551; x_wconf 85' lang='grc' dir='ltr'><strong>ται</strong></span> <span class='ocrx_word' id='word_1_232' title='bbox 2283 1498 2366 1563; x_wconf 84' lang='grc' dir='ltr'><strong>τὸ,</strong></span> <span class='ocrx_word' id='word_1_233' title='bbox 2388 1517 2407 1549; x_wconf 85' lang='grc'><strong><em>‹</em></strong></span> <span class='ocrx_word' id='word_1_234' title='bbox 2431 1497 2875 1569; x_wconf 86' lang='grc' dir='ltr'>Προσκυνήσουσί</span> <span class='ocrx_word' id='word_1_235' title='bbox 2905 1515 2987 1550; x_wconf 90' lang='grc' dir='ltr'><strong>σοι</strong></span> <span class='ocrx_word' id='word_1_236' title='bbox 3013 1499 3061 1551; x_wconf 79' lang='lat' dir='ltr'><strong>oi</strong></span> <span class='ocrx_word' id='word_1_237' title='bbox 3093 1497 3199 1550; x_wconf 74' lang='grc' dir='ltr'>υἱοὶ</span> <span class='ocrx_word' id='word_1_238' title='bbox 3224 1497 3320 1550; x_wconf 87' lang='grc' dir='ltr'><strong>τοῦ</strong></span> <span class='ocrx_word' id='word_1_239' title='bbox 3352 1499 3552 1569; x_wconf 84' lang='grc' dir='ltr'>πατρός</span> <span class='ocrx_word' id='word_1_240' title='bbox 3577 1514 3683 1564; x_wconf 73' lang='grc' dir='ltr'>σονς</span> <span class='ocrx_word' id='word_1_241' title='bbox 3709 1517 3724 1547; x_wconf 75' lang='grc' dir='ltr'><strong>ι</strong></span> 
     </span>
    </p>
   </div>
   <div class='ocr_carea' id='block_1_32' title="bbox 2173 1588 3729 1660">
    <p class='ocr_par' dir='ltr' id='par_1_32' title="bbox 2173 1588 3729 1660">
     <span class='ocr_line' id='line_1_32' title="bbox 2173 1588 3729 1660; baseline -0.001 -18"><span class='ocrx_word' id='word_1_242' title='bbox 2173 1588 2359 1642; x_wconf 86' lang='grc' dir='ltr'>Ταῦτα</span> <span class='ocrx_word' id='word_1_243' title='bbox 2391 1589 2435 1642; x_wconf 89' lang='grc' dir='ltr'>δ’</span> <span class='ocrx_word' id='word_1_244' title='bbox 2472 1588 2932 1660; x_wconf 84' lang='grc' dir='ltr'>ἐσημειωσάμεθα</span> <span class='ocrx_word' id='word_1_245' title='bbox 2964 1588 3052 1642; x_wconf 74' lang='grc' dir='ltr'>διὰ</span> <span class='ocrx_word' id='word_1_246' title='bbox 3101 1589 3163 1642; x_wconf 85' lang='grc' dir='ltr'><strong>τὸ</strong></span> <span class='ocrx_word' id='word_1_247' title='bbox 3215 1589 3483 1652; x_wconf 77' lang='grc' dir='ltr'><strong>πολλάκις</strong></span> <span class='ocrx_word' id='word_1_248' title='bbox 3527 1591 3610 1642; x_wconf 73' lang='grc' dir='ltr'>καὶ</span> <span class='ocrx_word' id='word_1_249' title='bbox 3647 1589 3729 1640; x_wconf 81' lang='grc' dir='ltr'>Ἰα-</span> 
     </span>
    </p>
   </div>
   <div class='ocr_carea' id='block_1_33' title="bbox 2172 1676 3725 1751">
    <p class='ocr_par' dir='ltr' id='par_1_33' title="bbox 2172 1676 3725 1751">
     <span class='ocr_line' id='line_1_33' title="bbox 2172 1676 3725 1751; baseline -0.006 -17"><span class='ocrx_word' id='word_1_250' title='bbox 2172 1678 2288 1734; x_wconf 86' lang='grc' dir='ltr'><strong>κὼϐ</strong></span> <span class='ocrx_word' id='word_1_251' title='bbox 2316 1680 2407 1734; x_wconf 83' lang='grc' dir='ltr'><strong>τὸν</strong></span> <span class='ocrx_word' id='word_1_252' title='bbox 2451 1681 2685 1751; x_wconf 85' lang='grc' dir='ltr'>Χριστὸν</span> <span class='ocrx_word' id='word_1_253' title='bbox 2719 1681 2776 1733; x_wconf 84' lang='grc' dir='ltr'><strong>ἐν</strong></span> <span class='ocrx_word' id='word_1_254' title='bbox 2816 1682 2937 1742; x_wconf 90' lang='grc' dir='ltr'>ταῖς</span> <span class='ocrx_word' id='word_1_255' title='bbox 2981 1678 3345 1749; x_wconf 83' lang='grc' dir='ltr'>προφητείαις</span> <span class='ocrx_word' id='word_1_256' title='bbox 3390 1676 3725 1748; x_wconf 74' lang='grc' dir='ltr'><strong>χρηματίζειν,</strong></span> 
     </span>
    </p>
   </div>
   <div class='ocr_carea' id='block_1_34' title="bbox 467 1768 2041 1873">
    <p class='ocr_par' dir='ltr' id='par_1_34' title="bbox 467 1775 2041 1849">
     <span class='ocr_line' id='line_1_34' title="bbox 467 1775 2041 1849; baseline 0.001 -20"><span class='ocrx_word' id='word_1_257' title='bbox 467 1776 681 1833; x_wconf 90' lang='lat' dir='ltr'><strong>ratione</strong></span> <span class='ocrx_word' id='word_1_258' title='bbox 737 1793 837 1849; x_wconf 90' lang='lat' dir='ltr'><strong>per</strong></span> <span class='ocrx_word' id='word_1_259' title='bbox 885 1776 1132 1833; x_wconf 86' lang='lat' dir='ltr'><strong>lsaacum</strong></span> <span class='ocrx_word' id='word_1_260' title='bbox 1179 1775 1466 1832; x_wconf 87' lang='lat' dir='ltr'><strong>Christum</strong></span> <span class='ocrx_word' id='word_1_261' title='bbox 1502 1784 1730 1832; x_wconf 91' lang='lat' dir='ltr'><strong>sanctus</strong></span> <span class='ocrx_word' id='word_1_262' title='bbox 1778 1776 2041 1847; x_wconf 80' lang='lat' dir='ltr'><strong>Apostolu</strong></span> 
     </span>
    </p>
   </div>
   <div class='ocr_carea' id='block_1_35' title="bbox 2159 1768 3728 1873">
    <p class='ocr_par' dir='ltr' id='par_1_35' title="bbox 2175 1768 3728 1843">
     <span class='ocr_line' id='line_1_35' title="bbox 2175 1768 3728 1843; baseline -0.004 -17"><span class='ocrx_word' id='word_1_263' title='bbox 2175 1772 2251 1837; x_wconf 86' lang='grc' dir='ltr'><strong>ὼς</strong></span> <span class='ocrx_word' id='word_1_264' title='bbox 2292 1775 2351 1826; x_wconf 85' lang='grc' dir='ltr'>ὲν</span> <span class='ocrx_word' id='word_1_265' title='bbox 2388 1775 2500 1836; x_wconf 81' lang='grc' dir='ltr'>τοῖς</span> <span class='ocrx_word' id='word_1_266' title='bbox 2543 1771 2765 1836; x_wconf 76' lang='grc' dir='ltr'><strong>οἰκείοις</strong></span> <span class='ocrx_word' id='word_1_267' title='bbox 2806 1771 3147 1843; x_wconf 81' lang='grc' dir='ltr'><strong>δειχθήσεται</strong></span> <span class='ocrx_word' id='word_1_268' title='bbox 3174 1772 3386 1834; x_wconf 83' lang='grc' dir='ltr'>τόποις,</span> <span class='ocrx_word' id='word_1_269' title='bbox 3420 1768 3728 1830; x_wconf 78' lang='grc' dir='ltr'>ὑπονοοῦντες</span> 
     </span>
    </p>
   </div>
   <div class='ocr_carea' id='block_1_36' title="bbox 473 1863 2041 1968">
    <p class='ocr_par' dir='ltr' id='par_1_36' title="bbox 473 1867 2041 1941">
     <span class='ocr_line' id='line_1_36' title="bbox 473 1867 2041 1941; baseline 0.003 -20"><span class='ocrx_word' id='word_1_270' title='bbox 473 1867 675 1933; x_wconf 90' lang='lat' dir='ltr'><strong>innuit,</strong></span> <span class='ocrx_word' id='word_1_271' title='bbox 695 1869 913 1924; x_wconf 86' lang='lat' dir='ltr'><strong>dicens:</strong></span> <span class='ocrx_word' id='word_1_272' title='bbox 935 1887 954 1920; x_wconf 73' lang='grc' dir='ltr'><strong>ι</strong></span> <span class='ocrx_word' id='word_1_273' title='bbox 985 1869 1298 1924; x_wconf 83' lang='lat' dir='ltr'><strong>Abrahamo</strong></span> <span class='ocrx_word' id='word_1_274' title='bbox 1335 1869 1494 1924; x_wconf 81' lang='lat' dir='ltr'><strong>dictae</strong></span> <span class='ocrx_word' id='word_1_275' title='bbox 1516 1877 1645 1925; x_wconf 89' lang='lat' dir='ltr'><strong>sunt</strong></span> <span class='ocrx_word' id='word_1_276' title='bbox 1668 1871 2041 1941; x_wconf 86' lang='lat' dir='ltr'><strong>promissione:</strong></span> 
     </span>
    </p>
   </div>
   <div class='ocr_carea' id='block_1_37' title="bbox 2159 1863 3728 1968">
    <p class='ocr_par' dir='ltr' id='par_1_37' title="bbox 2171 1863 3728 1937">
     <span class='ocr_line' id='line_1_37' title="bbox 2171 1863 3728 1937; baseline -0.004 -17"><span class='ocrx_word' id='word_1_277' title='bbox 2171 1867 2243 1937; x_wconf 81' lang='grc' dir='ltr'>μή</span> <span class='ocrx_word' id='word_1_278' title='bbox 2275 1883 2350 1936; x_wconf 91' lang='grc' dir='ltr'><strong>πη</strong></span> <span class='ocrx_word' id='word_1_279' title='bbox 2391 1864 2487 1919; x_wconf 75' lang='grc' dir='ltr'><strong>καὶ</strong></span> <span class='ocrx_word' id='word_1_280' title='bbox 2530 1865 2704 1919; x_wconf 86' lang='grc' dir='ltr'>ταῦτα</span> <span class='ocrx_word' id='word_1_281' title='bbox 2743 1863 2966 1918; x_wconf 82' lang='grc' dir='ltr'>δύναται</span> <span class='ocrx_word' id='word_1_282' title='bbox 3000 1867 3118 1927; x_wconf 82' lang='grc' dir='ltr'>ταῖς</span> <span class='ocrx_word' id='word_1_283' title='bbox 3169 1863 3300 1936; x_wconf 79' lang='grc' dir='ltr'>περὶ</span> <span class='ocrx_word' id='word_1_284' title='bbox 3347 1863 3513 1916; x_wconf 87' lang='grc' dir='ltr'>αὐτοῦ</span> <span class='ocrx_word' id='word_1_285' title='bbox 3555 1879 3728 1932; x_wconf 60' lang='grc' dir='ltr'>μαρτυ-</span> 
     </span>
    </p>
   </div>
   <div class='ocr_carea' id='block_1_38' title="bbox 466 1957 2041 2035">
    <p class='ocr_par' dir='ltr' id='par_1_38' title="bbox 466 1961 2041 2035">
     <span class='ocr_line' id='line_1_38' title="bbox 466 1961 2041 2035; baseline 0.003 -20"><span class='ocrx_word' id='word_1_286' title='bbox 466 1970 521 2015; x_wconf 90' lang='lat' dir='ltr'><strong>et</strong></span> <span class='ocrx_word' id='word_1_287' title='bbox 537 1962 730 2016; x_wconf 89' lang='lat' dir='ltr'><strong>semini</strong></span> <span class='ocrx_word' id='word_1_288' title='bbox 751 1963 893 2033; x_wconf 90' lang='lat' dir='ltr'><strong>ejus.</strong></span> <span class='ocrx_word' id='word_1_289' title='bbox 911 1961 1032 2016; x_wconf 89' lang='lat' dir='ltr'><strong>Non</strong></span> <span class='ocrx_word' id='word_1_290' title='bbox 1056 1962 1189 2017; x_wconf 90' lang='lat' dir='ltr'><strong>dicit</strong></span> <span class='ocrx_word' id='word_1_291' title='bbox 1207 1971 1260 2017; x_wconf 93' lang='lat' dir='ltr'><strong>et</strong></span> <span class='ocrx_word' id='word_1_292' title='bbox 1277 1963 1600 2029; x_wconf 89' lang='lat' dir='ltr'><strong>seminibus,</strong></span> <span class='ocrx_word' id='word_1_293' title='bbox 1629 1964 1788 2035; x_wconf 89' lang='lat' dir='ltr'><strong>quasi</strong></span> <span class='ocrx_word' id='word_1_294' title='bbox 1813 1963 1871 2020; x_wconf 90' lang='lat' dir='ltr'><strong>in</strong></span> <span class='ocrx_word' id='word_1_295' title='bbox 1908 1965 2041 2019; x_wconf 89' lang='lat' dir='ltr'><strong>mul-</strong></span> 
     </span>
    </p>
   </div>
   <div class='ocr_carea' id='block_1_39' title="bbox 2159 1957 3732 2035">
    <p class='ocr_par' dir='ltr' id='par_1_39' title="bbox 2171 1957 3732 2032">
     <span class='ocr_line' id='line_1_39' title="bbox 2171 1957 3732 2032; baseline -0.003 -22"><span class='ocrx_word' id='word_1_296' title='bbox 2171 1959 2314 2032; x_wconf 85' lang='grc' dir='ltr'>ρίαις</span> <span class='ocrx_word' id='word_1_297' title='bbox 2343 1957 2626 2030; x_wconf 77' lang='grc' dir='ltr'>ἁρμόζειν.</span> <span class='ocrx_word' id='word_1_298' title='bbox 2656 1957 2869 2028; x_wconf 83' lang='grc' dir='ltr'>Ὥσπερ</span> <span class='ocrx_word' id='word_1_299' title='bbox 2893 1957 3024 2026; x_wconf 89' lang='grc' dir='ltr'>γοῦν</span> <span class='ocrx_word' id='word_1_300' title='bbox 3060 1958 3154 2010; x_wconf 75' lang='grc' dir='ltr'><strong>καὶ</strong></span> <span class='ocrx_word' id='word_1_301' title='bbox 3184 1958 3252 2010; x_wconf 75' lang='grc' dir='ltr'>τὰ</span> <span class='ocrx_word' id='word_1_302' title='bbox 3280 1957 3428 2014; x_wconf 84' lang='grc' dir='ltr'><strong>κατά</strong></span> <span class='ocrx_word' id='word_1_303' title='bbox 3455 1957 3542 2010; x_wconf 70' lang='grc' dir='ltr'>τὸν</span> <span class='ocrx_word' id='word_1_304' title='bbox 3576 1957 3732 2009; x_wconf 72' lang='grc' dir='ltr'>Ἰσαὰκ</span> 
     </span>
    </p>
   </div>
   <div class='ocr_carea' id='block_1_40' title="bbox 465 2048 2041 2128">
    <p class='ocr_par' dir='ltr' id='par_1_40' title="bbox 465 2052 2039 2128">
     <span class='ocr_line' id='line_1_40' title="bbox 465 2052 2039 2128; baseline 0.003 -22"><span class='ocrx_word' id='word_1_305' title='bbox 465 2052 539 2108; x_wconf 89' lang='lat' dir='ltr'><strong>tis</strong></span> <span class='ocrx_word' id='word_1_306' title='bbox 571 2054 706 2108; x_wconf 89' lang='lat' dir='ltr'><strong>:sed</strong></span> <span class='ocrx_word' id='word_1_307' title='bbox 737 2055 897 2124; x_wconf 88' lang='lat' dir='ltr'><strong>quasi</strong></span> <span class='ocrx_word' id='word_1_308' title='bbox 925 2055 982 2108; x_wconf 92' lang='lat' dir='ltr'><strong>in</strong></span> <span class='ocrx_word' id='word_1_309' title='bbox 1013 2069 1122 2109; x_wconf 91' lang='lat' dir='ltr'><strong>uno</strong></span> <span class='ocrx_word' id='word_1_310' title='bbox 1155 2074 1167 2111; x_wconf 96' lang='lat'>:</span> <span class='ocrx_word' id='word_1_311' title='bbox 1200 2063 1255 2110; x_wconf 91' lang='lat' dir='ltr'><strong>et</strong></span> <span class='ocrx_word' id='word_1_312' title='bbox 1283 2057 1480 2112; x_wconf 89' lang='lat' dir='ltr'><strong>semini</strong></span> <span class='ocrx_word' id='word_1_313' title='bbox 1513 2064 1632 2122; x_wconf 91' lang='lat' dir='ltr'><strong>tuo,</strong></span> <span class='ocrx_word' id='word_1_314' title='bbox 1659 2057 1755 2128; x_wconf 90' lang='lat' dir='ltr'><strong>qui</strong></span> <span class='ocrx_word' id='word_1_315' title='bbox 1789 2063 1875 2112; x_wconf 89' lang='lat' dir='ltr'><strong>est</strong></span> <span class='ocrx_word' id='word_1_316' title='bbox 1907 2056 2039 2112; x_wconf 90' lang='lat' dir='ltr'><strong>Chri</strong></span> 
     </span>
    </p>
   </div>
   <div class='ocr_carea' id='block_1_41' title="bbox 2159 2048 3730 2128">
    <p class='ocr_par' dir='ltr' id='par_1_41' title="bbox 2167 2048 3730 2123">
     <span class='ocr_line' id='line_1_41' title="bbox 2167 2048 3730 2123; baseline -0.001 -19"><span class='ocrx_word' id='word_1_317' title='bbox 2167 2053 2246 2116; x_wconf 89' lang='grc' dir='ltr'><strong>είς</strong></span> <span class='ocrx_word' id='word_1_318' title='bbox 2271 2052 2362 2105; x_wconf 88' lang='grc' dir='ltr'><strong>τὸν</strong></span> <span class='ocrx_word' id='word_1_319' title='bbox 2393 2050 2630 2123; x_wconf 84' lang='grc' dir='ltr'>Χριστὸν</span> <span class='ocrx_word' id='word_1_320' title='bbox 2671 2049 2995 2121; x_wconf 83' lang='grc' dir='ltr'>μετείληφεν</span> <span class='ocrx_word' id='word_1_321' title='bbox 3038 2052 3066 2104; x_wconf 92' lang='lat'><strong>6</strong></span> <span class='ocrx_word' id='word_1_322' title='bbox 3118 2049 3263 2121; x_wconf 81' lang='grc' dir='ltr'>ἱερὸς</span> <span class='ocrx_word' id='word_1_323' title='bbox 3295 2049 3609 2112; x_wconf 81' lang='grc' dir='ltr'>Ἀπόστολος</span> <span class='ocrx_word' id='word_1_324' title='bbox 3643 2048 3730 2117; x_wconf 74' lang='grc' dir='ltr'><strong>φή·</strong></span> 
     </span>
    </p>
   </div>
   <div class='ocr_carea' id='block_1_42' title="bbox 465 2141 2041 2221">
    <p class='ocr_par' dir='ltr' id='par_1_42' title="bbox 465 2146 2041 2221">
     <span class='ocr_line' id='line_1_42' title="bbox 465 2146 2041 2221; baseline 0.004 -23"><span class='ocrx_word' id='word_1_325' title='bbox 465 2153 589 2202; x_wconf 88' lang='lat' dir='ltr'><strong>stus</strong></span> <span class='ocrx_word' id='word_1_326' title='bbox 611 2146 678 2202; x_wconf 84' lang='grc'><strong>⁵³.</strong></span> <span class='ocrx_word' id='word_1_327' title='bbox 703 2167 722 2199; x_wconf 74' lang='grc' dir='ltr'><strong>ι</strong></span> <span class='ocrx_word' id='word_1_328' title='bbox 740 2146 878 2202; x_wconf 72' lang='lat' dir='ltr'><strong>Vide</strong></span> <span class='ocrx_word' id='word_1_329' title='bbox 901 2148 1068 2219; x_wconf 80' lang='lat' dir='ltr'><strong>igitur</strong></span> <span class='ocrx_word' id='word_1_330' title='bbox 1090 2149 1136 2203; x_wconf 90' lang='lat' dir='ltr'><strong>si</strong></span> <span class='ocrx_word' id='word_1_331' title='bbox 1156 2148 1225 2204; x_wconf 89' lang='lat' dir='ltr'><strong>ad</strong></span> <span class='ocrx_word' id='word_1_332' title='bbox 1250 2147 1502 2206; x_wconf 89' lang='lat' dir='ltr'><strong>eumdem</strong></span> <span class='ocrx_word' id='word_1_333' title='bbox 1517 2149 1742 2204; x_wconf 91' lang='lat' dir='ltr'><strong>modum</strong></span> <span class='ocrx_word' id='word_1_334' title='bbox 1762 2157 1816 2206; x_wconf 94' lang='lat' dir='ltr'><strong>et</strong></span> <span class='ocrx_word' id='word_1_335' title='bbox 1839 2165 1962 2221; x_wconf 66' lang='lat' dir='ltr'><strong>quae</strong></span> <span class='ocrx_word' id='word_1_336' title='bbox 1977 2151 2041 2205; x_wconf 46' lang='lat' dir='ltr'><strong>hil</strong></span> 
     </span>
    </p>
   </div>
   <div class='ocr_carea' id='block_1_43' title="bbox 2159 2141 3732 2221">
    <p class='ocr_par' dir='ltr' id='par_1_43' title="bbox 2170 2141 3732 2214">
     <span class='ocr_line' id='line_1_43' title="bbox 2170 2141 3732 2214; baseline -0.003 -18"><span class='ocrx_word' id='word_1_337' title='bbox 2170 2161 2290 2208; x_wconf 74' lang='grc' dir='ltr'><strong>σας⁸</strong></span> <span class='ocrx_word' id='word_1_338' title='bbox 2327 2160 2348 2195; x_wconf 75' lang='lat' dir='ltr'><strong>t</strong></span> <span class='ocrx_word' id='word_1_339' title='bbox 2382 2143 2473 2214; x_wconf 85' lang='grc' dir='ltr'><strong>Τῷ</strong></span> <span class='ocrx_word' id='word_1_340' title='bbox 2501 2143 2559 2196; x_wconf 79' lang='grc' dir='ltr'>δὲ</span> <span class='ocrx_word' id='word_1_341' title='bbox 2599 2141 2853 2214; x_wconf 85' lang='grc' dir='ltr'>Ἀϐραὰμ</span> <span class='ocrx_word' id='word_1_342' title='bbox 2893 2141 3156 2214; x_wconf 75' lang='grc' dir='ltr'><strong>ἐδόθησαν</strong></span> <span class='ocrx_word' id='word_1_343' title='bbox 3195 2145 3250 2196; x_wconf 87' lang='grc' dir='ltr'>αἱ</span> <span class='ocrx_word' id='word_1_344' title='bbox 3293 2141 3615 2211; x_wconf 76' lang='grc' dir='ltr'>ἐπαγγελίαι</span> <span class='ocrx_word' id='word_1_345' title='bbox 3653 2142 3732 2193; x_wconf 78' lang='grc' dir='ltr'><strong>καὶ</strong></span> 
     </span>
    </p>
   </div>
   <div class='ocr_carea' id='block_1_44' title="bbox 465 2232 2041 2323">
    <p class='ocr_par' dir='ltr' id='par_1_44' title="bbox 465 2235 2023 2307">
     <span class='ocr_line' id='line_1_44' title="bbox 465 2235 2023 2307; baseline 0.001 -17"><span class='ocrx_word' id='word_1_346' title='bbox 465 2235 725 2291; x_wconf 78' lang='lat' dir='ltr'><strong>dicuntur</strong></span> <span class='ocrx_word' id='word_1_347' title='bbox 748 2236 1038 2307; x_wconf 79' lang='lat' dir='ltr'><strong>de_Jacol)o</strong></span> <span class='ocrx_word' id='word_1_348' title='bbox 1065 2254 1176 2293; x_wconf 91' lang='lat' dir='ltr'><strong>non</strong></span> <span class='ocrx_word' id='word_1_349' title='bbox 1201 2239 1397 2296; x_wconf 90' lang='lat' dir='ltr'><strong>melius</strong></span> <span class='ocrx_word' id='word_1_350' title='bbox 1418 2239 1642 2294; x_wconf 82' lang='lat' dir='ltr'><strong>Christo</strong></span> <span class='ocrx_word' id='word_1_351' title='bbox 1668 2242 2023 2294; x_wconf 85' lang='lat' dir='ltr'><strong>convenirent</strong></span> 
     </span>
    </p>
   </div>
   <div class='ocr_carea' id='block_1_45' title="bbox 2159 2232 3731 2323">
    <p class='ocr_par' dir='ltr' id='par_1_45' title="bbox 2166 2232 3731 2306">
     <span class='ocr_line' id='line_1_45' title="bbox 2166 2232 3731 2306; baseline -0.002 -20"><span class='ocrx_word' id='word_1_352' title='bbox 2166 2234 2245 2304; x_wconf 85' lang='grc' dir='ltr'><strong>τῷ</strong></span> <span class='ocrx_word' id='word_1_353' title='bbox 2277 2234 2550 2305; x_wconf 84' lang='grc' dir='ltr'>σπέρματι</span> <span class='ocrx_word' id='word_1_354' title='bbox 2573 2233 2738 2287; x_wconf 81' lang='grc' dir='ltr'>αὐτοῦ</span> <span class='ocrx_word' id='word_1_355' title='bbox 2757 2248 2770 2262; x_wconf 77' lang='grc'><strong><em>⁸</em></strong></span> <span class='ocrx_word' id='word_1_356' title='bbox 2797 2235 2857 2287; x_wconf 84' lang='grc' dir='ltr'><strong>οὑ</strong></span> <span class='ocrx_word' id='word_1_357' title='bbox 2881 2233 3030 2303; x_wconf 88' lang='grc' dir='ltr'>λέγει</span> <span class='ocrx_word' id='word_1_358' title='bbox 3057 2233 3152 2288; x_wconf 81' lang='grc' dir='ltr'><strong>καὶ</strong></span> <span class='ocrx_word' id='word_1_359' title='bbox 3181 2236 3292 2298; x_wconf 82' lang='grc' dir='ltr'>τοῖς</span> <span class='ocrx_word' id='word_1_360' title='bbox 3326 2235 3646 2306; x_wconf 80' lang='grc' dir='ltr'>σπέρμασιν,</span> <span class='ocrx_word' id='word_1_361' title='bbox 3669 2232 3731 2295; x_wconf 84' lang='grc' dir='ltr'><strong>ὡς</strong></span> 
     </span>
    </p>
   </div>
   <div class='ocr_carea' id='block_1_46' title="bbox 465 2325 2041 2402">
    <p class='ocr_par' dir='ltr' id='par_1_46' title="bbox 465 2329 2041 2402">
     <span class='ocr_line' id='line_1_46' title="bbox 465 2329 2041 2402; baseline 0.005 -23"><span class='ocrx_word' id='word_1_362' title='bbox 465 2342 589 2396; x_wconf 67' lang='lat' dir='ltr'><strong>quae</strong></span> <span class='ocrx_word' id='word_1_363' title='bbox 621 2329 843 2398; x_wconf 90' lang='lat' dir='ltr'><strong>quidem</strong></span> <span class='ocrx_word' id='word_1_364' title='bbox 877 2329 925 2384; x_wconf 91' lang='lat' dir='ltr'><strong>si</strong></span> <span class='ocrx_word' id='word_1_365' title='bbox 959 2330 1034 2383; x_wconf 91' lang='lat' dir='ltr'><strong>ita</strong></span> <span class='ocrx_word' id='word_1_366' title='bbox 1091 2329 1289 2384; x_wconf 86' lang='lat' dir='ltr'><strong>habeat</strong></span> <span class='ocrx_word' id='word_1_367' title='bbox 1311 2332 1396 2385; x_wconf 93' lang='lat' dir='ltr'><strong>vir</strong></span> <span class='ocrx_word' id='word_1_368' title='bbox 1443 2331 1746 2396; x_wconf 90' lang='lat' dir='ltr'><strong>studiosus,</strong></span> <span class='ocrx_word' id='word_1_369' title='bbox 1778 2346 2041 2402; x_wconf 66' lang='lat' dir='ltr'><strong>quamque</strong></span> 
     </span>
    </p>
   </div>
   <div class='ocr_carea' id='block_1_47' title="bbox 2159 2325 3728 2402">
    <p class='ocr_par' dir='ltr' id='par_1_47' title="bbox 2159 2325 3728 2398">
     <span class='ocr_line' id='line_1_47' title="bbox 2159 2325 3728 2398; baseline -0.002 -19"><span class='ocrx_word' id='word_1_370' title='bbox 2159 2328 2252 2379; x_wconf 77' lang='grc' dir='ltr'><strong>ἐπὶ</strong></span> <span class='ocrx_word' id='word_1_371' title='bbox 2286 2325 2518 2391; x_wconf 84' lang='grc' dir='ltr'>πολλῶν,</span> <span class='ocrx_word' id='word_1_372' title='bbox 2546 2325 2660 2379; x_wconf 85' lang='grc' dir='ltr'>ἀλλ’</span> <span class='ocrx_word' id='word_1_373' title='bbox 2688 2325 2764 2390; x_wconf 83' lang='grc' dir='ltr'><strong>ὼς</strong></span> <span class='ocrx_word' id='word_1_374' title='bbox 2795 2325 2880 2394; x_wconf 78' lang='grc' dir='ltr'>ἐφ’</span> <span class='ocrx_word' id='word_1_375' title='bbox 2911 2325 3050 2390; x_wconf 80' lang='grc' dir='ltr'>ἐνὸς,</span> <span class='ocrx_word' id='word_1_376' title='bbox 3085 2326 3181 2380; x_wconf 79' lang='grc' dir='ltr'><strong>καὶ</strong></span> <span class='ocrx_word' id='word_1_377' title='bbox 3214 2326 3292 2398; x_wconf 84' lang='grc' dir='ltr'>τῷ</span> <span class='ocrx_word' id='word_1_378' title='bbox 3335 2326 3603 2398; x_wconf 84' lang='grc' dir='ltr'>σπέρματί</span> <span class='ocrx_word' id='word_1_379' title='bbox 3633 2341 3728 2387; x_wconf 85' lang='grc' dir='ltr'>σου,</span> 
     </span>
    </p>
   </div>
   <div class='ocr_carea' id='block_1_48' title="bbox 464 2416 2041 2492">
    <p class='ocr_par' dir='ltr' id='par_1_48' title="bbox 464 2417 1858 2492">
     <span class='ocr_line' id='line_1_48' title="bbox 464 2417 1858 2492; baseline 0.006 -22"><span class='ocrx_word' id='word_1_380' title='bbox 464 2417 752 2474; x_wconf 88' lang='lat' dir='ltr'><strong>lectionem</strong></span> <span class='ocrx_word' id='word_1_381' title='bbox 781 2419 1055 2490; x_wconf 78' lang='lat' dir='ltr'><strong>allegoriae</strong></span> <span class='ocrx_word' id='word_1_382' title='bbox 1087 2421 1302 2492; x_wconf 78' lang='lat' dir='ltr'><strong>legibus</strong></span> <span class='ocrx_word' id='word_1_383' title='bbox 1334 2421 1590 2478; x_wconf 89' lang='lat' dir='ltr'><strong>conferre</strong></span> <span class='ocrx_word' id='word_1_384' title='bbox 1627 2423 1858 2479; x_wconf 85' lang='lat' dir='ltr'><strong>noverit.</strong></span> 
     </span>
    </p>
   </div>
   <div class='ocr_carea' id='block_1_49' title="bbox 2159 2416 3731 2492">
    <p class='ocr_par' dir='ltr' id='par_1_49' title="bbox 2159 2416 3731 2491">
     <span class='ocr_line' id='line_1_49' title="bbox 2159 2416 3731 2491; baseline -0.009 -8"><span class='ocrx_word' id='word_1_385' title='bbox 2159 2420 2211 2482; x_wconf 69' lang='grc' dir='ltr'><strong>ὃς</strong></span> <span class='ocrx_word' id='word_1_386' title='bbox 2245 2421 2362 2472; x_wconf 70' lang='grc' dir='ltr'>ἐστι</span> <span class='ocrx_word' id='word_1_387' title='bbox 2386 2418 2640 2490; x_wconf 65' lang='grc' dir='ltr'>Χριστός</span> <span class='ocrx_word' id='word_1_388' title='bbox 2675 2437 2693 2470; x_wconf 71' lang='grc' dir='ltr'><strong>ι</strong></span> <span class='ocrx_word' id='word_1_389' title='bbox 2726 2419 2827 2490; x_wconf 82' lang='grc' dir='ltr'><strong>ὅρα</strong></span> <span class='ocrx_word' id='word_1_390' title='bbox 2849 2419 2897 2471; x_wconf 85' lang='grc' dir='ltr'><strong>εί</strong></span> <span class='ocrx_word' id='word_1_391' title='bbox 2927 2418 3001 2489; x_wconf 82' lang='grc' dir='ltr'><strong>μὴ</strong></span> <span class='ocrx_word' id='word_1_392' title='bbox 3021 2418 3112 2472; x_wconf 82' lang='grc' dir='ltr'><strong>τὸν</strong></span> <span class='ocrx_word' id='word_1_393' title='bbox 3146 2419 3308 2472; x_wconf 84' lang='grc' dir='ltr'>αὐτὸν</span> <span class='ocrx_word' id='word_1_394' title='bbox 3337 2419 3536 2491; x_wconf 80' lang='grc' dir='ltr'>τρόπον</span> <span class='ocrx_word' id='word_1_395' title='bbox 3563 2418 3649 2472; x_wconf 73' lang='grc' dir='ltr'><strong>καὶ</strong></span> <span class='ocrx_word' id='word_1_396' title='bbox 3673 2416 3731 2470; x_wconf 68' lang='grc' dir='ltr'>τὰ</span> 
     </span>
    </p>
   </div>
   <div class='ocr_carea' id='block_1_50' title="bbox 461 2509 3728 2586">
    <p class='ocr_par' dir='ltr' id='par_1_50' title="bbox 461 2509 3728 2586">
     <span class='ocr_line' id='line_1_50' title="bbox 461 2509 3728 2586; baseline 0.002 -24"><span class='ocrx_word' id='word_1_397' title='bbox 461 2509 696 2563; x_wconf 70' lang='grc' dir='ltr'>ἐνταῦθα</span> <span class='ocrx_word' id='word_1_398' title='bbox 720 2510 795 2574; x_wconf 86' lang='grc' dir='ltr'>ὡς</span> <span class='ocrx_word' id='word_1_399' title='bbox 821 2511 950 2583; x_wconf 80' lang='grc' dir='ltr'>περὶ</span> <span class='ocrx_word' id='word_1_400' title='bbox 975 2510 1070 2564; x_wconf 90' lang='grc' dir='ltr'><strong>τοῦ</strong></span> <span class='ocrx_word' id='word_1_401' title='bbox 1115 2509 1307 2564; x_wconf 90' lang='grc' dir='ltr'>Ἰακὼϐ</span> <span class='ocrx_word' id='word_1_402' title='bbox 1336 2513 1600 2585; x_wconf 71' lang='grc' dir='ltr'>εἰρημένα</span> <span class='ocrx_word' id='word_1_403' title='bbox 1627 2512 1828 2585; x_wconf 83' lang='grc' dir='ltr'>μᾶλλον</span> <span class='ocrx_word' id='word_1_404' title='bbox 1858 2512 2086 2586; x_wconf 77' lang='grc' dir='ltr'>ἁρμόζοι</span> <span class='ocrx_word' id='word_1_405' title='bbox 2124 2513 2190 2566; x_wconf 85' lang='grc' dir='ltr'><strong>ἂν</strong></span> <span class='ocrx_word' id='word_1_406' title='bbox 2216 2510 2295 2581; x_wconf 82' lang='grc' dir='ltr'>τῷ</span> <span class='ocrx_word' id='word_1_407' title='bbox 2363 2509 2425 2580; x_wconf 81' lang='lat' dir='ltr'><strong>(f.</strong></span> <span class='ocrx_word' id='word_1_408' title='bbox 2457 2509 2544 2581; x_wconf 77' lang='grc'><strong>10)</strong></span> <span class='ocrx_word' id='word_1_409' title='bbox 2575 2510 2814 2582; x_wconf 85' lang='grc' dir='ltr'>Χριστῷ,</span> <span class='ocrx_word' id='word_1_410' title='bbox 2856 2511 3001 2582; x_wconf 76' lang='grc' dir='ltr'>ἅπερ</span> <span class='ocrx_word' id='word_1_411' title='bbox 3033 2513 3081 2564; x_wconf 88' lang='grc' dir='ltr'><strong>εί</strong></span> <span class='ocrx_word' id='word_1_412' title='bbox 3114 2510 3288 2576; x_wconf 74' lang='grc' dir='ltr'>οὕτως</span> <span class='ocrx_word' id='word_1_413' title='bbox 3323 2511 3438 2582; x_wconf 81' lang='grc' dir='ltr'>ἔχοι</span> <span class='ocrx_word' id='word_1_414' title='bbox 3467 2512 3497 2564; x_wconf 85' lang='lat'><strong>6</strong></span> <span class='ocrx_word' id='word_1_415' title='bbox 3525 2511 3728 2583; x_wconf 81' lang='grc' dir='ltr'>φιλομα.</span> 
     </span>
    </p>
   </div>
   <div class='ocr_carea' id='block_1_51' title="bbox 463 2601 2162 2676">
    <p class='ocr_par' dir='ltr' id='par_1_51' title="bbox 463 2601 2162 2676">
     <span class='ocr_line' id='line_1_51' title="bbox 463 2601 2162 2676; baseline 0.003 -22"><span class='ocrx_word' id='word_1_416' title='bbox 463 2601 559 2674; x_wconf 74' lang='grc' dir='ltr'><strong>θὴς</strong></span> <span class='ocrx_word' id='word_1_417' title='bbox 603 2603 838 2675; x_wconf 85' lang='grc' dir='ltr'>ἐκάστην</span> <span class='ocrx_word' id='word_1_418' title='bbox 876 2602 1019 2668; x_wconf 79' lang='grc' dir='ltr'>λέξιν</span> <span class='ocrx_word' id='word_1_419' title='bbox 1055 2603 1237 2674; x_wconf 88' lang='grc' dir='ltr'>νόμοις</span> <span class='ocrx_word' id='word_1_420' title='bbox 1280 2605 1607 2676; x_wconf 81' lang='grc' dir='ltr'>ἀλληγορίας</span> <span class='ocrx_word' id='word_1_421' title='bbox 1646 2605 1906 2671; x_wconf 80' lang='grc' dir='ltr'>ἐξετάσας</span> <span class='ocrx_word' id='word_1_422' title='bbox 1941 2607 2162 2660; x_wconf 80' lang='grc' dir='ltr'>εἴσεται.</span> 
     </span>
    </p>
   </div>
   <div class='ocr_carea' id='block_1_52' title="bbox 1064 2719 1440 2776">
    <p class='ocr_par' dir='ltr' id='par_1_52' title="bbox 1064 2719 1440 2776">
     <span class='ocr_line' id='line_1_52' title="bbox 1064 2719 1440 2776; baseline 0 0"><span class='ocrx_word' id='word_1_423' title='bbox 1064 2719 1295 2776; x_wconf 84' lang='lat' dir='ltr'><strong>CAPUT</strong></span> <span class='ocrx_word' id='word_1_424' title='bbox 1328 2720 1440 2776; x_wconf 80' lang='lat' dir='ltr'><strong>Vl].</strong></span> 
     </span>
    </p>
   </div>
   <div class='ocr_carea' id='block_1_53' title="bbox 538 2811 2048 2876">
    <p class='ocr_par' dir='ltr' id='par_1_53' title="bbox 538 2811 2048 2876">
     <span class='ocr_line' id='line_1_53' title="bbox 538 2811 2048 2876; baseline 0.008 -12"><span class='ocrx_word' id='word_1_425' title='bbox 538 2828 560 2864; x_wconf 79' lang='grc' dir='ltr'><strong>ι</strong></span> <span class='ocrx_word' id='word_1_426' title='bbox 599 2811 801 2870; x_wconf 83' lang='lat' dir='ltr'><strong>Mansit</strong></span> <span class='ocrx_word' id='word_1_427' title='bbox 850 2821 1033 2868; x_wconf 90' lang='lat' dir='ltr'><strong>autem</strong></span> <span class='ocrx_word' id='word_1_428' title='bbox 1063 2811 1235 2870; x_wconf 82' lang='lat' dir='ltr'><strong>Jacob</strong></span> <span class='ocrx_word' id='word_1_429' title='bbox 1265 2816 1419 2871; x_wconf 90' lang='lat' dir='ltr'><strong>solus</strong></span> <span class='ocrx_word' id='word_1_430' title='bbox 1456 2835 1468 2870; x_wconf 90' lang='lat'>:</span> <span class='ocrx_word' id='word_1_431' title='bbox 1495 2825 1551 2871; x_wconf 89' lang='lat' dir='ltr'><strong>et</strong></span> <span class='ocrx_word' id='word_1_432' title='bbox 1602 2832 1732 2872; x_wconf 91' lang='lat' dir='ltr'><strong>ecce</strong></span> <span class='ocrx_word' id='word_1_433' title='bbox 1762 2819 1845 2874; x_wconf 91' lang='lat' dir='ltr'><strong>vir</strong></span> <span class='ocrx_word' id='word_1_434' title='bbox 1875 2820 2048 2876; x_wconf 89' lang='lat' dir='ltr'><strong>lucta—</strong></span> 
     </span>
    </p>
   </div>
   <div class='ocr_carea' id='block_1_54' title="bbox 457 2906 2047 2984">
    <p class='ocr_par' dir='ltr' id='par_1_54' title="bbox 457 2906 2047 2984">
     <span class='ocr_line' id='line_1_54' title="bbox 457 2906 2047 2984; baseline 0.004 -23"><span class='ocrx_word' id='word_1_435' title='bbox 457 2906 626 2961; x_wconf 84' lang='lat' dir='ltr'><strong>batur</strong></span> <span class='ocrx_word' id='word_1_436' title='bbox 648 2919 775 2961; x_wconf 90' lang='lat' dir='ltr'><strong>cum</strong></span> <span class='ocrx_word' id='word_1_437' title='bbox 821 2921 888 2961; x_wconf 91' lang='lat' dir='ltr'><strong>eo</strong></span> <span class='ocrx_word' id='word_1_438' title='bbox 945 2921 1122 2976; x_wconf 85' lang='lat' dir='ltr'><strong>usque</strong></span> <span class='ocrx_word' id='word_1_439' title='bbox 1171 2923 1333 2964; x_wconf 90' lang='lat' dir='ltr'><strong>mane</strong></span> <span class='ocrx_word' id='word_1_440' title='bbox 1363 2909 1432 2961; x_wconf 80' lang='grc'><strong>⁸⁸.</strong></span> <span class='ocrx_word' id='word_1_441' title='bbox 1475 2927 1496 2962; x_wconf 74' lang='grc' dir='ltr'><strong>ι</strong></span> <span class='ocrx_word' id='word_1_442' title='bbox 1533 2907 1672 2965; x_wconf 90' lang='lat' dir='ltr'><strong>Dein</strong></span> <span class='ocrx_word' id='word_1_443' title='bbox 1715 2920 1841 2981; x_wconf 89' lang='lat' dir='ltr'><strong>post</strong></span> <span class='ocrx_word' id='word_1_444' title='bbox 1873 2928 2047 2984; x_wconf 87' lang='lat' dir='ltr'><strong>pauca</strong></span> 
     </span>
    </p>
   </div>
   <div class='ocr_carea' id='block_1_55' title="bbox 458 2994 2050 3060">
    <p class='ocr_par' dir='ltr' id='par_1_55' title="bbox 458 2994 2050 3060">
     <span class='ocr_line' id='line_1_55' title="bbox 458 2994 2050 3060; baseline 0.007 -11"><span class='ocrx_word' id='word_1_445' title='bbox 458 2997 668 3052; x_wconf 84' lang='lat' dir='ltr'><strong>Jacobo</strong></span> <span class='ocrx_word' id='word_1_446' title='bbox 698 2996 918 3050; x_wconf 86' lang='lat' dir='ltr'><strong>dicente</strong></span> <span class='ocrx_word' id='word_1_447' title='bbox 947 3013 960 3050; x_wconf 92' lang='lat'><strong>:</strong></span> <span class='ocrx_word' id='word_1_448' title='bbox 1005 3013 1023 3047; x_wconf 77' lang='grc' dir='ltr'><strong>ι</strong></span> <span class='ocrx_word' id='word_1_449' title='bbox 1058 2994 1179 3050; x_wconf 87' lang='lat' dir='ltr'><strong>Non</strong></span> <span class='ocrx_word' id='word_1_450' title='bbox 1205 2997 1479 3052; x_wconf 88' lang='lat' dir='ltr'><strong>dimittam</strong></span> <span class='ocrx_word' id='word_1_451' title='bbox 1506 3005 1562 3055; x_wconf 90' lang='lat' dir='ltr'><strong>te</strong></span> <span class='ocrx_word' id='word_1_452' title='bbox 1595 3000 1705 3055; x_wconf 90' lang='lat' dir='ltr'><strong>nisi</strong></span> <span class='ocrx_word' id='word_1_453' title='bbox 1754 3001 2050 3060; x_wconf 76' lang='lat' dir='ltr'><strong>benedixe-</strong></span> 
     </span>
    </p>
   </div>
   <div class='ocr_carea' id='block_1_56' title="bbox 465 3086 2050 3154">
    <p class='ocr_par' dir='ltr' id='par_1_56' title="bbox 465 3086 2050 3154">
     <span class='ocr_line' id='line_1_56' title="bbox 465 3086 2050 3154; baseline 0.006 -12"><span class='ocrx_word' id='word_1_454' title='bbox 465 3089 545 3142; x_wconf 91' lang='lat' dir='ltr'><strong>ris</strong></span> <span class='ocrx_word' id='word_1_455' title='bbox 580 3088 717 3141; x_wconf 90' lang='lat' dir='ltr'><strong>mihi</strong></span> <span class='ocrx_word' id='word_1_456' title='bbox 739 3127 756 3154; x_wconf 90' lang='lat'><strong>,</strong></span> <span class='ocrx_word' id='word_1_457' title='bbox 777 3086 916 3141; x_wconf 84' lang='lat' dir='ltr'><strong>dixit</strong></span> <span class='ocrx_word' id='word_1_458' title='bbox 941 3087 1010 3142; x_wconf 91' lang='lat' dir='ltr'><strong>ad</strong></span> <span class='ocrx_word' id='word_1_459' title='bbox 1037 3103 1163 3142; x_wconf 91' lang='lat' dir='ltr'><strong>eum</strong></span> <span class='ocrx_word' id='word_1_460' title='bbox 1195 3107 1209 3142; x_wconf 89' lang='lat'><strong>:</strong></span> <span class='ocrx_word' id='word_1_461' title='bbox 1254 3087 1412 3154; x_wconf 93' lang='lat' dir='ltr'><strong>Quod</strong></span> <span class='ocrx_word' id='word_1_462' title='bbox 1440 3105 1639 3146; x_wconf 92' lang='lat' dir='ltr'><strong>nomen</strong></span> <span class='ocrx_word' id='word_1_463' title='bbox 1661 3100 1746 3148; x_wconf 90' lang='lat' dir='ltr'><strong>est</strong></span> <span class='ocrx_word' id='word_1_464' title='bbox 1775 3093 1917 3148; x_wconf 85' lang='lat' dir='ltr'><strong>tibi?</strong></span> <span class='ocrx_word' id='word_1_465' title='bbox 1942 3093 2050 3151; x_wconf 85' lang='lat' dir='ltr'><strong>Re-</strong></span> 
     </span>
    </p>
   </div>
   <div class='ocr_carea' id='block_1_57' title="bbox 2681 2723 3207 2779">
    <p class='ocr_par' dir='ltr' id='par_1_57' title="bbox 2681 2723 3207 2779">
     <span class='ocr_line' id='line_1_57' title="bbox 2681 2723 3207 2779; baseline 0.002 -1"><span class='ocrx_word' id='word_1_466' title='bbox 2681 2723 3083 2778; x_wconf 78' lang='grc' dir='ltr'><strong>ΚΕΦΑΛΑΙΟΝ</strong></span> <span class='ocrx_word' id='word_1_467' title='bbox 3134 2723 3207 2779; x_wconf 92' lang='grc' dir='ltr'><strong>Ζ¹.</strong></span> 
     </span>
    </p>
   </div>
   <div class='ocr_carea' id='block_1_58' title="bbox 2225 2814 3726 2892">
    <p class='ocr_par' dir='ltr' id='par_1_58' title="bbox 2225 2814 3726 2892">
     <span class='ocr_line' id='line_1_58' title="bbox 2225 2814 3726 2892; baseline 0.003 -25"><span class='ocrx_word' id='word_1_468' title='bbox 2225 2835 2243 2867; x_wconf 76' lang='lat' dir='ltr'><strong>r</strong></span> <span class='ocrx_word' id='word_1_469' title='bbox 2276 2814 2608 2886; x_wconf 80' lang='grc' dir='ltr'>’Υπελείφθη</span> <span class='ocrx_word' id='word_1_470' title='bbox 2630 2815 2688 2868; x_wconf 81' lang='grc' dir='ltr'>δὲ</span> <span class='ocrx_word' id='word_1_471' title='bbox 2714 2814 2908 2868; x_wconf 87' lang='grc' dir='ltr'>Ἰακὼϐ</span> <span class='ocrx_word' id='word_1_472' title='bbox 2938 2816 3097 2886; x_wconf 86' lang='grc' dir='ltr'>μόνος</span> <span class='ocrx_word' id='word_1_473' title='bbox 3113 2833 3127 2845; x_wconf 80' lang='lat'>&#39;</span> <span class='ocrx_word' id='word_1_474' title='bbox 3151 2817 3534 2886; x_wconf 64' lang='grc' dir='ltr'>καὶέπάλαιει</span> <span class='ocrx_word' id='word_1_475' title='bbox 3545 2819 3726 2892; x_wconf 83' lang='grc' dir='ltr'>ἀνθρω-</span> 
     </span>
    </p>
   </div>
   <div class='ocr_carea' id='block_1_59' title="bbox 2151 2903 3726 2986">
    <p class='ocr_par' dir='ltr' id='par_1_59' title="bbox 2151 2903 3726 2986">
     <span class='ocr_line' id='line_1_59' title="bbox 2151 2903 3726 2986; baseline 0.002 -27"><span class='ocrx_word' id='word_1_476' title='bbox 2151 2924 2252 2986; x_wconf 82' lang='grc' dir='ltr'><strong>πος</strong></span> <span class='ocrx_word' id='word_1_477' title='bbox 2287 2909 2402 2978; x_wconf 78' lang='grc' dir='ltr'>μετ’</span> <span class='ocrx_word' id='word_1_478' title='bbox 2437 2905 2603 2961; x_wconf 63' lang='grc' dir='ltr'>αὐτοῦ</span> <span class='ocrx_word' id='word_1_479' title='bbox 2649 2907 2756 2971; x_wconf 87' lang='grc' dir='ltr'>’ἐως</span> <span class='ocrx_word' id='word_1_480' title='bbox 2796 2907 2962 2978; x_wconf 88' lang='grc' dir='ltr'>πρωί.</span> <span class='ocrx_word' id='word_1_481' title='bbox 3009 2926 3028 2960; x_wconf 72' lang='grc' dir='ltr'><strong>ι</strong></span> <span class='ocrx_word' id='word_1_482' title='bbox 3068 2903 3201 2965; x_wconf 74' lang='grc' dir='ltr'>Εἶτα</span> <span class='ocrx_word' id='word_1_483' title='bbox 3239 2912 3377 2981; x_wconf 81' lang='grc' dir='ltr'><strong>μετά</strong></span> <span class='ocrx_word' id='word_1_484' title='bbox 3443 2912 3636 2984; x_wconf 80' lang='grc' dir='ltr'>βραχέα</span> <span class='ocrx_word' id='word_1_485' title='bbox 3663 2913 3726 2963; x_wconf 78' lang='lat' dir='ltr'><strong>el-</strong></span> 
     </span>
    </p>
   </div>
   <div class='ocr_carea' id='block_1_60' title="bbox 2151 2996 3721 3073">
    <p class='ocr_par' dir='ltr' id='par_1_60' title="bbox 2151 2996 3721 3073">
     <span class='ocr_line' id='line_1_60' title="bbox 2151 2996 3721 3073; baseline 0.004 -23"><span class='ocrx_word' id='word_1_486' title='bbox 2151 2998 2343 3060; x_wconf 88' lang='grc' dir='ltr'>πόντος</span> <span class='ocrx_word' id='word_1_487' title='bbox 2387 2997 2482 3049; x_wconf 89' lang='grc' dir='ltr'><strong>τοῦ</strong></span> <span class='ocrx_word' id='word_1_488' title='bbox 2523 2996 2734 3060; x_wconf 85' lang='grc' dir='ltr'>Ἰακὼϐ,</span> <span class='ocrx_word' id='word_1_489' title='bbox 2776 3015 2795 3047; x_wconf 74' lang='grc' dir='ltr'><strong>ι</strong></span> <span class='ocrx_word' id='word_1_490' title='bbox 2838 2998 2912 3050; x_wconf 84' lang='grc' dir='ltr'><strong>Οὐ</strong></span> <span class='ocrx_word' id='word_1_491' title='bbox 2957 2999 3031 3069; x_wconf 82' lang='grc' dir='ltr'>μή</span> <span class='ocrx_word' id='word_1_492' title='bbox 3082 3015 3141 3050; x_wconf 86' lang='grc' dir='ltr'><strong>σε</strong></span> <span class='ocrx_word' id='word_1_493' title='bbox 3173 3001 3483 3056; x_wconf 78' lang='grc' dir='ltr'>ἀποστείλω</span> <span class='ocrx_word' id='word_1_494' title='bbox 3525 3003 3617 3056; x_wconf 79' lang='grc' dir='ltr'>ἐὰν</span> <span class='ocrx_word' id='word_1_495' title='bbox 3659 3004 3721 3073; x_wconf 83' lang='grc' dir='ltr'>μή</span> 
     </span>
    </p>
   </div>
   <div class='ocr_carea' id='block_1_61' title="bbox 2155 3089 3725 3168">
    <p class='ocr_par' dir='ltr' id='par_1_61' title="bbox 2155 3089 3725 3168">
     <span class='ocr_line' id='line_1_61' title="bbox 2155 3089 3725 3168; baseline 0.006 -27"><span class='ocrx_word' id='word_1_496' title='bbox 2155 3107 2221 3161; x_wconf 85' lang='grc' dir='ltr'><strong>με</strong></span> <span class='ocrx_word' id='word_1_497' title='bbox 2247 3089 2584 3160; x_wconf 81' lang='grc' dir='ltr'>εὐλογήσῃς,</span> <span class='ocrx_word' id='word_1_498' title='bbox 2611 3110 2630 3141; x_wconf 73' lang='grc' dir='ltr'><strong>ι</strong></span> <span class='ocrx_word' id='word_1_499' title='bbox 2665 3091 2826 3160; x_wconf 77' lang='grc' dir='ltr'>φησὶν</span> <span class='ocrx_word' id='word_1_500' title='bbox 2856 3092 2994 3164; x_wconf 88' lang='grc' dir='ltr'>πρὸς</span> <span class='ocrx_word' id='word_1_501' title='bbox 3021 3093 3204 3147; x_wconf 81' lang='grc' dir='ltr'>αὐτόν·</span> <span class='ocrx_word' id='word_1_502' title='bbox 3229 3114 3248 3147; x_wconf 75' lang='grc' dir='ltr'><strong>ι</strong></span> <span class='ocrx_word' id='word_1_503' title='bbox 3278 3095 3344 3148; x_wconf 89' lang='grc' dir='ltr'><strong>Τί</strong></span> <span class='ocrx_word' id='word_1_504' title='bbox 3370 3097 3542 3168; x_wconf 78' lang='grc' dir='ltr'>ὄνομά</span> <span class='ocrx_word' id='word_1_505' title='bbox 3558 3098 3725 3160; x_wconf 85' lang='grc' dir='ltr'>σοι;“0</span> 
     </span>
    </p>
   </div>
   <div class='ocr_carea' id='block_1_62' title="bbox 461 3175 2041 3259">
    <p class='ocr_par' dir='ltr' id='par_1_62' title="bbox 461 3177 2041 3256">
     <span class='ocr_line' id='line_1_62' title="bbox 461 3177 2041 3256; baseline 0.004 -22"><span class='ocrx_word' id='word_1_506' title='bbox 461 3178 689 3249; x_wconf 86' lang='lat' dir='ltr'><strong>spondit</strong></span> <span class='ocrx_word' id='word_1_507' title='bbox 714 3196 727 3231; x_wconf 94' lang='lat'>:</span> <span class='ocrx_word' id='word_1_508' title='bbox 762 3177 953 3234; x_wconf 85' lang='lat' dir='ltr'><strong>Jacob.</strong></span> <span class='ocrx_word' id='word_1_509' title='bbox 980 3179 1051 3233; x_wconf 86' lang='lat' dir='ltr'><strong>At</strong></span> <span class='ocrx_word' id='word_1_510' title='bbox 1075 3180 1167 3235; x_wconf 91' lang='lat' dir='ltr'><strong>ille</strong></span> <span class='ocrx_word' id='word_1_511' title='bbox 1189 3196 1202 3232; x_wconf 89' lang='lat'><strong>:</strong></span> <span class='ocrx_word' id='word_1_512' title='bbox 1227 3179 1608 3252; x_wconf 84' lang='lat' dir='ltr'><strong>Nequaquam,</strong></span> <span class='ocrx_word' id='word_1_513' title='bbox 1653 3185 1854 3256; x_wconf 90' lang='lat' dir='ltr'><strong>inquit,</strong></span> <span class='ocrx_word' id='word_1_514' title='bbox 1878 3186 2041 3243; x_wconf 84' lang='lat' dir='ltr'><strong>Jacoh</strong></span> 
     </span>
    </p>
   </div>
   <div class='ocr_carea' id='block_1_63' title="bbox 2159 3175 3725 3259">
    <p class='ocr_par' dir='ltr' id='par_1_63' title="bbox 2159 3177 3725 3259">
     <span class='ocr_line' id='line_1_63' title="bbox 2159 3177 3725 3259; baseline 0.006 -25"><span class='ocrx_word' id='word_1_515' title='bbox 2159 3181 2206 3234; x_wconf 75' lang='grc' dir='ltr'>δὲ</span> <span class='ocrx_word' id='word_1_516' title='bbox 2230 3177 2404 3245; x_wconf 71' lang='grc' dir='ltr'>εἶπεν,</span> <span class='ocrx_word' id='word_1_517' title='bbox 2437 3181 2649 3234; x_wconf 83' lang='grc' dir='ltr'>Ἰακώϐ.</span> <span class='ocrx_word' id='word_1_518' title='bbox 2682 3177 2852 3236; x_wconf 80' lang='grc' dir='ltr'>Εἶπεν</span> <span class='ocrx_word' id='word_1_519' title='bbox 2881 3185 2936 3238; x_wconf 86' lang='grc' dir='ltr'>δὲ</span> <span class='ocrx_word' id='word_1_520' title='bbox 2967 3186 3136 3258; x_wconf 79' lang='grc' dir='ltr'>αὐτῷ·</span> <span class='ocrx_word' id='word_1_521' title='bbox 3167 3187 3364 3242; x_wconf 77' lang='grc' dir='ltr'>Οὐκέτι</span> <span class='ocrx_word' id='word_1_522' title='bbox 3395 3188 3585 3243; x_wconf 84' lang='grc' dir='ltr'>Ἰακὼϐ</span> <span class='ocrx_word' id='word_1_523' title='bbox 3612 3190 3725 3259; x_wconf 73' lang='grc' dir='ltr'>κλη-</span> 
     </span>
    </p>
   </div>
   <div class='ocr_carea' id='block_1_64' title="bbox 461 3268 2056 3346">
    <p class='ocr_par' dir='ltr' id='par_1_64' title="bbox 461 3268 2056 3346">
     <span class='ocr_line' id='line_1_64' title="bbox 461 3268 2056 3346; baseline 0.007 -26"><span class='ocrx_word' id='word_1_524' title='bbox 461 3268 829 3338; x_wconf 86' lang='lat' dir='ltr'><strong>appellabitur</strong></span> <span class='ocrx_word' id='word_1_525' title='bbox 861 3283 1062 3323; x_wconf 92' lang='lat' dir='ltr'><strong>nomen</strong></span> <span class='ocrx_word' id='word_1_526' title='bbox 1095 3276 1272 3337; x_wconf 93' lang='lat' dir='ltr'><strong>tuum,</strong></span> <span class='ocrx_word' id='word_1_527' title='bbox 1306 3271 1404 3326; x_wconf 92' lang='lat' dir='ltr'><strong>sed</strong></span> <span class='ocrx_word' id='word_1_528' title='bbox 1461 3269 1633 3328; x_wconf 88' lang='lat' dir='ltr'><strong>Israel</strong></span> <span class='ocrx_word' id='word_1_529' title='bbox 1667 3293 1680 3328; x_wconf 91' lang='lat'>:</span> <span class='ocrx_word' id='word_1_530' title='bbox 1713 3277 1973 3346; x_wconf 89' lang='lat' dir='ltr'><strong>quoniam</strong></span> <span class='ocrx_word' id='word_1_531' title='bbox 2006 3277 2056 3333; x_wconf 90' lang='lat' dir='ltr'><strong>si</strong></span> 
     </span>
    </p>
   </div>
   <div class='ocr_carea' id='block_1_65' title="bbox 457 3354 2056 3435">
    <p class='ocr_par' dir='ltr' id='par_1_65' title="bbox 457 3354 2056 3435">
     <span class='ocr_line' id='line_1_65' title="bbox 457 3354 2056 3435; baseline 0.008 -26"><span class='ocrx_word' id='word_1_532' title='bbox 457 3361 654 3409; x_wconf 84' lang='lat' dir='ltr'><strong>contra</strong></span> <span class='ocrx_word' id='word_1_533' title='bbox 675 3354 845 3411; x_wconf 80' lang='lat' dir='ltr'><strong>Deum</strong></span> <span class='ocrx_word' id='word_1_534' title='bbox 873 3357 1035 3414; x_wconf 83' lang='lat' dir='ltr'><strong>fortis</strong></span> <span class='ocrx_word' id='word_1_535' title='bbox 1070 3357 1245 3424; x_wconf 84' lang='lat' dir='ltr'><strong>fuisti,</strong></span> <span class='ocrx_word' id='word_1_536' title='bbox 1271 3367 1480 3429; x_wconf 90' lang='lat' dir='ltr'><strong>quanto</strong></span> <span class='ocrx_word' id='word_1_537' title='bbox 1523 3364 1700 3435; x_wconf 84' lang='lat' dir='ltr'><strong>magis</strong></span> <span class='ocrx_word' id='word_1_538' title='bbox 1731 3372 1923 3420; x_wconf 90' lang='lat' dir='ltr'><strong>contra</strong></span> <span class='ocrx_word' id='word_1_539' title='bbox 1954 3364 2056 3420; x_wconf 86' lang='lat' dir='ltr'><strong>ho-</strong></span> 
     </span>
    </p>
   </div>
   <div class='ocr_carea' id='block_1_66' title="bbox 463 3449 2056 3523">
    <p class='ocr_par' dir='ltr' id='par_1_66' title="bbox 463 3449 2056 3523">
     <span class='ocr_line' id='line_1_66' title="bbox 463 3449 2056 3523; baseline 0.008 -23"><span class='ocrx_word' id='word_1_540' title='bbox 463 3449 642 3503; x_wconf 90' lang='lat' dir='ltr'><strong>mines</strong></span> <span class='ocrx_word' id='word_1_541' title='bbox 663 3449 1076 3517; x_wconf 68' lang='lat' dir='ltr'><strong>praavalebis&quot;!</strong></span> <span class='ocrx_word' id='word_1_542' title='bbox 1125 3472 1143 3503; x_wconf 72' lang='grc' dir='ltr'><strong>ι</strong></span> <span class='ocrx_word' id='word_1_543' title='bbox 1165 3451 1233 3504; x_wconf 83' lang='grc' dir='ltr'><strong>Εῑ</strong></span> <span class='ocrx_word' id='word_1_544' title='bbox 1263 3463 1389 3523; x_wconf 92' lang='lat' dir='ltr'><strong>post</strong></span> <span class='ocrx_word' id='word_1_545' title='bbox 1416 3469 1630 3523; x_wconf 90' lang='lat' dir='ltr'><strong>pauca:</strong></span> <span class='ocrx_word' id='word_1_546' title='bbox 1661 3473 1681 3507; x_wconf 89' lang='grc'><em>‹</em></span> <span class='ocrx_word' id='word_1_547' title='bbox 1711 3454 1937 3511; x_wconf 80' lang='lat' dir='ltr'><strong>Vocavit</strong></span> <span class='ocrx_word' id='word_1_548' title='bbox 1960 3455 2056 3511; x_wconf 83' lang='lat' dir='ltr'><strong>Ja-</strong></span> 
     </span>
    </p>
   </div>
   <div class='ocr_carea' id='block_1_67' title="bbox 461 3539 2048 3620">
    <p class='ocr_par' dir='ltr' id='par_1_67' title="bbox 461 3539 2048 3620">
     <span class='ocr_line' id='line_1_67' title="bbox 461 3539 2048 3620; baseline 0.006 -29"><span class='ocrx_word' id='word_1_549' title='bbox 461 3539 568 3593; x_wconf 87' lang='lat' dir='ltr'><strong>cob</strong></span> <span class='ocrx_word' id='word_1_550' title='bbox 603 3555 802 3596; x_wconf 89' lang='lat' dir='ltr'><strong>nomen</strong></span> <span class='ocrx_word' id='word_1_551' title='bbox 827 3541 932 3597; x_wconf 92' lang='lat' dir='ltr'><strong>loci</strong></span> <span class='ocrx_word' id='word_1_552' title='bbox 987 3542 1136 3597; x_wconf 90' lang='lat' dir='ltr'><strong>illius</strong></span> <span class='ocrx_word' id='word_1_553' title='bbox 1166 3541 1412 3600; x_wconf 88' lang='lat' dir='ltr'><strong>Phanuel</strong></span> <span class='ocrx_word' id='word_1_554' title='bbox 1447 3547 1623 3618; x_wconf 87' lang='lat' dir='ltr'><strong>(visus</strong></span> <span class='ocrx_word' id='word_1_555' title='bbox 1665 3546 1785 3620; x_wconf 89' lang='lat' dir='ltr'><strong>Dei)</strong></span> <span class='ocrx_word' id='word_1_556' title='bbox 1813 3548 2005 3606; x_wconf 89' lang='lat' dir='ltr'><strong>dicens</strong></span> <span class='ocrx_word' id='word_1_557' title='bbox 2035 3566 2048 3601; x_wconf 91' lang='lat'><strong>:</strong></span> 
     </span>
    </p>
   </div>
   <div class='ocr_carea' id='block_1_68' title="bbox 463 3627 2054 3697">
    <p class='ocr_par' dir='ltr' id='par_1_68' title="bbox 463 3627 2054 3697">
     <span class='ocr_line' id='line_1_68' title="bbox 463 3627 2054 3697; baseline 0.011 -16"><span class='ocrx_word' id='word_1_558' title='bbox 463 3627 586 3683; x_wconf 80' lang='lat' dir='ltr'><strong>Vidi</strong></span> <span class='ocrx_word' id='word_1_559' title='bbox 618 3629 909 3686; x_wconf 89' lang='lat' dir='ltr'><strong>Dominum</strong></span> <span class='ocrx_word' id='word_1_560' title='bbox 953 3632 1094 3688; x_wconf 85' lang='lat' dir='ltr'><strong>facie</strong></span> <span class='ocrx_word' id='word_1_561' title='bbox 1136 3634 1205 3688; x_wconf 88' lang='lat' dir='ltr'><strong>ad</strong></span> <span class='ocrx_word' id='word_1_562' title='bbox 1232 3634 1428 3691; x_wconf 90' lang='lat' dir='ltr'><strong>faciem</strong></span> <span class='ocrx_word' id='word_1_563' title='bbox 1463 3645 1518 3692; x_wconf 92' lang='lat' dir='ltr'><strong>et</strong></span> <span class='ocrx_word' id='word_1_564' title='bbox 1578 3638 1731 3693; x_wconf 89' lang='lat' dir='ltr'><strong>salva</strong></span> <span class='ocrx_word' id='word_1_565' title='bbox 1780 3639 1925 3695; x_wconf 90' lang='lat' dir='ltr'><strong>facta</strong></span> <span class='ocrx_word' id='word_1_566' title='bbox 1969 3650 2054 3697; x_wconf 91' lang='lat' dir='ltr'><strong>est</strong></span> 
     </span>
    </p>
   </div>
   <div class='ocr_carea' id='block_1_69' title="bbox 460 3721 2052 3800">
    <p class='ocr_par' dir='ltr' id='par_1_69' title="bbox 460 3721 2052 3800">
     <span class='ocr_line' id='line_1_69' title="bbox 460 3721 2052 3800; baseline 0.01 -29"><span class='ocrx_word' id='word_1_567' title='bbox 460 3721 640 3773; x_wconf 78' lang='lat' dir='ltr'><strong>anima</strong></span> <span class='ocrx_word' id='word_1_568' title='bbox 671 3737 793 3776; x_wconf 89' lang='lat' dir='ltr'><strong>mea</strong></span> <span class='ocrx_word' id='word_1_569' title='bbox 810 3723 874 3777; x_wconf 82' lang='grc'><strong>⁵⁸.</strong></span> <span class='ocrx_word' id='word_1_570' title='bbox 912 3741 930 3775; x_wconf 75' lang='grc' dir='ltr'><strong>ι</strong></span> <span class='ocrx_word' id='word_1_571' title='bbox 961 3723 1172 3789; x_wconf 87' lang='lat' dir='ltr'><strong>Quibus</strong></span> <span class='ocrx_word' id='word_1_572' title='bbox 1199 3725 1352 3780; x_wconf 90' lang='lat' dir='ltr'><strong>addit</strong></span> <span class='ocrx_word' id='word_1_573' title='bbox 1379 3725 1703 3798; x_wconf 89' lang='lat' dir='ltr'><strong>Scriptura:</strong></span> <span class='ocrx_word' id='word_1_574' title='bbox 1730 3747 1749 3780; x_wconf 76' lang='grc' dir='ltr'><strong>ι</strong></span> <span class='ocrx_word' id='word_1_575' title='bbox 1777 3727 2052 3800; x_wconf 89' lang='lat' dir='ltr'><strong>Ortusque</strong></span> 
     </span>
    </p>
   </div>
   <div class='ocr_carea' id='block_1_70' title="bbox 460 3811 2053 3889">
    <p class='ocr_par' dir='ltr' id='par_1_70' title="bbox 460 3811 2053 3889">
     <span class='ocr_line' id='line_1_70' title="bbox 460 3811 2053 3889; baseline 0.009 -27"><span class='ocrx_word' id='word_1_576' title='bbox 460 3818 548 3865; x_wconf 62' lang='lat' dir='ltr'><strong>est</strong></span> <span class='ocrx_word' id='word_1_577' title='bbox 575 3811 626 3866; x_wconf 88' lang='lat' dir='ltr'><strong>ei</strong></span> <span class='ocrx_word' id='word_1_578' title='bbox 661 3814 852 3868; x_wconf 90' lang='lat' dir='ltr'><strong>statim</strong></span> <span class='ocrx_word' id='word_1_579' title='bbox 879 3815 982 3880; x_wconf 89' lang='lat' dir='ltr'><strong>sol,</strong></span> <span class='ocrx_word' id='word_1_580' title='bbox 1013 3823 1304 3886; x_wconf 88' lang='lat' dir='ltr'><strong>postquam</strong></span> <span class='ocrx_word' id='word_1_581' title='bbox 1371 3825 1760 3889; x_wconf 85' lang='lat' dir='ltr'><strong>transgressus</strong></span> <span class='ocrx_word' id='word_1_582' title='bbox 1788 3829 1874 3876; x_wconf 90' lang='lat' dir='ltr'><strong>est</strong></span> <span class='ocrx_word' id='word_1_583' title='bbox 1910 3821 2053 3876; x_wconf 88' lang='lat' dir='ltr'><strong>Pha-</strong></span> 
     </span>
    </p>
   </div>
   <div class='ocr_carea' id='block_1_71' title="bbox 458 3903 2048 3982">
    <p class='ocr_par' dir='ltr' id='par_1_71' title="bbox 458 3903 2048 3982">
     <span class='ocr_line' id='line_1_71' title="bbox 458 3903 2048 3982; baseline 0.007 -25"><span class='ocrx_word' id='word_1_584' title='bbox 458 3903 590 3958; x_wconf 90' lang='lat' dir='ltr'><strong>nuel</strong></span> <span class='ocrx_word' id='word_1_585' title='bbox 626 3903 801 3975; x_wconf 86' lang='lat' dir='ltr'><strong>(visus</strong></span> <span class='ocrx_word' id='word_1_586' title='bbox 826 3903 944 3977; x_wconf 89' lang='lat' dir='ltr'><strong>Dei)</strong></span> <span class='ocrx_word' id='word_1_587' title='bbox 977 3906 1044 3958; x_wconf 72' lang='lat'><strong>‘9.</strong></span> <span class='ocrx_word' id='word_1_588' title='bbox 1081 3925 1100 3959; x_wconf 69' lang='grc' dir='ltr'><strong>ι</strong></span> <span class='ocrx_word' id='word_1_589' title='bbox 1159 3908 1476 3964; x_wconf 88' lang='lat' dir='ltr'><strong>Abrahamo</strong></span> <span class='ocrx_word' id='word_1_590' title='bbox 1537 3910 1757 3979; x_wconf 88' lang='lat' dir='ltr'><strong>quidem</strong></span> <span class='ocrx_word' id='word_1_591' title='bbox 1813 3915 2048 3982; x_wconf 87' lang='lat' dir='ltr'><strong>primum</strong></span> 
     </span>
    </p>
   </div>
   <div class='ocr_carea' id='block_1_72' title="bbox 460 3995 2052 4076">
    <p class='ocr_par' dir='ltr' id='par_1_72' title="bbox 460 3995 2052 4076">
     <span class='ocr_line' id='line_1_72' title="bbox 460 3995 2052 4076; baseline 0.008 -28"><span class='ocrx_word' id='word_1_592' title='bbox 460 3996 673 4050; x_wconf 85' lang='lat' dir='ltr'><strong>somnio</strong></span> <span class='ocrx_word' id='word_1_593' title='bbox 705 3995 972 4053; x_wconf 91' lang='lat' dir='ltr'><strong>Dominus</strong></span> <span class='ocrx_word' id='word_1_594' title='bbox 1006 3999 1420 4069; x_wconf 86' lang='lat' dir='ltr'><strong>manifestatur,</strong></span> <span class='ocrx_word' id='word_1_595' title='bbox 1445 4009 1500 4057; x_wconf 88' lang='lat' dir='ltr'><strong>et</strong></span> <span class='ocrx_word' id='word_1_596' title='bbox 1530 4003 1730 4072; x_wconf 62' lang='lat' dir='ltr'><strong>saepius</strong></span> <span class='ocrx_word' id='word_1_597' title='bbox 1784 4005 2052 4076; x_wconf 88' lang='lat' dir='ltr'><strong>colloqui-</strong></span> 
     </span>
    </p>
   </div>
   <div class='ocr_carea' id='block_1_73' title="bbox 460 4085 2048 4161">
    <p class='ocr_par' dir='ltr' id='par_1_73' title="bbox 460 4085 2048 4161">
     <span class='ocr_line' id='line_1_73' title="bbox 460 4085 2048 4161; baseline 0.01 -24"><span class='ocrx_word' id='word_1_598' title='bbox 460 4091 590 4152; x_wconf 90' lang='lat' dir='ltr'><strong>tur;</strong></span> <span class='ocrx_word' id='word_1_599' title='bbox 625 4093 708 4140; x_wconf 92' lang='lat' dir='ltr'><strong>ter</strong></span> <span class='ocrx_word' id='word_1_600' title='bbox 737 4085 861 4141; x_wconf 90' lang='lat' dir='ltr'><strong>dein</strong></span> <span class='ocrx_word' id='word_1_601' title='bbox 896 4090 945 4144; x_wconf 91' lang='lat' dir='ltr'><strong>ei</strong></span> <span class='ocrx_word' id='word_1_602' title='bbox 982 4089 1136 4146; x_wconf 89' lang='lat' dir='ltr'><strong>visus</strong></span> <span class='ocrx_word' id='word_1_603' title='bbox 1191 4091 1450 4158; x_wconf 86' lang='lat' dir='ltr'><strong>refertur,</strong></span> <span class='ocrx_word' id='word_1_604' title='bbox 1499 4108 1610 4147; x_wconf 92' lang='lat' dir='ltr'><strong>non</strong></span> <span class='ocrx_word' id='word_1_605' title='bbox 1641 4095 1697 4149; x_wconf 91' lang='lat' dir='ltr'><strong>in</strong></span> <span class='ocrx_word' id='word_1_606' title='bbox 1728 4105 1909 4161; x_wconf 90' lang='lat' dir='ltr'><strong>nocte,</strong></span> <span class='ocrx_word' id='word_1_607' title='bbox 1955 4099 2048 4153; x_wconf 89' lang='lat' dir='ltr'><strong>sed</strong></span> 
     </span>
    </p>
   </div>
   <div class='ocr_carea' id='block_1_74' title="bbox 461 4179 2049 4260">
    <p class='ocr_par' dir='ltr' id='par_1_74' title="bbox 461 4179 2049 4260">
     <span class='ocr_line' id='line_1_74' title="bbox 461 4179 2049 4260; baseline 0.011 -29"><span class='ocrx_word' id='word_1_608' title='bbox 461 4192 561 4246; x_wconf 86' lang='lat' dir='ltr'><strong>per</strong></span> <span class='ocrx_word' id='word_1_609' title='bbox 617 4179 902 4233; x_wconf 84' lang='lat' dir='ltr'><strong>meridiem</strong></span> <span class='ocrx_word' id='word_1_610' title='bbox 961 4183 1151 4250; x_wconf 88' lang='lat' dir='ltr'><strong>visus;</strong></span> <span class='ocrx_word' id='word_1_611' title='bbox 1199 4183 1257 4238; x_wconf 90' lang='lat' dir='ltr'><strong>in</strong></span> <span class='ocrx_word' id='word_1_612' title='bbox 1291 4186 1454 4240; x_wconf 91' lang='lat' dir='ltr'><strong>tertia</strong></span> <span class='ocrx_word' id='word_1_613' title='bbox 1501 4187 1650 4242; x_wconf 89' lang='lat' dir='ltr'><strong>enim</strong></span> <span class='ocrx_word' id='word_1_614' title='bbox 1709 4191 2049 4260; x_wconf 88' lang='lat' dir='ltr'><strong>apparitione</strong></span> 
     </span>
    </p>
   </div>
   <div class='ocr_carea' id='block_1_75' title="bbox 457 4267 2050 4350">
    <p class='ocr_par' dir='ltr' id='par_1_75' title="bbox 457 4267 2050 4350">
     <span class='ocr_line' id='line_1_75' title="bbox 457 4267 2050 4350; baseline 0.009 -28"><span class='ocrx_word' id='word_1_615' title='bbox 457 4267 578 4336; x_wconf 89' lang='lat' dir='ltr'><strong>ipso</strong></span> <span class='ocrx_word' id='word_1_616' title='bbox 603 4267 907 4325; x_wconf 85' lang='lat' dir='ltr'><strong>meridiano</strong></span> <span class='ocrx_word' id='word_1_617' title='bbox 943 4277 1191 4342; x_wconf 91' lang='lat' dir='ltr'><strong>tempore</strong></span> <span class='ocrx_word' id='word_1_618' title='bbox 1222 4274 1343 4344; x_wconf 90' lang='lat' dir='ltr'><strong>ejus</strong></span> <span class='ocrx_word' id='word_1_619' title='bbox 1373 4276 1674 4348; x_wconf 90' lang='lat' dir='ltr'><strong>hospitium</strong></span> <span class='ocrx_word' id='word_1_620' title='bbox 1703 4281 1922 4350; x_wconf 80' lang='lat' dir='ltr'><strong>excipit.</strong></span> <span class='ocrx_word' id='word_1_621' title='bbox 1955 4281 2050 4336; x_wconf 85' lang='lat' dir='ltr'><strong>Ja-</strong></span> 
     </span>
    </p>
   </div>
   <div class='ocr_carea' id='block_1_76' title="bbox 456 4356 2045 4437">
    <p class='ocr_par' dir='ltr' id='par_1_76' title="bbox 456 4356 2045 4437">
     <span class='ocr_line' id='line_1_76' title="bbox 456 4356 2045 4437; baseline 0.011 -27"><span class='ocrx_word' id='word_1_622' title='bbox 456 4356 596 4411; x_wconf 86' lang='lat' dir='ltr'><strong>cobo</strong></span> <span class='ocrx_word' id='word_1_623' title='bbox 630 4365 811 4413; x_wconf 91' lang='lat' dir='ltr'><strong>autem</strong></span> <span class='ocrx_word' id='word_1_624' title='bbox 845 4360 1083 4429; x_wconf 85' lang='lat' dir='ltr'><strong>primum</strong></span> <span class='ocrx_word' id='word_1_625' title='bbox 1139 4365 1361 4433; x_wconf 90' lang='lat' dir='ltr'><strong>quidem</strong></span> <span class='ocrx_word' id='word_1_626' title='bbox 1427 4374 1552 4437; x_wconf 90' lang='lat' dir='ltr'><strong>post</strong></span> <span class='ocrx_word' id='word_1_627' title='bbox 1600 4368 1734 4425; x_wconf 86' lang='lat' dir='ltr'><strong>solis</strong></span> <span class='ocrx_word' id='word_1_628' title='bbox 1787 4385 2045 4428; x_wconf 89' lang='lat' dir='ltr'><strong>occasum</strong></span> 
     </span>
    </p>
   </div>
   <div class='ocr_carea' id='block_1_77' title="bbox 455 4445 2040 4532">
    <p class='ocr_par' dir='ltr' id='par_1_77' title="bbox 455 4445 2040 4532">
     <span class='ocr_line' id='line_1_77' title="bbox 455 4445 2040 4532; baseline 0.012 -31"><span class='ocrx_word' id='word_1_629' title='bbox 455 4445 634 4502; x_wconf 91' lang='lat' dir='ltr'><strong>media</strong></span> <span class='ocrx_word' id='word_1_630' title='bbox 663 4457 828 4505; x_wconf 90' lang='lat' dir='ltr'><strong>nocte</strong></span> <span class='ocrx_word' id='word_1_631' title='bbox 852 4451 908 4504; x_wconf 90' lang='lat' dir='ltr'><strong>in</strong></span> <span class='ocrx_word' id='word_1_632' title='bbox 933 4454 1167 4509; x_wconf 92' lang='lat' dir='ltr'><strong>somniis</strong></span> <span class='ocrx_word' id='word_1_633' title='bbox 1191 4465 1439 4527; x_wconf 90' lang='lat' dir='ltr'><strong>apparet,</strong></span> <span class='ocrx_word' id='word_1_634' title='bbox 1501 4459 1558 4514; x_wconf 93' lang='lat' dir='ltr'><strong>in</strong></span> <span class='ocrx_word' id='word_1_635' title='bbox 1591 4459 2040 4532; x_wconf 86' lang='lat' dir='ltr'><strong>Mesopotamiam</strong></span> 
     </span>
    </p>
   </div>
   <div class='ocr_carea' id='block_1_78' title="bbox 455 4523 2116 4621">
    <p class='ocr_par' dir='ltr' id='par_1_78' title="bbox 455 4523 2116 4621">
     <span class='ocr_line' id='line_1_78' title="bbox 455 4523 2116 4621; baseline 0.014 -30"><span class='ocrx_word' id='word_1_636' title='bbox 455 4537 834 4605; x_wconf 90' lang='lat' dir='ltr'><strong>descendenti,</strong></span> <span class='ocrx_word' id='word_1_637' title='bbox 870 4553 995 4596; x_wconf 90' lang='lat' dir='ltr'><strong>cum</strong></span> <span class='ocrx_word' id='word_1_638' title='bbox 1048 4560 1144 4613; x_wconf 85' lang='lat' dir='ltr'><strong>per</strong></span> <span class='ocrx_word' id='word_1_639' title='bbox 1177 4523 1431 4602; x_wconf 80' lang='lat' dir='ltr'><strong>somnum</strong></span> <span class='ocrx_word' id='word_1_640' title='bbox 1487 4553 1705 4621; x_wconf 81' lang='lat' dir='ltr'><strong>aspexit</strong></span> <span class='ocrx_word' id='word_1_641' title='bbox 1745 4523 2038 4612; x_wconf 64' lang='lat' dir='ltr'><strong>caelestem</strong></span> <span class='ocrx_word' id='word_1_642' title='bbox 2073 4523 2116 4577; x_wconf 70' lang='grc' dir='ltr'><strong><em>Β</em></strong></span> 
     </span>
    </p>
   </div>
   <div class='ocr_carea' id='block_1_79' title="bbox 455 4629 2094 4707">
    <p class='ocr_par' dir='ltr' id='par_1_79' title="bbox 455 4629 2094 4707">
     <span class='ocr_line' id='line_1_79' title="bbox 455 4629 2094 4707; baseline 0.012 -26"><span class='ocrx_word' id='word_1_643' title='bbox 455 4629 684 4699; x_wconf 88' lang='lat' dir='ltr'><strong>scalam,</strong></span> <span class='ocrx_word' id='word_1_644' title='bbox 735 4633 1066 4702; x_wconf 88' lang='lat' dir='ltr'><strong>angelosque</strong></span> <span class='ocrx_word' id='word_1_645' title='bbox 1106 4636 1163 4690; x_wconf 89' lang='lat' dir='ltr'><strong>in</strong></span> <span class='ocrx_word' id='word_1_646' title='bbox 1195 4638 1314 4707; x_wconf 90' lang='lat' dir='ltr'><strong>ipsa</strong></span> <span class='ocrx_word' id='word_1_647' title='bbox 1344 4643 1705 4700; x_wconf 91' lang='lat' dir='ltr'><strong>ascendentes</strong></span> <span class='ocrx_word' id='word_1_648' title='bbox 1734 4653 1788 4701; x_wconf 91' lang='lat' dir='ltr'><strong>et</strong></span> <span class='ocrx_word' id='word_1_649' title='bbox 1815 4647 2045 4704; x_wconf 88' lang='lat' dir='ltr'><strong>descen-</strong></span> <span class='ocrx_word' id='word_1_650' title='bbox 2091 4697 2094 4700; x_wconf 82' lang='lat'><strong>.</strong></span> 
     </span>
    </p>
   </div>
   <div class='ocr_carea' id='block_1_80' title="bbox 453 4718 2041 4798">
    <p class='ocr_par' dir='ltr' id='par_1_80' title="bbox 453 4718 2041 4798">
     <span class='ocr_line' id='line_1_80' title="bbox 453 4718 2041 4798; baseline 0.016 -26"><span class='ocrx_word' id='word_1_651' title='bbox 453 4718 668 4786; x_wconf 88' lang='lat' dir='ltr'><strong>dentes,</strong></span> <span class='ocrx_word' id='word_1_652' title='bbox 707 4723 1027 4793; x_wconf 90' lang='lat' dir='ltr'><strong>audivitque</strong></span> <span class='ocrx_word' id='word_1_653' title='bbox 1079 4725 1372 4785; x_wconf 91' lang='lat' dir='ltr'><strong>Dominum</strong></span> <span class='ocrx_word' id='word_1_654' title='bbox 1429 4734 1682 4791; x_wconf 81' lang='lat' dir='ltr'><strong>innixum</strong></span> <span class='ocrx_word' id='word_1_655' title='bbox 1729 4741 1893 4795; x_wconf 79' lang='lat' dir='ltr'><strong>scalae</strong></span> <span class='ocrx_word' id='word_1_656' title='bbox 1934 4742 2041 4798; x_wconf 88' lang='lat' dir='ltr'><strong>sibi</strong></span> 
     </span>
    </p>
   </div>
   <div class='ocr_carea' id='block_1_81' title="bbox 452 4810 2041 4905">
    <p class='ocr_par' dir='ltr' id='par_1_81' title="bbox 452 4810 2041 4905">
     <span class='ocr_line' id='line_1_81' title="bbox 452 4810 2041 4905; baseline 0.017 -43"><span class='ocrx_word' id='word_1_657' title='bbox 452 4810 726 4905; x_wconf 84' lang='lat' dir='ltr'><strong>dicentem</strong></span> <span class='ocrx_word' id='word_1_658' title='bbox 757 4832 772 4868; x_wconf 86' lang='lat'><strong>:</strong></span> <span class='ocrx_word' id='word_1_659' title='bbox 811 4831 829 4863; x_wconf 86' lang='grc'><em>‹</em></span> <span class='ocrx_word' id='word_1_660' title='bbox 869 4813 982 4884; x_wconf 86' lang='lat' dir='ltr'><strong>Ego</strong></span> <span class='ocrx_word' id='word_1_661' title='bbox 1011 4832 1137 4872; x_wconf 91' lang='lat' dir='ltr'><strong>sum</strong></span> <span class='ocrx_word' id='word_1_662' title='bbox 1166 4819 1431 4880; x_wconf 92' lang='lat' dir='ltr'><strong>Dominus</strong></span> <span class='ocrx_word' id='word_1_663' title='bbox 1461 4825 1606 4884; x_wconf 90' lang='lat' dir='ltr'><strong>Deus</strong></span> <span class='ocrx_word' id='word_1_664' title='bbox 1645 4829 1920 4887; x_wconf 86' lang='lat' dir='ltr'><strong>Abraham</strong></span> <span class='ocrx_word' id='word_1_665' title='bbox 1943 4849 2041 4905; x_wconf 87' lang='lat' dir='ltr'><strong>pa-</strong></span> 
     </span>
    </p>
   </div>
   <div class='ocr_carea' id='block_1_82' title="bbox 451 4904 2042 4996">
    <p class='ocr_par' dir='ltr' id='par_1_82' title="bbox 451 4904 2042 4996">
     <span class='ocr_line' id='line_1_82' title="bbox 451 4904 2042 4996; baseline 0.016 -41"><span class='ocrx_word' id='word_1_666' title='bbox 451 4904 555 4996; x_wconf 79' lang='lat' dir='ltr'><strong>tris</strong></span> <span class='ocrx_word' id='word_1_667' title='bbox 579 4906 660 4959; x_wconf 90' lang='lat' dir='ltr'><strong>tui</strong></span> <span class='ocrx_word' id='word_1_668' title='bbox 797 4926 815 4958; x_wconf 84' lang='grc'>›</span> <span class='ocrx_word' id='word_1_669' title='bbox 852 4914 906 4961; x_wconf 90' lang='lat' dir='ltr'><strong>et</strong></span> <span class='ocrx_word' id='word_1_670' title='bbox 932 4909 1168 4980; x_wconf 85' lang='lat' dir='ltr'><strong>reliqua,</strong></span> <span class='ocrx_word' id='word_1_671' title='bbox 1214 4929 1336 4983; x_wconf 86' lang='lat' dir='ltr'><strong>quae</strong></span> <span class='ocrx_word' id='word_1_672' title='bbox 1360 4920 1721 4987; x_wconf 87' lang='lat' dir='ltr'><strong>sequentibus</strong></span> <span class='ocrx_word' id='word_1_673' title='bbox 1751 4938 1849 4993; x_wconf 91' lang='lat' dir='ltr'><strong>per</strong></span> <span class='ocrx_word' id='word_1_674' title='bbox 1875 4904 2042 4996; x_wconf 81' lang='lat' dir='ltr'><strong>ange-</strong></span> 
     </span>
    </p>
   </div>
   <div class='ocr_carea' id='block_1_83' title="bbox 450 4993 2036 5076">
    <p class='ocr_par' dir='ltr' id='par_1_83' title="bbox 450 4993 2036 5076">
     <span class='ocr_line' id='line_1_83' title="bbox 450 4993 2036 5076; baseline 0.015 -30"><span class='ocrx_word' id='word_1_675' title='bbox 450 4993 563 5048; x_wconf 91' lang='lat' dir='ltr'><strong>lum</strong></span> <span class='ocrx_word' id='word_1_676' title='bbox 595 4997 643 5050; x_wconf 92' lang='lat' dir='ltr'><strong>ei</strong></span> <span class='ocrx_word' id='word_1_677' title='bbox 672 4995 819 5050; x_wconf 89' lang='lat' dir='ltr'><strong>dicta</strong></span> <span class='ocrx_word' id='word_1_678' title='bbox 852 4996 1024 5054; x_wconf 88' lang='lat' dir='ltr'><strong>fuisse</strong></span> <span class='ocrx_word' id='word_1_679' title='bbox 1055 5000 1536 5076; x_wconf 90' lang='lat' dir='ltr'><strong>demonstrantur;</strong></span> <span class='ocrx_word' id='word_1_680' title='bbox 1595 5014 1833 5068; x_wconf 88' lang='lat' dir='ltr'><strong>secunda</strong></span> <span class='ocrx_word' id='word_1_681' title='bbox 1857 4993 2036 5070; x_wconf 74' lang='lat' dir='ltr'><strong>mani-</strong></span> 
     </span>
    </p>
   </div>
   <div class='ocr_carea' id='block_1_84' title="bbox 2156 3271 3727 3351">
    <p class='ocr_par' dir='ltr' id='par_1_84' title="bbox 2156 3271 3727 3351">
     <span class='ocr_line' id='line_1_84' title="bbox 2156 3271 3727 3351; baseline 0.006 -27"><span class='ocrx_word' id='word_1_682' title='bbox 2156 3271 2379 3342; x_wconf 79' lang='grc' dir='ltr'>θήσεται</span> <span class='ocrx_word' id='word_1_683' title='bbox 2419 3272 2479 3324; x_wconf 84' lang='grc' dir='ltr'><strong>τὸ</strong></span> <span class='ocrx_word' id='word_1_684' title='bbox 2513 3273 2684 3344; x_wconf 73' lang='grc' dir='ltr'>ὄνομά</span> <span class='ocrx_word' id='word_1_685' title='bbox 2716 3291 2832 3339; x_wconf 87' lang='grc' dir='ltr'>σου,</span> <span class='ocrx_word' id='word_1_686' title='bbox 2867 3275 2981 3329; x_wconf 88' lang='grc' dir='ltr'>ἀλλ’</span> <span class='ocrx_word' id='word_1_687' title='bbox 3021 3279 3240 3351; x_wconf 85' lang='grc' dir='ltr'>Ἰσραὴλ</span> <span class='ocrx_word' id='word_1_688' title='bbox 3277 3280 3431 3336; x_wconf 71' lang='grc' dir='ltr'>ἔσται</span> <span class='ocrx_word' id='word_1_689' title='bbox 3485 3283 3544 3336; x_wconf 85' lang='grc' dir='ltr'><strong>τὸ</strong></span> <span class='ocrx_word' id='word_1_690' title='bbox 3573 3281 3727 3351; x_wconf 68' lang='grc' dir='ltr'>ὄνομα</span> 
     </span>
    </p>
   </div>
   <div class='ocr_carea' id='block_1_85' title="bbox 2157 3364 3726 3446">
    <p class='ocr_par' dir='ltr' id='par_1_85' title="bbox 2157 3364 3726 3446">
     <span class='ocr_line' id='line_1_85' title="bbox 2157 3364 3726 3446; baseline 0.008 -33"><span class='ocrx_word' id='word_1_691' title='bbox 2157 3379 2272 3427; x_wconf 86' lang='grc' dir='ltr'>σου,</span> <span class='ocrx_word' id='word_1_692' title='bbox 2305 3364 2386 3416; x_wconf 84' lang='grc' dir='ltr'><strong>ὅτι</strong></span> <span class='ocrx_word' id='word_1_693' title='bbox 2418 3365 2708 3435; x_wconf 83' lang='grc' dir='ltr'>ἐνίσχυσας</span> <span class='ocrx_word' id='word_1_694' title='bbox 2738 3368 2874 3438; x_wconf 85' lang='grc' dir='ltr'>μετὰ</span> <span class='ocrx_word' id='word_1_695' title='bbox 2921 3369 3087 3436; x_wconf 88' lang='grc' dir='ltr'>Θεοῦ,</span> <span class='ocrx_word' id='word_1_696' title='bbox 3134 3373 3229 3425; x_wconf 80' lang='grc' dir='ltr'><strong>καὶ</strong></span> <span class='ocrx_word' id='word_1_697' title='bbox 3262 3375 3401 3443; x_wconf 88' lang='grc' dir='ltr'><strong>μετά</strong></span> <span class='ocrx_word' id='word_1_698' title='bbox 3445 3375 3726 3446; x_wconf 79' lang='grc' dir='ltr'>ἀνθρώπων</span> 
     </span>
    </p>
   </div>
   <div class='ocr_carea' id='block_1_86' title="bbox 2153 3455 3727 3532">
    <p class='ocr_par' dir='ltr' id='par_1_86' title="bbox 2153 3455 3727 3532">
     <span class='ocr_line' id='line_1_86' title="bbox 2153 3455 3727 3532; baseline 0.008 -23"><span class='ocrx_word' id='word_1_699' title='bbox 2153 3455 2390 3520; x_wconf 86' lang='grc' dir='ltr'>δυνατός.</span> <span class='ocrx_word' id='word_1_700' title='bbox 2413 3478 2430 3508; x_wconf 77' lang='grc' dir='ltr'><strong>ι</strong></span> <span class='ocrx_word' id='word_1_701' title='bbox 2460 3459 2569 3512; x_wconf 82' lang='grc' dir='ltr'>Καὶ</span> <span class='ocrx_word' id='word_1_702' title='bbox 2601 3456 2756 3524; x_wconf 79' lang='grc' dir='ltr'>αὖθις</span> <span class='ocrx_word' id='word_1_703' title='bbox 2785 3462 2903 3532; x_wconf 87' lang='grc' dir='ltr'>μετ’</span> <span class='ocrx_word' id='word_1_704' title='bbox 2929 3463 3136 3531; x_wconf 74' lang='grc' dir='ltr'>ὀλίγα-ι</span> <span class='ocrx_word' id='word_1_705' title='bbox 3161 3466 3449 3521; x_wconf 81' lang='grc' dir='ltr'>Ἐκάλεσεν</span> <span class='ocrx_word' id='word_1_706' title='bbox 3466 3467 3651 3522; x_wconf 76' lang='grc' dir='ltr'>Ἰακὼϐ</span> <span class='ocrx_word' id='word_1_707' title='bbox 3674 3468 3727 3521; x_wconf 84' lang='grc' dir='ltr'><strong>τὸ</strong></span> 
     </span>
    </p>
   </div>
   <div class='ocr_carea' id='block_1_87' title="bbox 2153 3548 3726 3632">
    <p class='ocr_par' dir='ltr' id='par_1_87' title="bbox 2153 3548 3726 3632">
     <span class='ocr_line' id='line_1_87' title="bbox 2153 3548 3726 3632; baseline 0.007 -32"><span class='ocrx_word' id='word_1_708' title='bbox 2153 3548 2322 3620; x_wconf 74' lang='grc' dir='ltr'>ὄνομα</span> <span class='ocrx_word' id='word_1_709' title='bbox 2342 3550 2440 3604; x_wconf 89' lang='grc' dir='ltr'><strong>τοῦ</strong></span> <span class='ocrx_word' id='word_1_710' title='bbox 2479 3552 2644 3606; x_wconf 88' lang='grc' dir='ltr'>τόπου</span> <span class='ocrx_word' id='word_1_711' title='bbox 2676 3553 2886 3607; x_wconf 83' lang='grc' dir='ltr'>ἐκείνου</span> <span class='ocrx_word' id='word_1_712' title='bbox 2920 3551 3071 3621; x_wconf 80' lang='grc' dir='ltr'>Εἶδος</span> <span class='ocrx_word' id='word_1_713' title='bbox 3100 3557 3235 3610; x_wconf 82' lang='grc' dir='ltr'>Θεοῦ</span> <span class='ocrx_word' id='word_1_714' title='bbox 3257 3577 3270 3590; x_wconf 95' lang='grc'><strong>·</strong></span> <span class='ocrx_word' id='word_1_715' title='bbox 3301 3555 3439 3612; x_wconf 77' lang='grc' dir='ltr'>εἶδον</span> <span class='ocrx_word' id='word_1_716' title='bbox 3468 3561 3573 3632; x_wconf 78' lang='grc' dir='ltr'><strong>γὰρ</strong></span> <span class='ocrx_word' id='word_1_717' title='bbox 3607 3561 3726 3612; x_wconf 79' lang='grc' dir='ltr'>Θεὸν</span> 
     </span>
    </p>
   </div>
   <div class='ocr_carea' id='block_1_88' title="bbox 2154 3641 3721 3722">
    <p class='ocr_par' dir='ltr' id='par_1_88' title="bbox 2154 3641 3721 3722">
     <span class='ocr_line' id='line_1_88' title="bbox 2154 3641 3721 3722; baseline 0.006 -31"><span class='ocrx_word' id='word_1_718' title='bbox 2154 3641 2443 3712; x_wconf 84' lang='grc' dir='ltr'>πρόσωπον</span> <span class='ocrx_word' id='word_1_719' title='bbox 2478 3644 2612 3715; x_wconf 80' lang='grc' dir='ltr'>πρὸς</span> <span class='ocrx_word' id='word_1_720' title='bbox 2648 3644 2956 3717; x_wconf 87' lang='grc' dir='ltr'>πρόσωπον,</span> <span class='ocrx_word' id='word_1_721' title='bbox 2989 3647 3083 3701; x_wconf 74' lang='grc' dir='ltr'><strong>καὶ</strong></span> <span class='ocrx_word' id='word_1_722' title='bbox 3112 3647 3289 3720; x_wconf 74' lang='grc' dir='ltr'>ἐσώθη</span> <span class='ocrx_word' id='word_1_723' title='bbox 3319 3652 3353 3721; x_wconf 77' lang='grc' dir='ltr'>ἡ</span> <span class='ocrx_word' id='word_1_724' title='bbox 3384 3651 3528 3722; x_wconf 73' lang='grc' dir='ltr'>ψυχή</span> <span class='ocrx_word' id='word_1_725' title='bbox 3563 3670 3675 3722; x_wconf 84' lang='grc' dir='ltr'>μου.</span> <span class='ocrx_word' id='word_1_726' title='bbox 3706 3671 3721 3701; x_wconf 75' lang='grc' dir='ltr'><strong>ι</strong></span> 
     </span>
    </p>
   </div>
   <div class='ocr_carea' id='block_1_89' title="bbox 2153 3728 3724 3810">
    <p class='ocr_par' dir='ltr' id='par_1_89' title="bbox 2153 3728 3724 3810">
     <span class='ocr_line' id='line_1_89' title="bbox 2153 3728 3724 3810; baseline 0.005 -25"><span class='ocrx_word' id='word_1_727' title='bbox 2153 3728 2249 3796; x_wconf 75' lang='grc' dir='ltr'><strong>Οἷς</strong></span> <span class='ocrx_word' id='word_1_728' title='bbox 2301 3734 2552 3806; x_wconf 78' lang='grc' dir='ltr'>ἐπιφέρει</span> <span class='ocrx_word' id='word_1_729' title='bbox 2605 3736 2888 3804; x_wconf 78' lang='grc' dir='ltr'>φάσκουσα</span> <span class='ocrx_word' id='word_1_730' title='bbox 3035 3741 3261 3810; x_wconf 68' lang='grc' dir='ltr'>Γραιρὴ,</span> <span class='ocrx_word' id='word_1_731' title='bbox 3293 3760 3309 3792; x_wconf 77' lang='grc' dir='ltr'><strong>ι</strong></span> <span class='ocrx_word' id='word_1_732' title='bbox 3361 3744 3620 3795; x_wconf 81' lang='grc' dir='ltr'>Ἀνέτειλε</span> <span class='ocrx_word' id='word_1_733' title='bbox 3674 3743 3724 3794; x_wconf 81' lang='grc' dir='ltr'>δὲ</span> 
     </span>
    </p>
   </div>
   <div class='ocr_carea' id='block_1_90' title="bbox 2151 3820 3727 3902">
    <p class='ocr_par' dir='ltr' id='par_1_90' title="bbox 2151 3820 3727 3902">
     <span class='ocr_line' id='line_1_90' title="bbox 2151 3820 3727 3902; baseline 0.008 -31"><span class='ocrx_word' id='word_1_734' title='bbox 2151 3820 2299 3890; x_wconf 82' lang='grc' dir='ltr'>αὐτῷ</span> <span class='ocrx_word' id='word_1_735' title='bbox 2333 3821 2483 3891; x_wconf 77' lang='grc' dir='ltr'>ἥλιος</span> <span class='ocrx_word' id='word_1_736' title='bbox 2512 3824 2674 3894; x_wconf 83' lang='grc' dir='ltr'>ἡνίκα</span> <span class='ocrx_word' id='word_1_737' title='bbox 2721 3827 2963 3898; x_wconf 75' lang='grc' dir='ltr'>παρῆλθε</span> <span class='ocrx_word' id='word_1_738' title='bbox 2997 3830 3056 3882; x_wconf 79' lang='grc' dir='ltr'><strong>τὸ</strong></span> <span class='ocrx_word' id='word_1_739' title='bbox 3088 3826 3228 3893; x_wconf 78' lang='grc' dir='ltr'>εἶδος</span> <span class='ocrx_word' id='word_1_740' title='bbox 3257 3832 3350 3886; x_wconf 87' lang='grc' dir='ltr'><strong>τοῦ</strong></span> <span class='ocrx_word' id='word_1_741' title='bbox 3393 3834 3550 3887; x_wconf 88' lang='grc' dir='ltr'>Θεοῦ.</span> <span class='ocrx_word' id='word_1_742' title='bbox 3592 3855 3610 3886; x_wconf 70' lang='grc' dir='ltr'><strong>ι</strong></span> <span class='ocrx_word' id='word_1_743' title='bbox 3646 3834 3727 3902; x_wconf 75' lang='grc' dir='ltr'>Τῷ</span> 
     </span>
    </p>
   </div>
   <div class='ocr_carea' id='block_1_91' title="bbox 2155 3911 3723 3997">
    <p class='ocr_par' dir='ltr' id='par_1_91' title="bbox 2155 3911 3723 3997">
     <span class='ocr_line' id='line_1_91' title="bbox 2155 3911 3723 3997; baseline 0.01 -35"><span class='ocrx_word' id='word_1_744' title='bbox 2155 3911 2253 3981; x_wconf 83' lang='grc' dir='ltr'>μὲν</span> <span class='ocrx_word' id='word_1_745' title='bbox 2299 3913 2547 3984; x_wconf 73' lang='grc' dir='ltr'>Ἀϐραὰμ</span> <span class='ocrx_word' id='word_1_746' title='bbox 2587 3917 2824 3987; x_wconf 81' lang='grc' dir='ltr'>ἀρχῆθεν</span> <span class='ocrx_word' id='word_1_747' title='bbox 2864 3919 3014 3992; x_wconf 80' lang='grc' dir='ltr'>ὕπαρ</span> <span class='ocrx_word' id='word_1_748' title='bbox 3059 3922 3088 3973; x_wconf 89' lang='lat'><strong>6</strong></span> <span class='ocrx_word' id='word_1_749' title='bbox 3128 3923 3332 3994; x_wconf 80' lang='grc' dir='ltr'>Κύριος</span> <span class='ocrx_word' id='word_1_750' title='bbox 3381 3925 3723 3997; x_wconf 80' lang='grc' dir='ltr'>χρηματίζει,</span> 
     </span>
    </p>
   </div>
   <div class='ocr_carea' id='block_1_92' title="bbox 2150 4005 3724 4089">
    <p class='ocr_par' dir='ltr' id='par_1_92' title="bbox 2150 4005 3724 4089">
     <span class='ocr_line' id='line_1_92' title="bbox 2150 4005 3724 4089; baseline 0.009 -32"><span class='ocrx_word' id='word_1_751' title='bbox 2150 4005 2244 4058; x_wconf 77' lang='grc' dir='ltr'><strong>καὶ</strong></span> <span class='ocrx_word' id='word_1_752' title='bbox 2266 4006 2524 4071; x_wconf 84' lang='grc' dir='ltr'>πολλάκις</span> <span class='ocrx_word' id='word_1_753' title='bbox 2556 4009 2654 4079; x_wconf 86' lang='grc' dir='ltr'><strong>μέν</strong></span> <span class='ocrx_word' id='word_1_754' title='bbox 2677 4011 3002 4080; x_wconf 87' lang='grc' dir='ltr'>διαλέγεται,</span> <span class='ocrx_word' id='word_1_755' title='bbox 3031 4016 3150 4086; x_wconf 77' lang='grc' dir='ltr'>τρὶς</span> <span class='ocrx_word' id='word_1_756' title='bbox 3179 4015 3235 4069; x_wconf 80' lang='grc' dir='ltr'>δὲ</span> <span class='ocrx_word' id='word_1_757' title='bbox 3259 4018 3409 4088; x_wconf 78' lang='grc' dir='ltr'>αὐτῷ</span> <span class='ocrx_word' id='word_1_758' title='bbox 3435 4021 3528 4072; x_wconf 74' lang='grc' dir='ltr'><strong>καὶ</strong></span> <span class='ocrx_word' id='word_1_759' title='bbox 3553 4021 3724 4089; x_wconf 70' lang='grc' dir='ltr'>ὀφθεὶς</span> 
     </span>
    </p>
   </div>
   <div class='ocr_carea' id='block_1_93' title="bbox 2150 4097 3725 4184">
    <p class='ocr_par' dir='ltr' id='par_1_93' title="bbox 2150 4097 3725 4184">
     <span class='ocr_line' id='line_1_93' title="bbox 2150 4097 3725 4184; baseline 0.011 -34"><span class='ocrx_word' id='word_1_760' title='bbox 2150 4097 2582 4170; x_wconf 83' lang='grc' dir='ltr'>ἀναγέγραπται,</span> <span class='ocrx_word' id='word_1_761' title='bbox 2613 4105 2707 4156; x_wconf 80' lang='grc' dir='ltr'><strong>καὶ</strong></span> <span class='ocrx_word' id='word_1_762' title='bbox 2737 4104 2836 4156; x_wconf 77' lang='grc' dir='ltr'><strong>οὐκ</strong></span> <span class='ocrx_word' id='word_1_763' title='bbox 2861 4107 2918 4158; x_wconf 84' lang='grc' dir='ltr'><strong>ἐν</strong></span> <span class='ocrx_word' id='word_1_764' title='bbox 2946 4108 3120 4170; x_wconf 76' lang='grc' dir='ltr'>νυκτὶ,</span> <span class='ocrx_word' id='word_1_765' title='bbox 3151 4108 3267 4163; x_wconf 78' lang='grc' dir='ltr'>ἀλλ’</span> <span class='ocrx_word' id='word_1_766' title='bbox 3296 4113 3354 4162; x_wconf 86' lang='grc' dir='ltr'><strong>ἐν</strong></span> <span class='ocrx_word' id='word_1_767' title='bbox 3383 4113 3572 4184; x_wconf 65' lang='grc' dir='ltr'>ἡμέρα</span> <span class='ocrx_word' id='word_1_768' title='bbox 3597 4114 3725 4183; x_wconf 76' lang='grc' dir='ltr'>μέσῃ</span> 
     </span>
    </p>
   </div>
   <div class='ocr_carea' id='block_1_94' title="bbox 2148 4188 3725 4275">
    <p class='ocr_par' dir='ltr' id='par_1_94' title="bbox 2148 4188 3725 4275">
     <span class='ocr_line' id='line_1_94' title="bbox 2148 4188 3725 4275; baseline 0.01 -34"><span class='ocrx_word' id='word_1_769' title='bbox 2148 4188 2330 4258; x_wconf 82' lang='grc' dir='ltr'>ὀφθείς</span> <span class='ocrx_word' id='word_1_770' title='bbox 2351 4209 2364 4221; x_wconf 66' lang='grc' dir='ltr'>θ</span> <span class='ocrx_word' id='word_1_771' title='bbox 2395 4192 2455 4244; x_wconf 88' lang='grc' dir='ltr'><strong>τὸ</strong></span> <span class='ocrx_word' id='word_1_772' title='bbox 2487 4193 2618 4262; x_wconf 89' lang='grc' dir='ltr'>γοῦν</span> <span class='ocrx_word' id='word_1_773' title='bbox 2643 4195 2823 4266; x_wconf 86' lang='grc' dir='ltr'>τρίτον</span> <span class='ocrx_word' id='word_1_774' title='bbox 2849 4199 2944 4251; x_wconf 75' lang='grc' dir='ltr'><strong>καὶ</strong></span> <span class='ocrx_word' id='word_1_775' title='bbox 2975 4201 3033 4252; x_wconf 87' lang='grc' dir='ltr'><strong>ἐν</strong></span> <span class='ocrx_word' id='word_1_776' title='bbox 3065 4201 3201 4270; x_wconf 78' lang='grc' dir='ltr'>αὐτῇ</span> <span class='ocrx_word' id='word_1_777' title='bbox 3237 4203 3558 4275; x_wconf 65' lang='grc' dir='ltr'>μεσημϐρίᾳ</span> <span class='ocrx_word' id='word_1_778' title='bbox 3589 4205 3725 4272; x_wconf 82' lang='grc' dir='ltr'>αὐτῴ</span> 
     </span>
    </p>
   </div>
   <div class='ocr_carea' id='block_1_95' title="bbox 2147 4282 3724 4364">
    <p class='ocr_par' dir='ltr' id='par_1_95' title="bbox 2147 4282 3724 4364">
     <span class='ocr_line' id='line_1_95' title="bbox 2147 4282 3724 4364; baseline 0.01 -31"><span class='ocrx_word' id='word_1_779' title='bbox 2147 4282 2520 4348; x_wconf 83' lang='grc' dir='ltr'>ἐπιξενοῦται·</span> <span class='ocrx_word' id='word_1_780' title='bbox 2565 4285 2643 4357; x_wconf 85' lang='grc' dir='ltr'>τῷ</span> <span class='ocrx_word' id='word_1_781' title='bbox 2693 4286 2749 4340; x_wconf 88' lang='grc' dir='ltr'><strong>δὲ</strong></span> <span class='ocrx_word' id='word_1_782' title='bbox 2806 4288 3000 4342; x_wconf 88' lang='grc' dir='ltr'>Ἰακὼϐ</span> <span class='ocrx_word' id='word_1_783' title='bbox 3052 4292 3268 4362; x_wconf 82' lang='grc' dir='ltr'>πρῶτον</span> <span class='ocrx_word' id='word_1_784' title='bbox 3334 4296 3432 4364; x_wconf 83' lang='grc' dir='ltr'>μὲν</span> <span class='ocrx_word' id='word_1_785' title='bbox 3483 4295 3724 4358; x_wconf 80' lang='grc' dir='ltr'>δύναντος</span> 
     </span>
    </p>
   </div>
   <div class='ocr_carea' id='block_1_96' title="bbox 2146 4373 3726 4454">
    <p class='ocr_par' dir='ltr' id='par_1_96' title="bbox 2146 4373 3726 4454">
     <span class='ocr_line' id='line_1_96' title="bbox 2146 4373 3726 4454; baseline 0.008 -29"><span class='ocrx_word' id='word_1_786' title='bbox 2146 4373 2299 4446; x_wconf 84' lang='grc' dir='ltr'>ἡλίου</span> <span class='ocrx_word' id='word_1_787' title='bbox 2332 4377 2390 4429; x_wconf 85' lang='grc' dir='ltr'><strong>ἐν</strong></span> <span class='ocrx_word' id='word_1_788' title='bbox 2426 4376 2568 4449; x_wconf 77' lang='grc' dir='ltr'>μέσῃ</span> <span class='ocrx_word' id='word_1_789' title='bbox 2603 4380 2759 4432; x_wconf 80' lang='grc' dir='ltr'>νυκτὶ</span> <span class='ocrx_word' id='word_1_790' title='bbox 2801 4381 2923 4434; x_wconf 86' lang='grc' dir='ltr'>καθ’</span> <span class='ocrx_word' id='word_1_791' title='bbox 2970 4383 3173 4447; x_wconf 81' lang='grc' dir='ltr'>ὕπνους</span> <span class='ocrx_word' id='word_1_792' title='bbox 3226 4385 3476 4454; x_wconf 83' lang='grc' dir='ltr'>φαίνεται</span> <span class='ocrx_word' id='word_1_793' title='bbox 3517 4389 3636 4441; x_wconf 75' lang='grc' dir='ltr'>κατ’</span> <span class='ocrx_word' id='word_1_794' title='bbox 3682 4389 3726 4439; x_wconf 82' lang='grc' dir='ltr'>εἰ</span> 
     </span>
    </p>
   </div>
   <div class='ocr_carea' id='block_1_97' title="bbox 2148 4464 3727 4551">
    <p class='ocr_par' dir='ltr' id='par_1_97' title="bbox 2148 4464 3727 4551">
     <span class='ocr_line' id='line_1_97' title="bbox 2148 4464 3727 4551; baseline 0.01 -34"><span class='ocrx_word' id='word_1_795' title='bbox 2148 4464 2256 4537; x_wconf 80' lang='grc' dir='ltr'>γὰρ</span> <span class='ocrx_word' id='word_1_796' title='bbox 2286 4467 2570 4541; x_wconf 87' lang='grc' dir='ltr'>(κατιόντι)</span> <span class='ocrx_word' id='word_1_797' title='bbox 2605 4473 2686 4535; x_wconf 85' lang='grc' dir='ltr'><strong>είς</strong></span> <span class='ocrx_word' id='word_1_798' title='bbox 2717 4473 3169 4546; x_wconf 82' lang='grc' dir='ltr'>Μεσοποταμίαν,</span> <span class='ocrx_word' id='word_1_799' title='bbox 3189 4478 3278 4531; x_wconf 81' lang='grc' dir='ltr'><strong>ὅτε</strong></span> <span class='ocrx_word' id='word_1_800' title='bbox 3306 4479 3364 4531; x_wconf 88' lang='grc' dir='ltr'><strong>ἐν</strong></span> <span class='ocrx_word' id='word_1_801' title='bbox 3396 4479 3474 4550; x_wconf 81' lang='grc' dir='ltr'>τῷ</span> <span class='ocrx_word' id='word_1_802' title='bbox 3496 4480 3727 4551; x_wconf 79' lang='grc' dir='ltr'>ὁράματι</span> 
     </span>
    </p>
   </div>
   <div class='ocr_carea' id='block_1_98' title="bbox 2145 4557 3726 4637">
    <p class='ocr_par' dir='ltr' id='par_1_98' title="bbox 2145 4557 3726 4637">
     <span class='ocr_line' id='line_1_98' title="bbox 2145 4557 3726 4637; baseline 0.008 -26"><span class='ocrx_word' id='word_1_803' title='bbox 2145 4557 2428 4631; x_wconf 87' lang='grc' dir='ltr'>θεωρήσας</span> <span class='ocrx_word' id='word_1_804' title='bbox 2455 4564 2552 4634; x_wconf 80' lang='grc' dir='ltr'>τὴν</span> <span class='ocrx_word' id='word_1_805' title='bbox 2585 4565 3025 4637; x_wconf 79' lang='grc' dir='ltr'>οὑρανοκλίμακα</span> <span class='ocrx_word' id='word_1_806' title='bbox 3066 4571 3159 4621; x_wconf 75' lang='grc' dir='ltr'>καὶ</span> <span class='ocrx_word' id='word_1_807' title='bbox 3189 4571 3316 4633; x_wconf 78' lang='grc' dir='ltr'>τοὺς</span> <span class='ocrx_word' id='word_1_808' title='bbox 3345 4572 3726 4633; x_wconf 80' lang='grc' dir='ltr'>ἀναϐαίνοντας</span> 
     </span>
    </p>
   </div>
   <div class='ocr_carea' id='block_1_99' title="bbox 2145 4654 3727 4732">
    <p class='ocr_par' dir='ltr' id='par_1_99' title="bbox 2145 4654 3727 4732">
     <span class='ocr_line' id='line_1_99' title="bbox 2145 4654 3727 4732; baseline 0.009 -27"><span class='ocrx_word' id='word_1_809' title='bbox 2145 4654 2238 4706; x_wconf 76' lang='grc' dir='ltr'><strong>καὶ</strong></span> <span class='ocrx_word' id='word_1_810' title='bbox 2275 4655 2401 4718; x_wconf 78' lang='grc' dir='ltr'>τοὺς</span> <span class='ocrx_word' id='word_1_811' title='bbox 2445 4657 2869 4722; x_wconf 86' lang='grc' dir='ltr'>καταϐαίνοντας</span> <span class='ocrx_word' id='word_1_812' title='bbox 2919 4661 2977 4712; x_wconf 84' lang='grc' dir='ltr'><strong>ὲν</strong></span> <span class='ocrx_word' id='word_1_813' title='bbox 3026 4662 3163 4732; x_wconf 79' lang='grc' dir='ltr'>αὐτῇ</span> <span class='ocrx_word' id='word_1_814' title='bbox 3207 4663 3493 4732; x_wconf 79' lang='grc' dir='ltr'>ἀγγέλους,</span> <span class='ocrx_word' id='word_1_815' title='bbox 3538 4666 3631 4719; x_wconf 80' lang='grc' dir='ltr'><strong>τὸν</strong></span> <span class='ocrx_word' id='word_1_816' title='bbox 3676 4665 3727 4718; x_wconf 78' lang='grc' dir='ltr'>δὲ</span> 
     </span>
    </p>
   </div>
   <div class='ocr_carea' id='block_1_100' title="bbox 2143 4745 3724 4827">
    <p class='ocr_par' dir='ltr' id='par_1_100' title="bbox 2143 4745 3724 4827">
     <span class='ocr_line' id='line_1_100' title="bbox 2143 4745 3724 4827; baseline 0.009 -30"><span class='ocrx_word' id='word_1_817' title='bbox 2143 4745 2346 4817; x_wconf 86' lang='grc' dir='ltr'>Κύριον</span> <span class='ocrx_word' id='word_1_818' title='bbox 2389 4749 2852 4821; x_wconf 84' lang='grc' dir='ltr'>ἐπεστηριγμένον</span> <span class='ocrx_word' id='word_1_819' title='bbox 2893 4755 2980 4806; x_wconf 82' lang='grc' dir='ltr'>ἐπ’</span> <span class='ocrx_word' id='word_1_820' title='bbox 3013 4755 3215 4825; x_wconf 78' lang='grc' dir='ltr'>αὐτῆς,</span> <span class='ocrx_word' id='word_1_821' title='bbox 3255 4756 3443 4810; x_wconf 80' lang='grc' dir='ltr'>ἀκούει</span> <span class='ocrx_word' id='word_1_822' title='bbox 3482 4758 3724 4827; x_wconf 83' lang='grc' dir='ltr'>λέγοντος</span> 
     </span>
    </p>
   </div>
   <div class='ocr_carea' id='block_1_101' title="bbox 2143 4839 3724 4922">
    <p class='ocr_par' dir='ltr' id='par_1_101' title="bbox 2143 4839 3724 4922">
     <span class='ocr_line' id='line_1_101' title="bbox 2143 4839 3724 4922; baseline 0.007 -31"><span class='ocrx_word' id='word_1_823' title='bbox 2143 4839 2291 4910; x_wconf 79' lang='grc' dir='ltr'>αὐτῷ</span> <span class='ocrx_word' id='word_1_824' title='bbox 2321 4841 2415 4893; x_wconf 85' lang='grc' dir='ltr'><strong>τοῦ</strong></span> <span class='ocrx_word' id='word_1_825' title='bbox 2449 4843 2678 4912; x_wconf 87' lang='grc' dir='ltr'>Κυρίου,</span> <span class='ocrx_word' id='word_1_826' title='bbox 2721 4863 2739 4895; x_wconf 87' lang='grc'><em>‹</em></span> <span class='ocrx_word' id='word_1_827' title='bbox 2786 4844 2926 4914; x_wconf 86' lang='grc' dir='ltr'>Ἐγὼ</span> <span class='ocrx_word' id='word_1_828' title='bbox 2973 4847 3177 4918; x_wconf 82' lang='grc' dir='ltr'>Κύριος</span> <span class='ocrx_word' id='word_1_829' title='bbox 3218 4850 3246 4901; x_wconf 86' lang='lat'><strong>6</strong></span> <span class='ocrx_word' id='word_1_830' title='bbox 3293 4850 3428 4914; x_wconf 73' lang='grc' dir='ltr'>Θεὸς</span> <span class='ocrx_word' id='word_1_831' title='bbox 3479 4847 3724 4922; x_wconf 65' lang='grc' dir='ltr'>Ἀϐραᾶξι</span> 
     </span>
    </p>
   </div>
   <div class='ocr_carea' id='block_1_102' title="bbox 2141 4929 3722 5011">
    <p class='ocr_par' dir='ltr' id='par_1_102' title="bbox 2141 4929 3722 5011">
     <span class='ocr_line' id='line_1_102' title="bbox 2141 4929 3722 5011; baseline 0.007 -29"><span class='ocrx_word' id='word_1_832' title='bbox 2141 4929 2236 4982; x_wconf 87' lang='grc' dir='ltr'><strong>τοῦ</strong></span> <span class='ocrx_word' id='word_1_833' title='bbox 2263 4933 2468 5004; x_wconf 87' lang='grc' dir='ltr'>πατρός</span> <span class='ocrx_word' id='word_1_834' title='bbox 2503 4951 2617 4997; x_wconf 88' lang='grc' dir='ltr'>σου,</span> <span class='ocrx_word' id='word_1_835' title='bbox 2659 4953 2677 4986; x_wconf 77' lang='grc' dir='ltr'><strong>ι</strong></span> <span class='ocrx_word' id='word_1_836' title='bbox 2709 4936 2802 4988; x_wconf 79' lang='grc' dir='ltr'><strong>καὶ</strong></span> <span class='ocrx_word' id='word_1_837' title='bbox 2827 4936 2893 4989; x_wconf 80' lang='grc' dir='ltr'>τὰ</span> <span class='ocrx_word' id='word_1_838' title='bbox 2920 4937 3100 5003; x_wconf 80' lang='grc' dir='ltr'>λοιπὰ,</span> <span class='ocrx_word' id='word_1_839' title='bbox 3137 4939 3172 4992; x_wconf 77' lang='grc' dir='ltr'>ἃ</span> <span class='ocrx_word' id='word_1_840' title='bbox 3201 4941 3294 4993; x_wconf 75' lang='grc' dir='ltr'><strong>καὶ</strong></span> <span class='ocrx_word' id='word_1_841' title='bbox 3325 4941 3434 4994; x_wconf 81' lang='grc' dir='ltr'><strong>ἀπὸ</strong></span> <span class='ocrx_word' id='word_1_842' title='bbox 3461 4942 3572 4996; x_wconf 81' lang='grc' dir='ltr'><strong>τῶν</strong></span> <span class='ocrx_word' id='word_1_843' title='bbox 3604 4943 3722 5011; x_wconf 70' lang='grc' dir='ltr'>ἐξῆς</span> 
     </span>
    </p>
   </div>
   <div class='ocr_carea' id='block_1_103' title="bbox 2143 5022 3734 5106">
    <p class='ocr_par' dir='ltr' id='par_1_103' title="bbox 2143 5022 3734 5106">
     <span class='ocr_line' id='line_1_103' title="bbox 2143 5022 3734 5106; baseline 0.007 -32"><span class='ocrx_word' id='word_1_844' title='bbox 2143 5022 2468 5092; x_wconf 85' lang='grc' dir='ltr'>παρίσταται</span> <span class='ocrx_word' id='word_1_845' title='bbox 2492 5025 2558 5078; x_wconf 88' lang='grc' dir='ltr'>δι’</span> <span class='ocrx_word' id='word_1_846' title='bbox 2589 5027 2820 5096; x_wconf 86' lang='grc' dir='ltr'>ἀγγέλου</span> <span class='ocrx_word' id='word_1_847' title='bbox 2854 5029 3002 5098; x_wconf 79' lang='grc' dir='ltr'>αὐτῷ</span> <span class='ocrx_word' id='word_1_848' title='bbox 3037 5031 3273 5100; x_wconf 76' lang='grc' dir='ltr'>εἰρηκώς</span> <span class='ocrx_word' id='word_1_849' title='bbox 3294 5050 3308 5063; x_wconf 89' lang='grc'><strong>·</strong></span> <span class='ocrx_word' id='word_1_850' title='bbox 3342 5033 3435 5086; x_wconf 70' lang='grc' dir='ltr'>καὶ</span> <span class='ocrx_word' id='word_1_851' title='bbox 3476 5035 3734 5106; x_wconf 68' lang='grc' dir='ltr'>δεύτερον</span> 
     </span>
    </p>
   </div>
   <div class='ocr_carea' id='block_1_104' title="bbox 449 5085 2041 5190">
    <p class='ocr_par' dir='ltr' id='par_1_104' title="bbox 449 5085 2033 5166">
     <span class='ocr_line' id='line_1_104' title="bbox 449 5085 2033 5166; baseline 0.015 -28"><span class='ocrx_word' id='word_1_852' title='bbox 449 5085 670 5140; x_wconf 85' lang='lat' dir='ltr'><strong>festatio</strong></span> <span class='ocrx_word' id='word_1_853' title='bbox 697 5088 752 5142; x_wconf 91' lang='lat' dir='ltr'><strong>in</strong></span> <span class='ocrx_word' id='word_1_854' title='bbox 790 5088 1181 5160; x_wconf 84' lang='lat' dir='ltr'><strong>Mesopotamia</strong></span> <span class='ocrx_word' id='word_1_855' title='bbox 1231 5097 1372 5152; x_wconf 89' lang='lat' dir='ltr'><strong>facta</strong></span> <span class='ocrx_word' id='word_1_856' title='bbox 1421 5107 1528 5166; x_wconf 92' lang='lat' dir='ltr'><strong>est,</strong></span> <span class='ocrx_word' id='word_1_857' title='bbox 1576 5117 1704 5158; x_wconf 85' lang='lat' dir='ltr'><strong>eum</strong></span> <span class='ocrx_word' id='word_1_858' title='bbox 1755 5104 1806 5160; x_wconf 91' lang='lat' dir='ltr'><strong>ei</strong></span> <span class='ocrx_word' id='word_1_859' title='bbox 1858 5106 2033 5162; x_wconf 87' lang='lat' dir='ltr'><strong>adfuit</strong></span> 
     </span>
    </p>
   </div>
   <div class='ocr_carea' id='block_1_105' title="bbox 2159 5085 3719 5190">
    <p class='ocr_par' dir='ltr' id='par_1_105' title="bbox 2159 5085 3719 5190">
     <span class='ocr_line' id='line_1_105' title="bbox 2159 5085 3719 5190; baseline 0.01 -26"><span class='ocrx_word' id='word_1_860' title='bbox 2159 5113 2191 5164; x_wconf 66' lang='grc' dir='ltr'>ἑὲ</span> <span class='ocrx_word' id='word_1_861' title='bbox 2214 5085 2269 5166; x_wconf 76' lang='grc' dir='ltr'><strong>ἐν</strong></span> <span class='ocrx_word' id='word_1_862' title='bbox 2295 5117 2360 5186; x_wconf 82' lang='grc' dir='ltr'>τῇ</span> <span class='ocrx_word' id='word_1_863' title='bbox 2397 5085 2812 5190; x_wconf 71' lang='grc' dir='ltr'>Μεσοποταμίᾳ,</span> <span class='ocrx_word' id='word_1_864' title='bbox 2841 5123 2930 5174; x_wconf 87' lang='grc' dir='ltr'>ὅτε</span> <span class='ocrx_word' id='word_1_865' title='bbox 2974 5085 3205 5189; x_wconf 69' lang='grc' dir='ltr'>ἐπιστάς</span> <span class='ocrx_word' id='word_1_866' title='bbox 3243 5085 3400 5189; x_wconf 74' lang='grc' dir='ltr'>αὖθις</span> <span class='ocrx_word' id='word_1_867' title='bbox 3439 5085 3719 5180; x_wconf 47' lang='grc' dir='ltr'><strong>τοῦ</strong></span> 
     </span>
    </p>
   </div>
   <div class='ocr_carea' id='block_1_106' title="bbox 449 5176 2027 5259">
    <p class='ocr_par' dir='ltr' id='par_1_106' title="bbox 449 5176 2027 5259">
     <span class='ocr_line' id='line_1_106' title="bbox 449 5176 2027 5259; baseline 0.015 -30"><span class='ocrx_word' id='word_1_868' title='bbox 449 5176 697 5248; x_wconf 84' lang='lat' dir='ltr'><strong>dixitque</strong></span> <span class='ocrx_word' id='word_1_869' title='bbox 753 5177 1042 5248; x_wconf 91' lang='lat' dir='ltr'><strong>Dominus,</strong></span> <span class='ocrx_word' id='word_1_870' title='bbox 1083 5193 1142 5238; x_wconf 90' lang='lat' dir='ltr'><strong>ut</strong></span> <span class='ocrx_word' id='word_1_871' title='bbox 1200 5193 1689 5259; x_wconf 81' lang='lat' dir='ltr'><strong>tetragrammaton</strong></span> <span class='ocrx_word' id='word_1_872' title='bbox 1737 5196 2027 5252; x_wconf 89' lang='lat' dir='ltr'><strong>ostendit:</strong></span> 
     </span>
    </p>
   </div>
   <div class='ocr_carea' id='block_1_107' title="bbox 454 5268 2003 5360">
    <p class='ocr_par' dir='ltr' id='par_1_107' title="bbox 454 5268 2003 5360">
     <span class='ocr_line' id='line_1_107' title="bbox 454 5268 2003 5360; baseline 0.017 -41"><span class='ocrx_word' id='word_1_873' title='bbox 454 5287 473 5319; x_wconf 77' lang='grc' dir='ltr'><strong>ι</strong></span> <span class='ocrx_word' id='word_1_874' title='bbox 509 5268 800 5328; x_wconf 82' lang='lat' dir='ltr'><strong>Revertere</strong></span> <span class='ocrx_word' id='word_1_875' title='bbox 833 5273 889 5326; x_wconf 92' lang='lat' dir='ltr'><strong>in</strong></span> <span class='ocrx_word' id='word_1_876' title='bbox 913 5284 1116 5330; x_wconf 84' lang='lat' dir='ltr'><strong>terram</strong></span> <span class='ocrx_word' id='word_1_877' title='bbox 1149 5287 1365 5348; x_wconf 84' lang='lat' dir='ltr'><strong>patrum</strong></span> <span class='ocrx_word' id='word_1_878' title='bbox 1411 5291 1655 5352; x_wconf 88' lang='lat' dir='ltr'><strong>tuorum,</strong></span> <span class='ocrx_word' id='word_1_879' title='bbox 1687 5296 1741 5342; x_wconf 88' lang='lat' dir='ltr'><strong>et</strong></span> <span class='ocrx_word' id='word_1_880' title='bbox 1771 5289 1837 5343; x_wconf 87' lang='lat' dir='ltr'><strong>ad</strong></span> <span class='ocrx_word' id='word_1_881' title='bbox 1865 5306 2003 5360; x_wconf 85' lang='lat' dir='ltr'><strong>gene</strong></span> 
     </span>
    </p>
   </div>
   <div class='ocr_carea' id='block_1_108' title="bbox 448 5362 2029 5438">
    <p class='ocr_par' dir='ltr' id='par_1_108' title="bbox 448 5362 2029 5438">
     <span class='ocr_line' id='line_1_108' title="bbox 448 5362 2029 5438; baseline 0.016 -24"><span class='ocrx_word' id='word_1_882' title='bbox 448 5362 718 5418; x_wconf 86' lang='lat' dir='ltr'><strong>rationem</strong></span> <span class='ocrx_word' id='word_1_883' title='bbox 743 5374 912 5428; x_wconf 88' lang='lat' dir='ltr'><strong>tuam,</strong></span> <span class='ocrx_word' id='word_1_884' title='bbox 944 5376 997 5420; x_wconf 91' lang='lat' dir='ltr'><strong>et</strong></span> <span class='ocrx_word' id='word_1_885' title='bbox 1018 5383 1114 5422; x_wconf 91' lang='lat' dir='ltr'><strong>ero</strong></span> <span class='ocrx_word' id='word_1_886' title='bbox 1145 5379 1326 5426; x_wconf 88' lang='lat' dir='ltr'><strong>tecum</strong></span> <span class='ocrx_word' id='word_1_887' title='bbox 1359 5375 1427 5428; x_wconf 73' lang='grc' dir='ltr'><strong>οι.</strong></span> <span class='ocrx_word' id='word_1_888' title='bbox 1463 5395 1480 5427; x_wconf 76' lang='grc' dir='ltr'><strong>ι</strong></span> <span class='ocrx_word' id='word_1_889' title='bbox 1517 5376 1575 5431; x_wconf 93' lang='lat' dir='ltr'><strong>ln</strong></span> <span class='ocrx_word' id='word_1_890' title='bbox 1601 5381 1812 5436; x_wconf 92' lang='lat' dir='ltr'><strong>somnis</strong></span> <span class='ocrx_word' id='word_1_891' title='bbox 1842 5383 1889 5437; x_wconf 93' lang='lat' dir='ltr'><strong>ei</strong></span> <span class='ocrx_word' id='word_1_892' title='bbox 1915 5382 2029 5438; x_wconf 61' lang='lat' dir='ltr'><strong>haec</strong></span> 
     </span>
    </p>
   </div>
   <div class='ocr_carea' id='block_1_109' title="bbox 447 5455 2026 5538">
    <p class='ocr_par' dir='ltr' id='par_1_109' title="bbox 447 5455 2026 5538">
     <span class='ocr_line' id='line_1_109' title="bbox 447 5455 2026 5538; baseline 0.014 -32"><span class='ocrx_word' id='word_1_893' title='bbox 447 5458 500 5506; x_wconf 92' lang='lat' dir='ltr'><strong>et</strong></span> <span class='ocrx_word' id='word_1_894' title='bbox 528 5468 625 5523; x_wconf 90' lang='lat' dir='ltr'><strong>per</strong></span> <span class='ocrx_word' id='word_1_895' title='bbox 649 5455 904 5525; x_wconf 84' lang='lat' dir='ltr'><strong>angelum</strong></span> <span class='ocrx_word' id='word_1_896' title='bbox 937 5457 1188 5516; x_wconf 85' lang='lat' dir='ltr'><strong>elocutus</strong></span> <span class='ocrx_word' id='word_1_897' title='bbox 1221 5470 1327 5518; x_wconf 89' lang='lat' dir='ltr'><strong>est.</strong></span> <span class='ocrx_word' id='word_1_898' title='bbox 1365 5463 1434 5519; x_wconf 92' lang='lat' dir='ltr'><strong>Ut</strong></span> <span class='ocrx_word' id='word_1_899' title='bbox 1459 5475 1513 5521; x_wconf 88' lang='lat' dir='ltr'><strong>et</strong></span> <span class='ocrx_word' id='word_1_900' title='bbox 1541 5468 1656 5538; x_wconf 91' lang='lat' dir='ltr'><strong>ipse</strong></span> <span class='ocrx_word' id='word_1_901' title='bbox 1673 5471 1833 5526; x_wconf 91' lang='lat' dir='ltr'><strong>docet</strong></span> <span class='ocrx_word' id='word_1_902' title='bbox 1862 5471 2026 5528; x_wconf 84' lang='lat' dir='ltr'><strong>Jaco-</strong></span> 
     </span>
    </p>
   </div>
   <div class='ocr_carea' id='block_1_110' title="bbox 517 5631 1704 5705">
    <p class='ocr_par' dir='ltr' id='par_1_110' title="bbox 517 5631 1704 5705">
     <span class='ocr_line' id='line_1_110' title="bbox 517 5631 1704 5705; baseline 0.013 -20"><span class='ocrx_word' id='word_1_903' title='bbox 517 5632 564 5663; x_wconf 74' lang='lat'><strong>“</strong></span> <span class='ocrx_word' id='word_1_904' title='bbox 601 5631 738 5705; x_wconf 53' lang='lat' dir='ltr'><strong>Gen:</strong></span> <span class='ocrx_word' id='word_1_905' title='bbox 772 5649 958 5699; x_wconf 75' lang='lat' dir='ltr'><strong>xxvu,</strong></span> <span class='ocrx_word' id='word_1_906' title='bbox 996 5634 1087 5692; x_wconf 77' lang='lat'><strong>29.</strong></span> <span class='ocrx_word' id='word_1_907' title='bbox 1165 5639 1211 5672; x_wconf 81' lang='grc'><strong>³⁸</strong></span> <span class='ocrx_word' id='word_1_908' title='bbox 1248 5639 1427 5696; x_wconf 88' lang='lat' dir='ltr'><strong>Galat.</strong></span> <span class='ocrx_word' id='word_1_909' title='bbox 1462 5659 1559 5705; x_wconf 85' lang='grc' dir='ltr'>ιιι,</span> <span class='ocrx_word' id='word_1_910' title='bbox 1616 5645 1704 5700; x_wconf 78' lang='grc'><strong>16.</strong></span> 
     </span>
    </p>
   </div>
   <div class='ocr_carea' id='block_1_111' title="bbox 445 5702 1787 5783">
    <p class='ocr_par' dir='ltr' id='par_1_111' title="bbox 445 5702 1787 5783">
     <span class='ocr_line' id='line_1_111' title="bbox 445 5702 1787 5783; baseline 0.01 -27"><span class='ocrx_word' id='word_1_911' title='bbox 445 5702 536 5756; x_wconf 76' lang='grc'><strong>51.</strong></span> <span class='ocrx_word' id='word_1_912' title='bbox 612 5703 656 5734; x_wconf 81' lang='grc'><strong>⁶⁰</strong></span> <span class='ocrx_word' id='word_1_913' title='bbox 697 5702 831 5758; x_wconf 88' lang='lat' dir='ltr'><strong>Gen.</strong></span> <span class='ocrx_word' id='word_1_914' title='bbox 873 5722 1070 5774; x_wconf 78' lang='lat' dir='ltr'><strong>xxvm,</strong></span> <span class='ocrx_word' id='word_1_915' title='bbox 1108 5709 1196 5765; x_wconf 81' lang='grc'><strong>15.</strong></span> <span class='ocrx_word' id='word_1_916' title='bbox 1273 5713 1315 5743; x_wconf 83' lang='grc'><strong>⁶¹</strong></span> <span class='ocrx_word' id='word_1_917' title='bbox 1355 5712 1490 5768; x_wconf 86' lang='lat' dir='ltr'><strong>Gen.</strong></span> <span class='ocrx_word' id='word_1_918' title='bbox 1533 5702 1699 5783; x_wconf 62' lang='lat' dir='ltr'><strong>itm,</strong></span> <span class='ocrx_word' id='word_1_919' title='bbox 1736 5719 1787 5772; x_wconf 78' lang='grc'><strong>5.</strong></span> 
     </span>
    </p>
   </div>
   <div class='ocr_carea' id='block_1_112' title="bbox 2135 5299 3589 5380">
    <p class='ocr_par' dir='ltr' id='par_1_112' title="bbox 2135 5299 3589 5380">
     <span class='ocr_line' id='line_1_112' title="bbox 2135 5299 3589 5380; baseline 0.012 -30"><span class='ocrx_word' id='word_1_920' title='bbox 2135 5299 2366 5370; x_wconf 77' lang='grc' dir='ltr'>στρέφου</span> <span class='ocrx_word' id='word_1_921' title='bbox 2407 5303 2487 5364; x_wconf 85' lang='grc' dir='ltr'><strong>είς</strong></span> <span class='ocrx_word' id='word_1_922' title='bbox 2517 5303 2618 5374; x_wconf 77' lang='grc' dir='ltr'><strong>τὴν</strong></span> <span class='ocrx_word' id='word_1_923' title='bbox 2647 5304 2750 5374; x_wconf 80' lang='grc' dir='ltr'><strong>γῆν</strong></span> <span class='ocrx_word' id='word_1_924' title='bbox 2789 5307 2896 5358; x_wconf 84' lang='grc' dir='ltr'><strong>τῶν</strong></span> <span class='ocrx_word' id='word_1_925' title='bbox 2935 5309 3188 5380; x_wconf 82' lang='grc' dir='ltr'>πατέρων</span> <span class='ocrx_word' id='word_1_926' title='bbox 3238 5327 3330 5364; x_wconf 86' lang='grc' dir='ltr'><strong>σου</strong></span> <span class='ocrx_word' id='word_1_927' title='bbox 3374 5314 3468 5365; x_wconf 74' lang='grc' dir='ltr'><strong>καὶ</strong></span> <span class='ocrx_word' id='word_1_928' title='bbox 3509 5317 3589 5378; x_wconf 77' lang='grc' dir='ltr'>εἰς</span> 
     </span>
    </p>
   </div>
   <div class='ocr_carea' id='block_1_113' title="bbox 2133 5392 3719 5475">
    <p class='ocr_par' dir='ltr' id='par_1_113' title="bbox 2133 5392 3719 5475">
     <span class='ocr_line' id='line_1_113' title="bbox 2133 5392 3719 5475; baseline 0.012 -35"><span class='ocrx_word' id='word_1_929' title='bbox 2133 5392 2326 5455; x_wconf 85' lang='grc' dir='ltr'>γενεάν</span> <span class='ocrx_word' id='word_1_930' title='bbox 2358 5397 2578 5458; x_wconf 78' lang='grc' dir='ltr'>σου,καὶ</span> <span class='ocrx_word' id='word_1_931' title='bbox 2604 5395 2797 5466; x_wconf 81' lang='grc' dir='ltr'>ἔσομαι</span> <span class='ocrx_word' id='word_1_932' title='bbox 2831 5400 2967 5469; x_wconf 83' lang='grc' dir='ltr'>μετὰ</span> <span class='ocrx_word' id='word_1_933' title='bbox 3002 5401 3116 5454; x_wconf 88' lang='grc' dir='ltr'>σοῦ.</span> <span class='ocrx_word' id='word_1_934' title='bbox 3151 5421 3169 5453; x_wconf 74' lang='grc' dir='ltr'><strong>ι</strong></span> <span class='ocrx_word' id='word_1_935' title='bbox 3201 5403 3338 5457; x_wconf 80' lang='grc' dir='ltr'>Καθ’</span> <span class='ocrx_word' id='word_1_936' title='bbox 3371 5404 3537 5460; x_wconf 79' lang='grc' dir='ltr'>ὕπνον</span> <span class='ocrx_word' id='word_1_937' title='bbox 3570 5406 3719 5475; x_wconf 71' lang='grc' dir='ltr'>αὑτῷ</span> 
     </span>
    </p>
   </div>
   <div class='ocr_carea' id='block_1_114' title="bbox 2131 5479 3805 5560">
    <p class='ocr_par' dir='ltr' id='par_1_114' title="bbox 2131 5479 3805 5560">
     <span class='ocr_line' id='line_1_114' title="bbox 2131 5479 3805 5560; baseline 0.011 -29"><span class='ocrx_word' id='word_1_938' title='bbox 2131 5479 2305 5534; x_wconf 83' lang='grc' dir='ltr'>ταῦτα</span> <span class='ocrx_word' id='word_1_939' title='bbox 2328 5482 2421 5534; x_wconf 71' lang='grc' dir='ltr'><strong>καὶ</strong></span> <span class='ocrx_word' id='word_1_940' title='bbox 2445 5482 2510 5534; x_wconf 85' lang='grc' dir='ltr'>δι’</span> <span class='ocrx_word' id='word_1_941' title='bbox 2535 5485 2766 5553; x_wconf 78' lang='grc' dir='ltr'>ἀγγέλου</span> <span class='ocrx_word' id='word_1_942' title='bbox 2793 5488 3012 5560; x_wconf 78' lang='grc' dir='ltr'>εἴρηκεν</span> <span class='ocrx_word' id='word_1_943' title='bbox 3034 5510 3044 5521; x_wconf 87' lang='grc'>·</span> <span class='ocrx_word' id='word_1_944' title='bbox 3073 5492 3149 5557; x_wconf 86' lang='grc' dir='ltr'>ὡς</span> <span class='ocrx_word' id='word_1_945' title='bbox 3189 5493 3246 5548; x_wconf 81' lang='grc' dir='ltr'>δὲ</span> <span class='ocrx_word' id='word_1_946' title='bbox 3275 5492 3437 5557; x_wconf 76' lang='grc' dir='ltr'>αὐτὸς</span> <span class='ocrx_word' id='word_1_947' title='bbox 3458 5499 3486 5549; x_wconf 85' lang='lat'><strong>6</strong></span> <span class='ocrx_word' id='word_1_948' title='bbox 3523 5497 3716 5551; x_wconf 69' lang='grc' dir='ltr'>Ἰακὼϐ</span> <span class='ocrx_word' id='word_1_949' title='bbox 3803 5507 3805 5510; x_wconf 74' lang='lat'><em>‘</em></span> 
     </span>
    </p>
   </div>
   <div class='ocr_carea' id='block_1_115' title="bbox 1813 5649 2392 5719">
    <p class='ocr_par' dir='ltr' id='par_1_115' title="bbox 1813 5649 2392 5719">
     <span class='ocr_line' id='line_1_115' title="bbox 1813 5649 2392 5719; baseline 0.009 -15"><span class='ocrx_word' id='word_1_950' title='bbox 1813 5649 1858 5681; x_wconf 74' lang='grc'><strong>⁵⁸</strong></span> <span class='ocrx_word' id='word_1_951' title='bbox 1898 5649 2032 5708; x_wconf 87' lang='lat' dir='ltr'><strong>Gen.</strong></span> <span class='ocrx_word' id='word_1_952' title='bbox 2073 5669 2245 5719; x_wconf 62' lang='grc' dir='ltr'>χχχιι,</span> <span class='ocrx_word' id='word_1_953' title='bbox 2303 5655 2392 5710; x_wconf 67' lang='grc'><strong>24.</strong></span> 
     </span>
    </p>
   </div>
   <div class='ocr_carea' id='block_1_116' title="bbox 2135 5206 3722 5288">
    <p class='ocr_par' dir='ltr' id='par_1_116' title="bbox 2135 5206 3722 5288">
     <span class='ocr_line' id='line_1_116' title="bbox 2135 5206 3722 5288; baseline 0.011 -35"><span class='ocrx_word' id='word_1_954' title='bbox 2135 5206 2557 5277; x_wconf 85' lang='grc' dir='ltr'>τετραγράμμου</span> <span class='ocrx_word' id='word_1_955' title='bbox 2581 5209 2738 5279; x_wconf 82' lang='grc' dir='ltr'>δηλού</span> <span class='ocrx_word' id='word_1_956' title='bbox 2748 5229 2906 5281; x_wconf 88' lang='grc' dir='ltr'>μενος</span> <span class='ocrx_word' id='word_1_957' title='bbox 2932 5213 3136 5286; x_wconf 81' lang='grc' dir='ltr'>Κύριος</span> <span class='ocrx_word' id='word_1_958' title='bbox 3160 5215 3310 5269; x_wconf 79' lang='grc' dir='ltr'>εἶπεν</span> <span class='ocrx_word' id='word_1_959' title='bbox 3330 5219 3499 5288; x_wconf 80' lang='grc' dir='ltr'>αὐτῷ·</span> <span class='ocrx_word' id='word_1_960' title='bbox 3524 5238 3543 5270; x_wconf 84' lang='grc'><strong><em>‹</em></strong></span> <span class='ocrx_word' id='word_1_961' title='bbox 3569 5220 3722 5270; x_wconf 76' lang='grc' dir='ltr'>Ἀπο-</span> 
     </span>
    </p>
   </div>
   <div class='ocr_carea' id='block_1_117' title="bbox 3625 5314 3720 5384">
    <p class='ocr_par' dir='ltr' id='par_1_117' title="bbox 3625 5314 3720 5384">
     <span class='ocr_line' id='line_1_117' title="bbox 3625 5314 3720 5384; baseline -0.032 -19"><span class='ocrx_word' id='word_1_962' title='bbox 3625 5314 3720 5384; x_wconf 68' lang='grc' dir='ltr'><strong>τὴν</strong></span> 
     </span>
    </p>
   </div>
   <div class='ocr_carea' id='block_1_118' title="bbox 2506 5660 3712 5734">
    <p class='ocr_par' dir='ltr' id='par_1_118' title="bbox 2506 5660 3712 5734">
     <span class='ocr_line' id='line_1_118' title="bbox 2506 5660 3712 5734; baseline 0.02 -24"><span class='ocrx_word' id='word_1_963' title='bbox 2506 5660 2550 5690; x_wconf 78' lang='grc'>³⁷</span> <span class='ocrx_word' id='word_1_964' title='bbox 2595 5660 2723 5716; x_wconf 80' lang='lat' dir='ltr'><strong>ibid.</strong></span> <span class='ocrx_word' id='word_1_965' title='bbox 2785 5662 2966 5721; x_wconf 69' lang='lat'><strong>26-28.</strong></span> <span class='ocrx_word' id='word_1_966' title='bbox 3073 5668 3119 5700; x_wconf 82' lang='grc'>⁸⁸</span> <span class='ocrx_word' id='word_1_967' title='bbox 3157 5671 3290 5726; x_wconf 82' lang='lat' dir='ltr'><strong>ibid.</strong></span> <span class='ocrx_word' id='word_1_968' title='bbox 3342 5673 3431 5731; x_wconf 80' lang='lat'><strong>50.</strong></span> <span class='ocrx_word' id='word_1_969' title='bbox 3495 5675 3539 5710; x_wconf 79' lang='lat'>“</span> <span class='ocrx_word' id='word_1_970' title='bbox 3578 5675 3712 5734; x_wconf 65' lang='lat' dir='ltr'><strong>ibid.</strong></span> 
     </span>
    </p>
   </div>
  </div>
