3840 6222
138 334 262 390 ill-il

1160 327 1462 385 ECLOGIE
1503 325 1990 387 PROPHETICAE.
2032 362 2098 371 --
2138 328 2266 386 LIB.
2299 329 2340 386 Ι.

3263 327 3410 385 1082

131 452 364 508 διδάσκει
397 451 508 505 ἀνα
534 451 692 522 (ἅμα)
726 449 857 520 γοῦν
884 454 948 522 τῇ
979 451 1100 521 θεία
1128 454 1277 522 φωνῇ
1307 451 1405 524 τὴν
1439 453 1603 507 Λείαν
1633 469 1701 506 κα

1832 453 1957 518 bus,
1992 452 2201 506 vocatis
2229 449 2336 504 Deo
2360 447 2588 518 jubente
2613 445 2818 502 Rachel
2847 451 2901 500 et
2953 443 3072 507 Lia,
3095 443 3285 514 eisque
3318 445 3406 499 in-

128 544 221 614 τὴν
264 542 470 615 Ῥαχὴλ
515 543 885 608 ἀνακαλέσας,
935 543 1055 614 μεθ’
1085 543 1251 616 ἕτερα
1289 545 1382 597 τὸν
1430 545 1723 616 γενόμενον

129 635 273 707 αὑτῷ
305 635 695 707 χρηματισμὸν
743 635 1051 690 ἀνατίθεται
1101 638 1290 700 αὑταῖς
1325 636 1521 706 λέγων,
1552 657 1570 689 ‹
1614 638 1724 692 Καὶ

125 723 244 784 εἶπέ
273 744 366 799 μοι
410 729 440 782 6
478 727 710 797 ἄγγελος
738 727 834 782 τοῦ
864 726 999 781 Θεοῦ
1047 727 1168 782 καθ’
1209 727 1396 794 ὕπνον,
1441 728 1657 790 Ἰακὼϐ,
1698 749 1717 780 ι

128 824 216 878 καὶ
263 823 334 878 τά
379 822 533 895 ἑξῆς,
587 825 646 878 ἐν
695 817 776 888 οἷς
830 839 1016 894 φησιν·
1059 842 1078 874 ‹
1123 823 1264 892 Ἐγώ
1296 826 1412 895 εἰμι
1457 825 1486 876 6
1532 824 1664 889 Θεὸς
1693 828 1724 879 6

125 913 306 984 ὀφθείς
332 930 416 966 σοι
440 916 500 968 ὲν
525 913 677 984 τόπῳ
696 915 830 969 Θεοῦ
849 931 862 945 ·
890 906 951 966 οὕ
977 913 1205 984 ἠλειψάς
1234 931 1323 985 μοι
1351 915 1469 968 ἐκεῖ
1496 915 1720 988 στήλην,

125 1007 214 1064 καὶ
240 1005 392 1076 ηὕξω
421 1023 514 1076 μοι
541 1008 661 1059 ἐκεῖ
700 1007 865 1078 εὐχήν
885 1024 899 1039 ο
929 1006 1025 1062 νῦν
1067 1001 1159 1060 οὗν
1191 1006 1476 1080 ἀνάστηθι,
1512 1009 1606 1061 καὶ
1636 1009 1724 1076 ἕξ-

123 1097 238 1152 ελθε
270 1099 335 1151 ὲκ
359 1099 467 1170 τῆς
498 1098 605 1170 γῆς
636 1099 862 1170 ταύτης,
897 1101 992 1154 καὶ
1021 1099 1223 1154 ἄπελθε
1250 1103 1332 1164 είς
1359 1101 1457 1172 τὴν
1490 1102 1593 1173 γῆν
1620 1103 1720 1173 τῆς

123 1188 382 1259 γενέσεώς
424 1207 541 1244 σου.
582 1210 602 1244 ι
634 1191 789 1246 Μετὰ
818 1192 877 1245 δὲ
925 1192 1097 1247 ταῦτα
1134 1193 1532 1263 ὑποστρέψαντι
1572 1193 1720 1264 αὐτῷ

121 1284 224 1339 ἀπὸ
258 1285 358 1356 τῆς
388 1285 821 1356 Μεσοποταμίας
861 1287 1078 1358 πρῶτον
1109 1285 1208 1357 μὲν
1239 1286 1341 1358 ἢδη
1378 1287 1591 1358 πρωῒας
1628 1284 1720 1338 οὕ-

123 1393 217 1446 σης
249 1377 594 1448 συνήντησαν
638 1378 686 1429 οἱ
737 1377 956 1445 ἄγγελοι
1007 1377 1102 1432 τοῦ
1129 1378 1287 1443 Θεοῦ,
1323 1380 1452 1451 περὶ¹
1502 1373 1578 1434 ὧν
1622 1379 1719 1432 καὶ

121 1463 254 1521 εἴπεο
283 1487 301 1520 ι
331 1469 672 1541 Παρεμϐολὴ
693 1469 828 1522 Θεοῦ
855 1469 1021 1541 αὕτη·
1057 1490 1074 1522 ι
1103 1472 1198 1523 καὶ
1227 1472 1373 1535 εἰκός
1398 1489 1462 1540 γε
1496 1471 1717 1536 τούτους

120 1560 356 1623 ἐκείνους
385 1555 554 1625 εἶναι,
583 1561 677 1625 οὓς
706 1561 970 1634 πρότερον
1003 1564 1096 1616 ἐπὶ
1124 1563 1223 1633 τῆς
1249 1562 1514 1634 κλίμακος
1540 1565 1715 1635 ἑωρά-

121 1664 230 1701 κειο
273 1643 395 1702 εἶτα
434 1649 493 1702 δὲ
539 1653 637 1704 καὶ
683 1651 961 1706 ἀνατέλλει
1004 1653 1152 1724 αὐτῷ
1193 1656 1224 1706 6
1263 1654 1522 1724 ἀνωτέρω
1553 1654 1716 1718 δύνας

119 1739 262 1809 ἥλιος
294 1741 437 1812 μετά
467 1741 565 1814 τὴν
607 1743 1029 1815 προεκτεθεῖσαν
1074 1747 1400 1818 περικοπὴν,
1432 1748 1490 1799 ὲν
1522 1740 1556 1821 ᾖ
1588 1747 1715 1816 φαίο

1829 551 1911 599 ter
1980 543 2087 596 alia
2149 541 2494 612 apparitione
2546 555 2669 611 quae
2725 539 2832 594 sibi
2887 546 3146 601 evenerat
3210 536 3405 592 relata.

1833 654 1852 686 ι
1891 633 2148 705 Dixitque
2179 633 2407 704 angelus
2440 631 2679 695 Domini,
2733 631 2932 700 inquit,
2957 631 3023 684 ad
3049 642 3136 682 me
3176 626 3232 680 in
3260 640 3409 681 som-

1824 729 1930 793 nis,
1960 728 2152 784 dicens
2184 725 2391 783 :Jacob
2421 727 2492 793 ⁶²;
2529 743 2549 778 ι
2582 732 2638 780 et
2685 731 2905 788 caetera,
2951 720 3008 775 in
3050 719 3252 790 quibus
3285 718 3361 771 ait
3391 735 3406 771 :

1830 840 1848 872 ι
1886 819 2001 892 Ego
2031 835 2153 876 sum
2181 818 2325 875 Deus
2354 820 2508 874 visus
2533 817 2632 873 tibi
2673 817 2730 872 in
2763 818 2882 871 loco
2935 813 3052 878 Dei,
3079 811 3172 867 ubi
3201 810 3407 866 unristi

1823 913 2082 985 lapidem,
2114 921 2168 967 et
2192 923 2378 967 votum
2403 911 2601 968 vovisti
2631 910 2786 966 mihi.
2816 909 2974 965 Nunc
2997 924 3127 980 ergo
3157 923 3321 979 surge
3349 915 3406 964 et

1821 1004 2082 1076 egredere
2105 1004 2173 1060 de
2197 1012 2344 1060 terra
2377 1003 2512 1069 hac,
2544 1011 2818 1059 revertere
2852 1003 2908 1056 in
2943 1011 3144 1058 terram
3203 1001 3406 1056 nativi-

1821 1097 1954 1154 tatis
1985 1107 2094 1153 tuaa
2121 1097 2185 1152 ⁸³.
2226 1118 2246 1151 ι
2285 1097 2417 1154 Post
2445 1097 2563 1153 haec
2589 1112 2722 1153 vero
2756 1095 3053 1152 revertenti
3085 1111 3116 1150 e
3151 1094 3406 1165 Mesopo-

1821 1191 1990 1244 tamia
2017 1190 2196 1261 primo
2218 1205 2380 1246 mane
2398 1189 2614 1245 obviam
2643 1188 2866 1244 fuerunt
2895 1187 3070 1257 angeli
3095 1185 3312 1240 Domini
3338 1185 3406 1240 de

1821 1281 2022 1351 quibus
2048 1290 2104 1336 et
2132 1281 2272 1336 dixit
2307 1297 2320 1333 :
2359 1299 2378 1333 ‹
2410 1279 2605 1336 Castra
2634 1279 2731 1336 Dei
2775 1288 2904 1336 sunt
2934 1279 3049 1334 haec
3079 1278 3146 1333 “.
3187 1297 3206 1330 ι
3248 1275 3406 1332 Veri-

1821 1373 2002 1429 simile
2027 1381 2114 1430 est
2139 1373 2242 1430 hos
2265 1389 2410 1438 esse,
2442 1389 2584 1444 quos
2612 1374 2767 1444 prius
2820 1386 2986 1442 super
3019 1370 3222 1426 scalam
3253 1367 3404 1423 vide-

1819 1475 1926 1528 rat.
1954 1468 2159 1530 Deinde
2187 1468 2363 1524 oritur
2384 1467 2464 1522 illi
2489 1467 2572 1524 sol
2603 1483 2670 1522 ex
2709 1466 2820 1532 alto
2872 1473 2995 1537 post
3025 1463 3404 1534 supradictum

1820 1561 2024 1627 locum,
2052 1561 2109 1615 in
2143 1575 2253 1631 quo
2277 1559 2494 1617 videtur
2521 1573 2646 1616 cum
2669 1573 2736 1614 eo
2759 1559 3003 1614 luctatus
3033 1572 3130 1630 per
3148 1571 3402 1612 somnum

1817 1653 1914 1722 qui
1943 1652 2008 1710 ad
2040 1668 2166 1709 eum
2189 1651 2329 1716 dixit
2357 1668 2370 1704 :
2415 1669 2434 1703 ι
2469 1649 2826 1722 Nequaquam
2874 1646 3045 1705 Jacob
3097 1647 3402 1720 appellabi-

1820 1751 1910 1798 tur
1950 1758 2152 1798 nomen
2186 1749 2366 1806 tuum,
2419 1741 2517 1798 sed
2563 1740 2758 1806 Israel,
2813 1740 3074 1813 quoniam
3123 1741 3172 1794 si
3205 1747 3400 1794 contra

119 1847 259 1884 νεται
281 1831 533 1886 παλαίων
559 1833 710 1906 αὐτῷ
735 1835 857 1888 καθ’
884 1835 1086 1900 ὕπνους
1109 1840 1136 1890 6
1163 1839 1339 1910 φήσας
1367 1838 1506 1909 πρὸς
1529 1840 1701 1894 αὐτόν

1816 1835 1988 1904 Deum
2015 1835 2176 1892 fortis
2213 1833 2392 1900 fuisti,
2417 1840 2627 1906 quanto
2681 1833 2858 1904 magis
2912 1839 3102 1886 contra
3147 1830 3401 1885 homines

122 1940 140 1973 ι
171 1923 364 1977 Οὐκέτι
404 1924 737 1998 κληθήσεται
778 1927 839 1980 τὸ
874 1927 1046 2000 δνομά
1084 1947 1177 1982 σου
1213 1930 1426 1996 Ἰακὼϐ,
1450 1931 1566 1986 ἀλλ’
1603 1933 1703 1986 Ἰσ-

118 2013 248 2085 ραὴλ
279 2014 434 2069 ἔσται
479 2017 543 2071 τὸ
582 2017 757 2090 ὄνομά
797 2037 912 2085 σου,
955 2022 1038 2074 ὅτι
1070 2021 1358 2094 ἐνίσχυσας
1395 2023 1535 2094 μετά
1573 2023 1710 2081 Θεοῦ

117 2105 204 2158 καὶ
234 2105 374 2176 μετά
402 2106 709 2179 ἀνθρώπων
736 2109 980 2174 δυνατός.
1016 2130 1035 2162 ι
1065 2110 1216 2164 Μετά
1242 2111 1375 2180 γοῦν
1405 2112 1504 2184 τὴν
1541 2113 1712 2172 ὀπτα-

119 2197 230 2250 σίαν
252 2199 530 2253 ἀνέτειλεν
566 2200 718 2272 αὐτῷ
749 2204 778 2255 6
804 2202 985 2273 ἥλιος·
1023 2203 1126 2276 ἦδη
1153 2203 1211 2257 δὲ
1246 2203 1580 2276 προκόψαντι
1617 2206 1710 2258 καὶ

116 2290 448 2347 τελειωθέντι
478 2294 661 2347 οὐκέτι
705 2295 829 2348 καθ’
862 2294 1085 2360 ὕπνους,
1118 2283 1391 2350 ἀλλ”ούδὲ
1429 2297 1488 2349 ὲν
1527 2295 1704 2362 νυκτὶ,

117 2383 226 2438 οὐδὲ
254 2386 320 2439 δι’
347 2387 608 2456 ἀγγέλου,
631 2388 752 2442 οὐδὲ
792 2387 898 2460 μὴν
938 2388 1008 2442 δι’
1041 2388 1384 2462 ἀνθρωπίνου
1425 2388 1620 2454 εἴδους,
1647 2389 1706 2445 ὲν

121 2473 248 2545 μέσῃ
276 2475 332 2529 δὲ
365 2477 555 2550 ἡμέρᾳ
600 2478 694 2531 καὶ⁵
740 2479 881 2547 φωτὶ
927 2479 1282 2552 χρηματίζων
1329 2479 1479 2552 αὐτῷ
1514 2483 1544 2534 6
1573 2479 1707 2545 Θεός

119 2577 292 2636 φησιν·
337 2584 356 2618 ι
408 2568 696 2635 Ἀναστὰς,
732 2569 966 2642 ἀνάϐηθι
1013 2574 1094 2636 είς
1137 2573 1232 2628 τὸν
1269 2572 1437 2627 τόπον
1480 2571 1704 2655 Βαιθὴλ,

118 2658 203 2710 καὶ
231 2657 368 2713 οἴκει
397 2661 546 2714 ἐκεῖ·
586 2680 607 2715 ι
643 2663 736 2716 καὶ⁵
771 2663 865 2718 ἐπὶ
896 2663 1110 2728 τούτοις
1153 2666 1289 2719 πᾶσι
1326 2665 1448 2719 τότε
1491 2664 1706 2736 πρῶτον

119 2750 290 2820 ἡθεία
317 2753 514 2828 Γραφὴ
561 2761 834 2829 μαρτυρεῖ
877 2759 959 2812 ὄτι
1001 2757 1158 2830 ὤφθη
1204 2757 1354 2830 αὐτῷ
1398 2760 1428 2811 6
1471 2757 1605 2822 Θεὸς
1645 2759 1706 2813 ὲν

119 2845 302 2912 Λουζᾶ,
331 2848 432 2902 καὶ
477 2845 771 2920 εὐλόγησεν
813 2849 976 2905 αὐτὸν
1018 2850 1194 2919 λέγων
1236 2849 1308 2906 τὰ
1350 2852 1704 2922 ἀναγεγραμ-

121 2935 268 3003 μένα.
303 2935 365 3009 (f.
381 2937 476 3011 Η)
491 2941 811 3012 Ζητήσομεν
829 2940 873 2993 δ’
893 2941 986 2995 ἐπὶ
1007 2942 1200 3014 σχολῆς
1223 2941 1342 3006 πῶς
1369 2942 1506 3015 μετά
1531 2943 1705 2998 ταῦτα

122 3026 350 3096 μέλλοντι
379 3030 532 3102 αὐτῷ
563 3032 810 3086 κατιέναι
854 3033 935 3097 εἰς
973 3033 1248 3102 Αἴγυπτον
1281 3033 1443 3088 πάλιν
1484 3037 1543 3089 ὲν
1570 3035 1702 3108 ὁρά-

123 3136 242 3190 ματι
268 3125 362 3176 καὶ⁴
389 3122 480 3177 διὰ
508 3124 702 3188 νυκτὸς
737 3127 766 3179 6
802 3125 936 3190 Θεὸς
967 3121 1138 3179 εἶπεν·
1168 3146 1186 3178 ι
1217 3127 1310 3196 Μὴ
1344 3124 1510 3198 φοϐοῦ
1536 3143 1703 3182 κατα·

1817 1928 2246 2000 prmvalebis‘H
2294 1946 2314 1978 ι
2368 1925 2501 1992 Post
2549 1925 2717 1998 igitur
2756 1924 3044 1988 visionem,
3094 1922 3282 1979 statim
3319 1923 3401 1977 sol

1817 2029 1974 2085 ortus
2011 2029 2100 2078 est
2145 2020 2217 2078 ei.
2281 2018 2582 2090 Postquam
2622 2025 2804 2074 autem
2859 2015 3173 2088 profecerit,
3215 2013 3400 2088 perfe-

1816 2120 2049 2183 ctusque
2074 2111 2263 2177 fuerit,
2293 2111 2412 2182 jam
2431 2125 2541 2166 non
2592 2111 2648 2165 in
2684 2110 2918 2173 somnis,
2981 2123 3161 2178 neque
3209 2115 3398 2171 noctu,

1815 2220 1994 2278 neque
2024 2219 2121 2276 per
2151 2204 2428 2276 angelum,
2459 2218 2638 2274 neque
2673 2202 2777 2259 sub
2794 2201 2978 2273 specie
3006 2201 3269 2266 humana,
3301 2199 3401 2257 sed

1813 2298 1884 2360 in
1903 2297 2086 2356 medio
2108 2297 2218 2364 die,
2248 2297 2372 2354 luce
2405 2296 2463 2351 in
2487 2295 2702 2361 media,
2729 2293 2878 2360 Deus
2924 2293 3044 2364 ipse
3067 2290 3396 2347 manifesta-

1814 2399 1906 2456 tur
1935 2390 2008 2456 ei,
2039 2389 2268 2448 dicens:
2309 2407 2329 2444 ι
2366 2387 2563 2462 Surge,
2595 2394 2652 2444 et
2680 2385 2914 2444 ascende
2935 2384 3144 2450 Bethel,
3167 2391 3223 2440 et
3247 2383 3402 2438 habi-

1817 2497 1872 2542 ta
1906 2485 1983 2542 ibi
2013 2484 2080 2540 ‘5.
2118 2503 2140 2542 ι
2175 2485 2357 2556 Atque
2385 2491 2512 2555 post
2567 2483 2685 2540 haec
2715 2483 2921 2546 omnia,
2972 2488 3104 2538 tunc
3160 2479 3398 2550 primum

1813 2577 1998 2632 divina
2023 2575 2308 2646 Scriptura
2338 2582 2575 2632 testatur
2601 2573 2708 2644 ipsi
2739 2571 2911 2637 Deum
2940 2569 3118 2628 visum
3149 2567 3321 2625 fuisse
3344 2567 3398 2622 in

1813 2669 1983 2736 Luna,
2012 2668 2108 2741 qui
2135 2675 2191 2725 et
2223 2666 2502 2725 benedixit
2530 2667 2631 2730 illi,
2649 2665 2895 2736 dixitque
2914 2679 2978 2718 ea
3000 2677 3123 2734 qua
3143 2662 3398 2718 referun-

1814 2773 1924 2820 tur.
1981 2763 2306 2830 Quaeremus
2337 2769 2522 2818 autem
2578 2759 2755 2818 otiose
2809 2757 3086 2829 quomodo
3137 2755 3396 2824 deinceps

1812 2857 1886 2920 ei,
1922 2870 2049 2912 cum
2081 2855 2140 2911 in
2160 2853 2458 2927 Egyptum
2509 2851 2842 2909 descendere
2899 2855 3140 2922 pararet,
3198 2861 3397 2901 rursus

1812 2949 1873 3004 in
1898 2948 2111 3004 visione
2131 2955 2404 3004 nocturna
2432 2945 2578 3002 Deus
2593 2944 2791 3002 dixerit
2821 2960 2876 2997 ε(
2911 2941 3033 2998 Noli
3053 2941 3271 3005 timere,
3295 2940 3394 2996 de-

1813 3042 2016 3099 scende
2054 3041 2113 3098 in
2159 3027 2564 3113 Egyptum".
2623 3058 2641 3092 ι
2685 3037 2812 3093 Haec
2869 3035 3034 3092 nobis
3075 3033 3395 3090 necessario

1812 3132 2220 3206 perpendenda.
2250 3132 2559 3190 Ostendunt
2591 3129 2736 3187 enim
2760 3129 2906 3201 quod
2947 3144 3060 3185 non
3082 3127 3262 3192 facile,
3293 3141 3395 3182 nec

122 3211 269 3284 ϐῆναι
295 3218 375 3280 εις
405 3215 704 3285 Αἴγυπτον.
747 3237 768 3271 ι
795 3217 983 3273 Ταῦτα
1011 3219 1069 3273 δὲ
1097 3222 1228 3292 ἡμῖν
1258 3221 1571 3290 ἀναγκαίως
1603 3239 1701 3276 πα-

1810 3223 1988 3280 euivis
2019 3223 2304 3280 hominum
2331 3221 2503 3280 Deum
2545 3223 2724 3277 visum
2762 3219 2936 3278 fuisse
2985 3218 3171 3276 divina
3202 3223 3397 3274 narrat

123 3305 414 3372 ρατέθειται
433 3326 447 3340 ο
483 3308 755 3365 δείκνυσιν
779 3311 888 3382 γάρ
916 3312 997 3365 ὅτι
1051 3313 1126 3384 μὴ
1154 3312 1398 3385 εὐχερῶς
1455 3314 1577 3385 μηδ’
1612 3314 1708 3369 ἐπὶ

119 3396 216 3452 τῶν
241 3401 514 3472 τυχόντων
541 3402 752 3474 ἀνδρῶν
783 3405 817 3475 ἡ
856 3403 976 3457 θεία
1006 3403 1198 3476 Γραφὴ
1234 3403 1326 3459 τὸν
1354 3404 1488 3459 Θεὸν
1522 3401 1706 3475 ὦφθαι

123 3487 342 3563 ἱστορεῖ·
380 3491 495 3547 οὔτ’
528 3487 621 3548 οὖν
655 3480 752 3549 ὲπῖ
787 3493 881 3548 τοῦ
921 3495 1112 3567 Ἀδὰμ,
1143 3495 1254 3550 οὔτ’
1284 3497 1378 3550 ἐπὶ
1415 3497 1512 3552 τοῦ
1541 3515 1706 3569 μετα-

121 3581 353 3650 τεθέντος
391 3585 582 3657 Ἐνὼχ,
621 3588 738 3642 ἀλλ’
763 3588 872 3642 οὐδ’
909 3589 1002 3642 ἐπὶ
1039 3588 1136 3643 τοῦ
1179 3587 1324 3654 Νῶε,
1355 3589 1462 3643 οὐδ’
1492 3591 1578 3643 ἐπ’
1609 3590 1706 3643 αὕ-

119 3672 206 3726 τοῦ
229 3676 509 3742 Μωῦσέως
532 3680 828 3752 τετήρηται
853 3680 936 3734 ὅτι
958 3678 1115 3753 ὤφθη
1129 3683 1237 3736 τινὶ
1251 3681 1459 3737 τούτων
1488 3684 1517 3736 6
1548 3683 1700 3750 Θεὸς,

122 3765 347 3838 καίτοιγε
396 3770 658 3834 πολλάκις
712 3773 896 3836 αὐτοῖς
935 3773 1226 3844 διειλέχθαι
1273 3775 1702 3848 ἀναγεγραμμέ-

123 3873 231 3922 νος·
261 3861 373 3916 ἀλλ’
400 3863 512 3916 οὐδ’
563 3864 656 3917 ἐπὶ
696 3865 816 3928 ἑνός
860 3881 926 3934 γε
964 3865 1124 3921 ἀλλου
1157 3870 1186 3921 6
1220 3868 1364 3932 θεῖος
1406 3869 1579 3938 Λόγος
1612 3869 1704 3924 τὸν

122 3949 242 4006 Θεὸν
279 3947 460 4024 ὦφθαι
513 3956 744 4026 εἰσάγει,
778 3957 933 4029 ἢὲπὶ
982 3961 1143 4030 μόνου
1187 3960 1284 4014 τοῦ
1325 3961 1576 4033 Ἀϐραὰμ
1607 3962 1704 4015 καὶ

123 4041 207 4095 τοῦ
233 4045 416 4102 Ἰσαὰκ
442 4048 538 4102 καὶ
565 4049 659 4103 τοῦ
692 4049 884 4104 Ἰακώὸ
904 4067 919 4081 ο
951 4053 1046 4106 καλ¹
1072 4052 1165 4106 ἐπὶ
1193 4053 1294 4124 μὲν
1323 4052 1418 4108 τσῦ
1452 4054 1704 4128 Ἀϐραὰμ

123 4136 176 4188 οὐ
203 4139 338 4194 κατά
379 4140 472 4194 τὸν
514 4142 730 4216 πρῶτον
763 4143 912 4217 αὐτῷ
937 4148 1318 4219 χρηματισμὸν
1351 4147 1529 4221 ὤφθη,
1563 4150 1701 4208 ἀλλά

124 4230 251 4284 κατά
276 4231 365 4287 τὸν
393 4232 642 4307 δεύτερον
689 4238 782 4291 καὶ
811 4237 955 4292 κατὰ
985 4230 1354 4311 τὸν’πέμπτον
1385 4241 1480 4294 καὶ⁵
1509 4241 1666 4297 ἕκτον
1683 4261 1696 4275 ο

124 4318 209 4373 ἐπὶ
240 4322 296 4377 δὲ
331 4325 426 4379 τοῦ
477 4326 671 4382 Ἰακὼὸ
703 4329 840 4400 μετά
875 4329 944 4384 τά
981 4331 1447 4406 ἀναγεγραμμένα
1487 4339 1694 4392 πάντα’

125 4410 193 4482 τῷ
225 4415 329 4487 γὰρ
365 4418 553 4474 Ἰσαὰκ
592 4420 674 4486 δὶς
725 4422 884 4491 μόνος
927 4426 1272 4496 χρηματίσας
1315 4429 1344 4480 6
1384 4428 1588 4500 Κύριος
1634 4429 1698 4484 τὸ

123 4501 195 4568 δὶς
223 4500 395 4578 ὦφθαι
427 4511 578 4582 αὐτῷ
604 4513 1036 4586 ἀναγέγραπται,
1071 4519 1120 4570 εί
1153 4519 1332 4573 καὶτὸ
1356 4519 1604 4593 δεύτερον
1635 4523 1696 4577 ὲν

125 4599 283 4653 νυκτί.
309 4579 580 4674 Πρόδηλον
601 4605 658 4658 δὲ
813 4579 936 4660 ’τῶν
971 4579 1114 4665 κατά
1141 4611 1234 4665 τὸν
1270 4579 1527 4684 Ἀϐραὰμ
1555 4632 1692 4687 προ-
1725 4579 1769 4634 D

125 4691 412 4760 ειρημένων
442 4696 592 4768 ἡμῖν,
615 4697 697 4749 i'm
728 4698 801 4770 μὴ
834 4700 928 4754 ἐπὶ
955 4701 1017 4755 τὸ
1051 4703 1266 4775 πρῶτον
1294 4706 1462 4759 αἴτιον
1491 4707 1692 4777 ἀναφέ-

129 4794 230 4847 ρειν
261 4785 362 4857 χρὴ
385 4785 483 4850 τὰς
508 4787 790 4854 ὀπτασίας,
835 4791 953 4845 ἀλλ’
982 4794 1076 4848 ἐπὶ
1117 4795 1208 4848 τὸν
1237 4795 1380 4850 θεῖον
1415 4797 1607 4867 Λόγον,
1631 4799 1690 4854 ὃν

126 4869 234 4924 οὐδὲ
265 4877 422 4931 αὐτόν
451 4878 648 4948 (αὐτοί)
683 4899 771 4936 πω
803 4888 1001 4955 χωρεῖν
1032 4879 1216 4940 οἷοίτε
1253 4884 1394 4959 ἦσαν
1429 4891 1477 4943 οἱ
1515 4892 1692 4961 μακά-

129 4977 221 5067 Etet
253 4969 346 5021 καὶ
383 4969 517 5023 θεῖοι
550 4972 768 5044 ἄνδρες·
804 4976 1017 5042 τούτοις
1066 4977 1196 5046 γοῦν
1243 4981 1447 5045 αὐτοῖς,
1483 4976 1564 5046 οἷς
1595 4985 1690 5036 καὶ

124 5055 287 5146 ὦφθαι
346 5064 703 5136 προείρηται,
757 5067 895 5138 μετά
954 5070 1211 5137 πλείστας
1275 5075 1695 5146 προγυμνασίας

128 5143 334 5217 ἑωρᾶτο.
368 5152 464 5218 Τίς
498 5155 563 5228 δὴ
596 5157 705 5230 (ἂν)
749 5155 841 5213 οὖν
887 5161 1046 5226 ἄλλος
1075 5165 1158 5235 εἴη
1208 5143 1372 5219 καὶ-ὁ
1415 5143 1558 5220 κατὰ
1595 5167 1694 5239 τὴν

128 5245 476 5327 προκειμένην
513 5250 818 5324 περικοπὴν
869 5253 1226 5324 συμπαλαίων
1269 5269 1364 5310 και
1399 5275 1708 5327 συναγωνι-

127 5325 333 5427 ςόμενος
375 5338 470 5390 καὶ
509 5339 746 5412 ὡσπερεὶ
788 5347 1092 5416 συμμαχῶν
1122 5347 1200 5418 τῷ
1237 5348 1452 5413 Ἰακὼϐ,
1483 5350 1514 5420 ἢ
1599 5369 1695 5405 που

130 5427 360 5516 ςιυμερῶς
407 5430 500 5483 καὶ
546 5433 898 5505 πολυτρόπως
942 5437 1056 5502 τοῖς
1103 5442 1340 5512 πατράσι
1387 5441 1625 5516 λαλήσας
1665 5445 1694 5496 6

132 5507 258 5582 ἱερὸς
285 5519 377 5574 τοῦ
409 5521 546 5577 Θεοῦ
583 5527 775 5596 Λόγος,
810 5530 967 5604 μόνος
1007 5531 1145 5597 μετά
1183 5507 1275 5586 τὸν
1315 5507 1534 5606 Πατέρα
1576 5535 1692 5591 Κύ-

194 5697 249 5769 ⁶ζ
269 5697 400 5756 Gen.
428 5717 578 5769 uxr,
613 5707 672 5763 ll

138 5762 177 5793 ⁵³
209 5765 362 5827 Hebr.
402 5788 454 5838 ι,
493 5773 544 5830 ι.

1811 3313 2119 3386 Scriptura.
2182 3312 2370 3385 Neque
2400 3313 2548 3370 enim
2576 3312 2807 3380 Adamo,
2847 3327 3026 3383 neque
3068 3310 3256 3368 Enocli
3287 3310 3388 3374 illi,

1805 3409 1902 3481 qui
1951 3408 2253 3466 translatus
2295 3416 2400 3474 est,
2458 3422 2637 3478 neque
2665 3406 2800 3470 Noe,
2843 3420 3021 3476 neque
3054 3404 3161 3476 ipsi
3214 3403 3398 3476 Moysi

1806 3501 1983 3559 fertur
1999 3501 2322 3573 apparuisse
2343 3499 2510 3568 Deus,
2537 3500 2643 3556 etsi
2662 3499 2863 3572 saepius
2885 3499 2967 3555 eis
2995 3498 3256 3554 locutum
3266 3512 3390 3555 esse

1806 3601 2059 3650 narrant.
2091 3593 2168 3650 De
2207 3593 2360 3651 nullo
2391 3593 2540 3650 enim
2569 3593 2790 3648 divinus
2822 3606 3004 3647 sermo
3051 3590 3232 3646 visum
3266 3606 3392 3647 esse

1805 3685 1982 3742 Deum
2009 3685 2200 3752 refert,
2237 3684 2347 3741 nisi
2375 3683 2444 3741 de
2495 3685 2614 3741 solo
2636 3685 2970 3748 Abrahamo,
3003 3691 3061 3739 et
3089 3681 3302 3744 lsaaco,
3333 3690 3390 3738 et

1803 3775 2031 3832 Jacobo.
2060 3777 2376 3832 Abrahamo
2409 3777 2629 3846 quidem
2663 3792 2774 3831 non
2832 3775 2890 3830 in
2937 3778 3114 3845 prima
3154 3771 3390 3832 manifeo

1807 3870 2049 3926 statione
2071 3871 2224 3926 visus
2252 3876 2359 3933 est,
2389 3867 2485 3925 sed
2519 3866 2778 3932 secunda,
2809 3867 3001 3938 quinta
3017 3873 3070 3922 et
3085 3872 3239 3923 sexta
3259 3883 3274 3931 ;
3295 3861 3390 3920 Ja-

1804 3963 1943 4019 coho
1977 3971 2160 4018 autem
2190 3962 2246 4016 in
2293 3961 2551 4018 omnibus
2581 3975 2703 4032 quae
2754 3966 3132 4016 memorantur
3145 3976 3171 4027 ;.
3195 3956 3386 4014 Isaaco

1804 4055 1890 4112 bis
1921 4063 2133 4111 tantum
2191 4053 2458 4122 Dominus
2508 4051 2920 4119 manifestatus,
2970 4052 3057 4108 bis
3099 4051 3255 4108 visus
3301 4051 3386 4108 di-

1803 4149 1969 4215 citur,
2021 4157 2076 4204 et
2107 4147 2409 4205 secundum
2443 4147 2664 4218 quidem
2693 4153 2881 4202 noctu.
2920 4143 3270 4200 Manifestum
3299 4151 3386 4197 est

1804 4242 1873 4297 iis
1895 4257 2019 4312 quae
2047 4243 2160 4311 jam
2191 4241 2258 4297 de
2287 4239 2600 4296 Ahrahamo
2651 4238 2914 4303 diximus,
2965 4235 3116 4308 quod
3147 4251 3255 4291 non
3314 4234 3386 4290 ad

1801 4337 2034 4407 primam
2087 4351 2312 4393 causam
2360 4335 2604 4391 visiones
2634 4340 2765 4390 sunt
2809 4330 3132 4396 referendae,
3188 4327 3285 4385 sed
3314 4327 3386 4383 ad

1801 4431 2048 4486 divinum
2072 4429 2336 4498 Verbum,
2376 4429 2520 4499 quod
2543 4430 2794 4498 accipere
2839 4425 3081 4482 nondum
3125 4423 3386 4478 valebant

1799 4521 1947 4576 beati
1975 4519 2258 4590 divinique
2280 4520 2552 4575 homines.
2592 4516 2690 4573 His
2716 4516 2885 4588 igitur
2914 4515 3075 4586 ipsis,
3100 4514 3306 4585 quibus
3329 4521 3386 4569 et

1798 4612 1955 4668 visus
2011 4611 2184 4667 fuisse
2217 4611 2400 4668 dictus
2442 4618 2548 4677 est,
2596 4625 2709 4664 non
2741 4611 2862 4666 sine
2891 4608 3065 4663 multa
3105 4606 3377 4662 exercita-

1800 4707 1951 4760 tione
2000 4705 2393 4776 praaparatoria
2443 4703 2828 4758 manifestatus
2881 4709 2986 4758 est.
3021 4699 3156 4766 Quis
3214 4700 3384 4770 igitur

1800 4799 1942 4852 alius
1974 4813 2096 4854 esse
2127 4805 2335 4868 posset,
2367 4797 2462 4868 qui
2485 4797 2588 4852 hoc
2637 4795 2693 4850 in
2719 4795 2840 4851 loco
2869 4794 3200 4849 colluctatur
3249 4808 3378 4847 cum

1798 4888 2004 4944 Iacobo
2032 4892 2193 4961 quasi
2227 4890 2432 4945 athleta
2458 4898 2515 4945 et
2563 4895 2856 4960 pugnator,
2885 4889 2993 4945 nisi
3026 4888 3119 4945 hic
3136 4889 3256 4960 ipse
3283 4890 3380 4960 qui

1799 4983 2080 5038 multoties
2103 4983 2392 5052 etjdiversa
2420 4984 2632 5038 ratione
2661 4984 2908 5052 patribus
2924 4984 3133 5040 nostris
3156 4984 3382 5038 locutus

1800 5084 1886 5132 est
1921 5076 1990 5141 ⁸⁸,
2055 5086 2308 5133 sanctum
2355 5076 2451 5131 Dei
2499 5075 2762 5143 Verbum,
2807 5077 2960 5133 solus
2993 5084 3119 5149 post
3163 5076 3380 5131 Patrem

1800 5169 2070 5226 Dominus
2099 5177 2158 5226 et
2195 5169 2360 5234 Deus,
2397 5171 2491 5241 qui
2513 5171 2669 5225 visus
2716 5177 2771 5225 et
2799 5167 3134 5225 benedicens
3175 5166 3381 5222 Jacoho

1799 5261 1969 5318 Israel
1987 5277 2110 5317 eum
2135 5261 2458 5326 nominavit,
2481 5261 2691 5316 addens
2717 5276 2730 5312 :
2768 5280 2792 5314 ι
2810 5260 3016 5316 Contra
3049 5258 3218 5314 Deum
3269 5257 3382 5314 for-

1800 5353 1872 5408 tis
1898 5352 2088 5408 fuisti?
2114 5371 2132 5404 ι
2167 5351 2245 5408 Eo
2275 5360 2457 5408 autem
2488 5351 2653 5407 modo
2683 5350 2944 5406 videbant
2992 5349 3165 5405 divini
3195 5349 3378 5404 nomi-

1799 5461 1900 5501 nes
1925 5445 2020 5501 Dei
2048 5443 2312 5510 V-erbum,
2337 5461 2446 5516 quo
2498 5451 2552 5499 et
2581 5442 2882 5500 Salvatoris
2913 5443 3089 5501 nostri
3119 5441 3376 5513 apostoli,

1799 5537 2083 5593 dicentes:
2129 5557 2147 5589 ι
2185 5537 2344 5603 Quod
2382 5536 2483 5592 fuit
2509 5536 2578 5592 ab
2612 5535 2792 5603 initio,
2842 5535 2990 5608 quod
3038 5533 3374 5599 audivimus,

778 5709 823 5742 ”
865 5710 993 5766 ibid.
1070 5711 1152 5768 15.
1233 5715 1285 5747 “‘
1317 5715 1451 5772 Gen.
1518 5730 1701 5782 xxx",

1877 5717 1923 5749 ⁶⁸
1960 5715 2092 5774 ibid.
2125 5717 2216 5774 28.
2295 5717 2340 5750 ⁶⁶
2378 5715 2513 5773 Gen.
2545 5731 2710 5783 xxxv,
2755 5717 2801 5774 i.
2881 5718 2924 5751 "
2964 5716 3104 5774 Gen.
3132 5727 3282 5780 XLVI,
3316 5711 3374 5767 δι
