3840 6222
137 344 275 403 ίοιῦ
301 357 312 402 3

1166 331 1463 390 ECLOGIE
1505 324 1991 388 PBOPHETICIE.
2025 361 2091 371 -—
2134 326 2264 384 LIB.
2309 327 2362 382 Ῐ.Δ

3269 301 3414 365 1946

136 460 194 514 δὲ
227 459 322 513 καὶ
349 457 428 520 ὡς
463 475 483 508 ι
525 456 764 527 σκύμνος
801 455 1011 519 λέοντος
1045 474 1062 506 ι
1095 453 1330 524 εἴρηται,
1358 451 1465 503 εἴτε
1507 449 1596 504 διὰ
1632 449 1729 518 τὴν

1843 446 2158 510 ascendisti,
2201 465 2219 498 ι
2273 443 2342 497 ab
2388 437 2594 496 Iacobo
2635 435 2852 491 dicitur.
2922 426 3412 486 Verumenimvero

139 549 291 612 κατὰ,
307 549 494 621 σάρκα
519 548 733 618 γένεσιν
763 548 828 601 ἐκ
855 546 1138 618 βασιλικῆς
1164 544 1354 614 φυλῆς,
1399 542 1493 596 καὶ
1518 542 1613 612 τῆς
1637 538 1733 592 τοῦ

137 641 294 696 Δαυῖδ
341 641 526 712 ῥίζης,
568 659 586 691 ι
622 640 716 694 καὶ
756 642 813 692 ἐν
874 635 1179 710 ὁμοιώματι
1223 634 1421 706 σαρκὸς
1462 633 1733 704 ἁμαρτίας

139 731 550 804 γεγενημένην·
587 749 606 782 ι
643 731 751 784 εἴτε
786 728 874 784 διὰ
906 731 1007 800 τήν
1045 727 1293 796 θεότητα,
1320 719 1614 797 ἦςέαυτὸν
1643 741 1734 776 κε-

138 825 308 887 νώσας
344 821 777 895 ἐνηνθρώπισεν,
803 821 868 874 δι’
910 820 976 892 ἣν
1009 816 1278 888 εὐκαίρως
1315 816 1408 868 καὶ⁹
1446 814 1528 878 τὸ,
1575 832 1592 865 ι
1640 813 1738 866 Ἐκ

142 907 388 986 βλαστοῦ,
436 913 526 966 υἱέ
579 930 701 984 μου,
741 911 961 983 ἀνέϐης,
999 930 1017 962 ι
1045 909 1150 962 ὑπὸ
1171 907 1265 961 τοῦ
1304 904 1498 961 Ἰακὼὸ
1536 906 1738 960 ἀναπε-

141 1002 563 1075 φώνηται.⁰οτε
605 1004 704 1073 μὲν
745 1001 836 1056 οὗν
860 1003 960 1073 τὴν
1001 1005 1066 1055 ἐκ
1093 999 1320 1071 βλαστοῦ
1357 999 1452 1052 καὶ
1477 999 1540 1052 ἐκ
1582 997 1736 1070 ῥίζης

141 1096 300 1151 αὑτοῦ
330 1096 552 1166 γένεσιν
583 1095 770 1166 ἐδήλου
813 1092 910 1147 τοῦ
946 1086 1218 1165 Σωτῆρος,
1253 1112 1272 1144 ι
1314 1090 1551 1162 σκύμνον
1585 1089 1734 1142 λέον-

139 1205 224 1250 τος
271 1205 291 1239 ι
328 1185 500 1240 αὐτὸν
556 1185 874 1256 ὠνόμασεν,
914 1181 1082 1237 εἰπὼν
1107 1221 1123 1248 ,
1155 1201 1174 1234 ι
1223 1181 1467 1252 Σκύμνος
1524 1178 1737 1241 λέοντος

155 1277 344 1332 Ἰούδαο
391 1277 458 1330 ἐκ
517 1275 772 1347 βλαστοῦ,
810 1275 894 1327 υἱέ
945 1291 1066 1346 μου,
1093 1272 1321 1342 ἁνέϐης·
1359 1290 1378 1324 ι
1406 1272 1494 1326 ὅτε
1533 1269 1590 1323 δὲ
1637 1267 1736 1340 τὴν

143 1368 436 1439 ἁνάϐλησιν
483 1368 583 1421 καὶ
624 1367 724 1438 τὴν
771 1365 914 1420 κατὰ
963 1365 1024 1419 τὸ
1062 1363 1233 1428 πάθος
1278 1363 1440 1416 αὑτοῦ
1481 1361 1736 1433 κοίμησιν

146 1458 495 1532 προφητεύει,
525 1458 813 1530 ἀμφότερα
841 1455 1004 1512 αὐτόν
1025 1473 1157 1528 φησι
1189 1455 1283 1509 καὶ
1306 1453 1381 1518 ὡς
1405 1453 1596 1507 λέοντα
1637 1454 1734 1506 καὶ

141 1551 212 1616 ὡς
243 1550 482 1622 σκύμνον
527 1552 588 1605 ἐν
623 1549 721 1621 τῷ,
754 1569 772 1602 ι
817 1546 1126 1602 Ἀναπεσὼν
1171 1545 1434 1618 ἐκοιμήθη
1475 1546 1549 1609 ὡς
1585 1543 1722 1598 λέων

146 1643 236 1697 καὶ
257 1643 332 1707 ὡς
358 1642 639 1713 σκύμνος·
674 1661 694 1694 ι
722 1640 843 1696 τότε
875 1639 982 1712 γὰρ
1009 1639 1069 1693 ού
1099 1637 1257 1709 μόνον
1299 1637 1374 1700 ῶς
1419 1638 1484 1689 ἐκ
1524 1634 1728 1706 βασιλι-

145 1732 238 1788 κοῦ
267 1733 559 1804 τυγχάνων
586 1732 794 1801 γένους,
839 1730 973 1784 ἁλλὰ
1009 1730 1103 1783 καὶ
1147 1729 1222 1792 ὡς
1266 1728 1427 1791 αὐτὸς
1477 1725 1729 1796 βασιλεὺς

1839 554 1963 594 cum
1996 536 2214 609 quidem
2249 550 2280 590 e
2311 547 2522 605 gemma
2552 537 2607 586 et
2635 545 2666 584 e
2707 526 2894 581 radice
2914 521 3036 593 ejus
3069 520 3408 576 nativitatem

1839 625 2154 682 ostenderet
2185 621 2505 685 Salvatoris,
2550 639 2567 672 ι
2605 617 2845 673 catulum
2891 612 3068 670 leonis
3103 631 3121 664 ι
3154 624 3290 666 eum.
3312 624 3410 662 no-

1839 719 2086 783 minavit,
2119 717 2305 772 dicens
2334 736 2347 770 :
2393 733 2412 766 c
2447 710 2673 782 Catulus
2701 708 2877 765 leonis
2902 704 3041 761 Juda
3073 723 3085 758 :
3118 719 3150 758 e
3175 716 3409 775 gemma,

1840 811 1916 864 ﬁli
1960 809 2055 874 mi,
2105 805 2432 871 ascendisti;
2467 825 2485 856 ι
2517 816 2643 857 cum
2686 815 2817 855 vero
2846 804 2900 853 et
2939 793 3326 852 exaltationem
3359 798 3414 843 et

1839 899 2114 970 passionis
2147 912 2260 953 suae
2287 895 2672 952 dormitionem
2693 888 3034 962 prophetizat
3056 925 3069 951 ,
3099 882 3263 940 simul
3287 895 3413 936 eum

1840 991 1972 1045 dicit
1995 997 2051 1046 et
2081 987 2239 1059 quasi
2272 988 2482 1042 leonem
2512 991 2566 1038 et
2605 978 2762 1052 quasi
2811 977 3050 1032 catulum
3087 991 3144 1029 τι
3180 970 3416 1040 Requie-

1841 1096 2005 1137 scens
2036 1077 2339 1134 accubuisti
2365 1082 2423 1130 ut
2442 1075 2527 1130 leo
2548 1080 2602 1129 et
2631 1079 2691 1126 ut
2721 1069 2896 1126 leonis
2925 1067 3140 1123 catulus
3175 1083 3188 1118 :
3229 1083 3248 1116 ι
3283 1069 3414 1143 tunc

1840 1173 1986 1230 enim
2007 1211 2024 1238 ,
2074 1185 2185 1226 non
2218 1174 2428 1222 tantum
2473 1173 2531 1219 ut
2578 1162 2728 1234 regio
2768 1167 2924 1216 ortus
2957 1171 3189 1228 genere,
3225 1152 3320 1208 sed
3354 1157 3413 1204 ut

1840 1265 1960 1336 ipse
1990 1278 2092 1318 rex
2131 1261 2310 1318 elatus
2339 1265 2455 1324 est;
2507 1251 2932 1327 agnoscentibus
2963 1264 3086 1305 eum
3137 1244 3409 1317 gentibus,

1841 1357 1949 1412 etsi
1976 1355 2270 1410 noluerunt
2297 1349 2492 1413 Judaei,
2523 1347 2681 1419 quasi
2711 1346 2828 1416 ipse
2870 1359 2967 1399 rex
2997 1341 3190 1396 fuisset
3209 1335 3406 1397 .lsrael.

1841 1448 2107 1504 Caeterum
2136 1451 2190 1500 et
2209 1444 2391 1498 dicere
2413 1455 2698 1512 possemus
2720 1439 2792 1502 ei,
2815 1432 3254 1508 quandoquidem
3279 1445 3412 1484 con-

1841 1543 1927 1590 tra
1971 1539 2268 1605 potestates
2301 1531 2557 1587 adversas
2602 1527 2802 1584 bellum
2853 1524 3102 1588 tulisset,
3155 1529 3211 1576 et
3259 1534 3412 1574 ever-

1842 1633 1960 1681 tere
1987 1632 2206 1696 pararet
2233 1624 2425 1678 mortis
2454 1620 2753 1694 potentiam
2785 1616 3075 1672 habentem
3095 1613 3164 1679 ⁷⁸,
3202 1612 3414 1668 scilicet

1843 1717 2145 1780 diabolum,
2178 1731 2405 1772 necesse
2457 1721 2574 1770 erat
2623 1711 2816 1768 adesse
2844 1725 2875 1765 e
2903 1707 3087 1763 radice
3105 1704 3294 1760 Jacobi
3327 1718 3415 1758 se—

145 1822 217 1877 ὣν
258 1795 511 1894 ἀνύφιυτο
531 1840 546 1855 ο
584 1795 986 1896 όμολογούντων
1019 1821 1182 1877 αὐτὸν
1205 1820 1314 1873 τῶν
1338 1795 1526 1884 ἐθνῶν,
1560 1820 1608 1870 εἰ
1639 1819 1732 1871 καὶ

1843 1810 2078 1865 cundum
2127 1823 2351 1863 carnem
2393 1813 2523 1861 nato
2556 1803 2722 1860 Verbi
2766 1800 3045 1857 deitatem.
3100 1797 3268 1852 Leoni
3298 1795 3416 1865 qui-

149 1914 222 1987 μὴ
242 1916 291 1969 οι
314 1917 378 1970 ἐκ
403 1915 710 1987 περιτομῆς
737 1915 951 1987 ήθελον,
977 1915 1052 1978 ὡς
1077 1914 1185 1985 ἄρα
1215 1911 1376 1976 αὐτὸς
1401 1910 1487 1982 εἴη
1519 1913 1547 1962 ὁ
1577 1909 1732 1979 βασιρ

147 2005 264 2070 λεῦς
289 2007 383 2060 τοῦ
423 2007 674 2079 Ἰσραήλο
711 2008 805 2061 καὶ
855 2007 1030 2070 άλλως
1078 2005 1135 2058 δέ
1181 2003 1371 2076 ῥηθείη
1412 2003 1500 2066 ἂν,
1547 2000 1733 2071 ἐπειδὴ

151 2089 278 2168 πῶς
310 2098 694 2170 ἀντικειμένας
736 2097 995 2168 δυνάμεις
1045 2096 1316 2167 αἱρομένῳ
1362 2093 1595 2163 πόλεμον
1633 2095 1729 2146 καὶ

149 2189 431 2244 καταλύειν
464 2191 714 2261 μέλλοντι
753 2190 844 2243 τὸν
879 2188 940 2242 τὸ
977 2189 1175 2260 κράτος
1206 2187 1396 2258 έχοντα
1443 2184 1536 2238 τοῦ
1579 2183 1735 2236 θανά-

151 2299 256 2344 του,
284 2282 531 2338 τουτέστι
566 2283 654 2336 τὸν
678 2281 942 2347 διάϐολον,
985 2281 1092 2334 ἔδει
1128 2281 1382 2351 παρεῖναι
1409 2276 1488 2346 τῷ
1515 2278 1579 2328 ἐκ
1605 2274 1733 2345 βλα-

1841 1901 1964 1956 dem
1995 1898 2191 1954 merito
2220 1897 2398 1953 deitas
2427 1893 2796 1958 assimilatur,
2841 1899 2900 1946 ut
2926 1891 3018 1963 qui
3051 1890 3195 1946 feras
3224 1902 3412 1942 omnes

1837 1990 2239 2060 indomitasque
2291 1994 2590 2059 potestates
2637 1983 2915 2055 superavit
2962 1990 3125 2052 atque
3170 1979 3409 2043 devicit;

1837 2081 2014 2136 leonis
2047 2087 2228 2135 autem
2254 2078 2435 2134 catulo
2454 2117 2469 2144 ,
2501 2083 2560 2132 ut
2588 2077 2682 2147 qui
2721 2089 2942 2130 carnem
2975 2073 3183 2141 accepit
3209 2086 3240 2125 e
3263 2070 3412 2138 regia

1836 2175 1990 2231 Juda:
2015 2173 2166 2228 tribu
2201 2179 2384 2227 natus.
2445 2169 2514 2224 At
2541 2168 2585 2224 si
2613 2168 2829 2239 quidem
2864 2163 3209 2219 adversarius
3231 2169 3416 2214 noslcr

1837 2263 2089 2319 diabolus
2115 2269 2200 2317 est
2228 2262 2389 2333 quasi
2419 2260 2505 2316 leo
2529 2257 2809 2330 rugiens"
2827 2299 2842 2325 ,
2879 2255 3248 2310 animadverte
3269 2253 3411 2323 quod

156 2371 273 2425 στοῦ
309 2374 505 2427 Ἰακὼϐ
556 2373 697 2428 κατὰ
738 2374 917 2444 σάρκα
961 2346 1310 2442 γεγενημένῳ
1356 2369 1454 2440 τὴν
1505 2367 1734 2434 θεότητα

1843 2356 1957 2428 ejus
2009 2355 2225 2410 catulus
2279 2353 2460 2408 omnis
2519 2351 2734 2406 dicatur
2803 2356 3097 2420 peccator,
3155 2346 3414 2416 quoniam

151 2462 239 2516 τοῦ
263 2465 435 2533 Λόγου
457 2483 471 2497 ·
513 2466 739 2528 εἰκότως
766 2437 937 2519 λέοντι
1095 2465 1129 2534 ή
1147 2437 1363 2532 -.θεότης
1388 2437 1734 2530 παραδέδλη-

1845 2466 1863 2499 ι
1896 2446 2075 2501 omnis
2123 2446 2217 2517 qui
2268 2443 2404 2498 facit
2447 2449 2732 2523 peccatum
2780 2456 2844 2496 ex
2889 2439 3106 2494 diabolo
3158 2443 3242 2493 est
3284 2437 3352 2489 ⁷⁸.
3392 2454 3410 2486 ι

152 2570 232 2608 ται
266 2554 353 2609 διὰ
388 2556 450 2618 τὸ
494 2556 851 2627 κεχειρῶσθαι
891 2557 985 2609 καὶ
1028 2553 1368 2626 νενικηκέναι
1415 2550 1594 2612 πάσας
1636 2547 1734 2612 τὰς

1843 2536 1977 2592 Cum
2023 2536 2191 2607 igitur
2233 2542 2287 2590 et
2329 2533 2582 2588 Salvator
2641 2549 2659 2583 ι
2691 2531 2748 2584 in
2791 2528 3201 2586 similitudinem
3231 2523 3416 2580 carnis

155 2645 344 2714 ἀγρίας
371 2647 469 2700 καὶ
495 2619 787 2711 ἀτιθάσους
829 2647 1084 2717 δυνάμεις
1103 2663 1116 2676 ·
1162 2619 1384 2714 σκύμνῳ
1408 2641 1464 2694 δὲ
1505 2639 1734 2706 λέοντος,

1843 2629 2048 2702 peccati
2077 2628 2227 2682 venit
2254 2635 2308 2682 et
2333 2624 2511 2680 factus
2540 2631 2626 2679 est
2659 2637 2756 2694 pro
2784 2622 2943 2677 nobis
2969 2620 3244 2691 piaculum
3274 2619 3358 2684 '";
3391 2635 3410 2670 ι

155 2732 181 2785 ὃ
201 2709 478 2810 -άνειλήφέι
511 2739 732 2810 σαρκίον
759 2709 823 2793 ἐκ
846 2739 946 2809 τῆς
965 2709 1060 2791 τοῦ
1098 2709 1282 2789 Ἰούδα*
1298 2709 1580 2805 βασιλικῆς
1604 2748 1734 2798 τυγ-

1843 2726 1895 2774 et
1932 2738 1951 2771 ‹
1986 2735 2112 2774 eum
2160 2717 2254 2788 qui
2302 2731 2414 2772 non
2460 2722 2688 2771 noverat
2738 2720 3048 2784 peccatum,
3106 2725 3205 2782 pro
3256 2709 3417 2765 nobis

156 2825 322 2893 Χάνων
348 2803 528 2901 φυλῆς
544 2849 558 2861 ’
587 2803 730 2885 ’ἀλλὰ
755 2832 850 2884 καὶ
878 2803 1036 2901 είπερ
1081 2831 1108 2882 δ
1153 2803 1420 2889 ἀντίδικος
1443 2823 1600 2895 ἡμῶν
1625 2821 1734 2875 διά-

1843 2819 2124 2881 peccatum
2170 2807 2387 2875 fecit",
2424 2827 2444 2860 ι
2504 2807 2717 2862 attende
2779 2804 2926 2876 quod
2982 2818 3106 2860 eam
3147 2803 3216 2857 ob
3280 2816 3416 2856 cau-

157 2915 300 2982 GoXog
336 2895 412 2985 ῶς
445 2895 586 2976 λέων
615 2924 760 2976 ἐστὶν
790 2921 859 2990 (f.
892 2922 980 2990 15)
1005 2895 1344 2992 *ὠρυόμενος,
1372 2917 1472 2988 ὅρα
1509 2915 1584 2985 μὴ
1614 2912 1730 2966 τού-

1843 2918 1957 2959 sam
2019 2901 2319 2958 secundum
2368 2899 2640 2971 quoddam
2715 2896 3110 2968 significantius
3182 2895 3411 2950 verbum

159 3024 243 3060 του
273 3011 512 3084 σκύμνος
548 3017 655 3079 πᾶς
701 3015 765 3069 ἂν
791 2986 1004 3084 λεχθείη
1036 2986 1378 3084 ἁμαρτωλὸς,
1406 2986 1548 3060 ἐπεὶ
1580 3025 1598 3056 ‹
1631 3006 1734 3068 πᾶς

1843 3009 1950 3050 non
1985 2995 2196 3049 leonem
2238 3008 2414 3063 neque
2448 2991 2716 3056 catulum,
2770 2988 2864 3044 sed
2908 2986 3066 3058 quasi
3105 2987 3315 3041 leonem
3361 2995 3427 3040 et-

159 3099 188 3152 ὁ
217 3079 389 3157 ποιῶν-
403 3105 505 3176 τὴν
531 3107 806 3178 ἁμαρτίαν
934 3079 1027 3157 τοῦ
1061 3079 1305 3156 διαϐόλου
1337 3099 1678 3170 γεγέννηται.
1714 3115 1732 3148 ι

1843 3087 2084 3142 catulum
2138 3100 2264 3140 eum
2312 3084 2517 3139 factum
2571 3097 2692 3137 esse
2740 3080 2796 3135 in
2845 3079 3119 3151 passionis
3171 3085 3418 3146 tempore

171 3190 312 3246 Ἐπεὶ
336 3193 430 3250 οῦν
458 3171 605 3251 iam
630 3171 820 3271 έωτὴρ
852 3216 870 3248 ι
902 3199 958 3251 ὲν
987 3195 1293 3267 ὁμοιώματι
1336 3190 1536 3262 σαρκὸς
1563 3191 1734 3260 ἀμαρ-

1844 3177 2128 3251 prophetia
2179 3177 2452 3242 declarat;
2503 3189 2628 3229 cum
2672 3180 2726 3227 et
2771 3172 2886 3242 ipse
2916 3171 3226 3241 passiOnem
3260 3183 3418 3224 suam

161 3279 272 3346 τίας
315 3285 562 3359 ἐλήλυθε,
595 3308 613 3339 ›
647 3258 806 3340 καίο
840 3258 1063 3356 Γέγονεν
1102 3258 1243 3356 ὑπὲρ
1265 3258 1423 3355 ήμῶν
1452 3258 1663 3352 κατάρα
1677 3258 1695 3309 ⁸-
1715 3299 1733 3331 ι

1844 3270 2114 3342 serpentis
2140 3268 2410 3326 assimilat
2437 3264 2682 3338 passioni
2711 3263 2900 3319 dicens
2926 3282 2939 3317 :
2974 3281 2992 3314 ι
3016 3261 3082 3316 Et
3108 3261 3250 3316 sicut
3266 3258 3418 3330 Moy-

164 3371 266 3425 καί·
294 3395 311 3428 ‹
337 3352 427 3450 Mi)
451 3380 648 3448 γνόντα
669 3379 829 3433 αὑτὸν
854 3352 1123 3450 ἁμαρτίαν
1141 3352 1452 3448 ὺπέρ-ήμῶν
1468 3371 1734 3443 ἁμαρτίαν

1844 3379 1933 3421 ses
1973 3361 2235 3420 exaltavit
2293 3365 2602 3430 serpentem
2655 3357 2713 3411 in
2763 3356 3000 3420 deserto,
3057 3353 3136 3408 ita
3186 3352 3418 3408 exaltari

166 3462 434 3538 ἐποίησενο
483 3492 501 3522 ι
526 3473 629 3542 ὅρα
673 3471 746 3542 μὴ
773 3471 976 3524 τούτων
1010 3471 1194 3523 ἕνεκεν
1244 3466 1386 3520 κατά
1419 3481 1542 3518 τινα
1575 3460 1740 3533 βαθύ-

165 3568 308 3626 τερον
353 3560 511 3630 λόγον
561 3561 683 3615 οὗτε
746 3563 933 3615 λέοντα
984 3559 1107 3615 οὔτε
1170 3557 1406 3628 σκύμνον
1430 3595 1446 3620 ,
1498 3553 1612 3608 ἀλλ’
1661 3552 1736 3615 ὡς

166 3641 343 3703 λέοντα
386 3653 483 3707 καὶ
531 3654 769 3725 σκύμνον
808 3654 1086 3722 γεγονέναι
1127 3651 1283 3706 αὐτὸν
1332 3645 1482 3720 παρὰ
1515 3646 1606 3699 τὸν
1646 3644 1739 3698 τοῦ

167 3737 358 3806 πάθους
387 3745 577 3817 καιρὸν
606 3748 639 3817 ή
668 3745 972 3817 προφητεία
997 3743 1274 3807 θεσπίζει·
1309 3741 1430 3794 ἐπεὶ
1456 3739 1547 3792 καὶ
1581 3736 1740 3799 αὐτὸς

167 3827 224 3882 τὸ
261 3833 448 3890 ἑαυτοῦ
485 3837 656 3902 πάθος
692 3837 770 3908 τῷ
811 3837 906 3890 τοῦ
953 3835 1126 3905 ὄφεως
1171 3831 1506 3906 παραϐάλλει
1539 3828 1734 3897 λέγων’

1846 3462 2068 3526 oportet
2109 3453 2305 3508 Filium
2365 3451 2602 3506 hominis
2636 3448 2702 3504 7°.
2741 3468 2770 3501 r~
2818 3447 2948 3503 Dein
2985 3446 3146 3502 tacite
3171 3458 3420 3501 resurre-

1849 3544 2048 3600 ctionis
2078 3543 2198 3614 ejus
2227 3541 2548 3614 mysterium
2590 3541 2789 3610 innuit,
2839 3540 2924 3596 his
2957 3539 3139 3595 verbis
3173 3557 3186 3593 :
3228 3557 3246 3589 ι
3285 3535 3419 3603 Quis

1847 3635 2312 3695 suscitabiteum?
2349 3654 2368 3687 ι
2404 3635 2662 3705 Apertum
2694 3643 2778 3691 est
2809 3634 2966 3689 nobis
3008 3647 3038 3686 e
3062 3631 3418 3688 conclusione

1847 3732 1972 3803 quis
2006 3731 2238 3786 suscitet
2269 3727 2456 3786 Iesum
2488 3727 2778 3784 Dominum
2808 3734 3058 3782 nostrum
3089 3740 3119 3778 a
3146 3723 3375 3779 mortuis
3400 3761 3415 3787 ,

1845 3824 1990 3879 Deus
2021 3823 2226 3880 scilicet
2260 3829 2312 3877 et
2348 3821 2508 3877 Pater
2539 3821 2676 3889 ejus.

172 3938 191 3971 α
219 3922 417 3998 Ὥσπερ
442 3930 679 4001 Μωῦοῆς
727 3929 906 3997 ύψωσε
937 3928 1026 3982 τὸν
1059 3927 1180 3996 ὅφιν
1206 3925 1263 3976 ἐν
1311 3926 1376 3995 τῇ
1407 3923 1617 3995 ἐρήμῳ,
1642 3919 1811 3982 οὕτως
1849 3916 2127 3988 ὑψωθῆναι
2155 3915 2233 3969 δεῖ
2263 3915 2352 3969 τὸν
2377 3915 2504 3968 Υἱδν
2528 3915 2622 3967 τοῦ
2654 3911 2958 3985 ἀνθρώπου.
2997 3930 3016 3964 ι
3056 3911 3177 3970 Ἐπὶ
3209 3910 3419 3964 τούτοις

171 4024 579 4095 σεσιωπημένως
617 4024 677 4077 τὸ
707 4023 847 4077 κατὰ
906 4023 1004 4096 τὴν
1043 4022 1334 4076 ἀνάστασιν
1373 4018 1535 4072 αὐτοῦ
1585 4016 1878 4087 μυστήριον
1913 4012 2278 4065 ὑπαινίττεται
2311 4008 2399 4064 διὰ
2433 4007 2548 4074 τοῦ,
2582 4027 2600 4058 ι
2631 4006 2728 4069 Τίς
2759 4006 2938 4078 ἐγερεῖ
2961 4003 3155 4070 αύτόν;
3190 4023 3207 4055 ›
3241 4003 3418 4071 Σαφὲς

168 4108 349 4184 δ’ἡμῖν
376 4119 440 4172 ἐκ
464 4117 557 4173 τοῦ
621 4119 1082 4191 συμπεράσματος
1131 4117 1320 4194 γέγονε
1381 4115 1464 4178 τίς
1520 4115 1737 4185 ήγειρεν
1787 4108 1992 4182 Ἰησοῦν
2041 4108 2130 4162 τὸν
2173 4107 2376 4178 Κύριον
2406 4104 2560 4177 ἡμῶν
2590 4107 2652 4158 ἐκ
2687 4101 2922 4174 νεκρῶν·
2951 4101 3106 4172 δῆλον
3136 4095 3241 4170 γὰρ
3280 4099 3361 4152 ὅτι
3385 4095 3414 4146 ὁ

169 4204 290 4272 Θεὸς
310 4212 399 4266 καὶ
431 4213 619 4285 Πατὴρ
645 4213 831 4266 αὑτοῦ.

247 4301 394 4375 Ἑξῆς
445 4306 501 4360 δὲ
550 4306 764 4376 λέγεται
829 4305 898 4360 τὰ
947 4306 1054 4360 ἀπὸ
1103 4305 1197 4359 τοῦ
1225 4323 1237 4336 ο
1281 4324 1301 4357 ι
1338 4305 1451 4358 Οὐκ
1499 4301 1736 4371 ἐκλείψει

172 4389 340 4462 ἄρχων
385 4399 447 4464 ἐξ
500 4399 690 4468 Ἰούδα,
740 4400 863 4453 ούδέ
914 4398 1213 4470 ἡγούμενος
1263 4399 1328 4451 ἐκ
1381 4396 1486 4451 τῶν
1543 4395 1731 4467 μηρῶν

174 4482 356 4539 αὑτοῦ·
405 4509 424 4541 ι
475 4490 618 4563 άπερ
670 4493 718 4544 εἰ
770 4491 868 4562 μὲν
915 4489 973 4557 ἐξ
1029 4491 1220 4563 ἐτέρας
1270 4488 1734 4558 ἀναγινώσκοιμεν

175 4571 364 4647 ἀρχῆς,
405 4581 614 4650 λέγοιτο
666 4581 732 4635 ἂν
774 4582 849 4644 ὼς
901 4581 1029 4651 περὶ
1076 4581 1328 4636 ἁπάντων
1371 4579 1478 4632 τῶν
1523 4581 1588 4632 ἐκ
1638 4577 1743 4632 τοῦ.

189 4667 440 4729 Ἰουδαίων
469 4677 657 4745 γένους
702 4675 1169 4747 καθηγησαμένων
1197 4675 1291 4727 τοῦ
1323 4672 1475 4736 λαοῦ,
1523 4672 1616 4726 καὶ
1646 4670 1729 4742 εἴη

1918 4289 2120 4348 Deinde
2169 4288 2370 4344 dicitur
2421 4305 2435 4341 :
2491 4305 2509 4338 ‹
2540 4284 2659 4341 Non
2707 4284 2987 4341 auferetur
3033 4292 3310 4356 sceptrum
3350 4287 3418 4342 de

1838 4385 1998 4445 .luda,
2035 4389 2088 4436 et
2120 4379 2231 4434 dux
2261 4378 2328 4433 de
2361 4376 2568 4433 femore
2600 4377 2741 4447 ejus.
2773 4396 2794 4430 ι
2834 4376 2965 4443 Quae
3016 4376 3234 4448 quidem
3274 4378 3321 4433 si
3351 4377 3418 4432 de

1841 4477 1948 4530 alio
2000 4475 2421 4543 interpretemur
2476 4477 2731 4540 sceptro,
2781 4467 3095 4524 dicerentur
3140 4469 3298 4540 quasi
3349 4469 3418 4524 de

1841 4567 2097 4624 omnibus
2129 4565 2223 4636 qui
2264 4580 2328 4620 ex
2369 4563 2680 4618 .ludaeorum
2709 4577 2904 4634 genere
2931 4561 3186 4632 populum
3215 4562 3416 4631 guber-

1839 4665 2061 4725 narunt,
2093 4658 2330 4726 talisque
2383 4662 2532 4711 esset
2581 4654 2880 4711 secundum
2924 4653 3065 4708 hanc
3095 4653 3417 4721 interpreta-

175 4757 237 4812 ἂν
262 4767 371 4818 κατ’
393 4768 561 4838 αὐτὴν
591 4769 689 4840 τὴν
715 4745 951 4821 διάνοιαν
1031 4767 1138 4820 τῶν
1159 4766 1532 4838 προκειμένων
1556 4761 1733 4834 ῥητῶν

1843 4750 2040 4804 tionem
2066 4749 2296 4818 hujusce
2324 4747 2427 4802 loci
2459 4761 2654 4802 sensus
2683 4763 2698 4799 :
2731 4745 2849 4799 Non
2881 4745 3035 4815 prius
3063 4745 3359 4800 cessabunt
3386 4759 3418 4798 e

180 4851 294 4918 νοῦς
321 4858 522 4912 τοιόσδε
551 4875 632 4922 τις
654 4877 666 4888 ·
697 4858 758 4911 οὐ
794 4858 1054 4930 πρότερον
1087 4857 1385 4911 παύσονται
1429 4859 1478 4910 οἱ
1505 4853 1565 4920 ἐξ
1604 4856 1737 4908 Ἰου-

180 4940 330 5000 δαίων
349 4951 604 5022 άρχοντες
637 4953 730 5004 καὶ
757 4950 1047 5022 ἡγούμενοι
1071 4951 1163 5002 ἐπὶ
1188 4950 1278 5003 τὸν
1319 4948 1583 5006 Ἰουδαίων
1610 4947 1738 5002 λαὸν

182 5035 568 5113 καθιστάμενοι,
589 5043 692 5105 ἕως
711 5042 776 5095 ἂν
796 5041 920 5112 ἔλθῃ
946 5043 973 5094 ό
991 5041 1090 5112 τῆς
1110 5041 1217 5094 τῶν
1233 5040 1399 5096 ἐθνῶν
1417 5039 1740 5111 προσδοκίας

182 5125 357 5195 αἴτιος,
374 5132 516 5186 τοῦτ’
541 5132 684 5185 ἔστιν
707 5134 735 5184 ό
751 5131 1000 5203 Χριστὸς,
1020 5125 1080 5185 οὗ
1103 5129 1541 5202 παραγενομένου
1567 5128 1740 5181 ἐκλεί-

182 5208 292 5275 ιἕειν
339 5219 549 5291 ἀνάγκη
580 5221 706 5283 τοὺς
751 5218 1201 5290 προειρημένους,
1243 5218 1456 5272 Τούτων
1499 5218 1541 5271 δ’
1568 5218 1739 5282 οὕτως

184 5301 416 5377 ἔῑχόντων,
439 5310 860 5382 ἐπισκεψώμεθα
891 5312 1016 5376 τοὺς
1050 5311 1167 5365 καθ’
1191 5315 1336 5383 ἡμᾶς
1361 5313 1602 5385 χρόνους,
1624 5311 1740 5382 εἴγε

184 5393 267 5449 νῦν
296 5400 524 5470 βασιλεῖς
552 5406 646 5456 καὶ
677 5404 1007 5474 ἡγουμένους
1029 5403 1173 5457 ἔστιν
1206 5405 1406 5476 εὑρεῖν.
1441 5403 1598 5458 Ἀλλὰ
1629 5404 1737 5478 γὰρ

188 5489 306 5543 πᾶσι
331 5494 587 5566 πρόδηλον
612 5495 686 5558 ὡς
716 5495 852 5566 μετὰ
873 5494 980 5547 τῶν
1012 5493 1213 5549 λοιπῶν
1243 5496 1336 5549 καὶ
1363 5496 1426 5550 τὸ
1464 5494 1732 5549 Ἰουδαίων

188 5569 320 5642 ἔθνθς
369 5585 479 5646 τοῖς
522 5583 902 5656 κατεπαρχιῶν
935 5582 1081 5655 (κατ’
1110 5586 1404 5657 ἐπαρχίας)
1451 5585 1732 5656 Ῥωμαίων

1843 4840 2045 4896 Judaeis
2074 4840 2262 4904 duces,
2313 4838 2695 4910 principesque
2722 4852 2886 4906 super
2903 4833 3212 4890 Iudaeorum
3241 4849 3416 4904 popu-

1845 4939 1958 4993 lum
1985 4936 2305 5002 constituti,
2335 4951 2500 5006 quam
2525 4934 2704 4991 veniat
2727 4933 2965 5004 gentium
2994 4932 3417 5002 exspectationis

1844 5048 2031 5097 causa,
2067 5031 2120 5086 id
2157 5037 2275 5095 est,
2307 5029 2591 5091 Christus,
2631 5026 2789 5097 cujus
2818 5034 2942 5096 post
2982 5024 3273 5078 adventum
3322 5039 3418 5077 nc-

1845 5140 2000 5180 cesse
2028 5132 2112 5179 est
2146 5123 2530 5177 auctoritatem
2561 5118 2892 5188 relinquant.
2946 5115 3076 5183 Qua:
3103 5129 3225 5170 cum
3252 5115 3326 5167 ita
3356 5130 3416 5169 se

1847 5216 2114 5278 habeant,
2148 5223 2393 5284 tempora
2433 5218 2622 5266 nostra
2652 5217 2857 5266 attente
2885 5209 3314 5281 perspiciamus,
3345 5221 3415 5261 an

1847 5307 2014 5364 duces
2037 5320 2301 5376 regesque
2325 5319 2471 5358 nunc
2510 5303 2748 5374 reperire
2786 5303 2876 5358 sit.
2932 5299 3132 5356 Verum
3160 5300 3414 5356 omnibus

1844 5405 2080 5466 constat,
2126 5398 2267 5452 sicut
2311 5404 2537 5451 caeteras
2587 5401 2798 5470 gentes,
2846 5391 3154 5448 Iudaeorum
3198 5407 3416 5463 quoque

1845 5493 2101 5563 populum
2143 5490 2400 5545 Romana:
2437 5488 2631 5543 ditioni
2677 5502 2800 5544 esse
2847 5486 3189 5557 subjectum,
3237 5502 3414 5557 neque

1839 5597 2164 5655 quemquam
2176 5597 2362 5638 eorum
2372 5596 2595 5638 summa:
2607 5580 3077 5635 auctoritatisesse
3087 5585 3412 5648 compotem.
3436 5635 3439 5637 _

260 5749 299 5779 ἰ
334 5741 493 5799 Hebr.
531 5761 604 5802 ιι..
645 5749 725 5803 14.
801 5751 848 5782 ⁷⁸
886 5748 906 5804 1
939 5747 1082 5806 Petr.
1122 5767 1172 5808 v.
1206 5753 1258 5807 8.
1333 5751 1377 5782 "
1416 5752 1436 5804 Ι
1470 5747 1624 5805 Joau.
1661 5762 1734 5805 Ill.

1896 5749 1938 5779 ⁷⁷
1958 5749 2112 5804 Rom.
2135 5760 2249 5813 \‘lll,
2422 5745 2465 5778 ⁷⁸³
2495 5743 2536 5798 ll
2567 5742 2690 5798 Cor.
2721 5758 2769 5808 v,
2791 5739 2886 5802 21.
2964 5738 3182 5795 “Joan.
3211 5755 3295 5808 ιιι,
3327 5741 3416 5800 14.
