3840 6222
384 321 523 376 1047

1133 324 1400 382 EUSEBH
1436 327 1916 386 CESARIENSIS
1954 329 2106 387 OPP.
2151 329 2328 387 PARS
2348 331 2926 394 HL—EXEGETICA.

3498 337 3644 394 {M8

380 442 628 513 llludque
655 458 684 497 a
718 442 1020 502 Salvatoris
1047 450 1221 504 nostri
1266 451 1641 507 incarnatione
1668 452 1782 508 ﬁeri
1810 455 1932 509 ince

2064 456 2326 526 ἡγηιόσιν
2392 457 2788 523 ὑποτέτακται,
2850 457 3076 529 μηδενὸς
3135 457 3313 512 αὑτῶν
3370 458 3473 528 τὴν
3540 459 3640 513 τοῦ

381 536 482 607 pit.
532 534 703 608 Igitur
725 537 794 592 ad
823 540 966 609 regis
989 537 1220 598 Herodis
1247 551 1490 613 tempora
1526 540 1782 600 Bebrmos
1811 561 1953 600 sem-

380 645 481 702 per
527 629 808 686 Hebr-aiore
845 633 991 700 genti
1050 633 1350 703 imperasse
1409 635 1469 690 in
1519 636 1766 694 historiis
1798 649 1953 708 repe-

380 722 577 777 rimus.
626 717 673 776 A
696 721 882 794 Moyse
902 723 1022 794 ipso
1046 725 1396 780 successione
1425 727 1716 791 continua,
1753 729 1954 798 popuio

381 812 858 869 duces'constituti
883 813 1122 882 fuerunt,
1143 813 1363 873 Judices
1394 819 1607 886 vocati;
1639 819 1836 875 deinde
1863 835 1952 876 re-

379 918 476 974 ges
504 913 677 974 usque
703 904 768 957 ad
783 901 1073 974 Babylonis
1089 906 1458 974 captivitatem
1479 906 1765 977 imperium
1790 919 1950 963 exer-

379 1007 571 1057 cuere;
612 995 740 1064 post
785 993 1153 1064 captivitatem
1187 997 1382 1050 summi
1434 995 1722 1066 pontiﬁces
1749 997 1818 1052 ad
1841 998 1955 1052 Au-

377 1091 595 1154 gustum
625 1085 774 1151 regia
805 1084 1132 1141 auctoritate
1169 1088 1326 1155 potiti
1359 1095 1519 1154 sunt;
1562 1083 1778 1144 Herode
1801 1103 1948 1156 vero,

376 1174 470 1244 qui
509 1173 721 1245 primus
776 1173 941 1230 alieni
985 1183 1104 1230 erat
1134 1179 1372 1244 generis.
1418 1191 1756 1248 regnumque
1784 1194 1813 1232 a
1841 1176 1954 1233 Ro-

374 1267 556 1322 manis
591 1267 904 1322 obtinuerat
931 1267 1252 1338 imperante,
1305 1267 1556 1324 Salvator
1581 1263 1953 1342 Dominusque

376 1367 561 1414 noster
597 1357 758 1415 Jesus
790 1359 1044 1416 Christus
1078 1369 1242 1415 natus
1283 1369 1388 1418 est.
1444 1359 1564 1416 Jam
1601 1363 1768 1435 igitur
1790 1363 1858 1418 ab
1885 1377 1952 1418 eo

373 1466 548 1522 usque
576 1451 645 1507 ad
686 1460 937 1507 uestrum
987 1461 1199 1522 tempus
1246 1453 1532 1523 imperium
1567 1464 1952 1525 sceptrumque

372 1543 627 1602 aJudais
670 1547 848 1603 ablata
896 1554 1045 1601 sunt.
1111 1545 1266 1601 Patet
1305 1546 1590 1603 advenisse
1617 1549 1950 1620 aprophetis

369 1639 688 1710 pmdictum
733 1637 1074 1694 Salvatorem
1126 1647 1398 1703 nostrum,
1434 1641 1594 1711 cujus
1625 1655 1656 1694 a
1688 1641 1951 1712 tempori-

368 1732 474 1788 bus
502 1745 614 1788 non
643 1731 807 1786 modo
832 1729 1144 1786 Iudaeorum
1171 1731 1336 1786 ablati
1393 1743 1522 1787 sunt
1553 1731 1744 1799 duces,
1775 1732 1871 1788 sed
1895 1739 1950 1786 et

2056 545 2245 620 ἄρχειν
2289 545 2536 614 ἐξουσίαν
2571 549 3060 621 ἐπιτετραμμένον.
3103 551 3211 604 Καὶ
3248 548 3409 604 τοῦτό
3437 567 3503 620 γε
3529 553 3645 606 ἀπὸ

2053 638 2161 693 τῶν
2187 641 2394 711 χρόνων
2413 641 2513 711 τῆς
2537 641 2631 694 τοῦ
2661 641 2913 713 Σωτῆρος
2934 641 3090 712 ἡμῶν
3111 643 3375 711 γενέσεως
3399 643 3638 713 ἤρξατο·

2058 735 2218 808 μέχρι
2246 733 2375 802 γοῦν
2415 733 2652 806 Ἡρώδου
2681 733 2942 804 βασιλέως
2977 735 3257 807 Ἐὗραίους
3277 735 3338 803 ἐξ
3369 737 3644 808 Ἑϐραίων

2053 827 2148 881 τοῦ
2185 827 2384 890 παντὸς
2407 826 2587 880 αὐτῶν
2621 825 2806 890 ἔθνους
2847 827 3114 898 ἄρξαντας
3146 828 3206 880 ἐν
3225 831 3347 892 ταῖς
3370 830 3642 902 ἱστορίαις

2053 919 2398 990 εὑρίσκομεν,
2443 919 2502 982 ἐξ
2529 917 2694 971 αὐτοῦ
2727 917 3004 981 Μωύσέως
3035 919 3175 973 κατά
3213 920 3466 991 διαδοχὴν
3491 925 3640 993 ήγη-

2055 1013 2306 1082 σαμένων
2327 1011 2541 1083 πρῶτον
2567 1012 2664 1083 μὲν
2685 1011 2792 1065 τῶν
2811 1011 3114 1082 λεγομένων
3134 1014 3371 1086 Κριτῶν,
3387 1014 3487 1069 εἷθ’
3507 1015 3640 1088 ς

2051 1105 2162 1158 τῶν
2185 1103 2448 1175 βασιλέων
2478 1105 2639 1175 μέχρι
2665 1105 2766 1175 τῆς
2802 1107 2881 1169 είς
2914 1105 3206 1160 Βαϐυλῶνα
3235 1107 3635 1178 αἰχμαλωσίας,

2056 1196 2172 1268 μεθ’
2203 1199 2268 1267 ἢν
2295 1198 2343 1249 οἱ
2377 1197 2654 1268 ἀρχιερεῖς
2677 1196 2775 1268 τὴν
2813 1198 2988 1268 ἀρχὴν
3015 1197 3384 1269 διαδεξάμενοι
3410 1203 3504 1255 ἐπὶ
3533 1203 3637 1273 τὴν

2052 1287 2366 1357 Αὐγούστου
2416 1287 2712 1358 διήρκεσαν
2759 1286 3066 1357 βασιλείαν·
3103 1287 3222 1342 καθ’
3274 1289 3333 1342 δν
3391 1290 3635 1362 Ἡρώδου

2053 1381 2268 1454 πρώτου
2299 1381 2360 1434 τὸ
2409 1382 2563 1450 γένος
2616 1379 2927 1451 ἀλλοφύλων
2957 1382 3107 1453 (λου)
3150 1383 3250 1455 τὴν
3294 1387 3412 1437 κατ’
3450 1385 3636 1439 αὐτῶν

2054 1473 2330 1546 βασιλείαν
2356 1473 2462 1526 ὑπὸ
2498 1474 2784 1544 Ῥωμαίων
2807 1474 3237 1546 ἐγχειρισθέντος
3259 1476 3288 1527 ό
3313 1475 3504 1546 Σωτὴρ
3533 1478 3634 1528 καὶ

2051 1563 2256 1634 Κύριος
2287 1563 2444 1634 ἡμῶν
2476 1561 2682 1634 Ἰησοῦς
2705 1561 2940 1635 Χριστὸς
2975 1565 3258 1636 ἐγεννήθη.
3282 1565 3418 1636 Ἤδη
3448 1566 3632 1619 τοίνυν

2051 1652 2109 1719 ἐξ
2152 1653 2359 1705 ἐκείνου
2415 1652 2508 1706 καὶ
2558 1652 2719 1724 μέχρι
2760 1652 2855 1704 τοῦ
2902 1653 3166 1724 παρόντος
3203 1654 3394 1724 χρόνου
3439 1654 3630 1722 σαφῶς

2052 1741 2379 1809 ἐκλελοιπὼς
2425 1744 2608 1816 ἅρχων
2651 1759 2712 1796 τε
2760 1743 2855 1796 καὶ
2901 1744 3200 1816 ἡγούμενος
3246 1745 3303 1796 ἐν
3353 1745 3632 1807 Ἰουδαίοις

366 1827 545 1882 omnis
575 1825 756 1882 cultus
776 1826 870 1896 qui
903 1825 1047 1896 apud
1084 1837 1179 1881 eos
1209 1825 1510 1882 secundum
1538 1825 1740 1897 Moysis
1771 1827 1932 1897 legem

2049 1803 2434 1890 ἀποδείκνυται
2454 1803 2667 1907 ’.δῆλον
2703 1835 2781 1899 ὡς
2825 1803 3080 1906 ἐλήλυθεν
3113 1838 3142 1888 ό
3174 1803 3631 1909 πεπροφητευμέί-

365 1916 666 1974 Jerusalem
688 1918 1036 1988 implebatur.
1069 1913 1355 1974 Manifeste
1377 1927 1556 1974 autem
1578 1927 1632 1974 et
1657 1927 1943 1990 exspecta-

365 2012 443 2064 tio
491 2025 679 2065 eorum
722 2011 815 2082 qui
860 2026 958 2081 per
1006 2023 1130 2065 eum
1183 2009 1251 2066 ad
1289 2012 1668 2067 universarum
1696 2011 1937 2082 gentium

363 2101 534 2156 Deum
574 2103 962 2175 confugiebant
991 2106 1171 2176 reipsa
1201 2105 1514 2160 confirmari
1544 2099 1729 2174 ccepit,
1763 2105 1938 2175 ipsius

364 2193 629 2252 adventus
657 2205 922 2267 tempore,
947 2196 1248 2254 secundum
1278 2195 1466 2254 Jacobi
1496 2197 1860 2269 prophetiam.

2049 1947 2139 1994 νος
2172 1927 2364 1999 Σωτὴρ
2388 1927 2566 1999 ἡμῶν,
2605 1921 2666 1982 οὗ
2711 1927 2818 1981 ἀπὸ
2855 1925 2965 1981 τῶν
3019 1929 3224 1998 χρόνων
3272 1930 3333 1982 ού
3369 1931 3530 2000 μόνον
3575 1933 3628 1983 οε

2059 2021 2326 2076 Ἰουδαίων
2364 2019 2766 2074 ἐπιλελοίπασιν
2803 2021 3091 2093 ἄρχοντες,
3122 2019 3256 2074 ἀλλὰ
3287 2022 3380 2074 καὶ
3410 2026 3561 2076 πᾶσα
3593 2024 3630 2094 ἡ

2047 2107 2184 2178 πρὸς
2215 2107 2396 2161 αὐτῶν
2440 2109 2498 2160 ἐν
2533 2107 2890 2179 Ἰερουσαλὴμ
2913 2110 3316 2182 ἀποτελουμένη
3349 2112 3494 2165 κατά
3532 2115 3632 2166 τὸν

2039 2198 2317 2263 Μωῦσέως
2349 2199 2512 2270 νόμον
2533 2198 2776 2273 λατρεία.
2814 2201 3008 2268 Σαφῶς
3037 2201 3093 2254 δὲ
3119 2205 3214 2256 καὶ
3251 2204 3285 2273 ἡ
3327 2205 3630 2275 προσδοκία

360 2289 472 2345 τῶν
515 2291 582 2344 δι’
630 2291 795 2346 αὐτοῦ
851 2293 1343 2363 καταπεφευγότων
1382 2293 1604 2348 ἐπὶ·τὸν
1653 2293 1762 2347 τῶν
1809 2292 1945 2348 ὅλων
1981 2292 2114 2347 Θεὸν
2142 2293 2312 2348 ἐθνῶν
2354 2293 2501 2366 ἔργῳ
2564 2293 2900 2366 πληροῦσθαι
2949 2297 3153 2368 ἤρξατο
3201 2299 3307 2351 ἀπὸ
3345 2298 3455 2351 τῶν
3522 2299 3627 2369 τῆς

361 2391 665 2460 παρουσίας
689 2389 854 2443 αὐτοῦ
884 2389 1112 2462 χρόνων,
1143 2389 1284 2444 κατά
1312 2391 1410 2462 τὴν
1437 2389 1529 2442 τοῦ
1568 2387 1761 2442 Ἰακὼὸ
1797 2391 2153 2463 προφητείαν.

431 2480 500 2536 Ει
528 2481 900 2554 haec'quidem
950 2483 998 2542 si
1039 2483 1108 2539 de
1139 2485 1364 2558 proprio
1407 2493 1625 2555 sceptro
1665 2485 1941 2556 intelliga-

361 2589 508 2637 mus,
547 2592 567 2626 ι
595 2591 708 2630 non
740 2575 1022 2633 auferetur
1039 2585 1316 2648 sceptrum
1341 2578 1408 2633 de
1431 2577 1603 2646 Juda;
1639 2598 1658 2632 ›
1691 2580 1737 2636 si
1765 2581 1938 2651 priori

359 2665 507 2721 hunc
535 2668 694 2738 quasi
727 2677 1157 2726 consentaneum
1183 2671 1662 2728 accommodemus
1685 2687 1933 2738 sensum,

356 2757 639 2814 Christum
697 2760 969 2831 significat
1017 2760 1190 2818 Judas
1244 2762 1298 2816 in
1344 2763 1627 2832 praeeitato
1677 2767 1818 2829 loco,
1878 2773 1935 2821 et

362 2874 383 2908 ι
415 2871 526 2912 non
563 2855 842 2912 auferetur
870 2865 1146 2929 sceptrum
1177 2859 1244 2914 de
1269 2857 1428 2926 Juda,
1473 2879 1491 2910 ι
1523 2859 1591 2914 ad
1634 2861 1757 2918 illos
1806 2875 1932 2930 spe-

355 2953 482 3003 ctat'
501 2950 595 3020 qui
619 2957 744 3019 post
775 2948 1053 3006 Christum
1085 2949 1254 3006 duces
1285 2957 1340 3007 et
1369 2951 1646 3023 principes
1673 2951 1934 3009 Ecclesia:

356 3037 582 3097 fuerunt
618 3060 631 3096 :
667 3041 769 3096 hos
800 3042 1087 3113 pr0phetia
1116 3041 1254 3100 dicit
1301 3058 1411 3098 non
1442 3042 1756 3104 defecturos
1785 3061 1930 3112 esse,

359 3148 379 3178 ι
405 3130 580 3186 donec
606 3131 788 3186 veniat
813 3133 908 3201 qui
935 3131 1232 3188 mittendus
1260 3140 1380 3196 est;
1410 3153 1429 3186 ι
1464 3135 1620 3204 quasi
1649 3134 1936 3192 manifeste

353 3222 583 3286 diceret,
617 3224 794 3280 donec
823 3225 1010 3280 veniat
1038 3240 1160 3297 quae
1189 3226 1240 3282 ei
1284 3227 1502 3283 decreta
1550 3237 1678 3284 sunt
1712 3230 1768 3283 in
1796 3245 1932 3286 con-

355 3315 778 3372 summationem
809 3315 1072 3382 futuram,
1105 3319 1347 3376 omnium
1375 3334 1604 3394 regnum
1639 3322 1925 3378 obtinebit.

352 3405 511 3474 Quod
541 3421 674 3462 vero
705 3406 878 3464 duces
911 3407 1118 3468 Christi
1163 3411 1463 3484 discipulos
1512 3423 1734 3469 sanctus
1769 3425 1929 3470 vocat

354 3497 613 3570 Spiritus,
643 3498 996 3556 manifestum
1026 3509 1112 3558 est
1143 3518 1212 3558 ex
1239 3503 1307 3560 iis
1330 3520 1450 3575 quae
1475 3505 1542 3560 de
1563 3503 1704 3561 Iuda
1733 3507 1928 3562 dicun—

351 3601 441 3648 tur
481 3610 496 3646 :
537 3609 557 3642 ι
595 3589 676 3646 Tu
704 3608 852 3655 vero,
885 3593 1048 3650 homo
1081 3594 1376 3659 unanimis,
1405 3595 1514 3650 dux
1548 3613 1702 3653 meus
1726 3606 1782 3653 et
1831 3615 1923 3654 no-

351 3692 443 3741 tus
464 3699 621 3742 meus
655 3685 728 3740 ⁸⁶.’
755 3704 776 3737 ι
815 3684 964 3752 Quos
1005 3685 1258 3758 religiose
1303 3687 1568 3754 colentes,
1600 3690 1696 3760 qui
1737 3705 1926 3744 eorum

352 3777 558 3833 divinis
613 3778 954 3849 sincerisque
997 3786 1050 3834 et
1084 3779 1291 3835 sanctis
1337 3781 1520 3836 verbis
1549 3781 1924 3847 crediderunt,

349 3871 575 3927 minime
603 3872 917 3928 conturbari
951 3873 1169 3938 debent,
1201 3889 1305 3930 nec
1333 3874 1386 3929 in
1417 3873 1522 3930 fide
1549 3891 1650 3931 sua
1683 3889 1928 3930 commo-

347 3962 464 4016 veri
495 3962 661 4032 hujus
697 3963 961 4033 temporis
987 3964 1489 4035 persecutionibus,
1530 3980 1594 4020 ac
1619 3967 1924 4036 praesertim

346 4065 412 4106 ea
443 4066 565 4122 quae
608 4067 756 4108 nunc
802 4052 1071 4111 adversus
1099 4069 1208 4115 nos
1228 4037 1720 4113 'vehementissime
1749 4057 1920 4123 szevit,

346 4142 586 4214 taliaque
602 4143 865 4201 adversus
886 4144 1161 4202 Ecclesias
1182 4154 1467 4218 totumque
1490 4149 1749 4218 pupulum
1766 4164 1922 4204 exer-

347 4232 483 4299 cuit,
515 4235 699 4304 qualia
727 4250 829 4292 nec
861 4237 916 4291 in
953 4237 1186 4293 historia
1232 4253 1495 4309 unquam,
1531 4254 1632 4294 nec
1664 4239 1719 4295 in
1749 4241 1922 4295 tradi-

347 4324 494 4380 tione
520 4341 686 4382 senex
707 4327 888 4397 quivis
916 4329 1230 4385 meminisse
1250 4338 1450 4400 potest.
1481 4328 1608 4386 Hazc
1633 4345 1763 4388 vero
1783 4331 1922 4387 dici-

345 4431 490 4482 mus,
525 4432 595 4473 ne
631 4419 720 4474 cui
756 4418 900 4474 forte
929 4419 1218 4474 videantur
1251 4435 1374 4491 quae
1406 4437 1555 4478 nunc
1603 4437 1750 4479 saeva
1783 4423 1919 4495 pati-

346 4523 470 4562 mur
500 4507 570 4565 iis
619 4525 740 4580 qua:
782 4511 936 4581 prius
983 4509 1223 4567 diximus
1255 4511 1415 4582 plane
1447 4514 1747 4579 contraria,
1791 4529 1916 4569 cum

2115 2487 2226 2539 Καὶ
2253 2486 2426 2540 ταῦτα
2464 2487 2564 2558 μὲν
2597 2488 2646 2539 εί
2683 2487 2758 2552 ὡς
2801 2487 2909 2541 ἀπὸ
2943 2487 3079 2552 ἰδίας
3129 2489 3304 2561 ἀρχῆς
3353 2491 3624 2558 ἀναγινώ-

2043 2593 2270 2650 σκοιμεν
2299 2578 2368 2633 τὰ
2389 2579 2496 2633 ἀπὸ
2524 2579 2638 2634 τοῦ·
2661 2600 2678 2631 ι
2697 2581 2812 2633 Ούκ
2840 2581 3078 2652 ἐκλείψει
3109 2584 3291 2654 ἄρχων
3319 2584 3380 2649 ἐξ
3394 2584 3578 2638 Ἰούδα·
3596 2605 3616 2637 ι

2040 2674 2088 2726 εί
2121 2672 2167 2725 δ’
2195 2672 2271 2737 ὡς
2328 2671 2619 2726 ἀκόλουθον
2649 2675 2716 2744 τῇ
2771 2673 2874 2744 πρὸ
2915 2675 3086 2746 αὐτῆς
3127 2675 3333 2748 διανοίᾳ
3379 2677 3475 2732 καὶ
3519 2679 3621 2749 τὴν

2043 2762 2184 2836 μετά
2217 2766 2404 2835 χεῖρας
2430 2766 2794 2836 συνάπτομεν,
2829 2765 2955 2836 ἐξῆς
2999 2765 3065 2820 ἂν
3094 2766 3202 2836 εἴη,
3244 2767 3337 2820 τοῦ
3381 2766 3616 2839 Χριστοῦ

2049 2852 2216 2906 Ἰούδα
2247 2854 2568 2924 νενοημένου
2592 2853 2735 2907 κατὰ
2760 2853 2827 2906 τὰ
2859 2853 3349 2926 προαποδεδομένα,
3367 2855 3476 2921 τὸ,‹
3503 2856 3618 2910 Οὐκ

2037 2945 2277 3016 ἐκλείψει
2307 2947 2488 3018 ἄρχων
2521 2946 2578 3014 ἐξ
2626 2945 2700 3016 (f.
2729 2945 2869 3016 7v°)
2908 2946 3095 3012 Ἰούδα,
3129 2966 3148 2998 ι
3195 2948 3288 3000 ἐπὶ
3310 2947 3436 3012 τοὺς
3477 2951 3616 3018 μετά

2037 3038 2128 3091 τὸν
2150 3037 2384 3111 Χριστὸν
2398 3038 2664 3112 ἄρχοντας
2694 3039 2790 3094 καὶ
2815 3039 3151 3111 ἡγουμένους
3171 3040 3271 3110 τῆς
3288 3041 3616 3110 Ἐκκλησίας

2039 3129 2424 3202 ἐκλαμϐάνειν,
2455 3131 2610 3202 οὒςὴ
2662 3132 2970 3202 προφητεία
3019 3133 3182 3202 φησὶν
3230 3131 3306 3204 μὴ
3343 3132 3615 3202 ἐκλείψειν

2042 3242 2062 3274 ι
2093 3221 2198 3287 ἓως
2229 3220 2295 3276 ἂν
2325 3223 2453 3296 ἔλθῃ
2491 3222 2560 3276 τά
2595 3222 2934 3292 ἀποκείμενα
2962 3222 3110 3293 αὐτῷ
3129 3241 3141 3252 ·
3171 3242 3190 3274 ι
3227 3223 3304 3286 ὡς
3337 3226 3386 3276 εί
3442 3225 3613 3294 σαφέ-

2034 3331 2227 3386 στερον
2255 3313 2458 3385 ἔλεγεν,
2489 3316 2594 3379 ἕως
2617 3315 2680 3370 ἂν
2713 3313 2841 3388 ἔλθῃ
2870 3314 2937 3368 τά
2961 3315 3300 3386 ἀποκείμενα
3333 3316 3483 3386 αύτῷ
3515 3319 3614 3388 τῆς

2033 3409 2344 3473 συντελείας
2367 3409 2686 3479 ἐπιστάσης,
2719 3408 3014 3480 κομίσηται
3035 3409 3133 3479 τὴν
3166 3407 3310 3461 κατά
3341 3408 3449 3461 τῶν
3476 3409 3614 3461 ὅλων

2030 3501 2327 3572 βασιλείαν.
2359 3502 2480 3556 ’Ότι
2511 3501 2568 3556 δὲ
2603 3502 2696 3555 καὶ
2725 3500 3061 3572 ἡγουμένους
3089 3502 3216 3565 τοὺς
3249 3499 3346 3554 τοῦ
3370 3501 3609 3572 Χριστοῦ

2033 3590 2279 3664 μαθητὰς
2309 3593 2371 3646 τὸ
2409 3593 2549 3646 θεῖον
2597 3592 2864 3646 ἀποκαλεῖ
2897 3593 3122 3662 Πνεῦμα
3156 3593 3327 3661 σαφές
3362 3593 3512 3645 ἐστιν
3544 3593 3611 3644 ἐκ

2025 3685 2120 3737 τοῦ
2160 3685 2411 3754 λέγεσθαι
2442 3686 2568 3757 περὶ
2599 3685 2693 3740 τοῦ
2727 3685 2916 3740 Ἰούδα’
2947 3705 2966 3736 ι
2990 3685 3062 3738 Σὺ
3089 3685 3167 3750 δὲ,
3203 3683 3456 3756 ἄνθρωπε
3500 3685 3610 3738 [66-

2025 3774 2184 3845 ψυχε,
2212 3772 2436 3846 ἡγεμών
2466 3793 2564 3845 μου
2600 3776 2694 3829 καὶ
2713 3773 2928 3844 γνώστα
2959 3792 3079 3845 μου.
3114 3792 3133 3824 ι
3168 3774 3280 3826 Καὶ
3310 3773 3519 3836 τούτοις
3548 3772 3610 3827 δὲ

2027 3866 2134 3938 χρὴ
2177 3866 2543 3937 προσέχοντας
2587 3868 2714 3931 τοὺς
2747 3867 2823 3930 ὡς
2871 3867 3036 3930 θείοις
3084 3867 3179 3918 καὶ
3228 3865 3452 3935 ἀληθέσι
3492 3865 3609 3928 τοῖς

2030 3961 2193 4030 ἱεροῖς
2222 3958 2400 4028 λόγοις
2428 3961 2860 4023 πεπιστευκότας
2889 3958 3152 4030 μηδαμῶς
3170 3956 3465 4031 θροεῖσθαι,
3500 3975 3607 4027 μη-

2024 4047 2080 4104 δὲ
2110 4051 2217 4121 μὴν
2262 4049 2502 4104 σείεσθαι
2535 4050 2632 4122 τὴν
2684 4051 2866 4103 πίστιν
2913 4050 3018 4103 ὑπὸ
3049 4050 3157 4104 τῶν
3204 4049 3347 4105 κατά
3380 4052 3605 4121 καιροὺς

2025 4141 2314 4212 διωγμῶν,
2363 4143 2460 4196 καὶ
2509 4144 2743 4214 μάλιστα
2789 4143 2883 4197 τοῦ
2932 4142 3229 4207 ἐνεστῶτος
3280 4144 3422 4215 ὑπὲρ
3478 4144 3606 4205 τοὺς

2026 4233 2244 4287 πώποτε
2298 4231 2634 4306 σφοδρότατα
2684 4234 2806 4289 καθ’
2866 4235 3022 4306 ἡμῶν
3077 4235 3442 4297 πνεύσαντος,
3513 4236 3605 4287 καὶ

2024 4323 2251 4378 τοιαῦτα
2293 4323 2698 4397 ἐπιδειξαμένου
2727 4325 2870 4378 κατά
2907 4339 2962 4379 τε
2995 4325 3103 4377 τῶν
3144 4323 3482 4394 Ἐκκλησιῶν
3509 4323 3604 4376 καὶ

2023 4418 2222 4482 παντὸς
2250 4416 2343 4470 τοῦ
2382 4416 2534 4484 λαοῦ,
2564 4420 2722 4471 ὁποῖα
2761 4417 2885 4471 οὔτε
2919 4417 3028 4470 ἀπὸ
3068 4415 3289 4488 γραφῆς
3329 4415 3454 4470 οὔτε
3495 4416 3602 4487 μὴν

2023 4515 2088 4566 ἐκ
2120 4512 2472 4584 παραδόσεως
2498 4511 2740 4582 ἀρχαίων
2770 4525 2855 4574 τις
2884 4509 3308 4582 ἐμνημόνευσεν.
3331 4507 3519 4562 Ταῦτα
3541 4507 3599 4560 δέ

345 4613 522 4670 neque
553 4601 702 4658 coire
745 4601 933 4658 ﬁdeles
977 4600 1213 4672 possint,
1265 4617 1440 4674 neque
1477 4603 1696 4660 decreta
1745 4605 1913 4661 duces

2041 4622 2226 4675 ραμεν,
2276 4604 2398 4656 ἐπεὶ
2440 4603 2582 4673 τάχα
2621 4601 2822 4666 δόξειεν
2866 4603 3126 4674 ἄντικρυς
3188 4600 3330 4654 κατά
3373 4601 3468 4654 τδν
3514 4600 3601 4652 ἐν-

344 4693 606 4752 Ecclesiaa
637 4697 950 4767 praecipere.
975 4695 1342 4756 Veracissima
1379 4699 1546 4770 igitur
1582 4714 1707 4755 cum
1739 4693 1811 4754 sit
1839 4699 1917 4754 di-

2041 4696 2234 4751 εστῶτα
2252 4696 2490 4768 διωγμὸν
2508 4696 2770 4750 τάναντία
2797 4693 3198 4766 συμϐεϐηκέναι
3229 4696 3341 4757 τοῖς
3371 4695 3492 4763 είρη
3503 4692 3600 4763 μέ-

343 4786 549 4842 vinitus
579 4786 846 4856 inspirata
878 4786 1187 4860 SCriptura,
1221 4790 1553 4847 credendum
1580 4798 1666 4847 est
1694 4806 1789 4846 eos
1811 4790 1914 4845 du-

2041 4807 2157 4855 ιοις,
2193 4789 2282 4843 διὰ
2309 4789 2370 4843 τὸ
2409 4789 2544 4860 μηδὲ
2587 4787 2860 4860 ἄθροισμα
2912 4786 3008 4841 νῦν
3055 4786 3371 4840 συνεστάναι
3399 4785 3597 4850 δοκεῖν,

340 4893 432 4934 ces
462 4894 572 4934 non
609 4880 832 4935 omnino
848 4879 1144 4950 defecisse,
1173 4885 1273 4939 etsi
1294 4883 1619 4953 quibusdam
1647 4883 1916 4939 defecisse

2041 4883 2160 4954 ιήτε
2182 4883 2272 4935 τὸν
2296 4881 2498 4936 κανόνα
2519 4879 2627 4933 τῶν
2641 4882 2742 4952 τῆς
2757 4878 3080 4948 Ἑκκλησίας
3102 4876 3396 4949 ἀρχόντων.
3415 4877 3599 4946 Ἀψευ-

337 4966 650 5024 videantur.
695 4966 840 5026 Deus
871 4969 1017 5027 enim
1057 4969 1341 5044 Propheta:
1369 4973 1559 5029 dicens
1593 4988 1609 5026 :
1649 4992 1667 5024 ι
1698 4973 1913 5045 Reliqui

2041 4972 2144 5036 ἰοῦς
2162 4971 2436 5042 τοιγάρτοι
2462 4968 2832 5040 τυγχανούσης
2851 4969 2952 5040 τῆς
2971 4966 3328 5022 θεοπνεύστου
3347 4965 3594 5038 Γραφῆς.

337 5063 474 5118 mihi
508 5070 716 5134 septem
764 5065 934 5122 millia
975 5066 1242 5132 virorum,
1269 5067 1365 5138 qui
1402 5081 1514 5121 non
1545 5076 1914 5122 curvaverunt

2041 5064 2312 5118 τεπεῖσθαι
2347 5064 2451 5135 χρὴ
2475 5065 2556 5117 δτι
2601 5061 2675 5134 μὴ
2707 5061 2924 5124 πάντως
2955 5059 3230 5125 ἐξέλειπον
3254 5061 3304 5111 οἱ
3337 5074 3598 5129 προειπ-

341 5172 522 5227 genua
547 5166 674 5212 ante
717 5155 939 5226 Baal”,
983 5176 1002 5210 ι
1040 5160 1292 5229 querenti
1361 5157 1506 5230 quod
1549 5159 1723 5214 solum
1783 5174 1908 5214 eum

2041 5157 2195 5220 ιένοι,
2226 5157 2275 5208 εί
2305 5157 2398 5210 καὶ
2418 5154 2621 5210 δοκοῖέν
2651 5171 2791 5208 τισιν
2819 5151 3218 5206 ἐκλελοιπέναι·
3241 5153 3270 5204 ό
3294 5151 3405 5224 γὰρ
3428 5152 3597 5204 εἰπὼν

340 5247 556 5304 caeteris
578 5248 809 5304 sublatis
825 5249 1158 5320 reliquisset,
1180 5251 1295 5321 ipse
1325 5266 1470 5306 nunc
1484 5259 1538 5306 et
1554 5249 1750 5322 dignos
1771 5246 1911 5306 Pro-

2041 5249 2092 5319 τῷ
2125 5250 2388 5322 Προφήτῃ
2417 5248 2548 5312 Θεὸς
2570 5288 2585 5312 ,
2615 5268 2634 5300 ι
2669 5246 2977 5303 Κατέλιπον
3011 5244 3232 5316 ἐμαυτῷ
3276 5245 3593 5316 ἑπτακισχι-

337 5338 580 5394 videntia
623 5355 723 5395 sua
768 5340 1010 5413 inspicit,
1061 5362 1081 5395 ι
1130 5343 1390 5413 reliquias
1436 5344 1742 5400 secundum
1800 5343 1911 5399 ele-

2041 5342 2161 5405 .ίους
2193 5341 2415 5413 ἄνδρας,
2458 5341 2651 5404 οἵτινες
2681 5341 2780 5394 οὐκ
2810 5338 3060 5409 ἔκαμψαν
3086 5337 3215 5404 γόνυ
3258 5337 3326 5406 τῇ
3367 5335 3535 5398 Βάαλ,
3568 5354 3586 5384 ι

338 5431 577 5484 «tionem
615 5432 803 5503 gratia:
825 5433 949 5474 "-8'
988 5453 1008 5486 ι
1045 5442 1098 5488 et
1117 5434 1271 5489 nobis
1288 5449 1620 5490 conservans
1650 5450 1680 5489 a
1711 5449 1769 5490 se
1791 5450 1912 5488 mu.-

338 5521 488 5577 nitos
513 5530 566 5578 et
595 5539 655 5578 se
688 5541 856 5579 unum
903 5525 1350 5595 contemplantes.
1384 5525 1460 5582 De
1493 5526 1692 5596 quibus
1721 5537 1775 5582 et
1803 5526 1909 5596 ipsi

337 5615 650 5671 diceremus
699 5635 712 5670 :
773 5636 796 5667 σ
848 5616 962 5672 Nisi
1017 5617 1278 5675 Dominus
1326 5617 1565 5674 Sabaoth
1601 5618 1912 5688 reliquisset

417 5769 463 5800 '°
501 5767 645 5826 Rsal.
681 5785 793 5832 Liv.
829 5771 894 5828 M
993 5774 1034 5808 δι
1071 5774 1229 5834 Rom.
1262 5790 1352 5836 χι,
1383 5778 1438 5830 τί.
1516 5773 1642 5817 ⁸’-⁸³
1677 5772 1807 5831 ibid.
1842 5772 1898 5829 5.

2015 5434 2336 5505 ὑπειληφότι
2379 5432 2538 5504 μόνον
2573 5432 2735 5489 αὐτὸν
2775 5428 3179 5502 περιλελεῖφθαι
3226 5427 3337 5479 τῶν
3389 5424 3591 5478 λοιπῶν

2015 5526 2390 5598 ἀνῃρημένων,
2417 5528 2446 5579 ὁ
2483 5525 2644 5589 αὐτὸς
2670 5526 2764 5578 καὶ
2793 5523 2886 5576 νῦν
2918 5523 3042 5586 τοὺς
3073 5519 3258 5588 ἀξίους
3297 5518 3399 5590 τῆς
3427 5514 3589 5571 αὑτοῦ

2017 5618 2271 5691 προνοίας
2299 5620 2490 5690 ἐφορᾷ,
2534 5637 2553 5670 ι
2581 5618 2784 5689 λεῖμμα
2811 5617 2927 5671 κατ’
2953 5612 3180 5683 ἐκλογὴν
3205 5609 3431 5683 χάριτος
3454 5627 3472 5660 ι
3496 5605 3589 5659 καὶ
