3840 6222
170 351 328 407 ιυω
947 408 956 415 ,
1215 349 1507 406 ECLOGIE
1549 343 1686 406 Ριισ

1916 349 2032 409 31E.
2067 384 2136 394 —
2172 351 2300 406 ιω.
2342 352 2382 406 Ι.
3294 362 3432 420 1050

169 471 319 541 ἡμῖν
349 467 720 538 διαφυλάττων
753 471 880 532 τοὺς
921 469 1056 540 πρὸς
1104 466 1272 522 αὐτοῦ
1311 468 1684 541 φρουρουμένο

1919 469 2038 526 abis
2073 485 2282 535 semen,
2319 471 2462 526 sicut
2496 470 2731 527 Sodoma
2758 473 2883 528 facti
2918 489 3182 540 essemus,
3219 486 3273 528 et
3294 480 3435 532 sicut

170 563 280 617 καὶ
309 561 447 633 πρὸς
466 560 632 616 αὐτοῦ
670 562 834 632 μόνου
865 561 1296 633 θεωρουμένους,
1330 563 1460 634 περὶ
1487 553 1563 614 ὧν
1593 561 1686 614 εἴη

1922 562 2169 616 omorrba
2217 563 2426 620 similes
2469 563 2762 620 fuissemus
2794 566 2861 620 δι.
2897 586 2918 618 ι
2968 566 3176 622 Idcirco
3215 568 3438 625 minime

173 673 290 727 μεν
317 654 388 709 ἂν
418 655 513 709 καὶ
541 654 696 706 αὐτοὶ
719 653 800 718 τὸ,
830 655 922 708 «Et
962 652 1035 724 μὴ
1070 653 1274 724 Κύριος
1299 651 1524 707 Σαϐαὼθ
1565 656 1689 721 ὲγκα

1922 654 2291 709 [intimandum
2317 664 2402 711 est
2423 656 2576 710 verbi
2608 658 2920 727 magistros,
2949 659 3116 713 duces
3137 659 3438 729 principes—

169 746 372 799 ἐλιπεν
391 747 524 816 ἡμῖν
552 743 794 814 σπέρμα,
824 744 899 806 ὡς
928 743 1140 814 Σόδομα
1182 743 1250 796 ἂν
1287 743 1642 814 ἐγενήθημεν,
1670 760 1685 795 2

1923 764 1972 803 te
2004 764 2034 802 a
2062 749 2340 818 prophetis
2373 758 2616 812 vocatos,
2647 750 2863 820 penitus
2894 750 3180 812 defecisse,
3215 765 3439 819 praeser-

167 836 256 899 ὡς
304 836 560 906 Γόμορρα
627 835 695 889 ἂν
737 833 1119 906 ὡμοιώθημεν.
1160 854 1179 887 ι
1230 834 1303 888 Τὸ
1339 834 1530 904 γάρτοι
1579 835 1659 900 είς

1923 855 1962 893 n
1990 856 2114 894 cum
2151 841 2354 910 praefixi
2380 841 2490 896 sint
2533 841 2772 904 termini,
2811 859 2830 891 ι
2863 856 2972 895 non
3002 840 3319 895 auferentur
3342 842 3439 896 do-

169 928 450 992 παντελὲς
478 927 848 981 ἐκλελοιπέναι
887 925 1129 996 νομίζειν
1166 927 1292 989 τοὺς
1316 925 1410 978 τοῦ
1445 925 1601 994 λόγου
1630 943 1685 997 πι

1920 946 1965 985 ιο
1995 932 2219 986 veniant
2250 947 2372 1002 quae
2402 931 2504 1002 ipsi
2537 931 2752 987 decreta
2766 941 2928 998 sunt;
2959 953 2977 983 ι
3020 933 3226 986 scilicet
3260 947 3379 1001 quae
3407 947 3436 985 a

170 1019 450 1082 εστῶτας.
489 1019 754 1089 ἄρχοντας
789 1019 882 1073 καὶ
919 1017 1254 1089 ἡγουμένους
1278 1017 1384 1071 ὑπὸ
1413 1017 1514 1086 τῆς
1546 1035 1686 1088 προίξ

1922 1033 2024 1078 ιιι-ε
2042 1022 2266 1078 Christo
2288 1025 2539 1077 nuntiata
2565 1034 2713 1086 sunt,
2739 1025 2804 1078 ad
2828 1040 2951 1079 eum
2971 1024 3183 1078 dicente
3208 1043 3219 1076 :
3250 1043 3267 1074 ι
3299 1023 3438 1077 Sede

167 1111 335 1174 τείας
361 1110 806 1180 ὠνομασμένους,
834 1109 892 1164 ἓν
913 1127 966 1162 τι
1000 1109 1108 1162 τῶν
1145 1110 1441 1179 ἀμηχάνων
1478 1109 1683 1180 τυγχάν

1927 1115 2136 1170 dextris
2166 1116 2323 1179 meis,
2355 1116 2528 1171 donec
2561 1131 2758 1186 ponam
2798 1116 3053 1172 inimicos
3081 1125 3206 1170 tuos
3230 1115 3439 1170 scabel-

167 1202 270 1256 διὰ
295 1201 360 1255 τὸ
396 1201 490 1256 καὶ
526 1202 651 1272 ὅρον
675 1201 949 1254 τεθεῖσθαι
973 1199 1068 1253 τοῦ
1099 1220 1116 1252 ι
1147 1202 1220 1272 μὴ
1260 1200 1530 1270 ἐκλείψειν
1561 1201 1664 1266 ἕως

1923 1222 1973 1259 m
2002 1208 2197 1276 pedum
2227 1216 2448 1262 tuorum
2473 1208 2549 1276 M;
2578 1229 2596 1260 ι
2627 1224 2726 1264 nec
2747 1223 2856 1263 non
2878 1209 2968 1262 illa
3001 1227 3014 1262 :
3044 1226 3063 1259 ι
3101 1208 3272 1262 Omne
3296 1224 3434 1277 genu

168 1292 312 1364 ἔλθῃ
337 1291 410 1351 τά
430 1292 769 1363 ἀποκείμενα
810 1292 988 1362 αὐτῷ·
1021 1312 1040 1344 ι
1079 1292 1224 1345 τοῦτ’
1253 1291 1370 1345 ἔστι
1417 1292 1488 1346 τὰ
1513 1293 1618 1346 ὑπὸ
1662 1311 1684 1346 1

1916 1306 2111 1353 :ctatur
2139 1301 2469 1364 eteiestium,
2503 1302 2842 1356 terrestrium
2883 1310 2939 1357 et
2969 1302 3308 1359 infernorum
3334 1320 3349 1368 ;
3378 1311 3432 1356 et

167 1373 396 1456 Πατρὸς
428 1384 810 1456 ἐπηγγελμένα
836 1384 914 1456 τῷ
943 1384 1183 1457 Χριστῷ,
1209 1385 1442 1456 φήσαντι
1467 1385 1596 1458 (τος)
1624 1404 1683 1458 πε

1919 1393 2040 1447 nnis
2079 1393 2262 1462 lingua
2295 1392 2620 1450 conﬁteatur
2648 1393 2776 1463 quia
2806 1392 3070 1449 Dominus
3092 1393 3252 1448 Jesus
3277 1392 3435 1448 Chri—

164 1477 382 1540 αὺτὸν,
431 1495 452 1529 ι
479 1477 661 1532 Κάθου
707 1479 772 1532 ὲκ
815 1477 1004 1544 δεξιῶν
1038 1493 1180 1548 μου,
1231 1477 1336 1541 ἕως
1386 1477 1452 1532 ἂν
1503 1478 1580 1532 θῶ
1631 1498 1680 1533 τι

1917 1499 1977 1540 us
2001 1483 2068 1539 “.
2103 1503 2122 1536 ι
2155 1483 2308 1538 Tunc
2335 1485 2480 1538 enirn
2503 1492 2556 1539 et
2582 1485 2826 1555 gentium
2855 1485 3191 1554 exspectatio
3217 1499 3337 1553 qua:
3367 1484 3433 1536 ab

163 1562 408 1635 ἐχθρούς
439 1581 536 1619 σου
578 1565 866 1620 ὑποπόδιον
907 1565 1015 1620 τῶν
1057 1566 1236 1621 ποδῶν
1279 1583 1403 1621 σου·
1440 1587 1460 1620 ι
1491 1569 1582 1624 ὅτε
1627 1587 1679 1623 κε

1914 1582 2200 1645 »ιοηψοτε
2251 1591 2425 1646 usque
2489 1577 2558 1631 ad
2615 1578 2748 1631 illud
2803 1577 2858 1630 in
2904 1592 3028 1631 eum
3061 1577 3430 1639 crediderunt,

170 1675 194 1708 ι
229 1657 349 1710 Πᾶν
393 1657 522 1726 γόνυ
570 1657 776 1729 κάμψει
825 1658 1164 1730 ἐπουρανίων
1209 1661 1304 1714 καὶ
1353 1661 1614 1729 ἐπιγείων
1663 1680 1686 1714 :1

1918 1667 2284 1726 'omissionum
2309 1670 2836 1725 consummationem
2858 1669 3085 1732 videbit,
3107 1677 3434 1739 speratoque

161 1749 578 1820 καταχθονίων,
605 1751 700 1805 καὶ
738 1753 886 1804 πᾶσα
920 1750 1141 1820 γλῶσσα
1184 1750 1638 1822 ,ἐξομολογήσεται
1672 1777 1677 1799 ι

1919 1759 2120 1813 eiorum
2144 1775 2314 1830 regno
2342 1762 2599 1830 potietur.
2630 1760 2756 1816 Haec
2779 1762 2994 1831 quidem
3025 1763 3131 1826 ita;
3160 1775 3282 1830 quae
3305 1776 3435 1816 vero

162 1813 381 1914 Κύριος
416 1813 621 1912 Ἰησοῦς
648 1843 913 1914 Χριστός·
933 1813 968 1896 ἰ
1015 1813 1316 1913 τηνικαῦτα
1365 1813 1480 1916 γάρ.
1503 1845 1597 1898 καὶ
1645 1863 1676 1898 τ

1911 1859 2166 1920 :quuntur
2198 1871 2214 1907 :
2254 1869 2275 1902 ι
2319 1850 2529 1922 .Ligans
2575 1852 2644 1910 ad
2687 1851 2899 1905 vineam
2933 1852 3141 1921 pullum
3174 1866 3332 1905 suum
3359 1892 3374 1912 .
3410 1871 3427 1902 ι

159 1933 348 1989 ἐθνῶν
396 1935 690 2006 προσδοκία
737 1935 848 1989 τῶν
898 1935 992 1988 ἐπὶ
1019 1934 1114 1988 τοῦ
1159 1937 1423 2007 παρόντος
1467 1939 1548 2000 εις
1591 1939 1675 1990 air

1916 1941 2152 2012 Iegorice
2175 1943 2585 2013 interpretanda
2607 1944 2871 2000 studiosis
2889 1945 3022 1997 viris
3044 1943 3432 2012 relinquemus,

157 2027 618 2082 πεπιστευκότων
688 2027 902 2098 καιρὸν·
952 2026 1064 2093 ἕξει
1127 2025 1226 2090 τάς
1293 2027 1673 2101 προσδοκηθείε

1919 2036 2113 2092 nribus
2149 2035 2264 2105 iam
2300 2037 2485 2103 dictis,
2529 2051 2640 2092 non
2675 2035 2821 2105 quod
2861 2034 2930 2088 ad
2965 2035 3304 2104 propositum
3337 2049 3435 2087 no-

154 2117 504 2187 ὲπαγγελίας
555 2117 885 2189 κομίσασθαι
931 2119 990 2171 ἐν
1032 2119 1099 2188 τῇ
1166 2117 1588 2192 προσδοκωμένη
1645 2139 1670 2174 τ

1917 2142 2064 2193 rum;
2096 2129 2299 2199 quippe
2327 2144 2448 2198 quae
2493 2128 2560 2182 ad
2596 2127 2742 2182 hunc
2781 2127 2958 2181 locum
2992 2127 3276 2196 perSpicue
3307 2127 3433 2179 illn-

153 2209 416 2282 οὐρανῶν
445 2209 713 2281 βασιλεία.
743 2210 853 2263 Καὶ
880 2209 1054 2264 ταῦτα
1088 2213 1186 2282 μὲν
1207 2212 1380 2285 ταύτῃ
1401 2229 1414 2242 ·
1451 2211 1520 2266 τὰ
1547 2214 1591 2264 δ’
1624 2213 1669 2275 ἐξ

1147 2230 1186 2264 ιν
1207 2212 1380 2285 ταύτῃ
1401 2229 1414 2242 ·
1451 2211 1520 2266 τὰ
1547 2214 1591 2264 δ’
1624 2213 1753 2285 ἑξῆς
1855 2220 2141 2274 strandum
2181 2221 2612 2289 requirerentur.
2658 2218 2663 2225 ’

153 2301 412 2366 ἀπὸτοῦ,
443 2321 462 2353 ι
484 2301 772 2372 Δεσμεύων
810 2301 946 2373 πρὸς
980 2302 1226 2373 ἄμπελον
1264 2304 1354 2357 τὸν
1379 2303 1556 2357 πῶλον
1582 2305 1767 2369 αὐτοῦ,
1812 2327 1831 2359 r
1874 2313 1972 2381 τῆς
2001 2311 2066 2364 δι’
2097 2311 2424 2383 ἀλληγορίας
2455 2313 2709 2375 ὑπονοίας
2747 2310 3027 2382 ἠρτημένα
3065 2312 3173 2373 τοῖς
3205 2310 3433 2388 φιλομινε-

157 2395 290 2449 θέσι
348 2394 531 2469 ζητεῖν
565 2392 1000 2464 καταλείψομεν,
1064 2394 1453 2459 πλεονάσαντες
1487 2397 1580 2448 καὶ
1618 2398 1676 2450 ὲν
1713 2403 1825 2463 τοῖς
1862 2403 2203 2473 εἰρημένοις,
2256 2406 2318 2456 οὺ
2357 2405 2497 2458 κατὰ
2544 2405 2635 2457 τὸν
2680 2403 3011 2475 προτεθέντα
3066 2404 3162 2474 μὲν
3210 2403 3430 2461 σκοπὸν,

152 2495 320 2562 ὅμως
338 2489 382 2542 δ’
401 2487 463 2552 ἐξ
481 2487 727 2559 ἀνάγκης
753 2487 897 2560 ὑπὲρ
918 2488 1121 2557 σαφοῦς
1141 2489 1443 2561 διηγήσεως
1466 2490 1573 2544 τῶν
1600 2492 1740 2546 κατὰ
1777 2494 1866 2548 τὸν
1895 2496 2079 2551 τόπον.

701 2580 1099 2634 ΚΕΦΑΔΔῙΟΝ
1137 2580 1215 2635 Θ¹.

2456 2590 2685 2646 CAPUT
2739 2591 2830 2648 i'X.

675 2673 807 2726 Ἀπὸ
842 2671 954 2741 τῆς
993 2671 1256 2738 Ἐξόδου.

2471 2685 2552 2738 Ab
2590 2685 2795 2739 Exodo.

243 2785 264 2819 ι
297 2765 408 2820 Καὶ
433 2764 674 2836 Μωῦσῆς
690 2759 758 2835 ἦν
775 2765 1078 2835 ποιμαίνων
1100 2764 1169 2818 τὰ
1192 2765 1441 2836 πρόϐατα
1467 2766 1631 2839 Ἰοθόρ
1652 2766 1749 2820 τοῦ

1935 2793 1954 2826 ι
2004 2774 2220 2846 Moyses
2288 2784 2474 2832 autem
2528 2780 2788 2847 pascebat
2833 2794 2962 2834 oves
3022 2775 3210 2833 Jethro
3256 2781 3429 2833 soceri

156 2861 232 2931 (f.
259 2859 316 2930 8)
343 2857 594 2930 γαμὸροῦ
622 2856 809 2912 αὐτοῦ.
838 2877 856 2908 ι
884 2856 996 2910 Καὶ
1031 2857 1150 2927 μετ’
1175 2857 1331 2926 ὀλίγα
1353 2877 1366 2890 ’
1400 2879 1418 2910 ι
1444 2861 1554 2912 Καὶ
1590 2855 1672 2930 ἦλ(

1914 2869 1946 2921 ιί
1976 2869 2044 2923 ⁸⁷.
2079 2888 2098 2920 ι
2126 2868 2192 2922 Et
2225 2878 2349 2940 post
2380 2885 2553 2941 pauca
2579 2889 2593 2926 :
2623 2889 2642 2922 ι
2676 2869 2946 2940 Venitque
2982 2871 3046 2924 ad
3075 2880 3308 2925 montem
3338 2870 3430 2925 Dei

155 2957 248 3017 εἰς
266 2952 330 3006 τὸ
353 2952 478 3023 ὅρος
501 2949 596 3004 τοῦ
617 2949 754 3003 Θεοῦ
774 2951 980 3022 Χωρήσ
999 2967 1013 2981 ·
1040 2950 1195 3022 ὤφθη
1221 2952 1276 3004 δὲ
1298 2952 1528 3020 ἄγγελος
1545 2953 1666 3024 Κυρ

1913 2959 2074 3025 oreb;
2112 2962 2472 3030 apparuitque
2502 2962 2551 3016 ei
2599 2961 2811 3016 Domini
2847 2961 3070 3030 angelus
3117 2961 3172 3014 in
3214 2961 3429 3014 ﬂamma

157 3043 321 3117 αὐτῷ
358 3047 417 3098 ἐν
463 3043 622 3113 φλογὶ
660 3043 852 3114 πυρός.
884 3062 904 3093 ι
952 3041 1063 3096 Καὶ
1116 3043 1237 3114 μέθ’
1265 3044 1461 3113 ἓτερα’
1500 3062 1518 3094 ι
1568 3043 1657 3107 Ὠς

1917 3051 2003 3106 nis
2033 3050 2114 3118 ⁸⁸ς
2155 3070 2174 3101 ι
2207 3067 2272 3106 ac
2321 3051 2518 3107 deinde
2555 3071 2566 3105 :
2603 3072 2621 3103 ι
2653 3051 2900 3107 Cernens
2937 3058 3117 3105 autem
3168 3049 3431 3105 Dominus

156 3133 310 3192 εἶδεν
351 3135 555 3208 Κύριος
581 3135 664 3187 ὅτι
702 3134 972 3206 προσάγει
1007 3134 1156 3198 ἰδεῖν,
1184 3134 1441 3188 ἐκάλεσεν
1473 3133 1635 3188 αὐτὸν

1917 3144 2003 3198 Iod
2035 3151 2287 3215 pergeret
2311 3143 2380 3197 ad
2418 3143 2731 3209 videndum,
2762 3144 2976 3198 vocavit
3009 3160 3130 3198 eum
3155 3143 3220 3197 de
3253 3143 3433 3204 medio

162 3229 342 3302 μέσου
393 3224 489 3281 τοῦ
537 3226 699 3298 βάτου
749 3225 942 3295 λέγων.
976 3245 995 3278 ›
1037 3227 1150 3280 Καὶ
1192 3224 1348 3290 αὖθις
1368 3243 1380 3256 ’
1424 3247 1443 3280 ‹
1483 3225 1648 3284 Είπεν

1915 3232 1976 3286 .bi
2004 3240 2060 3287 et
2091 3232 2167 3285 ait
2201 3231 2280 3297 ⁸⁹;
2315 3250 2333 3282 ι
2360 3239 2414 3286 et
2448 3247 2680 3286 rursus:
2717 3251 2734 3282 ι
2771 3229 2919 3284 Dixit
2949 3239 3128 3286 autem
3169 3230 3431 3286 Dominus

157 3319 372 3392 Κύριος
427 3317 566 3390 πρὸς
615 3316 795 3370 αὐτόν·
840 3314 976 3385 Ἐγιῖ·
1026 3317 1141 3387 εἰμι
1189 3319 1218 3370 ὀ
1259 3315 1353 3370 ὥν.
1393 3336 1411 3368 ι
1452 3319 1563 3376 Καὶ
1610 3335 1673 3388 με

1917 3327 1920 3377 l
1949 3339 2074 3379 eum
2101 3343 2114 3379 :
2144 3323 2256 3394 Ego
2287 3339 2408 3378 sum
2438 3323 2533 3392 qui
2562 3339 2682 3377 sum
2717 3324 2784 3376 ".
2827 3343 2842 3374 ι
2877 3322 2941 3376 Et
2976 3325 3116 3377 infra
3152 3343 3165 3378 :
3202 3342 3221 3375 ι
3256 3323 3433 3377 Locu-

158 3413 430 3466 πλεῖσταο
466 3432 486 3464 ι
521 3411 811 3481 Ἒλάλησεν
845 3410 904 3462 δὲ
930 3411 961 3462 ὁ
994 3409 1125 3472 Θεὸς
1173 3410 1311 3481 πρὸς
1339 3410 1610 3480 Μωῦσῆνο
1651 3429 1674 3465 κ

1917 3429 1944 3468 s
1972 3423 2058 3468 est
2101 3413 2246 3468 Deus
2291 3412 2359 3467 ad
2399 3412 2664 3484 Moysem,
2715 3414 2958 3485 dixitque
2989 3415 3056 3468 ad
3098 3431 3223 3470 eum
3275 3435 3286 3469 :
3321 3415 3431 3486 Ego

161 3501 325 3559 εἵπεν
362 3503 498 3576 πρὸς
539 3503 734 3557 αὐτόν·
779 3500 919 3570 Ἐγὼ
947 3500 1170 3572 Κύριος,
1220 3502 1315 3556 καὶ
1371 3500 1558 3574 ὤφθην
1610 3521 1677 3574 πρ

1913 3503 2142 3566 ominus,
2196 3504 2291 3574 qui
2341 3504 2567 3574 apparui
2602 3503 2900 3569 Abraham,
2947 3506 3094 3559 Isaac
3143 3513 3197 3558 et
3237 3504 3429 3568 Jacob,

174 3594 431 3667 Ἀϐραὰμ
453 3595 549 3648 καὶ
590 3593 772 3646 Ἰσαὰκ
794 3595 886 3648 καὶ
917 3592 1131 3656 Ἰακὼϐ,
1162 3593 1293 3657 Θεὸς
1320 3593 1394 3647 ὢν
1420 3595 1620 3661 αὐτῶν,
1650 3613 1690 3648 κε

1916 3609 1978 3646 ιω
2005 3609 2185 3649 essem
2218 3593 2362 3650 Deus
2382 3610 2595 3657 eorum,
2622 3609 2929 3663 nomenque
2960 3610 3138 3648 meum
3171 3593 3432 3648 Dominus

157 3690 231 3744 τὸ
275 3687 447 3759 ὄνομά
498 3703 600 3758 μου
655 3687 860 3759 Κύριος
913 3687 1017 3741 οὐκ
1077 3687 1323 3758 ἐδήλωσα
1381 3690 1597 3751 αὐτοῖς·
1648 3707 1673 3741 κ

1911 3701 1961 3739 η]
2012 3685 2253 3740 indicari
2300 3686 2426 3752 eis;
2477 3685 2767 3756 pepigique
2817 3685 2996 3739 feedus
3066 3701 3246 3739 meum
3305 3701 3427 3738 cum

161 3784 374 3854 ἐστησα
394 3781 492 3852 τὴν
516 3779 792 3850 Διαθήκην
819 3797 918 3850 μου
949 3780 1085 3852 πρὸς
1104 3780 1322 3845 αὐτοὺς,
1349 3798 1368 3832 ι
1393 3781 1486 3834 καὶ
1507 3779 1576 3834 τὰ
1600 3781 1677 3847 ὲξὶ

1913 3776 2016 3842 5”,
2058 3795 2078 3829 ι
2112 3784 2165 3833 ει
2198 3777 2433 3847 reliqua.
2456 3777 2888 3832 Accuratissime
2927 3777 2983 3830 in
3025 3776 3148 3831 istis
3179 3793 3288 3830 non
3327 3776 3429 3831 Do-

165 3873 386 3944 Σφόδρα
417 3871 955 3943 παρατετηρημένως
1000 3874 1058 3925 ὲν
1090 3871 1297 3934 τούτοις
1337 3873 1438 3943 οὐχ
1479 3874 1508 3924 ὁ
1546 3873 1681 3943 Κύρι

1911 3865 2059 3929 inus,
2097 3868 2192 3922 sed
2220 3869 2448 3937 angelus
2476 3868 2626 3922 visus
2660 3867 2831 3921 fuisse
2860 3866 3114 3930 refertur,
3146 3883 3240 3936 per
3267 3883 3427 3936 quem

159 3965 287 4020 ἀλλ’
315 3966 342 4017 ὁ
367 3962 593 4032 ἄγγελος
613 3956 790 4030 ὦφθαι
806 3960 884 4032 τῷ
909 3962 1133 4014 Μωῦσεῐ
1146 3961 1666 4034 άναγέγραπται,δι’

1915 3959 2140 4024 )minus,
2169 3965 2328 4028 quasi
2353 3975 2450 4029 per
2480 3959 2834 4027 interpretem
2869 3957 3271 4022 manifestatus,
3301 3959 3431 4013 edo-

161 4059 266 4113 καὶ
302 4058 332 4108 ὁ
363 4055 567 4127 Κύριος
619 4053 810 4125 ὥσπερ
841 4054 906 4107 δι’
942 4054 1223 4124 ἑρμηνέως
1271 4055 1619 4126 χρηματίζων
1669 4056 1677 4105 i‘

1920 4055 1940 4102 t
1977 4048 2218 4118 seipsum
2260 4066 2368 4104 non
2401 4043 2648 4119 aliquam"
2676 4064 2800 4106 esse
2845 4049 3155 4104 inferiorem
3188 4059 3429 4119 potesta-

159 4152 380 4213 adcmt,
405 4150 487 4203 ὅτι
531 4147 605 4218 μὴ
635 4147 720 4219 εἴη
762 4146 1136 4216 ὑποσεᾶηκυίά
1172 4163 1255 4210 τις
1290 4145 1519 4218 δύναμις
1547 4148 1580 4218 ἦ
1613 4164 1675 4218 χρ

1913 4156 1984 4206 m,
2027 4141 2123 4197 sed
2164 4142 2308 4196 hunc
2354 4143 2530 4212 ipsum
2553 4143 2659 4212 qui
2704 4151 2807 4197 est.
2853 4141 2987 4208 Quis
3012 4144 3102 4198 ille
3134 4143 3300 4212 igitur
3334 4143 3429 4214 qui

164 4243 491 4316 ματίζουσα,
513 4239 626 4294 ἀλλ’
643 4238 800 4302 αὐτὸς
826 4241 854 4292 ὁ
872 4237 966 4291 ῶν.
986 4238 1333 4309 Σαφέστερον
1359 4238 1416 4292 δὲ
1435 4239 1520 4302 τίς
1539 4240 1680 4292 sem

1918 4243 1958 4299 t,
1996 4235 2110 4302 haec
2141 4235 2300 4289 nobis
2335 4235 2550 4304 plenius
2584 4235 2967 4289 demonstrant
2995 4256 3006 4290 :
3049 4254 3068 4286 ι
3106 4234 3218 4304 Ego
3253 4227 3434 4288 Domi-

162 4337 246 4391 ὣν
261 4335 499 4407 παριστᾷ
517 4336 574 4387 ὲν
592 4333 668 4404 τῷ
685 4333 761 4402 (Ι)
779 4347 963 4402 φησιν’
996 4350 1014 4383 ι
1037 4330 1178 4399 Ἐγὼ
1202 4331 1423 4403 Κύριος·
1448 4332 1544 4384 καὶ
1565 4331 1678 4400 ῶφθ

1920 4344 1981 4392 ιε,
2014 4327 2108 4398 q,ui
2157 4329 2382 4397 apparui
2423 4326 2720 4391 Abraham,
2768 4325 2918 4380 lsaac
2966 4334 3020 4380 et
3062 4325 3266 4394 Jacob;
3304 4341 3436 4380 cum

163 4429 310 4500 πρὸς
365 4426 615 4501 Ἀϐραὰμ
667 4426 760 4480 καὶ
817 4424 1004 4478 Ἰσαάκ
1052 4424 1147 4476 καὶ
1210 4423 1443 4487 Ἰακὼϐ,
1496 4422 1626 4487 Θεὸς
1672 4426 1679 4474 i

1924 4434 2027 4474 sem
2055 4418 2196 4473 Deus
2223 4433 2437 4482 eorum,
2467 4434 2775 4487 nomenque
2810 4435 2990 4473 meum
3023 4417 3288 4473 Dominus
3317 4433 3440 4472 non

163 4519 383 4578 αὐτῶν·
410 4518 505 4572 καὶ
540 4517 600 4570 τὸ
638 4515 810 4587 ὄνομά
840 4532 940 4586 μου
969 4514 1173 4585 Κύριος
1216 4516 1318 4568 οὐκ
1361 4513 1606 4585 ἐδήλωσα
1646 4530 1679 4568 α

1923 4512 2080 4567 iicavi
2115 4513 2216 4567 eis.
2239 4532 2258 4564 ι
2277 4511 2409 4578 Quae
2430 4513 2563 4565 mihi
2589 4513 2842 4567 videntur
2868 4513 2947 4568 sic
2972 4513 3381 4581 interpretanda
3413 4551 3439 4570 ,ι

165 4616 315 4678 τοῖς·
349 4633 368 4664 ι
404 4611 435 4664 ὸ
463 4610 558 4665 καὶ
582 4609 818 4663 τοιοῦτον
853 4608 1001 4662 δοκεῖ
1031 4624 1120 4678 μοι
1153 4607 1278 4660 νοῦν
1311 4609 1588 4680 περιέχειν
1609 4626 1620 4638 ο
1660 4609 1681 4662 1

1918 4605 1968 4658 bi
1998 4619 2195 4658 nomen
2228 4620 2406 4658 meum
2437 4620 2612 4674 usque
2643 4621 2788 4659 nunc
2811 4605 2913 4659 soli
2950 4604 3220 4668 revelans,
3262 4603 3426 4656 dico:

172 4707 276 4780 μὲν
297 4705 358 4759 τὸ
381 4702 550 4774 ὕνομά
581 4720 681 4774 μου
703 4701 840 4766 τέως
863 4700 994 4754 αὐτὸ
1020 4700 1178 4770 μόνον
1199 4699 1374 4771 δηλῶν
1403 4717 1544 4771 φημι
1570 4719 1580 4731 '
1610 4701 1688 4769 Ἐγ

1915 4713 1959 4766 ςυ
1990 4697 2289 4762 Dominus;
2317 4697 2566 4765 patribus
2597 4712 2727 4750 vero
2752 4696 2861 4750 tuis
2891 4710 3088 4749 nomen
3115 4711 3292 4749 meum
3320 4709 3431 4747 non

169 4799 407 4870 Κύριος·
443 4797 556 4858 τοῖς
586 4795 643 4848 δὲ
670 4797 782 4858 σοῖς
813 4793 1051 4863 πατράσι
1099 4793 1160 4846 τὸ
1189 4792 1290 4862 μὲν
1326 4792 1496 4862 ὄνομα
1526 4810 1628 4863 μου
1653 4811 1680 4845 ο

1925 4790 2109 4852 iicavi,
2141 4789 2342 4858 quippe
2372 4789 2566 4858 majori
2598 4787 2828 4842 scientia
2863 4788 3065 4858 dignis.
3101 4785 3221 4856 Ipse
3249 4794 3441 4842 autem

169 4893 444 4965 ἐδήλωσα,
473 4892 566 4945 καὶ
601 4888 843 4961 μείζονος
867 4887 979 4959 γὰρ
1012 4885 1150 4952 ἄξιοι
1183 4887 1282 4958 τῆς
1314 4885 1573 4957 τοιαύτης
1609 4903 1685 4954 γνι

1911 4881 2079 4950 iparui
2109 4881 2212 4944 eis,
2267 4889 2321 4935 et
2356 4897 2454 4950 per
2486 4880 2755 4950 meipsum
2786 4878 3197 4935 Testamentum
3247 4894 3427 4931 meum

173 5004 314 5051 οεως
357 4984 651 5056 ἐτύγχανον
693 4982 872 5044 δντες³
919 4979 1083 5043 αὐτὸς
1119 4978 1175 5032 δὲ
1219 4976 1406 5048 ὤφθην
1429 4976 1612 5040 αὐτοῖς
1652 4995 1689 5030 κ¹

1913 4991 1976 5027 ιιι]
2015 4975 2096 5028 eis
2136 4971 2600 5045 pepigi.‘Constat
2645 4973 2976 5043 supradictis
3028 4973 3152 5041 quis
3182 4971 3429 5041 patribus

171 5081 244 5135 δι’
271 5078 464 5133 ἑαυτοῦ
489 5075 768 5148 (ἐμαυτοῦ)
797 5073 896 5144 τὴν
922 5071 1196 5142 Διαθήκην
1249 5089 1349 5141 μου
1381 5071 1518 5140 πρὸς
1546 5070 1687 5124 αὐτοί

1911 5069 2184 5138 ιροτυενὶι.
2213 5068 2389 5138 Hujus
2420 5070 2564 5122 enim
2610 5069 2714 5122 loci
2747 5067 3057 5136 explanatio
3086 5081 3208 5120 eum
3242 5073 3427 5118 osten-

174 5173 401 5242 ³ἐστησα.
423 5167 693 5240 Πρόδηλον
721 5166 778 5219 δὲ
805 5166 869 5218 ἐκ
900 5163 1009 5216 τῶν
1033 5162 1544 5234 προαποδεδομένων
1572 5157 1690 5226 τίςὶ

1914 5168 1934 5213 t
1978 5177 2100 5216 esse
2157 5181 2176 5214 ι
2229 5161 2283 5216 in
2329 5161 2604 5231 principio
2650 5161 2792 5229 apud
2845 5159 3032 5221 Deum,
3085 5157 3252 5212 Deum
3298 5156 3428 5210 Ver-

173 5267 204 5318 ό
254 5265 368 5324 τοῖς
405 5260 675 5330 πατράσιν
719 5257 935 5326 ὀφθείς·
969 5255 1158 5308 τοῦτον
1205 5253 1314 5323 γὰρ
1362 5253 1686 5326 ἐξεταζόμεν

1909 5269 1985 5306 tm
2011 5256 2078 5307 θ’.
2121 5273 2139 5304 i
2177 5253 2325 5308 Idem
2365 5254 2531 5324 igitur
2584 5270 2730 5307 nunc
2769 5268 2985 5322 quoque
3025 5251 3425 5311 manifestatur,

174 5352 268 5407 τὸν
296 5350 494 5423 τρόπον
518 5351 546 5402 ὀ
564 5348 720 5415 λόγος
747 5345 884 5418 πρὸς
912 5345 1004 5397 τὸν
1030 5364 1048 5395 ι
1072 5345 1131 5396 ὲν
1152 5344 1292 5415 ἀρχῇ
1316 5343 1450 5414 πρὸς
1471 5343 1563 5397 τὸν
1591 5343 1690 5396 Θεὸ

1911 5345 1952 5398 ;(1
1997 5361 2106 5400 non
2137 5345 2326 5401 eodem
2381 5344 2544 5400 modo
2571 5361 2681 5414 quo
2733 5345 2999 5414 patribus.
3052 5341 3146 5396 His
3193 5341 3335 5394 enim
3374 5349 3427 5391 nt

175 5444 308 5498 Θεὸν
328 5441 495 5511 Λόγον
527 5459 545 5491 ι
590 5439 852 5509 ὑπάρχειν
885 5436 1250 5491 ἀπεδείκνυεν.
1286 5435 1492 5489 Οὐκοῦν
1519 5439 1548 5490 ὁ
1586 5437 1691 5490 αὕτη

1910 5438 2154 5508 ajoribus
2185 5445 2240 5493 et
2266 5437 2690 5509 perfectioribus
2720 5437 2836 5505 ipse
2867 5435 3017 5488 visus
3039 5440 3122 5486 est
3149 5442 3200 5484 et
3231 5448 3323 5500 per
3347 5447 3421 5482 se-

178 5537 279 5592 καὶ
315 5535 410 5588 νῦν
447 5533 788 5603 ἐπιφαίνεται
814 5569 828 5596 ,
850 5531 964 5584 ἀλλ’
987 5531 1086 5600 οὐχ
1102 5529 1302 5600 ὁμοίως
1315 5544 1380 5596 γε
1391 5531 1502 5591 τοῖς
1520 5530 1694 5598 προπά

1913 5546 2032 5585 sum
2069 5529 2478 5586 Testamentum
2510 5545 2670 5587 suum
2709 5543 2832 5582 cum
2880 5528 2949 5582 iis
2991 5526 3213 5596 pepigit.
3258 5521 3429 5594 Moysi

251 5651 296 5682 ³⁸
336 5647 492 5704 Rom.
528 5664 580 5702 ιχ
603 5690 616 5710 ,
644 5648 750 5718 29ε
811 5648 856 5680 ⁸⁸
894 5645 1039 5718 Psal.
1064 5646 1300 5718 93,1;
1340 5647 1472 5718 Aet.
1499 5661 1539 5711 1,
1589 5645 1686 5718 ’54ζ
1717 5647 1767 5700 ὄὲ

1911 5647 1955 5678 ⁸⁸
1993 5646 2189 5718 Philip.
2223 5664 2296 5716 It,
2342 5650 2427 5703 10.
2530 5647 2574 5679 ⁸⁷
2618 5646 2788 5700 Exod.
2833 5661 2930 5699 Ill.
2969 5645 3017 5697 i.
3121 5644 3167 5675 ⁸⁸
3207 5640 3338 5698 ibid.
3371 5640 3427 5698 Εἰ.

182 5721 230 5754 ⁸⁹
268 5719 396 5775 ibid.
438 5720 492 5772 ci.
564 5721 610 5752 ⁹⁰
648 5717 779 5774 ibid.
819 5719 904 5773 Μ.
979 5717 1022 5748 ⁹¹
1064 5715 1232 5771 Exod.
1270 5731 1324 5771 Vl
1349 5756 1362 5783 ,
1390 5716 1480 5771 2-4
1576 5718 1620 5747 θ’
1658 5714 1698 5770 Ιι

462 5736 492 5772 ι.
564 5721 610 5752 ⁹⁰
648 5717 779 5774 ibid.
819 5719 904 5773 Μ.
979 5717 1022 5748 ⁹¹
1064 5715 1232 5771 Exod.
1270 5731 1324 5771 vr
1349 5756 1362 5783 ,
1390 5716 1480 5771 2-4
1576 5718 1620 5747 ⁹¹
1658 5714 1821 5773 Joan.
1854 5732 1893 5782 ι,
1931 5718 1978 5771 1.

257 5835 330 5906 (l)
377 5834 478 5903 Τῷ.
510 5835 673 5894 Forte
703 5828 769 5907 ᾧ,
809 5835 894 5894 vel
920 5829 1018 5900 οἷς.
1062 5832 1224 5892 Eutr.
