3826 6216
394 317 529 376 1051

1137 323 1406 380 EUSEBII
1438 324 1919 382 C/ESABIENSIS
1957 325 2109 382 OPP.
2154 325 2334 382 PARS
2362 325 2948 384 lll.—EXEGETICA.

3521 328 3672 384 ωδε

392 450 526 491 vero
553 435 708 490 visus
739 442 824 491 est
855 451 966 491 non
1018 435 1305 503 Dominus,
1343 440 1439 496 sed
1471 455 1727 512 angelus;
1763 443 1978 496 vocavit

2113 456 2264 510 ορσιν
2289 457 2302 471 ·
2357 440 2584 504 ἐκείνοις
2641 440 2748 511 γὰρ
2789 440 2884 494 ἆτε
2927 440 3134 510 μείζοσι
3169 441 3262 494 καὶ
3303 441 3664 514 τελειοτέρας

393 543 520 582 eum
555 542 665 581 non
688 527 801 597 jam
835 528 1081 598 angelus,
1115 530 1208 584 sed
1244 529 1525 586 Dominus.
1561 532 1824 588 Dominus
1853 535 1974 604 qui-

395 621 519 674 dem
553 627 672 674 erat
700 621 1041 689 praecipiens,
1077 623 1302 692 angelus
1336 639 1465 678 vero
1494 625 1675 679 divina
1715 642 1978 697 exseque-

395 710 559 765 batur
591 709 866 764 mandata.
905 709 1033 765 lnde
1067 711 1340 766 interdum
1377 713 1554 782 legere
1582 724 1664 770 est
1701 716 1756 770 in
1786 725 1977 772 sancto

394 802 688 870 Apostolo:
714 821 731 852 ι
757 802 859 866 Qui
896 803 1046 858 solus
1076 804 1301 860 ordinas
1332 821 1429 875 per
1464 809 1685 878 angelos
1718 810 1774 862 in
1810 824 1975 863 manu

399 893 719 947 Mediatoris
751 894 834 958 ⁹³;
872 913 890 946 ι
926 902 978 947 et
1008 913 1020 949 :
1065 914 1082 946 ι
1121 894 1179 949 Si
1209 899 1354 950 enim
1389 899 1481 968 qui
1515 915 1609 968 per
1645 901 1868 969 angelos
1894 902 1977 954 di-

396 991 520 1037 ctus
563 989 645 1036 est
688 998 890 1046 sermo,
938 981 1117 1038 factus
1164 994 1248 1040 est
1293 986 1480 1042 ﬁrmus
1510 989 1578 1042 ’⁸.
1626 1007 1645 1040 ι
1692 987 1979 1044 Manifeste

398 1073 566 1143 igitur
602 1075 828 1144 angelus
855 1076 1127 1143 apparuit,
1163 1083 1217 1130 et
1249 1076 1512 1133 Dominus
1535 1095 1631 1149 per
1654 1095 1778 1134 eum
1803 1080 1980 1133 mani-

399 1169 722 1224 festabatur.
759 1169 870 1224 Nec
902 1171 1066 1224 semel
1123 1172 1367 1229 invenias
1399 1175 1456 1228 in
1498 1177 1647 1231 omni
1682 1178 1798 1248 lege
1832 1177 1981 1232 Scri-

399 1268 617 1328 pturam
655 1259 985 1313 indicantem
1023 1259 1194 1330 Moysi
1229 1263 1407 1316 visum
1452 1263 1623 1321 fuisse
1680 1265 1848 1321 Deum
1897 1268 1981 1323 vel

401 1345 716 1410 Dominum,
745 1348 890 1418 quod
929 1347 996 1401 de
1039 1352 1172 1405 solis
1202 1353 1380 1408 tribus
1410 1355 1742 1424 patriarchis
1771 1357 1984 1413 videtur

402 1453 526 1492 esse
554 1439 781 1492 dictum.
808 1440 851 1492 E
883 1442 1081 1511 quibus
1125 1453 1370 1513 apertum
1417 1455 1500 1501 est
1553 1462 1769 1503 omnem
1808 1451 1980 1520 legem

404 1526 686 1584 Hebraicre
719 1533 894 1601 gentis
928 1533 1264 1598 hominibus,
1292 1544 1351 1590 ut
1385 1545 1564 1594 mente
1589 1540 1984 1600 inﬁrmioribus

404 1625 458 1670 ct
482 1619 584 1672 sub
615 1619 753 1676 duce
776 1625 1110 1690 constitutis,
1137 1627 1390 1681 traditam
1423 1633 1582 1700 quasi
1610 1647 1705 1702 per
1736 1635 1987 1706 paedago-

405 1729 503 1782 gos
535 1723 698 1785 atque
747 1719 1120 1777 moderatores
1170 1722 1362 1788 fuisse,
1399 1742 1501 1781 nec
1547 1743 1655 1783 non
1694 1731 1874 1801 typice
1904 1734 1984 1790 eis

405 1815 460 1861 et
492 1810 790 1878 symbolice
821 1813 1003 1868 divina
1042 1818 1298 1872 mandata
1323 1823 1563 1877 revelata
1594 1823 1783 1893 fuisse,
1821 1836 1981 1897 prout

407 1898 658 1955 altiorem
707 1904 1120 1978 spiritalemque
1175 1909 1522 1982 disciplinam
1575 1917 1826 1986 accipere
1876 1935 1986 1974 non

404 1993 739 2059 valentibus,
787 1999 1114 2082 quippe-qui
1167 2002 1491 2075 Egyptiaca
1544 2009 1774 2064 mollitie
1829 2013 1986 2081 pueri

407 2085 626 2141 educati
656 2098 833 2152 erant,
867 2099 920 2145 et
945 2093 1114 2148 multa
1143 2095 1322 2150 adhuc
1352 2100 1710 2156 conversione
1739 2102 1990 2174 indigen—

409 2178 748 2246 tes;quibus
785 2180 924 2249 ignis
945 2197 1069 2238 esse
1106 2185 1246 2240 Deus
1273 2185 1478 2241 dicitur
1514 2207 1528 2244 :
1565 2207 1584 2241 ‹
1627 2189 1774 2246 Deus
1804 2201 1993 2248 noster

411 2269 554 2338 ignis
581 2283 912 2329 consumens
952 2275 1020 2339 ⁸⁵,
1062 2294 1080 2327 ι
1109 2277 1254 2346 quod
1293 2281 1516 2337 minime
1547 2282 1612 2338 de
1661 2286 1989 2354 patriarcbis

411 2360 637 2419 dicitur.
671 2363 872 2421 Verum
899 2383 1024 2422 eum
1053 2371 1177 2425 illos
1199 2372 1353 2442 jubet
1385 2390 1442 2429 se
1472 2376 1764 2445 puriﬁcare
1794 2387 1853 2433 ut
1876 2381 1993 2450 glo-

413 2454 550 2508 riam
587 2455 799 2513 Domini
837 2461 1076 2528 videant,
1108 2478 1216 2518 non
1261 2466 1402 2521 sicut
1453 2467 1520 2523 de
1568 2469 1902 2538 Abrahamo,
1939 2481 1992 2528 et

411 2545 624 2613 lsaaco,
651 2557 705 2604 et
730 2549 934 2606 Jacobo
963 2555 1278 2624 simpliciter
1293 2557 1494 2611 dicitur
1515 2557 1684 2614 Deum
1703 2561 1782 2617 eis
1815 2563 1992 2620 visum

411 2654 558 2703 esse,
606 2642 702 2695 sed
744 2642 858 2698 haec
906 2645 1100 2700 eadem
1133 2648 1303 2702 multo
1352 2656 1406 2702 et
1449 2652 1691 2707 terriﬁco
1725 2664 1992 2725 apparatu

414 2740 808 2786 narrantur”
864 2734 1098 2807 Jamque
1155 2738 1448 2794 advenerat
1487 2745 1684 2799 tertius
1742 2744 1881 2811 dies,
1941 2756 1997 2803 et

416 2835 577 2875 mane
603 2822 940 2878 inclaruerat
961 2845 974 2879 ε
999 2835 1053 2882 et
1073 2843 1200 2883 ecce
1228 2841 1513 2899 creperum
1531 2833 1708 2888 audiri
1730 2836 1993 2901 tonitrua,

417 2926 482 2965 ac
529 2913 732 2970 micare
785 2914 1039 2986 fulgura,
1093 2925 1148 2974 et
1195 2921 1371 2977 nubes
1408 2923 1738 2981 densissima
1783 2929 1998 2997 operire

419 3012 683 3067 montem,
725 3007 1058 3080 clangorque
1091 3011 1336 3069 buccinae
1376 3016 1750 3075 vehementius
1785 3029 1995 3092 strepe-

420 3093 532 3148 bat.
563 3093 628 3148 Et
662 3097 844 3151 timuit
877 3102 1111 3168 populus
1145 3103 1238 3172 qui
1267 3112 1386 3159 erat
1419 3107 1474 3160 in
1509 3109 1726 3165 castris.
1751 3110 2000 3182 Cumque

420 3183 701 3240 eduxisset
715 3202 811 3241 eos
829 3188 1040 3259 Moyses
1059 3192 1112 3245 in
1127 3208 1418 3250 occursum
1437 3195 1533 3252 Dei
1555 3197 1622 3253 de
1643 3199 1765 3254 loco
1787 3211 2002 3258 castro-

424 3292 569 3341 rum,
630 3287 898 3336 steterunt
949 3284 1018 3337 ad
1071 3287 1286 3342 radices
1341 3291 1563 3347 montis.
1609 3291 1780 3350 Totus
1819 3305 2000 3352 autem

424 3384 583 3423 mons
619 3369 770 3425 Sinai
807 3373 1050 3429 fumabat
1071 3397 1099 3431 .:
1132 3394 1197 3433 eo
1231 3382 1374 3449 quod
1408 3382 1783 3440 descendisset
1817 3387 2004 3443 Domi-

427 3475 530 3515 nus
557 3477 720 3530 super
745 3480 868 3517 eum
902 3466 955 3520 in
989 3468 1131 3537 igne,
1166 3479 1220 3525 et
1250 3474 1571 3531 ascenderet
1620 3476 1808 3533 fumus
1845 3497 1911 3536 ex
1939 3498 2004 3536 eo

427 3555 585 3620 quasi
623 3556 688 3609 de
738 3556 958 3613 fornace
996 3579 1008 3614 :
1043 3570 1096 3616 et
1135 3565 1316 3618 stabat
1354 3568 1534 3623 omnis
1575 3572 1810 3640 populus
1841 3575 2005 3629 vehe-

430 3652 642 3699 menter
681 3651 1036 3707 conterritus.
1093 3653 1159 3708 Et
1207 3658 1421 3714 sonitus
1464 3660 1712 3718 buccina:
1745 3665 2006 3734 paulatim

429 3740 711 3791 crescebat
741 3741 794 3794 in
825 3743 1006 3811 majus
1037 3754 1092 3799 et
1121 3747 1386 3815 prolixius
1415 3751 1758 3808 tendebatur.
1797 3754 2008 3824 Moyses

433 3826 759 3896 loquebatur
792 3841 845 3886 et
881 3833 1024 3890 Deus
1068 3840 1435 3909 respondebat
1482 3845 1552 3898 ei.
1612 3844 2012 3916 Descenditquc

437 3917 700 3974 Dominus
728 3940 894 3993 super
928 3936 1168 3982 montem
1198 3929 1372 3999 Sinai,
1409 3933 1462 3986 in
1496 3934 1616 4003 ipso
1659 3937 1860 3991 montis
1891 3953 2012 3991 ver-

432 4010 560 4074 tice,
594 4019 648 4064 et.
683 4016 896 4068 vocavit
930 4017 1169 4088 Moysem
1217 4022 1285 4087 9‘,
1327 4042 1344 4073 ι
1380 4031 1434 4078 et
1472 4025 1698 4095 reliqua.
1738 4025 1863 4080 llam
1892 4027 2014 4097 qui-

437 4102 559 4155 dem
597 4104 952 4162 descendisse
1004 4108 1291 4166 Dominum
1324 4121 1614 4180 testantur,
1652 4117 1804 4173 visus
1830 4127 2013 4174 autem

435 4193 605 4250 fuisse
653 4198 876 4254 minime
940 4199 1133 4267 fertur,
1187 4206 1332 4274 quod
1385 4205 1453 4260 de
1506 4209 1638 4263 solis
1686 4211 2014 4278 patriarchis

433 4287 784 4342 observatum
815 4298 919 4346 cst.
954 4292 1170 4349 Domini
1233 4298 1400 4366 igitur
1454 4302 1739 4368 praesentia
1792 4302 2011 4372 quidem

436 4376 578 4430 facta
642 4387 748 4441 est,
795 4396 903 4435 non
933 4391 1117 4438 autem
1155 4389 1292 4442 visio
1338 4390 1544 4459 ipsius;
1583 4391 1699 4454 sed,
1744 4399 1802 4443 ut
1840 4400 2008 4459 patet,

436 4468 733 4522 satellitum
783 4471 884 4526 sibi
938 4476 1274 4546 angelorum,
1314 4481 1513 4549 quibus
1568 4482 1775 4535 utiliter
1809 4485 2007 4552 populo
2047 4519 2088 4571 ι)

439 4557 836 4614 formidandam
893 4579 957 4618 ac
994 4567 1288 4622 terriﬁcam
1321 4571 1584 4626 visionem
1636 4572 1835 4635 effecit,
1884 4591 2016 4643 pru-

437 4647 626 4704 denter
643 4655 934 4710 consulens
965 4665 1023 4710 ut
1045 4675 1233 4713 eorum
1265 4664 1530 4716 cautelam
1552 4666 1711 4718 simul
1737 4675 1788 4719 et
1808 4679 2015 4721 metum

423 4753 473 4797 ιι
526 4743 581 4797 in
642 4761 699 4799 se
756 4747 912 4801 ﬁdem
953 4752 1218 4807 stabiliret
1271 4756 1336 4807 ad
1366 4756 1674 4811 custodiam
1719 4758 2018 4814 observan-

426 4843 498 4895 tia
523 4857 684 4910 mque
718 4843 895 4913 lcgum
927 4862 1066 4915 quas
1107 4849 1187 4902 eis
1249 4858 1622 4919 pra:ccpturus
1668 4860 1802 4906 erat.
1860 4852 2014 4918 Quod

440 4947 493 4984 zu
514 4939 620 4984 tem
656 4932 840 5000 plures
868 4945 1024 4989 erant
1069 4937 1295 4991 Domino
1344 4939 1514 5008 legem
1554 4940 1789 4995 cdicenti
1841 4941 2020 4997 famu-

427 5031 516 5077 znn
537 5031 617 5078 tes
649 5027 845 5093 angeli.
873 5029 986 5096 ipse
1010 5029 1218 5100 Moyses
1246 5032 1298 5085 in
1327 5032 1799 5088 benedictionibus
1830 5043 2018 5090 osten-

426 5115 506 5168 dit
563 5117 792 5172 dicens:
827 5139 844 5170 ‹
901 5119 1158 5177 Dominus
1193 5123 1260 5177 de
1311 5122 1442 5186 Sina
1484 5125 1651 5191 venit,
1701 5133 1754 5180 et
1791 5126 1858 5180 de
1899 5125 2019 5181 Seir

445 5218 600 5265 ortus
633 5221 719 5267 est
767 5215 925 5268 nobis
963 5233 976 5268 :
1031 5216 1282 5284 apparuit
1330 5217 1398 5271 de
1442 5227 1625 5272 monte
1695 5215 1931 5281 Pharan,
1964 5227 2018 5273 et

448 5318 572 5356 cum
609 5320 672 5357 eo
704 5315 1018 5359 sanctorum
1067 5308 1254 5361 millia.
1305 5307 1363 5361 In
1421 5308 1612 5364 dextra
1668 5310 1788 5380 ejus
1842 5312 2021 5381 angeli

449 5407 571 5448 cum
606 5412 670 5450 eo
693 5399 759 5450 θτ.
783 5419 798 5447 ι
833 5397 1064 5467 Ideoque
1089 5398 1397 5468 Stephanus
1425 5402 1478 5454 in
1507 5401 1756 5467 Actibus,
1775 5418 2026 5472 cum-po-

450 5485 637 5554 pulum
692 5489 1035 5545 vehementer
1083 5492 1418 5563 objurgaret,
1443 5494 1564 5548 ait:
1608 5515 1625 5546 ι
1661 5495 1763 5562 Qui
1806 5497 2020 5567 accepi-

529 5725 575 5759 "
637 5728 812 5784 Galat.
850 5747 936 5798 ιιι,
975 5735 1061 5789 19.
1136 5736 1181 5767 ⁹⁴
1223 5734 1384 5793 Hebr.
1423 5754 1493 5802 Il,
1528 5737 1583 5792 2.

2078 532 2240 594 αὐτὸς
2268 530 2445 601 ὤφθη,
2473 532 2564 584 καὶ
2594 531 2660 583 δι’
2695 529 2885 583 ἑαυτοῦ
2910 531 3006 600 τὴν
3026 529 3300 601 Διαθήκην
3327 530 3499 584 αὑτοῦ
3528 533 3668 603 πρὸς

2078 625 2274 687 αὐτοὺς
2302 623 2529 693 ἔστησεν
2550 640 2562 653 ·
2599 624 2692 676 ἐπὶ
2725 622 2781 675 δὲ
2803 623 2898 676 τοῦ
2927 623 3203 687 Μωῦσέως
3225 622 3379 692 ὤφθη
3430 625 3536 695 μὲν
3568 627 3671 695 abl

2077 717 2105 768 6
2140 715 2363 786 Κύριος,
2393 715 2507 768 ἀλλ’
2536 717 2564 768 6
2614 715 2846 783 ἄγγελος
2869 733 2883 746 ο
2928 715 3152 768 ἐκάλεσε
3177 715 3233 767 δὲ
3279 712 3441 769 αῦτδν
3479 717 3670 770 οὐκέτι

2078 809 2107 859 6
2140 806 2392 874 ἄγγελος,
2417 806 2533 860 ἀλλ’
2571 807 2599 858 6
2629 807 2833 876 Κύριος
2854 825 2866 837 ·
2897 805 3102 878 Κύριος
3137 807 3236 877 μὲν
3263 806 3370 878 γὰρ
3398 803 3471 877 ἦν
3498 810 3529 860 6
3555 807 3672 861 δια-

2079 897 2405 967 ταττόμενος
2424 915 2437 927 ·
2475 896 2702 965 ἄγγελος
2745 896 2802 949 δὲ
2833 897 2862 948 6
2893 896 3024 960 τοὺς
3042 897 3217 960 θείους
3249 897 3443 964 λόγους
3484 897 3671 951 διακο-

2082 992 2336 1060 νούμενος
2359 1009 2372 1022 ·
2402 990 2524 1044 ὅθεν
2574 991 2621 1043 εί
2665 989 2758 1043 καί
2790 1006 2842 1042 τι
2891 989 3018 1044 ἄλλο
3064 989 3380 1061 θαυμασίως
3410 991 3674 1059 ἐκπεφώ-

2081 1097 2238 1150 νηται
2264 1081 2341 1149 τῷ
2378 1079 2507 1152 ἱερῷ
2543 1079 2868 1149 Ἀποστόλῳ,
2909 1079 3002 1132 καὶ
3045 1079 3126 1144 16,
3179 1098 3196 1130 ι
3233 1080 3291 1134 ’0
3335 1078 3504 1150 μόνος
3554 1081 3675 1133 δια-

2081 1175 2254 1242 ταγῆς
2285 1172 2421 1240 (γεὶς
2448 1172 2537 1242 δι’)
2569 1171 2815 1240 ἀγγέλων
2845 1173 2902 1224 ἐν
2927 1173 3072 1244 χειρὶ
3107 1171 3346 1243 μεσίτου·
3381 1191 3400 1223 ι
3433 1172 3538 1226 καὶ
3572 1172 3638 1222 τό
3657 1187 3670 1200 ·

2089 1281 2107 1314 ι
2132 1264 2195 1316 Et
2223 1263 2332 1336 γὰρ
2377 1264 2406 1316 6
2442 1264 2506 1316 δι’
2553 1263 2801 1332 ἀγγέλων
2833 1263 3084 1334 λαληθεὶς
3115 1263 3272 1332 λόγος
3318 1265 3544 1332 ἐγένετο
3585 1263 3675 1332 βέ-

2084 1356 2253 1418 ϐαιος.
2280 1375 2297 1407 ι
2333 1355 2527 1426 Σαφῶς
2553 1355 2684 1424 γοῦν
2723 1355 2950 1424 ἄγγελος
2986 1357 3232 1427 εἰσῆκται
3265 1357 3361 1410 καὶ
3397 1358 3426 1409 6
3461 1355 3676 1426 Κύριος

2085 1447 2150 1500 δι’
2203 1448 2370 1501 αὑτοῦ
2415 1446 2806 1520 χρηματίζων,
2855 1449 2952 1502 καὶ⁵
2999 1449 3120 1502 οὐδὲ
3171 1448 3319 1514 ἅπαξ
3369 1448 3436 1503 ἂν
3487 1447 3675 1520 εὕροις

2085 1539 2149 1592 δι’
2183 1540 2310 1610 ὅλης
2336 1543 2435 1610 τῆς
2455 1540 2775 1610 νομοθεσίας
2794 1541 2893 1611 τὴν
2913 1539 3134 1613 Γραφὴν
3161 1540 3574 1613 σημειουμένην
3599 1541 3677 1604 ὡς

2085 1631 2165 1683 ὅτι
2200 1629 2264 1702 δὴ
2295 1628 2447 1700 ῶφθη
2479 1632 2506 1684 6
2527 1629 2715 1701 Θεὸςῆ
2749 1631 2778 1684 6
2806 1630 3010 1701 Κύριος
3035 1632 3112 1702 τῷ
3144 1633 3383 1700 Μωῦσεϊ,
3412 1634 3560 1704 ὅπερ
3584 1635 3676 1685 ἐπὶ

2093 1719 2268 1788 μόνων
2295 1719 2401 1772 τῶν
2429 1719 2593 1790 τριῶν
2617 1721 2970 1793 πατριαρχῶν
2996 1723 3279 1794 εἰρημένον
3302 1724 3640 1793 ἐμφαίνεται
3661 1742 3674 1755 θ

2089 1808 2164 1872 ὡς
2215 1810 2286 1881 ἐκ,
2311 1809 2514 1863 τούτων
2549 1811 2719 1879 σαφὲς
2750 1805 2921 1874 εἶναι,
2956 1811 3054 1880 τὴν
3116 1813 3294 1865 πᾶσαν
3347 1813 3680 1882 νομοθεσίαν

2090 1904 2200 1964 τοῖς
2231 1901 2373 1955 κατὰ
2398 1902 2487 1954 τὸν
2537 1903 2657 1955 τότε
2686 1903 2832 1967 λαδν,
2864 1897 2954 1957 οἷα
2992 1902 3056 1974 δὴ
3089 1904 3301 1974 νηπίοις
3346 1905 3448 1968 τάς
3499 1906 3680 1975 ψυχὰς

2091 1997 2184 2048 κα)⁸
2226 1995 2616 2066 εἰσαγομένοις,
2641 1995 2919 2066 διδομένην
2963 1995 3150 2066 ὥσπερ
3179 1995 3268 2049 διὰ
3301 1996 3679 2066 παιδαγωγῶν

2094 2088 2189 2141 καὶ
2216 2088 2514 2158 οἰκονόμων
2539 2087 2956 2159 παραδεδόσθαι,
2991 2088 3235 2152 τυπικῶς
3256 2105 3313 2141 τε
3359 2091 3556 2153 αὐτοῖς
3587 2091 3678 2143 καὶ

2093 2176 2374 2240 είκονικῶς
2395 2176 2462 2229 τὰ
2495 2175 2613 2229 Θεῖα
2638 2175 2726 2229 διὰ
2772 2175 3055 2245 συμϐόλων
3077 2174 3312 2246 ᾐνίχθαι,
3356 2174 3436 2246 τῷ
3471 2176 3553 2247 μὴ
3582 2177 3679 2245 τὴν

2099 2268 2509 2339 μυστικωτέραν
2542 2268 2637 2321 καὶ
2683 2269 3058 2339 πνευματικὴν
3091 2263 3202 2321 οἷόν
3226 2287 3286 2321 τε
3319 2270 3527 2333 αὐτοὺς
3565 2273 3681 2323 ἐπιν-

2093 2359 2347 2424 δέξασθαι
2375 2360 2743 2423 διδασκαλίαν,
2772 2361 2867 2414 άτε
2897 2359 3026 2428 γοῦν
3061 2364 3216 2415 παισὶ
3252 2363 3480 2434 τρόποις
3515 2365 3681 2430 Αἰγυ-

2096 2453 2272 2516 πτίοις
2303 2453 2735 2524 ἐκδιῃτημένοις,
2771 2455 2864 2506 καὶ
2890 2451 3091 2523 πολλῆς
3109 2453 3189 2506 ἔτι
3225 2455 3526 2525 χρῄζουσιν
3555 2457 3680 2507 ἐπει-

2098 2545 2406 2617 στρεφείας,
2457 2545 2567 2616 πῦρ
2610 2541 2746 2599 εἶναι
2779 2547 2808 2599 6
2859 2545 3010 2610 Θεὸς,
3064 2545 3201 2600 κατὰ
3231 2545 3321 2598 τό·
3381 2565 3400 2596 ¢
3434 2547 3496 2598 Ὀ
3549 2543 3679 2606 Θεὸς

2097 2636 2253 2706 ἡμῶν
2297 2635 2408 2707 πῦρ
2441 2636 2853 2699 καταναλίσκον,
2897 2657 2917 2688 ›
2959 2638 3097 2708 ὅπερ
3137 2637 3388 2707 οὐδαμῶς
3428 2639 3527 2690 ἐπὶ
3573 2636 3678 2689 τῶν

2100 2726 2454 2798 πατριαρχῶν
2517 2729 2750 2800 εἴρηται.
2823 2729 2980 2782 Ἀλλά
3043 2731 3138 2783 καὶ
3193 2731 3279 2782 ὅτε
3348 2730 3677 2801 προστάττει

2099 2819 2421 2887 ἁγνίσασθαι
2460 2820 2656 2883 αὐτοὺς
2697 2822 2845 2884 ὅπως
2881 2820 2950 2890 (f.
2975 2821 3008 2874 8
3041 2822 3134 2891 v°)
3180 2821 3326 2876 ἴδωσι
3371 2823 3472 2894 τήν
3526 2823 3684 2889 δόξαν

2101 2913 2330 2984 Κυρίου,
2367 2913 2464 2983 οὐχ
2485 2911 2673 2984 ὥσπερ
2709 2915 2803 2966 ἐπὶ
2829 2914 2922 2967 τοῦ
2961 2915 3209 2986 ’Δϐραὰμ
3240 2915 3334 2967 καὶ
3364 2914 3460 2968 τοῦ
3498 2916 3679 2969 Ἰσαὰκ

2103 3005 2196 3058 καὶ
2243 3004 2334 3058 τοῦ
2377 3005 2569 3058 Ἰακὼϐ
2613 3005 2796 3070 ἁπλῶς
2829 3005 3042 3077 εἴρηται
3087 3007 3168 3060 ὃτι
3222 3007 3376 3078 ὤφθη
3425 3009 3611 3072 αὐτοῖς
3654 3010 3682 3060 6

2105 3095 2235 3159 Θεὸς
2255 3135 2270 3160 ,
2301 3095 2440 3167 μετὰ
2473 3097 2674 3168 πολλῆς
2717 3098 2774 3150 δὲ
2815 3097 3202 3169 καταπλήξεως
3235 3098 3327 3151 καὶ
3382 3099 3684 3167 φαντασίας

2106 3184 2242 3238 αὐτὰ
2260 3184 2323 3256 δὴ
2342 3185 2513 3238 ταῦτα
2536 3187 2963 3256 ἀναγέγραπται·
2997 3206 3013 3237 ι
3033 3177 3143 3240 Καὶ
3172 3187 3390 3255 ἐγένετο
3413 3192 3482 3259 τῇ
3505 3190 3686 3260 ἡμέρα

2106 3279 2172 3346 τῇ
2225 3276 2384 3349 τρίτῃ
2452 3276 2770 3347 γενηθέντος
2820 3276 2957 3347 πρὸς
3006 3277 3230 3350 ὄρθρον,
3295 3279 3392 3331 καὶ
3450 3279 3685 3346 ἐγίνοντο

2109 3372 2284 3439 φωναὶ
2311 3371 2404 3425 καὶ
2447 3371 2724 3442 ἀστραπαὶ
2766 3373 2861 3425 καὶ
2898 3372 3093 3443 νεφέλη
3136 3372 3418 3445 γνοφώδης
3467 3376 3561 3428 ἐπὶ
3599 3375 3685 3427 τεῦ

2108 3461 2299 3533 ὅρους,
2345 3464 2441 3516 καὶ
2487 3463 2639 3533 φωνὴ
2686 3465 2786 3535 τῆς
2836 3463 3132 3532 σάλπιγγος
3177 3466 3299 3535 ἡχει
3355 3466 3540 3536 μέγα,
3600 3468 3690 3519 καὶ

2109 3556 2346 3628 ἐπτοήθη
2381 3559 2488 3619 πᾶς
2515 3559 2543 3609 6
2575 3555 2700 3630 λαὸς
2733 3558 2790 3608 ἐν
2819 3560 2885 3627 τῇ
2933 3555 3246 3627 παρεμϐολῇ
3267 3574 3281 3586 ο
3333 3560 3431 3610 καὶ
3457 3558 3687 3629 ἐξήγαγε

2111 3647 2354 3716 Μωῦσῆς
2379 3648 2470 3702 τὸν
2493 3649 2618 3702 λαὸν
2646 3653 2726 3713 εἰς
2756 3650 2856 3721 τὴν
2886 3651 3204 3719 συνάντησιν
3233 3649 3324 3702 τοῦ
3347 3650 3490 3704 Θεοῦ
3521 3654 3584 3705 ἐκ
3599 3657 3692 3721 τῆς

2113 3739 2484 3812 παρεμϐολῆς,
2520 3741 2616 3794 καὶ
2649 3743 3126 3814 παρέστησανὺπό
3153 3744 3212 3796 τὸ
3245 3743 3371 3815 ὅρος
3421 3744 3609 3813 (Σινόυ
3635 3744 3691 3796 16

2112 3833 2279 3904 ὅρος)
2321 3832 2454 3885 Σινὰ
2500 3831 2818 3897 ἐκαπνίξετο
2861 3833 2979 3886 ὅλον
3018 3833 3106 3886 διὰ
3155 3833 3214 3886 16
3261 3834 3689 3905 καταϐεϐηκέναι

2114 3927 2200 3978 ἐπ’
2230 3923 2393 3978 αὐτοῦ
2424 3924 2517 3977 τὸν
2545 3923 2678 3976 Θεὸν
2714 3925 2771 3977 ἐν
2806 3925 2938 3996 πυρί
2958 3942 2970 3954 °
3005 3925 3099 3978 καὶ
3129 3924 3412 3977 ἀνέϐαινεν
3435 3928 3464 3978 6
3494 3926 3690 3988 καπνὸς

2115 4017 2278 4078 αὐτοῦ
2310 4016 2440 4070 ὡσεὶ
2473 4017 2678 4082 καπνὸς
2713 4019 2939 4088 καμίνου
2960 4035 2972 4047 ⁸
3005 4017 3097 4070 καὶ
3137 4017 3327 4087 ἐξέστη
3370 4019 3480 4080 πᾶς
3511 4021 3538 4070 6
3576 4018 3692 4079 λαὸς

2118 4109 2354 4181 σφόδρα·
2398 4109 2638 4177 ἐγίνοντο
2685 4109 2742 4162 δὲ
2774 4111 2947 4177 φωναὶ
2992 4112 3092 4180 τῆς
3139 4110 3445 4176 σάλπιγγος
3471 4109 3691 4180 7590635-

2115 4218 2300 4254 νουσαι
2336 4201 2677 4272 ἰσχυρότεραι
2697 4201 2921 4271 σφόδρα.
2939 4201 3183 4270 Μωῡσῆς
3213 4201 3414 4262 ἐλάλει,
3435 4203 3465 4253 6
3492 4203 3550 4255 δὲ
3571 4205 3692 4265 Θεὸς

2116 4293 2446 4363 ἀπεκρίνατο
2497 4292 2644 4363 αὐτῷ
2698 4296 2870 4364 φωνῇ,
2915 4293 3118 4364 κατέϐη
3167 4292 3223 4344 δὲ
3257 4293 3467 4362 Κύριος
3520 4295 3612 4347 ἐπὶ
3642 4293 3694 4346 τὸ

2116 4381 2239 4453 ὄρος
2261 4381 2322 4434 16
2348 4381 2478 4434 Σινὰ
2499 4383 2590 4434 ἐπὶ
2613 4382 2708 4454 τὴν
2733 4381 2973 4453 κορυφὴν
3001 4381 3096 4435 τοῦ
3125 4383 3311 4452 ὅρους·
3351 4383 3447 4434 καὶ
3479 4384 3692 4436 ἐκάλεσε

2117 4474 2322 4546 Κύριος
2350 4476 2612 4545 Μωῦσῆν,
2640 4494 2658 4525 ι
2693 4474 2788 4528 καὶ
2822 4475 2888 4526 τὰ
2909 4474 3054 4543 ἐξῆς.
3086 4474 3206 4526 ’Ὀτι
3244 4474 3341 4542 μὲν
3375 4469 3472 4528 οὖν
3500 4474 3691 4543 κατέϐη

2123 4569 2326 4640 Κύριος
2363 4569 2450 4621 διὰ
2476 4568 2680 4622 τούτων
2717 4567 3161 4639 μεμαρτύρηται·
3191 4568 3273 4619 ὃτι
3306 4566 3364 4618 δὲ
3407 4568 3504 4618 καὶ
3552 4568 3692 4636 ὤφθη

2122 4661 2305 4713 οὐκέτι
2349 4659 2584 4731 εἴρηται,
2615 4659 2643 4712 ὃ
2687 4659 2779 4710 ἐπὶ
2812 4658 2986 4728 μόνων
3016 4657 3122 4709 τῶν
3159 4655 3519 4727 πατριαρχῶν
3548 4658 3694 4726 τετή-

2124 4770 2302 4823 ρηται.
2335 4751 2542 4805 Οὐκοῦν
2580 4750 2849 4822 παρουσία
2903 4749 2998 4819 μὲν
3042 4749 3280 4816 ἐγεγόνει
3311 4749 3406 4799 τοῦ
3458 4749 3690 4819 Κυρίου·

2122 4843 2356 4896 ὀπτασία
2394 4843 2450 4894 δὲ
2483 4843 2582 4895 οὐκ
2628 4841 2814 4905 αὐτοῦ,
2845 4836 2984 4894 ἀλλὰ
3012 4839 3167 4909 δῆλον
3194 4839 3276 4892 ὅτι
3302 4838 3411 4891 τῶν
3440 4839 3583 4908 ἀμφ’
3612 4841 3696 4892 αὖ-

2121 4937 2213 4990 τὸν
2245 4937 2558 5008 δορυφόρων
2590 4934 2836 5003 ἀγγέλων
2856 4974 2870 4997 ,
2908 4934 2972 4986 δι’
3017 4926 3091 4985 ὧν
3148 4929 3434 5002 χρησίμως
3481 4931 3563 5001 τῷ
3595 4931 3693 5001 λαῷ

2123 5028 2360 5099 φοϐερὰν
2380 5029 2472 5082 καὶ
2496 5026 2943 5099 καταπληκτικὴν
2970 5025 3265 5094 ἐποιήσατο
3289 5023 3389 5093 τὴν
3413 5023 3690 5087 ὀπτασίαν,

2125 5120 2409 5174 εὐλάϐειαν
2437 5120 2573 5190 ὁμοῦ
2609 5137 2701 5172 και
2748 5117 2910 5187 φόϐον
2944 5116 3038 5170 καὶ
3084 5115 3265 5168 πίστιν
3298 5113 3396 5185 τὴν
3426 5117 3510 5178 εἰς
3546 5116 3693 5168 αὐτὸν

2126 5214 2389 5286 κρατῦναι
2424 5217 2482 5266 ἐν
2521 5213 2703 5275 αὐτοῖς
2726 5207 3284 5281 προμηθούμενος-εἰς
3328 5206 3579 5276 φυλακὴν
3612 5207 3693 5258 καὶ

2125 5309 2355 5379 τήρησιν
2388 5323 2496 5359 των
2528 5305 2829 5376 μελλόντων
2853 5302 3038 5364 αὐτοῖς
3078 5297 3467 5370 παραδίδοσθαι
3507 5297 3687 5367 νόμων.
3725 5343 3734 5348 ς

2127 5400 2237 5453 Καὶ
2260 5401 2340 5452 ὅτι
2368 5416 2432 5467 γε
2460 5399 2676 5461 πλείους
2705 5399 2999 5466 ἐτυγ-χανον
3034 5394 3081 5445 οἱ
3105 5390 3184 5462 τῷ
3214 5389 3408 5459 Κυρίῳ
3440 5389 3580 5442 κατὰ
3607 5388 3691 5458 τὴν

2128 5493 2447 5565 νομοθεσίαν
2485 5491 2888 5562 διακονούμενοι
2916 5487 3158 5557 ἄγγελοι,
3189 5483 3351 5548 αὐτὸς
3379 5485 3614 5554 Μωῦσῆς
3642 5483 3691 5533 ἐν

1661 5740 1703 5770 ³⁵
1748 5738 1900 5793 Dcut.
1937 5754 1986 5791 iv

2110 5738 2141 5791 ἱ.
2221 5737 2264 5767 ’⁸⁸
2305 5733 2474 5789 Exod.
2511 5749 2624 5798 xix,
2651 5727 2828 5783 16-20.
2906 5727 2951 5759 ⁹⁷
2989 5726 3148 5780 Deut.
3188 5738 3390 5776 xxxm.
