3840 6222
142 272 300 330 1055
1242 267 1539 327 ECLOGE
1579 259 2065 323 PROPHETICIE.
2105 297 2177 308 —
2214 267 2345 326 LIB.
2380 268 2427 326 Ι.
3332 267 3483 329 1054

139 403 274 465 ταῖς
315 400 644 469 εὐλογίαις
680 397 974 470 παρίστησι
1011 394 1216 463 λέγων·
1265 411 1284 443 ι
1315 390 1522 462 Κύριος
1558 390 1623 443 ἐκ
1662 383 1782 442 Σινᾶ

1896 387 1999 443 stis
2040 388 2216 460 legem
2251 388 2312 445 in
2336 388 2700 463 dispositione
2718 390 3035 462 angelorum
3058 398 3112 447 et
3143 404 3252 447 non
3281 402 3478 450 custo~

140 496 304 566 ἥκει,
344 495 460 548 καὶ
507 495 798 563 ἐπέφανεν
826 493 891 545 ἐκ
922 489 1050 559 Σεὶρ
1085 490 1252 561 ημῖν,
1282 484 1377 540 καὶ
1417 482 1788 538 κατέσπευσεν
1895 479 2057 536 distis
2084 481 2154 536 ⁸⁸.
2194 500 2214 534 ι
2720 479 2723 483 ’

144 587 210 654 ἐξ
232 587 421 659 ὅρους
448 586 663 659 Φαρὰν
687 586 782 639 σὺν
818 581 1073 655 μυριάσιν
1101 577 1308 648 Κάδης,
1331 578 1396 629 ἐκ
1453 574 1641 640 δεξιῶν
1667 571 1834 626 αὐτοῦ
1871 572 2093 642 ἄγγελοι
2138 573 2255 644 μετ’
2291 571 2480 639 αὐτοῦ,
2531 593 2552 626 ι
2585 575 2680 628 καὶ
2705 574 2775 628 τὰ
2802 573 2961 647 ἑξῆς·
2995 574 3060 628 δι’
3094 575 3123 630 ὃ
3148 575 3242 629 καὶ
3280 577 3311 630 6
3342 576 3474 630 Στέ-

144 696 335 749 φανος
371 683 441 734 ἐν
478 684 623 746 ταῖς
651 678 919 751 Πράξεσιν
941 675 1016 739 ὡς
1056 675 1193 746 πρὸς
1231 673 1321 727 τὸν
1359 671 1487 727 λαὸν
1518 669 1936 741 ἁποτεινόμενός
1957 683 2142 741 φησιν’
2170 688 2188 721 ι
2218 671 2430 735 Οίτινες
2465 670 2690 727 ἐλάϐετε
2742 672 2838 728 τὸν
2894 672 3058 745 νόμον
3094 674 3176 738 εἰς
3212 671 3503 742 διαταγὰς

143 770 454 840 ἀγγέλων,
488 770 606 825 καὶ
636 770 738 823 οὐκ
768 764 1086 836 ἐφυλάξατε.
1126 782 1144 815 ι

756 874 1151 931 ΚΕΦΑΛΑΙΟΝ
1190 875 1248 928 l'.

719 969 855 1027 Ἀπὸ
883 967 993 1038 τῆς
1031 966 1294 1031 Ἐξόδου.

234 1085 255 1118 ι
297 1063 450 1134 Ἐξῆ
460 1081 572 1137 ρεν
601 1062 658 1116 δὲ
683 1064 713 1116 6
734 1060 965 1130 ἄγγελος
991 1058 1086 1113 τοῦ
1111 1057 1245 1112 Θεοῦ
1268 1058 1297 1110 6
1319 1053 1791 1129 προπορευὸμενος

152 1156 274 1212 τῶν
312 1156 472 1210 υἱῶν
524 1152 747 1225 Ἰσραὴλ
773 1193 788 1217 ,
824 1153 918 1206 καί⁵
974 1149 1244 1222 ἐπορεύθη
1294 1150 1360 1202 ἐκ
1413 1147 1522 1203 τῶν
1565 1145 1787 1199 ὄπισθεν

154 1246 394 1300 αὐτῶν·
447 1243 662 1316 ἐξῆρεν
706 1243 762 1296 δὲ
813 1242 906 1296 καὶ
951 1243 980 1295 6
1013 1239 1203 1304 στῦλος
1256 1239 1356 1311 τῆς
1409 1238 1637 1310 νεφέλης
1682 1236 1789 1306 πρὸ

157 1336 498 1409 προσώπου
557 1335 737 1390 αὐτῶν
756 1352 769 1365 '
817 1334 909 1389 καὶ
955 1332 1223 1406 ἐπορεύθη
1268 1331 1364 1386 καὶ
1410 1331 1537 1403 ἔστη
1574 1332 1639 1384 ἐκ
1681 1330 1788 1383 τῶν

158 1430 354 1483 ὀπίσω
397 1429 626 1489 αὐτῶν,
670 1427 763 1481 καὶ
791 1425 1036 1497 εἰσῆλθεν
1085 1424 1189 1479 ἀνὰ
1220 1424 1381 1495 μέσον
1431 1423 1529 1493 τῆς
1579 1439 1782 1494 παρεμ-

1894 1419 2101 1477 Deinde
2126 1420 2183 1474 in
2205 1420 2273 1475 iis
2298 1436 2420 1491 quae
2449 1430 2756 1492 sequuntur
2784 1423 2968 1480 divina
2999 1427 3160 1483 docet
3188 1427 3475 1501 Scriptura

163 1522 343 1592 ϐολῆς
381 1521 509 1575 τῶν
562 1520 876 1590 Αἰγυπτίων
925 1521 1020 1573 καὶ
1073 1517 1177 1572 ἀνὰ
1212 1518 1374 1588 μέσον
1423 1517 1522 1587 τῆς
1578 1531 1782 1586 παρεμ-

1896 1530 2017 1585 quae
2043 1522 2191 1570 esset
2224 1515 2341 1569 haec
2373 1516 2571 1580 nubes,
2607 1516 2837 1573 dicens:
2879 1536 2898 1569 ι
2935 1519 3026 1573 Ait
3059 1529 3240 1576 autem
3286 1522 3476 1579 Domi-

163 1611 348 1683 ϐολῆς
379 1612 509 1666 τῶν
545 1611 679 1666 υἱῶν
728 1610 960 1683 Ἰσραήλ.
990 1628 1008 1661 ι
1042 1605 1155 1663 Εἶτ’
1187 1609 1245 1662 ἐν
1287 1610 1399 1671 τοῖς
1432 1606 1559 1677 ἑξῆς
1591 1608 1625 1677 ὴ
1670 1605 1782 1659 θεία

1895 1623 2002 1663 nus
2031 1608 2100 1662 ad
2132 1607 2375 1680 Moysem
2413 1605 2574 1663 :Jam
2600 1626 2753 1666 nunc
2777 1613 2995 1668 veniam
3037 1614 3105 1670 ad
3139 1623 3192 1670 te
3238 1616 3294 1670 in
3337 1616 3476 1672 cali-

163 1703 434 1757 διδάσκει
490 1702 688 1775 Γραφὴ
713 1742 728 1767 ,
758 1701 811 1756 τί
861 1717 993 1754 ποτε
1035 1694 1102 1770 ἦν
1135 1700 1169 1770 ή
1219 1696 1416 1767 νεφέλη
1469 1695 1782 1764 φάσκουσα·

1891 1699 2017 1770 gine
2036 1700 2223 1763 nubis,
2266 1708 2326 1755 ut
2358 1701 2547 1756 audiat
2580 1717 2666 1757 me
2690 1704 2928 1773 populus
2980 1705 3294 1775 loquentem
3323 1709 3391 1763 ad
3420 1717 3475 1764 te

1892 1800 1948 1849 et
1985 1794 2173 1848 credat
2207 1793 2306 1848 tibi
2337 1793 2393 1848 in
2423 1802 2751 1865 perpetuum
2788 1797 2829 1850 ί.
2860 1815 2879 1848 ι
2916 1795 2982 1851 Ει
2997 1814 3233 1855 rursus:
3272 1820 3290 1852 ι
3326 1800 3474 1856 Deus

1893 1893 2076 1942 autem
2124 1886 2469 1957 praecedebat
2519 1902 2618 1943 eos
2658 1886 2728 1942 ad
2757 1889 3155 1945 ostendendam
3197 1894 3342 1947 viam
3374 1910 3475 1965 per
3526 1904 3529 1907 ‘

1891 1978 2037 2033 diem
2069 1980 2126 2034 in
2153 1978 2411 2035 columna
2435 1978 2623 2044 nubis,
2647 1987 2702 2035 et
2734 1993 2832 2050 per
2856 1990 3074 2037 noctem
3120 1983 3178 2037 in
3219 1986 3477 2040 columna

2521 865 2751 922 CAPUT
2780 866 2850 924 Χ.

2346 1016 2352 1022 η
2521 958 2599 1011 Ab
2642 958 2849 1014 Exodo.

1971 1070 1990 1104 ι
2027 1050 2249 1108 Tollens
2279 1067 2339 1108 se
2370 1053 2601 1122 angelus
2627 1052 2866 1122 Domini,
2897 1058 2991 1124 qui
3015 1060 3357 1128 praecedebat
3380 1078 3475 1120 ca-

1895 1152 2010 1201 stra
2055 1143 2246 1211 lsrael,
2279 1145 2412 1200 abiit
2465 1155 2588 1215 post
2624 1161 2720 1202 eos
2749 1167 2763 1201 :
2811 1154 2865 1202 et
2894 1164 3017 1203 cum
3052 1166 3119 1207 eo
3146 1155 3353 1224 pariter
3378 1172 3474 1214 co-

1894 1240 2082 1294 lumna
2113 1239 2299 1307 nubis,
2330 1239 2517 1308 priora
2541 1239 2847 1305 dimittens,
2881 1249 3006 1312 post
3057 1253 3268 1317 tergum
3296 1251 3470 1315 stetit,

1894 1331 2040 1385 inter
2096 1337 2281 1385 castra
2338 1328 2723 1401 Egyptiorum
2784 1339 2839 1387 et
2890 1342 3073 1390 castra
3130 1335 3392 1395 Israel”.
3447 1359 3470 1393 ι

171 1813 190 1844 ι
215 1791 405 1848 Εἶπεν
452 1795 521 1849 66
569 1794 772 1869 Κύριος
794 1793 931 1865 πρὸς
974 1791 1246 1862 Μωῦσῆν·
1290 1788 1420 1842 Ἰδοὺ
1466 1786 1578 1858 ἐγὼ
1614 1804 1788 1859 παρα-

165 1888 416 1958 γίνομαι
474 1887 619 1959 πρὸς
669 1888 729 1940 σὲ
762 1888 819 1939 ἐν
869 1887 934 1937 ἐκ
965 1882 1205 1954 (στύλῳ)
1238 1882 1338 1952 τῆς
1387 1879 1649 1950 νεφέλης,
1703 1879 1789 1932 ἵνα

167 1979 404 2053 ἀκούσῃ
435 1981 469 2032 ὁ
517 1980 646 2043 λαὸς
677 1977 965 2041 λαλοῦντός
998 1995 1098 2048 μου
1138 1976 1275 2048 πρὸς
1332 1975 1411 2041 σὲ,
1453 1974 1546 2028 καί
1578 1991 1660 2027 σοι
1701 1990 1792 2026 πι-

176 2072 516 2126 στεύσωσιν
536 2091 549 2103 ·
578 2092 597 2124 ι
626 2072 721 2125 καὶ
748 2070 909 2126 πάλιν
928 2085 943 2099 '
975 2088 993 2121 ι
1033 2071 1092 2123 '0
1121 2069 1177 2123 66
1209 2069 1342 2133 Θεὸς
1374 2071 1561 2140 ἡγεῖτο
1608 2065 1789 2121 αὐτῶν

172 2165 407 2237 ἡμέρας
460 2168 527 2218 ἐν
558 2163 733 2234 στύλῳ
768 2163 1029 2233 νεφέλης,
1063 2160 1230 2228 δεῖξαι
1274 2162 1457 2224 αὐτοῖς
1502 2159 1601 2231 τὴν
1631 2159 1750 2213 ὁδόν
1773 2177 1787 2191 ·

175 2257 282 2327 τὴν
310 2257 377 2310 66
410 2256 616 2322 νύκτα,
659 2256 717 2308 ἐν
747 2254 923 2325 στύλῳ
950 2254 1121 2328 πυρὸς
1144 2252 1240 2306 τοῦ
1272 2252 1482 2323 φαίνειν
1515 2253 1698 2317 αὐτοῖς
1719 2269 1732 2281 ·
1764 2270 1783 2303 ι

179 2349 283 2402 καὶ
315 2344 514 2412 αὖθις⁹
545 2367 562 2399 ι
583 2349 692 2402 Ka't
720 2346 925 2418 κατέϐη
952 2346 1156 2417 Κύριος
1191 2348 1248 2400 ἐν
1275 2345 1452 2417 στύλῳ
1484 2345 1731 2414 νεφέλης.
1764 2363 1784 2396 ι

183 2440 416 2494 Οὐκοῦν
458 2441 551 2496 διὰ
586 2440 791 2494 τούτων
821 2439 1009 2511 ἕτερος
1037 2434 1104 2511 ἦν
1135 2437 1323 2507 σαφῶς
1358 2437 1460 2507 τῆς
1500 2436 1729 2506 νεφέλης
1762 2436 1790 2488 6

187 2533 691 2604 προπορευόμενος
728 2531 837 2585 τῶν
876 2531 1009 2585 υἱῶν
1062 2530 1276 2604 Ἰσραὴλ
1313 2528 1541 2598 ἄγγελος
1561 2567 1575 2591 ,
1619 2528 1714 2582 καὶ
1755 2529 1789 2599 ἡ

184 2624 397 2696 νεφέλη
428 2625 495 2678 δέ
523 2625 658 2696 ἄλλη
694 2625 792 2696 μέν
824 2642 908 2689 τις
940 2624 1232 2694 ἐτύγχανεν
1277 2622 1407 2694 παρ’
1437 2622 1598 2675 αὐτὸν
1624 2621 1791 2690 ἅγγε-

187 2710 304 2777 λον,
334 2712 439 2765 τοῦ
469 2713 527 2766 δὲ
564 2713 770 2784 Κυρίου
800 2713 964 2767 αὐτοῦ
996 2711 1305 2784 σωματικὸν
1342 2712 1530 2782 ῶσπερ
1558 2711 1790 2783 ὄργανον

185 2798 258 2871 ἧν
279 2819 293 2831 ·
329 2803 402 2857 δι’
439 2797 504 2857 οῦ
536 2803 598 2876 (1⁵.
625 2803 702 2870 9),
735 2803 834 2874 τὴν
861 2803 1021 2873 φύσιν
1049 2803 1123 2858 ὢν
1154 2804 1316 2868 αὐτὸς
1353 2803 1662 2873 ἀσώματος,
1696 2803 1791 2856 καὶ

191 2894 385 2965 πάσης
443 2896 703 2949 ἐπέκεινα
753 2895 1018 2967 αἰσθητῆς
1065 2897 1159 2949 καὶ
1192 2896 1384 2966 ὑλικῆς
1432 2895 1653 2959 οὐσίας,
1721 2894 1788 2948 δι’

191 2985 477 3059 αἰσθητῆς
528 2988 710 3057 φωνῆς
746 2985 845 3057 τῆς
888 2985 1021 3049 ἰδίας
1043 2985 1196 3056 ἠξίου
1232 2985 1449 3056 ὁμιλίας
1490 2985 1586 3038 τὸν
1626 2984 1789 3056 θερά-

1891 2071 2037 2143 ignis
2067 2073 2108 2125 ².
2152 2091 2171 2123 ι
2221 2070 2401 2141 Atque
2447 2071 2585 2126 alias
2639 2091 2653 2127 :
2702 2091 2722 2124 (
2777 2072 3074 2129 Descendit
3115 2073 3382 2131 Dominus
3417 2079 3476 2131 in

1890 2164 2147 2219 columna
2169 2163 2337 2218 nubis
2367 2162 2409 2217 ⁸.
2452 2184 2472 2216 ›
2510 2163 2682 2232 Igitur
2718 2165 2876 2220 exiis
2904 2167 3047 2222 alius
3083 2175 3202 2223 erat
3238 2166 3475 2224 manife-

1891 2267 1973 2313 ste
1994 2256 2158 2311 nubis
2183 2257 2414 2327 angelus
2444 2257 2538 2326 qui
2588 2258 2929 2326 praecedebat
2971 2258 3113 2314 ﬁlios
3146 2259 3337 2320 lsrael,
3367 2260 3476 2314 alia

1890 2362 1945 2409 et
1970 2351 2146 2406 nubes
2170 2349 2318 2404 circa
2342 2365 2469 2404 eum
2505 2350 2782 2420 angelum,
2812 2365 2933 2421 quae
2964 2351 3128 2421 quasi
3176 2351 3353 2422 ipsius
3376 2350 3477 2405 Do-

1888 2444 2023 2499 mini
2067 2457 2395 2513 corporeum
2434 2451 2553 2497 erat
2590 2442 2999 2499 indumentum.
3045 2443 3166 2511 Qua
3224 2444 3471 2514 quidem,

1890 2551 2017 2592 cum
2043 2543 2243 2590 natura
2269 2535 2632 2605 incorporeus
2652 2543 2820 2601 esset,
2849 2536 3143 2606 omnisque
3168 2553 3366 2593 sensus
3388 2538 3476 2592 vel

1890 2625 2198 2680 materialis
2226 2625 2553 2680 substantiae
2581 2624 2865 2690 immunis,
2901 2639 2999 2696 per
3019 2626 3173 2681 vocis
3219 2627 3472 2682 auditum

1889 2717 2113 2788 propria
2166 2716 2587 2773 conversatione
2641 2732 2862 2774 servum
2923 2732 3082 2773 suum
3117 2717 3470 2788 dignabatur.

1889 2806 2067 2878 Hujus
2094 2807 2475 2878 dispositionis
2506 2808 2623 2878 ipse
2652 2807 2921 2863 Dominus
2947 2808 3216 2862 rationem
3236 2808 3474 2865 reddens

1891 2899 2063 2972 Moysi
2085 2899 2219 2955 dicit
2243 2920 2256 2955 :
2283 2918 2301 2951 ‹
2339 2898 2411 2955 Ut
2432 2900 2622 2954 audiat
2646 2914 2733 2955 me
2755 2893 2993 2969 populus
3044 2899 3363 2969 loquentem
3402 2901 3472 2954 ad

1896 2997 1976 3056 te,
2003 2997 2059 3045 et
2073 2989 2263 3045 credat
2293 2989 2389 3044 tibi
2409 2989 2464 3043 in
2501 2997 2824 3059 perpetuum
2845 2990 2889 3046 ⁵.
2921 3009 2940 3041 ι
2978 2987 3084 3043 Sed
3102 3003 3225 3043 cum
3251 2989 3471 3059 populo,

195 3093 412 3130 πονταο
472 3079 570 3132 καὶ
630 3078 729 3149 τῆς
773 3077 1029 3147 τοιαύτης
1083 3094 1142 3130 τε
1191 3077 1503 3146 οἰκονομίας
1551 3074 1715 3139 αὐτὸς
1758 3077 1782 3129 6

1892 3090 1950 3137 ut
1970 3082 2146 3155 magis
2176 3082 2471 3152 corporali,
2506 3083 2659 3137 vocis
2699 3080 2889 3135 auditu
2919 3088 3319 3147 conversatur;
3345 3096 3471 3135 cum

194 3169 412 3242 Κύριος
445 3171 536 3224 τὸν
568 3171 721 3240 λόγον
763 3169 1045 3233 ἀποδιδοὺς
1068 3169 1145 3240 τῷ
1175 3171 1398 3224 Μωῦσεῖ
1417 3185 1597 3242 φησιν·
1623 3188 1642 3221 ‹
1671 3169 1787 3223 ’Ἱνα

198 3263 420 3340 ἀκούσῃ
464 3265 494 3317 6
521 3265 648 3328 λαὸς
693 3263 976 3327 λαλοῦντός
1014 3280 1115 3334 μου
1149 3262 1286 3334 πρὸς
1330 3264 1408 3329 σὲ,
1437 3262 1531 3316 καί
1577 3280 1659 3316 σοι
1694 3280 1787 3315 πι-

201 3353 545 3409 στεύσωσιν·
578 3375 598 3408 ι
642 3354 756 3410 ἀλλ’
790 3356 882 3409 ἐπὶ
912 3355 1012 3426 μὲν
1058 3355 1152 3409 τοῦ
1194 3354 1360 3420 λαοῦ,
1406 3349 1495 3408 οἷα
1543 3372 1786 3427 σωματι-

200 3445 452 3516 κωτέρου
499 3446 875 3517 τυγχάνοντος,
921 3447 987 3500 δι’
1040 3445 1302 3517 αἰσθητῆς
1359 3446 1541 3516 φωνῆς
1588 3444 1785 3516 ὁμιλεῖ,

202 3538 298 3590 61:1
329 3540 392 3593 66
425 3540 533 3602 τῶν
565 3540 939 3611 πατριαρχῶν,
974 3539 1099 3594 οὔτε
1145 3540 1375 3611 νεφέλης
1419 3538 1544 3593 οὔτε
1592 3540 1785 3593 στύλου

202 3630 380 3701 πυρὸς
415 3630 708 3702 δεομένων,
745 3631 932 3703 ἔτερος
981 3633 1227 3701 ἐγίγνετο
1271 3632 1370 3703 τῆς
1415 3648 1477 3684 τε
1521 3631 1786 3695 ὀπτασίας

202 3721 299 3774 καὶ
328 3723 432 3792 τῆς
472 3722 608 3793 πρὸς
643 3723 839 3786 αὐτοὺς
885 3722 1151 3792 ὁμιλίαςό
1191 3723 1409 3794 τρόπος.
1440 3723 1548 3775 Καὶ
1589 3722 1673 3775 ὅτι
1721 3738 1785 3791 γε

203 3812 306 3866 οὐκ
350 3811 424 3885 ἦν
461 3813 723 3885 ἁγγελική
767 3830 850 3877 τις
903 3813 1129 3884 δύναμις
1181 3816 1214 3885 ἡ
1274 3813 1362 3867 διὰ
1413 3816 1512 3885 τῆς
1558 3814 1788 3885 νεφέλης

206 3904 641 3977 χρηματίζουσα,
672 3905 786 3960 ἀλλ’
814 3905 977 3968 αὐτὸς
1008 3906 1036 3958 6
1062 3905 1214 3970 Θεὸς,
1244 3906 1380 3978 πρὸς
1409 3909 1520 3969 τοῖς
1545 3923 1786 3976 προαπο-

203 3996 569 4069 δεδειγμένοις
623 3996 875 4069 δηλοῦται.
920 3999 1013 4052 καὶ
1062 3997 1151 4052 διὰ
1192 3999 1291 4070 τῆς
1340 3997 1514 4062 οὕτως
1553 3999 1786 4071 ἐχούσης

160 4158 163 4159 ν
207 4089 454 4162 Γραφῆςο
486 4111 504 4142 ι
527 4088 692 4151 Εἶπεν
723 4089 996 4162 δέΚύριος
1026 4089 1161 4162 πρὸς
1180 4091 1439 4161 Μωῡσῆν·
1471 4090 1662 4155 Βάδιζε
1691 4092 1785 4143 καὶ

204 4182 472 4254 ὁδήγησον
501 4182 592 4235 τὸν
623 4178 750 4234 λαὸν
792 4183 871 4244 εἰς
897 4180 989 4234 τὸν
1021 4181 1185 4233 τόπον
1208 4180 1265 4233 ὃν
1294 4180 1493 4251 εἴρηκά
1524 4197 1634 4233 σοι·
1676 4180 1784 4233 ἰδοὺ

207 4276 236 4326 6
264 4275 492 4344 ἄγγελός
523 4290 624 4345 μου
676 4271 1108 4345 προπορεύσεται
1144 4270 1251 4342 πρὸ
1281 4269 1573 4342 προσώπου
1609 4287 1725 4326 σου.
1761 4290 1779 4323 ι

208 4366 317 4420 Καὶ
342 4367 536 4421 πάλινο
576 4385 594 4417 ι
629 4366 739 4420 Καὶ
765 4361 886 4420 εἷπε
921 4365 1126 4437 Κύριος
1170 4365 1308 4435 πρὸς
1346 4364 1622 4435 Μωῦσῆψ
1676 4365 1783 4417 Πο-

211 4457 367 4525 ρεύου
396 4457 489 4510 καλ⁸
536 4455 765 4529 ἀνάϐηθι
797 4433 1066 4519 ἐντεῦθεν,
1097 4456 1160 4509 σὺ
1190 4433 1284 4509 καὶ
1310 4458 1338 4509 6
1364 4455 1511 4520 λαὸς,
1590 4456 1684 4508 καί
1712 4455 1783 4508 τὰ
1815 4433 1858 4487 D

210 4546 358 4619 ἑξῆς
396 4548 491 4602 καὶ
526 4547 902 4601 συναποστελῶ
927 4547 1035 4628 πρὸ
1065 4546 1355 4617 προσώπου
1385 4564 1478 4600 σου
1502 4547 1593 4600 τὸν
1617 4547 1782 4616 ἄγγε-

211 4638 296 4693 λόν
337 4658 459 4711 μου.
510 4640 694 4694 Ταῦτα
737 4638 846 4710 γὰρ
893 4638 1108 4709 ἀγγέλῳ
1148 4639 1248 4709 μὲν
1296 4638 1546 4710 οὐδαμῶς
1603 4638 1782 4707 λέγειν

211 4731 485 4802 ἁρμόττει,
510 4730 629 4803 Θεῷ
653 4731 708 4785 δέ
741 4731 906 4802 μόνῳ.
942 4731 1036 4784 καί⁸
1074 4730 1151 4801 τῷ
1183 4730 1303 4784 καθ’
1330 4730 1457 4803 ὃλην
1490 4729 1588 4802 τὴν
1642 4731 1783 4783 ἱστο-

213 4823 328 4893 ρίαν
366 4823 453 4877 διὰ
480 4822 574 4876 τοῦ
606 4823 1032 4894 τετραγράμμου
1067 4822 1379 4893 δηλουμένῳ
1406 4822 1619 4893 Κυρίῳ.
1647 4821 1777 4894 *Αρ’

213 4910 298 4970 οὖν
320 4920 348 4971 6
378 4916 486 4970 τῶν
515 4916 651 4969 ὅλων
701 4914 929 4987 ποιητὴς
971 4915 1065 4968 καὶ
1095 4914 1225 4977 Θεὸς
1256 4914 1366 4967 τῶν
1414 4915 1669 4968 ἁπάντων
1698 4917 1778 4979 εἰς

210 5008 455 5061 τοσοῦτον
487 5008 699 5080 κατῄει,
728 5006 804 5070 ὡς
845 5006 938 5058 ἐπὶ
977 5005 1289 5076 σωματικοῦ
1314 5004 1473 5077 ὅρους
1512 5004 1775 5076 ὀχεῖσθαι,

212 5101 300 5158 καὶ
330 5098 681 5171 παιδαγωγοῦ
724 5098 878 5169 δίκην
914 5096 1263 5169 συμϐαδίζειν
1300 5097 1608 5170 ἀνθρώποις
1634 5101 1662 5152 6
1685 5099 1778 5153 τὸν

208 5193 429 5264 οὐρανὸν
485 5191 579 5245 καὶ
620 5190 719 5263 τὴν
750 5190 856 5262 γῆν
913 5190 1169 5263 πληρῶν;
1215 5189 1248 5262 ἢ
1298 5189 1454 5246 τοῦτο
1508 5193 1608 5262 μὲν
1654 5190 1776 5245 οὔτε

208 5282 442 5351 δυνατὸν,
475 5283 587 5338 οὗθ’
623 5284 766 5337 ὅσιον
793 5284 1013 5345 ἐννοεῖν,
1041 5282 1424 5356 εὐσεϐέστερον
1447 5283 1503 5337 66
1530 5283 1645 5354 ἅμα
1682 5284 1777 5337 καὶ

208 5375 423 5433 δυνατὸν
450 5378 543 5431 τὸν
565 5377 705 5430 θεῖον
731 5375 1134 5447 ὑπολαμϐάνειν
1161 5377 1352 5446 Λόγον,
1379 5377 1623 5431 διάκονον
1647 5377 1776 5431 ὄντα

209 5471 294 5527 τοῦ
313 5470 583 5543 πατρικοῦ
599 5471 759 5545 βουλή
768 5489 957 5544 ματος,
973 5470 1162 5526 ἐπείπε
1173 5487 1202 5526 ο
1218 5469 1384 5524 αὐτοῦ
1401 5471 1483 5522 Κυ
1493 5470 1606 5541 ρίου
1616 5469 1775 5534 ὄντος

1890 3175 2244 3248 patriarchis,
2271 3175 2475 3246 quibus
2496 3189 2675 3242 neque
2695 3173 2840 3228 nube
2869 3188 3049 3243 neque
3078 3172 3223 3242 ignis
3254 3172 3473 3226 colum-

1888 3281 1962 3320 na
1990 3279 2131 3336 opus
2156 3272 2298 3330 erat,
2320 3266 2462 3321 alius
2501 3264 2660 3319 ﬁebat
2691 3263 2921 3320 visionis
2947 3272 2999 3319 et
3025 3263 3472 3318 conversationis

1888 3355 2106 3410 modus.
2147 3353 2305 3420 Quod
2345 3369 2476 3411 vero
2503 3369 2614 3408 non
2655 3353 2897 3424 angelica
2943 3353 3194 3424 quaedam
3226 3359 3472 3423 potestas

1889 3464 2009 3519 quae
2033 3464 2129 3519 per
2149 3449 2349 3503 nubem
2378 3447 2849 3514 manifestabatur,
2875 3448 2971 3504 sed
2997 3448 3112 3518 ipse
3136 3446 3302 3511 Deus,
3328 3463 3472 3518 prae-

1889 3547 1974 3595 ter
1998 3555 2063 3595 ea
2098 3554 2220 3610 quas
2242 3540 2357 3611 jam
2391 3540 2764 3597 demonstrata
2796 3540 3055 3595 sunthoc
3088 3540 3253 3594 etiam
3284 3551 3473 3595 osten-

1888 3634 2040 3689 ditur
2070 3632 2371 3704 Scripturae
2412 3634 2531 3689 loco
2563 3654 2575 3687 :
2614 3650 2631 3684 ι
2676 3632 2824 3686 Dixit
2857 3642 3042 3687 autem
3090 3629 3360 3687 Dominus
3399 3633 3466 3686 ad

1889 3722 2127 3795 Moysem
2163 3743 2176 3778 :
2210 3721 2361 3778 Vade
2386 3730 2440 3778 et
2473 3722 2579 3777 duc
2610 3721 2873 3792 populum
2899 3721 3066 3776 istum
3100 3734 3211 3790 quo
3239 3721 3462 3775 locutus

1889 3831 2010 3871 sum
2042 3815 2141 3870 tibi
2168 3816 2212 3869 ⁵.
2248 3814 2395 3877 Ecce
2424 3814 2649 3884 angelus
2682 3828 2837 3867 meus
2889 3810 3160 3881 praecedet
3217 3820 3289 3866 te.
3335 3830 3355 3863 ι
3399 3810 3470 3864 Ει

1890 3923 2128 3965 rursus:
2162 3925 2180 3958 ι
2238 3905 2306 3960 Et
2357 3906 2495 3960 dixit
2550 3903 2813 3960 Dominus
2868 3904 2935 3958 ad
2982 3902 3220 3974 Moysem
3254 3921 3268 3957 :
3297 3901 3469 3964 Vade,

1889 3999 2121 4056 ascende
2170 3999 2238 4053 de
2280 3998 2403 4053 loco
2449 3998 2557 4052 isto
2610 4003 2690 4062 tu,
2738 4007 2792 4051 et
2829 3996 3064 4066 p0pulus
3097 4004 3227 4050 tuus
3257 3994 3299 4059 °,
3356 4014 3375 4046 ι
3417 4003 3472 4048 et

1889 4101 2114 4158 caetera;
2137 4111 2155 4144 ι
2184 4092 2462 4147 etmittam
2482 4104 2877 4161 praecursorem
2902 4089 2979 4143 tui
3005 4088 3278 4159 angelum.
3301 4106 3321 4139 ι
3342 4084 3471 4141 [lare

1889 4185 2035 4240 enim
2061 4184 2313 4253 angelum
2348 4170 2692 4257 nequaquam
2722 4181 2906 4236 dicere
2926 4179 3102 4245 decet,
3132 4178 3305 4235 Deum
3326 4188 3460 4235 vero

1889 4276 2087 4338 solum,
2122 4274 2521 4345 Dominumque
2547 4275 2642 4344 qui
2687 4273 2743 4327 in
2778 4281 2895 4328 tota
2942 4272 3265 4327 narratione
3294 4279 3469 4328 tetra-

1889 4373 2198 4438 grammato
2227 4366 2568 4435 designatur.
2596 4363 2875 4435 Numquid
2900 4364 3067 4434 igitur
3082 4364 3467 4419 universarum

1887 4474 2070 4515 rerum
2101 4465 2315 4522 auctor,
2339 4456 2595 4526 Deusque
2627 4455 2872 4510 omnium
2905 4455 2973 4511 ad
3002 4454 3057 4509 id
3089 4454 3375 4511 descendit
3409 4461 3470 4507 ut

1888 4567 2056 4621 super
2110 4550 2448 4606 materialem
2500 4548 2715 4604 veniret
2761 4554 3036 4612 montem,
3086 4556 3140 4602 et
3186 4547 3467 4617 paedagogi

1887 4646 2068 4700 instar
2122 4659 2247 4699 cum
2300 4642 2619 4698 hominibus
2655 4641 2987 4707 ambularet,
3018 4639 3113 4711 qui
3164 4640 3364 4695 coelum
3396 4632 3468 4694 et

1885 4746 2089 4794 terram
2122 4737 2347 4807 implet?
2374 4734 2568 4790 Nonne
2597 4734 2732 4790 illud
2784 4748 2964 4804 neque
3012 4731 3332 4796 verisimile,
3363 4748 3464 4787 ne-

1885 4846 1991 4901 que
2022 4836 2275 4887 sanctum
2307 4828 2644 4893 existimare,
2677 4827 2989 4898 religiosius
3027 4841 3160 4881 vero
3187 4832 3241 4880 et
3276 4826 3467 4896 proba-

1882 4920 2052 4977 bilius
2106 4919 2353 4990 cogitare
2404 4918 2679 4988 expletum
2712 4918 2815 4973 hoc
2844 4933 3049 4973 munus
3085 4931 3115 4970 a
3165 4914 3347 4971 Verbo
3380 4916 3466 4971 di-

1883 5011 2057 5077 vino,
2116 5017 2355 5080 paternae
2412 5008 2711 5064 voluntatis
2773 5009 3071 5072 ministro,
3122 5006 3464 5078 Dominoque

1884 5104 2027 5174 ipso,
2060 5103 2153 5170 qui
2185 5109 2240 5157 et
2273 5120 2292 5153 (
2334 5100 2514 5156 factus
2542 5108 2628 5156 est
2654 5115 2783 5171 pars
2815 5100 3007 5166 Jacob,
3038 5100 3318 5157 funiculus
3342 5101 3455 5155 bae-

1885 5195 2135 5251 reditatis
2180 5195 2302 5265 ejus
2336 5193 2505 5248 Israel
2535 5194 2588 5259 ";
2649 5212 2668 5245 ι
2723 5193 2893 5260 hunc,
2941 5174 3191 5263 inquam,
3238 5205 3302 5247 ea
3358 5206 3460 5263 pro

1884 5297 2039 5359 parte
2072 5297 2233 5357 atque
2258 5286 2572 5342 haereditate
2598 5285 2932 5355 suscepisse,
2966 5294 3018 5340 et
3052 5301 3112 5341 se
3148 5285 3326 5355 ipsum
3357 5300 3458 5339 ex-

1884 5379 2237 5443 inanientem,
2257 5375 2823 5445 consubstantialique
2852 5373 3230 5446 magnitudine
3262 5383 3451 5438 exuta,

1883 5470 2164 5526 hominum
2212 5470 2394 5537 saluti,
2445 5469 2610 5524 etiam
2642 5477 2770 5525 ante
2798 5456 3230 5526 incarnationem
3263 5475 3462 5525 contu-

271 5650 319 5721 ξ’
357 5649 476 5706 Act.
510 5668 617 5714 vn,
652 5654 740 5707 5'5.
815 5653 860 5684 ’9
905 5650 1071 5705 Exod.
1105 5667 1215 5709 xlv.
1256 5650 1343 5711 19,
1388 5648 1480 5704 20.
1561 5650 1597 5721 '7
1619 5650 1787 5705 Exod.
1830 5665 1953 5713 nx,
1995 5651 2049 5704 9.
2127 5654 2147 5683 ²
2187 5651 2357 5708 Exod.
2399 5666 2519 5718 xm,
2553 5651 2645 5708 21.
2721 5651 2742 5684 ³
2780 5650 2954 5711 Exod.
2989 5649 3182 5721 xu,9.
3256 5648 3281 5682 ⁵
3313 5647 3452 5706 ibid.

220 5717 237 5749 '
273 5719 443 5778 Exod.
482 5739 669 5789 xxx",
705 5724 793 5778 54.
869 5723 889 5753 ⁶
928 5721 1099 5776 Exod.
1140 5737 1347 5785 xxxm,
1385 5721 1435 5774 l.
1512 5721 1532 5753 ⁹
1574 5720 1731 5777 Deut.
1771 5737 1951 5788 rxxu,
1987 5723 2019 5778 9
2507 5717 2511 5718 ί
3094 5717 3104 5721 ’
3215 5756 3225 5765 ο
