  <div class='ocr_page' id='page_1' title='image "/cluster/home/n/w/nwhite01/storage/ocr_20150623/22/nnc1.0046978372/581.png"; bbox 0 0 3840 6222; ppageno 0'>
   <div class='ocr_carea' id='block_1_1' title="bbox 387 299 528 356">
    <p class='ocr_par' dir='ltr' id='par_1_1' title="bbox 387 299 528 356">
     <span class='ocr_line' id='line_1_1' title="bbox 387 299 528 356; baseline 0.007 -1"><span class='ocrx_word' id='word_1_1' title='bbox 387 301 412 355; x_wconf 76' lang='grc'><strong>1</strong></span> <span class='ocrx_word' id='word_1_2' title='bbox 422 299 528 356; x_wconf 78' lang='lat'><strong>055</strong></span> 
     </span>
    </p>
   </div>
   <div class='ocr_carea' id='block_1_2' title="bbox 1127 281 2944 355">
    <p class='ocr_par' dir='ltr' id='par_1_2' title="bbox 1127 281 2944 355">
     <span class='ocr_line' id='line_1_2' title="bbox 1127 281 2944 355; baseline -0.002 -1"><span class='ocrx_word' id='word_1_3' title='bbox 1127 298 1395 354; x_wconf 83' lang='lat' dir='ltr'><strong>EUSEBll</strong></span> <span class='ocrx_word' id='word_1_4' title='bbox 1433 296 1914 355; x_wconf 65' lang='lat' dir='ltr'><strong>CAESABIENSIS</strong></span> <span class='ocrx_word' id='word_1_5' title='bbox 1951 281 2100 354; x_wconf 69' lang='grc' dir='ltr'>ΟΡῘ).</span> <span class='ocrx_word' id='word_1_6' title='bbox 2145 295 2325 354; x_wconf 82' lang='lat' dir='ltr'><strong>PARS</strong></span> <span class='ocrx_word' id='word_1_7' title='bbox 2363 293 2944 351; x_wconf 75' lang='lat' dir='ltr'><strong>llL—EXEGETICA.</strong></span> 
     </span>
    </p>
   </div>
   <div class='ocr_carea' id='block_1_3' title="bbox 3515 292 3651 347">
    <p class='ocr_par' dir='ltr' id='par_1_3' title="bbox 3515 292 3651 347">
     <span class='ocr_line' id='line_1_3' title="bbox 3515 292 3651 347; baseline 0.007 -2"><span class='ocrx_word' id='word_1_8' title='bbox 3515 292 3651 347; x_wconf 72' lang='grc' dir='ltr'>ιοεθ</span> 
     </span>
    </p>
   </div>
   <div class='ocr_carea' id='block_1_4' title="bbox 385 406 1956 484">
    <p class='ocr_par' dir='ltr' id='par_1_4' title="bbox 385 409 1956 484">
     <span class='ocr_line' id='line_1_4' title="bbox 385 409 1956 484; baseline -0.001 -14"><span class='ocrx_word' id='word_1_9' title='bbox 385 411 599 470; x_wconf 76' lang='lat' dir='ltr'><strong>luisse?</strong></span> <span class='ocrx_word' id='word_1_10' title='bbox 623 409 781 479; x_wconf 82' lang='lat' dir='ltr'><strong>Quod</strong></span> <span class='ocrx_word' id='word_1_11' title='bbox 810 413 859 468; x_wconf 84' lang='lat' dir='ltr'><strong>si</strong></span> <span class='ocrx_word' id='word_1_12' title='bbox 901 411 1190 484; x_wconf 75' lang='lat' dir='ltr'><strong>diligenter</strong></span> <span class='ocrx_word' id='word_1_13' title='bbox 1213 415 1680 484; x_wconf 78' lang='lat' dir='ltr'><strong>perSpiceremus.</strong></span> <span class='ocrx_word' id='word_1_14' title='bbox 1719 414 1956 477; x_wconf 79' lang='lat' dir='ltr'><strong>invenie-</strong></span> 
     </span>
    </p>
   </div>
   <div class='ocr_carea' id='block_1_5' title="bbox 2071 406 3652 484">
    <p class='ocr_par' dir='ltr' id='par_1_5' title="bbox 2071 406 3652 484">
     <span class='ocr_line' id='line_1_5' title="bbox 2071 406 3652 484; baseline -0.003 -21"><span class='ocrx_word' id='word_1_15' title='bbox 2071 432 2088 463; x_wconf 79' lang='grc' dir='ltr'><strong>ι</strong></span> <span class='ocrx_word' id='word_1_16' title='bbox 2120 412 2355 484; x_wconf 72' lang='grc' dir='ltr'>ἐγενήθη</span> <span class='ocrx_word' id='word_1_17' title='bbox 2385 412 2542 484; x_wconf 75' lang='grc' dir='ltr'>μερὶς</span> <span class='ocrx_word' id='word_1_18' title='bbox 2583 410 2777 468; x_wconf 81' lang='grc' dir='ltr'>Ἰακὼϐ</span> <span class='ocrx_word' id='word_1_19' title='bbox 2819 412 2916 464; x_wconf 78' lang='grc' dir='ltr'>καὶ</span> <span class='ocrx_word' id='word_1_20' title='bbox 2947 409 3241 481; x_wconf 87' lang='grc' dir='ltr'>σχοίνισμα</span> <span class='ocrx_word' id='word_1_21' title='bbox 3290 406 3652 479; x_wconf 70' lang='grc' dir='ltr'><strong>κληρονομίας</strong></span> 
     </span>
    </p>
   </div>
   <div class='ocr_carea' id='block_1_6' title="bbox 384 505 1964 577">
    <p class='ocr_par' dir='ltr' id='par_1_6' title="bbox 384 505 1964 577">
     <span class='ocr_line' id='line_1_6' title="bbox 384 505 1964 577; baseline -0.001 -14"><span class='ocrx_word' id='word_1_22' title='bbox 384 523 511 562; x_wconf 88' lang='lat' dir='ltr'><strong>mus</strong></span> <span class='ocrx_word' id='word_1_23' title='bbox 543 521 669 563; x_wconf 88' lang='lat' dir='ltr'><strong>eum</strong></span> <span class='ocrx_word' id='word_1_24' title='bbox 695 505 976 561; x_wconf 79' lang='lat' dir='ltr'><strong>interdum</strong></span> <span class='ocrx_word' id='word_1_25' title='bbox 1000 507 1223 576; x_wconf 90' lang='lat' dir='ltr'><strong>propria</strong></span> <span class='ocrx_word' id='word_1_26' title='bbox 1249 507 1420 561; x_wconf 76' lang='lat' dir='ltr'><strong>forma</strong></span> <span class='ocrx_word' id='word_1_27' title='bbox 1453 515 1724 577; x_wconf 78' lang='lat' dir='ltr'><strong>praecepta</strong></span> <span class='ocrx_word' id='word_1_28' title='bbox 1751 507 1964 565; x_wconf 81' lang='lat' dir='ltr'><strong>denun-</strong></span> 
     </span>
    </p>
   </div>
   <div class='ocr_carea' id='block_1_7' title="bbox 384 598 1964 671">
    <p class='ocr_par' dir='ltr' id='par_1_7' title="bbox 384 598 1964 671">
     <span class='ocr_line' id='line_1_7' title="bbox 384 598 1964 671; baseline 0.001 -17"><span class='ocrx_word' id='word_1_29' title='bbox 384 600 637 664; x_wconf 82' lang='lat' dir='ltr'><strong>tiantem,</strong></span> <span class='ocrx_word' id='word_1_30' title='bbox 664 599 808 654; x_wconf 89' lang='lat' dir='ltr'><strong>sicut</strong></span> <span class='ocrx_word' id='word_1_31' title='bbox 837 614 961 654; x_wconf 91' lang='lat' dir='ltr'><strong>cum</strong></span> <span class='ocrx_word' id='word_1_32' title='bbox 992 599 1132 653; x_wconf 76' lang='lat' dir='ltr'><strong>dixit</strong></span> <span class='ocrx_word' id='word_1_33' title='bbox 1159 617 1176 655; x_wconf 90' lang='lat'><strong>:</strong></span> <span class='ocrx_word' id='word_1_34' title='bbox 1204 619 1222 651; x_wconf 76' lang='grc' dir='ltr'><strong>ι</strong></span> <span class='ocrx_word' id='word_1_35' title='bbox 1260 598 1380 654; x_wconf 83' lang='lat' dir='ltr'><strong>Non</strong></span> <span class='ocrx_word' id='word_1_36' title='bbox 1413 601 1708 671; x_wconf 82' lang='lat' dir='ltr'><strong>apparebis</strong></span> <span class='ocrx_word' id='word_1_37' title='bbox 1737 600 1795 658; x_wconf 82' lang='lat' dir='ltr'><strong>in</strong></span> <span class='ocrx_word' id='word_1_38' title='bbox 1829 615 1964 656; x_wconf 84' lang='lat' dir='ltr'><strong>con-</strong></span> 
     </span>
    </p>
   </div>
   <div class='ocr_carea' id='block_1_8' title="bbox 383 688 1959 757">
    <p class='ocr_par' dir='ltr' id='par_1_8' title="bbox 383 688 1959 757">
     <span class='ocr_line' id='line_1_8' title="bbox 383 688 1959 757; baseline 0.001 -13"><span class='ocrx_word' id='word_1_39' title='bbox 383 695 580 757; x_wconf 82' lang='lat' dir='ltr'><strong>spectu</strong></span> <span class='ocrx_word' id='word_1_40' title='bbox 607 703 729 743; x_wconf 85' lang='lat' dir='ltr'><strong>meo</strong></span> <span class='ocrx_word' id='word_1_41' title='bbox 772 703 980 746; x_wconf 74' lang='lat' dir='ltr'><strong>vacuus</strong></span> <span class='ocrx_word' id='word_1_42' title='bbox 1009 688 1052 744; x_wconf 80' lang='grc'><strong>⁸,</strong></span> <span class='ocrx_word' id='word_1_43' title='bbox 1088 688 1273 751; x_wconf 77' lang='lat' dir='ltr'><strong>Altare</strong></span> <span class='ocrx_word' id='word_1_44' title='bbox 1303 689 1370 745; x_wconf 88' lang='lat' dir='ltr'><strong>de</strong></span> <span class='ocrx_word' id='word_1_45' title='bbox 1400 697 1550 746; x_wconf 83' lang='lat' dir='ltr'><strong>terra</strong></span> <span class='ocrx_word' id='word_1_46' title='bbox 1585 689 1800 748; x_wconf 76' lang='lat' dir='ltr'><strong>facietis</strong></span> <span class='ocrx_word' id='word_1_47' title='bbox 1827 691 1959 746; x_wconf 89' lang='lat' dir='ltr'><strong>mihi</strong></span> 
     </span>
    </p>
   </div>
   <div class='ocr_carea' id='block_1_9' title="bbox 380 779 1961 850">
    <p class='ocr_par' dir='ltr' id='par_1_9' title="bbox 380 779 1961 850">
     <span class='ocr_line' id='line_1_9' title="bbox 380 779 1961 850; baseline 0.001 -15"><span class='ocrx_word' id='word_1_48' title='bbox 380 788 441 835; x_wconf 88' lang='lat' dir='ltr'><strong>et</strong></span> <span class='ocrx_word' id='word_1_49' title='bbox 465 779 703 836; x_wconf 78' lang='lat' dir='ltr'><strong>aﬂ‘eretis</strong></span> <span class='ocrx_word' id='word_1_50' title='bbox 730 796 894 850; x_wconf 83' lang='lat' dir='ltr'><strong>super</strong></span> <span class='ocrx_word' id='word_1_51' title='bbox 925 795 992 836; x_wconf 90' lang='lat' dir='ltr'><strong>eo</strong></span> <span class='ocrx_word' id='word_1_52' title='bbox 1021 780 1413 837; x_wconf 81' lang='lat' dir='ltr'><strong>holocausta...</strong></span> <span class='ocrx_word' id='word_1_53' title='bbox 1449 781 1678 838; x_wconf 82' lang='lat' dir='ltr'><strong>Veniam</strong></span> <span class='ocrx_word' id='word_1_54' title='bbox 1711 782 1778 838; x_wconf 90' lang='lat' dir='ltr'><strong>ad</strong></span> <span class='ocrx_word' id='word_1_55' title='bbox 1823 790 1878 838; x_wconf 91' lang='lat' dir='ltr'><strong>te</strong></span> <span class='ocrx_word' id='word_1_56' title='bbox 1907 792 1961 839; x_wconf 88' lang='lat' dir='ltr'><strong>et</strong></span> 
     </span>
    </p>
   </div>
   <div class='ocr_carea' id='block_1_10' title="bbox 387 872 1962 945">
    <p class='ocr_par' dir='ltr' id='par_1_10' title="bbox 387 872 1962 945">
     <span class='ocr_line' id='line_1_10' title="bbox 387 872 1962 945; baseline 0.003 -17"><span class='ocrx_word' id='word_1_57' title='bbox 387 872 714 928; x_wconf 89' lang='lat' dir='ltr'><strong>benedicam</strong></span> <span class='ocrx_word' id='word_1_58' title='bbox 771 873 872 926; x_wconf 85' lang='lat' dir='ltr'><strong>tibi</strong></span> <span class='ocrx_word' id='word_1_59' title='bbox 902 874 960 938; x_wconf 69' lang='lat'><strong>9;</strong></span> <span class='ocrx_word' id='word_1_60' title='bbox 1013 893 1030 924; x_wconf 75' lang='grc' dir='ltr'><strong>ι</strong></span> <span class='ocrx_word' id='word_1_61' title='bbox 1090 874 1366 928; x_wconf 77' lang='lat' dir='ltr'><strong>interdum</strong></span> <span class='ocrx_word' id='word_1_62' title='bbox 1420 876 1578 945; x_wconf 89' lang='lat' dir='ltr'><strong>quasi</strong></span> <span class='ocrx_word' id='word_1_63' title='bbox 1613 875 1679 930; x_wconf 88' lang='lat' dir='ltr'><strong>de</strong></span> <span class='ocrx_word' id='word_1_64' title='bbox 1714 875 1822 930; x_wconf 94' lang='lat' dir='ltr'><strong>alio</strong></span> <span class='ocrx_word' id='word_1_65' title='bbox 1857 875 1962 932; x_wconf 91' lang='lat' dir='ltr'><strong>Do-</strong></span> 
     </span>
    </p>
   </div>
   <div class='ocr_carea' id='block_1_11' title="bbox 379 963 1962 1036">
    <p class='ocr_par' dir='ltr' id='par_1_11' title="bbox 379 963 1962 1036">
     <span class='ocr_line' id='line_1_11' title="bbox 379 963 1962 1036; baseline 0.003 -18"><span class='ocrx_word' id='word_1_66' title='bbox 379 965 554 1029; x_wconf 89' lang='lat' dir='ltr'><strong>mino,</strong></span> <span class='ocrx_word' id='word_1_67' title='bbox 589 963 697 1019; x_wconf 86' lang='lat' dir='ltr'><strong>Deo</strong></span> <span class='ocrx_word' id='word_1_68' title='bbox 717 965 928 1020; x_wconf 80' lang='lat' dir='ltr'><strong>scilicet</strong></span> <span class='ocrx_word' id='word_1_69' title='bbox 957 974 1011 1020; x_wconf 87' lang='lat' dir='ltr'><strong>et</strong></span> <span class='ocrx_word' id='word_1_70' title='bbox 1039 964 1203 1019; x_wconf 85' lang='lat' dir='ltr'><strong>Patre</strong></span> <span class='ocrx_word' id='word_1_71' title='bbox 1227 967 1366 1036; x_wconf 84' lang='lat' dir='ltr'><strong>ejus,</strong></span> <span class='ocrx_word' id='word_1_72' title='bbox 1397 966 1781 1035; x_wconf 82' lang='lat' dir='ltr'><strong>disserentem,</strong></span> <span class='ocrx_word' id='word_1_73' title='bbox 1818 968 1962 1024; x_wconf 89' lang='lat' dir='ltr'><strong>sicut</strong></span> 
     </span>
    </p>
   </div>
   <div class='ocr_carea' id='block_1_12' title="bbox 379 1054 1963 1126">
    <p class='ocr_par' dir='ltr' id='par_1_12' title="bbox 379 1054 1963 1126">
     <span class='ocr_line' id='line_1_12' title="bbox 379 1054 1963 1126; baseline 0.002 -15"><span class='ocrx_word' id='word_1_74' title='bbox 379 1056 437 1111; x_wconf 91' lang='lat' dir='ltr'><strong>in</strong></span> <span class='ocrx_word' id='word_1_75' title='bbox 462 1054 729 1126; x_wconf 88' lang='lat' dir='ltr'><strong>Decalogo</strong></span> <span class='ocrx_word' id='word_1_76' title='bbox 780 1072 907 1111; x_wconf 89' lang='lat' dir='ltr'><strong>cum</strong></span> <span class='ocrx_word' id='word_1_77' title='bbox 950 1057 1068 1112; x_wconf 92' lang='lat' dir='ltr'><strong>ait:</strong></span> <span class='ocrx_word' id='word_1_78' title='bbox 1107 1075 1125 1108; x_wconf 85' lang='grc'><em>‹</em></span> <span class='ocrx_word' id='word_1_79' title='bbox 1176 1056 1296 1112; x_wconf 88' lang='lat' dir='ltr'><strong>Non</strong></span> <span class='ocrx_word' id='word_1_80' title='bbox 1333 1074 1582 1114; x_wconf 86' lang='lat' dir='ltr'><strong>assumes</strong></span> <span class='ocrx_word' id='word_1_81' title='bbox 1616 1074 1818 1115; x_wconf 90' lang='lat' dir='ltr'><strong>nomen</strong></span> <span class='ocrx_word' id='word_1_82' title='bbox 1853 1059 1963 1114; x_wconf 79' lang='lat' dir='ltr'><strong>Do-</strong></span> 
     </span>
    </p>
   </div>
   <div class='ocr_carea' id='block_1_13' title="bbox 379 1147 1960 1221">
    <p class='ocr_par' dir='ltr' id='par_1_13' title="bbox 379 1147 1960 1221">
     <span class='ocr_line' id='line_1_13' title="bbox 379 1147 1960 1221; baseline 0.003 -19"><span class='ocrx_word' id='word_1_83' title='bbox 379 1147 516 1202; x_wconf 90' lang='lat' dir='ltr'><strong>mini</strong></span> <span class='ocrx_word' id='word_1_84' title='bbox 549 1147 640 1204; x_wconf 92' lang='lat' dir='ltr'><strong>Dei</strong></span> <span class='ocrx_word' id='word_1_85' title='bbox 673 1149 753 1204; x_wconf 91' lang='lat' dir='ltr'><strong>tui</strong></span> <span class='ocrx_word' id='word_1_86' title='bbox 790 1149 846 1204; x_wconf 88' lang='lat' dir='ltr'><strong>in</strong></span> <span class='ocrx_word' id='word_1_87' title='bbox 873 1165 1108 1218; x_wconf 89' lang='lat' dir='ltr'><strong>vanum;</strong></span> <span class='ocrx_word' id='word_1_88' title='bbox 1159 1151 1394 1221; x_wconf 88' lang='lat' dir='ltr'><strong>septimo</strong></span> <span class='ocrx_word' id='word_1_89' title='bbox 1426 1152 1513 1206; x_wconf 90' lang='lat' dir='ltr'><strong>die</strong></span> <span class='ocrx_word' id='word_1_90' title='bbox 1542 1152 1831 1207; x_wconf 86' lang='lat' dir='ltr'><strong>sabbatum</strong></span> <span class='ocrx_word' id='word_1_91' title='bbox 1869 1152 1960 1207; x_wconf 85' lang='lat' dir='ltr'><strong>Dei</strong></span> 
     </span>
    </p>
   </div>
   <div class='ocr_carea' id='block_1_14' title="bbox 379 1238 1958 1298">
    <p class='ocr_par' dir='ltr' id='par_1_14' title="bbox 379 1238 1958 1298">
     <span class='ocr_line' id='line_1_14' title="bbox 379 1238 1958 1298; baseline 0.002 -5"><span class='ocrx_word' id='word_1_92' title='bbox 379 1240 457 1293; x_wconf 91' lang='lat' dir='ltr'><strong>tui</strong></span> <span class='ocrx_word' id='word_1_93' title='bbox 484 1246 587 1294; x_wconf 91' lang='lat' dir='ltr'><strong>est.</strong></span> <span class='ocrx_word' id='word_1_94' title='bbox 637 1238 747 1296; x_wconf 82' lang='lat' dir='ltr'><strong>Sex</strong></span> <span class='ocrx_word' id='word_1_95' title='bbox 775 1241 921 1296; x_wconf 89' lang='lat' dir='ltr'><strong>enim</strong></span> <span class='ocrx_word' id='word_1_96' title='bbox 953 1242 1147 1296; x_wconf 88' lang='lat' dir='ltr'><strong>diebus</strong></span> <span class='ocrx_word' id='word_1_97' title='bbox 1200 1241 1326 1296; x_wconf 80' lang='lat' dir='ltr'><strong>fecit</strong></span> <span class='ocrx_word' id='word_1_98' title='bbox 1369 1241 1633 1298; x_wconf 90' lang='lat' dir='ltr'><strong>Dominus</strong></span> <span class='ocrx_word' id='word_1_99' title='bbox 1662 1242 1864 1298; x_wconf 73' lang='lat' dir='ltr'><strong>ccelum</strong></span> <span class='ocrx_word' id='word_1_100' title='bbox 1903 1251 1958 1297; x_wconf 91' lang='lat' dir='ltr'><strong>et</strong></span> 
     </span>
    </p>
   </div>
   <div class='ocr_carea' id='block_1_15' title="bbox 377 1334 1960 1406">
    <p class='ocr_par' dir='ltr' id='par_1_15' title="bbox 377 1334 1960 1406">
     <span class='ocr_line' id='line_1_15' title="bbox 377 1334 1960 1406; baseline 0.001 -20"><span class='ocrx_word' id='word_1_101' title='bbox 377 1341 606 1396; x_wconf 85' lang='lat' dir='ltr'><strong>terram,</strong></span> <span class='ocrx_word' id='word_1_102' title='bbox 641 1339 694 1388; x_wconf 88' lang='lat' dir='ltr'><strong>et</strong></span> <span class='ocrx_word' id='word_1_103' title='bbox 723 1348 895 1398; x_wconf 83' lang='lat' dir='ltr'><strong>mare,</strong></span> <span class='ocrx_word' id='word_1_104' title='bbox 926 1341 980 1390; x_wconf 90' lang='lat' dir='ltr'><strong>et</strong></span> <span class='ocrx_word' id='word_1_105' title='bbox 1009 1336 1194 1390; x_wconf 89' lang='lat' dir='ltr'><strong>omnia</strong></span> <span class='ocrx_word' id='word_1_106' title='bbox 1216 1350 1337 1406; x_wconf 73' lang='lat' dir='ltr'><strong>qua:</strong></span> <span class='ocrx_word' id='word_1_107' title='bbox 1366 1335 1424 1388; x_wconf 92' lang='lat' dir='ltr'><strong>in</strong></span> <span class='ocrx_word' id='word_1_108' title='bbox 1449 1335 1531 1390; x_wconf 89' lang='lat' dir='ltr'><strong>eis</strong></span> <span class='ocrx_word' id='word_1_109' title='bbox 1571 1342 1734 1401; x_wconf 86' lang='lat' dir='ltr'><strong>sunt;</strong></span> <span class='ocrx_word' id='word_1_110' title='bbox 1779 1341 1835 1388; x_wconf 92' lang='lat' dir='ltr'><strong>et</strong></span> <span class='ocrx_word' id='word_1_111' title='bbox 1865 1334 1960 1389; x_wconf 87' lang='lat' dir='ltr'><strong>be-</strong></span> 
     </span>
    </p>
   </div>
   <div class='ocr_carea' id='block_1_16' title="bbox 378 1424 1958 1482">
    <p class='ocr_par' dir='ltr' id='par_1_16' title="bbox 378 1424 1958 1482">
     <span class='ocr_line' id='line_1_16' title="bbox 378 1424 1958 1482; baseline 0.001 -2"><span class='ocrx_word' id='word_1_112' title='bbox 378 1424 590 1480; x_wconf 83' lang='lat' dir='ltr'><strong>nedixit</strong></span> <span class='ocrx_word' id='word_1_113' title='bbox 630 1425 896 1482; x_wconf 88' lang='lat' dir='ltr'><strong>Dominus</strong></span> <span class='ocrx_word' id='word_1_114' title='bbox 948 1426 1056 1482; x_wconf 90' lang='lat' dir='ltr'><strong>diei</strong></span> <span class='ocrx_word' id='word_1_115' title='bbox 1120 1426 1440 1482; x_wconf 74' lang='lat' dir='ltr'><strong>Sabbati“.</strong></span> <span class='ocrx_word' id='word_1_116' title='bbox 1503 1446 1522 1478; x_wconf 77' lang='grc' dir='ltr'><strong>ι</strong></span> <span class='ocrx_word' id='word_1_117' title='bbox 1585 1425 1653 1481; x_wconf 85' lang='grc' dir='ltr'>Ει</span> <span class='ocrx_word' id='word_1_118' title='bbox 1712 1441 1958 1481; x_wconf 87' lang='lat' dir='ltr'><strong>rursus:</strong></span> 
     </span>
    </p>
   </div>
   <div class='ocr_carea' id='block_1_17' title="bbox 383 1515 1961 1587">
    <p class='ocr_par' dir='ltr' id='par_1_17' title="bbox 383 1515 1961 1587">
     <span class='ocr_line' id='line_1_17' title="bbox 383 1515 1961 1587; baseline 0.003 -20"><span class='ocrx_word' id='word_1_119' title='bbox 383 1533 404 1567; x_wconf 76' lang='grc' dir='ltr'><strong>ι</strong></span> <span class='ocrx_word' id='word_1_120' title='bbox 458 1515 678 1571; x_wconf 86' lang='lat' dir='ltr'><strong>Honora</strong></span> <span class='ocrx_word' id='word_1_121' title='bbox 723 1527 934 1587; x_wconf 84' lang='lat' dir='ltr'><strong>patrem</strong></span> <span class='ocrx_word' id='word_1_122' title='bbox 979 1525 1136 1572; x_wconf 90' lang='lat' dir='ltr'><strong>tuum</strong></span> <span class='ocrx_word' id='word_1_123' title='bbox 1189 1527 1244 1573; x_wconf 90' lang='lat' dir='ltr'><strong>et</strong></span> <span class='ocrx_word' id='word_1_124' title='bbox 1295 1525 1528 1573; x_wconf 88' lang='lat' dir='ltr'><strong>matrem</strong></span> <span class='ocrx_word' id='word_1_125' title='bbox 1559 1525 1734 1584; x_wconf 90' lang='lat' dir='ltr'><strong>tuam,</strong></span> <span class='ocrx_word' id='word_1_126' title='bbox 1770 1526 1831 1573; x_wconf 91' lang='lat' dir='ltr'><strong>ut</strong></span> <span class='ocrx_word' id='word_1_127' title='bbox 1861 1519 1961 1574; x_wconf 86' lang='lat' dir='ltr'><strong>tibi</strong></span> 
     </span>
    </p>
   </div>
   <div class='ocr_carea' id='block_1_18' title="bbox 375 1605 1962 1680">
    <p class='ocr_par' dir='ltr' id='par_1_18' title="bbox 375 1605 1962 1680">
     <span class='ocr_line' id='line_1_18' title="bbox 375 1605 1962 1680; baseline 0.002 -20"><span class='ocrx_word' id='word_1_128' title='bbox 375 1605 517 1661; x_wconf 88' lang='lat' dir='ltr'><strong>bene</strong></span> <span class='ocrx_word' id='word_1_129' title='bbox 549 1607 621 1661; x_wconf 91' lang='lat' dir='ltr'><strong>sit</strong></span> <span class='ocrx_word' id='word_1_130' title='bbox 649 1617 703 1662; x_wconf 89' lang='lat' dir='ltr'><strong>et</strong></span> <span class='ocrx_word' id='word_1_131' title='bbox 736 1609 814 1663; x_wconf 89' lang='lat' dir='ltr'><strong>sis</strong></span> <span class='ocrx_word' id='word_1_132' title='bbox 844 1608 1119 1678; x_wconf 79' lang='lat' dir='ltr'><strong>longaevus</strong></span> <span class='ocrx_word' id='word_1_133' title='bbox 1155 1625 1324 1680; x_wconf 86' lang='lat' dir='ltr'><strong>super</strong></span> <span class='ocrx_word' id='word_1_134' title='bbox 1346 1616 1554 1664; x_wconf 84' lang='lat' dir='ltr'><strong>terram</strong></span> <span class='ocrx_word' id='word_1_135' title='bbox 1575 1625 1741 1679; x_wconf 88' lang='lat' dir='ltr'><strong>quam</strong></span> <span class='ocrx_word' id='word_1_136' title='bbox 1775 1609 1962 1664; x_wconf 93' lang='lat' dir='ltr'><strong>Domi-</strong></span> 
     </span>
    </p>
   </div>
   <div class='ocr_carea' id='block_1_19' title="bbox 376 1697 1963 1770">
    <p class='ocr_par' dir='ltr' id='par_1_19' title="bbox 376 1697 1963 1770">
     <span class='ocr_line' id='line_1_19' title="bbox 376 1697 1963 1770; baseline 0.003 -20"><span class='ocrx_word' id='word_1_137' title='bbox 376 1712 485 1752; x_wconf 90' lang='lat' dir='ltr'><strong>nus</strong></span> <span class='ocrx_word' id='word_1_138' title='bbox 517 1697 662 1753; x_wconf 91' lang='lat' dir='ltr'><strong>Deus</strong></span> <span class='ocrx_word' id='word_1_139' title='bbox 693 1707 821 1754; x_wconf 91' lang='lat' dir='ltr'><strong>tuus</strong></span> <span class='ocrx_word' id='word_1_140' title='bbox 850 1699 1004 1754; x_wconf 89' lang='lat' dir='ltr'><strong>dabit</strong></span> <span class='ocrx_word' id='word_1_141' title='bbox 1040 1699 1138 1754; x_wconf 90' lang='lat' dir='ltr'><strong>tibi</strong></span> <span class='ocrx_word' id='word_1_142' title='bbox 1173 1701 1239 1754; x_wconf 85' lang='lat'><strong>”.</strong></span> <span class='ocrx_word' id='word_1_143' title='bbox 1284 1719 1302 1750; x_wconf 75' lang='grc' dir='ltr'><strong>ι</strong></span> <span class='ocrx_word' id='word_1_144' title='bbox 1338 1698 1467 1754; x_wconf 81' lang='lat' dir='ltr'><strong>Haec</strong></span> <span class='ocrx_word' id='word_1_145' title='bbox 1512 1699 1659 1754; x_wconf 90' lang='lat' dir='ltr'><strong>enim</strong></span> <span class='ocrx_word' id='word_1_146' title='bbox 1701 1715 1812 1754; x_wconf 91' lang='lat' dir='ltr'><strong>non</strong></span> <span class='ocrx_word' id='word_1_147' title='bbox 1864 1716 1963 1770; x_wconf 89' lang='lat' dir='ltr'><strong>per</strong></span> 
     </span>
    </p>
   </div>
   <div class='ocr_carea' id='block_1_20' title="bbox 2070 497 3655 577">
    <p class='ocr_par' dir='ltr' id='par_1_20' title="bbox 2070 497 3655 577">
     <span class='ocr_line' id='line_1_20' title="bbox 2070 497 3655 577; baseline -0.006 -19"><span class='ocrx_word' id='word_1_148' title='bbox 2070 504 2237 560; x_wconf 80' lang='grc' dir='ltr'>αὐτοῦ</span> <span class='ocrx_word' id='word_1_149' title='bbox 2280 504 2517 577; x_wconf 82' lang='grc' dir='ltr'>Ἰσραὴλ,</span> <span class='ocrx_word' id='word_1_150' title='bbox 2547 523 2566 556; x_wconf 72' lang='grc' dir='ltr'><strong>ι</strong></span> <span class='ocrx_word' id='word_1_151' title='bbox 2598 497 2686 556; x_wconf 71' lang='grc' dir='ltr'><strong>οἷα</strong></span> <span class='ocrx_word' id='word_1_152' title='bbox 2726 503 2867 576; x_wconf 82' lang='grc' dir='ltr'>ὑπὲρ</span> <span class='ocrx_word' id='word_1_153' title='bbox 2903 502 3119 574; x_wconf 75' lang='grc' dir='ltr'><strong>μερίδος</strong></span> <span class='ocrx_word' id='word_1_154' title='bbox 3165 502 3259 556; x_wconf 80' lang='grc' dir='ltr'>καὶ</span> <span class='ocrx_word' id='word_1_155' title='bbox 3291 499 3655 572; x_wconf 74' lang='grc' dir='ltr'><strong>κληρονομίας</strong></span> 
     </span>
    </p>
   </div>
   <div class='ocr_carea' id='block_1_21' title="bbox 2070 589 3658 672">
    <p class='ocr_par' dir='ltr' id='par_1_21' title="bbox 2070 589 3658 672">
     <span class='ocr_line' id='line_1_21' title="bbox 2070 589 3658 672; baseline -0.009 -17"><span class='ocrx_word' id='word_1_156' title='bbox 2070 597 2410 672; x_wconf 77' lang='grc' dir='ltr'><strong>φροντίζειν,</strong></span> <span class='ocrx_word' id='word_1_157' title='bbox 2462 595 2727 651; x_wconf 88' lang='grc' dir='ltr'>κενοῦντά</span> <span class='ocrx_word' id='word_1_158' title='bbox 2761 612 2819 648; x_wconf 87' lang='grc' dir='ltr'><strong>τε</strong></span> <span class='ocrx_word' id='word_1_159' title='bbox 2851 594 3040 647; x_wconf 80' lang='grc' dir='ltr'>ἑαυτὸν</span> <span class='ocrx_word' id='word_1_160' title='bbox 3089 593 3184 646; x_wconf 74' lang='grc' dir='ltr'><strong>καὶ</strong></span> <span class='ocrx_word' id='word_1_161' title='bbox 3230 590 3325 645; x_wconf 86' lang='grc' dir='ltr'><strong>τοῦ</strong></span> <span class='ocrx_word' id='word_1_162' title='bbox 3377 589 3658 661; x_wconf 71' lang='grc' dir='ltr'>συμφυοῦς</span> 
     </span>
    </p>
   </div>
   <div class='ocr_carea' id='block_1_22' title="bbox 2073 682 3660 766">
    <p class='ocr_par' dir='ltr' id='par_1_22' title="bbox 2073 682 3660 766">
     <span class='ocr_line' id='line_1_22' title="bbox 2073 682 3660 766; baseline -0.01 -18"><span class='ocrx_word' id='word_1_163' title='bbox 2073 691 2336 766; x_wconf 80' lang='grc' dir='ltr'>μεγέθους</span> <span class='ocrx_word' id='word_1_164' title='bbox 2362 688 2730 763; x_wconf 83' lang='grc' dir='ltr'>σμικρύνοντα</span> <span class='ocrx_word' id='word_1_165' title='bbox 2751 690 2817 759; x_wconf 72' lang='grc' dir='ltr'>τῇ</span> <span class='ocrx_word' id='word_1_166' title='bbox 2843 687 2953 741; x_wconf 89' lang='grc' dir='ltr'><strong>τῶν</strong></span> <span class='ocrx_word' id='word_1_167' title='bbox 2982 685 3286 758; x_wconf 85' lang='grc' dir='ltr'>ἀνθρώπων</span> <span class='ocrx_word' id='word_1_168' title='bbox 3309 686 3405 738; x_wconf 75' lang='grc' dir='ltr'>καὶ</span> <span class='ocrx_word' id='word_1_169' title='bbox 3426 682 3538 754; x_wconf 75' lang='grc' dir='ltr'><strong>πρὸ</strong></span> <span class='ocrx_word' id='word_1_170' title='bbox 3568 682 3660 750; x_wconf 74' lang='grc' dir='ltr'><strong>τῆς</strong></span> 
     </span>
    </p>
   </div>
   <div class='ocr_carea' id='block_1_23' title="bbox 2072 771 3664 857">
    <p class='ocr_par' dir='ltr' id='par_1_23' title="bbox 2072 771 3664 857">
     <span class='ocr_line' id='line_1_23' title="bbox 2072 771 3664 857; baseline -0.011 -16"><span class='ocrx_word' id='word_1_171' title='bbox 2072 786 2536 857; x_wconf 84' lang='grc' dir='ltr'>ὲνανθρωπὴσεως</span> <span class='ocrx_word' id='word_1_172' title='bbox 2579 778 3088 854; x_wconf 79' lang='grc' dir='ltr'>συμπεριφέρεσθαι</span> <span class='ocrx_word' id='word_1_173' title='bbox 3113 777 3390 848; x_wconf 73' lang='grc' dir='ltr'>σωτηρία;</span> <span class='ocrx_word' id='word_1_174' title='bbox 3421 776 3487 828; x_wconf 76' lang='grc' dir='ltr'>Εἰ</span> <span class='ocrx_word' id='word_1_175' title='bbox 3539 771 3664 840; x_wconf 79' lang='grc' dir='ltr'>γοῦν</span> 
     </span>
    </p>
   </div>
   <div class='ocr_carea' id='block_1_24' title="bbox 2069 868 3662 950">
    <p class='ocr_par' dir='ltr' id='par_1_24' title="bbox 2069 868 3662 950">
     <span class='ocr_line' id='line_1_24' title="bbox 2069 868 3662 950; baseline -0.01 -17"><span class='ocrx_word' id='word_1_176' title='bbox 2069 878 2427 950; x_wconf 82' lang='grc' dir='ltr'><strong>εὐγνωμόνως</strong></span> <span class='ocrx_word' id='word_1_177' title='bbox 2452 877 2871 946; x_wconf 81' lang='grc' dir='ltr'>ὲπιστήσαιμεν,</span> <span class='ocrx_word' id='word_1_178' title='bbox 2904 871 3161 943; x_wconf 78' lang='grc' dir='ltr'><strong>εὕροιμεν</strong></span> <span class='ocrx_word' id='word_1_179' title='bbox 3198 869 3362 922; x_wconf 73' lang='grc' dir='ltr'>αὐτὸν</span> <span class='ocrx_word' id='word_1_180' title='bbox 3398 868 3540 920; x_wconf 81' lang='grc' dir='ltr'>ποτὲ</span> <span class='ocrx_word' id='word_1_181' title='bbox 3570 868 3662 935; x_wconf 78' lang='grc' dir='ltr'><strong>μὲν</strong></span> 
     </span>
    </p>
   </div>
   <div class='ocr_carea' id='block_1_25' title="bbox 2069 958 3663 1040">
    <p class='ocr_par' dir='ltr' id='par_1_25' title="bbox 2069 958 3663 1040">
     <span class='ocr_line' id='line_1_25' title="bbox 2069 958 3663 1040; baseline -0.01 -16"><span class='ocrx_word' id='word_1_182' title='bbox 2069 973 2148 1034; x_wconf 85' lang='grc' dir='ltr'>εἰς</span> <span class='ocrx_word' id='word_1_183' title='bbox 2180 970 2310 1023; x_wconf 83' lang='grc' dir='ltr'>ἴδιον</span> <span class='ocrx_word' id='word_1_184' title='bbox 2343 968 2634 1040; x_wconf 87' lang='grc' dir='ltr'>πρόσωπον</span> <span class='ocrx_word' id='word_1_185' title='bbox 2681 964 3022 1035; x_wconf 81' lang='grc' dir='ltr'>ἀναφέροντα</span> <span class='ocrx_word' id='word_1_186' title='bbox 3052 961 3150 1024; x_wconf 85' lang='grc' dir='ltr'>τὰς</span> <span class='ocrx_word' id='word_1_187' title='bbox 3203 958 3663 1031; x_wconf 75' lang='grc' dir='ltr'><strong>παρακελεύσεις,</strong></span> 
     </span>
    </p>
   </div>
   <div class='ocr_carea' id='block_1_26' title="bbox 2067 1050 3663 1131">
    <p class='ocr_par' dir='ltr' id='par_1_26' title="bbox 2067 1050 3663 1131">
     <span class='ocr_line' id='line_1_26' title="bbox 2067 1050 3663 1131; baseline -0.012 -11"><span class='ocrx_word' id='word_1_188' title='bbox 2067 1061 2144 1125; x_wconf 74' lang='grc' dir='ltr'>ὡς</span> <span class='ocrx_word' id='word_1_189' title='bbox 2197 1063 2323 1114; x_wconf 87' lang='grc' dir='ltr'>ὃταν</span> <span class='ocrx_word' id='word_1_190' title='bbox 2373 1059 2528 1131; x_wconf 74' lang='grc' dir='ltr'>λέγῃο</span> <span class='ocrx_word' id='word_1_191' title='bbox 2564 1077 2582 1109; x_wconf 89' lang='grc'><strong>‹</strong></span> <span class='ocrx_word' id='word_1_192' title='bbox 2621 1059 2735 1111; x_wconf 79' lang='grc' dir='ltr'>Οὐκ</span> <span class='ocrx_word' id='word_1_193' title='bbox 2773 1056 2990 1128; x_wconf 79' lang='grc' dir='ltr'>όφθὴσῃ</span> <span class='ocrx_word' id='word_1_194' title='bbox 3033 1052 3264 1106; x_wconf 83' lang='grc' dir='ltr'>ἐνώπιόν</span> <span class='ocrx_word' id='word_1_195' title='bbox 3317 1069 3421 1121; x_wconf 85' lang='grc' dir='ltr'><strong>μου</strong></span> <span class='ocrx_word' id='word_1_196' title='bbox 3469 1050 3663 1112; x_wconf 76' lang='grc' dir='ltr'>κενόςο</span> 
     </span>
    </p>
   </div>
   <div class='ocr_carea' id='block_1_27' title="bbox 2069 1137 3667 1220">
    <p class='ocr_par' dir='ltr' id='par_1_27' title="bbox 2069 1137 3667 1220">
     <span class='ocr_line' id='line_1_27' title="bbox 2069 1137 3667 1220; baseline -0.013 -16"><span class='ocrx_word' id='word_1_197' title='bbox 2069 1153 2164 1205; x_wconf 79' lang='grc' dir='ltr'><strong>καὶ</strong></span> <span class='ocrx_word' id='word_1_198' title='bbox 2198 1150 2582 1220; x_wconf 86' lang='grc' dir='ltr'>Ουσιαστήριον</span> <span class='ocrx_word' id='word_1_199' title='bbox 2636 1149 2700 1200; x_wconf 78' lang='grc' dir='ltr'>ἐκ</span> <span class='ocrx_word' id='word_1_200' title='bbox 2753 1149 2855 1218; x_wconf 78' lang='grc' dir='ltr'>γῆς</span> <span class='ocrx_word' id='word_1_201' title='bbox 2900 1143 3185 1215; x_wconf 81' lang='grc' dir='ltr'>ποιήσεταί</span> <span class='ocrx_word' id='word_1_202' title='bbox 3238 1160 3361 1213; x_wconf 88' lang='grc' dir='ltr'>μοι·</span> <span class='ocrx_word' id='word_1_203' title='bbox 3422 1142 3522 1193; x_wconf 73' lang='grc' dir='ltr'>καὶ</span> <span class='ocrx_word' id='word_1_204' title='bbox 3554 1137 3667 1210; x_wconf 72' lang='grc' dir='ltr'><strong>ἥξω</strong></span> 
     </span>
    </p>
   </div>
   <div class='ocr_carea' id='block_1_28' title="bbox 2069 1233 3666 1312">
    <p class='ocr_par' dir='ltr' id='par_1_28' title="bbox 2069 1233 3666 1312">
     <span class='ocr_line' id='line_1_28' title="bbox 2069 1233 3666 1312; baseline -0.006 -18"><span class='ocrx_word' id='word_1_205' title='bbox 2069 1243 2206 1312; x_wconf 86' lang='grc' dir='ltr'>πρὸς</span> <span class='ocrx_word' id='word_1_206' title='bbox 2237 1241 2298 1294; x_wconf 83' lang='grc' dir='ltr'><strong>σὲ</strong></span> <span class='ocrx_word' id='word_1_207' title='bbox 2337 1240 2432 1295; x_wconf 76' lang='grc' dir='ltr'><strong>καὶ</strong></span> <span class='ocrx_word' id='word_1_208' title='bbox 2460 1239 2741 1308; x_wconf 82' lang='grc' dir='ltr'><strong>εὐλογήσω</strong></span> <span class='ocrx_word' id='word_1_209' title='bbox 2775 1254 2832 1290; x_wconf 89' lang='grc' dir='ltr'><strong>σε</strong></span> <span class='ocrx_word' id='word_1_210' title='bbox 2852 1255 2865 1266; x_wconf 76' lang='lat'><strong>&#39;</strong></span> <span class='ocrx_word' id='word_1_211' title='bbox 2905 1255 2925 1288; x_wconf 72' lang='grc' dir='ltr'><strong>ι</strong></span> <span class='ocrx_word' id='word_1_212' title='bbox 2964 1237 3094 1288; x_wconf 82' lang='grc' dir='ltr'>ποτὲ</span> <span class='ocrx_word' id='word_1_213' title='bbox 3122 1235 3181 1288; x_wconf 79' lang='grc' dir='ltr'><strong>δὲ</strong></span> <span class='ocrx_word' id='word_1_214' title='bbox 3207 1234 3282 1298; x_wconf 89' lang='grc' dir='ltr'>ὡς</span> <span class='ocrx_word' id='word_1_215' title='bbox 3309 1234 3444 1304; x_wconf 75' lang='grc' dir='ltr'>περὶ</span> <span class='ocrx_word' id='word_1_216' title='bbox 3473 1233 3666 1302; x_wconf 77' lang='grc' dir='ltr'>ἑτέρου</span> 
     </span>
    </p>
   </div>
   <div class='ocr_carea' id='block_1_29' title="bbox 2067 1325 3670 1405">
    <p class='ocr_par' dir='ltr' id='par_1_29' title="bbox 2067 1325 3670 1405">
     <span class='ocr_line' id='line_1_29' title="bbox 2067 1325 3670 1405; baseline -0.006 -19"><span class='ocrx_word' id='word_1_217' title='bbox 2067 1334 2275 1405; x_wconf 84' lang='grc' dir='ltr'>Κυρίου</span> <span class='ocrx_word' id='word_1_218' title='bbox 2297 1372 2312 1396; x_wconf 89' lang='grc'><strong>,</strong></span> <span class='ocrx_word' id='word_1_219' title='bbox 2359 1329 2454 1384; x_wconf 86' lang='grc' dir='ltr'><strong>τοῦ</strong></span> <span class='ocrx_word' id='word_1_220' title='bbox 2496 1330 2631 1383; x_wconf 87' lang='grc' dir='ltr'>Θεοῦ</span> <span class='ocrx_word' id='word_1_221' title='bbox 2658 1328 2859 1401; x_wconf 85' lang='grc' dir='ltr'>δηλαδὴ</span> <span class='ocrx_word' id='word_1_222' title='bbox 2893 1329 2987 1381; x_wconf 77' lang='grc' dir='ltr'><strong>καὶ</strong></span> <span class='ocrx_word' id='word_1_223' title='bbox 3016 1326 3232 1398; x_wconf 60' lang='grc' dir='ltr'>Πλατρὸς</span> <span class='ocrx_word' id='word_1_224' title='bbox 3259 1325 3452 1388; x_wconf 82' lang='grc' dir='ltr'>αὑτοῦ,</span> <span class='ocrx_word' id='word_1_225' title='bbox 3487 1325 3670 1378; x_wconf 73' lang='grc' dir='ltr'>διαλε-</span> 
     </span>
    </p>
   </div>
   <div class='ocr_carea' id='block_1_30' title="bbox 2068 1418 3668 1497">
    <p class='ocr_par' dir='ltr' id='par_1_30' title="bbox 2068 1418 3668 1497">
     <span class='ocr_line' id='line_1_30' title="bbox 2068 1418 3668 1497; baseline -0.004 -20"><span class='ocrx_word' id='word_1_226' title='bbox 2068 1425 2318 1497; x_wconf 86' lang='grc' dir='ltr'>γόμενον,</span> <span class='ocrx_word' id='word_1_227' title='bbox 2348 1423 2424 1487; x_wconf 85' lang='grc' dir='ltr'><strong>ὡς</strong></span> <span class='ocrx_word' id='word_1_228' title='bbox 2453 1423 2544 1475; x_wconf 82' lang='grc' dir='ltr'><strong>ἐπὶ</strong></span> <span class='ocrx_word' id='word_1_229' title='bbox 2576 1422 2681 1492; x_wconf 82' lang='grc' dir='ltr'>τῆς</span> <span class='ocrx_word' id='word_1_230' title='bbox 2737 1421 3037 1489; x_wconf 84' lang='grc' dir='ltr'>Δεκαλόγου</span> <span class='ocrx_word' id='word_1_231' title='bbox 3079 1421 3209 1472; x_wconf 82' lang='grc' dir='ltr'>ὅταν</span> <span class='ocrx_word' id='word_1_232' title='bbox 3258 1419 3479 1489; x_wconf 78' lang='grc' dir='ltr'><strong>φάσκῃ·</strong></span> <span class='ocrx_word' id='word_1_233' title='bbox 3535 1435 3556 1467; x_wconf 75' lang='grc' dir='ltr'><strong>σ</strong></span> <span class='ocrx_word' id='word_1_234' title='bbox 3595 1418 3668 1470; x_wconf 81' lang='grc' dir='ltr'><strong>Οὐ</strong></span> 
     </span>
    </p>
   </div>
   <div class='ocr_carea' id='block_1_31' title="bbox 2067 1507 3665 1588">
    <p class='ocr_par' dir='ltr' id='par_1_31' title="bbox 2067 1507 3665 1588">
     <span class='ocr_line' id='line_1_31' title="bbox 2067 1507 3665 1588; baseline -0.014 -14"><span class='ocrx_word' id='word_1_235' title='bbox 2067 1515 2212 1588; x_wconf 68' lang='grc' dir='ltr'><strong>λήψῃ</strong></span> <span class='ocrx_word' id='word_1_236' title='bbox 2255 1515 2316 1568; x_wconf 82' lang='grc' dir='ltr'><strong>τὸ</strong></span> <span class='ocrx_word' id='word_1_237' title='bbox 2367 1514 2538 1584; x_wconf 72' lang='grc' dir='ltr'>ὄνομα</span> <span class='ocrx_word' id='word_1_238' title='bbox 2568 1512 2774 1585; x_wconf 84' lang='grc' dir='ltr'>Κυρίου</span> <span class='ocrx_word' id='word_1_239' title='bbox 2824 1511 2920 1565; x_wconf 90' lang='grc' dir='ltr'><strong>τοῦ</strong></span> <span class='ocrx_word' id='word_1_240' title='bbox 2968 1509 3102 1563; x_wconf 91' lang='grc' dir='ltr'>Θεοῦ</span> <span class='ocrx_word' id='word_1_241' title='bbox 3137 1526 3229 1562; x_wconf 90' lang='grc' dir='ltr'><strong>σου</strong></span> <span class='ocrx_word' id='word_1_242' title='bbox 3281 1509 3378 1562; x_wconf 74' lang='grc' dir='ltr'><strong>ἐπὶ</strong></span> <span class='ocrx_word' id='word_1_243' title='bbox 3413 1507 3665 1578; x_wconf 70' lang='grc' dir='ltr'>ματαίῳ·</span> 
     </span>
    </p>
   </div>
   <div class='ocr_carea' id='block_1_32' title="bbox 2068 1600 3668 1680">
    <p class='ocr_par' dir='ltr' id='par_1_32' title="bbox 2068 1600 3668 1680">
     <span class='ocr_line' id='line_1_32' title="bbox 2068 1600 3668 1680; baseline -0.006 -18"><span class='ocrx_word' id='word_1_244' title='bbox 2068 1611 2164 1662; x_wconf 65' lang='grc' dir='ltr'>καὶ</span> <span class='ocrx_word' id='word_1_245' title='bbox 2185 1611 2250 1680; x_wconf 84' lang='grc' dir='ltr'>τῇ</span> <span class='ocrx_word' id='word_1_246' title='bbox 2274 1607 2457 1680; x_wconf 72' lang='grc' dir='ltr'>ἡμέρᾳ</span> <span class='ocrx_word' id='word_1_247' title='bbox 2481 1610 2549 1678; x_wconf 82' lang='grc' dir='ltr'>τῇ</span> <span class='ocrx_word' id='word_1_248' title='bbox 2575 1605 2777 1676; x_wconf 79' lang='grc' dir='ltr'>ἐϐδόμῃ</span> <span class='ocrx_word' id='word_1_249' title='bbox 2808 1603 3054 1658; x_wconf 70' lang='grc' dir='ltr'>σάϐϐατα</span> <span class='ocrx_word' id='word_1_250' title='bbox 3079 1603 3270 1675; x_wconf 83' lang='grc' dir='ltr'>Κυρίῳ</span> <span class='ocrx_word' id='word_1_251' title='bbox 3291 1600 3371 1672; x_wconf 83' lang='grc' dir='ltr'><strong>τῷ</strong></span> <span class='ocrx_word' id='word_1_252' title='bbox 3389 1600 3514 1670; x_wconf 84' lang='grc' dir='ltr'><strong>Θεῷ</strong></span> <span class='ocrx_word' id='word_1_253' title='bbox 3538 1617 3632 1653; x_wconf 77' lang='grc' dir='ltr'><strong>σου</strong></span> <span class='ocrx_word' id='word_1_254' title='bbox 3651 1617 3668 1633; x_wconf 79' lang='grc' dir='ltr'><strong><em>ο</em></strong></span> 
     </span>
    </p>
   </div>
   <div class='ocr_carea' id='block_1_33' title="bbox 2070 1697 3669 1775">
    <p class='ocr_par' dir='ltr' id='par_1_33' title="bbox 2070 1697 3669 1775">
     <span class='ocr_line' id='line_1_33' title="bbox 2070 1697 3669 1775; baseline -0.004 -19"><span class='ocrx_word' id='word_1_255' title='bbox 2070 1703 2163 1762; x_wconf 76' lang='grc' dir='ltr'>καὶ</span> <span class='ocrx_word' id='word_1_256' title='bbox 2189 1703 2296 1775; x_wconf 80' lang='grc' dir='ltr'>γὰρ</span> <span class='ocrx_word' id='word_1_257' title='bbox 2314 1704 2370 1755; x_wconf 84' lang='grc' dir='ltr'>ὲν</span> <span class='ocrx_word' id='word_1_258' title='bbox 2383 1702 2441 1768; x_wconf 79' lang='grc' dir='ltr'><strong>ἒξ</strong></span> <span class='ocrx_word' id='word_1_259' title='bbox 2466 1701 2701 1773; x_wconf 81' lang='grc' dir='ltr'>ἡμέραις</span> <span class='ocrx_word' id='word_1_260' title='bbox 2727 1698 2982 1771; x_wconf 78' lang='grc' dir='ltr'>ἐποίησεν</span> <span class='ocrx_word' id='word_1_261' title='bbox 3001 1697 3207 1772; x_wconf 83' lang='grc' dir='ltr'>Κύριος</span> <span class='ocrx_word' id='word_1_262' title='bbox 3231 1698 3322 1750; x_wconf 78' lang='grc' dir='ltr'><strong>τόν</strong></span> <span class='ocrx_word' id='word_1_263' title='bbox 3345 1715 3406 1750; x_wconf 89' lang='grc' dir='ltr'><strong>τε</strong></span> <span class='ocrx_word' id='word_1_264' title='bbox 3437 1697 3669 1768; x_wconf 76' lang='grc' dir='ltr'>οὐρανὸν</span> 
     </span>
    </p>
   </div>
   <div class='ocr_carea' id='block_1_34' title="bbox 375 1786 1956 1865">
    <p class='ocr_par' dir='ltr' id='par_1_34' title="bbox 375 1789 1953 1862">
     <span class='ocr_line' id='line_1_34' title="bbox 375 1789 1953 1862; baseline 0.001 -16"><span class='ocrx_word' id='word_1_265' title='bbox 375 1789 653 1858; x_wconf 80' lang='lat' dir='ltr'><strong>angelum,</strong></span> <span class='ocrx_word' id='word_1_266' title='bbox 681 1789 776 1845; x_wconf 92' lang='lat' dir='ltr'><strong>sed</strong></span> <span class='ocrx_word' id='word_1_267' title='bbox 810 1790 926 1859; x_wconf 91' lang='lat' dir='ltr'><strong>ipse</strong></span> <span class='ocrx_word' id='word_1_268' title='bbox 960 1805 1058 1860; x_wconf 91' lang='lat' dir='ltr'><strong>per</strong></span> <span class='ocrx_word' id='word_1_269' title='bbox 1108 1791 1350 1861; x_wconf 89' lang='lat' dir='ltr'><strong>seipsum</strong></span> <span class='ocrx_word' id='word_1_270' title='bbox 1387 1789 1652 1846; x_wconf 88' lang='lat' dir='ltr'><strong>Dominus</strong></span> <span class='ocrx_word' id='word_1_271' title='bbox 1704 1790 1953 1862; x_wconf 83' lang='lat' dir='ltr'><strong>profecto</strong></span> 
     </span>
    </p>
   </div>
   <div class='ocr_carea' id='block_1_35' title="bbox 2071 1786 3670 1865">
    <p class='ocr_par' dir='ltr' id='par_1_35' title="bbox 2071 1786 3670 1865">
     <span class='ocr_line' id='line_1_35' title="bbox 2071 1786 3670 1865; baseline -0.006 -17"><span class='ocrx_word' id='word_1_272' title='bbox 2071 1796 2152 1848; x_wconf 70' lang='grc' dir='ltr'><strong>καὶ</strong></span> <span class='ocrx_word' id='word_1_273' title='bbox 2192 1794 2290 1865; x_wconf 82' lang='grc' dir='ltr'>τὴν</span> <span class='ocrx_word' id='word_1_274' title='bbox 2315 1797 2440 1865; x_wconf 74' lang='grc' dir='ltr'>γῆνο</span> <span class='ocrx_word' id='word_1_275' title='bbox 2486 1793 2581 1845; x_wconf 72' lang='grc' dir='ltr'>καὶ</span> <span class='ocrx_word' id='word_1_276' title='bbox 2610 1789 2875 1862; x_wconf 85' lang='grc' dir='ltr'>εὐλόγησε</span> <span class='ocrx_word' id='word_1_277' title='bbox 2913 1788 3118 1860; x_wconf 87' lang='grc' dir='ltr'>Κύριος</span> <span class='ocrx_word' id='word_1_278' title='bbox 3169 1788 3267 1859; x_wconf 79' lang='grc' dir='ltr'>τὴν</span> <span class='ocrx_word' id='word_1_279' title='bbox 3307 1787 3526 1859; x_wconf 78' lang='grc' dir='ltr'>ἡμέραν</span> <span class='ocrx_word' id='word_1_280' title='bbox 3572 1786 3670 1856; x_wconf 73' lang='grc' dir='ltr'><strong>τὴν</strong></span> 
     </span>
    </p>
   </div>
   <div class='ocr_carea' id='block_1_36' title="bbox 373 1882 1950 1954">
    <p class='ocr_par' dir='ltr' id='par_1_36' title="bbox 373 1882 1950 1954">
     <span class='ocr_line' id='line_1_36' title="bbox 373 1882 1950 1954; baseline 0.002 -18"><span class='ocrx_word' id='word_1_281' title='bbox 373 1882 432 1937; x_wconf 91' lang='lat' dir='ltr'><strong>in</strong></span> <span class='ocrx_word' id='word_1_282' title='bbox 468 1882 736 1954; x_wconf 88' lang='lat' dir='ltr'><strong>Decalogo</strong></span> <span class='ocrx_word' id='word_1_283' title='bbox 759 1883 923 1950; x_wconf 84' lang='lat' dir='ltr'><strong>dixit;</strong></span> <span class='ocrx_word' id='word_1_284' title='bbox 961 1899 1143 1939; x_wconf 89' lang='lat' dir='ltr'><strong>nonne</strong></span> <span class='ocrx_word' id='word_1_285' title='bbox 1172 1885 1318 1939; x_wconf 92' lang='lat' dir='ltr'><strong>enim</strong></span> <span class='ocrx_word' id='word_1_286' title='bbox 1349 1884 1660 1939; x_wconf 83' lang='lat' dir='ltr'><strong>evidentius</strong></span> <span class='ocrx_word' id='word_1_287' title='bbox 1708 1891 1792 1940; x_wconf 90' lang='lat' dir='ltr'><strong>est</strong></span> <span class='ocrx_word' id='word_1_288' title='bbox 1823 1901 1950 1939; x_wconf 91' lang='lat' dir='ltr'><strong>eum</strong></span> 
     </span>
    </p>
   </div>
   <div class='ocr_carea' id='block_1_37' title="bbox 373 1975 1958 2048">
    <p class='ocr_par' dir='ltr' id='par_1_37' title="bbox 373 1975 1958 2048">
     <span class='ocr_line' id='line_1_37' title="bbox 373 1975 1958 2048; baseline 0.001 -19"><span class='ocrx_word' id='word_1_289' title='bbox 373 1976 452 2030; x_wconf 88' lang='lat' dir='ltr'><strong>ita</strong></span> <span class='ocrx_word' id='word_1_290' title='bbox 478 1977 737 2046; x_wconf 90' lang='lat' dir='ltr'><strong>populum</strong></span> <span class='ocrx_word' id='word_1_291' title='bbox 768 1991 928 2030; x_wconf 92' lang='lat' dir='ltr'><strong>suum</strong></span> <span class='ocrx_word' id='word_1_292' title='bbox 949 1975 1016 2032; x_wconf 92' lang='lat' dir='ltr'><strong>de</strong></span> <span class='ocrx_word' id='word_1_293' title='bbox 1051 1977 1251 2048; x_wconf 83' lang='lat' dir='ltr'><strong>pietate</strong></span> <span class='ocrx_word' id='word_1_294' title='bbox 1286 1992 1418 2047; x_wconf 87' lang='lat' dir='ltr'><strong>erga</strong></span> <span class='ocrx_word' id='word_1_295' title='bbox 1459 1975 1790 2032; x_wconf 89' lang='lat' dir='ltr'><strong>altissimum</strong></span> <span class='ocrx_word' id='word_1_296' title='bbox 1854 1975 1958 2030; x_wconf 82' lang='lat' dir='ltr'><strong>Pa-</strong></span> 
     </span>
    </p>
   </div>
   <div class='ocr_carea' id='block_1_38' title="bbox 373 2069 1682 2142">
    <p class='ocr_par' dir='ltr' id='par_1_38' title="bbox 373 2069 1682 2142">
     <span class='ocr_line' id='line_1_38' title="bbox 373 2069 1682 2142; baseline 0.002 -19"><span class='ocrx_word' id='word_1_297' title='bbox 373 2075 516 2125; x_wconf 86' lang='lat' dir='ltr'><strong>trem</strong></span> <span class='ocrx_word' id='word_1_298' title='bbox 544 2070 739 2139; x_wconf 89' lang='lat' dir='ltr'><strong>ipsius,</strong></span> <span class='ocrx_word' id='word_1_299' title='bbox 773 2069 1054 2142; x_wconf 89' lang='lat' dir='ltr'><strong>Deumque</strong></span> <span class='ocrx_word' id='word_1_300' title='bbox 1085 2072 1328 2127; x_wconf 89' lang='lat' dir='ltr'><strong>omnium</strong></span> <span class='ocrx_word' id='word_1_301' title='bbox 1354 2071 1682 2128; x_wconf 89' lang='lat' dir='ltr'><strong>edocuisse?</strong></span> 
     </span>
    </p>
   </div>
   <div class='ocr_carea' id='block_1_39' title="bbox 2067 1879 3670 1958">
    <p class='ocr_par' dir='ltr' id='par_1_39' title="bbox 2067 1879 3670 1958">
     <span class='ocr_line' id='line_1_39' title="bbox 2067 1879 3670 1958; baseline -0.006 -17"><span class='ocrx_word' id='word_1_302' title='bbox 2067 1888 2332 1958; x_wconf 72' lang='grc' dir='ltr'>ἑϐδόμηνσ</span> <span class='ocrx_word' id='word_1_303' title='bbox 2371 1907 2389 1938; x_wconf 78' lang='grc' dir='ltr'><strong>ι</strong></span> <span class='ocrx_word' id='word_1_304' title='bbox 2423 1885 2519 1940; x_wconf 75' lang='grc' dir='ltr'>καὶ</span> <span class='ocrx_word' id='word_1_305' title='bbox 2560 1879 2745 1948; x_wconf 74' lang='grc' dir='ltr'>αὖθιςο</span> <span class='ocrx_word' id='word_1_306' title='bbox 2794 1902 2814 1934; x_wconf 87' lang='grc'><strong>‹</strong></span> <span class='ocrx_word' id='word_1_307' title='bbox 2850 1883 2999 1954; x_wconf 85' lang='grc' dir='ltr'>Τίμα</span> <span class='ocrx_word' id='word_1_308' title='bbox 3047 1882 3138 1936; x_wconf 83' lang='grc' dir='ltr'><strong>τὸν</strong></span> <span class='ocrx_word' id='word_1_309' title='bbox 3179 1882 3392 1952; x_wconf 81' lang='grc' dir='ltr'>πατέρα</span> <span class='ocrx_word' id='word_1_310' title='bbox 3442 1897 3542 1932; x_wconf 87' lang='grc' dir='ltr'><strong>σου</strong></span> <span class='ocrx_word' id='word_1_311' title='bbox 3575 1880 3670 1932; x_wconf 70' lang='lat' dir='ltr'><strong>xui.</strong></span> 
     </span>
    </p>
   </div>
   <div class='ocr_carea' id='block_1_40' title="bbox 2065 1967 3668 2050">
    <p class='ocr_par' dir='ltr' id='par_1_40' title="bbox 2065 1967 3668 2050">
     <span class='ocr_line' id='line_1_40' title="bbox 2065 1967 3668 2050; baseline -0.007 -18"><span class='ocrx_word' id='word_1_312' title='bbox 2065 1979 2166 2050; x_wconf 86' lang='grc' dir='ltr'>τὴν</span> <span class='ocrx_word' id='word_1_313' title='bbox 2201 1978 2413 2050; x_wconf 87' lang='grc' dir='ltr'>μητέρα</span> <span class='ocrx_word' id='word_1_314' title='bbox 2442 1994 2558 2041; x_wconf 86' lang='grc' dir='ltr'>σου,</span> <span class='ocrx_word' id='word_1_315' title='bbox 2591 1976 2680 2029; x_wconf 81' lang='grc' dir='ltr'>ἵνα</span> <span class='ocrx_word' id='word_1_316' title='bbox 2706 1967 2765 2028; x_wconf 84' lang='grc' dir='ltr'><strong>εῦ</strong></span> <span class='ocrx_word' id='word_1_317' title='bbox 2799 1991 2880 2027; x_wconf 91' lang='grc' dir='ltr'><strong>σοι</strong></span> <span class='ocrx_word' id='word_1_318' title='bbox 2908 1973 3160 2044; x_wconf 84' lang='grc' dir='ltr'>γένηται,</span> <span class='ocrx_word' id='word_1_319' title='bbox 3192 1972 3288 2026; x_wconf 71' lang='grc' dir='ltr'>καὶ</span> <span class='ocrx_word' id='word_1_320' title='bbox 3323 1971 3425 2045; x_wconf 73' lang='grc' dir='ltr'><strong>ἔσῃ</strong></span> <span class='ocrx_word' id='word_1_321' title='bbox 3455 1987 3668 2041; x_wconf 87' lang='grc' dir='ltr'>μακρο-</span> 
     </span>
    </p>
   </div>
   <div class='ocr_carea' id='block_1_41' title="bbox 2071 2063 3668 2144">
    <p class='ocr_par' dir='ltr' id='par_1_41' title="bbox 2071 2063 3668 2144">
     <span class='ocr_line' id='line_1_41' title="bbox 2071 2063 3668 2144; baseline -0.006 -20"><span class='ocrx_word' id='word_1_322' title='bbox 2071 2071 2283 2144; x_wconf 80' lang='grc' dir='ltr'>χρόνιος</span> <span class='ocrx_word' id='word_1_323' title='bbox 2319 2071 2414 2123; x_wconf 77' lang='grc' dir='ltr'>ὲπὶ</span> <span class='ocrx_word' id='word_1_324' title='bbox 2439 2072 2538 2141; x_wconf 80' lang='grc' dir='ltr'>τῆς</span> <span class='ocrx_word' id='word_1_325' title='bbox 2562 2069 2686 2140; x_wconf 82' lang='grc' dir='ltr'>γῆς,</span> <span class='ocrx_word' id='word_1_326' title='bbox 2726 2063 2795 2139; x_wconf 79' lang='grc' dir='ltr'>ἧς</span> <span class='ocrx_word' id='word_1_327' title='bbox 2826 2067 3032 2138; x_wconf 83' lang='grc' dir='ltr'>Κύριος</span> <span class='ocrx_word' id='word_1_328' title='bbox 3066 2069 3094 2118; x_wconf 90' lang='grc' dir='ltr'>ὁ</span> <span class='ocrx_word' id='word_1_329' title='bbox 3140 2065 3272 2128; x_wconf 86' lang='grc' dir='ltr'>Θεός</span> <span class='ocrx_word' id='word_1_330' title='bbox 3299 2082 3391 2118; x_wconf 86' lang='grc' dir='ltr'><strong>σου</strong></span> <span class='ocrx_word' id='word_1_331' title='bbox 3445 2063 3668 2116; x_wconf 79' lang='grc' dir='ltr'>δίδωσίν</span> 
     </span>
    </p>
   </div>
   <div class='ocr_carea' id='block_1_42' title="bbox 2075 2151 3666 2229">
    <p class='ocr_par' dir='ltr' id='par_1_42' title="bbox 2075 2151 3666 2229">
     <span class='ocr_line' id='line_1_42' title="bbox 2075 2151 3666 2229; baseline -0.004 -18"><span class='ocrx_word' id='word_1_332' title='bbox 2075 2176 2176 2212; x_wconf 88' lang='grc' dir='ltr'>σοι.</span> <span class='ocrx_word' id='word_1_333' title='bbox 2203 2179 2218 2210; x_wconf 72' lang='grc' dir='ltr'><strong>ο</strong></span> <span class='ocrx_word' id='word_1_334' title='bbox 2242 2157 2427 2211; x_wconf 91' lang='grc' dir='ltr'>Ταῦτα</span> <span class='ocrx_word' id='word_1_335' title='bbox 2455 2157 2562 2229; x_wconf 82' lang='grc' dir='ltr'><strong>γὰρ</strong></span> <span class='ocrx_word' id='word_1_336' title='bbox 2586 2158 2646 2210; x_wconf 82' lang='grc' dir='ltr'>οὐ</span> <span class='ocrx_word' id='word_1_337' title='bbox 2675 2156 2742 2209; x_wconf 87' lang='grc' dir='ltr'>δι’</span> <span class='ocrx_word' id='word_1_338' title='bbox 2769 2156 3026 2225; x_wconf 84' lang='grc' dir='ltr'>ἀγγέλου,</span> <span class='ocrx_word' id='word_1_339' title='bbox 3055 2154 3169 2208; x_wconf 86' lang='grc' dir='ltr'>ἀλλ’</span> <span class='ocrx_word' id='word_1_340' title='bbox 3191 2154 3354 2218; x_wconf 76' lang='grc' dir='ltr'>αὐτὸς</span> <span class='ocrx_word' id='word_1_341' title='bbox 3376 2154 3442 2206; x_wconf 84' lang='grc' dir='ltr'>δι’</span> <span class='ocrx_word' id='word_1_342' title='bbox 3464 2151 3666 2207; x_wconf 75' lang='grc' dir='ltr'>ἑαυτοῦ</span> 
     </span>
    </p>
   </div>
   <div class='ocr_carea' id='block_1_43' title="bbox 374 2245 3666 2325">
    <p class='ocr_par' dir='ltr' id='par_1_43' title="bbox 374 2245 3666 2325">
     <span class='ocr_line' id='line_1_43' title="bbox 374 2245 3666 2325; baseline -0.002 -21"><span class='ocrx_word' id='word_1_343' title='bbox 374 2251 404 2304; x_wconf 91' lang='lat'><strong>6</strong></span> <span class='ocrx_word' id='word_1_344' title='bbox 432 2251 636 2322; x_wconf 82' lang='grc' dir='ltr'>Κύριος</span> <span class='ocrx_word' id='word_1_345' title='bbox 659 2253 1103 2324; x_wconf 83' lang='grc' dir='ltr'>πεπιστευμένως</span> <span class='ocrx_word' id='word_1_346' title='bbox 1128 2255 1186 2307; x_wconf 86' lang='grc' dir='ltr'>ὲν</span> <span class='ocrx_word' id='word_1_347' title='bbox 1205 2256 1316 2318; x_wconf 84' lang='grc' dir='ltr'>τοῖς</span> <span class='ocrx_word' id='word_1_348' title='bbox 1340 2253 1656 2323; x_wconf 84' lang='grc' dir='ltr'>δεκαλόγοις</span> <span class='ocrx_word' id='word_1_349' title='bbox 1683 2253 1963 2325; x_wconf 72' lang='grc' dir='ltr'>εἰρηκέναι</span> <span class='ocrx_word' id='word_1_350' title='bbox 2003 2252 2120 2317; x_wconf 88' lang='grc' dir='ltr'><strong>πῶς</strong></span> <span class='ocrx_word' id='word_1_351' title='bbox 2187 2253 2287 2306; x_wconf 85' lang='grc' dir='ltr'>οὐκ</span> <span class='ocrx_word' id='word_1_352' title='bbox 2317 2252 2384 2307; x_wconf 84' lang='grc' dir='ltr'><strong>ἂν</strong></span> <span class='ocrx_word' id='word_1_353' title='bbox 2409 2253 2620 2322; x_wconf 89' lang='grc' dir='ltr'>γένοιτο</span> <span class='ocrx_word' id='word_1_354' title='bbox 2651 2250 2939 2324; x_wconf 85' lang='grc' dir='ltr'>πρόδηλος,</span> <span class='ocrx_word' id='word_1_355' title='bbox 2975 2247 3246 2304; x_wconf 85' lang='grc' dir='ltr'>παιδεύων</span> <span class='ocrx_word' id='word_1_356' title='bbox 3309 2247 3403 2301; x_wconf 83' lang='grc' dir='ltr'><strong>τὸν</strong></span> <span class='ocrx_word' id='word_1_357' title='bbox 3435 2246 3570 2301; x_wconf 78' lang='grc' dir='ltr'>λαὸν</span> <span class='ocrx_word' id='word_1_358' title='bbox 3596 2245 3666 2300; x_wconf 82' lang='grc' dir='ltr'>τὰ</span> 
     </span>
    </p>
   </div>
   <div class='ocr_carea' id='block_1_44' title="bbox 374 2342 2628 2418">
    <p class='ocr_par' dir='ltr' id='par_1_44' title="bbox 374 2342 2628 2418">
     <span class='ocr_line' id='line_1_44' title="bbox 374 2342 2628 2418; baseline 0.002 -24"><span class='ocrx_word' id='word_1_359' title='bbox 374 2342 506 2413; x_wconf 76' lang='grc' dir='ltr'>περὶ</span> <span class='ocrx_word' id='word_1_360' title='bbox 537 2342 639 2413; x_wconf 80' lang='grc' dir='ltr'>τῆς</span> <span class='ocrx_word' id='word_1_361' title='bbox 677 2345 759 2407; x_wconf 83' lang='grc' dir='ltr'><strong>είς</strong></span> <span class='ocrx_word' id='word_1_362' title='bbox 785 2343 876 2397; x_wconf 82' lang='grc' dir='ltr'><strong>τὸν</strong></span> <span class='ocrx_word' id='word_1_363' title='bbox 902 2345 1164 2399; x_wconf 82' lang='grc' dir='ltr'>ἀνωτάτω</span> <span class='ocrx_word' id='word_1_364' title='bbox 1203 2345 1423 2418; x_wconf 86' lang='grc' dir='ltr'>Πατέρα</span> <span class='ocrx_word' id='word_1_365' title='bbox 1460 2345 1654 2399; x_wconf 81' lang='grc' dir='ltr'>ἑαυτοῦ</span> <span class='ocrx_word' id='word_1_366' title='bbox 1699 2346 1796 2399; x_wconf 71' lang='grc' dir='ltr'><strong>καὶ</strong></span> <span class='ocrx_word' id='word_1_367' title='bbox 1838 2344 1969 2398; x_wconf 79' lang='grc' dir='ltr'>Θεὸν</span> <span class='ocrx_word' id='word_1_368' title='bbox 2007 2343 2114 2398; x_wconf 84' lang='grc' dir='ltr'><strong>τῶν</strong></span> <span class='ocrx_word' id='word_1_369' title='bbox 2144 2344 2280 2400; x_wconf 84' lang='grc' dir='ltr'>ὅλων</span> <span class='ocrx_word' id='word_1_370' title='bbox 2305 2345 2628 2412; x_wconf 76' lang='grc' dir='ltr'>εὐσεϐείας;</span> 
     </span>
    </p>
   </div>
   <div class='ocr_carea' id='block_1_45' title="bbox 373 2439 1352 2515">
    <p class='ocr_par' dir='ltr' id='par_1_45' title="bbox 373 2439 1352 2515">
     <span class='ocr_line' id='line_1_45' title="bbox 373 2439 1352 2515; baseline 0 -20"><span class='ocrx_word' id='word_1_371' title='bbox 373 2513 375 2515; x_wconf 18' lang='grc' dir='ltr'><strong><em>λ</em></strong></span> <span class='ocrx_word' id='word_1_372' title='bbox 973 2439 1205 2495; x_wconf 80' lang='lat' dir='ltr'><strong>CAPUT</strong></span> <span class='ocrx_word' id='word_1_373' title='bbox 1260 2439 1352 2496; x_wconf 80' lang='lat' dir='ltr'><strong>XL</strong></span> 
     </span>
    </p>
   </div>
   <div class='ocr_carea' id='block_1_46' title="bbox 451 2525 1956 2602">
    <p class='ocr_par' dir='ltr' id='par_1_46' title="bbox 451 2525 1956 2602">
     <span class='ocr_line' id='line_1_46' title="bbox 451 2525 1956 2602; baseline 0.004 -24"><span class='ocrx_word' id='word_1_374' title='bbox 451 2544 470 2578; x_wconf 77' lang='grc' dir='ltr'><strong>ι</strong></span> <span class='ocrx_word' id='word_1_375' title='bbox 508 2525 649 2582; x_wconf 89' lang='lat' dir='ltr'><strong>Ecce</strong></span> <span class='ocrx_word' id='word_1_376' title='bbox 689 2541 790 2598; x_wconf 83' lang='lat' dir='ltr'><strong>ego</strong></span> <span class='ocrx_word' id='word_1_377' title='bbox 829 2528 1041 2582; x_wconf 87' lang='lat' dir='ltr'><strong>mittam</strong></span> <span class='ocrx_word' id='word_1_378' title='bbox 1080 2531 1334 2600; x_wconf 84' lang='lat' dir='ltr'><strong>angelum</strong></span> <span class='ocrx_word' id='word_1_379' title='bbox 1367 2546 1570 2596; x_wconf 90' lang='lat' dir='ltr'><strong>meum,</strong></span> <span class='ocrx_word' id='word_1_380' title='bbox 1601 2529 1698 2602; x_wconf 88' lang='lat' dir='ltr'><strong>qui</strong></span> <span class='ocrx_word' id='word_1_381' title='bbox 1749 2545 1956 2601; x_wconf 67' lang='lat' dir='ltr'><strong>praece-</strong></span> 
     </span>
    </p>
   </div>
   <div class='ocr_carea' id='block_1_47' title="bbox 373 2619 1960 2694">
    <p class='ocr_par' dir='ltr' id='par_1_47' title="bbox 373 2619 1960 2694">
     <span class='ocr_line' id='line_1_47' title="bbox 373 2619 1960 2694; baseline 0.001 -20"><span class='ocrx_word' id='word_1_382' title='bbox 373 2619 468 2674; x_wconf 89' lang='lat' dir='ltr'><strong>dat</strong></span> <span class='ocrx_word' id='word_1_383' title='bbox 526 2627 706 2694; x_wconf 87' lang='lat' dir='ltr'><strong>te._et</strong></span> <span class='ocrx_word' id='word_1_384' title='bbox 755 2620 1032 2676; x_wconf 88' lang='lat' dir='ltr'><strong>custodiat</strong></span> <span class='ocrx_word' id='word_1_385' title='bbox 1092 2621 1149 2675; x_wconf 89' lang='lat' dir='ltr'><strong>in</strong></span> <span class='ocrx_word' id='word_1_386' title='bbox 1182 2621 1292 2687; x_wconf 84' lang='lat' dir='ltr'><strong>via,</strong></span> <span class='ocrx_word' id='word_1_387' title='bbox 1346 2629 1401 2677; x_wconf 89' lang='lat' dir='ltr'><strong>et</strong></span> <span class='ocrx_word' id='word_1_388' title='bbox 1447 2622 1764 2677; x_wconf 83' lang='lat' dir='ltr'><strong>introducat</strong></span> <span class='ocrx_word' id='word_1_389' title='bbox 1794 2623 1848 2676; x_wconf 92' lang='lat' dir='ltr'><strong>in</strong></span> <span class='ocrx_word' id='word_1_390' title='bbox 1877 2623 1960 2676; x_wconf 89' lang='lat' dir='ltr'><strong>lo-</strong></span> 
     </span>
    </p>
   </div>
   <div class='ocr_carea' id='block_1_48' title="bbox 374 2709 1949 2780">
    <p class='ocr_par' dir='ltr' id='par_1_48' title="bbox 374 2709 1949 2780">
     <span class='ocr_line' id='line_1_48' title="bbox 374 2709 1949 2780; baseline 0.004 -18"><span class='ocrx_word' id='word_1_391' title='bbox 374 2724 500 2763; x_wconf 92' lang='lat' dir='ltr'><strong>cum</strong></span> <span class='ocrx_word' id='word_1_392' title='bbox 538 2725 699 2780; x_wconf 89' lang='lat' dir='ltr'><strong>quem</strong></span> <span class='ocrx_word' id='word_1_393' title='bbox 748 2711 957 2779; x_wconf 84' lang='lat' dir='ltr'><strong>paravi.</strong></span> <span class='ocrx_word' id='word_1_394' title='bbox 995 2709 1241 2766; x_wconf 88' lang='lat' dir='ltr'><strong>Observa</strong></span> <span class='ocrx_word' id='word_1_395' title='bbox 1290 2727 1416 2767; x_wconf 88' lang='lat' dir='ltr'><strong>eum</strong></span> <span class='ocrx_word' id='word_1_396' title='bbox 1463 2722 1516 2768; x_wconf 88' lang='lat' dir='ltr'><strong>et</strong></span> <span class='ocrx_word' id='word_1_397' title='bbox 1565 2713 1694 2768; x_wconf 88' lang='lat' dir='ltr'><strong>audi</strong></span> <span class='ocrx_word' id='word_1_398' title='bbox 1758 2729 1949 2769; x_wconf 89' lang='lat' dir='ltr'><strong>vocem</strong></span> 
     </span>
    </p>
   </div>
   <div class='ocr_carea' id='block_1_49' title="bbox 373 2801 1962 2877">
    <p class='ocr_par' dir='ltr' id='par_1_49' title="bbox 373 2801 1962 2877">
     <span class='ocr_line' id='line_1_49' title="bbox 373 2801 1962 2877; baseline 0.004 -21"><span class='ocrx_word' id='word_1_399' title='bbox 373 2801 518 2868; x_wconf 89' lang='lat' dir='ltr'><strong>ejus,</strong></span> <span class='ocrx_word' id='word_1_400' title='bbox 552 2817 654 2857; x_wconf 90' lang='lat' dir='ltr'><strong>nec</strong></span> <span class='ocrx_word' id='word_1_401' title='bbox 705 2803 1168 2859; x_wconf 90' lang='lat' dir='ltr'><strong>contemnendum</strong></span> <span class='ocrx_word' id='word_1_402' title='bbox 1200 2811 1358 2874; x_wconf 87' lang='lat' dir='ltr'><strong>putes</strong></span> <span class='ocrx_word' id='word_1_403' title='bbox 1391 2824 1404 2860; x_wconf 90' lang='lat'><strong>:</strong></span> <span class='ocrx_word' id='word_1_404' title='bbox 1441 2806 1571 2877; x_wconf 90' lang='lat' dir='ltr'><strong>quia</strong></span> <span class='ocrx_word' id='word_1_405' title='bbox 1619 2822 1730 2862; x_wconf 89' lang='lat' dir='ltr'><strong>non</strong></span> <span class='ocrx_word' id='word_1_406' title='bbox 1773 2807 1962 2862; x_wconf 66' lang='lat' dir='ltr'><strong>dimito</strong></span> 
     </span>
    </p>
   </div>
   <div class='ocr_carea' id='block_1_50' title="bbox 375 2895 1954 2963">
    <p class='ocr_par' dir='ltr' id='par_1_50' title="bbox 375 2895 1954 2963">
     <span class='ocr_line' id='line_1_50' title="bbox 375 2895 1954 2963; baseline 0.001 -17"><span class='ocrx_word' id='word_1_407' title='bbox 375 2899 456 2947; x_wconf 90' lang='lat' dir='ltr'><strong>tet</strong></span> <span class='ocrx_word' id='word_1_408' title='bbox 488 2908 613 2948; x_wconf 87' lang='lat' dir='ltr'><strong>cum</strong></span> <span class='ocrx_word' id='word_1_409' title='bbox 643 2895 981 2963; x_wconf 84' lang='lat' dir='ltr'><strong>peccaveris,</strong></span> <span class='ocrx_word' id='word_1_410' title='bbox 1015 2900 1070 2947; x_wconf 91' lang='lat' dir='ltr'><strong>et</strong></span> <span class='ocrx_word' id='word_1_411' title='bbox 1095 2900 1178 2949; x_wconf 86' lang='lat' dir='ltr'><strong>est</strong></span> <span class='ocrx_word' id='word_1_412' title='bbox 1199 2909 1401 2949; x_wconf 89' lang='lat' dir='ltr'><strong>nomen</strong></span> <span class='ocrx_word' id='word_1_413' title='bbox 1424 2909 1607 2948; x_wconf 89' lang='lat' dir='ltr'><strong>meum</strong></span> <span class='ocrx_word' id='word_1_414' title='bbox 1640 2895 1696 2949; x_wconf 92' lang='lat' dir='ltr'><strong>in</strong></span> <span class='ocrx_word' id='word_1_415' title='bbox 1721 2895 1815 2949; x_wconf 86' lang='lat' dir='ltr'><strong>illo</strong></span> <span class='ocrx_word' id='word_1_416' title='bbox 1836 2897 1902 2948; x_wconf 83' lang='lat'><strong>“.</strong></span> <span class='ocrx_word' id='word_1_417' title='bbox 1935 2914 1954 2947; x_wconf 78' lang='grc' dir='ltr'><strong>ι</strong></span> 
     </span>
    </p>
   </div>
   <div class='ocr_carea' id='block_1_51' title="bbox 375 2982 1963 3059">
    <p class='ocr_par' dir='ltr' id='par_1_51' title="bbox 375 2982 1963 3059">
     <span class='ocr_line' id='line_1_51' title="bbox 375 2982 1963 3059; baseline 0.003 -22"><span class='ocrx_word' id='word_1_418' title='bbox 375 2982 505 3040; x_wconf 81' lang='lat' dir='ltr'><strong>Haec</strong></span> <span class='ocrx_word' id='word_1_419' title='bbox 541 3001 668 3040; x_wconf 91' lang='lat' dir='ltr'><strong>cum</strong></span> <span class='ocrx_word' id='word_1_420' title='bbox 701 2987 825 3042; x_wconf 90' lang='lat' dir='ltr'><strong>aliis</strong></span> <span class='ocrx_word' id='word_1_421' title='bbox 856 2987 1146 3059; x_wconf 67' lang='lat' dir='ltr'><strong>praeceptis</strong></span> <span class='ocrx_word' id='word_1_422' title='bbox 1192 2985 1456 3043; x_wconf 90' lang='lat' dir='ltr'><strong>Dominus</strong></span> <span class='ocrx_word' id='word_1_423' title='bbox 1505 2988 1710 3058; x_wconf 90' lang='lat' dir='ltr'><strong>populo</strong></span> <span class='ocrx_word' id='word_1_424' title='bbox 1732 2987 1963 3044; x_wconf 90' lang='lat' dir='ltr'><strong>denun—</strong></span> 
     </span>
    </p>
   </div>
   <div class='ocr_carea' id='block_1_52' title="bbox 375 3075 1962 3149">
    <p class='ocr_par' dir='ltr' id='par_1_52' title="bbox 375 3075 1962 3149">
     <span class='ocr_line' id='line_1_52' title="bbox 375 3075 1962 3149; baseline 0.001 -18"><span class='ocrx_word' id='word_1_425' title='bbox 375 3077 496 3131; x_wconf 88' lang='lat' dir='ltr'><strong>tiat.</strong></span> <span class='ocrx_word' id='word_1_426' title='bbox 533 3075 588 3130; x_wconf 91' lang='lat' dir='ltr'><strong>Si</strong></span> <span class='ocrx_word' id='word_1_427' title='bbox 613 3077 832 3148; x_wconf 87' lang='lat' dir='ltr'><strong>quidem</strong></span> <span class='ocrx_word' id='word_1_428' title='bbox 856 3078 1020 3148; x_wconf 81' lang='lat' dir='ltr'><strong>igitur</strong></span> <span class='ocrx_word' id='word_1_429' title='bbox 1049 3085 1171 3148; x_wconf 92' lang='lat' dir='ltr'><strong>post</strong></span> <span class='ocrx_word' id='word_1_430' title='bbox 1205 3077 1406 3149; x_wconf 80' lang='lat' dir='ltr'><strong>Moysis</strong></span> <span class='ocrx_word' id='word_1_431' title='bbox 1446 3076 1655 3132; x_wconf 89' lang='lat' dir='ltr'><strong>obitum</strong></span> <span class='ocrx_word' id='word_1_432' title='bbox 1704 3092 1813 3132; x_wconf 87' lang='lat' dir='ltr'><strong>non</strong></span> <span class='ocrx_word' id='word_1_433' title='bbox 1845 3078 1962 3148; x_wconf 88' lang='lat' dir='ltr'><strong>ipse</strong></span> 
     </span>
    </p>
   </div>
   <div class='ocr_carea' id='block_1_53' title="bbox 2581 2440 3124 2496">
    <p class='ocr_par' dir='ltr' id='par_1_53' title="bbox 2581 2440 3124 2496">
     <span class='ocr_line' id='line_1_53' title="bbox 2581 2440 3124 2496; baseline -0.004 0"><span class='ocrx_word' id='word_1_434' title='bbox 2581 2440 2984 2496; x_wconf 79' lang='grc' dir='ltr'><strong>ΚΕΦΑΛΑΙΟΝ</strong></span> <span class='ocrx_word' id='word_1_435' title='bbox 3020 2440 3124 2494; x_wconf 81' lang='grc' dir='ltr'><strong>ΙΑ’.</strong></span> 
     </span>
    </p>
   </div>
   <div class='ocr_carea' id='block_1_54' title="bbox 2135 2532 3664 2604">
    <p class='ocr_par' dir='ltr' id='par_1_54' title="bbox 2135 2532 3664 2604">
     <span class='ocr_line' id='line_1_54' title="bbox 2135 2532 3664 2604; baseline -0.001 -16"><span class='ocrx_word' id='word_1_436' title='bbox 2135 2554 2154 2587; x_wconf 75' lang='grc' dir='ltr'><strong>ι</strong></span> <span class='ocrx_word' id='word_1_437' title='bbox 2190 2535 2321 2588; x_wconf 81' lang='grc' dir='ltr'>Ἰδοὺ</span> <span class='ocrx_word' id='word_1_438' title='bbox 2352 2533 2463 2604; x_wconf 74' lang='grc' dir='ltr'>ἐγὼ</span> <span class='ocrx_word' id='word_1_439' title='bbox 2491 2533 2806 2588; x_wconf 83' lang='grc' dir='ltr'>ἀποστέλλω</span> <span class='ocrx_word' id='word_1_440' title='bbox 2836 2533 2928 2586; x_wconf 79' lang='grc' dir='ltr'>τὸν</span> <span class='ocrx_word' id='word_1_441' title='bbox 2959 2533 3190 2602; x_wconf 80' lang='grc' dir='ltr'>ἄγγελόν</span> <span class='ocrx_word' id='word_1_442' title='bbox 3210 2551 3311 2604; x_wconf 89' lang='grc' dir='ltr'><strong>μου</strong></span> <span class='ocrx_word' id='word_1_443' title='bbox 3343 2532 3450 2604; x_wconf 84' lang='grc' dir='ltr'>πρὸ</span> <span class='ocrx_word' id='word_1_444' title='bbox 3484 2549 3664 2604; x_wconf 87' lang='grc' dir='ltr'>προσ-</span> 
     </span>
    </p>
   </div>
   <div class='ocr_carea' id='block_1_55' title="bbox 2058 2625 3662 2698">
    <p class='ocr_par' dir='ltr' id='par_1_55' title="bbox 2058 2625 3662 2698">
     <span class='ocr_line' id='line_1_55' title="bbox 2058 2625 3662 2698; baseline 0.001 -18"><span class='ocrx_word' id='word_1_445' title='bbox 2058 2627 2211 2680; x_wconf 86' lang='grc' dir='ltr'>ώπου</span> <span class='ocrx_word' id='word_1_446' title='bbox 2244 2644 2361 2691; x_wconf 89' lang='grc' dir='ltr'>σου,</span> <span class='ocrx_word' id='word_1_447' title='bbox 2397 2627 2485 2681; x_wconf 78' lang='grc' dir='ltr'><strong>ἵνα</strong></span> <span class='ocrx_word' id='word_1_448' title='bbox 2517 2626 2728 2698; x_wconf 74' lang='grc' dir='ltr'>φυλάξῃ</span> <span class='ocrx_word' id='word_1_449' title='bbox 2770 2643 2831 2679; x_wconf 89' lang='grc' dir='ltr'><strong>σε</strong></span> <span class='ocrx_word' id='word_1_450' title='bbox 2869 2625 2928 2679; x_wconf 86' lang='grc' dir='ltr'><strong>ὲν</strong></span> <span class='ocrx_word' id='word_1_451' title='bbox 2962 2629 3028 2697; x_wconf 81' lang='grc' dir='ltr'>τῇ</span> <span class='ocrx_word' id='word_1_452' title='bbox 3059 2625 3184 2692; x_wconf 82' lang='grc' dir='ltr'>ὁδῷ,</span> <span class='ocrx_word' id='word_1_453' title='bbox 3211 2627 3362 2690; x_wconf 81' lang='grc' dir='ltr'>ὅπως</span> <span class='ocrx_word' id='word_1_454' title='bbox 3386 2627 3662 2695; x_wconf 75' lang='grc' dir='ltr'>εἰσαγάγῃ</span> 
     </span>
    </p>
   </div>
   <div class='ocr_carea' id='block_1_56' title="bbox 2064 2717 3666 2792">
    <p class='ocr_par' dir='ltr' id='par_1_56' title="bbox 2064 2717 3666 2792">
     <span class='ocr_line' id='line_1_56' title="bbox 2064 2717 3666 2792; baseline -0.002 -17"><span class='ocrx_word' id='word_1_455' title='bbox 2064 2739 2124 2775; x_wconf 89' lang='grc' dir='ltr'><strong>σε</strong></span> <span class='ocrx_word' id='word_1_456' title='bbox 2155 2723 2235 2785; x_wconf 79' lang='grc' dir='ltr'><strong>εἰς</strong></span> <span class='ocrx_word' id='word_1_457' title='bbox 2267 2719 2365 2792; x_wconf 84' lang='grc' dir='ltr'>τὴν</span> <span class='ocrx_word' id='word_1_458' title='bbox 2394 2720 2523 2790; x_wconf 80' lang='grc' dir='ltr'>γῆν,</span> <span class='ocrx_word' id='word_1_459' title='bbox 2552 2720 2619 2792; x_wconf 87' lang='grc' dir='ltr'><strong>ἡν</strong></span> <span class='ocrx_word' id='word_1_460' title='bbox 2645 2717 2920 2791; x_wconf 87' lang='grc' dir='ltr'>ἡτοίμασά</span> <span class='ocrx_word' id='word_1_461' title='bbox 2951 2735 3054 2772; x_wconf 89' lang='grc' dir='ltr'>σοι.</span> <span class='ocrx_word' id='word_1_462' title='bbox 3087 2717 3330 2789; x_wconf 86' lang='grc' dir='ltr'>Πρόσεχε</span> <span class='ocrx_word' id='word_1_463' title='bbox 3377 2718 3528 2788; x_wconf 82' lang='grc' dir='ltr'>αὐτῷ</span> <span class='ocrx_word' id='word_1_464' title='bbox 3569 2720 3666 2772; x_wconf 78' lang='grc' dir='ltr'>καὶ</span> 
     </span>
    </p>
   </div>
   <div class='ocr_carea' id='block_1_57' title="bbox 2069 2809 3666 2884">
    <p class='ocr_par' dir='ltr' id='par_1_57' title="bbox 2069 2809 3666 2884">
     <span class='ocr_line' id='line_1_57' title="bbox 2069 2809 3666 2884; baseline -0.003 -17"><span class='ocrx_word' id='word_1_465' title='bbox 2069 2814 2322 2868; x_wconf 85' lang='grc' dir='ltr'>είσάκουε</span> <span class='ocrx_word' id='word_1_466' title='bbox 2350 2812 2537 2879; x_wconf 84' lang='grc' dir='ltr'>αὑτοῦ,</span> <span class='ocrx_word' id='word_1_467' title='bbox 2572 2811 2646 2884; x_wconf 82' lang='grc' dir='ltr'>μὴ</span> <span class='ocrx_word' id='word_1_468' title='bbox 2674 2810 2888 2866; x_wconf 83' lang='grc' dir='ltr'>ἀπείθει</span> <span class='ocrx_word' id='word_1_469' title='bbox 2916 2811 2974 2865; x_wconf 81' lang='grc' dir='ltr'>ὲν</span> <span class='ocrx_word' id='word_1_470' title='bbox 3003 2811 3172 2882; x_wconf 81' lang='grc' dir='ltr'>αὐτῷ,</span> <span class='ocrx_word' id='word_1_471' title='bbox 3203 2810 3265 2863; x_wconf 86' lang='grc' dir='ltr'>οὐ</span> <span class='ocrx_word' id='word_1_472' title='bbox 3288 2811 3399 2883; x_wconf 81' lang='grc' dir='ltr'><strong>γὰρ</strong></span> <span class='ocrx_word' id='word_1_473' title='bbox 3427 2809 3505 2882; x_wconf 76' lang='grc' dir='ltr'>μὴ</span> <span class='ocrx_word' id='word_1_474' title='bbox 3529 2811 3666 2863; x_wconf 79' lang='grc' dir='ltr'>ὑπο-</span> 
     </span>
    </p>
   </div>
   <div class='ocr_carea' id='block_1_58' title="bbox 2070 2899 3658 2975">
    <p class='ocr_par' dir='ltr' id='par_1_58' title="bbox 2070 2899 3658 2975">
     <span class='ocr_line' id='line_1_58' title="bbox 2070 2899 3658 2975; baseline -0.003 -20"><span class='ocrx_word' id='word_1_475' title='bbox 2070 2901 2342 2975; x_wconf 78' lang='grc' dir='ltr'>στείληται</span> <span class='ocrx_word' id='word_1_476' title='bbox 2379 2917 2476 2955; x_wconf 80' lang='grc' dir='ltr'>σε’</span> <span class='ocrx_word' id='word_1_477' title='bbox 2511 2901 2573 2955; x_wconf 84' lang='grc' dir='ltr'><strong>τὸ</strong></span> <span class='ocrx_word' id='word_1_478' title='bbox 2605 2900 2716 2972; x_wconf 85' lang='grc' dir='ltr'>γὰρ</span> <span class='ocrx_word' id='word_1_479' title='bbox 2747 2900 2920 2973; x_wconf 81' lang='grc' dir='ltr'>ὅνομά</span> <span class='ocrx_word' id='word_1_480' title='bbox 2966 2917 3068 2971; x_wconf 88' lang='grc' dir='ltr'><strong>μου</strong></span> <span class='ocrx_word' id='word_1_481' title='bbox 3110 2899 3260 2955; x_wconf 71' lang='grc' dir='ltr'>ἐστὶν</span> <span class='ocrx_word' id='word_1_482' title='bbox 3308 2901 3396 2953; x_wconf 75' lang='grc' dir='ltr'><strong>ἐπ’</strong></span> <span class='ocrx_word' id='word_1_483' title='bbox 3422 2899 3596 2970; x_wconf 77' lang='grc' dir='ltr'>αὐτῷ.</span> <span class='ocrx_word' id='word_1_484' title='bbox 3637 2919 3658 2951; x_wconf 72' lang='grc' dir='ltr'><strong>ι</strong></span> 
     </span>
    </p>
   </div>
   <div class='ocr_carea' id='block_1_59' title="bbox 2067 2989 3665 3065">
    <p class='ocr_par' dir='ltr' id='par_1_59' title="bbox 2067 2989 3665 3065">
     <span class='ocr_line' id='line_1_59' title="bbox 2067 2989 3665 3065; baseline -0.001 -19"><span class='ocrx_word' id='word_1_485' title='bbox 2067 2992 2254 3047; x_wconf 92' lang='grc' dir='ltr'>Ταῦτα</span> <span class='ocrx_word' id='word_1_486' title='bbox 2303 2992 2441 3065; x_wconf 88' lang='grc' dir='ltr'><strong>μετά</strong></span> <span class='ocrx_word' id='word_1_487' title='bbox 2483 2991 2594 3045; x_wconf 87' lang='grc' dir='ltr'><strong>τῶν</strong></span> <span class='ocrx_word' id='word_1_488' title='bbox 2639 2990 2842 3045; x_wconf 85' lang='grc' dir='ltr'>λοιπῶν</span> <span class='ocrx_word' id='word_1_489' title='bbox 2894 2989 2974 3062; x_wconf 77' lang='grc' dir='ltr'><strong>(ί.</strong></span> <span class='ocrx_word' id='word_1_490' title='bbox 3006 2991 3040 3047; x_wconf 88' lang='lat'><strong>9</strong></span> <span class='ocrx_word' id='word_1_491' title='bbox 3074 2990 3165 3062; x_wconf 75' lang='grc' dir='ltr'><strong>νο)</strong></span> <span class='ocrx_word' id='word_1_492' title='bbox 3215 2991 3608 3062; x_wconf 83' lang='grc' dir='ltr'>δικαιωμάτων</span> <span class='ocrx_word' id='word_1_493' title='bbox 3634 2994 3665 3045; x_wconf 88' lang='lat'><strong>6</strong></span> 
     </span>
    </p>
   </div>
   <div class='ocr_carea' id='block_1_60' title="bbox 2067 3079 3663 3156">
    <p class='ocr_par' dir='ltr' id='par_1_60' title="bbox 2067 3079 3663 3156">
     <span class='ocr_line' id='line_1_60' title="bbox 2067 3079 3663 3156; baseline 0 -18"><span class='ocrx_word' id='word_1_494' title='bbox 2067 3085 2274 3156; x_wconf 85' lang='grc' dir='ltr'>Κύριος</span> <span class='ocrx_word' id='word_1_495' title='bbox 2298 3085 2376 3156; x_wconf 82' lang='grc' dir='ltr'>τῷ</span> <span class='ocrx_word' id='word_1_496' title='bbox 2401 3083 2516 3155; x_wconf 85' lang='grc' dir='ltr'>λαῷ</span> <span class='ocrx_word' id='word_1_497' title='bbox 2543 3084 2935 3140; x_wconf 82' lang='grc' dir='ltr'>διαστέλλεται.</span> <span class='ocrx_word' id='word_1_498' title='bbox 2977 3085 3042 3137; x_wconf 82' lang='lat' dir='ltr'><strong>Ei</strong></span> <span class='ocrx_word' id='word_1_499' title='bbox 3096 3084 3196 3154; x_wconf 87' lang='grc' dir='ltr'><strong>μὲν</strong></span> <span class='ocrx_word' id='word_1_500' title='bbox 3233 3079 3326 3137; x_wconf 83' lang='grc' dir='ltr'><strong>οῦν</strong></span> <span class='ocrx_word' id='word_1_501' title='bbox 3372 3084 3512 3155; x_wconf 86' lang='grc' dir='ltr'><strong>μετά</strong></span> <span class='ocrx_word' id='word_1_502' title='bbox 3561 3085 3663 3156; x_wconf 70' lang='grc' dir='ltr'>τὴν</span> 
     </span>
    </p>
   </div>
   <div class='ocr_carea' id='block_1_61' title="bbox 375 3164 1956 3250">
    <p class='ocr_par' dir='ltr' id='par_1_61' title="bbox 375 3164 1952 3242">
     <span class='ocr_line' id='line_1_61' title="bbox 375 3164 1952 3242; baseline 0.003 -22"><span class='ocrx_word' id='word_1_503' title='bbox 375 3164 645 3224; x_wconf 88' lang='lat' dir='ltr'><strong>Dominus</strong></span> <span class='ocrx_word' id='word_1_504' title='bbox 673 3170 767 3238; x_wconf 89' lang='lat' dir='ltr'><strong>qui</strong></span> <span class='ocrx_word' id='word_1_505' title='bbox 799 3169 854 3224; x_wconf 94' lang='lat' dir='ltr'><strong>in</strong></span> <span class='ocrx_word' id='word_1_506' title='bbox 878 3170 1097 3226; x_wconf 90' lang='lat' dir='ltr'><strong>deserto</strong></span> <span class='ocrx_word' id='word_1_507' title='bbox 1126 3169 1583 3226; x_wconf 83' lang='lat' dir='ltr'><strong>manifestabatur</strong></span> <span class='ocrx_word' id='word_1_508' title='bbox 1613 3169 1831 3225; x_wconf 87' lang='lat' dir='ltr'><strong>adesset</strong></span> <span class='ocrx_word' id='word_1_509' title='bbox 1853 3185 1952 3242; x_wconf 84' lang='lat' dir='ltr'><strong>po-</strong></span> 
     </span>
    </p>
   </div>
   <div class='ocr_carea' id='block_1_62' title="bbox 2071 3164 3662 3250">
    <p class='ocr_par' dir='ltr' id='par_1_62' title="bbox 2071 3175 3662 3250">
     <span class='ocr_line' id='line_1_62' title="bbox 2071 3175 3662 3250; baseline -0.004 -16"><span class='ocrx_word' id='word_1_510' title='bbox 2071 3181 2336 3244; x_wconf 68' lang='lat' dir='ltr'><strong>Mmi’ao‘émg</strong></span> <span class='ocrx_word' id='word_1_511' title='bbox 2363 3179 2623 3250; x_wconf 81' lang='grc' dir='ltr'>τελευτὴν</span> <span class='ocrx_word' id='word_1_512' title='bbox 2660 3177 2734 3249; x_wconf 77' lang='grc' dir='ltr'>μὴ</span> <span class='ocrx_word' id='word_1_513' title='bbox 2760 3179 2789 3230; x_wconf 93' lang='lat'><strong>6</strong></span> <span class='ocrx_word' id='word_1_514' title='bbox 2810 3177 2972 3240; x_wconf 78' lang='grc' dir='ltr'>αὐτὸς</span> <span class='ocrx_word' id='word_1_515' title='bbox 3003 3175 3206 3248; x_wconf 82' lang='grc' dir='ltr'>Κύριος</span> <span class='ocrx_word' id='word_1_516' title='bbox 3224 3178 3253 3230; x_wconf 97' lang='lat'><strong>6</strong></span> <span class='ocrx_word' id='word_1_517' title='bbox 3282 3176 3376 3229; x_wconf 75' lang='grc' dir='ltr'><strong>ἐπὶ</strong></span> <span class='ocrx_word' id='word_1_518' title='bbox 3393 3176 3494 3248; x_wconf 78' lang='grc' dir='ltr'>τῆς</span> <span class='ocrx_word' id='word_1_519' title='bbox 3526 3177 3662 3248; x_wconf 73' lang='grc' dir='ltr'><strong>ἐρή-</strong></span> 
     </span>
    </p>
   </div>
   <div class='ocr_carea' id='block_1_63' title="bbox 374 3259 1956 3334">
    <p class='ocr_par' dir='ltr' id='par_1_63' title="bbox 374 3259 1956 3334">
     <span class='ocr_line' id='line_1_63' title="bbox 374 3259 1956 3334; baseline 0.003 -22"><span class='ocrx_word' id='word_1_520' title='bbox 374 3259 528 3330; x_wconf 91' lang='lat' dir='ltr'><strong>pulo,</strong></span> <span class='ocrx_word' id='word_1_521' title='bbox 564 3260 659 3315; x_wconf 90' lang='lat' dir='ltr'><strong>sed</strong></span> <span class='ocrx_word' id='word_1_522' title='bbox 704 3263 1024 3332; x_wconf 77' lang='lat' dir='ltr'><strong>angelorum</strong></span> <span class='ocrx_word' id='word_1_523' title='bbox 1056 3263 1256 3333; x_wconf 89' lang='lat' dir='ltr'><strong>aliquis</strong></span> <span class='ocrx_word' id='word_1_524' title='bbox 1286 3278 1384 3319; x_wconf 89' lang='lat' dir='ltr'><strong>eos</strong></span> <span class='ocrx_word' id='word_1_525' title='bbox 1431 3263 1786 3334; x_wconf 68' lang='lat' dir='ltr'><strong>praecederet,</strong></span> <span class='ocrx_word' id='word_1_526' title='bbox 1819 3263 1956 3318; x_wconf 89' lang='lat' dir='ltr'><strong>nihil</strong></span> 
     </span>
    </p>
   </div>
   <div class='ocr_carea' id='block_1_64' title="bbox 376 3350 1959 3424">
    <p class='ocr_par' dir='ltr' id='par_1_64' title="bbox 376 3350 1959 3424">
     <span class='ocr_line' id='line_1_64' title="bbox 376 3350 1959 3424; baseline 0.001 -18"><span class='ocrx_word' id='word_1_527' title='bbox 376 3350 484 3407; x_wconf 90' lang='lat' dir='ltr'><strong>hoc</strong></span> <span class='ocrx_word' id='word_1_528' title='bbox 517 3351 573 3405; x_wconf 92' lang='lat' dir='ltr'><strong>in</strong></span> <span class='ocrx_word' id='word_1_529' title='bbox 605 3353 726 3407; x_wconf 89' lang='lat' dir='ltr'><strong>loco</strong></span> <span class='ocrx_word' id='word_1_530' title='bbox 760 3354 1150 3424; x_wconf 89' lang='lat' dir='ltr'><strong>inquirendum</strong></span> <span class='ocrx_word' id='word_1_531' title='bbox 1185 3355 1346 3411; x_wconf 79' lang='lat' dir='ltr'><strong>foret.</strong></span> <span class='ocrx_word' id='word_1_532' title='bbox 1384 3353 1520 3410; x_wconf 88' lang='lat' dir='ltr'><strong>Cum</strong></span> <span class='ocrx_word' id='word_1_533' title='bbox 1545 3364 1727 3410; x_wconf 88' lang='lat' dir='ltr'><strong>autem</strong></span> <span class='ocrx_word' id='word_1_534' title='bbox 1763 3371 1959 3410; x_wconf 83' lang='lat' dir='ltr'><strong>narra-</strong></span> 
     </span>
    </p>
   </div>
   <div class='ocr_carea' id='block_1_65' title="bbox 375 3436 1958 3518">
    <p class='ocr_par' dir='ltr' id='par_1_65' title="bbox 375 3436 1958 3518">
     <span class='ocr_line' id='line_1_65' title="bbox 375 3436 1958 3518; baseline 0.003 -22"><span class='ocrx_word' id='word_1_535' title='bbox 375 3436 526 3498; x_wconf 67' lang='lat' dir='ltr'><strong>tione</strong></span> <span class='ocrx_word' id='word_1_536' title='bbox 545 3451 762 3499; x_wconf 89' lang='lat' dir='ltr'><strong>constet</strong></span> <span class='ocrx_word' id='word_1_537' title='bbox 789 3454 844 3499; x_wconf 91' lang='lat' dir='ltr'><strong>et</strong></span> <span class='ocrx_word' id='word_1_538' title='bbox 878 3454 1002 3516; x_wconf 89' lang='lat' dir='ltr'><strong>post</strong></span> <span class='ocrx_word' id='word_1_539' title='bbox 1037 3444 1241 3518; x_wconf 87' lang='lat' dir='ltr'><strong>Moysis</strong></span> <span class='ocrx_word' id='word_1_540' title='bbox 1287 3447 1498 3501; x_wconf 90' lang='lat' dir='ltr'><strong>obitum</strong></span> <span class='ocrx_word' id='word_1_541' title='bbox 1541 3445 1832 3501; x_wconf 91' lang='lat' dir='ltr'><strong>Dominum</strong></span> <span class='ocrx_word' id='word_1_542' title='bbox 1871 3445 1958 3516; x_wconf 95' lang='lat' dir='ltr'><strong>ip-</strong></span> 
     </span>
    </p>
   </div>
   <div class='ocr_carea' id='block_1_66' title="bbox 375 3533 1959 3607">
    <p class='ocr_par' dir='ltr' id='par_1_66' title="bbox 375 3533 1959 3607">
     <span class='ocr_line' id='line_1_66' title="bbox 375 3533 1959 3607; baseline 0.002 -19"><span class='ocrx_word' id='word_1_543' title='bbox 375 3548 503 3588; x_wconf 88' lang='lat' dir='ltr'><strong>sum</strong></span> <span class='ocrx_word' id='word_1_544' title='bbox 526 3533 695 3589; x_wconf 84' lang='lat' dir='ltr'><strong>Josue</strong></span> <span class='ocrx_word' id='word_1_545' title='bbox 721 3535 1132 3590; x_wconf 73' lang='lat' dir='ltr'><strong>manifestatum</strong></span> <span class='ocrx_word' id='word_1_546' title='bbox 1160 3552 1305 3604; x_wconf 87' lang='lat' dir='ltr'><strong>esse,</strong></span> <span class='ocrx_word' id='word_1_547' title='bbox 1339 3544 1392 3592; x_wconf 91' lang='lat' dir='ltr'><strong>et</strong></span> <span class='ocrx_word' id='word_1_548' title='bbox 1429 3544 1617 3607; x_wconf 89' lang='lat' dir='ltr'><strong>aperte</strong></span> <span class='ocrx_word' id='word_1_549' title='bbox 1649 3537 1709 3590; x_wconf 90' lang='lat' dir='ltr'><strong>in</strong></span> <span class='ocrx_word' id='word_1_550' title='bbox 1740 3537 1808 3591; x_wconf 92' lang='lat' dir='ltr'><strong>iis</strong></span> <span class='ocrx_word' id='word_1_551' title='bbox 1837 3551 1959 3606; x_wconf 81' lang='lat' dir='ltr'><strong>quae</strong></span> 
     </span>
    </p>
   </div>
   <div class='ocr_carea' id='block_1_67' title="bbox 377 3610 1961 3698">
    <p class='ocr_par' dir='ltr' id='par_1_67' title="bbox 377 3610 1961 3698">
     <span class='ocr_line' id='line_1_67' title="bbox 377 3610 1961 3698; baseline 0.001 -20"><span class='ocrx_word' id='word_1_552' title='bbox 377 3624 447 3678; x_wconf 86' lang='lat' dir='ltr'><strong>ad</strong></span> <span class='ocrx_word' id='word_1_553' title='bbox 480 3640 603 3679; x_wconf 92' lang='lat' dir='ltr'><strong>eum</strong></span> <span class='ocrx_word' id='word_1_554' title='bbox 641 3625 987 3695; x_wconf 82' lang='lat' dir='ltr'><strong>loquebatur,</strong></span> <span class='ocrx_word' id='word_1_555' title='bbox 1024 3626 1229 3682; x_wconf 80' lang='lat' dir='ltr'><strong>dixisse</strong></span> <span class='ocrx_word' id='word_1_556' title='bbox 1262 3645 1276 3681; x_wconf 88' lang='lat'>:</span> <span class='ocrx_word' id='word_1_557' title='bbox 1315 3645 1334 3678; x_wconf 84' lang='grc'>‹</span> <span class='ocrx_word' id='word_1_558' title='bbox 1358 3610 1530 3682; x_wconf 58' lang='grc' dir='ltr'>’Βίουι</span> <span class='ocrx_word' id='word_1_559' title='bbox 1557 3626 1635 3681; x_wconf 82' lang='lat' dir='ltr'><strong>fui</strong></span> <span class='ocrx_word' id='word_1_560' title='bbox 1658 3641 1784 3681; x_wconf 92' lang='lat' dir='ltr'><strong>cum</strong></span> <span class='ocrx_word' id='word_1_561' title='bbox 1807 3625 1961 3698; x_wconf 77' lang='lat' dir='ltr'><strong>Moy-</strong></span> 
     </span>
    </p>
   </div>
   <div class='ocr_carea' id='block_1_68' title="bbox 385 3717 1956 3790">
    <p class='ocr_par' dir='ltr' id='par_1_68' title="bbox 385 3717 1956 3790">
     <span class='ocr_line' id='line_1_68' title="bbox 385 3717 1956 3790; baseline 0.002 -19"><span class='ocrx_word' id='word_1_562' title='bbox 385 3732 467 3780; x_wconf 84' lang='lat' dir='ltr'><strong>se.</strong></span> <span class='ocrx_word' id='word_1_563' title='bbox 503 3717 577 3770; x_wconf 88' lang='lat' dir='ltr'><strong>ita</strong></span> <span class='ocrx_word' id='word_1_564' title='bbox 605 3732 701 3771; x_wconf 91' lang='lat' dir='ltr'><strong>ero</strong></span> <span class='ocrx_word' id='word_1_565' title='bbox 733 3724 910 3772; x_wconf 85' lang='lat' dir='ltr'><strong>tecum</strong></span> <span class='ocrx_word' id='word_1_566' title='bbox 941 3737 954 3773; x_wconf 92' lang='lat'><strong>:</strong></span> <span class='ocrx_word' id='word_1_567' title='bbox 988 3735 1100 3774; x_wconf 91' lang='lat' dir='ltr'><strong>non</strong></span> <span class='ocrx_word' id='word_1_568' title='bbox 1133 3718 1428 3786; x_wconf 88' lang='lat' dir='ltr'><strong>dimittam,</strong></span> <span class='ocrx_word' id='word_1_569' title='bbox 1460 3734 1560 3773; x_wconf 90' lang='lat' dir='ltr'><strong>nec</strong></span> <span class='ocrx_word' id='word_1_570' title='bbox 1577 3719 1956 3790; x_wconf 89' lang='lat' dir='ltr'><strong>derelinquam</strong></span> 
     </span>
    </p>
   </div>
   <div class='ocr_carea' id='block_1_69' title="bbox 375 3807 1958 3868">
    <p class='ocr_par' dir='ltr' id='par_1_69' title="bbox 375 3807 1958 3868">
     <span class='ocr_line' id='line_1_69' title="bbox 375 3807 1958 3868; baseline 0.004 -7"><span class='ocrx_word' id='word_1_571' title='bbox 375 3814 448 3863; x_wconf 89' lang='lat' dir='ltr'><strong>te.</strong></span> <span class='ocrx_word' id='word_1_572' title='bbox 502 3807 828 3866; x_wconf 79' lang='lat' dir='ltr'><strong>Confortare</strong></span> <span class='ocrx_word' id='word_1_573' title='bbox 870 3818 926 3866; x_wconf 91' lang='lat' dir='ltr'><strong>et</strong></span> <span class='ocrx_word' id='word_1_574' title='bbox 963 3819 1084 3868; x_wconf 91' lang='lat' dir='ltr'><strong>esto</strong></span> <span class='ocrx_word' id='word_1_575' title='bbox 1138 3812 1418 3867; x_wconf 85' lang='lat' dir='ltr'><strong>robustus.</strong></span> <span class='ocrx_word' id='word_1_576' title='bbox 1479 3811 1563 3867; x_wconf 90' lang='lat' dir='ltr'><strong>Tu</strong></span> <span class='ocrx_word' id='word_1_577' title='bbox 1602 3812 1748 3866; x_wconf 90' lang='lat' dir='ltr'><strong>enim</strong></span> <span class='ocrx_word' id='word_1_578' title='bbox 1809 3819 1958 3868; x_wconf 90' lang='lat' dir='ltr'><strong>sorte</strong></span> 
     </span>
    </p>
   </div>
   <div class='ocr_carea' id='block_1_70' title="bbox 374 3901 1960 3975">
    <p class='ocr_par' dir='ltr' id='par_1_70' title="bbox 374 3901 1960 3975">
     <span class='ocr_line' id='line_1_70' title="bbox 374 3901 1960 3975; baseline 0.003 -21"><span class='ocrx_word' id='word_1_579' title='bbox 374 3901 586 3957; x_wconf 89' lang='lat' dir='ltr'><strong>divides</strong></span> <span class='ocrx_word' id='word_1_580' title='bbox 633 3904 835 3974; x_wconf 89' lang='lat' dir='ltr'><strong>populo</strong></span> <span class='ocrx_word' id='word_1_581' title='bbox 884 3904 1016 3958; x_wconf 88' lang='lat' dir='ltr'><strong>huic</strong></span> <span class='ocrx_word' id='word_1_582' title='bbox 1066 3912 1291 3969; x_wconf 90' lang='lat' dir='ltr'><strong>terram,</strong></span> <span class='ocrx_word' id='word_1_583' title='bbox 1326 3919 1426 3974; x_wconf 93' lang='lat' dir='ltr'><strong>pro</strong></span> <span class='ocrx_word' id='word_1_584' title='bbox 1447 3921 1555 3975; x_wconf 90' lang='lat' dir='ltr'><strong>qua</strong></span> <span class='ocrx_word' id='word_1_585' title='bbox 1579 3905 1758 3974; x_wconf 88' lang='lat' dir='ltr'><strong>juravi</strong></span> <span class='ocrx_word' id='word_1_586' title='bbox 1795 3906 1960 3975; x_wconf 89' lang='lat' dir='ltr'><strong>patri-</strong></span> 
     </span>
    </p>
   </div>
   <div class='ocr_carea' id='block_1_71' title="bbox 375 3992 1960 4060">
    <p class='ocr_par' dir='ltr' id='par_1_71' title="bbox 375 3992 1960 4060">
     <span class='ocr_line' id='line_1_71' title="bbox 375 3992 1960 4060; baseline 0.002 -13"><span class='ocrx_word' id='word_1_587' title='bbox 375 3992 482 4049; x_wconf 89' lang='lat' dir='ltr'><strong>bus</strong></span> <span class='ocrx_word' id='word_1_588' title='bbox 538 3994 672 4060; x_wconf 91' lang='lat' dir='ltr'><strong>tuis,</strong></span> <span class='ocrx_word' id='word_1_589' title='bbox 724 4002 784 4049; x_wconf 92' lang='lat' dir='ltr'><strong>ut</strong></span> <span class='ocrx_word' id='word_1_590' title='bbox 838 3995 1111 4051; x_wconf 89' lang='lat' dir='ltr'><strong>traderem</strong></span> <span class='ocrx_word' id='word_1_591' title='bbox 1155 4010 1275 4051; x_wconf 90' lang='lat' dir='ltr'><strong>eam</strong></span> <span class='ocrx_word' id='word_1_592' title='bbox 1321 3996 1430 4051; x_wconf 92' lang='lat' dir='ltr'><strong>illis</strong></span> <span class='ocrx_word' id='word_1_593' title='bbox 1461 3997 1524 4049; x_wconf 85' lang='grc'>¹³.</span> <span class='ocrx_word' id='word_1_594' title='bbox 1568 4015 1586 4049; x_wconf 75' lang='grc' dir='ltr'><strong>ι</strong></span> <span class='ocrx_word' id='word_1_595' title='bbox 1625 3995 1692 4049; x_wconf 89' lang='lat' dir='ltr'><strong>Et</strong></span> <span class='ocrx_word' id='word_1_596' title='bbox 1720 3997 1776 4050; x_wconf 91' lang='lat' dir='ltr'><strong>in</strong></span> <span class='ocrx_word' id='word_1_597' title='bbox 1810 3996 1960 4050; x_wconf 92' lang='lat' dir='ltr'><strong>omni</strong></span> 
     </span>
    </p>
   </div>
   <div class='ocr_carea' id='block_1_72' title="bbox 375 4083 1960 4159">
    <p class='ocr_par' dir='ltr' id='par_1_72' title="bbox 375 4083 1960 4159">
     <span class='ocr_line' id='line_1_72' title="bbox 375 4083 1960 4159; baseline 0.003 -21"><span class='ocrx_word' id='word_1_598' title='bbox 375 4083 666 4155; x_wconf 86' lang='lat' dir='ltr'><strong>Scriptura</strong></span> <span class='ocrx_word' id='word_1_599' title='bbox 700 4088 928 4158; x_wconf 83' lang='lat' dir='ltr'><strong>angelus</strong></span> <span class='ocrx_word' id='word_1_600' title='bbox 969 4087 1190 4158; x_wconf 87' lang='lat' dir='ltr'><strong>quidem</strong></span> <span class='ocrx_word' id='word_1_601' title='bbox 1224 4104 1574 4158; x_wconf 85' lang='lat' dir='ltr'><strong>nequaquam</strong></span> <span class='ocrx_word' id='word_1_602' title='bbox 1608 4102 1848 4159; x_wconf 68' lang='lat' dir='ltr'><strong>praesens</strong></span> <span class='ocrx_word' id='word_1_603' title='bbox 1873 4089 1960 4145; x_wconf 86' lang='lat' dir='ltr'><strong>vel</strong></span> 
     </span>
    </p>
   </div>
   <div class='ocr_carea' id='block_1_73' title="bbox 376 4179 1953 4252">
    <p class='ocr_par' dir='ltr' id='par_1_73' title="bbox 376 4179 1953 4252">
     <span class='ocr_line' id='line_1_73' title="bbox 376 4179 1953 4252; baseline 0.003 -18"><span class='ocrx_word' id='word_1_604' title='bbox 376 4179 764 4236; x_wconf 80' lang='lat' dir='ltr'><strong>manifestatus</strong></span> <span class='ocrx_word' id='word_1_605' title='bbox 796 4180 963 4237; x_wconf 86' lang='lat' dir='ltr'><strong>Josue</strong></span> <span class='ocrx_word' id='word_1_606' title='bbox 1000 4190 1356 4246; x_wconf 89' lang='lat' dir='ltr'><strong>memoratur,</strong></span> <span class='ocrx_word' id='word_1_607' title='bbox 1389 4182 1485 4239; x_wconf 91' lang='lat' dir='ltr'><strong>sed</strong></span> <span class='ocrx_word' id='word_1_608' title='bbox 1517 4183 1632 4252; x_wconf 90' lang='lat' dir='ltr'><strong>ipse</strong></span> <span class='ocrx_word' id='word_1_609' title='bbox 1665 4182 1953 4250; x_wconf 93' lang='lat' dir='ltr'><strong>Dominus,</strong></span> 
     </span>
    </p>
   </div>
   <div class='ocr_carea' id='block_1_74' title="bbox 373 4271 1960 4344">
    <p class='ocr_par' dir='ltr' id='par_1_74' title="bbox 373 4271 1960 4344">
     <span class='ocr_line' id='line_1_74' title="bbox 373 4271 1960 4344; baseline 0.003 -20"><span class='ocrx_word' id='word_1_610' title='bbox 373 4272 468 4341; x_wconf 92' lang='lat' dir='ltr'><strong>qui</strong></span> <span class='ocrx_word' id='word_1_611' title='bbox 513 4272 657 4342; x_wconf 87' lang='lat' dir='ltr'><strong>apud</strong></span> <span class='ocrx_word' id='word_1_612' title='bbox 688 4271 928 4344; x_wconf 83' lang='lat' dir='ltr'><strong>Moysem</strong></span> <span class='ocrx_word' id='word_1_613' title='bbox 968 4279 1414 4344; x_wconf 85' lang='lat' dir='ltr'><strong>tetragrammato</strong></span> <span class='ocrx_word' id='word_1_614' title='bbox 1449 4274 1780 4340; x_wconf 84' lang='lat' dir='ltr'><strong>ostenditur,</strong></span> <span class='ocrx_word' id='word_1_615' title='bbox 1829 4276 1960 4344; x_wconf 88' lang='lat' dir='ltr'><strong>qui-</strong></span> 
     </span>
    </p>
   </div>
   <div class='ocr_carea' id='block_1_75' title="bbox 372 4363 1955 4437">
    <p class='ocr_par' dir='ltr' id='par_1_75' title="bbox 372 4363 1955 4437">
     <span class='ocr_line' id='line_1_75' title="bbox 372 4363 1955 4437; baseline 0.002 -18"><span class='ocrx_word' id='word_1_616' title='bbox 372 4380 480 4436; x_wconf 87' lang='lat' dir='ltr'><strong>que</strong></span> <span class='ocrx_word' id='word_1_617' title='bbox 513 4365 643 4418; x_wconf 90' lang='lat' dir='ltr'><strong>mihi</strong></span> <span class='ocrx_word' id='word_1_618' title='bbox 673 4363 817 4419; x_wconf 90' lang='lat' dir='ltr'><strong>idem</strong></span> <span class='ocrx_word' id='word_1_619' title='bbox 857 4381 980 4421; x_wconf 90' lang='lat' dir='ltr'><strong>esse</strong></span> <span class='ocrx_word' id='word_1_620' title='bbox 1003 4365 1223 4422; x_wconf 86' lang='lat' dir='ltr'><strong>videtur</strong></span> <span class='ocrx_word' id='word_1_621' title='bbox 1243 4381 1308 4421; x_wconf 91' lang='lat' dir='ltr'><strong>ac</strong></span> <span class='ocrx_word' id='word_1_622' title='bbox 1338 4367 1431 4437; x_wconf 92' lang='lat' dir='ltr'><strong>qui</strong></span> <span class='ocrx_word' id='word_1_623' title='bbox 1462 4367 1630 4422; x_wconf 87' lang='lat' dir='ltr'><strong>semel</strong></span> <span class='ocrx_word' id='word_1_624' title='bbox 1658 4365 1826 4422; x_wconf 83' lang='lat' dir='ltr'><strong>Josue</strong></span> <span class='ocrx_word' id='word_1_625' title='bbox 1853 4368 1955 4422; x_wconf 84' lang='lat' dir='ltr'><strong>viri</strong></span> 
     </span>
    </p>
   </div>
   <div class='ocr_carea' id='block_1_76' title="bbox 371 4459 1957 4532">
    <p class='ocr_par' dir='ltr' id='par_1_76' title="bbox 371 4459 1957 4532">
     <span class='ocr_line' id='line_1_76' title="bbox 371 4459 1957 4532; baseline -0.003 -14"><span class='ocrx_word' id='word_1_626' title='bbox 371 4459 561 4518; x_wconf 80' lang='lat' dir='ltr'><strong>habitu</strong></span> <span class='ocrx_word' id='word_1_627' title='bbox 625 4459 878 4528; x_wconf 87' lang='lat' dir='ltr'><strong>apparuit</strong></span> <span class='ocrx_word' id='word_1_628' title='bbox 903 4460 967 4514; x_wconf 60' lang='grc' dir='ltr'><strong>ιδ.</strong></span> <span class='ocrx_word' id='word_1_629' title='bbox 1017 4459 1490 4525; x_wconf 83' lang='lat' dir='ltr'><strong>Quemadmodum</strong></span> <span class='ocrx_word' id='word_1_630' title='bbox 1567 4461 1716 4515; x_wconf 88' lang='lat' dir='ltr'><strong>enim</strong></span> <span class='ocrx_word' id='word_1_631' title='bbox 1789 4475 1957 4532; x_wconf 86' lang='lat' dir='ltr'><strong>appa-</strong></span> 
     </span>
    </p>
   </div>
   <div class='ocr_carea' id='block_1_77' title="bbox 2067 3268 3665 3345">
    <p class='ocr_par' dir='ltr' id='par_1_77' title="bbox 2067 3268 3665 3345">
     <span class='ocr_line' id='line_1_77' title="bbox 2067 3268 3665 3345; baseline -0.002 -19"><span class='ocrx_word' id='word_1_632' title='bbox 2067 3291 2168 3345; x_wconf 90' lang='grc' dir='ltr'><strong>μου</strong></span> <span class='ocrx_word' id='word_1_633' title='bbox 2201 3271 2559 3345; x_wconf 74' lang='grc' dir='ltr'>χρηματίζων</span> <span class='ocrx_word' id='word_1_634' title='bbox 2607 3270 2908 3342; x_wconf 82' lang='grc' dir='ltr'>συμπαρῆν</span> <span class='ocrx_word' id='word_1_635' title='bbox 2947 3268 3025 3340; x_wconf 81' lang='grc' dir='ltr'><strong>τῷ</strong></span> <span class='ocrx_word' id='word_1_636' title='bbox 3063 3269 3207 3340; x_wconf 84' lang='grc' dir='ltr'>λαῷ,</span> <span class='ocrx_word' id='word_1_637' title='bbox 3248 3269 3363 3323; x_wconf 86' lang='grc' dir='ltr'>ἀλλ’</span> <span class='ocrx_word' id='word_1_638' title='bbox 3408 3269 3665 3338; x_wconf 79' lang='grc' dir='ltr'>ἀγγέλων</span> 
     </span>
    </p>
   </div>
   <div class='ocr_carea' id='block_1_78' title="bbox 2062 3360 3661 3435">
    <p class='ocr_par' dir='ltr' id='par_1_78' title="bbox 2062 3360 3661 3435">
     <span class='ocr_line' id='line_1_78' title="bbox 2062 3360 3661 3435; baseline -0.003 -17"><span class='ocrx_word' id='word_1_639' title='bbox 2062 3383 2145 3429; x_wconf 88' lang='grc' dir='ltr'><strong>τις</strong></span> <span class='ocrx_word' id='word_1_640' title='bbox 2180 3363 2361 3418; x_wconf 79' lang='grc' dir='ltr'>αὐτῶν</span> <span class='ocrx_word' id='word_1_641' title='bbox 2390 3366 2688 3435; x_wconf 81' lang='grc' dir='ltr'>προηγεῖτο</span> <span class='ocrx_word' id='word_1_642' title='bbox 2707 3403 2722 3428; x_wconf 95' lang='grc'><strong>,</strong></span> <span class='ocrx_word' id='word_1_643' title='bbox 2762 3361 2916 3415; x_wconf 81' lang='grc' dir='ltr'>οὐδὲν</span> <span class='ocrx_word' id='word_1_644' title='bbox 2944 3360 3010 3415; x_wconf 82' lang='grc' dir='ltr'><strong>ἂν</strong></span> <span class='ocrx_word' id='word_1_645' title='bbox 3039 3363 3119 3425; x_wconf 86' lang='grc' dir='ltr'><strong>είς</strong></span> <span class='ocrx_word' id='word_1_646' title='bbox 3152 3362 3283 3424; x_wconf 80' lang='grc' dir='ltr'>τοὺς</span> <span class='ocrx_word' id='word_1_647' title='bbox 3313 3361 3514 3425; x_wconf 85' lang='grc' dir='ltr'>τόπους</span> <span class='ocrx_word' id='word_1_648' title='bbox 3555 3363 3661 3433; x_wconf 79' lang='grc' dir='ltr'><strong>ζη-</strong></span> 
     </span>
    </p>
   </div>
   <div class='ocr_carea' id='block_1_79' title="bbox 2062 3451 3663 3528">
    <p class='ocr_par' dir='ltr' id='par_1_79' title="bbox 2062 3451 3663 3528">
     <span class='ocr_line' id='line_1_79' title="bbox 2062 3451 3663 3528; baseline -0.003 -18"><span class='ocrx_word' id='word_1_649' title='bbox 2062 3456 2323 3528; x_wconf 80' lang='grc' dir='ltr'>τούμενον</span> <span class='ocrx_word' id='word_1_650' title='bbox 2355 3451 2456 3524; x_wconf 76' lang='grc' dir='ltr'><strong>ἦν·</strong></span> <span class='ocrx_word' id='word_1_651' title='bbox 2493 3455 2616 3508; x_wconf 74' lang='grc' dir='ltr'>ἐπεὶ</span> <span class='ocrx_word' id='word_1_652' title='bbox 2639 3455 2696 3507; x_wconf 82' lang='grc' dir='ltr'><strong>δὲ</strong></span> <span class='ocrx_word' id='word_1_653' title='bbox 2731 3457 2796 3508; x_wconf 84' lang='grc' dir='ltr'><strong>ἐκ</strong></span> <span class='ocrx_word' id='word_1_654' title='bbox 2837 3453 2938 3523; x_wconf 78' lang='grc' dir='ltr'>τῆς</span> <span class='ocrx_word' id='word_1_655' title='bbox 2984 3452 3228 3525; x_wconf 82' lang='grc' dir='ltr'>ἱστορίας</span> <span class='ocrx_word' id='word_1_656' title='bbox 3269 3454 3521 3523; x_wconf 73' lang='grc' dir='ltr'>φαίνεται</span> <span class='ocrx_word' id='word_1_657' title='bbox 3561 3454 3663 3506; x_wconf 78' lang='grc' dir='ltr'><strong>καὶ</strong></span> 
     </span>
    </p>
   </div>
   <div class='ocr_carea' id='block_1_80' title="bbox 2065 3543 3659 3620">
    <p class='ocr_par' dir='ltr' id='par_1_80' title="bbox 2065 3543 3659 3620">
     <span class='ocr_line' id='line_1_80' title="bbox 2065 3543 3659 3620; baseline -0.002 -18"><span class='ocrx_word' id='word_1_658' title='bbox 2065 3549 2202 3620; x_wconf 82' lang='grc' dir='ltr'>μετὰ</span> <span class='ocrx_word' id='word_1_659' title='bbox 2218 3548 2316 3620; x_wconf 84' lang='grc' dir='ltr'>τὴν</span> <span class='ocrx_word' id='word_1_660' title='bbox 2331 3548 2610 3611; x_wconf 83' lang='grc' dir='ltr'>Μωῦσέως</span> <span class='ocrx_word' id='word_1_661' title='bbox 2627 3547 2885 3618; x_wconf 77' lang='grc' dir='ltr'>τελευτὴν</span> <span class='ocrx_word' id='word_1_662' title='bbox 2910 3547 2940 3598; x_wconf 91' lang='lat'><strong>6</strong></span> <span class='ocrx_word' id='word_1_663' title='bbox 2968 3545 3130 3608; x_wconf 81' lang='grc' dir='ltr'>αὐτὸς</span> <span class='ocrx_word' id='word_1_664' title='bbox 3153 3543 3358 3616; x_wconf 82' lang='grc' dir='ltr'>Κύριος</span> <span class='ocrx_word' id='word_1_665' title='bbox 3477 3547 3659 3618; x_wconf 82' lang='grc' dir='ltr'>Ἰησοῦ</span> 
     </span>
    </p>
   </div>
   <div class='ocr_carea' id='block_1_81' title="bbox 2062 3637 3657 3714">
    <p class='ocr_par' dir='ltr' id='par_1_81' title="bbox 2062 3637 3657 3714">
     <span class='ocr_line' id='line_1_81' title="bbox 2062 3637 3657 3714; baseline -0.021 -2"><span class='ocrx_word' id='word_1_666' title='bbox 2062 3641 2419 3714; x_wconf 76' lang='grc' dir='ltr'>χρηματίζων</span> <span class='ocrx_word' id='word_1_667' title='bbox 2448 3641 2543 3693; x_wconf 66' lang='grc' dir='ltr'>καὶ</span> <span class='ocrx_word' id='word_1_668' title='bbox 2573 3638 2766 3708; x_wconf 80' lang='grc' dir='ltr'>σαφῶς</span> <span class='ocrx_word' id='word_1_669' title='bbox 2795 3641 2853 3691; x_wconf 82' lang='grc' dir='ltr'><strong>ὲν</strong></span> <span class='ocrx_word' id='word_1_670' title='bbox 2880 3640 2994 3701; x_wconf 82' lang='grc' dir='ltr'>τοῖς</span> <span class='ocrx_word' id='word_1_671' title='bbox 3024 3638 3160 3709; x_wconf 86' lang='grc' dir='ltr'>πρὸς</span> <span class='ocrx_word' id='word_1_672' title='bbox 3187 3637 3347 3690; x_wconf 77' lang='grc' dir='ltr'>αὑτὸν</span> <span class='ocrx_word' id='word_1_673' title='bbox 3383 3641 3657 3709; x_wconf 57' lang='grc' dir='ltr'>χρησμάς</span> 
     </span>
    </p>
   </div>
   <div class='ocr_carea' id='block_1_82' title="bbox 2063 3727 3656 3802">
    <p class='ocr_par' dir='ltr' id='par_1_82' title="bbox 2063 3727 3656 3802">
     <span class='ocr_line' id='line_1_82' title="bbox 2063 3727 3656 3802; baseline -0.003 -16"><span class='ocrx_word' id='word_1_674' title='bbox 2063 3732 2254 3802; x_wconf 77' lang='grc' dir='ltr'>λέγων’</span> <span class='ocrx_word' id='word_1_675' title='bbox 2275 3751 2293 3782; x_wconf 77' lang='grc' dir='ltr'><strong>ι</strong></span> <span class='ocrx_word' id='word_1_676' title='bbox 2315 3733 2435 3784; x_wconf 85' lang='grc' dir='ltr'>Ὅτι</span> <span class='ocrx_word' id='word_1_677' title='bbox 2453 3730 2640 3802; x_wconf 85' lang='grc' dir='ltr'>ὥσπερ</span> <span class='ocrx_word' id='word_1_678' title='bbox 2665 3731 2814 3801; x_wconf 80' lang='grc' dir='ltr'>ἡμην</span> <span class='ocrx_word' id='word_1_679' title='bbox 2834 3729 2970 3799; x_wconf 85' lang='grc' dir='ltr'><strong>μετά</strong></span> <span class='ocrx_word' id='word_1_680' title='bbox 2991 3728 3221 3798; x_wconf 84' lang='grc' dir='ltr'>Μωῦσῆ,</span> <span class='ocrx_word' id='word_1_681' title='bbox 3254 3727 3430 3791; x_wconf 73' lang='grc' dir='ltr'>οὕτως</span> <span class='ocrx_word' id='word_1_682' title='bbox 3453 3729 3656 3799; x_wconf 70' lang='grc' dir='ltr'>ἔσομαι</span> 
     </span>
    </p>
   </div>
   <div class='ocr_carea' id='block_1_83' title="bbox 2067 3821 3662 3897">
    <p class='ocr_par' dir='ltr' id='par_1_83' title="bbox 2067 3821 3662 3897">
     <span class='ocr_line' id='line_1_83' title="bbox 2067 3821 3662 3897; baseline -0.003 -19"><span class='ocrx_word' id='word_1_683' title='bbox 2067 3824 2204 3897; x_wconf 88' lang='grc' dir='ltr'><strong>μετά</strong></span> <span class='ocrx_word' id='word_1_684' title='bbox 2234 3823 2350 3888; x_wconf 92' lang='grc' dir='ltr'>σοῦ,</span> <span class='ocrx_word' id='word_1_685' title='bbox 2378 3823 2472 3876; x_wconf 68' lang='grc' dir='ltr'><strong>καὶ</strong></span> <span class='ocrx_word' id='word_1_686' title='bbox 2494 3823 2596 3875; x_wconf 80' lang='grc' dir='ltr'>οὐκ</span> <span class='ocrx_word' id='word_1_687' title='bbox 2621 3822 3003 3892; x_wconf 70' lang='grc' dir='ltr'>ἐγκαταλείψω</span> <span class='ocrx_word' id='word_1_688' title='bbox 3038 3838 3097 3874; x_wconf 92' lang='grc' dir='ltr'><strong>σε</strong></span> <span class='ocrx_word' id='word_1_689' title='bbox 3117 3861 3131 3884; x_wconf 90' lang='grc'><strong>,</strong></span> <span class='ocrx_word' id='word_1_690' title='bbox 3163 3821 3272 3874; x_wconf 72' lang='grc' dir='ltr'>οὐδ’</span> <span class='ocrx_word' id='word_1_691' title='bbox 3308 3822 3662 3892; x_wconf 58' lang='grc' dir='ltr'>ὑπερόψομαί</span> 
     </span>
    </p>
   </div>
   <div class='ocr_carea' id='block_1_84' title="bbox 2065 3913 3658 3987">
    <p class='ocr_par' dir='ltr' id='par_1_84' title="bbox 2065 3913 3658 3987">
     <span class='ocr_line' id='line_1_84' title="bbox 2065 3913 3658 3987; baseline -0.001 -19"><span class='ocrx_word' id='word_1_692' title='bbox 2065 3935 2145 3970; x_wconf 85' lang='grc' dir='ltr'><strong>σε.</strong></span> <span class='ocrx_word' id='word_1_693' title='bbox 2176 3917 2359 3987; x_wconf 85' lang='grc' dir='ltr'>Ἰσχυε</span> <span class='ocrx_word' id='word_1_694' title='bbox 2405 3917 2498 3969; x_wconf 75' lang='grc' dir='ltr'><strong>καὶ</strong></span> <span class='ocrx_word' id='word_1_695' title='bbox 2541 3913 2794 3987; x_wconf 80' lang='grc' dir='ltr'>ἀνδρίζου</span> <span class='ocrx_word' id='word_1_696' title='bbox 2821 3933 2832 3944; x_wconf 92' lang='grc'>·</span> <span class='ocrx_word' id='word_1_697' title='bbox 2872 3914 2936 3967; x_wconf 83' lang='grc' dir='ltr'><strong>σὺ</strong></span> <span class='ocrx_word' id='word_1_698' title='bbox 2980 3913 3088 3984; x_wconf 76' lang='grc' dir='ltr'>γὰρ</span> <span class='ocrx_word' id='word_1_699' title='bbox 3138 3913 3544 3977; x_wconf 82' lang='grc' dir='ltr'>ἀποδιαστελείς</span> <span class='ocrx_word' id='word_1_700' title='bbox 3574 3914 3658 3983; x_wconf 80' lang='grc' dir='ltr'>τῷ</span> 
     </span>
    </p>
   </div>
   <div class='ocr_carea' id='block_1_85' title="bbox 2061 4006 3659 4081">
    <p class='ocr_par' dir='ltr' id='par_1_85' title="bbox 2061 4006 3659 4081">
     <span class='ocr_line' id='line_1_85' title="bbox 2061 4006 3659 4081; baseline -0.001 -18"><span class='ocrx_word' id='word_1_701' title='bbox 2061 4009 2177 4080; x_wconf 83' lang='grc' dir='ltr'>λαῷ</span> <span class='ocrx_word' id='word_1_702' title='bbox 2205 4008 2382 4081; x_wconf 85' lang='grc' dir='ltr'>τούτῳ</span> <span class='ocrx_word' id='word_1_703' title='bbox 2417 4009 2516 4081; x_wconf 84' lang='grc' dir='ltr'>τὴν</span> <span class='ocrx_word' id='word_1_704' title='bbox 2556 4009 2681 4080; x_wconf 82' lang='grc' dir='ltr'>γῆν,</span> <span class='ocrx_word' id='word_1_705' title='bbox 2715 4009 2782 4078; x_wconf 78' lang='grc' dir='ltr'><strong>ἢν</strong></span> <span class='ocrx_word' id='word_1_706' title='bbox 2812 4006 3004 4078; x_wconf 85' lang='grc' dir='ltr'>ῶμοσα</span> <span class='ocrx_word' id='word_1_707' title='bbox 3036 4010 3149 4070; x_wconf 85' lang='grc' dir='ltr'>τοῖς</span> <span class='ocrx_word' id='word_1_708' title='bbox 3190 4007 3462 4078; x_wconf 77' lang='grc' dir='ltr'>πατράσιν</span> <span class='ocrx_word' id='word_1_709' title='bbox 3497 4007 3659 4077; x_wconf 80' lang='grc' dir='ltr'>ὑμῶν</span> 
     </span>
    </p>
   </div>
   <div class='ocr_carea' id='block_1_86' title="bbox 2059 4100 3657 4172">
    <p class='ocr_par' dir='ltr' id='par_1_86' title="bbox 2059 4100 3657 4172">
     <span class='ocr_line' id='line_1_86' title="bbox 2059 4100 3657 4172; baseline -0.002 -16"><span class='ocrx_word' id='word_1_710' title='bbox 2059 4103 2242 4156; x_wconf 88' lang='grc' dir='ltr'>δοῦναι</span> <span class='ocrx_word' id='word_1_711' title='bbox 2284 4103 2465 4166; x_wconf 77' lang='grc' dir='ltr'>αὐτοῖς</span> <span class='ocrx_word' id='word_1_712' title='bbox 2488 4120 2501 4132; x_wconf 86' lang='grc'><strong>·</strong></span> <span class='ocrx_word' id='word_1_713' title='bbox 2542 4123 2560 4154; x_wconf 72' lang='grc' dir='ltr'><strong>ι</strong></span> <span class='ocrx_word' id='word_1_714' title='bbox 2596 4103 2690 4155; x_wconf 79' lang='grc' dir='ltr'><strong>καὶ</strong></span> <span class='ocrx_word' id='word_1_715' title='bbox 2729 4101 2798 4154; x_wconf 86' lang='grc' dir='ltr'>δι’</span> <span class='ocrx_word' id='word_1_716' title='bbox 2835 4100 2964 4171; x_wconf 83' lang='grc' dir='ltr'>ὅλης</span> <span class='ocrx_word' id='word_1_717' title='bbox 3002 4102 3102 4172; x_wconf 79' lang='grc' dir='ltr'>τῆς</span> <span class='ocrx_word' id='word_1_718' title='bbox 3152 4101 3376 4170; x_wconf 76' lang='grc' dir='ltr'>Γραφῆς</span> <span class='ocrx_word' id='word_1_719' title='bbox 3418 4100 3657 4168; x_wconf 84' lang='grc' dir='ltr'>ἄγγελος</span> 
     </span>
    </p>
   </div>
   <div class='ocr_carea' id='block_1_87' title="bbox 2067 4192 3662 4268">
    <p class='ocr_par' dir='ltr' id='par_1_87' title="bbox 2067 4192 3662 4268">
     <span class='ocr_line' id='line_1_87' title="bbox 2067 4192 3662 4268; baseline -0.002 -20"><span class='ocrx_word' id='word_1_720' title='bbox 2067 4197 2165 4268; x_wconf 83' lang='grc' dir='ltr'>μὲν</span> <span class='ocrx_word' id='word_1_721' title='bbox 2222 4194 2476 4266; x_wconf 73' lang='grc' dir='ltr'>οὐδαμῶς</span> <span class='ocrx_word' id='word_1_722' title='bbox 2538 4193 2826 4265; x_wconf 83' lang='grc' dir='ltr'>ὲπιπαρὼν</span> <span class='ocrx_word' id='word_1_723' title='bbox 2879 4193 2910 4264; x_wconf 79' lang='grc' dir='ltr'>ἢ</span> <span class='ocrx_word' id='word_1_724' title='bbox 2966 4192 3318 4264; x_wconf 75' lang='grc' dir='ltr'>χρηματίζων</span> <span class='ocrx_word' id='word_1_725' title='bbox 3369 4192 3450 4261; x_wconf 83' lang='grc' dir='ltr'>τῷ</span> <span class='ocrx_word' id='word_1_726' title='bbox 3481 4192 3662 4263; x_wconf 73' lang='grc' dir='ltr'>Ἰησοῦ</span> 
     </span>
    </p>
   </div>
   <div class='ocr_carea' id='block_1_88' title="bbox 2061 4283 3658 4355">
    <p class='ocr_par' dir='ltr' id='par_1_88' title="bbox 2061 4283 3658 4355">
     <span class='ocr_line' id='line_1_88' title="bbox 2061 4283 3658 4355; baseline -0.001 -17"><span class='ocrx_word' id='word_1_727' title='bbox 2061 4285 2331 4355; x_wconf 77' lang='grc' dir='ltr'>φαίνεται,</span> <span class='ocrx_word' id='word_1_728' title='bbox 2348 4285 2461 4339; x_wconf 80' lang='grc' dir='ltr'>ἀλλ’</span> <span class='ocrx_word' id='word_1_729' title='bbox 2479 4285 2678 4348; x_wconf 73' lang='grc' dir='ltr'>αὑτὸςὸ</span> <span class='ocrx_word' id='word_1_730' title='bbox 2713 4286 2915 4354; x_wconf 85' lang='grc' dir='ltr'>Κύριος</span> <span class='ocrx_word' id='word_1_731' title='bbox 2939 4287 2969 4338; x_wconf 89' lang='lat'><strong>6</strong></span> <span class='ocrx_word' id='word_1_732' title='bbox 2995 4286 3087 4337; x_wconf 71' lang='grc' dir='ltr'><strong>καὶ</strong></span> <span class='ocrx_word' id='word_1_733' title='bbox 3113 4283 3266 4355; x_wconf 84' lang='grc' dir='ltr'><strong>παρά</strong></span> <span class='ocrx_word' id='word_1_734' title='bbox 3295 4285 3526 4337; x_wconf 81' lang='grc' dir='ltr'>Μωῦσεῖ</span> <span class='ocrx_word' id='word_1_735' title='bbox 3567 4284 3658 4337; x_wconf 72' lang='grc' dir='ltr'>διὰ</span> 
     </span>
    </p>
   </div>
   <div class='ocr_carea' id='block_1_89' title="bbox 2059 4375 3662 4448">
    <p class='ocr_par' dir='ltr' id='par_1_89' title="bbox 2059 4375 3662 4448">
     <span class='ocr_line' id='line_1_89' title="bbox 2059 4375 3662 4448; baseline -0.001 -18"><span class='ocrx_word' id='word_1_736' title='bbox 2059 4378 2152 4430; x_wconf 88' lang='grc' dir='ltr'><strong>τοῦ</strong></span> <span class='ocrx_word' id='word_1_737' title='bbox 2196 4377 2622 4448; x_wconf 83' lang='grc' dir='ltr'>τετραγράμμου</span> <span class='ocrx_word' id='word_1_738' title='bbox 2668 4375 3029 4447; x_wconf 81' lang='grc' dir='ltr'>δηλούμενος,</span> <span class='ocrx_word' id='word_1_739' title='bbox 3063 4376 3120 4438; x_wconf 82' lang='grc' dir='ltr'>ὃς</span> <span class='ocrx_word' id='word_1_740' title='bbox 3163 4376 3256 4428; x_wconf 77' lang='grc' dir='ltr'><strong>καὶ</strong></span> <span class='ocrx_word' id='word_1_741' title='bbox 3297 4376 3448 4428; x_wconf 87' lang='grc' dir='ltr'>δοκεί</span> <span class='ocrx_word' id='word_1_742' title='bbox 3513 4394 3605 4446; x_wconf 76' lang='grc' dir='ltr'><strong>μοι</strong></span> <span class='ocrx_word' id='word_1_743' title='bbox 3632 4379 3662 4429; x_wconf 87' lang='lat'><strong>6</strong></span> 
     </span>
    </p>
   </div>
   <div class='ocr_carea' id='block_1_90' title="bbox 2061 4463 3660 4538">
    <p class='ocr_par' dir='ltr' id='par_1_90' title="bbox 2061 4463 3660 4538">
     <span class='ocr_line' id='line_1_90' title="bbox 2061 4463 3660 4538; baseline 0.001 -18"><span class='ocrx_word' id='word_1_744' title='bbox 2061 4467 2222 4530; x_wconf 82' lang='grc' dir='ltr'>αὐτὸς</span> <span class='ocrx_word' id='word_1_745' title='bbox 2243 4463 2382 4520; x_wconf 84' lang='grc' dir='ltr'>εἶναι</span> <span class='ocrx_word' id='word_1_746' title='bbox 2409 4467 2486 4538; x_wconf 83' lang='grc' dir='ltr'>τῷ</span> <span class='ocrx_word' id='word_1_747' title='bbox 2524 4469 2581 4519; x_wconf 77' lang='grc' dir='ltr'><strong>ἐν</strong></span> <span class='ocrx_word' id='word_1_748' title='bbox 2610 4467 2800 4537; x_wconf 86' lang='grc' dir='ltr'>ἀνδρὸς</span> <span class='ocrx_word' id='word_1_749' title='bbox 2827 4468 3064 4537; x_wconf 84' lang='grc' dir='ltr'>σχήματι</span> <span class='ocrx_word' id='word_1_750' title='bbox 3087 4467 3166 4529; x_wconf 81' lang='grc' dir='ltr'><strong>είς</strong></span> <span class='ocrx_word' id='word_1_751' title='bbox 3192 4466 3340 4531; x_wconf 76' lang='grc' dir='ltr'>ἅπαξ</span> <span class='ocrx_word' id='word_1_752' title='bbox 3370 4467 3532 4536; x_wconf 86' lang='grc' dir='ltr'>μόνον</span> <span class='ocrx_word' id='word_1_753' title='bbox 3557 4485 3660 4521; x_wconf 78' lang='grc' dir='ltr'>πα-</span> 
     </span>
    </p>
   </div>
   <div class='ocr_carea' id='block_1_91' title="bbox 371 4549 1956 4632">
    <p class='ocr_par' dir='ltr' id='par_1_91' title="bbox 371 4549 1953 4618">
     <span class='ocr_line' id='line_1_91' title="bbox 371 4549 1953 4618; baseline 0.001 -11"><span class='ocrx_word' id='word_1_754' title='bbox 371 4552 550 4608; x_wconf 79' lang='lat' dir='ltr'><strong>ruisse</strong></span> <span class='ocrx_word' id='word_1_755' title='bbox 579 4549 892 4604; x_wconf 88' lang='lat' dir='ltr'><strong>Abrahamo</strong></span> <span class='ocrx_word' id='word_1_756' title='bbox 920 4558 974 4606; x_wconf 91' lang='lat' dir='ltr'><strong>et</strong></span> <span class='ocrx_word' id='word_1_757' title='bbox 1000 4550 1206 4606; x_wconf 90' lang='lat' dir='ltr'><strong>Jacobo</strong></span> <span class='ocrx_word' id='word_1_758' title='bbox 1245 4561 1523 4618; x_wconf 88' lang='lat' dir='ltr'><strong>narratur,</strong></span> <span class='ocrx_word' id='word_1_759' title='bbox 1557 4553 1634 4609; x_wconf 85' lang='lat' dir='ltr'><strong>sic</strong></span> <span class='ocrx_word' id='word_1_760' title='bbox 1693 4563 1746 4608; x_wconf 90' lang='lat' dir='ltr'><strong>et</strong></span> <span class='ocrx_word' id='word_1_761' title='bbox 1805 4571 1953 4609; x_wconf 91' lang='lat' dir='ltr'><strong>nunc</strong></span> 
     </span>
    </p>
   </div>
   <div class='ocr_carea' id='block_1_92' title="bbox 2071 4549 3660 4632">
    <p class='ocr_par' dir='ltr' id='par_1_92' title="bbox 2071 4558 3660 4632">
     <span class='ocr_line' id='line_1_92' title="bbox 2071 4558 3660 4632; baseline 0.001 -20"><span class='ocrx_word' id='word_1_762' title='bbox 2071 4561 2356 4631; x_wconf 84' lang='grc' dir='ltr'>ραφανέντι</span> <span class='ocrx_word' id='word_1_763' title='bbox 2410 4560 2487 4631; x_wconf 78' lang='grc' dir='ltr'>τῷ</span> <span class='ocrx_word' id='word_1_764' title='bbox 2540 4558 2737 4632; x_wconf 88' lang='grc' dir='ltr'>Ἰησοῦ.</span> <span class='ocrx_word' id='word_1_765' title='bbox 2783 4561 2989 4632; x_wconf 84' lang='grc' dir='ltr'>Ὥσπερ</span> <span class='ocrx_word' id='word_1_766' title='bbox 3061 4559 3168 4631; x_wconf 80' lang='grc' dir='ltr'>γὰρ</span> <span class='ocrx_word' id='word_1_767' title='bbox 3236 4561 3526 4630; x_wconf 68' lang='grc' dir='ltr'>ἐπιφανεὶς</span> <span class='ocrx_word' id='word_1_768' title='bbox 3580 4562 3660 4631; x_wconf 80' lang='grc' dir='ltr'>τῷ</span> 
     </span>
    </p>
   </div>
   <div class='ocr_carea' id='block_1_93' title="bbox 370 4645 1950 4716">
    <p class='ocr_par' dir='ltr' id='par_1_93' title="bbox 370 4645 1950 4716">
     <span class='ocr_line' id='line_1_93' title="bbox 370 4645 1950 4716; baseline -0.003 -11"><span class='ocrx_word' id='word_1_769' title='bbox 370 4645 441 4707; x_wconf 78' lang='lat' dir='ltr'><strong>ad</strong></span> <span class='ocrx_word' id='word_1_770' title='bbox 473 4645 816 4702; x_wconf 87' lang='lat' dir='ltr'><strong>edocendum</strong></span> <span class='ocrx_word' id='word_1_771' title='bbox 851 4659 1072 4700; x_wconf 88' lang='lat' dir='ltr'><strong>servum</strong></span> <span class='ocrx_word' id='word_1_772' title='bbox 1099 4661 1282 4713; x_wconf 90' lang='lat' dir='ltr'><strong>suum,</strong></span> <span class='ocrx_word' id='word_1_773' title='bbox 1303 4661 1414 4700; x_wconf 92' lang='lat' dir='ltr'><strong>non</strong></span> <span class='ocrx_word' id='word_1_774' title='bbox 1440 4645 1618 4716; x_wconf 89' lang='lat' dir='ltr'><strong>ipsum</strong></span> <span class='ocrx_word' id='word_1_775' title='bbox 1642 4647 1950 4703; x_wconf 85' lang='lat' dir='ltr'><strong>existimari</strong></span> 
     </span>
    </p>
   </div>
   <div class='ocr_carea' id='block_1_94' title="bbox 369 4737 1957 4812">
    <p class='ocr_par' dir='ltr' id='par_1_94' title="bbox 369 4737 1957 4812">
     <span class='ocr_line' id='line_1_94' title="bbox 369 4737 1957 4812; baseline 0.001 -20"><span class='ocrx_word' id='word_1_776' title='bbox 369 4739 610 4812; x_wconf 88' lang='lat' dir='ltr'><strong>primum</strong></span> <span class='ocrx_word' id='word_1_777' title='bbox 662 4745 717 4793; x_wconf 88' lang='lat' dir='ltr'><strong>et</strong></span> <span class='ocrx_word' id='word_1_778' title='bbox 776 4738 1080 4794; x_wconf 89' lang='lat' dir='ltr'><strong>increatum</strong></span> <span class='ocrx_word' id='word_1_779' title='bbox 1135 4753 1257 4794; x_wconf 90' lang='lat' dir='ltr'><strong>esse</strong></span> <span class='ocrx_word' id='word_1_780' title='bbox 1305 4737 1499 4804; x_wconf 90' lang='lat' dir='ltr'><strong>Deum,</strong></span> <span class='ocrx_word' id='word_1_781' title='bbox 1537 4739 1632 4795; x_wconf 89' lang='lat' dir='ltr'><strong>sed</strong></span> <span class='ocrx_word' id='word_1_782' title='bbox 1679 4755 1957 4796; x_wconf 90' lang='lat' dir='ltr'><strong>summum</strong></span> 
     </span>
    </p>
   </div>
   <div class='ocr_carea' id='block_1_95' title="bbox 365 4829 1957 4903">
    <p class='ocr_par' dir='ltr' id='par_1_95' title="bbox 365 4829 1957 4903">
     <span class='ocr_line' id='line_1_95' title="bbox 365 4829 1957 4903; baseline -0.002 -14"><span class='ocrx_word' id='word_1_783' title='bbox 365 4833 492 4903; x_wconf 84' lang='lat' dir='ltr'><strong>ejus</strong></span> <span class='ocrx_word' id='word_1_784' title='bbox 516 4831 795 4888; x_wconf 85' lang='lat' dir='ltr'><strong>exercitus</strong></span> <span class='ocrx_word' id='word_1_785' title='bbox 827 4831 1022 4886; x_wconf 90' lang='lat' dir='ltr'><strong>ducem</strong></span> <span class='ocrx_word' id='word_1_786' title='bbox 1053 4830 1409 4886; x_wconf 89' lang='lat' dir='ltr'><strong>demonstrat.</strong></span> <span class='ocrx_word' id='word_1_787' title='bbox 1447 4829 1589 4902; x_wconf 88' lang='lat' dir='ltr'><strong>Ergo</strong></span> <span class='ocrx_word' id='word_1_788' title='bbox 1628 4831 1674 4886; x_wconf 90' lang='lat' dir='ltr'><strong>si</strong></span> <span class='ocrx_word' id='word_1_789' title='bbox 1710 4832 1766 4886; x_wconf 89' lang='lat' dir='ltr'><strong>in</strong></span> <span class='ocrx_word' id='word_1_790' title='bbox 1803 4832 1957 4886; x_wconf 91' lang='lat' dir='ltr'><strong>omni</strong></span> 
     </span>
    </p>
   </div>
   <div class='ocr_carea' id='block_1_96' title="bbox 370 4922 1950 4995">
    <p class='ocr_par' dir='ltr' id='par_1_96' title="bbox 370 4922 1950 4995">
     <span class='ocr_line' id='line_1_96' title="bbox 370 4922 1950 4995; baseline 0 -15"><span class='ocrx_word' id='word_1_791' title='bbox 370 4923 540 4992; x_wconf 82' lang='lat' dir='ltr'><strong>Josue</strong></span> <span class='ocrx_word' id='word_1_792' title='bbox 580 4924 722 4980; x_wconf 92' lang='lat' dir='ltr'><strong>libro</strong></span> <span class='ocrx_word' id='word_1_793' title='bbox 760 4923 987 4995; x_wconf 85' lang='lat' dir='ltr'><strong>angelus</strong></span> <span class='ocrx_word' id='word_1_794' title='bbox 1035 4922 1258 4993; x_wconf 90' lang='lat' dir='ltr'><strong>quidem</strong></span> <span class='ocrx_word' id='word_1_795' title='bbox 1308 4923 1533 4978; x_wconf 89' lang='lat' dir='ltr'><strong>minime</strong></span> <span class='ocrx_word' id='word_1_796' title='bbox 1577 4939 1821 4995; x_wconf 68' lang='lat' dir='ltr'><strong>praasens</strong></span> <span class='ocrx_word' id='word_1_797' title='bbox 1862 4941 1950 4980; x_wconf 86' lang='lat' dir='ltr'><strong>re-</strong></span> 
     </span>
    </p>
   </div>
   <div class='ocr_carea' id='block_1_97' title="bbox 372 5005 1952 5088">
    <p class='ocr_par' dir='ltr' id='par_1_97' title="bbox 372 5005 1952 5088">
     <span class='ocr_line' id='line_1_97' title="bbox 372 5005 1952 5088; baseline -0.001 -13"><span class='ocrx_word' id='word_1_798' title='bbox 372 5018 569 5083; x_wconf 82' lang='lat' dir='ltr'><strong>fertur,</strong></span> <span class='ocrx_word' id='word_1_799' title='bbox 609 5005 704 5074; x_wconf 75' lang='lat' dir='ltr'><strong>sed</strong></span> <span class='ocrx_word' id='word_1_800' title='bbox 735 5017 878 5072; x_wconf 91' lang='lat' dir='ltr'><strong>idem</strong></span> <span class='ocrx_word' id='word_1_801' title='bbox 911 5017 1028 5087; x_wconf 89' lang='lat' dir='ltr'><strong>ipse</strong></span> <span class='ocrx_word' id='word_1_802' title='bbox 1053 5016 1318 5072; x_wconf 87' lang='lat' dir='ltr'><strong>Dominus</strong></span> <span class='ocrx_word' id='word_1_803' title='bbox 1347 5017 1442 5087; x_wconf 93' lang='lat' dir='ltr'><strong>qui</strong></span> <span class='ocrx_word' id='word_1_804' title='bbox 1469 5016 1524 5071; x_wconf 90' lang='lat' dir='ltr'><strong>in</strong></span> <span class='ocrx_word' id='word_1_805' title='bbox 1553 5017 1702 5072; x_wconf 89' lang='lat' dir='ltr'><strong>omni</strong></span> <span class='ocrx_word' id='word_1_806' title='bbox 1753 5016 1952 5088; x_wconf 81' lang='lat' dir='ltr'><strong>Moysis</strong></span> 
     </span>
    </p>
   </div>
   <div class='ocr_carea' id='block_1_98' title="bbox 372 5108 1948 5185">
    <p class='ocr_par' dir='ltr' id='par_1_98' title="bbox 372 5108 1948 5185">
     <span class='ocr_line' id='line_1_98' title="bbox 372 5108 1948 5185; baseline -0.003 -18"><span class='ocrx_word' id='word_1_807' title='bbox 372 5110 722 5185; x_wconf 68' lang='lat' dir='ltr'><strong>legislatione</strong></span> <span class='ocrx_word' id='word_1_808' title='bbox 763 5110 1076 5167; x_wconf 89' lang='lat' dir='ltr'><strong>ostenditur</strong></span> <span class='ocrx_word' id='word_1_809' title='bbox 1110 5129 1125 5164; x_wconf 88' lang='lat'><strong>:</strong></span> <span class='ocrx_word' id='word_1_810' title='bbox 1174 5116 1410 5165; x_wconf 85' lang='lat' dir='ltr'><strong>testatur</strong></span> <span class='ocrx_word' id='word_1_811' title='bbox 1463 5108 1761 5165; x_wconf 85' lang='lat' dir='ltr'><strong>manifeste</strong></span> <span class='ocrx_word' id='word_1_812' title='bbox 1795 5109 1948 5164; x_wconf 88' lang='lat' dir='ltr'><strong>Scri-</strong></span> 
     </span>
    </p>
   </div>
   <div class='ocr_carea' id='block_1_99' title="bbox 371 5199 1945 5274">
    <p class='ocr_par' dir='ltr' id='par_1_99' title="bbox 371 5199 1945 5274">
     <span class='ocr_line' id='line_1_99' title="bbox 371 5199 1945 5274; baseline -0.001 -16"><span class='ocrx_word' id='word_1_813' title='bbox 371 5214 531 5274; x_wconf 69' lang='lat' dir='ltr'><strong>ptura</strong></span> <span class='ocrx_word' id='word_1_814' title='bbox 565 5203 752 5258; x_wconf 92' lang='lat' dir='ltr'><strong>dicens</strong></span> <span class='ocrx_word' id='word_1_815' title='bbox 785 5221 798 5257; x_wconf 88' lang='lat'><strong>:</strong></span> <span class='ocrx_word' id='word_1_816' title='bbox 843 5219 863 5252; x_wconf 73' lang='grc' dir='ltr'><strong>ι</strong></span> <span class='ocrx_word' id='word_1_817' title='bbox 905 5199 1030 5266; x_wconf 83' lang='lat' dir='ltr'><strong>Fuit</strong></span> <span class='ocrx_word' id='word_1_818' title='bbox 1059 5217 1188 5272; x_wconf 89' lang='lat' dir='ltr'><strong>ergo</strong></span> <span class='ocrx_word' id='word_1_819' title='bbox 1211 5201 1475 5258; x_wconf 89' lang='lat' dir='ltr'><strong>Dominus</strong></span> <span class='ocrx_word' id='word_1_820' title='bbox 1497 5217 1622 5257; x_wconf 91' lang='lat' dir='ltr'><strong>cum</strong></span> <span class='ocrx_word' id='word_1_821' title='bbox 1654 5199 1822 5257; x_wconf 88' lang='lat' dir='ltr'><strong>Josue</strong></span> <span class='ocrx_word' id='word_1_822' title='bbox 1847 5203 1945 5267; x_wconf 66' lang='lat' dir='ltr'><strong>“,i</strong></span> 
     </span>
    </p>
   </div>
   <div class='ocr_carea' id='block_1_100' title="bbox 371 5280 1941 5365">
    <p class='ocr_par' dir='ltr' id='par_1_100' title="bbox 371 5280 1941 5365">
     <span class='ocr_line' id='line_1_100' title="bbox 371 5280 1941 5365; baseline 0.003 -20"><span class='ocrx_word' id='word_1_823' title='bbox 371 5290 442 5346; x_wconf 90' lang='lat' dir='ltr'><strong>de</strong></span> <span class='ocrx_word' id='word_1_824' title='bbox 471 5306 580 5362; x_wconf 91' lang='lat' dir='ltr'><strong>quo</strong></span> <span class='ocrx_word' id='word_1_825' title='bbox 612 5280 937 5346; x_wconf 78' lang='lat' dir='ltr'><strong>diceretur:</strong></span> <span class='ocrx_word' id='word_1_826' title='bbox 1000 5310 1020 5344; x_wconf 86' lang='grc'>‹</span> <span class='ocrx_word' id='word_1_827' title='bbox 1075 5291 1217 5348; x_wconf 91' lang='lat' dir='ltr'><strong>Ecce</strong></span> <span class='ocrx_word' id='word_1_828' title='bbox 1271 5309 1372 5365; x_wconf 87' lang='lat' dir='ltr'><strong>ego</strong></span> <span class='ocrx_word' id='word_1_829' title='bbox 1422 5294 1641 5348; x_wconf 85' lang='lat' dir='ltr'><strong>mittam</strong></span> <span class='ocrx_word' id='word_1_830' title='bbox 1688 5295 1941 5365; x_wconf 87' lang='lat' dir='ltr'><strong>angelum</strong></span> 
     </span>
    </p>
   </div>
   <div class='ocr_carea' id='block_1_101' title="bbox 372 5384 1947 5458">
    <p class='ocr_par' dir='ltr' id='par_1_101' title="bbox 372 5384 1947 5458">
     <span class='ocr_line' id='line_1_101' title="bbox 372 5384 1947 5458; baseline 0 -16"><span class='ocrx_word' id='word_1_831' title='bbox 372 5398 556 5442; x_wconf 80' lang='lat' dir='ltr'><strong>meum</strong></span> <span class='ocrx_word' id='word_1_832' title='bbox 584 5385 676 5454; x_wconf 85' lang='lat' dir='ltr'><strong>qui</strong></span> <span class='ocrx_word' id='word_1_833' title='bbox 706 5384 976 5454; x_wconf 58' lang='lat' dir='ltr'><strong>praecedat</strong></span> <span class='ocrx_word' id='word_1_834' title='bbox 1001 5394 1052 5440; x_wconf 90' lang='lat' dir='ltr'><strong>te</strong></span> <span class='ocrx_word' id='word_1_835' title='bbox 1075 5392 1132 5442; x_wconf 88' lang='lat' dir='ltr'><strong>et</strong></span> <span class='ocrx_word' id='word_1_836' title='bbox 1153 5385 1466 5441; x_wconf 90' lang='lat' dir='ltr'><strong>introducat</strong></span> <span class='ocrx_word' id='word_1_837' title='bbox 1496 5387 1554 5441; x_wconf 89' lang='lat' dir='ltr'><strong>in</strong></span> <span class='ocrx_word' id='word_1_838' title='bbox 1581 5387 1761 5440; x_wconf 90' lang='lat' dir='ltr'><strong>locum</strong></span> <span class='ocrx_word' id='word_1_839' title='bbox 1785 5404 1947 5458; x_wconf 88' lang='lat' dir='ltr'><strong>quem</strong></span> 
     </span>
    </p>
   </div>
   <div class='ocr_carea' id='block_1_102' title="bbox 372 5475 1946 5550">
    <p class='ocr_par' dir='ltr' id='par_1_102' title="bbox 372 5475 1946 5550">
     <span class='ocr_line' id='line_1_102' title="bbox 372 5475 1946 5550; baseline 0.004 -22"><span class='ocrx_word' id='word_1_840' title='bbox 372 5475 560 5546; x_wconf 78' lang='lat' dir='ltr'><strong>paravi</strong></span> <span class='ocrx_word' id='word_1_841' title='bbox 588 5476 684 5530; x_wconf 89' lang='lat' dir='ltr'><strong>tibi</strong></span> <span class='ocrx_word' id='word_1_842' title='bbox 720 5477 803 5529; x_wconf 60' lang='lat'><strong>“5?</strong></span> <span class='ocrx_word' id='word_1_843' title='bbox 840 5497 858 5529; x_wconf 77' lang='grc' dir='ltr'><strong>ι</strong></span> <span class='ocrx_word' id='word_1_844' title='bbox 901 5476 1128 5532; x_wconf 84' lang='lat' dir='ltr'><strong>Videtur</strong></span> <span class='ocrx_word' id='word_1_845' title='bbox 1156 5493 1287 5549; x_wconf 83' lang='lat' dir='ltr'><strong>ergo</strong></span> <span class='ocrx_word' id='word_1_846' title='bbox 1317 5494 1425 5532; x_wconf 93' lang='lat' dir='ltr'><strong>non</strong></span> <span class='ocrx_word' id='word_1_847' title='bbox 1457 5479 1624 5534; x_wconf 88' lang='lat' dir='ltr'><strong>alium</strong></span> <span class='ocrx_word' id='word_1_848' title='bbox 1655 5495 1719 5534; x_wconf 87' lang='lat' dir='ltr'><strong>ac</strong></span> <span class='ocrx_word' id='word_1_849' title='bbox 1768 5479 1946 5550; x_wconf 90' lang='lat' dir='ltr'><strong>ipsum</strong></span> 
     </span>
    </p>
   </div>
   <div class='ocr_carea' id='block_1_103' title="bbox 370 5565 1946 5641">
    <p class='ocr_par' dir='ltr' id='par_1_103' title="bbox 370 5565 1946 5641">
     <span class='ocr_line' id='line_1_103' title="bbox 370 5565 1946 5641; baseline 0.003 -19"><span class='ocrx_word' id='word_1_850' title='bbox 370 5565 660 5623; x_wconf 86' lang='lat' dir='ltr'><strong>ostendere</strong></span> <span class='ocrx_word' id='word_1_851' title='bbox 687 5566 874 5624; x_wconf 83' lang='lat' dir='ltr'><strong>Josue.</strong></span> <span class='ocrx_word' id='word_1_852' title='bbox 914 5567 1035 5640; x_wconf 79' lang='lat' dir='ltr'><strong>Ipse</strong></span> <span class='ocrx_word' id='word_1_853' title='bbox 1068 5569 1215 5624; x_wconf 88' lang='lat' dir='ltr'><strong>cnim</strong></span> <span class='ocrx_word' id='word_1_854' title='bbox 1245 5570 1400 5626; x_wconf 82' lang='lat' dir='ltr'><strong>duxit</strong></span> <span class='ocrx_word' id='word_1_855' title='bbox 1429 5572 1690 5641; x_wconf 89' lang='lat' dir='ltr'><strong>populum</strong></span> <span class='ocrx_word' id='word_1_856' title='bbox 1729 5571 1785 5626; x_wconf 91' lang='lat' dir='ltr'><strong>in</strong></span> <span class='ocrx_word' id='word_1_857' title='bbox 1825 5586 1946 5641; x_wconf 87' lang='lat' dir='ltr'><strong>pro-</strong></span> 
     </span>
    </p>
   </div>
   <div class='ocr_carea' id='block_1_104' title="bbox 441 5678 1554 5750">
    <p class='ocr_par' dir='ltr' id='par_1_104' title="bbox 441 5678 1554 5750">
     <span class='ocr_line' id='line_1_104' title="bbox 441 5678 1554 5750; baseline 0.007 -18"><span class='ocrx_word' id='word_1_858' title='bbox 441 5680 464 5711; x_wconf 82' lang='grc'>⁸</span> <span class='ocrx_word' id='word_1_859' title='bbox 502 5678 673 5737; x_wconf 75' lang='lat' dir='ltr'><strong>Exod.</strong></span> <span class='ocrx_word' id='word_1_860' title='bbox 709 5697 876 5748; x_wconf 77' lang='lat' dir='ltr'><strong>mu,</strong></span> <span class='ocrx_word' id='word_1_861' title='bbox 912 5683 1000 5739; x_wconf 79' lang='grc'><strong>15.</strong></span> <span class='ocrx_word' id='word_1_862' title='bbox 1076 5685 1098 5717; x_wconf 79' lang='grc'><strong>⁹</strong></span> <span class='ocrx_word' id='word_1_863' title='bbox 1134 5683 1307 5740; x_wconf 84' lang='lat' dir='ltr'><strong>Exod.</strong></span> <span class='ocrx_word' id='word_1_864' title='bbox 1337 5702 1428 5750; x_wconf 81' lang='lat' dir='ltr'><strong>xx,</strong></span> <span class='ocrx_word' id='word_1_865' title='bbox 1464 5684 1554 5740; x_wconf 68' lang='grc'>24.</span> 
     </span>
    </p>
   </div>
   <div class='ocr_carea' id='block_1_105' title="bbox 376 5750 1110 5828">
    <p class='ocr_par' dir='ltr' id='par_1_105' title="bbox 376 5750 1110 5828">
     <span class='ocr_line' id='line_1_105' title="bbox 376 5750 1110 5828; baseline 0.007 -24"><span class='ocrx_word' id='word_1_866' title='bbox 376 5767 434 5816; x_wconf 73' lang='grc' dir='ltr'><strong>ι,</strong></span> <span class='ocrx_word' id='word_1_867' title='bbox 464 5750 541 5816; x_wconf 77' lang='lat'><strong>5,</strong></span> <span class='ocrx_word' id='word_1_868' title='bbox 568 5750 622 5807; x_wconf 85' lang='lat'><em>6.</em></span> <span class='ocrx_word' id='word_1_869' title='bbox 700 5753 744 5784; x_wconf 77' lang='lat'>“</span> <span class='ocrx_word' id='word_1_870' title='bbox 779 5751 894 5810; x_wconf 81' lang='lat' dir='ltr'><strong>Jos.</strong></span> <span class='ocrx_word' id='word_1_871' title='bbox 929 5771 982 5821; x_wconf 75' lang='grc' dir='ltr'><strong>ν,</strong></span> <span class='ocrx_word' id='word_1_872' title='bbox 1023 5754 1110 5828; x_wconf 71' lang='lat' dir='ltr'><strong>l3.</strong></span> 
     </span>
    </p>
   </div>
   <div class='ocr_carea' id='block_1_106' title="bbox 2072 4651 3659 4725">
    <p class='ocr_par' dir='ltr' id='par_1_106' title="bbox 2072 4651 3659 4725">
     <span class='ocr_line' id='line_1_106' title="bbox 2072 4651 3659 4725; baseline -0.001 -19"><span class='ocrx_word' id='word_1_873' title='bbox 2072 4653 2325 4725; x_wconf 71' lang='grc' dir='ltr'>Ἀϐραὰμ</span> <span class='ocrx_word' id='word_1_874' title='bbox 2353 4653 2448 4706; x_wconf 68' lang='grc' dir='ltr'>καὶ</span> <span class='ocrx_word' id='word_1_875' title='bbox 2478 4651 2554 4723; x_wconf 80' lang='grc' dir='ltr'>τῷ</span> <span class='ocrx_word' id='word_1_876' title='bbox 2583 4652 2780 4706; x_wconf 74' lang='grc' dir='ltr'>Ἰακὼϐ</span> <span class='ocrx_word' id='word_1_877' title='bbox 2810 4653 3250 4723; x_wconf 86' lang='grc' dir='ltr'>ἀναγέγραπται,</span> <span class='ocrx_word' id='word_1_878' title='bbox 3274 4653 3417 4706; x_wconf 85' lang='grc' dir='ltr'>οῦτω</span> <span class='ocrx_word' id='word_1_879' title='bbox 3443 4655 3538 4706; x_wconf 71' lang='grc' dir='ltr'><strong>καὶ</strong></span> <span class='ocrx_word' id='word_1_880' title='bbox 3564 4654 3659 4706; x_wconf 79' lang='grc' dir='ltr'><strong>νῦν</strong></span> 
     </span>
    </p>
   </div>
   <div class='ocr_carea' id='block_1_107' title="bbox 2058 4745 3660 4817">
    <p class='ocr_par' dir='ltr' id='par_1_107' title="bbox 2058 4745 3660 4817">
     <span class='ocr_line' id='line_1_107' title="bbox 2058 4745 3660 4817; baseline 0.001 -19"><span class='ocrx_word' id='word_1_881' title='bbox 2058 4746 2151 4800; x_wconf 72' lang='grc' dir='ltr'>ἐπὶ</span> <span class='ocrx_word' id='word_1_882' title='bbox 2176 4745 2575 4816; x_wconf 80' lang='grc' dir='ltr'>τῷπαιδεῦσαι</span> <span class='ocrx_word' id='word_1_883' title='bbox 2604 4746 2694 4798; x_wconf 88' lang='grc' dir='ltr'><strong>τὸν</strong></span> <span class='ocrx_word' id='word_1_884' title='bbox 2722 4746 3031 4817; x_wconf 79' lang='grc' dir='ltr'>Οεράποντα</span> <span class='ocrx_word' id='word_1_885' title='bbox 3076 4745 3150 4816; x_wconf 81' lang='grc' dir='ltr'><strong>μὴ</strong></span> <span class='ocrx_word' id='word_1_886' title='bbox 3190 4746 3352 4798; x_wconf 79' lang='grc' dir='ltr'>αὑτὸν</span> <span class='ocrx_word' id='word_1_887' title='bbox 3401 4747 3660 4815; x_wconf 73' lang='grc' dir='ltr'>ἡγεῖσθαι</span> 
     </span>
    </p>
   </div>
   <div class='ocr_carea' id='block_1_108' title="bbox 2054 4833 3658 4912">
    <p class='ocr_par' dir='ltr' id='par_1_108' title="bbox 2054 4833 3658 4912">
     <span class='ocr_line' id='line_1_108' title="bbox 2054 4833 3658 4912; baseline 0 -20"><span class='ocrx_word' id='word_1_888' title='bbox 2054 4840 2146 4893; x_wconf 88' lang='grc' dir='ltr'><strong>τὸν</strong></span> <span class='ocrx_word' id='word_1_889' title='bbox 2175 4840 2390 4912; x_wconf 85' lang='grc' dir='ltr'>πρῶτον</span> <span class='ocrx_word' id='word_1_890' title='bbox 2422 4839 2516 4892; x_wconf 76' lang='grc' dir='ltr'><strong>καὶ</strong></span> <span class='ocrx_word' id='word_1_891' title='bbox 2542 4838 2806 4908; x_wconf 83' lang='grc' dir='ltr'>ἀγένητον</span> <span class='ocrx_word' id='word_1_892' title='bbox 2833 4833 2970 4891; x_wconf 78' lang='grc' dir='ltr'>εἶναι</span> <span class='ocrx_word' id='word_1_893' title='bbox 3012 4839 3165 4904; x_wconf 78' lang='grc' dir='ltr'>Θεὸν,</span> <span class='ocrx_word' id='word_1_894' title='bbox 3207 4839 3320 4892; x_wconf 86' lang='grc' dir='ltr'>ἀλλ’</span> <span class='ocrx_word' id='word_1_895' title='bbox 3353 4841 3658 4911; x_wconf 73' lang='grc' dir='ltr'>ἀρχιστρά-</span> 
     </span>
    </p>
   </div>
   <div class='ocr_carea' id='block_1_109' title="bbox 2055 4929 3656 5004">
    <p class='ocr_par' dir='ltr' id='par_1_109' title="bbox 2055 4929 3656 5004">
     <span class='ocr_line' id='line_1_109' title="bbox 2055 4929 3656 5004; baseline 0 -20"><span class='ocrx_word' id='word_1_896' title='bbox 2055 4949 2224 5004; x_wconf 83' lang='grc' dir='ltr'>τηγον</span> <span class='ocrx_word' id='word_1_897' title='bbox 2256 4933 2353 5003; x_wconf 82' lang='grc' dir='ltr'>τῆς</span> <span class='ocrx_word' id='word_1_898' title='bbox 2387 4932 2599 4984; x_wconf 77' lang='grc' dir='ltr'>ἐκείνου</span> <span class='ocrx_word' id='word_1_899' title='bbox 2634 4929 2914 4998; x_wconf 83' lang='grc' dir='ltr'>δυνάμεως</span> <span class='ocrx_word' id='word_1_900' title='bbox 2959 4931 3343 5000; x_wconf 75' lang='grc' dir='ltr'>ἀποφαίνεται.</span> <span class='ocrx_word' id='word_1_901' title='bbox 3385 4931 3450 4984; x_wconf 85' lang='grc' dir='ltr'><strong>ΕΞ</strong></span> <span class='ocrx_word' id='word_1_902' title='bbox 3471 4933 3536 5002; x_wconf 75' lang='grc' dir='ltr'><strong>δὴ</strong></span> <span class='ocrx_word' id='word_1_903' title='bbox 3561 4929 3656 4985; x_wconf 70' lang='grc' dir='ltr'><strong>οὖν</strong></span> 
     </span>
    </p>
   </div>
   <div class='ocr_carea' id='block_1_110' title="bbox 2054 5021 3652 5095">
    <p class='ocr_par' dir='ltr' id='par_1_110' title="bbox 2054 5021 3652 5095">
     <span class='ocr_line' id='line_1_110' title="bbox 2054 5021 3652 5095; baseline 0 -19"><span class='ocrx_word' id='word_1_904' title='bbox 2054 5023 2143 5076; x_wconf 77' lang='grc' dir='ltr'>διὰ</span> <span class='ocrx_word' id='word_1_905' title='bbox 2171 5023 2352 5093; x_wconf 82' lang='grc' dir='ltr'>πάσης</span> <span class='ocrx_word' id='word_1_906' title='bbox 2395 5023 2492 5093; x_wconf 80' lang='grc' dir='ltr'><strong>τῆς</strong></span> <span class='ocrx_word' id='word_1_907' title='bbox 2517 5021 2607 5075; x_wconf 86' lang='grc' dir='ltr'><strong>τοῦ</strong></span> <span class='ocrx_word' id='word_1_908' title='bbox 2644 5021 2818 5092; x_wconf 87' lang='grc' dir='ltr'>Ἰησοῦ</span> <span class='ocrx_word' id='word_1_909' title='bbox 2863 5022 3082 5093; x_wconf 78' lang='grc' dir='ltr'>γραφῆς</span> <span class='ocrx_word' id='word_1_910' title='bbox 3134 5021 3364 5092; x_wconf 64' lang='grc' dir='ltr'>ἅγγελος</span> <span class='ocrx_word' id='word_1_911' title='bbox 3411 5025 3510 5095; x_wconf 80' lang='grc' dir='ltr'><strong>μὲν</strong></span> <span class='ocrx_word' id='word_1_912' title='bbox 3544 5025 3652 5077; x_wconf 71' lang='grc' dir='ltr'>οὐδ’</span> 
     </span>
    </p>
   </div>
   <div class='ocr_carea' id='block_1_111' title="bbox 2054 5114 3655 5188">
    <p class='ocr_par' dir='ltr' id='par_1_111' title="bbox 2054 5114 3655 5188">
     <span class='ocr_line' id='line_1_111' title="bbox 2054 5114 3655 5188; baseline -0.003 -18"><span class='ocrx_word' id='word_1_913' title='bbox 2054 5117 2192 5180; x_wconf 86' lang='grc' dir='ltr'>ὅλως</span> <span class='ocrx_word' id='word_1_914' title='bbox 2225 5117 2415 5188; x_wconf 89' lang='grc' dir='ltr'>παρὼν</span> <span class='ocrx_word' id='word_1_915' title='bbox 2440 5115 2789 5186; x_wconf 81' lang='grc' dir='ltr'>ὀνομάζεται,</span> <span class='ocrx_word' id='word_1_916' title='bbox 2822 5114 2935 5168; x_wconf 85' lang='grc' dir='ltr'>ἀλλ’</span> <span class='ocrx_word' id='word_1_917' title='bbox 2959 5115 3122 5179; x_wconf 75' lang='grc' dir='ltr'>αὐτὸς</span> <span class='ocrx_word' id='word_1_918' title='bbox 3154 5118 3181 5168; x_wconf 86' lang='grc' dir='ltr'>ὁ</span> <span class='ocrx_word' id='word_1_919' title='bbox 3211 5116 3299 5168; x_wconf 76' lang='grc' dir='ltr'><strong>διὰ</strong></span> <span class='ocrx_word' id='word_1_920' title='bbox 3333 5117 3520 5187; x_wconf 72' lang='grc' dir='ltr'>πάσης</span> <span class='ocrx_word' id='word_1_921' title='bbox 3553 5117 3655 5186; x_wconf 68' lang='grc' dir='ltr'>τῆς</span> 
     </span>
    </p>
   </div>
   <div class='ocr_carea' id='block_1_112' title="bbox 2055 5206 3652 5279">
    <p class='ocr_par' dir='ltr' id='par_1_112' title="bbox 2055 5206 3652 5279">
     <span class='ocr_line' id='line_1_112' title="bbox 2055 5206 3652 5279; baseline -0.001 -18"><span class='ocrx_word' id='word_1_922' title='bbox 2055 5207 2208 5278; x_wconf 84' lang='grc' dir='ltr'><strong>παρά</strong></span> <span class='ocrx_word' id='word_1_923' title='bbox 2238 5209 2463 5261; x_wconf 81' lang='grc' dir='ltr'>Μωῦσεῖ</span> <span class='ocrx_word' id='word_1_924' title='bbox 2481 5206 2802 5277; x_wconf 82' lang='grc' dir='ltr'>νομοθεσίας</span> <span class='ocrx_word' id='word_1_925' title='bbox 2823 5206 3150 5277; x_wconf 80' lang='grc' dir='ltr'>δηλοῦμενος</span> <span class='ocrx_word' id='word_1_926' title='bbox 3174 5207 3379 5277; x_wconf 78' lang='grc' dir='ltr'>Κύριος</span> <span class='ocrx_word' id='word_1_927' title='bbox 3395 5225 3408 5237; x_wconf 89' lang='grc'><strong>·</strong></span> <span class='ocrx_word' id='word_1_928' title='bbox 3446 5225 3652 5279; x_wconf 80' lang='grc' dir='ltr'>μαρτυ-</span> 
     </span>
    </p>
   </div>
   <div class='ocr_carea' id='block_1_113' title="bbox 2058 5295 3650 5372">
    <p class='ocr_par' dir='ltr' id='par_1_113' title="bbox 2058 5295 3650 5372">
     <span class='ocr_line' id='line_1_113' title="bbox 2058 5295 3650 5372; baseline -0.002 -20"><span class='ocrx_word' id='word_1_929' title='bbox 2058 5303 2142 5372; x_wconf 82' lang='grc' dir='ltr'><strong>ρεῖ</strong></span> <span class='ocrx_word' id='word_1_930' title='bbox 2176 5298 2306 5370; x_wconf 90' lang='grc' dir='ltr'>γοῦν</span> <span class='ocrx_word' id='word_1_931' title='bbox 2335 5299 2522 5369; x_wconf 84' lang='grc' dir='ltr'>σαφῶς</span> <span class='ocrx_word' id='word_1_932' title='bbox 2578 5301 2611 5371; x_wconf 90' lang='grc' dir='ltr'><strong>ἡ</strong></span> <span class='ocrx_word' id='word_1_933' title='bbox 2643 5299 2833 5371; x_wconf 77' lang='grc' dir='ltr'>Γραφὴ</span> <span class='ocrx_word' id='word_1_934' title='bbox 2881 5299 3136 5368; x_wconf 75' lang='grc' dir='ltr'>λέγουσαο</span> <span class='ocrx_word' id='word_1_935' title='bbox 3172 5318 3190 5348; x_wconf 77' lang='grc' dir='ltr'><strong>ι</strong></span> <span class='ocrx_word' id='word_1_936' title='bbox 3220 5301 3332 5352; x_wconf 81' lang='grc' dir='ltr'><strong>Καὶ</strong></span> <span class='ocrx_word' id='word_1_937' title='bbox 3358 5295 3425 5369; x_wconf 87' lang='grc' dir='ltr'>ἦν</span> <span class='ocrx_word' id='word_1_938' title='bbox 3445 5299 3650 5369; x_wconf 77' lang='grc' dir='ltr'>Κύριος</span> 
     </span>
    </p>
   </div>
   <div class='ocr_carea' id='block_1_114' title="bbox 2056 5389 3646 5462">
    <p class='ocr_par' dir='ltr' id='par_1_114' title="bbox 2056 5389 3646 5462">
     <span class='ocr_line' id='line_1_114' title="bbox 2056 5389 3646 5462; baseline -0.002 -19"><span class='ocrx_word' id='word_1_939' title='bbox 2056 5390 2195 5462; x_wconf 79' lang='grc' dir='ltr'>μετὰ</span> <span class='ocrx_word' id='word_1_940' title='bbox 2230 5390 2403 5461; x_wconf 88' lang='grc' dir='ltr'>Ἰησοῦ</span> <span class='ocrx_word' id='word_1_941' title='bbox 2425 5408 2437 5420; x_wconf 89' lang='grc'><strong>·</strong></span> <span class='ocrx_word' id='word_1_942' title='bbox 2477 5411 2495 5442; x_wconf 71' lang='grc' dir='ltr'><strong>ι</strong></span> <span class='ocrx_word' id='word_1_943' title='bbox 2531 5391 2673 5454; x_wconf 88' lang='grc' dir='ltr'>τίνος</span> <span class='ocrx_word' id='word_1_944' title='bbox 2718 5389 2783 5444; x_wconf 86' lang='grc' dir='ltr'>ἂν</span> <span class='ocrx_word' id='word_1_945' title='bbox 2816 5389 3058 5460; x_wconf 86' lang='grc' dir='ltr'>λέγοιτο·</span> <span class='ocrx_word' id='word_1_946' title='bbox 3106 5409 3125 5441; x_wconf 76' lang='grc' dir='ltr'><strong>ι</strong></span> <span class='ocrx_word' id='word_1_947' title='bbox 3151 5390 3283 5443; x_wconf 81' lang='grc' dir='ltr'>Ἰδοὺ</span> <span class='ocrx_word' id='word_1_948' title='bbox 3329 5390 3646 5444; x_wconf 80' lang='grc' dir='ltr'>ἀποστέλλω</span> 
     </span>
    </p>
   </div>
   <div class='ocr_carea' id='block_1_115' title="bbox 2052 5482 3642 5554">
    <p class='ocr_par' dir='ltr' id='par_1_115' title="bbox 2052 5482 3642 5554">
     <span class='ocr_line' id='line_1_115' title="bbox 2052 5482 3642 5554; baseline -0.002 -18"><span class='ocrx_word' id='word_1_949' title='bbox 2052 5484 2144 5536; x_wconf 88' lang='grc' dir='ltr'><strong>τὸν</strong></span> <span class='ocrx_word' id='word_1_950' title='bbox 2179 5483 2411 5551; x_wconf 83' lang='grc' dir='ltr'>ἄγγελόν</span> <span class='ocrx_word' id='word_1_951' title='bbox 2445 5501 2547 5551; x_wconf 89' lang='grc' dir='ltr'><strong>μου</strong></span> <span class='ocrx_word' id='word_1_952' title='bbox 2584 5483 2689 5554; x_wconf 74' lang='grc' dir='ltr'>πρὸ</span> <span class='ocrx_word' id='word_1_953' title='bbox 2715 5482 3008 5554; x_wconf 87' lang='grc' dir='ltr'>προσώπου</span> <span class='ocrx_word' id='word_1_954' title='bbox 3044 5500 3160 5548; x_wconf 76' lang='grc' dir='ltr'>σου,</span> <span class='ocrx_word' id='word_1_955' title='bbox 3191 5484 3343 5546; x_wconf 84' lang='grc' dir='ltr'>ὅπως</span> <span class='ocrx_word' id='word_1_956' title='bbox 3371 5484 3554 5554; x_wconf 76' lang='grc' dir='ltr'>ἀγάγῃ</span> <span class='ocrx_word' id='word_1_957' title='bbox 3585 5498 3642 5533; x_wconf 89' lang='grc' dir='ltr'><strong>σε</strong></span> 
     </span>
    </p>
   </div>
   <div class='ocr_carea' id='block_1_116' title="bbox 2055 5572 3639 5646">
    <p class='ocr_par' dir='ltr' id='par_1_116' title="bbox 2055 5572 3639 5646">
     <span class='ocr_line' id='line_1_116' title="bbox 2055 5572 3639 5646; baseline 0 -20"><span class='ocrx_word' id='word_1_958' title='bbox 2055 5575 2132 5638; x_wconf 78' lang='grc' dir='ltr'>εἰς</span> <span class='ocrx_word' id='word_1_959' title='bbox 2166 5574 2266 5646; x_wconf 80' lang='grc' dir='ltr'><strong>τὴν</strong></span> <span class='ocrx_word' id='word_1_960' title='bbox 2294 5573 2422 5644; x_wconf 75' lang='grc' dir='ltr'>γῆν,</span> <span class='ocrx_word' id='word_1_961' title='bbox 2447 5574 2515 5645; x_wconf 77' lang='grc' dir='ltr'>ἢν</span> <span class='ocrx_word' id='word_1_962' title='bbox 2545 5574 2818 5646; x_wconf 84' lang='grc' dir='ltr'>ἡτοίμασά</span> <span class='ocrx_word' id='word_1_963' title='bbox 2843 5591 2961 5640; x_wconf 87' lang='grc' dir='ltr'>σοι;</span> <span class='ocrx_word' id='word_1_964' title='bbox 2995 5593 3012 5625; x_wconf 76' lang='grc' dir='ltr'><strong>ι</strong></span> <span class='ocrx_word' id='word_1_965' title='bbox 3046 5575 3263 5628; x_wconf 87' lang='grc' dir='ltr'>Ἔοικεν</span> <span class='ocrx_word' id='word_1_966' title='bbox 3286 5572 3382 5629; x_wconf 73' lang='grc' dir='ltr'>οὖν</span> <span class='ocrx_word' id='word_1_967' title='bbox 3404 5576 3494 5630; x_wconf 65' lang='grc' dir='ltr'><strong>διὰ</strong></span> <span class='ocrx_word' id='word_1_968' title='bbox 3519 5573 3639 5628; x_wconf 77' lang='grc' dir='ltr'>τού-</span> 
     </span>
    </p>
   </div>
   <div class='ocr_carea' id='block_1_117' title="bbox 1635 5686 1956 5755">
    <p class='ocr_par' dir='ltr' id='par_1_117' title="bbox 1635 5686 1938 5750">
     <span class='ocr_line' id='line_1_117' title="bbox 1635 5686 1938 5750; baseline -0.003 -10"><span class='ocrx_word' id='word_1_969' title='bbox 1635 5687 1677 5717; x_wconf 86' lang='grc'><strong>¹⁰</strong></span> <span class='ocrx_word' id='word_1_970' title='bbox 1716 5686 1847 5741; x_wconf 89' lang='lat' dir='ltr'><strong>ibid.</strong></span> <span class='ocrx_word' id='word_1_971' title='bbox 1888 5687 1938 5750; x_wconf 85' lang='lat'><strong>7,</strong></span> 
     </span>
    </p>
   </div>
   <div class='ocr_carea' id='block_1_118' title="bbox 2071 5686 3637 5755">
    <p class='ocr_par' dir='ltr' id='par_1_118' title="bbox 2094 5686 3637 5755">
     <span class='ocr_line' id='line_1_118' title="bbox 2094 5686 3637 5755; baseline 0.004 -15"><span class='ocrx_word' id='word_1_972' title='bbox 2094 5688 2180 5743; x_wconf 79' lang='lat' dir='ltr'><strong>ll.</strong></span> <span class='ocrx_word' id='word_1_973' title='bbox 2260 5689 2301 5720; x_wconf 90' lang='grc'>¹¹</span> <span class='ocrx_word' id='word_1_974' title='bbox 2343 5689 2474 5746; x_wconf 92' lang='lat' dir='ltr'><strong>ibid.</strong></span> <span class='ocrx_word' id='word_1_975' title='bbox 2512 5688 2599 5744; x_wconf 75' lang='lat' dir='ltr'><strong>l2.</strong></span> <span class='ocrx_word' id='word_1_976' title='bbox 2677 5691 2720 5722; x_wconf 75' lang='grc' dir='ltr'>ί·</span> <span class='ocrx_word' id='word_1_977' title='bbox 2760 5686 2932 5743; x_wconf 78' lang='lat' dir='ltr'><strong>Exod.</strong></span> <span class='ocrx_word' id='word_1_978' title='bbox 2956 5702 3116 5755; x_wconf 75' lang='lat' dir='ltr'><strong>nni,</strong></span> <span class='ocrx_word' id='word_1_979' title='bbox 3149 5687 3360 5754; x_wconf 66' lang='lat'><strong>20,21.</strong></span> <span class='ocrx_word' id='word_1_980' title='bbox 3442 5692 3484 5722; x_wconf 84' lang='grc'><strong>¹³</strong></span> <span class='ocrx_word' id='word_1_981' title='bbox 3520 5689 3637 5746; x_wconf 69' lang='lat' dir='ltr'><strong>los.</strong></span> 
     </span>
    </p>
   </div>
   <div class='ocr_carea' id='block_1_119' title="bbox 1225 5754 2314 5825">
    <p class='ocr_par' dir='ltr' id='par_1_119' title="bbox 1225 5754 2314 5825">
     <span class='ocr_line' id='line_1_119' title="bbox 1225 5754 2314 5825; baseline 0.004 -15"><span class='ocrx_word' id='word_1_982' title='bbox 1225 5755 1268 5787; x_wconf 75' lang='grc'><strong>³⁵</strong></span> <span class='ocrx_word' id='word_1_983' title='bbox 1301 5754 1415 5811; x_wconf 84' lang='lat' dir='ltr'><strong>Jos.</strong></span> <span class='ocrx_word' id='word_1_984' title='bbox 1453 5773 1524 5823; x_wconf 73' lang='grc' dir='ltr'>γι,</span> <span class='ocrx_word' id='word_1_985' title='bbox 1560 5756 1649 5813; x_wconf 71' lang='grc'><strong>27.</strong></span> <span class='ocrx_word' id='word_1_986' title='bbox 1732 5759 1774 5788; x_wconf 65' lang='grc'><strong>’⁸</strong></span> <span class='ocrx_word' id='word_1_987' title='bbox 1814 5756 1984 5813; x_wconf 85' lang='lat' dir='ltr'><strong>Exod.</strong></span> <span class='ocrx_word' id='word_1_988' title='bbox 2020 5775 2154 5813; x_wconf 63' lang='grc' dir='ltr'>χχιιι</span> <span class='ocrx_word' id='word_1_989' title='bbox 2178 5800 2191 5825; x_wconf 86' lang='grc'><strong>,</strong></span> <span class='ocrx_word' id='word_1_990' title='bbox 2223 5759 2314 5814; x_wconf 69' lang='lat'><strong>20.</strong></span> 
     </span>
    </p>
   </div>
  </div>
