3840 6222
241 306 388 361 1057

1304 295 1597 356 ECLOGA;
1635 272 2132 352 PROPHETlC/E.
2172 325 2240 334 -
2280 293 2406 348 Lm.
2443 292 2482 346 ι.

3378 292 3516 353 1058

238 446 356 482 των
389 428 489 481 οὐκ
516 426 672 482 ἄλλον
695 425 812 480 ἀλλ’
840 425 1003 480 αὐτὸν
1039 425 1235 498 δηλοῦν
1275 425 1366 478 τὸν
1395 422 1602 496 Ἰησοῦν
1621 439 1633 452 °
1671 412 1824 480 αὐτδς

1943 420 2226 477 missionis
2276 429 2517 486 terram,
2575 423 2718 476 sicut
2768 423 3068 478 ostendunt
3123 421 3191 478 ad
3243 437 3368 478 cum
3417 421 3516 479 Dei

238 521 356 593 γὰρ
389 521 682 591 εἰσήγαγεν
707 524 797 573 τὴν
823 519 950 573 λαὸν
981 523 1058 583 είς
1091 519 1190 590 τὴν
1214 519 1319 588 γῆν
1343 519 1442 589 τῆς
1472 515 1828 585 ἐπαγγελίας,

235 611 320 676 ὡς
353 613 447 665 καὶ
480 613 535 664 αί
564 611 703 684 πρὸς
741 609 902 664 αὑτὸν
929 609 1181 680 δηλοῦσιν
1226 608 1322 662 τοῦ
1359 607 1495 662 Θεοῦ
1525 608 1701 677 φωναδ⁹
1739 605 1829 658 λέ-

237 721 453 774 γοντοςο
491 723 512 756 ι
544 706 724 774 Ἴσχυε
749 703 845 757 καὶ
873 703 1152 773 ἀνδρίζου·
1188 703 1251 755 σὺ
1283 700 1394 773 γὰρ
1423 698 1830 762 ἀποδιαστελείς

238 799 323 870 τῷ
360 797 474 869 λαῷ
522 798 694 868 τούτῳ
739 797 839 869 τὴν
884 797 1008 867 γῆν,
1052 797 1118 867 ἢν
1165 794 1355 866 ὤμοσα
1401 797 1514 857 τοῖς
1555 791 1829 864 πατράσιν

239 893 274 943 ὑ
283 891 400 961 μῶν
430 891 556 960 περί
581 888 768 942 αὐτοῦ.
801 907 818 934 ι
851 889 995 959 Ἀρα
1019 887 1473 960 προδιατάσσεται
1493 885 1571 956 τῷ
1595 885 1711 956 λαῷ
1737 885 1827 938 λέ-

236 997 376 1049 γων·
421 1000 438 1031 ι
468 981 708 1051 Πρόσεχε
749 978 936 1050 αὐτῷ,
987 981 1082 1033 καὶ
1131 978 1446 1032 εἰσάκουσον
1499 977 1699 1031 αὐτοῦ’
1752 977 1827 1049 μὴ

238 1071 460 1125 ἀπείθει
498 1073 554 1124 ὲν
583 1070 748 1142 αὐτῷ.
787 1090 805 1122 ›
862 1072 936 1123 Ού
979 1069 1062 1123 δεῖ
1102 1071 1157 1123 δὲ
1189 1070 1491 1142 θαυμάζειν
1517 1072 1566 1122 εἰ
1598 1069 1828 1138 ἄγγελον

239 1163 404 1216 αὑτὸν
429 1163 800 1232 ἐπωνόμασεν,
829 1161 951 1214 ἐπεὶ
975 1161 1070 1214 καὶ
1099 1161 1349 1231 Ἰωάννην
1370 1159 1548 1229 τούτῳ
1571 1159 1728 1212 καλεῖ
1749 1158 1828 1228 τῷ

239 1254 596 1325 προσρήματι
621 1254 654 1323 ἡ
689 1253 972 1321 φάσκουσα
1004 1252 1329 1324 προφητείαο
1366 1270 1385 1303 ι
1409 1252 1538 1305 Ἰδοὺ
1560 1251 1670 1319 ἐγὼ
1694 1251 1827 1304 ἁπο-

248 1344 458 1398 στέλλω
498 1343 590 1396 τὸν
628 1343 857 1412 ἄγγελόν
899 1361 1000 1414 μου
1026 1345 1132 1414 πρὸ
1160 1342 1456 1416 προσώπου
1485 1361 1600 1409 σου,
1627 1345 1686 1407 ὃς
1725 1363 1826 1398 κα-

240 1439 572 1492 τασκευάσει
600 1436 698 1508 τὴν
727 1437 846 1490 ὀδόν
879 1453 981 1507 μου
1003 1436 1314 1508 ἔμπροσθέν
1337 1453 1453 1490 σου.
1488 1455 1504 1487 ι
1543 1437 1604 1489 Εἰ
1625 1436 1668 1488 δ’
1691 1437 1828 1501 ὅλως

242 1532 324 1593 εξς
353 1528 555 1600 Ἰησοῦν
589 1527 913 1600 ἀναφέροιτο
959 1527 1055 1580 τὸν
1096 1527 1190 1580 τοῦ
1238 1528 1397 1598 Ναυῆ
1450 1527 1521 1580 τὰ
1562 1545 1825 1599 προεκτε-

243 1622 431 1687 θέντα,
462 1622 563 1693 ὅρα
587 1620 704 1684 πῶς
728 1620 855 1691 περὶ
885 1619 1050 1672 αὐτοῦ
1077 1636 1241 1691 φησιν
1261 1621 1290 1673 ὁ
1317 1619 1540 1691 Κύριος·
1577 1640 1596 1674 ι
1623 1619 1696 1673 Τὸ
1718 1618 1827 1688 γὰρ

1938 515 2105 570 verba
2135 515 2369 571 dicentis
2403 536 2414 571 :
2447 536 2465 568 ι
2519 515 2845 572 Confortare
2877 525 2933 572 et
2961 526 3080 572 esto
3107 518 3368 573 robustus
3406 536 3420 572 :
3455 524 3516 571 tu

1936 607 2083 661 enim
2141 615 2290 663 sorte
2322 607 2535 665 divides
2584 609 2787 680 populo
2840 609 2968 664 huic
3012 620 3238 674 terram,
3272 625 3374 681 pro
3404 625 3515 680 qua

1931 697 2114 767 juravi
2149 697 2397 768 patribus
2438 699 2571 766 tuis,
2605 707 2667 754 ut
2708 699 2980 755 traderem
3014 715 3137 756 eam
3181 701 3312 756 illis.
3352 718 3372 753 ι
3407 699 3515 755 Po-

1935 790 2066 860 pulo
2097 790 2263 861 igitur
2283 791 2529 860 praecipit
2557 791 2750 848 dicens
2775 810 2788 846 :
2829 811 2847 843 ι
2879 791 3121 848 Observa
3151 808 3276 848 eum
3304 801 3360 848 et
3382 793 3513 848 audi

1934 897 2125 937 vocem
2179 881 2321 952 ejus,
2375 897 2478 937 nec
2521 885 2980 939 contemnendum
3029 895 3186 956 putes
3218 886 3282 940 ".
3318 904 3337 938 ι
3390 884 3514 940 Non

1934 982 2116 1029 autem
2147 973 2457 1029 mirandum
2481 983 2566 1030 est
2586 976 2632 1032 si
2672 978 2925 1046 angelum
2957 994 3081 1032 eum
3118 979 3510 1044 nominaverit,

1935 1082 2060 1120 cum
2095 1066 2359 1124 Joannem
2414 1069 2518 1124 hac
2565 1070 3008 1126 denominatione
3034 1081 3192 1127 vocet
3223 1073 3512 1143 prophetia

1935 1157 2022 1214 his
2052 1160 2236 1216 verbis
2270 1179 2283 1216 :
2322 1179 2342 1212 ι
2378 1161 2518 1217 Ecce
2547 1177 2649 1234 ego
2677 1164 2837 1218 mitto
2870 1166 3124 1234 angelum
3175 1181 3356 1220 meum
3383 1175 3513 1220 ante

1936 1249 2134 1308 faciem
2189 1261 2359 1320 tuam,
2414 1255 2508 1325 qui
2560 1256 2888 1325 praeparabit
2953 1257 3098 1310 viam
3149 1274 3328 1313 meam
3383 1268 3515 1314 ante

1934 1351 1989 1396 te
2024 1343 2088 1397 ¹⁸.
2131 1363 2150 1395 ι
2183 1343 2341 1410 Quod
2375 1345 2421 1398 si
2473 1345 2636 1416 plane
2664 1345 2732 1399 ad
2759 1344 2925 1400 Josuc
2957 1345 3124 1400 filium
3158 1346 3280 1402 Nun
3315 1350 3513 1418 praeci—

1934 1443 2048 1488 tata
2098 1442 2372 1504 spectant,
2431 1437 2784 1506 perspicuum
2839 1444 2924 1491 est
2971 1451 3073 1490 cur
3116 1437 3183 1490 de
3215 1452 3280 1493 eo
3312 1437 3516 1492 dixerit

1936 1524 2198 1582 Dominus
2231 1546 2246 1582 :
2286 1545 2306 1579 ι
2345 1526 2412 1582 Ει
2440 1537 2524 1584 est
2555 1543 2755 1583 nomen
2782 1544 2962 1583 meum
2989 1527 3044 1582 in
3077 1528 3168 1581 illo
3188 1529 3248 1582 ιο.
3289 1548 3309 1581 ι
3341 1528 3542 1600 Quale,

1935 1618 2104 1690 igitur
2136 1621 2272 1675 illud
2297 1636 2496 1676 nomen
2531 1630 2615 1676 est
2639 1621 2745 1677 nisi
2769 1619 2960 1684 .Iosue,
2986 1620 3134 1690 quod
3161 1621 3304 1676 idem
3332 1628 3418 1676 est
3449 1636 3514 1675 ac
3543 1615 3548 1630 ³

241 1714 416 1784 ϐνομά
463 1729 564 1785 μου
609 1711 966 1783 ἐπικέκληται
1016 1713 1102 1764 ἐπ’
1144 1709 1312 1781 αὐτῷ.
1346 1731 1365 1762 ι
1421 1713 1580 1765 Ποῖον
1621 1710 1678 1764 δὲ
1716 1712 1824 1784 ἄρα

1932 1709 2101 1766 Jesn?
2127 1709 2265 1766 Huic
2287 1711 2434 1765 enim
2471 1711 2640 1766 Josue
2679 1727 2789 1764 non
2823 1712 3106 1780 proprium
3141 1726 3340 1765 nomen
3371 1719 3512 1776 erat,

241 1807 415 1877 ὄνομα
446 1807 480 1878 ἢ
515 1805 646 1860 αὐτὸ
688 1806 747 1858 τὸ
775 1804 1008 1876 Ἰησοῦς;
1050 1804 1156 1858 Τοῦ
1195 1805 1292 1874 μὲν
1337 1803 1447 1876 γὰρ
1496 1803 1823 1874 φαινομένου

1932 1803 2086 1873 prius
2111 1801 2250 1859 Osee
2271 1811 2488 1858 vocato.
2508 1802 2725 1859 Primus
2753 1819 2878 1858 eum
2906 1802 3120 1873 Moyses
3143 1818 3174 1856 a
3204 1803 3314 1858 Deo
3342 1804 3516 1874 inspi-

240 1897 366 1949 τότε
389 1895 583 1966 ἀνδρὸς
603 1895 703 1948 ούκ
722 1889 790 1965 ἦν
813 1894 942 1948 ἴδιον
959 1894 1022 1947 τὸ
1049 1895 1256 1966 Ἰησοῦς
1285 1895 1456 1966 ὄνομα
1475 1914 1488 1926 ·
1513 1895 1698 1968 Αὐσὴς
1718 1896 1824 1968 γὰρ

1934 1902 2090 1952 ratus
2114 1896 2410 1967 appellavit
2430 1895 2635 1963 Josue;
2676 1895 2869 1965 procul
2904 1895 3072 1950 dubio
3102 1905 3187 1950 est
3219 1896 3400 1966 ipsum
3426 1896 3514 1949 di-

240 1986 491 2041 ὲκαλεῖτο
509 1986 572 2040 τὸ
605 1987 867 2059 πρότερον
884 2005 896 2015 ·
926 1986 1141 2058 πρῶτος
1165 1985 1221 2038 δὲ
1255 1986 1418 2040 αὑτὸν
1442 1987 1685 2058 Μωῦσῆς
1708 1987 1824 2042 θεο-

1934 1989 2066 2044 vino
2121 1996 2255 2044 tunc
2311 1987 2517 2059 Spiritu
2567 1987 2786 2059 agitari,
2830 1995 2890 2042 ut
2939 1987 3297 2058 implerentur
3349 1988 3516 2042 verba

241 2078 578 2149 φορούμενος
605 2076 812 2147 Ἰησοῦν
853 2075 1214 2148 ἀναγορεύει,
1257 2076 1530 2149 πνεύματι
1561 2065 1721 2149 δῆλον
1745 2079 1824 2132 ὅτι

1934 2081 2084 2137 haec:
2117 2099 2138 2133 ι
2167 2079 2233 2134 Ει
2254 2088 2339 2136 est
2364 2095 2563 2136 nomen
2596 2095 2778 2136 meum
2812 2079 2868 2135 in
2897 2080 3011 2145 illo,
3054 2100 3074 2133 ο
3104 2078 3515 2134 manifestantis

241 2169 502 2240 θειοτέρῳ
527 2169 863 2240 κινούμενος·
895 2171 971 2234 ὡς
996 2170 1062 2224 ἂν
1093 2171 1122 2222 ὁ
1147 2170 1395 2242 χρησμὸς
1421 2173 1450 2224 ὁ
1481 2172 1680 2242 φήσαςο
1709 2189 1728 2223 ι
1755 2171 1824 2224 Τὸ

1936 2191 1996 2231 se
2049 2175 2291 2240 Domini,
2352 2190 2516 2245 quem
2577 2175 2778 2245 saepius
2832 2175 3339 2230 demonstravimus
3389 2187 3516 2228 esse

225 2263 353 2335 Δγὰρ
401 2263 574 2334 ὄνομά
623 2281 722 2334 μου
771 2265 919 2317 ἐστὶν
966 2263 1052 2316 ἐπ’
1095 2263 1264 2334 αὐτῷ,
1296 2282 1316 2315 ιι
1371 2263 1683 2336 πληρωθείη
1730 2261 1824 2316 τοῦ

1935 2268 2322 2340 ρτωοκείειεηε
2347 2267 2442 2323 Dei
2461 2265 2723 2332 Verbum,
2745 2264 2906 2323 Jesus
2935 2265 3144 2339 (Iosue)
3168 2275 3289 2321 erat
3314 2280 3516 2320 nomen

241 2355 674 2428 χρηματίζοντος
702 2356 909 2425 Κυρίου
931 2395 946 2419 ,
977 2355 1036 2408 ὃν
1069 2355 1330 2421 πολλάκις
1362 2355 1724 2427 ἀπεδείξαμεν
1753 2352 1824 2410 εῐ.

1934 2358 2082 2429 quod
2107 2357 2248 2415 Osee
2273 2357 2488 2430 Moyses
2513 2359 2795 2429 imposuit,
2821 2365 2881 2413 ut
2901 2357 3086 2413 divina
3113 2366 3350 2414 testatur
3373 2359 3519 2412 Scri-

240 2465 334 2500 ναι
369 2447 462 2501 τὸν
505 2447 744 2520 προόντα
784 2447 880 2500 τοῦ
913 2447 1050 2502 Θεοῦ
1083 2449 1255 2516 Λόγον
1275 2489 1292 2513 ,
1327 2449 1532 2520 Ἰησοῦς
1559 2445 1628 2522 ἦν
1657 2449 1824 2521 ῦνομα

1934 2457 2096 2519 ptura
2137 2449 2206 2514 '°,
2258 2449 2655 2506 sollicitissime
2708 2447 3153 2504 an'imadvertens
3204 2449 3353 2519 quod
3404 2465 3514 2503 non

240 2539 381 2611 ὅπερ
408 2538 487 2610 τῷ
513 2540 666 2611 Δὺσῆ
693 2541 934 2611 Μωῦσῆς
966 2539 1410 2604 ὲπιτέθεικεν,ὡς
1434 2543 1468 2613 ή
1493 2540 1612 2593 θεία
1638 2541 1824 2613 Γραφὴ

1936 2542 2074 2597 alias
2117 2541 2228 2599 nisi
2271 2557 2397 2598 cum
2453 2543 2706 2612 angelum
2745 2557 2894 2606 eum,
2943 2542 3252 2598 secundum
3299 2543 3514 2598 oraculi

247 2631 535 2701 μαρτυρεῖ,
567 2629 776 2702 σφόδρα
806 2627 1283 2701 ἀπηκριϐωμένως
1311 2631 1620 2702 τηρήσασα,
1645 2632 1726 2685 ὅτι
1751 2631 1824 2703 μὴ

1935 2635 2127 2698 verba,
2180 2634 2570 2705 promissionis
2633 2641 2838 2690 terram
2891 2642 3018 2689 ante
3068 2633 3264 2690 faciem
3325 2634 3514 2706 populi

243 2719 434 2774 ἄλλοτε
459 2721 493 2790 ἦ
521 2721 750 2790 ἄγγελον
799 2722 964 2776 αὑτὸν
997 2721 1306 2786 ἀκολούθως
1343 2721 1421 2794 τῷ
1460 2722 1698 2796 χρησμῷ
1727 2725 1824 2795 τὴν

1935 2736 2354 2796 prospecturum
2385 2724 2652 2791 emiserit,
2708 2724 2814 2780 hoc
2857 2726 3074 2780 vocavit
3105 2741 3230 2781 eum
3265 2727 3512 2783 nomine.

243 2811 348 2883 τῆν
372 2811 474 2882 τῆς
505 2812 838 2881 ἐπαγγελίας
862 2813 967 2884 πρὸ
989 2813 1282 2886 προσώπου
1312 2812 1406 2867 τοῦ
1435 2814 1566 2868 λαοῦ
1590 2833 1824 2888 προσκε-

1933 2819 2006 2874 lis
2035 2818 2202 2890 igitur
2230 2823 2449 2873 constat
2477 2824 2531 2873 et
2557 2815 2862 2872 Salvatoris
2885 2817 3062 2872 nostri
3096 2815 3227 2872 Jesu
3259 2817 3514 2874 denomi-

242 2901 478 2973 ψόμενσν
513 2904 842 2976 ἐξέπεμπεν,
886 2905 1060 2977 τούτῳ
1101 2905 1370 2978 κέκληκεν
1402 2907 1566 2963 αὐτὸν
1595 2908 1672 2979 τῷ
1708 2909 1824 2962 ὀνό-

1934 2912 2214 2966 nationem
2245 2910 2416 2982 Moysi
2447 2921 2635 2980 aperte
2677 2911 2950 2980 cognitam
2990 2908 3183 2966 fuisse.
3239 2909 3517 2977 Quemad-

247 3012 401 3067 ματι.
434 2997 643 3051 Οὐκοῦν
673 2999 762 3051 διὰ
788 2999 994 3052 τούτων
1019 3000 1112 3052 καὶ
1141 2999 1238 3071 τὴν
1263 2999 1356 3052 τοῦ
1390 2999 1641 3071 Σωτῆρος
1669 3002 1702 3072 ἡ
1712 3001 1824 3072 μῶν

1933 3004 2158 3060 modum
2199 3002 2332 3060 Jesu
2365 3017 2565 3057 nomen
2606 3001 2842 3072 primum
2881 2999 3024 3071 apud
3047 3017 3172 3056 eum
3206 3002 3262 3056 in
3287 3003 3356 3059 iis
3393 3019 3518 3073 quae

256 3091 432 3162 Ἰησοῦ
451 3095 816 3164 προσηγορίαν
831 3094 1070 3166 Μωῡσῆς
1081 3093 1327 3164 φαίνεται
1347 3095 1532 3164 σαφῶς
1551 3094 1824 3164 ἐγνωκώς·

1935 3100 2332 3170 investigamus
2365 3096 2504 3152 locis
2547 3095 2838 3164 reperitur,
2894 3094 2969 3148 ita
3003 3102 3057 3149 et
3089 3093 3372 3150 Christum
3402 3098 3518 3166 pri-

244 3184 438 3257 ὦσπερ
462 3186 517 3238 δὲ
541 3187 604 3239 τὸ
633 3186 806 3257 Ἰησοῦ
827 3187 998 3258 ὖνομα
1022 3187 1172 3258 παρά
1206 3185 1407 3258 πρώτῳ
1432 3187 1581 3258 αὐτῷ
1599 3187 1824 3259 εὕρηται

1932 3205 2056 3247 mus
2098 3191 2244 3247 idem
2297 3187 2687 3259 praadicavisse
2731 3185 2968 3250 videtur,
3003 3187 3059 3241 in
3086 3187 3382 3242 anterioris
3413 3187 3518 3242 αντὶ

243 3277 390 3331 κατά
415 3281 539 3342 τοὺς
569 3279 993 3351 ἐξεταζομένους
1027 3280 1226 3344 τόπους
1246 3319 1263 3345 ,
1293 3278 1439 3335 οὕτω
1469 3281 1564 3334 καὶ
1591 3281 1636 3332 Χ
1647 3279 1824 3352 ριστὴν

1932 3283 2273 3353 temporibus
2301 3282 2416 3336 sive
2442 3279 2573 3335 Jesu
2609 3279 2724 3336 sive
2770 3277 2975 3334 Christi
3021 3278 3342 3334 nominibus
3375 3279 3514 3333 nulli

243 3372 460 3442 πρῶτος
482 3374 642 3438 αὐτὸς
673 3375 1045 3446 ἀναγορεύσας
1076 3374 1360 3445 φαίνεται,
1397 3374 1504 3446 πρὸ
1530 3373 1639 3428 τῶν
1663 3373 1824 3426 αὑτοῦ

1932 3389 2175 3444 unquam
2209 3373 2532 3442 compertis.
2558 3369 2625 3424 Et
2655 3370 2872 3426 videtur
2905 3370 3128 3441 quidem
3157 3371 3346 3426 divina
3371 3386 3512 3442 qua-.

244 3467 454 3538 χρόνων
475 3466 536 3532 ἐξ
562 3468 753 3531 αἰῶνος
782 3469 1008 3540 μηδενὸς
1045 3467 1270 3539 μηδέπω
1303 3468 1434 3521 ποτὲ
1480 3469 1618 3539 μήτε
1651 3466 1824 3540 Ἰησοῦ

1932 3467 2054 3522 (lam
2095 3465 2460 3536 inspiratione
2495 3463 2766 3519 revelatas
2791 3463 3276 3520 denominationes
3316 3463 3514 3520 honori

249 3563 388 3631 μήτε
431 3560 668 3632 Χριστοῦ
714 3560 868 3631 παρά
915 3574 1055 3614 τισιν
1114 3560 1664 3633 προσαγορευθέντος.
1718 3562 1824 3614 Καὶ

1932 3559 2209 3614 habuisse.
2233 3557 2453 3611 Duobus
2476 3556 2637 3627 igitur
2653 3553 2888 3609 maxime
2901 3571 2965 3610 ex
2995 3556 3142 3610 omni
3160 3557 3357 3626 populo
3375 3571 3517 3627 pra:-

243 3651 496 3720 φαίνεταί
541 3670 606 3722 γε
649 3653 818 3724 ὲνθέῳ
850 3653 1094 3725 λογισμῷ
1144 3653 1243 3716 τάς
1280 3653 1615 3725 δηλουμένας
1659 3669 1824 3726 προσ-

1932 3651 2253 3708 cellentibus
2275 3649 2433 3712 viris,
2453 3648 2672 3718 Deoque
2697 3647 3124 3716 acceptissimis,
3144 3664 3270 3703 cum
3289 3651 3509 3720 utrique

244 3745 475 3815 ηγορίας
522 3746 794 3815 τιμήσαςο
840 3745 960 3797 δυσὶ
1011 3745 1141 3815 γοῦν
1186 3749 1299 3810 τοῖς
1335 3746 1489 3817 παρὰ
1531 3747 1708 3800 πάντα
1734 3746 1824 3799 τὸν

1932 3743 2076 3798 aliud
2102 3751 2245 3798 esset
2269 3743 2548 3812 proprium
2568 3756 2787 3805 nomen,
2808 3739 3079 3810 duplicem
3100 3739 3246 3793 illam
3280 3741 3513 3811 imponit

243 3836 373 3890 λαὸν
411 3837 765 3908 ὲξοχωτάτοις
802 3839 1029 3911 ἀνδράσι
1059 3839 1152 3892 καὶ
1185 3841 1336 3911 παρὰ
1359 3840 1477 3912 Θεῷ
1497 3840 1824 3912 διαπρέπου-

1932 3834 2452 3896 denominationem,
2499 3833 2723 3904 proprio
2754 3833 2975 3902 quidem
3021 3830 3178 3886 fratri
3208 3834 3414 3902 Aaron,
3457 3843 3514 3892 et

247 3947 332 3982 σιν
380 3931 586 4002 ἑτέροις
629 3948 687 3984 τε
739 3931 886 3996 ἰδίοις
926 3932 1154 4004 ὀνόμασι
1195 3933 1558 4004 κεχρημένοις
1593 3931 1694 3997 τὰς
1733 3932 1824 3987 δύο

1932 3927 2073 3982 Nave
2095 3927 2206 3981 lilio
2230 3925 2370 3982 Osee
2395 3927 2549 3997 prius
2563 3925 2884 3997 appellatis;
2903 3939 3140 3995 namque
3157 3940 3342 3980 coram
3361 3928 3510 3983 omni

241 4020 447 4083 ταύτας
479 4021 800 4093 ὲπιφημίζει
832 4024 1234 4095 προσηγορίας,
1263 4023 1344 4094 τῷ
1367 4040 1427 4077 τε
1468 4023 1584 4094 ἰδίῳ
1611 4021 1824 4094 ἀδελφῷ

1932 4021 2129 4092 populo
2141 4019 2235 4074 Dei
2262 4019 2422 4089 jussu
2442 4019 2611 4073 totius
2631 4018 2809 4089 gentis
2832 4018 3001 4074 duces
3021 4033 3119 4073 eos
3137 4019 3364 4089 eligens,
3390 4017 3514 4074 Sal-

240 4112 322 4183 τῷ
349 4113 577 4183 Ἀαρὼν,
604 4116 697 4167 καὶ
727 4115 806 4186 τῷ
831 4115 924 4168 τοῦ
953 4117 1108 4188 Ναυῆ
1134 4116 1234 4186 υἱῷ
1252 4158 1267 4183 ,
1303 4115 1604 4188 Αὺση[οὺ]ς
1632 4117 1824 4188 πρότε-

1932 4115 2135 4170 vatoris
2183 4112 2360 4168 nostri
2412 4111 2543 4166 Jesu
2578 4111 2781 4166 Christi
2817 4111 3138 4166 nominibus
3173 4111 3508 4180 illustravit;

245 4222 338 4276 ρον
364 4202 866 4277 ὀνομαζομένουίς],
898 4206 1048 4278 παρά
1074 4207 1252 4260 πάντα
1279 4208 1372 4262 τὸν
1395 4208 1520 4261 λαὸν
1548 4208 1684 4262 Θεοῦ
1706 4207 1824 4262 νεύ-

1932 4209 2158 4262 alterum
2191 4204 2412 4276 quidem
2439 4202 2719 4259 Christum
2743 4203 3163 4272 cognominans,
3193 4202 3287 4272 qui
3309 4204 3512 4258 summi

246 4309 378 4364 ματι
419 4295 682 4366 ἄρχοντας
731 4294 826 4348 τοῦ
876 4298 1076 4361 παντὸς
1110 4298 1297 4363 ἔθνους
1339 4301 1824 4373 προχειρισάμενος

1932 4302 2153 4370 verique
2206 4299 2415 4353 ferebat
2464 4297 2756 4367 imaginem
2807 4295 3106 4366 pontiﬁcis,
3152 4295 3512 4366 omniumque

240 4387 364 4448 ταῖς
413 4385 506 4438 τοῦ
555 4387 806 4458 Σωτῆρος
856 4387 1012 4458 ἡμῶν
1062 4388 1235 4459 Ἰησοῦ
1286 4389 1522 4461 Χριστοῦ
1576 4390 1824 4456 ἐδόξασεν

1932 4395 2194 4457 auctoris,
2223 4393 2398 4464 ipsius
2439 4409 2457 4442 ι
2501 4390 2665 4445 Verbi
2705 4389 2822 4454 Dei,
2855 4391 2947 4462 qui
2981 4397 3098 4445 erat
3144 4390 3200 4444 in
3235 4389 3512 4460 principio

245 4478 637 4549 προσηγορίαις
656 4497 670 4510 ο
705 4479 796 4534 τὸν
832 4481 928 4551 μὲν
955 4482 1210 4552 Χριστὸν,
1242 4481 1308 4534 δι’
1331 4484 1398 4552 ἢν
1424 4482 1618 4553 ἔφερεν
1639 4485 1824 4538 εἰκόνα

1932 4486 2072 4556 apud
2109 4485 2277 4541 Deum
2317 4485 2399 4552 ”;
2462 4501 2482 4536 ›
2524 4497 2902 4538 successorem
2947 4498 3078 4536 vero
3127 4497 3287 4537 suum
3320 4481 3512 4537 Jesum

239 4569 334 4622 τοῦ
365 4571 482 4623 κατ’
511 4571 768 4642 ἀλήθειαν
800 4573 1101 4646 ἀρχιερέως
1140 4573 1249 4627 τῶν
1294 4574 1432 4628 ὅλων
1463 4575 1629 4628 αὑτοῦ
1677 4594 1696 4626 ι
1724 4573 1820 4628 τοῦ

1932 4578 2235 4648 appellans,
2263 4591 2359 4647 per
2384 4591 2546 4646 quem
2574 4576 2828 4631 servabat
2852 4581 2906 4630 et
2934 4575 3054 4644 ipse
3078 4583 3267 4645 typum
3317 4571 3510 4628 Salva-

241 4665 300 4714 ἐν
321 4664 462 4734 ἀρχῇ
496 4665 632 4735 πρὸς
651 4665 740 4717 τὸν
761 4665 892 4718 Θεὸν
915 4665 1050 4718 Θεοῦ
1083 4667 1258 4736 Λόγου
1291 4687 1308 4718 ι
1360 4667 1702 4738 προσειπών·
1731 4667 1822 4722 τὸν

1932 4672 2064 4726 toris
2093 4671 2266 4725 nostri
2287 4667 2439 4735 Jesu,
2471 4668 2589 4738 qui,
2624 4667 2877 4722 absoluto
2909 4681 3074 4736 quem
3099 4665 3313 4737 Moyses
3331 4665 3510 4720 tradi-

240 4758 298 4810 δὲ
325 4757 516 4810 ἑαυτοῦ
548 4757 790 4829 διάδοχον
819 4757 1026 4829 Ἰησοῦν
1047 4759 1438 4832 ἀναγορεύσας,
1475 4761 1542 4814 δι’
1569 4761 1629 4814 ὃν
1651 4761 1821 4827 ἔσωζε

241 4850 334 4901 καὶ
358 4849 520 4912 αὐτὸς
546 4850 714 4902 τύπον
747 4849 841 4901 τοῦ
880 4851 1130 4921 Σωτῆρος
1160 4852 1316 4922 ἡμῶν
1348 4852 1522 4924 Ἰησοῦ
1542 4892 1557 4917 ,
1587 4853 1648 4916 ὃς
1681 4869 1822 4906 παυ-

243 4942 484 5012 σαμένης
513 4942 614 5011 τῆς
644 4942 734 4996 διὰ
757 4943 1034 5006 Μωῦσέως
1053 4945 1456 5016 παραδοθείσης
1479 4945 1822 5016 συμϐολικῶς

242 5032 514 5104 λατρείας,
535 5036 627 5087 καὶ
659 5035 847 5089 τοῦτόν
873 5053 989 5098 πως
1007 5036 1096 5089 τὸν
1124 5038 1321 5110 τρόπον
1342 5039 1621 5104 Μωῦσέως
1640 5041 1818 5093 τελευ-

243 5124 536 5194 τήσαντος,
578 5124 676 5196 τὴν
716 5128 794 5189 εἰς
836 5126 896 5178 τὸ
937 5127 1078 5180 θεῖον
1107 5129 1385 5183 εὐσέϐειαν
1417 5131 1818 5202 διαδεξάμενος,

243 5215 423 5278 πάσας
451 5217 548 5285 μὲν
572 5217 669 5280 τάς
700 5218 962 5289 ἁοράτους
995 5219 1252 5291 δυνάμεις
1290 5221 1691 5294 ἀνθισταμένας
1725 5227 1822 5279 αὑ-

241 5308 334 5360 τοῦ
361 5309 441 5379 τῷ
464 5310 607 5380 λόγῳ
632 5311 852 5382 πολέμῳ
885 5315 1114 5386 νικήσας
1141 5317 1488 5388 κεχείρωται,
1527 5319 1626 5390 τὴν
1648 5320 1692 5373 δ’
1713 5321 1820 5374 ὑπὸ

1928 4765 2084 4820 derat
2130 4762 2433 4834 symbolico
2493 4761 2641 4815 cultu
2675 4799 2690 4823 ,
2748 4759 3041 4830 Moyseque
3098 4757 3509 4827 quodammodo

1931 4867 2168 4920 mortuo,
2194 4872 2318 4911 cum
2350 4857 2610 4925 pietatem
2643 4854 2700 4908 in
2726 4852 2895 4908 Deum
2933 4854 3258 4922 accepisset,
3312 4865 3512 4906 omnes

1931 4950 2236 5006 invisibiles
2269 4947 2546 5017 potentias
2591 4944 2698 4999 sibi
2748 4944 3127 5006 adversantes,
3159 4944 3334 4998 victas
3365 4955 3507 5011 prae-

1928 5046 2021 5108 lio,
2056 5042 2221 5098 verbo
2262 5038 2564 5109 superavit,
2598 5037 3023 5104 universamque
3059 5041 3258 5088 terram
3319 5033 3388 5087 ab
3437 5033 3508 5090 iis

1929 5135 2214 5210 tyrannice
2243 5131 2487 5187 habitam
2517 5128 2792 5202 propriam
2823 5127 2950 5182 fecit
2971 5127 3025 5179 in
3049 5125 3306 5180 omnibus
3330 5127 3505 5196 genti-

1929 5233 2032 5286 bus
2055 5225 2485 5300 possessionem,
2522 5237 2731 5292 suoque
2761 5222 2945 5277 divisit
2976 5220 3199 5292 populo,
3240 5218 3508 5273 Ecclesiis

1928 5325 1983 5376 in
2016 5319 2270 5375 universa
2292 5324 2437 5372 terra
2462 5313 2797 5370 constitutis.

239 5406 465 5469 ταύταις
492 5408 707 5460 ἃπασαν
737 5412 1174 5483 τυραννουμένην
1199 5414 1320 5484 γῆν,
1348 5414 1446 5485 τὴν
1478 5417 1535 5470 ἐν
1564 5419 1696 5470 πᾶσι
1727 5422 1839 5483 τοῖς
1878 5420 2082 5473 ἔθνεσιν
2119 5416 2248 5469 ἴδιον
2281 5413 2469 5484 κτῆμα
2503 5410 2893 5482 ποιησάμενος,
2926 5407 3003 5478 τῷ
3033 5405 3227 5461 ἑαυτοῦ
3265 5404 3380 5478 λαῷ
3403 5404 3504 5458 ’δια

239 5500 348 5553 τῶν
371 5502 475 5554 ἁνά
503 5505 681 5557 πᾶσαν
707 5505 803 5577 τὴν
826 5508 1148 5580 οἰκουμένην
1176 5510 1507 5581 Ἑκκλησιῶν
1546 5513 2092 5586 κατεκληροδὸτησεν.

312 5781 351 5811 ¹⁷
396 5779 564 5836 Exod.
600 5797 755 5848 mn,
792 5783 882 5837 2i.
962 5786 1003 5818 ¹⁸
1043 5783 1231 5843 Matth.
1265 5802 1354 5854 χι,
1391 5785 1475 5841 10.

1555 5788 1594 5819 ¹⁹
1635 5785 1804 5839 Exod.
1839 5802 2005 5849 xxm,
2041 5785 2130 5840 2i.
2207 5784 2252 5816 ¹⁰
2290 5782 2448 5837 Num.
2489 5796 2608 5847 xm,
2647 5781 2728 5837 l7.
2805 5781 2847 5811 ¹¹
2889 5777 3048 5833 Joan.
3085 5791 3136 5832 ι.
3175 5777 3227 5832 ί.
