  <div class='ocr_page' id='page_1' title='image "/cluster/home/n/w/nwhite01/storage/ocr_20150623/22/nnc1.0046978372/583.png"; bbox 0 0 3840 6222; ppageno 0'>
   <div class='ocr_carea' id='block_1_1' title="bbox 440 285 577 341">
    <p class='ocr_par' dir='ltr' id='par_1_1' title="bbox 440 285 577 341">
     <span class='ocr_line' id='line_1_1' title="bbox 440 285 577 341; baseline 0.029 -4"><span class='ocrx_word' id='word_1_1' title='bbox 440 285 577 341; x_wconf 74' lang='grc'><strong>1059</strong></span> 
     </span>
    </p>
   </div>
   <div class='ocr_carea' id='block_1_2' title="bbox 1039 394 1416 451">
    <p class='ocr_par' dir='ltr' id='par_1_2' title="bbox 1039 394 1416 451">
     <span class='ocr_line' id='line_1_2' title="bbox 1039 394 1416 451; baseline -0.003 0"><span class='ocrx_word' id='word_1_2' title='bbox 1039 394 1268 451; x_wconf 79' lang='lat' dir='ltr'><strong>CAPUT</strong></span> <span class='ocrx_word' id='word_1_3' title='bbox 1301 394 1416 450; x_wconf 79' lang='lat' dir='ltr'><strong>XII.</strong></span> 
     </span>
    </p>
   </div>
   <div class='ocr_carea' id='block_1_3' title="bbox 512 488 2010 561">
    <p class='ocr_par' dir='ltr' id='par_1_3' title="bbox 512 488 2010 561">
     <span class='ocr_line' id='line_1_3' title="bbox 512 488 2010 561; baseline 0.001 -19"><span class='ocrx_word' id='word_1_4' title='bbox 512 510 529 542; x_wconf 76' lang='grc' dir='ltr'><strong>ι</strong></span> <span class='ocrx_word' id='word_1_5' title='bbox 553 489 1195 561; x_wconf 84' lang='lat' dir='ltr'><strong>Cumqueingrederetur</strong></span> <span class='ocrx_word' id='word_1_6' title='bbox 1230 488 1444 561; x_wconf 80' lang='lat' dir='ltr'><strong>Moyses</strong></span> <span class='ocrx_word' id='word_1_7' title='bbox 1489 490 1545 544; x_wconf 88' lang='lat' dir='ltr'><strong>in</strong></span> <span class='ocrx_word' id='word_1_8' title='bbox 1575 489 2010 553; x_wconf 76' lang='lat' dir='ltr'><strong>tabernaculum,</strong></span> 
     </span>
    </p>
   </div>
   <div class='ocr_carea' id='block_1_4' title="bbox 439 579 2010 646">
    <p class='ocr_par' dir='ltr' id='par_1_4' title="bbox 439 579 2010 646">
     <span class='ocr_line' id='line_1_4' title="bbox 439 579 2010 646; baseline 0.001 -13"><span class='ocrx_word' id='word_1_9' title='bbox 439 579 813 639; x_wconf 77' lang='lat' dir='ltr'><strong>descendebat</strong></span> <span class='ocrx_word' id='word_1_10' title='bbox 854 583 1109 636; x_wconf 87' lang='lat' dir='ltr'><strong>colunma</strong></span> <span class='ocrx_word' id='word_1_11' title='bbox 1143 580 1329 646; x_wconf 86' lang='lat' dir='ltr'><strong>nubis,</strong></span> <span class='ocrx_word' id='word_1_12' title='bbox 1363 591 1423 635; x_wconf 87' lang='lat' dir='ltr'><strong>et</strong></span> <span class='ocrx_word' id='word_1_13' title='bbox 1464 581 1643 635; x_wconf 89' lang='lat' dir='ltr'><strong>stabat</strong></span> <span class='ocrx_word' id='word_1_14' title='bbox 1673 580 1739 635; x_wconf 92' lang='lat' dir='ltr'><strong>ad</strong></span> <span class='ocrx_word' id='word_1_15' title='bbox 1783 581 2010 643; x_wconf 91' lang='lat' dir='ltr'><strong>ostium,</strong></span> 
     </span>
    </p>
   </div>
   <div class='ocr_carea' id='block_1_5' title="bbox 432 671 2012 742">
    <p class='ocr_par' dir='ltr' id='par_1_5' title="bbox 432 671 2012 742">
     <span class='ocr_line' id='line_1_5' title="bbox 432 671 2012 742; baseline 0.002 -19"><span class='ocrx_word' id='word_1_16' title='bbox 432 671 873 742; x_wconf 68' lang='lat' dir='ltr'><strong>loquebatuyque</strong></span> <span class='ocrx_word' id='word_1_17' title='bbox 923 687 1049 727; x_wconf 91' lang='lat' dir='ltr'><strong>cum</strong></span> <span class='ocrx_word' id='word_1_18' title='bbox 1099 671 1304 742; x_wconf 74' lang='lat' dir='ltr'><strong>Moyse,</strong></span> <span class='ocrx_word' id='word_1_19' title='bbox 1341 672 1692 727; x_wconf 73' lang='lat' dir='ltr'><strong>cernentibus</strong></span> <span class='ocrx_word' id='word_1_20' title='bbox 1740 671 2012 726; x_wconf 84' lang='lat' dir='ltr'><strong>universis</strong></span> 
     </span>
    </p>
   </div>
   <div class='ocr_carea' id='block_1_6' title="bbox 429 763 2008 832">
    <p class='ocr_par' dir='ltr' id='par_1_6' title="bbox 429 763 2008 832">
     <span class='ocr_line' id='line_1_6' title="bbox 429 763 2008 832; baseline 0 -15"><span class='ocrx_word' id='word_1_21' title='bbox 429 763 579 832; x_wconf 92' lang='lat' dir='ltr'><strong>quod</strong></span> <span class='ocrx_word' id='word_1_22' title='bbox 606 765 860 819; x_wconf 86' lang='lat' dir='ltr'><strong>columna</strong></span> <span class='ocrx_word' id='word_1_23' title='bbox 896 764 1059 820; x_wconf 89' lang='lat' dir='ltr'><strong>nubis</strong></span> <span class='ocrx_word' id='word_1_24' title='bbox 1094 772 1265 820; x_wconf 84' lang='lat' dir='ltr'><strong>staret</strong></span> <span class='ocrx_word' id='word_1_25' title='bbox 1296 764 1362 819; x_wconf 91' lang='lat' dir='ltr'><strong>ad</strong></span> <span class='ocrx_word' id='word_1_26' title='bbox 1397 765 1600 820; x_wconf 84' lang='lat' dir='ltr'><strong>ostium</strong></span> <span class='ocrx_word' id='word_1_27' title='bbox 1651 764 2008 820; x_wconf 88' lang='lat' dir='ltr'><strong>tabernaculi.</strong></span> 
     </span>
    </p>
   </div>
   <div class='ocr_carea' id='block_1_7' title="bbox 431 854 2011 928">
    <p class='ocr_par' dir='ltr' id='par_1_7' title="bbox 431 854 2011 928">
     <span class='ocr_line' id='line_1_7' title="bbox 431 854 2011 928; baseline 0.001 -19"><span class='ocrx_word' id='word_1_28' title='bbox 431 854 774 926; x_wconf 86' lang='lat' dir='ltr'><strong>Stabantque</strong></span> <span class='ocrx_word' id='word_1_29' title='bbox 806 856 912 926; x_wconf 86' lang='lat' dir='ltr'><strong>ipsi</strong></span> <span class='ocrx_word' id='word_1_30' title='bbox 959 866 1013 911; x_wconf 90' lang='lat' dir='ltr'><strong>et</strong></span> <span class='ocrx_word' id='word_1_31' title='bbox 1040 856 1345 911; x_wconf 89' lang='lat' dir='ltr'><strong>adorabant</strong></span> <span class='ocrx_word' id='word_1_32' title='bbox 1383 873 1480 928; x_wconf 89' lang='lat' dir='ltr'><strong>per</strong></span> <span class='ocrx_word' id='word_1_33' title='bbox 1508 855 1657 911; x_wconf 89' lang='lat' dir='ltr'><strong>fores</strong></span> <span class='ocrx_word' id='word_1_34' title='bbox 1683 856 2011 912; x_wconf 86' lang='lat' dir='ltr'><strong>tabernacu-</strong></span> 
     </span>
    </p>
   </div>
   <div class='ocr_carea' id='block_1_8' title="bbox 430 947 2065 1021">
    <p class='ocr_par' dir='ltr' id='par_1_8' title="bbox 430 947 2065 1021">
     <span class='ocr_line' id='line_1_8' title="bbox 430 947 2065 1021; baseline 0.002 -22"><span class='ocrx_word' id='word_1_35' title='bbox 430 947 610 1001; x_wconf 80' lang='lat' dir='ltr'><strong>lorum</strong></span> <span class='ocrx_word' id='word_1_36' title='bbox 673 962 923 1002; x_wconf 88' lang='lat' dir='ltr'><strong>suorum.</strong></span> <span class='ocrx_word' id='word_1_37' title='bbox 988 948 1339 1018; x_wconf 90' lang='lat' dir='ltr'><strong>Loquebatur</strong></span> <span class='ocrx_word' id='word_1_38' title='bbox 1395 957 1574 1004; x_wconf 91' lang='lat' dir='ltr'><strong>autem</strong></span> <span class='ocrx_word' id='word_1_39' title='bbox 1625 948 1887 1005; x_wconf 90' lang='lat' dir='ltr'><strong>Dominus</strong></span> <span class='ocrx_word' id='word_1_40' title='bbox 1942 949 2011 1003; x_wconf 88' lang='lat' dir='ltr'><strong>ad</strong></span> <span class='ocrx_word' id='word_1_41' title='bbox 2062 1018 2065 1021; x_wconf 18' lang='grc' dir='ltr'><em>Α</em></span> 
     </span>
    </p>
   </div>
   <div class='ocr_carea' id='block_1_9' title="bbox 430 1036 2010 1109">
    <p class='ocr_par' dir='ltr' id='par_1_9' title="bbox 430 1036 2010 1109">
     <span class='ocr_line' id='line_1_9' title="bbox 430 1036 2010 1109; baseline 0.004 -20"><span class='ocrx_word' id='word_1_42' title='bbox 430 1036 671 1108; x_wconf 82' lang='lat' dir='ltr'><strong>Moysem</strong></span> <span class='ocrx_word' id='word_1_43' title='bbox 706 1038 848 1094; x_wconf 88' lang='lat' dir='ltr'><strong>facie</strong></span> <span class='ocrx_word' id='word_1_44' title='bbox 882 1040 947 1093; x_wconf 92' lang='lat' dir='ltr'><strong>ad</strong></span> <span class='ocrx_word' id='word_1_45' title='bbox 981 1039 1198 1104; x_wconf 81' lang='lat' dir='ltr'><strong>faciem,</strong></span> <span class='ocrx_word' id='word_1_46' title='bbox 1230 1040 1375 1096; x_wconf 89' lang='lat' dir='ltr'><strong>sicut</strong></span> <span class='ocrx_word' id='word_1_47' title='bbox 1401 1040 1539 1097; x_wconf 89' lang='lat' dir='ltr'><strong>solet</strong></span> <span class='ocrx_word' id='word_1_48' title='bbox 1572 1040 1719 1109; x_wconf 90' lang='lat' dir='ltr'><strong>loqui</strong></span> <span class='ocrx_word' id='word_1_49' title='bbox 1749 1041 1913 1095; x_wconf 85' lang='lat' dir='ltr'><strong>homo</strong></span> <span class='ocrx_word' id='word_1_50' title='bbox 1943 1041 2010 1095; x_wconf 88' lang='lat' dir='ltr'><strong>ad</strong></span> 
     </span>
    </p>
   </div>
   <div class='ocr_carea' id='block_1_10' title="bbox 428 1130 2008 1204">
    <p class='ocr_par' dir='ltr' id='par_1_10' title="bbox 428 1130 2008 1204">
     <span class='ocr_line' id='line_1_10' title="bbox 428 1130 2008 1204; baseline 0.005 -22"><span class='ocrx_word' id='word_1_51' title='bbox 428 1130 667 1186; x_wconf 87' lang='lat' dir='ltr'><strong>amicum</strong></span> <span class='ocrx_word' id='word_1_52' title='bbox 699 1148 887 1187; x_wconf 89' lang='lat' dir='ltr'><strong>suum.</strong></span> <span class='ocrx_word' id='word_1_53' title='bbox 919 1132 1167 1204; x_wconf 86' lang='lat' dir='ltr'><strong>Cumque</strong></span> <span class='ocrx_word' id='word_1_54' title='bbox 1199 1134 1290 1189; x_wconf 89' lang='lat' dir='ltr'><strong>ille</strong></span> <span class='ocrx_word' id='word_1_55' title='bbox 1324 1142 1689 1190; x_wconf 84' lang='lat' dir='ltr'><strong>reverteretur</strong></span> <span class='ocrx_word' id='word_1_56' title='bbox 1716 1135 1772 1189; x_wconf 89' lang='lat' dir='ltr'><strong>in</strong></span> <span class='ocrx_word' id='word_1_57' title='bbox 1805 1145 2008 1202; x_wconf 90' lang='lat' dir='ltr'><strong>castra,</strong></span> 
     </span>
    </p>
   </div>
   <div class='ocr_carea' id='block_1_11' title="bbox 425 1222 2011 1295">
    <p class='ocr_par' dir='ltr' id='par_1_11' title="bbox 425 1222 2011 1295">
     <span class='ocr_line' id='line_1_11' title="bbox 425 1222 2011 1295; baseline 0.003 -20"><span class='ocrx_word' id='word_1_58' title='bbox 425 1222 679 1277; x_wconf 86' lang='lat' dir='ltr'><strong>minister</strong></span> <span class='ocrx_word' id='word_1_59' title='bbox 713 1222 834 1293; x_wconf 86' lang='lat' dir='ltr'><strong>ejus</strong></span> <span class='ocrx_word' id='word_1_60' title='bbox 857 1222 1026 1279; x_wconf 87' lang='lat' dir='ltr'><strong>Josue</strong></span> <span class='ocrx_word' id='word_1_61' title='bbox 1055 1225 1200 1281; x_wconf 86' lang='lat' dir='ltr'><strong>ﬁlius</strong></span> <span class='ocrx_word' id='word_1_62' title='bbox 1226 1225 1367 1289; x_wconf 83' lang='lat' dir='ltr'><strong>Nun,</strong></span> <span class='ocrx_word' id='word_1_63' title='bbox 1402 1240 1554 1295; x_wconf 89' lang='lat' dir='ltr'><strong>puer,</strong></span> <span class='ocrx_word' id='word_1_64' title='bbox 1586 1241 1695 1279; x_wconf 90' lang='lat' dir='ltr'><strong>non</strong></span> <span class='ocrx_word' id='word_1_65' title='bbox 1722 1225 2011 1281; x_wconf 86' lang='lat' dir='ltr'><strong>recedebat</strong></span> 
     </span>
    </p>
   </div>
   <div class='ocr_carea' id='block_1_12' title="bbox 427 1313 2006 1388">
    <p class='ocr_par' dir='ltr' id='par_1_12' title="bbox 427 1313 2006 1388">
     <span class='ocr_line' id='line_1_12' title="bbox 427 1313 2006 1388; baseline 0.003 -21"><span class='ocrx_word' id='word_1_66' title='bbox 427 1313 499 1368; x_wconf 90' lang='lat' dir='ltr'><strong>de</strong></span> <span class='ocrx_word' id='word_1_67' title='bbox 526 1314 909 1371; x_wconf 85' lang='lat' dir='ltr'><strong>tabernaculo.</strong></span> <span class='ocrx_word' id='word_1_68' title='bbox 949 1314 1097 1370; x_wconf 80' lang='lat' dir='ltr'><strong>Dixit</strong></span> <span class='ocrx_word' id='word_1_69' title='bbox 1121 1324 1304 1370; x_wconf 91' lang='lat' dir='ltr'><strong>autem</strong></span> <span class='ocrx_word' id='word_1_70' title='bbox 1329 1315 1545 1388; x_wconf 83' lang='lat' dir='ltr'><strong>Moyses</strong></span> <span class='ocrx_word' id='word_1_71' title='bbox 1576 1317 1640 1370; x_wconf 91' lang='lat' dir='ltr'><strong>ad</strong></span> <span class='ocrx_word' id='word_1_72' title='bbox 1674 1315 1963 1371; x_wconf 88' lang='lat' dir='ltr'><strong>Dominum</strong></span> <span class='ocrx_word' id='word_1_73' title='bbox 1993 1336 2006 1372; x_wconf 94' lang='lat'><strong>:</strong></span> 
     </span>
    </p>
   </div>
   <div class='ocr_carea' id='block_1_13' title="bbox 423 1396 2010 1477">
    <p class='ocr_par' dir='ltr' id='par_1_13' title="bbox 423 1396 2010 1477">
     <span class='ocr_line' id='line_1_13' title="bbox 423 1396 2010 1477; baseline 0.004 -20"><span class='ocrx_word' id='word_1_74' title='bbox 423 1403 692 1474; x_wconf 70' lang='lat' dir='ltr'><strong>Praecipis</strong></span> <span class='ocrx_word' id='word_1_75' title='bbox 727 1412 788 1459; x_wconf 89' lang='lat' dir='ltr'><strong>ut</strong></span> <span class='ocrx_word' id='word_1_76' title='bbox 817 1396 1045 1460; x_wconf 82' lang='lat' dir='ltr'><strong>educam</strong></span> <span class='ocrx_word' id='word_1_77' title='bbox 1078 1407 1336 1477; x_wconf 85' lang='lat' dir='ltr'><strong>populum</strong></span> <span class='ocrx_word' id='word_1_78' title='bbox 1367 1407 1520 1461; x_wconf 90' lang='lat' dir='ltr'><strong>illum</strong></span> <span class='ocrx_word' id='word_1_79' title='bbox 1550 1426 1562 1461; x_wconf 92' lang='lat'><strong>:</strong></span> <span class='ocrx_word' id='word_1_80' title='bbox 1600 1415 1655 1462; x_wconf 91' lang='lat' dir='ltr'><strong>et</strong></span> <span class='ocrx_word' id='word_1_81' title='bbox 1709 1422 1818 1461; x_wconf 91' lang='lat' dir='ltr'><strong>non</strong></span> <span class='ocrx_word' id='word_1_82' title='bbox 1866 1408 2010 1463; x_wconf 90' lang='lat' dir='ltr'><strong>indi-</strong></span> 
     </span>
    </p>
   </div>
   <div class='ocr_carea' id='block_1_14' title="bbox 1155 275 2982 338">
    <p class='ocr_par' dir='ltr' id='par_1_14' title="bbox 1155 275 2982 338">
     <span class='ocr_line' id='line_1_14' title="bbox 1155 275 2982 338; baseline -0.003 -1"><span class='ocrx_word' id='word_1_83' title='bbox 1155 279 1424 338; x_wconf 85' lang='lat' dir='ltr'><strong>EUSEBll</strong></span> <span class='ocrx_word' id='word_1_84' title='bbox 1460 277 1946 338; x_wconf 65' lang='lat' dir='ltr'><strong>CxESARlENSlS</strong></span> <span class='ocrx_word' id='word_1_85' title='bbox 1981 277 2132 335; x_wconf 87' lang='lat' dir='ltr'><strong>OPP.</strong></span> <span class='ocrx_word' id='word_1_86' title='bbox 2170 277 2358 334; x_wconf 74' lang='lat' dir='ltr'><strong>PARS</strong></span> <span class='ocrx_word' id='word_1_87' title='bbox 2399 275 2982 334; x_wconf 73' lang='lat' dir='ltr'><strong>[IL—EXEGETICA.</strong></span> 
     </span>
    </p>
   </div>
   <div class='ocr_carea' id='block_1_15' title="bbox 2042 398 2091 455">
    <p class='ocr_par' dir='ltr' id='par_1_15' title="bbox 2042 398 2091 455">
     <span class='ocr_line' id='line_1_15' title="bbox 2042 398 2091 455; baseline 0 -2"><span class='ocrx_word' id='word_1_88' title='bbox 2042 398 2091 455; x_wconf 85' lang='lat' dir='ltr'><strong>A</strong></span> 
     </span>
    </p>
   </div>
   <div class='ocr_carea' id='block_1_16' title="bbox 3557 276 3699 333">
    <p class='ocr_par' dir='ltr' id='par_1_16' title="bbox 3557 276 3699 333">
     <span class='ocr_line' id='line_1_16' title="bbox 3557 276 3699 333; baseline 0.021 -3"><span class='ocrx_word' id='word_1_89' title='bbox 3557 276 3699 333; x_wconf 72' lang='grc' dir='ltr'>ιοεο</span> 
     </span>
    </p>
   </div>
   <div class='ocr_carea' id='block_1_17' title="bbox 2630 388 3167 445">
    <p class='ocr_par' dir='ltr' id='par_1_17' title="bbox 2630 388 3167 445">
     <span class='ocr_line' id='line_1_17' title="bbox 2630 388 3167 445; baseline -0.006 -1"><span class='ocrx_word' id='word_1_90' title='bbox 2630 388 3028 445; x_wconf 63' lang='grc' dir='ltr'><strong>ΚΕΦΑΛΔΙΟΝ</strong></span> <span class='ocrx_word' id='word_1_91' title='bbox 3064 388 3167 442; x_wconf 76' lang='lat' dir='ltr'><strong>IB’.</strong></span> 
     </span>
    </p>
   </div>
   <div class='ocr_carea' id='block_1_18' title="bbox 2189 480 3700 554">
    <p class='ocr_par' dir='ltr' id='par_1_18' title="bbox 2189 480 3700 554">
     <span class='ocr_line' id='line_1_18' title="bbox 2189 480 3700 554; baseline 0.001 -20"><span class='ocrx_word' id='word_1_92' title='bbox 2189 501 2209 534; x_wconf 87' lang='grc'><strong><em>‹</em></strong></span> <span class='ocrx_word' id='word_1_93' title='bbox 2230 482 2422 538; x_wconf 87' lang='grc' dir='ltr'>Ἦνίκα</span> <span class='ocrx_word' id='word_1_94' title='bbox 2441 483 2487 537; x_wconf 84' lang='grc' dir='ltr'>δ’</span> <span class='ocrx_word' id='word_1_95' title='bbox 2511 482 2578 537; x_wconf 81' lang='grc' dir='ltr'>ἂν</span> <span class='ocrx_word' id='word_1_96' title='bbox 2602 482 2816 554; x_wconf 82' lang='grc' dir='ltr'>εἰσῆλθε</span> <span class='ocrx_word' id='word_1_97' title='bbox 2832 482 3072 552; x_wconf 84' lang='grc' dir='ltr'>Μωῦσῆς</span> <span class='ocrx_word' id='word_1_98' title='bbox 3088 482 3169 544; x_wconf 85' lang='grc' dir='ltr'><strong>είς</strong></span> <span class='ocrx_word' id='word_1_99' title='bbox 3186 481 3287 553; x_wconf 81' lang='grc' dir='ltr'>τὴν</span> <span class='ocrx_word' id='word_1_100' title='bbox 3317 480 3550 552; x_wconf 83' lang='grc' dir='ltr'>σκηνὴν,</span> <span class='ocrx_word' id='word_1_101' title='bbox 3570 497 3700 536; x_wconf 80' lang='grc' dir='ltr'>κατ-</span> 
     </span>
    </p>
   </div>
   <div class='ocr_carea' id='block_1_19' title="bbox 2112 572 3700 646">
    <p class='ocr_par' dir='ltr' id='par_1_19' title="bbox 2112 572 3700 646">
     <span class='ocr_line' id='line_1_19' title="bbox 2112 572 3700 646; baseline -0.002 -19"><span class='ocrx_word' id='word_1_102' title='bbox 2112 574 2327 629; x_wconf 81' lang='grc' dir='ltr'>έϐαινεν</span> <span class='ocrx_word' id='word_1_103' title='bbox 2375 577 2403 628; x_wconf 99' lang='lat'><strong>6</strong></span> <span class='ocrx_word' id='word_1_104' title='bbox 2457 575 2645 639; x_wconf 85' lang='grc' dir='ltr'>στῦλος</span> <span class='ocrx_word' id='word_1_105' title='bbox 2682 574 2783 646; x_wconf 80' lang='grc' dir='ltr'>τῆς</span> <span class='ocrx_word' id='word_1_106' title='bbox 2824 573 3073 644; x_wconf 80' lang='grc' dir='ltr'><strong>νεφέλης,</strong></span> <span class='ocrx_word' id='word_1_107' title='bbox 3114 573 3207 626; x_wconf 78' lang='lat' dir='ltr'><strong>zeal</strong></span> <span class='ocrx_word' id='word_1_108' title='bbox 3244 572 3434 626; x_wconf 79' lang='grc' dir='ltr'><strong>ἵστατο</strong></span> <span class='ocrx_word' id='word_1_109' title='bbox 3472 572 3572 625; x_wconf 70' lang='grc' dir='ltr'><strong>ἐπὶ</strong></span> <span class='ocrx_word' id='word_1_110' title='bbox 3590 572 3700 624; x_wconf 78' lang='grc' dir='ltr'>τῶν</span> 
     </span>
    </p>
   </div>
   <div class='ocr_carea' id='block_1_20' title="bbox 2113 664 3701 740">
    <p class='ocr_par' dir='ltr' id='par_1_20' title="bbox 2113 664 3701 740">
     <span class='ocr_line' id='line_1_20' title="bbox 2113 664 3701 740; baseline -0.001 -21"><span class='ocrx_word' id='word_1_111' title='bbox 2113 668 2291 740; x_wconf 84' lang='grc' dir='ltr'>θυρῶν</span> <span class='ocrx_word' id='word_1_112' title='bbox 2318 667 2420 738; x_wconf 80' lang='grc' dir='ltr'>τῆς</span> <span class='ocrx_word' id='word_1_113' title='bbox 2453 668 2658 739; x_wconf 82' lang='grc' dir='ltr'><strong>σκηνῆς</strong></span> <span class='ocrx_word' id='word_1_114' title='bbox 2675 708 2688 733; x_wconf 89' lang='grc'><strong>,</strong></span> <span class='ocrx_word' id='word_1_115' title='bbox 2721 668 2816 722; x_wconf 85' lang='lat' dir='ltr'><strong>zeal</strong></span> <span class='ocrx_word' id='word_1_116' title='bbox 2844 667 3073 731; x_wconf 83' lang='grc' dir='ltr'><strong>στάντες</strong></span> <span class='ocrx_word' id='word_1_117' title='bbox 3096 667 3123 719; x_wconf 98' lang='lat'><strong>6</strong></span> <span class='ocrx_word' id='word_1_118' title='bbox 3149 665 3276 729; x_wconf 73' lang='grc' dir='ltr'>λαὸς</span> <span class='ocrx_word' id='word_1_119' title='bbox 3298 704 3313 728; x_wconf 86' lang='grc'><strong>,</strong></span> <span class='ocrx_word' id='word_1_120' title='bbox 3346 664 3701 736; x_wconf 82' lang='grc' dir='ltr'>προσεκύνη-</span> 
     </span>
    </p>
   </div>
   <div class='ocr_carea' id='block_1_21' title="bbox 2113 756 3704 831">
    <p class='ocr_par' dir='ltr' id='par_1_21' title="bbox 2113 756 3704 831">
     <span class='ocr_line' id='line_1_21' title="bbox 2113 756 3704 831; baseline -0.003 -18"><span class='ocrx_word' id='word_1_121' title='bbox 2113 778 2213 814; x_wconf 87' lang='grc' dir='ltr'>σαν</span> <span class='ocrx_word' id='word_1_122' title='bbox 2258 761 2486 825; x_wconf 76' lang='grc' dir='ltr'>ἕκαστος</span> <span class='ocrx_word' id='word_1_123' title='bbox 2529 760 2637 815; x_wconf 86' lang='grc' dir='ltr'>ἀπὸ</span> <span class='ocrx_word' id='word_1_124' title='bbox 2683 760 2782 830; x_wconf 82' lang='grc' dir='ltr'>τῆς</span> <span class='ocrx_word' id='word_1_125' title='bbox 2827 760 3049 831; x_wconf 76' lang='grc' dir='ltr'>σκηνῆς.</span> <span class='ocrx_word' id='word_1_126' title='bbox 3089 759 3199 812; x_wconf 88' lang='lat' dir='ltr'><strong>Kal</strong></span> <span class='ocrx_word' id='word_1_127' title='bbox 3236 757 3467 829; x_wconf 82' lang='grc' dir='ltr'>ἐλάλησε</span> <span class='ocrx_word' id='word_1_128' title='bbox 3493 756 3704 830; x_wconf 76' lang='grc' dir='ltr'>Κύριος</span> 
     </span>
    </p>
   </div>
   <div class='ocr_carea' id='block_1_22' title="bbox 2112 851 3703 925">
    <p class='ocr_par' dir='ltr' id='par_1_22' title="bbox 2112 851 3703 925">
     <span class='ocr_line' id='line_1_22' title="bbox 2112 851 3703 925; baseline 0 -18"><span class='ocrx_word' id='word_1_129' title='bbox 2112 852 2247 924; x_wconf 83' lang='grc' dir='ltr'>πρὸς</span> <span class='ocrx_word' id='word_1_130' title='bbox 2274 854 2514 925; x_wconf 83' lang='grc' dir='ltr'><strong>Μωῦσῆν</strong></span> <span class='ocrx_word' id='word_1_131' title='bbox 2540 894 2554 919; x_wconf 86' lang='grc'><strong>,</strong></span> <span class='ocrx_word' id='word_1_132' title='bbox 2590 851 2820 915; x_wconf 83' lang='grc' dir='ltr'>ἐνώπιος</span> <span class='ocrx_word' id='word_1_133' title='bbox 2848 852 3064 922; x_wconf 83' lang='grc' dir='ltr'>ὲνωπίῳ</span> <span class='ocrx_word' id='word_1_134' title='bbox 3085 892 3100 916; x_wconf 90' lang='grc'><strong>,</strong></span> <span class='ocrx_word' id='word_1_135' title='bbox 3141 852 3217 916; x_wconf 88' lang='grc' dir='ltr'>ὡς</span> <span class='ocrx_word' id='word_1_136' title='bbox 3257 854 3308 905; x_wconf 78' lang='grc' dir='ltr'><strong>εί</strong></span> <span class='ocrx_word' id='word_1_137' title='bbox 3341 852 3585 923; x_wconf 74' lang='grc' dir='ltr'>λαλῆσαι</span> <span class='ocrx_word' id='word_1_138' title='bbox 3620 869 3703 914; x_wconf 74' lang='grc' dir='ltr'><strong>τις</strong></span> 
     </span>
    </p>
   </div>
   <div class='ocr_carea' id='block_1_23' title="bbox 2113 941 3704 1015">
    <p class='ocr_par' dir='ltr' id='par_1_23' title="bbox 2113 941 3704 1015">
     <span class='ocr_line' id='line_1_23' title="bbox 2113 941 3704 1015; baseline -0.001 -18"><span class='ocrx_word' id='word_1_139' title='bbox 2113 943 2249 1015; x_wconf 85' lang='grc' dir='ltr'>πρὸς</span> <span class='ocrx_word' id='word_1_140' title='bbox 2278 943 2430 1012; x_wconf 84' lang='grc' dir='ltr'>φίλον</span> <span class='ocrx_word' id='word_1_141' title='bbox 2464 941 2660 1009; x_wconf 76' lang='grc' dir='ltr'>ἑαυτοῦ</span> <span class='ocrx_word' id='word_1_142' title='bbox 2682 961 2694 973; x_wconf 89' lang='grc'><strong>·</strong></span> <span class='ocrx_word' id='word_1_143' title='bbox 2725 942 2819 996; x_wconf 77' lang='grc' dir='ltr'>καὶ</span> <span class='ocrx_word' id='word_1_144' title='bbox 2840 942 3217 1014; x_wconf 82' lang='grc' dir='ltr'><strong>ἀπηλλάττετο</strong></span> <span class='ocrx_word' id='word_1_145' title='bbox 3243 945 3324 1006; x_wconf 90' lang='grc' dir='ltr'>εἰς</span> <span class='ocrx_word' id='word_1_146' title='bbox 3344 943 3449 1014; x_wconf 83' lang='grc' dir='ltr'>τὴν</span> <span class='ocrx_word' id='word_1_147' title='bbox 3478 960 3672 1014; x_wconf 81' lang='grc' dir='ltr'>παρεμ</span> <span class='ocrx_word' id='word_1_148' title='bbox 3691 973 3704 984; x_wconf 85' lang='lat'><strong>-</strong></span> 
     </span>
    </p>
   </div>
   <div class='ocr_carea' id='block_1_24' title="bbox 2111 1031 3704 1104">
    <p class='ocr_par' dir='ltr' id='par_1_24' title="bbox 2111 1031 3704 1104">
     <span class='ocr_line' id='line_1_24' title="bbox 2111 1031 3704 1104; baseline 0.002 -20"><span class='ocrx_word' id='word_1_149' title='bbox 2111 1032 2306 1104; x_wconf 79' lang='grc' dir='ltr'>ϐολήν·</span> <span class='ocrx_word' id='word_1_150' title='bbox 2340 1035 2369 1086; x_wconf 92' lang='lat'><strong>6</strong></span> <span class='ocrx_word' id='word_1_151' title='bbox 2411 1033 2468 1086; x_wconf 84' lang='grc' dir='ltr'><strong>δὲ</strong></span> <span class='ocrx_word' id='word_1_152' title='bbox 2508 1031 2762 1103; x_wconf 77' lang='grc' dir='ltr'><strong>θεράπων</strong></span> <span class='ocrx_word' id='word_1_153' title='bbox 2793 1032 2957 1103; x_wconf 78' lang='grc' dir='ltr'>αὐτοῦ</span> <span class='ocrx_word' id='word_1_154' title='bbox 3000 1031 3205 1102; x_wconf 79' lang='grc' dir='ltr'>Ἰησοῦς</span> <span class='ocrx_word' id='word_1_155' title='bbox 3237 1034 3351 1097; x_wconf 75' lang='grc' dir='ltr'>υἱὸς</span> <span class='ocrx_word' id='word_1_156' title='bbox 3391 1033 3559 1104; x_wconf 83' lang='grc' dir='ltr'><strong>Ναυῆ</strong></span> <span class='ocrx_word' id='word_1_157' title='bbox 3602 1035 3704 1087; x_wconf 70' lang='grc' dir='ltr'><strong>οὐκ</strong></span> 
     </span>
    </p>
   </div>
   <div class='ocr_carea' id='block_1_25' title="bbox 2110 1120 3704 1198">
    <p class='ocr_par' dir='ltr' id='par_1_25' title="bbox 2110 1120 3704 1198">
     <span class='ocr_line' id='line_1_25' title="bbox 2110 1120 3704 1198; baseline 0 -20"><span class='ocrx_word' id='word_1_158' title='bbox 2110 1124 2465 1197; x_wconf 79' lang='grc' dir='ltr'><strong>ἐξεπορεύετο</strong></span> <span class='ocrx_word' id='word_1_159' title='bbox 2498 1126 2563 1177; x_wconf 79' lang='grc' dir='ltr'>ἐκ</span> <span class='ocrx_word' id='word_1_160' title='bbox 2591 1124 2693 1194; x_wconf 83' lang='grc' dir='ltr'>τῆς</span> <span class='ocrx_word' id='word_1_161' title='bbox 2724 1124 2950 1195; x_wconf 83' lang='grc' dir='ltr'><strong>σκηνῆς.</strong></span> <span class='ocrx_word' id='word_1_162' title='bbox 2982 1125 3091 1177; x_wconf 84' lang='lat' dir='ltr'><strong>Kal</strong></span> <span class='ocrx_word' id='word_1_163' title='bbox 3109 1120 3232 1179; x_wconf 79' lang='grc' dir='ltr'>εἷπε</span> <span class='ocrx_word' id='word_1_164' title='bbox 3267 1126 3521 1196; x_wconf 75' lang='grc' dir='ltr'>Μωῦσῆς</span> <span class='ocrx_word' id='word_1_165' title='bbox 3567 1126 3704 1198; x_wconf 75' lang='grc' dir='ltr'>πρὸς</span> 
     </span>
    </p>
   </div>
   <div class='ocr_carea' id='block_1_26' title="bbox 2111 1216 3706 1290">
    <p class='ocr_par' dir='ltr' id='par_1_26' title="bbox 2111 1216 3706 1290">
     <span class='ocr_line' id='line_1_26' title="bbox 2111 1216 3706 1290; baseline 0.001 -17"><span class='ocrx_word' id='word_1_166' title='bbox 2111 1218 2335 1290; x_wconf 84' lang='grc' dir='ltr'><strong>Κύριον·</strong></span> <span class='ocrx_word' id='word_1_167' title='bbox 2366 1218 2520 1282; x_wconf 83' lang='grc' dir='ltr'>Ἰδοὺ,</span> <span class='ocrx_word' id='word_1_168' title='bbox 2557 1217 2622 1269; x_wconf 80' lang='grc' dir='ltr'>σὺ</span> <span class='ocrx_word' id='word_1_169' title='bbox 2653 1216 2828 1285; x_wconf 87' lang='grc' dir='ltr'>λέγεις</span> <span class='ocrx_word' id='word_1_170' title='bbox 2862 1234 2971 1288; x_wconf 82' lang='grc' dir='ltr'>μοι·</span> <span class='ocrx_word' id='word_1_171' title='bbox 2991 1217 3259 1286; x_wconf 82' lang='grc' dir='ltr'>’Δνάγαγε</span> <span class='ocrx_word' id='word_1_172' title='bbox 3284 1219 3377 1273; x_wconf 81' lang='grc' dir='ltr'>τὸν</span> <span class='ocrx_word' id='word_1_173' title='bbox 3409 1219 3544 1273; x_wconf 74' lang='grc' dir='ltr'>λαὸν</span> <span class='ocrx_word' id='word_1_174' title='bbox 3582 1222 3706 1275; x_wconf 68' lang='grc' dir='ltr'><strong>τοῦ-</strong></span> 
     </span>
    </p>
   </div>
   <div class='ocr_carea' id='block_1_27' title="bbox 2106 1312 3701 1386">
    <p class='ocr_par' dir='ltr' id='par_1_27' title="bbox 2106 1312 3701 1386">
     <span class='ocr_line' id='line_1_27' title="bbox 2106 1312 3701 1386; baseline 0.001 -19"><span class='ocrx_word' id='word_1_175' title='bbox 2106 1334 2219 1381; x_wconf 87' lang='grc' dir='ltr'>τον,</span> <span class='ocrx_word' id='word_1_176' title='bbox 2253 1316 2317 1368; x_wconf 77' lang='grc' dir='ltr'>σὺ</span> <span class='ocrx_word' id='word_1_177' title='bbox 2351 1314 2409 1367; x_wconf 85' lang='grc' dir='ltr'><strong>δὲ</strong></span> <span class='ocrx_word' id='word_1_178' title='bbox 2435 1315 2535 1367; x_wconf 82' lang='grc' dir='ltr'>οὐκ</span> <span class='ocrx_word' id='word_1_179' title='bbox 2572 1312 2848 1385; x_wconf 80' lang='grc' dir='ltr'>ὲδήλωσάς</span> <span class='ocrx_word' id='word_1_180' title='bbox 2885 1331 3007 1383; x_wconf 89' lang='grc' dir='ltr'>μοι,</span> <span class='ocrx_word' id='word_1_181' title='bbox 3040 1312 3099 1367; x_wconf 79' lang='grc' dir='ltr'><strong>ὃν</strong></span> <span class='ocrx_word' id='word_1_182' title='bbox 3127 1314 3192 1366; x_wconf 88' lang='grc' dir='ltr'>σὺ</span> <span class='ocrx_word' id='word_1_183' title='bbox 3227 1314 3555 1378; x_wconf 82' lang='grc' dir='ltr'><strong>ἀποστελεῖς</strong></span> <span class='ocrx_word' id='word_1_184' title='bbox 3585 1316 3701 1386; x_wconf 78' lang='grc' dir='ltr'>μετ’</span> 
     </span>
    </p>
   </div>
   <div class='ocr_carea' id='block_1_28' title="bbox 2109 1400 3706 1478">
    <p class='ocr_par' dir='ltr' id='par_1_28' title="bbox 2109 1400 3706 1478">
     <span class='ocr_line' id='line_1_28' title="bbox 2109 1400 3706 1478; baseline -0.002 -18"><span class='ocrx_word' id='word_1_185' title='bbox 2109 1406 2274 1478; x_wconf 77' lang='grc' dir='ltr'><strong>ἐμοῦ·</strong></span> <span class='ocrx_word' id='word_1_186' title='bbox 2326 1407 2390 1460; x_wconf 82' lang='grc' dir='ltr'>σὺ</span> <span class='ocrx_word' id='word_1_187' title='bbox 2434 1405 2491 1458; x_wconf 88' lang='grc' dir='ltr'>δέ</span> <span class='ocrx_word' id='word_1_188' title='bbox 2526 1422 2617 1476; x_wconf 86' lang='grc' dir='ltr'>μοι</span> <span class='ocrx_word' id='word_1_189' title='bbox 2659 1400 2821 1468; x_wconf 85' lang='grc' dir='ltr'>εἶπας</span> <span class='ocrx_word' id='word_1_190' title='bbox 2844 1418 2857 1431; x_wconf 68' lang='grc'><strong>⁸</strong></span> <span class='ocrx_word' id='word_1_191' title='bbox 2893 1400 3023 1458; x_wconf 83' lang='grc' dir='ltr'>Οἶδά</span> <span class='ocrx_word' id='word_1_192' title='bbox 3056 1421 3117 1458; x_wconf 91' lang='grc' dir='ltr'><strong>σε</strong></span> <span class='ocrx_word' id='word_1_193' title='bbox 3147 1404 3298 1476; x_wconf 80' lang='grc' dir='ltr'>παρὰ</span> <span class='ocrx_word' id='word_1_194' title='bbox 3330 1406 3585 1471; x_wconf 86' lang='grc' dir='ltr'>πάντας,</span> <span class='ocrx_word' id='word_1_195' title='bbox 3608 1407 3706 1460; x_wconf 74' lang='lat' dir='ltr'><strong>zeal</strong></span> 
     </span>
    </p>
   </div>
   <div class='ocr_carea' id='block_1_29' title="bbox 422 1493 2006 1570">
    <p class='ocr_par' dir='ltr' id='par_1_29' title="bbox 422 1496 2006 1569">
     <span class='ocr_line' id='line_1_29' title="bbox 422 1496 2006 1569; baseline 0.001 -20"><span class='ocrx_word' id='word_1_196' title='bbox 422 1510 519 1551; x_wconf 87' lang='lat' dir='ltr'><strong>cas</strong></span> <span class='ocrx_word' id='word_1_197' title='bbox 550 1496 683 1552; x_wconf 89' lang='lat' dir='ltr'><strong>mihi</strong></span> <span class='ocrx_word' id='word_1_198' title='bbox 741 1511 905 1566; x_wconf 89' lang='lat' dir='ltr'><strong>quem</strong></span> <span class='ocrx_word' id='word_1_199' title='bbox 959 1496 1232 1552; x_wconf 90' lang='lat' dir='ltr'><strong>missurus</strong></span> <span class='ocrx_word' id='word_1_200' title='bbox 1281 1512 1340 1553; x_wconf 89' lang='lat' dir='ltr'><strong>es</strong></span> <span class='ocrx_word' id='word_1_201' title='bbox 1393 1513 1607 1553; x_wconf 90' lang='lat' dir='ltr'><strong>mecum</strong></span> <span class='ocrx_word' id='word_1_202' title='bbox 1644 1537 1659 1565; x_wconf 89' lang='lat'><strong>,</strong></span> <span class='ocrx_word' id='word_1_203' title='bbox 1705 1500 2006 1569; x_wconf 72' lang='lat' dir='ltr'><strong>praesertim</strong></span> 
     </span>
    </p>
   </div>
   <div class='ocr_carea' id='block_1_30' title="bbox 2115 1493 3705 1570">
    <p class='ocr_par' dir='ltr' id='par_1_30' title="bbox 2115 1493 3705 1570">
     <span class='ocr_line' id='line_1_30' title="bbox 2115 1493 3705 1570; baseline -0.001 -17"><span class='ocrx_word' id='word_1_204' title='bbox 2115 1499 2253 1570; x_wconf 71' lang='grc' dir='ltr'>ἔχεις</span> <span class='ocrx_word' id='word_1_205' title='bbox 2301 1498 2459 1569; x_wconf 81' lang='grc' dir='ltr'>χάριν</span> <span class='ocrx_word' id='word_1_206' title='bbox 2497 1497 2629 1568; x_wconf 86' lang='grc' dir='ltr'>παρ’</span> <span class='ocrx_word' id='word_1_207' title='bbox 2654 1497 2795 1568; x_wconf 72' lang='grc' dir='ltr'><strong>ἐμοί.</strong></span> <span class='ocrx_word' id='word_1_208' title='bbox 2824 1498 2886 1550; x_wconf 84' lang='grc' dir='ltr'><strong>Εἰ</strong></span> <span class='ocrx_word' id='word_1_209' title='bbox 2914 1493 3005 1551; x_wconf 82' lang='grc' dir='ltr'><strong>οὖν</strong></span> <span class='ocrx_word' id='word_1_210' title='bbox 3034 1496 3245 1569; x_wconf 79' lang='grc' dir='ltr'>εὕρηκα</span> <span class='ocrx_word' id='word_1_211' title='bbox 3268 1499 3433 1569; x_wconf 82' lang='grc' dir='ltr'>χάριν</span> <span class='ocrx_word' id='word_1_212' title='bbox 3459 1500 3705 1552; x_wconf 79' lang='grc' dir='ltr'>ἐναντίον</span> 
     </span>
    </p>
   </div>
   <div class='ocr_carea' id='block_1_31' title="bbox 424 1587 2008 1654">
    <p class='ocr_par' dir='ltr' id='par_1_31' title="bbox 424 1587 2008 1654">
     <span class='ocr_line' id='line_1_31' title="bbox 424 1587 2008 1654; baseline 0 -11"><span class='ocrx_word' id='word_1_213' title='bbox 424 1604 555 1643; x_wconf 91' lang='lat' dir='ltr'><strong>cum</strong></span> <span class='ocrx_word' id='word_1_214' title='bbox 601 1588 853 1645; x_wconf 76' lang='lat' dir='ltr'><strong>dixeris:</strong></span> <span class='ocrx_word' id='word_1_215' title='bbox 914 1587 1050 1643; x_wconf 88' lang='lat' dir='ltr'><strong>Novi</strong></span> <span class='ocrx_word' id='word_1_216' title='bbox 1108 1596 1164 1643; x_wconf 90' lang='lat' dir='ltr'><strong>te</strong></span> <span class='ocrx_word' id='word_1_217' title='bbox 1214 1604 1279 1643; x_wconf 86' lang='lat' dir='ltr'><strong>ex</strong></span> <span class='ocrx_word' id='word_1_218' title='bbox 1346 1589 1585 1654; x_wconf 88' lang='lat' dir='ltr'><strong>nomine,</strong></span> <span class='ocrx_word' id='word_1_219' title='bbox 1641 1599 1695 1644; x_wconf 91' lang='lat' dir='ltr'><strong>et</strong></span> <span class='ocrx_word' id='word_1_220' title='bbox 1750 1589 2008 1645; x_wconf 87' lang='lat' dir='ltr'><strong>invenisti</strong></span> 
     </span>
    </p>
   </div>
   <div class='ocr_carea' id='block_1_32' title="bbox 423 1677 2007 1751">
    <p class='ocr_par' dir='ltr' id='par_1_32' title="bbox 423 1677 2007 1751">
     <span class='ocr_line' id='line_1_32' title="bbox 423 1677 2007 1751; baseline 0.003 -18"><span class='ocrx_word' id='word_1_221' title='bbox 423 1680 659 1748; x_wconf 84' lang='lat' dir='ltr'><strong>gratiam</strong></span> <span class='ocrx_word' id='word_1_222' title='bbox 690 1694 880 1734; x_wconf 90' lang='lat' dir='ltr'><strong>coram</strong></span> <span class='ocrx_word' id='word_1_223' title='bbox 913 1695 1021 1735; x_wconf 90' lang='lat' dir='ltr'><strong>me.</strong></span> <span class='ocrx_word' id='word_1_224' title='bbox 1060 1677 1118 1733; x_wconf 92' lang='lat' dir='ltr'><strong>Si</strong></span> <span class='ocrx_word' id='word_1_225' title='bbox 1148 1694 1279 1750; x_wconf 86' lang='lat' dir='ltr'><strong>ergo</strong></span> <span class='ocrx_word' id='word_1_226' title='bbox 1312 1681 1491 1735; x_wconf 85' lang='lat' dir='ltr'><strong>inveni</strong></span> <span class='ocrx_word' id='word_1_227' title='bbox 1526 1682 1759 1751; x_wconf 82' lang='lat' dir='ltr'><strong>gratiam</strong></span> <span class='ocrx_word' id='word_1_228' title='bbox 1791 1682 1847 1736; x_wconf 93' lang='lat' dir='ltr'><strong>in</strong></span> <span class='ocrx_word' id='word_1_229' title='bbox 1874 1698 2007 1737; x_wconf 86' lang='lat' dir='ltr'><strong>con-</strong></span> 
     </span>
    </p>
   </div>
   <div class='ocr_carea' id='block_1_33' title="bbox 2109 1591 3706 1663">
    <p class='ocr_par' dir='ltr' id='par_1_33' title="bbox 2109 1591 3706 1663">
     <span class='ocr_line' id='line_1_33' title="bbox 2109 1591 3706 1663; baseline -0.001 -16"><span class='ocrx_word' id='word_1_230' title='bbox 2109 1611 2226 1655; x_wconf 92' lang='grc' dir='ltr'>σου,</span> <span class='ocrx_word' id='word_1_231' title='bbox 2262 1591 2562 1663; x_wconf 77' lang='grc' dir='ltr'>ἐμφάνισον</span> <span class='ocrx_word' id='word_1_232' title='bbox 2597 1608 2688 1663; x_wconf 87' lang='grc' dir='ltr'>μοι</span> <span class='ocrx_word' id='word_1_233' title='bbox 2717 1591 2943 1644; x_wconf 87' lang='grc' dir='ltr'>σεαυτόν</span> <span class='ocrx_word' id='word_1_234' title='bbox 2965 1608 2977 1620; x_wconf 74' lang='grc' dir='ltr'><strong>ο</strong></span> <span class='ocrx_word' id='word_1_235' title='bbox 3004 1591 3262 1659; x_wconf 85' lang='grc' dir='ltr'>γνωστῶς</span> <span class='ocrx_word' id='word_1_236' title='bbox 3292 1591 3386 1645; x_wconf 54' lang='grc' dir='ltr'><strong>ὧι)</strong></span> <span class='ocrx_word' id='word_1_237' title='bbox 3428 1609 3489 1645; x_wconf 88' lang='grc' dir='ltr'>σε</span> <span class='ocrx_word' id='word_1_238' title='bbox 3507 1632 3523 1655; x_wconf 92' lang='grc'><strong>,</strong></span> <span class='ocrx_word' id='word_1_239' title='bbox 3550 1593 3706 1656; x_wconf 76' lang='grc' dir='ltr'>ὅπως</span> 
     </span>
    </p>
   </div>
   <div class='ocr_carea' id='block_1_34' title="bbox 2112 1680 3705 1755">
    <p class='ocr_par' dir='ltr' id='par_1_34' title="bbox 2112 1680 3705 1755">
     <span class='ocr_line' id='line_1_34' title="bbox 2112 1680 3705 1755; baseline -0.001 -16"><span class='ocrx_word' id='word_1_240' title='bbox 2112 1685 2177 1740; x_wconf 85' lang='grc' dir='ltr'><strong>ἂν</strong></span> <span class='ocrx_word' id='word_1_241' title='bbox 2209 1680 2253 1738; x_wconf 80' lang='grc' dir='ltr'><strong>ὦ</strong></span> <span class='ocrx_word' id='word_1_242' title='bbox 2280 1684 2530 1755; x_wconf 85' lang='grc' dir='ltr'>εὑρηκὼς</span> <span class='ocrx_word' id='word_1_243' title='bbox 2568 1682 2728 1755; x_wconf 82' lang='grc' dir='ltr'>χάριν</span> <span class='ocrx_word' id='word_1_244' title='bbox 2756 1683 2994 1736; x_wconf 82' lang='grc' dir='ltr'>ἐναντίον</span> <span class='ocrx_word' id='word_1_245' title='bbox 3029 1700 3157 1747; x_wconf 89' lang='grc' dir='ltr'>σου,</span> <span class='ocrx_word' id='word_1_246' title='bbox 3197 1684 3289 1736; x_wconf 74' lang='grc' dir='ltr'>καὶ</span> <span class='ocrx_word' id='word_1_247' title='bbox 3328 1685 3418 1737; x_wconf 72' lang='grc' dir='ltr'><strong>ἵνα</strong></span> <span class='ocrx_word' id='word_1_248' title='bbox 3464 1684 3582 1753; x_wconf 85' lang='grc' dir='ltr'>γνῶ</span> <span class='ocrx_word' id='word_1_249' title='bbox 3620 1685 3705 1737; x_wconf 77' lang='grc' dir='ltr'>ὅτι</span> 
     </span>
    </p>
   </div>
   <div class='ocr_carea' id='block_1_35' title="bbox 422 1752 2006 1847">
    <p class='ocr_par' dir='ltr' id='par_1_35' title="bbox 422 1771 2006 1842">
     <span class='ocr_line' id='line_1_35' title="bbox 422 1771 2006 1842; baseline 0 -15"><span class='ocrx_word' id='word_1_250' title='bbox 422 1782 613 1842; x_wconf 81' lang='lat' dir='ltr'><strong>spectu</strong></span> <span class='ocrx_word' id='word_1_251' title='bbox 641 1779 758 1835; x_wconf 89' lang='lat' dir='ltr'><strong>tuo,</strong></span> <span class='ocrx_word' id='word_1_252' title='bbox 800 1774 1029 1828; x_wconf 87' lang='lat' dir='ltr'><strong>ostende</strong></span> <span class='ocrx_word' id='word_1_253' title='bbox 1074 1773 1210 1827; x_wconf 88' lang='lat' dir='ltr'><strong>mihi</strong></span> <span class='ocrx_word' id='word_1_254' title='bbox 1267 1771 1463 1827; x_wconf 83' lang='lat' dir='ltr'><strong>faciem</strong></span> <span class='ocrx_word' id='word_1_255' title='bbox 1498 1782 1684 1839; x_wconf 89' lang='lat' dir='ltr'><strong>tuam,</strong></span> <span class='ocrx_word' id='word_1_256' title='bbox 1743 1782 1803 1827; x_wconf 94' lang='lat' dir='ltr'><strong>ut</strong></span> <span class='ocrx_word' id='word_1_257' title='bbox 1838 1775 2006 1828; x_wconf 83' lang='lat' dir='ltr'><strong>sciam</strong></span> 
     </span>
    </p>
   </div>
   <div class='ocr_carea' id='block_1_36' title="bbox 2115 1752 3707 1847">
    <p class='ocr_par' dir='ltr' id='par_1_36' title="bbox 2115 1752 3707 1847">
     <span class='ocr_line' id='line_1_36' title="bbox 2115 1752 3707 1847; baseline -0.001 -18"><span class='ocrx_word' id='word_1_258' title='bbox 2115 1777 2236 1841; x_wconf 89' lang='grc' dir='ltr'>λαός</span> <span class='ocrx_word' id='word_1_259' title='bbox 2269 1752 2363 1830; x_wconf 75' lang='grc' dir='ltr'>σου</span> <span class='ocrx_word' id='word_1_260' title='bbox 2397 1752 2457 1829; x_wconf 55' lang='lat' dir='ltr'><strong>es</strong></span> <span class='ocrx_word' id='word_1_261' title='bbox 2484 1752 2853 1839; x_wconf 49' lang='grc' dir='ltr'>ιθνόςεοῠτο.</span> <span class='ocrx_word' id='word_1_262' title='bbox 2908 1776 3019 1829; x_wconf 89' lang='lat' dir='ltr'><strong>Kal</strong></span> <span class='ocrx_word' id='word_1_263' title='bbox 3062 1776 3232 1844; x_wconf 87' lang='grc' dir='ltr'>λέγει·</span> <span class='ocrx_word' id='word_1_264' title='bbox 3276 1777 3452 1839; x_wconf 74' lang='grc' dir='ltr'>Αὐτὸς</span> <span class='ocrx_word' id='word_1_265' title='bbox 3480 1752 3707 1847; x_wconf 72' lang='grc' dir='ltr'>προπο-</span> 
     </span>
    </p>
   </div>
   <div class='ocr_carea' id='block_1_37' title="bbox 421 1871 2012 1943">
    <p class='ocr_par' dir='ltr' id='par_1_37' title="bbox 421 1871 2012 1943">
     <span class='ocr_line' id='line_1_37' title="bbox 421 1871 2012 1943; baseline 0.001 -18"><span class='ocrx_word' id='word_1_266' title='bbox 421 1882 496 1938; x_wconf 86' lang='lat' dir='ltr'><strong>te,</strong></span> <span class='ocrx_word' id='word_1_267' title='bbox 530 1879 585 1927; x_wconf 90' lang='lat' dir='ltr'><strong>et</strong></span> <span class='ocrx_word' id='word_1_268' title='bbox 608 1872 884 1927; x_wconf 85' lang='lat' dir='ltr'><strong>inveniam</strong></span> <span class='ocrx_word' id='word_1_269' title='bbox 922 1872 1153 1943; x_wconf 80' lang='lat' dir='ltr'><strong>gratiam</strong></span> <span class='ocrx_word' id='word_1_270' title='bbox 1201 1879 1327 1927; x_wconf 85' lang='lat' dir='ltr'><strong>ante</strong></span> <span class='ocrx_word' id='word_1_271' title='bbox 1356 1872 1547 1926; x_wconf 91' lang='lat' dir='ltr'><strong>oculos</strong></span> <span class='ocrx_word' id='word_1_272' title='bbox 1575 1878 1701 1926; x_wconf 89' lang='lat' dir='ltr'><strong>tuos</strong></span> <span class='ocrx_word' id='word_1_273' title='bbox 1733 1888 1748 1925; x_wconf 96' lang='lat'><strong>:</strong></span> <span class='ocrx_word' id='word_1_274' title='bbox 1798 1871 2012 1942; x_wconf 89' lang='lat' dir='ltr'><strong>respice</strong></span> 
     </span>
    </p>
   </div>
   <div class='ocr_carea' id='block_1_38' title="bbox 422 1961 2008 2035">
    <p class='ocr_par' dir='ltr' id='par_1_38' title="bbox 422 1961 2008 2035">
     <span class='ocr_line' id='line_1_38' title="bbox 422 1961 2008 2035; baseline 0.001 -17"><span class='ocrx_word' id='word_1_275' title='bbox 422 1965 689 2035; x_wconf 86' lang='lat' dir='ltr'><strong>populum</strong></span> <span class='ocrx_word' id='word_1_276' title='bbox 724 1972 880 2019; x_wconf 91' lang='lat' dir='ltr'><strong>tuum</strong></span> <span class='ocrx_word' id='word_1_277' title='bbox 930 1972 1145 2034; x_wconf 80' lang='lat' dir='ltr'><strong>gentem</strong></span> <span class='ocrx_word' id='word_1_278' title='bbox 1179 1964 1339 2021; x_wconf 89' lang='lat' dir='ltr'><strong>hanc.</strong></span> <span class='ocrx_word' id='word_1_279' title='bbox 1397 1963 1651 2034; x_wconf 82' lang='lat' dir='ltr'><strong>Dixitque</strong></span> <span class='ocrx_word' id='word_1_280' title='bbox 1704 1961 2008 2020; x_wconf 88' lang='lat' dir='ltr'><strong>Dominus:</strong></span> 
     </span>
    </p>
   </div>
   <div class='ocr_carea' id='block_1_39' title="bbox 425 2055 2012 2127">
    <p class='ocr_par' dir='ltr' id='par_1_39' title="bbox 425 2055 2012 2127">
     <span class='ocr_line' id='line_1_39' title="bbox 425 2055 2012 2127; baseline 0.003 -19"><span class='ocrx_word' id='word_1_281' title='bbox 425 2055 620 2111; x_wconf 85' lang='lat' dir='ltr'><strong>Facies</strong></span> <span class='ocrx_word' id='word_1_282' title='bbox 659 2071 780 2112; x_wconf 90' lang='lat' dir='ltr'><strong>mea</strong></span> <span class='ocrx_word' id='word_1_283' title='bbox 816 2055 1086 2126; x_wconf 64' lang='lat' dir='ltr'><strong>praecedet</strong></span> <span class='ocrx_word' id='word_1_284' title='bbox 1130 2067 1202 2120; x_wconf 90' lang='lat' dir='ltr'><strong>te,</strong></span> <span class='ocrx_word' id='word_1_285' title='bbox 1238 2066 1292 2112; x_wconf 88' lang='lat' dir='ltr'><strong>et</strong></span> <span class='ocrx_word' id='word_1_286' title='bbox 1325 2057 1570 2127; x_wconf 88' lang='lat' dir='ltr'><strong>requiem</strong></span> <span class='ocrx_word' id='word_1_287' title='bbox 1615 2057 1758 2112; x_wconf 88' lang='lat' dir='ltr'><strong>dabo</strong></span> <span class='ocrx_word' id='word_1_288' title='bbox 1793 2058 1913 2112; x_wconf 89' lang='lat' dir='ltr'><strong>tibi.</strong></span> <span class='ocrx_word' id='word_1_289' title='bbox 1944 2056 2012 2112; x_wconf 91' lang='lat' dir='ltr'><strong>Et</strong></span> 
     </span>
    </p>
   </div>
   <div class='ocr_carea' id='block_1_40' title="bbox 425 2147 2010 2220">
    <p class='ocr_par' dir='ltr' id='par_1_40' title="bbox 425 2147 2010 2220">
     <span class='ocr_line' id='line_1_40' title="bbox 425 2147 2010 2220; baseline 0.003 -18"><span class='ocrx_word' id='word_1_290' title='bbox 425 2150 502 2202; x_wconf 90' lang='lat' dir='ltr'><strong>ait</strong></span> <span class='ocrx_word' id='word_1_291' title='bbox 532 2147 788 2220; x_wconf 77' lang='lat' dir='ltr'><strong>Moyses:</strong></span> <span class='ocrx_word' id='word_1_292' title='bbox 829 2148 887 2202; x_wconf 91' lang='lat' dir='ltr'><strong>Si</strong></span> <span class='ocrx_word' id='word_1_293' title='bbox 938 2164 1047 2203; x_wconf 91' lang='lat' dir='ltr'><strong>non</strong></span> <span class='ocrx_word' id='word_1_294' title='bbox 1079 2156 1135 2202; x_wconf 92' lang='lat' dir='ltr'><strong>tu</strong></span> <span class='ocrx_word' id='word_1_295' title='bbox 1182 2149 1299 2220; x_wconf 91' lang='lat' dir='ltr'><strong>ipse</strong></span> <span class='ocrx_word' id='word_1_296' title='bbox 1357 2150 1656 2219; x_wconf 82' lang='lat' dir='ltr'><strong>praecedas,</strong></span> <span class='ocrx_word' id='word_1_297' title='bbox 1692 2165 1762 2206; x_wconf 85' lang='lat' dir='ltr'><strong>ne</strong></span> <span class='ocrx_word' id='word_1_298' title='bbox 1807 2150 2010 2206; x_wconf 86' lang='lat' dir='ltr'><strong>educas</strong></span> 
     </span>
    </p>
   </div>
   <div class='ocr_carea' id='block_1_41' title="bbox 424 2241 2011 2314">
    <p class='ocr_par' dir='ltr' id='par_1_41' title="bbox 424 2241 2011 2314">
     <span class='ocr_line' id='line_1_41' title="bbox 424 2241 2011 2314; baseline 0.003 -18"><span class='ocrx_word' id='word_1_299' title='bbox 424 2255 530 2297; x_wconf 87' lang='lat' dir='ltr'><strong>nos</strong></span> <span class='ocrx_word' id='word_1_300' title='bbox 561 2241 629 2296; x_wconf 89' lang='lat' dir='ltr'><strong>de</strong></span> <span class='ocrx_word' id='word_1_301' title='bbox 660 2242 783 2296; x_wconf 89' lang='lat' dir='ltr'><strong>loco</strong></span> <span class='ocrx_word' id='word_1_302' title='bbox 813 2241 940 2297; x_wconf 90' lang='lat' dir='ltr'><strong>isto.</strong></span> <span class='ocrx_word' id='word_1_303' title='bbox 977 2242 1035 2296; x_wconf 90' lang='lat' dir='ltr'><strong>ln</strong></span> <span class='ocrx_word' id='word_1_304' title='bbox 1067 2256 1178 2312; x_wconf 93' lang='lat' dir='ltr'><strong>quo</strong></span> <span class='ocrx_word' id='word_1_305' title='bbox 1230 2242 1375 2297; x_wconf 91' lang='lat' dir='ltr'><strong>enim</strong></span> <span class='ocrx_word' id='word_1_306' title='bbox 1410 2243 1553 2299; x_wconf 90' lang='lat' dir='ltr'><strong>scire</strong></span> <span class='ocrx_word' id='word_1_307' title='bbox 1582 2243 1881 2312; x_wconf 87' lang='lat' dir='ltr'><strong>poterimus</strong></span> <span class='ocrx_word' id='word_1_308' title='bbox 1909 2258 2011 2314; x_wconf 90' lang='lat' dir='ltr'><strong>ego</strong></span> 
     </span>
    </p>
   </div>
   <div class='ocr_carea' id='block_1_42' title="bbox 419 2334 2011 2407">
    <p class='ocr_par' dir='ltr' id='par_1_42' title="bbox 419 2334 2011 2407">
     <span class='ocr_line' id='line_1_42' title="bbox 419 2334 2011 2407; baseline 0.003 -21"><span class='ocrx_word' id='word_1_309' title='bbox 419 2341 477 2386; x_wconf 88' lang='lat' dir='ltr'><strong>et</strong></span> <span class='ocrx_word' id='word_1_310' title='bbox 505 2334 740 2404; x_wconf 91' lang='lat' dir='ltr'><strong>populus</strong></span> <span class='ocrx_word' id='word_1_311' title='bbox 766 2342 894 2389; x_wconf 89' lang='lat' dir='ltr'><strong>tuus</strong></span> <span class='ocrx_word' id='word_1_312' title='bbox 924 2335 1204 2390; x_wconf 87' lang='lat' dir='ltr'><strong>invenisse</strong></span> <span class='ocrx_word' id='word_1_313' title='bbox 1233 2349 1335 2390; x_wconf 90' lang='lat' dir='ltr'><strong>nos</strong></span> <span class='ocrx_word' id='word_1_314' title='bbox 1368 2337 1598 2406; x_wconf 81' lang='lat' dir='ltr'><strong>gratiam</strong></span> <span class='ocrx_word' id='word_1_315' title='bbox 1629 2336 1683 2391; x_wconf 92' lang='lat' dir='ltr'><strong>in</strong></span> <span class='ocrx_word' id='word_1_316' title='bbox 1710 2344 2011 2407; x_wconf 89' lang='lat' dir='ltr'><strong>conspectu</strong></span> 
     </span>
    </p>
   </div>
   <div class='ocr_carea' id='block_1_43' title="bbox 424 2427 2010 2500">
    <p class='ocr_par' dir='ltr' id='par_1_43' title="bbox 424 2427 2010 2500">
     <span class='ocr_line' id='line_1_43' title="bbox 424 2427 2010 2500; baseline 0.003 -20"><span class='ocrx_word' id='word_1_317' title='bbox 424 2437 541 2491; x_wconf 85' lang='lat' dir='ltr'><strong>tuo,</strong></span> <span class='ocrx_word' id='word_1_318' title='bbox 574 2428 683 2482; x_wconf 91' lang='lat' dir='ltr'><strong>nisi</strong></span> <span class='ocrx_word' id='word_1_319' title='bbox 706 2427 1075 2483; x_wconf 87' lang='lat' dir='ltr'><strong>ambulaveris</strong></span> <span class='ocrx_word' id='word_1_320' title='bbox 1104 2429 1415 2491; x_wconf 89' lang='lat' dir='ltr'><strong>nobiseum,</strong></span> <span class='ocrx_word' id='word_1_321' title='bbox 1452 2437 1513 2482; x_wconf 94' lang='lat' dir='ltr'><strong>ut</strong></span> <span class='ocrx_word' id='word_1_322' title='bbox 1541 2428 1909 2500; x_wconf 84' lang='lat' dir='ltr'><strong>gloriﬁcemur</strong></span> <span class='ocrx_word' id='word_1_323' title='bbox 1941 2429 2010 2484; x_wconf 90' lang='lat' dir='ltr'><strong>ab</strong></span> 
     </span>
    </p>
   </div>
   <div class='ocr_carea' id='block_1_44' title="bbox 422 2519 2011 2592">
    <p class='ocr_par' dir='ltr' id='par_1_44' title="bbox 422 2519 2011 2592">
     <span class='ocr_line' id='line_1_44' title="bbox 422 2519 2011 2592; baseline 0.003 -21"><span class='ocrx_word' id='word_1_324' title='bbox 422 2520 680 2574; x_wconf 90' lang='lat' dir='ltr'><strong>omnibus</strong></span> <span class='ocrx_word' id='word_1_325' title='bbox 712 2519 930 2589; x_wconf 89' lang='lat' dir='ltr'><strong>populis</strong></span> <span class='ocrx_word' id='word_1_326' title='bbox 958 2520 1053 2590; x_wconf 90' lang='lat' dir='ltr'><strong>qui</strong></span> <span class='ocrx_word' id='word_1_327' title='bbox 1093 2520 1340 2575; x_wconf 87' lang='lat' dir='ltr'><strong>habitant</strong></span> <span class='ocrx_word' id='word_1_328' title='bbox 1377 2536 1543 2592; x_wconf 87' lang='lat' dir='ltr'><strong>super</strong></span> <span class='ocrx_word' id='word_1_329' title='bbox 1592 2529 1817 2577; x_wconf 91' lang='lat' dir='ltr'><strong>terram.</strong></span> <span class='ocrx_word' id='word_1_330' title='bbox 1865 2521 2011 2576; x_wconf 82' lang='lat' dir='ltr'><strong>Dixit</strong></span> 
     </span>
    </p>
   </div>
   <div class='ocr_carea' id='block_1_45' title="bbox 423 2610 2005 2683">
    <p class='ocr_par' dir='ltr' id='par_1_45' title="bbox 423 2610 2005 2683">
     <span class='ocr_line' id='line_1_45' title="bbox 423 2610 2005 2683; baseline 0.003 -20"><span class='ocrx_word' id='word_1_331' title='bbox 423 2617 608 2666; x_wconf 87' lang='lat' dir='ltr'><strong>autem</strong></span> <span class='ocrx_word' id='word_1_332' title='bbox 660 2610 929 2666; x_wconf 88' lang='lat' dir='ltr'><strong>Dominus</strong></span> <span class='ocrx_word' id='word_1_333' title='bbox 980 2613 1047 2666; x_wconf 90' lang='lat' dir='ltr'><strong>ad</strong></span> <span class='ocrx_word' id='word_1_334' title='bbox 1088 2611 1391 2683; x_wconf 87' lang='lat' dir='ltr'><strong>‘Moysem:</strong></span> <span class='ocrx_word' id='word_1_335' title='bbox 1439 2612 1503 2666; x_wconf 82' lang='lat' dir='ltr'><strong>Et</strong></span> <span class='ocrx_word' id='word_1_336' title='bbox 1553 2613 1779 2668; x_wconf 85' lang='lat' dir='ltr'><strong>verbum</strong></span> <span class='ocrx_word' id='word_1_337' title='bbox 1836 2613 2005 2679; x_wconf 90' lang='lat' dir='ltr'><strong>istud,</strong></span> 
     </span>
    </p>
   </div>
   <div class='ocr_carea' id='block_1_46' title="bbox 421 2702 2008 2777">
    <p class='ocr_par' dir='ltr' id='par_1_46' title="bbox 421 2702 2008 2777">
     <span class='ocr_line' id='line_1_46' title="bbox 421 2702 2008 2777; baseline 0.003 -20"><span class='ocrx_word' id='word_1_338' title='bbox 421 2704 570 2773; x_wconf 92' lang='lat' dir='ltr'><strong>quod</strong></span> <span class='ocrx_word' id='word_1_339' title='bbox 601 2704 820 2759; x_wconf 90' lang='lat' dir='ltr'><strong>locutus</strong></span> <span class='ocrx_word' id='word_1_340' title='bbox 848 2720 932 2768; x_wconf 89' lang='lat' dir='ltr'><strong>es,</strong></span> <span class='ocrx_word' id='word_1_341' title='bbox 987 2702 1184 2759; x_wconf 88' lang='lat' dir='ltr'><strong>faciam</strong></span> <span class='ocrx_word' id='word_1_342' title='bbox 1220 2724 1231 2758; x_wconf 92' lang='lat'><strong>:</strong></span> <span class='ocrx_word' id='word_1_343' title='bbox 1285 2705 1545 2761; x_wconf 89' lang='lat' dir='ltr'><strong>invenisti</strong></span> <span class='ocrx_word' id='word_1_344' title='bbox 1584 2706 1728 2760; x_wconf 92' lang='lat' dir='ltr'><strong>enim</strong></span> <span class='ocrx_word' id='word_1_345' title='bbox 1778 2708 2008 2777; x_wconf 78' lang='lat' dir='ltr'><strong>gratiam</strong></span> 
     </span>
    </p>
   </div>
   <div class='ocr_carea' id='block_1_47' title="bbox 421 2805 2004 2876">
    <p class='ocr_par' dir='ltr' id='par_1_47' title="bbox 421 2805 2004 2876">
     <span class='ocr_line' id='line_1_47' title="bbox 421 2805 2004 2876; baseline 0.003 -16"><span class='ocrx_word' id='word_1_346' title='bbox 421 2820 611 2860; x_wconf 90' lang='lat' dir='ltr'><strong>coram</strong></span> <span class='ocrx_word' id='word_1_347' title='bbox 653 2820 761 2871; x_wconf 89' lang='lat' dir='ltr'><strong>me,</strong></span> <span class='ocrx_word' id='word_1_348' title='bbox 796 2812 852 2861; x_wconf 88' lang='lat' dir='ltr'><strong>et</strong></span> <span class='ocrx_word' id='word_1_349' title='bbox 899 2805 1178 2876; x_wconf 86' lang='lat' dir='ltr'><strong>te-ipsum</strong></span> <span class='ocrx_word' id='word_1_350' title='bbox 1209 2807 1337 2861; x_wconf 89' lang='lat' dir='ltr'><strong>novi</strong></span> <span class='ocrx_word' id='word_1_351' title='bbox 1366 2821 1428 2862; x_wconf 83' lang='lat' dir='ltr'><strong>ex</strong></span> <span class='ocrx_word' id='word_1_352' title='bbox 1470 2807 1710 2863; x_wconf 90' lang='lat' dir='ltr'><strong>nomine.</strong></span> <span class='ocrx_word' id='word_1_353' title='bbox 1756 2807 1861 2874; x_wconf 86' lang='lat' dir='ltr'><strong>Qui</strong></span> <span class='ocrx_word' id='word_1_354' title='bbox 1890 2808 2004 2864; x_wconf 91' lang='lat' dir='ltr'><strong>ait:</strong></span> 
     </span>
    </p>
   </div>
   <div class='ocr_carea' id='block_1_48' title="bbox 419 2896 2012 2973">
    <p class='ocr_par' dir='ltr' id='par_1_48' title="bbox 419 2896 2012 2973">
     <span class='ocr_line' id='line_1_48' title="bbox 419 2896 2012 2973; baseline 0.004 -21"><span class='ocrx_word' id='word_1_355' title='bbox 419 2896 668 2955; x_wconf 84' lang='lat' dir='ltr'><strong>Ostende</strong></span> <span class='ocrx_word' id='word_1_356' title='bbox 700 2898 834 2952; x_wconf 92' lang='lat' dir='ltr'><strong>mihi</strong></span> <span class='ocrx_word' id='word_1_357' title='bbox 858 2899 1091 2970; x_wconf 83' lang='lat' dir='ltr'><strong>gloriam</strong></span> <span class='ocrx_word' id='word_1_358' title='bbox 1116 2907 1290 2955; x_wconf 90' lang='lat' dir='ltr'><strong>tuam.</strong></span> <span class='ocrx_word' id='word_1_359' title='bbox 1316 2898 1621 2970; x_wconf 83' lang='lat' dir='ltr'><strong>Respondit</strong></span> <span class='ocrx_word' id='word_1_360' title='bbox 1650 2920 1664 2956; x_wconf 95' lang='lat'><strong>:</strong></span> <span class='ocrx_word' id='word_1_361' title='bbox 1691 2903 1804 2973; x_wconf 83' lang='lat' dir='ltr'><strong>Ego</strong></span> <span class='ocrx_word' id='word_1_362' title='bbox 1831 2913 2012 2959; x_wconf 91' lang='lat' dir='ltr'><strong>osten-</strong></span> 
     </span>
    </p>
   </div>
   <div class='ocr_carea' id='block_1_49' title="bbox 420 2988 2008 3053">
    <p class='ocr_par' dir='ltr' id='par_1_49' title="bbox 420 2988 2008 3053">
     <span class='ocr_line' id='line_1_49' title="bbox 420 2988 2008 3053; baseline 0.004 -9"><span class='ocrx_word' id='word_1_363' title='bbox 420 2990 548 3044; x_wconf 89' lang='lat' dir='ltr'><strong>dam</strong></span> <span class='ocrx_word' id='word_1_364' title='bbox 587 3003 750 3044; x_wconf 89' lang='lat' dir='ltr'><strong>omne</strong></span> <span class='ocrx_word' id='word_1_365' title='bbox 779 2988 984 3043; x_wconf 90' lang='lat' dir='ltr'><strong>bonum</strong></span> <span class='ocrx_word' id='word_1_366' title='bbox 1034 2990 1155 3053; x_wconf 87' lang='lat' dir='ltr'><strong>tibi,</strong></span> <span class='ocrx_word' id='word_1_367' title='bbox 1191 2999 1246 3045; x_wconf 89' lang='lat' dir='ltr'><strong>et</strong></span> <span class='ocrx_word' id='word_1_368' title='bbox 1278 2992 1487 3046; x_wconf 88' lang='lat' dir='ltr'><strong>vocabo</strong></span> <span class='ocrx_word' id='word_1_369' title='bbox 1536 2992 1593 3047; x_wconf 88' lang='lat' dir='ltr'><strong>in</strong></span> <span class='ocrx_word' id='word_1_370' title='bbox 1642 2995 1865 3050; x_wconf 84' lang='lat' dir='ltr'><strong>nomine</strong></span> <span class='ocrx_word' id='word_1_371' title='bbox 1898 2995 2008 3050; x_wconf 83' lang='lat' dir='ltr'><strong>Do-</strong></span> 
     </span>
    </p>
   </div>
   <div class='ocr_carea' id='block_1_50' title="bbox 2114 1869 3703 1943">
    <p class='ocr_par' dir='ltr' id='par_1_50' title="bbox 2114 1869 3703 1943">
     <span class='ocr_line' id='line_1_50' title="bbox 2114 1869 3703 1943; baseline 0.001 -19"><span class='ocrx_word' id='word_1_372' title='bbox 2114 1871 2377 1943; x_wconf 86' lang='grc' dir='ltr'>ρεύσομαι</span> <span class='ocrx_word' id='word_1_373' title='bbox 2410 1871 2502 1924; x_wconf 74' lang='grc' dir='ltr'>καὶ</span> <span class='ocrx_word' id='word_1_374' title='bbox 2532 1869 2870 1924; x_wconf 83' lang='grc' dir='ltr'>καταπαύσω</span> <span class='ocrx_word' id='word_1_375' title='bbox 2898 1885 2977 1921; x_wconf 91' lang='grc' dir='ltr'><strong>σε.</strong></span> <span class='ocrx_word' id='word_1_376' title='bbox 3010 1870 3123 1922; x_wconf 83' lang='lat' dir='ltr'><strong>Kal</strong></span> <span class='ocrx_word' id='word_1_377' title='bbox 3158 1869 3307 1938; x_wconf 81' lang='grc' dir='ltr'>λέγει</span> <span class='ocrx_word' id='word_1_378' title='bbox 3338 1872 3481 1940; x_wconf 82' lang='grc' dir='ltr'>πρὸς</span> <span class='ocrx_word' id='word_1_379' title='bbox 3512 1871 3703 1925; x_wconf 71' lang='grc' dir='ltr'>αὐτόν·</span> 
     </span>
    </p>
   </div>
   <div class='ocr_carea' id='block_1_51' title="bbox 2112 1962 3708 2036">
    <p class='ocr_par' dir='ltr' id='par_1_51' title="bbox 2112 1962 3708 2036">
     <span class='ocr_line' id='line_1_51' title="bbox 2112 1962 3708 2036; baseline -0.004 -17"><span class='ocrx_word' id='word_1_380' title='bbox 2112 1966 2175 2019; x_wconf 81' lang='lat' dir='ltr'><strong>Et</strong></span> <span class='ocrx_word' id='word_1_381' title='bbox 2207 1966 2281 2036; x_wconf 80' lang='grc' dir='ltr'><strong>μὴ</strong></span> <span class='ocrx_word' id='word_1_382' title='bbox 2307 1964 2467 2028; x_wconf 79' lang='grc' dir='ltr'>αὐτὸς</span> <span class='ocrx_word' id='word_1_383' title='bbox 2498 1964 2562 2016; x_wconf 79' lang='grc' dir='ltr'>σὺ</span> <span class='ocrx_word' id='word_1_384' title='bbox 2594 1963 2937 2036; x_wconf 80' lang='grc' dir='ltr'>συμπορεύῃ,</span> <span class='ocrx_word' id='word_1_385' title='bbox 2977 1962 3050 2032; x_wconf 81' lang='grc' dir='ltr'>μή</span> <span class='ocrx_word' id='word_1_386' title='bbox 3078 1979 3147 2032; x_wconf 85' lang='grc' dir='ltr'>με</span> <span class='ocrx_word' id='word_1_387' title='bbox 3194 1964 3478 2035; x_wconf 77' lang='grc' dir='ltr'><strong>ἀναγάγῃς</strong></span> <span class='ocrx_word' id='word_1_388' title='bbox 3516 1965 3708 2019; x_wconf 76' lang='grc' dir='ltr'>ἐντεῦ-</span> 
     </span>
    </p>
   </div>
   <div class='ocr_carea' id='block_1_52' title="bbox 2112 2054 3708 2130">
    <p class='ocr_par' dir='ltr' id='par_1_52' title="bbox 2112 2054 3708 2130">
     <span class='ocr_line' id='line_1_52' title="bbox 2112 2054 3708 2130; baseline -0.001 -19"><span class='ocrx_word' id='word_1_389' title='bbox 2112 2058 2224 2111; x_wconf 87' lang='grc' dir='ltr'>θεν.</span> <span class='ocrx_word' id='word_1_390' title='bbox 2260 2056 2371 2110; x_wconf 86' lang='lat' dir='ltr'><strong>Kal</strong></span> <span class='ocrx_word' id='word_1_391' title='bbox 2403 2054 2521 2119; x_wconf 86' lang='grc' dir='ltr'><strong>πῶς</strong></span> <span class='ocrx_word' id='word_1_392' title='bbox 2544 2055 2783 2123; x_wconf 81' lang='grc' dir='ltr'>γνωστὸν</span> <span class='ocrx_word' id='word_1_393' title='bbox 2809 2055 2961 2107; x_wconf 72' lang='grc' dir='ltr'>ἔσται</span> <span class='ocrx_word' id='word_1_394' title='bbox 2987 2056 3067 2108; x_wconf 82' lang='grc' dir='ltr'>ὅτι</span> <span class='ocrx_word' id='word_1_395' title='bbox 3094 2055 3305 2126; x_wconf 70' lang='grc' dir='ltr'>εὕρηκα</span> <span class='ocrx_word' id='word_1_396' title='bbox 3350 2056 3517 2126; x_wconf 87' lang='grc' dir='ltr'>χάριν</span> 
     </span>
    </p>
   </div>
   <div class='ocr_carea' id='block_1_53' title="bbox 2113 2146 3705 2219">
    <p class='ocr_par' dir='ltr' id='par_1_53' title="bbox 2113 2146 3705 2219">
     <span class='ocr_line' id='line_1_53' title="bbox 2113 2146 3705 2219; baseline -0.001 -17"><span class='ocrx_word' id='word_1_397' title='bbox 2113 2149 2196 2203; x_wconf 75' lang='grc' dir='ltr'><strong>σοὶ</strong></span> <span class='ocrx_word' id='word_1_398' title='bbox 2222 2147 2333 2216; x_wconf 77' lang='grc' dir='ltr'><strong>ἐγὼ</strong></span> <span class='ocrx_word' id='word_1_399' title='bbox 2366 2149 2462 2201; x_wconf 76' lang='grc' dir='ltr'>καὶ</span> <span class='ocrx_word' id='word_1_400' title='bbox 2502 2149 2530 2200; x_wconf 86' lang='grc' dir='ltr'>ὁ</span> <span class='ocrx_word' id='word_1_401' title='bbox 2558 2147 2684 2210; x_wconf 79' lang='grc' dir='ltr'>λαός</span> <span class='ocrx_word' id='word_1_402' title='bbox 2716 2164 2808 2199; x_wconf 91' lang='grc' dir='ltr'>σου</span> <span class='ocrx_word' id='word_1_403' title='bbox 2836 2189 2849 2212; x_wconf 95' lang='grc'><strong>,</strong></span> <span class='ocrx_word' id='word_1_404' title='bbox 2876 2146 2991 2200; x_wconf 87' lang='grc' dir='ltr'>ἀλλ’</span> <span class='ocrx_word' id='word_1_405' title='bbox 3021 2146 3055 2217; x_wconf 79' lang='grc' dir='ltr'><strong>ἢ</strong></span> <span class='ocrx_word' id='word_1_406' title='bbox 3086 2149 3575 2219; x_wconf 78' lang='grc' dir='ltr'>συμπορευομένου</span> <span class='ocrx_word' id='word_1_407' title='bbox 3608 2166 3705 2201; x_wconf 77' lang='grc' dir='ltr'>σου</span> 
     </span>
    </p>
   </div>
   <div class='ocr_carea' id='block_1_54' title="bbox 2114 2237 3706 2311">
    <p class='ocr_par' dir='ltr' id='par_1_54' title="bbox 2114 2237 3706 2311">
     <span class='ocr_line' id='line_1_54' title="bbox 2114 2237 3706 2311; baseline -0.001 -17"><span class='ocrx_word' id='word_1_408' title='bbox 2114 2240 2230 2311; x_wconf 82' lang='grc' dir='ltr'>μεθ’</span> <span class='ocrx_word' id='word_1_409' title='bbox 2259 2239 2449 2311; x_wconf 87' lang='grc' dir='ltr'>ήμῶν;</span> <span class='ocrx_word' id='word_1_410' title='bbox 2482 2238 2577 2292; x_wconf 81' lang='grc' dir='ltr'><strong>καὶ</strong></span> <span class='ocrx_word' id='word_1_411' title='bbox 2610 2237 3112 2309; x_wconf 85' lang='grc' dir='ltr'>ὲνδοξασθησόμεθα</span> <span class='ocrx_word' id='word_1_412' title='bbox 3136 2238 3248 2307; x_wconf 73' lang='grc' dir='ltr'><strong>ἐγώ</strong></span> <span class='ocrx_word' id='word_1_413' title='bbox 3271 2255 3331 2293; x_wconf 87' lang='grc' dir='ltr'><strong>τε</strong></span> <span class='ocrx_word' id='word_1_414' title='bbox 3369 2240 3465 2292; x_wconf 81' lang='grc' dir='ltr'><strong>καὶ</strong></span> <span class='ocrx_word' id='word_1_415' title='bbox 3488 2243 3520 2293; x_wconf 88' lang='lat'><strong>6</strong></span> <span class='ocrx_word' id='word_1_416' title='bbox 3572 2239 3706 2306; x_wconf 76' lang='grc' dir='ltr'>λαός</span> 
     </span>
    </p>
   </div>
   <div class='ocr_carea' id='block_1_55' title="bbox 2112 2329 3706 2403">
    <p class='ocr_par' dir='ltr' id='par_1_55' title="bbox 2112 2329 3706 2403">
     <span class='ocr_line' id='line_1_55' title="bbox 2112 2329 3706 2403; baseline -0.001 -17"><span class='ocrx_word' id='word_1_417' title='bbox 2112 2350 2205 2386; x_wconf 92' lang='grc' dir='ltr'>σου</span> <span class='ocrx_word' id='word_1_418' title='bbox 2237 2331 2388 2403; x_wconf 87' lang='grc' dir='ltr'><strong>παρά</strong></span> <span class='ocrx_word' id='word_1_419' title='bbox 2419 2332 2598 2385; x_wconf 82' lang='grc' dir='ltr'>πάντα</span> <span class='ocrx_word' id='word_1_420' title='bbox 2628 2329 2699 2384; x_wconf 79' lang='grc' dir='ltr'><strong>τὰ</strong></span> <span class='ocrx_word' id='word_1_421' title='bbox 2732 2329 2881 2399; x_wconf 77' lang='grc' dir='ltr'>ἔθνη,</span> <span class='ocrx_word' id='word_1_422' title='bbox 2908 2331 3010 2384; x_wconf 84' lang='grc' dir='ltr'><strong>ὅσα</strong></span> <span class='ocrx_word' id='word_1_423' title='bbox 3040 2332 3133 2384; x_wconf 79' lang='grc' dir='ltr'><strong>ἐπὶ</strong></span> <span class='ocrx_word' id='word_1_424' title='bbox 3152 2332 3252 2403; x_wconf 84' lang='grc' dir='ltr'>τῆς</span> <span class='ocrx_word' id='word_1_425' title='bbox 3276 2330 3383 2403; x_wconf 80' lang='grc' dir='ltr'>γῆς</span> <span class='ocrx_word' id='word_1_426' title='bbox 3406 2334 3547 2386; x_wconf 83' lang='grc' dir='ltr'>ὲστι.</span> <span class='ocrx_word' id='word_1_427' title='bbox 3592 2333 3706 2386; x_wconf 83' lang='lat' dir='ltr'><strong>Kal.</strong></span> 
     </span>
    </p>
   </div>
   <div class='ocr_carea' id='block_1_56' title="bbox 2110 2421 3706 2497">
    <p class='ocr_par' dir='ltr' id='par_1_56' title="bbox 2110 2421 3706 2497">
     <span class='ocr_line' id='line_1_56' title="bbox 2110 2421 3706 2497; baseline 0.001 -19"><span class='ocrx_word' id='word_1_428' title='bbox 2110 2421 2263 2479; x_wconf 82' lang='grc' dir='ltr'>εἶπεν</span> <span class='ocrx_word' id='word_1_429' title='bbox 2284 2426 2313 2478; x_wconf 91' lang='lat'><strong>6</strong></span> <span class='ocrx_word' id='word_1_430' title='bbox 2342 2424 2544 2496; x_wconf 81' lang='grc' dir='ltr'>Κύριος</span> <span class='ocrx_word' id='word_1_431' title='bbox 2573 2425 2710 2497; x_wconf 84' lang='grc' dir='ltr'>πρὸς</span> <span class='ocrx_word' id='word_1_432' title='bbox 2728 2423 2993 2493; x_wconf 84' lang='grc' dir='ltr'><strong>Μωῦσῆν·</strong></span> <span class='ocrx_word' id='word_1_433' title='bbox 3026 2426 3136 2478; x_wconf 85' lang='lat' dir='ltr'><strong>Kal</strong></span> <span class='ocrx_word' id='word_1_434' title='bbox 3166 2424 3256 2478; x_wconf 77' lang='grc' dir='ltr'><strong>τὸν</strong></span> <span class='ocrx_word' id='word_1_435' title='bbox 3275 2424 3432 2493; x_wconf 81' lang='grc' dir='ltr'>λόγον</span> <span class='ocrx_word' id='word_1_436' title='bbox 3462 2442 3548 2478; x_wconf 89' lang='grc' dir='ltr'><strong>σοι</strong></span> <span class='ocrx_word' id='word_1_437' title='bbox 3578 2427 3706 2480; x_wconf 80' lang='grc' dir='ltr'><strong>τοῦ·</strong></span> 
     </span>
    </p>
   </div>
   <div class='ocr_carea' id='block_1_57' title="bbox 2109 2507 3705 2587">
    <p class='ocr_par' dir='ltr' id='par_1_57' title="bbox 2109 2507 3705 2587">
     <span class='ocr_line' id='line_1_57' title="bbox 2109 2507 3705 2587; baseline -0.001 -18"><span class='ocrx_word' id='word_1_438' title='bbox 2109 2533 2222 2580; x_wconf 90' lang='grc' dir='ltr'>τον,</span> <span class='ocrx_word' id='word_1_439' title='bbox 2251 2516 2309 2570; x_wconf 88' lang='grc' dir='ltr'><strong>ὃν</strong></span> <span class='ocrx_word' id='word_1_440' title='bbox 2335 2515 2585 2587; x_wconf 76' lang='grc' dir='ltr'>εἴρηκας,</span> <span class='ocrx_word' id='word_1_441' title='bbox 2613 2507 2824 2586; x_wconf 81' lang='grc' dir='ltr'>πὸιήσω</span> <span class='ocrx_word' id='word_1_442' title='bbox 2843 2532 2855 2545; x_wconf 75' lang='grc'><em>’</em></span> <span class='ocrx_word' id='word_1_443' title='bbox 2884 2515 3125 2586; x_wconf 75' lang='grc' dir='ltr'>εὕρηκας</span> <span class='ocrx_word' id='word_1_444' title='bbox 3146 2515 3257 2586; x_wconf 81' lang='grc' dir='ltr'>γάρ</span> <span class='ocrx_word' id='word_1_445' title='bbox 3278 2516 3438 2587; x_wconf 86' lang='grc' dir='ltr'>χάριν</span> <span class='ocrx_word' id='word_1_446' title='bbox 3466 2515 3705 2569; x_wconf 77' lang='grc' dir='ltr'>ἐνώπιόν</span> 
     </span>
    </p>
   </div>
   <div class='ocr_carea' id='block_1_58' title="bbox 2113 2604 3705 2681">
    <p class='ocr_par' dir='ltr' id='par_1_58' title="bbox 2113 2604 3705 2681">
     <span class='ocr_line' id='line_1_58' title="bbox 2113 2604 3705 2681; baseline 0 -18"><span class='ocrx_word' id='word_1_447' title='bbox 2113 2628 2237 2681; x_wconf 82' lang='grc' dir='ltr'>μου,</span> <span class='ocrx_word' id='word_1_448' title='bbox 2274 2610 2368 2663; x_wconf 84' lang='lat' dir='ltr'><strong>zeal</strong></span> <span class='ocrx_word' id='word_1_449' title='bbox 2393 2604 2510 2662; x_wconf 85' lang='grc' dir='ltr'>οἶδά</span> <span class='ocrx_word' id='word_1_450' title='bbox 2540 2625 2598 2660; x_wconf 90' lang='grc' dir='ltr'><strong>σε</strong></span> <span class='ocrx_word' id='word_1_451' title='bbox 2629 2608 2781 2679; x_wconf 83' lang='grc' dir='ltr'><strong>παρά</strong></span> <span class='ocrx_word' id='word_1_452' title='bbox 2812 2608 3041 2672; x_wconf 85' lang='grc' dir='ltr'><strong>πάντας,</strong></span> <span class='ocrx_word' id='word_1_453' title='bbox 3068 2608 3163 2662; x_wconf 80' lang='grc' dir='ltr'><strong>καὶ</strong></span> <span class='ocrx_word' id='word_1_454' title='bbox 3191 2608 3337 2677; x_wconf 72' lang='grc' dir='ltr'>ἔχεις</span> <span class='ocrx_word' id='word_1_455' title='bbox 3378 2608 3542 2679; x_wconf 81' lang='grc' dir='ltr'>χάριν</span> <span class='ocrx_word' id='word_1_456' title='bbox 3569 2609 3705 2679; x_wconf 72' lang='grc' dir='ltr'>παρ’</span> 
     </span>
    </p>
   </div>
   <div class='ocr_carea' id='block_1_59' title="bbox 2110 2697 3704 2775">
    <p class='ocr_par' dir='ltr' id='par_1_59' title="bbox 2110 2697 3704 2775">
     <span class='ocr_line' id='line_1_59' title="bbox 2110 2697 3704 2775; baseline -0.001 -18"><span class='ocrx_word' id='word_1_457' title='bbox 2110 2704 2254 2775; x_wconf 78' lang='grc' dir='ltr'><strong>ἐμοί.</strong></span> <span class='ocrx_word' id='word_1_458' title='bbox 2283 2703 2392 2755; x_wconf 87' lang='lat' dir='ltr'><strong>Kal.</strong></span> <span class='ocrx_word' id='word_1_459' title='bbox 2420 2697 2571 2754; x_wconf 75' lang='grc' dir='ltr'>εἶπεν</span> <span class='ocrx_word' id='word_1_460' title='bbox 2591 2717 2602 2727; x_wconf 94' lang='grc'><strong>·</strong></span> <span class='ocrx_word' id='word_1_461' title='bbox 2637 2701 2820 2766; x_wconf 81' lang='grc' dir='ltr'><strong>Δεῖξόν</strong></span> <span class='ocrx_word' id='word_1_462' title='bbox 2852 2717 2942 2769; x_wconf 85' lang='grc' dir='ltr'><strong>μοι</strong></span> <span class='ocrx_word' id='word_1_463' title='bbox 2965 2700 3064 2772; x_wconf 83' lang='grc' dir='ltr'>τὴν</span> <span class='ocrx_word' id='word_1_464' title='bbox 3098 2699 3326 2753; x_wconf 82' lang='grc' dir='ltr'>σεαυτοῦ</span> <span class='ocrx_word' id='word_1_465' title='bbox 3358 2699 3542 2767; x_wconf 82' lang='grc' dir='ltr'><strong>δόξαν.</strong></span> <span class='ocrx_word' id='word_1_466' title='bbox 3592 2704 3704 2756; x_wconf 84' lang='lat' dir='ltr'><strong>Kal</strong></span> 
     </span>
    </p>
   </div>
   <div class='ocr_carea' id='block_1_60' title="bbox 2110 2793 3700 2868">
    <p class='ocr_par' dir='ltr' id='par_1_60' title="bbox 2110 2793 3700 2868">
     <span class='ocr_line' id='line_1_60' title="bbox 2110 2793 3700 2868; baseline -0.003 -17"><span class='ocrx_word' id='word_1_467' title='bbox 2110 2793 2282 2851; x_wconf 60' lang='grc' dir='ltr'>εἶπεν</span> <span class='ocrx_word' id='word_1_468' title='bbox 2318 2795 2461 2865; x_wconf 84' lang='grc' dir='ltr'><strong>Ἐγὼ</strong></span> <span class='ocrx_word' id='word_1_469' title='bbox 2510 2793 2918 2867; x_wconf 78' lang='grc' dir='ltr'>παρελεύσομαι</span> <span class='ocrx_word' id='word_1_470' title='bbox 2965 2793 3227 2866; x_wconf 86' lang='grc' dir='ltr'>πρότερος</span> <span class='ocrx_word' id='word_1_471' title='bbox 3270 2796 3339 2866; x_wconf 78' lang='grc' dir='ltr'><strong>τῇ</strong></span> <span class='ocrx_word' id='word_1_472' title='bbox 3388 2794 3515 2868; x_wconf 77' lang='grc' dir='ltr'><strong>δόξῃ</strong></span> <span class='ocrx_word' id='word_1_473' title='bbox 3570 2813 3700 2867; x_wconf 82' lang='grc' dir='ltr'>μου,</span> 
     </span>
    </p>
   </div>
   <div class='ocr_carea' id='block_1_61' title="bbox 2109 2885 3704 2956">
    <p class='ocr_par' dir='ltr' id='par_1_61' title="bbox 2109 2885 3704 2956">
     <span class='ocr_line' id='line_1_61' title="bbox 2109 2885 3704 2956; baseline -0.001 -14"><span class='ocrx_word' id='word_1_474' title='bbox 2109 2889 2204 2943; x_wconf 73' lang='grc' dir='ltr'>καὶ</span> <span class='ocrx_word' id='word_1_475' title='bbox 2252 2887 2466 2941; x_wconf 85' lang='grc' dir='ltr'>καλέσω</span> <span class='ocrx_word' id='word_1_476' title='bbox 2512 2889 2568 2939; x_wconf 84' lang='grc' dir='ltr'>ὲν</span> <span class='ocrx_word' id='word_1_477' title='bbox 2612 2885 2837 2956; x_wconf 81' lang='grc' dir='ltr'>ὀνόματι</span> <span class='ocrx_word' id='word_1_478' title='bbox 2886 2885 3095 2956; x_wconf 82' lang='grc' dir='ltr'>Κυρίου</span> <span class='ocrx_word' id='word_1_479' title='bbox 3137 2885 3381 2939; x_wconf 75' lang='grc' dir='ltr'>ἐναντίον</span> <span class='ocrx_word' id='word_1_480' title='bbox 3424 2903 3555 2939; x_wconf 61' lang='lat' dir='ltr'><strong>aeu:</strong></span> <span class='ocrx_word' id='word_1_481' title='bbox 3606 2887 3704 2940; x_wconf 88' lang='lat' dir='ltr'><strong>zeal</strong></span> 
     </span>
    </p>
   </div>
   <div class='ocr_carea' id='block_1_62' title="bbox 2109 2977 3700 3052">
    <p class='ocr_par' dir='ltr' id='par_1_62' title="bbox 2109 2977 3700 3052">
     <span class='ocr_line' id='line_1_62' title="bbox 2109 2977 3700 3052; baseline -0.001 -17"><span class='ocrx_word' id='word_1_482' title='bbox 2109 2981 2340 3052; x_wconf 81' lang='grc' dir='ltr'>ὲλεήσω,</span> <span class='ocrx_word' id='word_1_483' title='bbox 2367 2980 2426 3034; x_wconf 82' lang='grc' dir='ltr'><strong>ὃν</strong></span> <span class='ocrx_word' id='word_1_484' title='bbox 2449 2979 2517 3033; x_wconf 85' lang='grc' dir='ltr'>ἂν</span> <span class='ocrx_word' id='word_1_485' title='bbox 2546 2977 2701 3043; x_wconf 83' lang='grc' dir='ltr'>ἐλεῶ,</span> <span class='ocrx_word' id='word_1_486' title='bbox 2735 2978 2832 3031; x_wconf 83' lang='lat' dir='ltr'><strong>zeal</strong></span> <span class='ocrx_word' id='word_1_487' title='bbox 2855 2979 3203 3049; x_wconf 74' lang='grc' dir='ltr'>οἰκτειρήσω,</span> <span class='ocrx_word' id='word_1_488' title='bbox 3233 2978 3293 3033; x_wconf 76' lang='grc' dir='ltr'>ὃν</span> <span class='ocrx_word' id='word_1_489' title='bbox 3324 2978 3391 3033; x_wconf 78' lang='grc' dir='ltr'><strong>ἂν</strong></span> <span class='ocrx_word' id='word_1_490' title='bbox 3417 2980 3700 3052; x_wconf 72' lang='grc' dir='ltr'><strong>οἰκτείρω.</strong></span> 
     </span>
    </p>
   </div>
   <div class='ocr_carea' id='block_1_63' title="bbox 417 3069 2006 3153">
    <p class='ocr_par' dir='ltr' id='par_1_63' title="bbox 417 3081 2006 3149">
     <span class='ocr_line' id='line_1_63' title="bbox 417 3081 2006 3149; baseline 0.005 -13"><span class='ocrx_word' id='word_1_491' title='bbox 417 3081 557 3136; x_wconf 89' lang='lat' dir='ltr'><strong>mini</strong></span> <span class='ocrx_word' id='word_1_492' title='bbox 581 3096 769 3135; x_wconf 91' lang='lat' dir='ltr'><strong>coram</strong></span> <span class='ocrx_word' id='word_1_493' title='bbox 803 3090 893 3137; x_wconf 91' lang='lat' dir='ltr'><strong>te:</strong></span> <span class='ocrx_word' id='word_1_494' title='bbox 931 3090 987 3138; x_wconf 91' lang='lat' dir='ltr'><strong>et</strong></span> <span class='ocrx_word' id='word_1_495' title='bbox 1026 3084 1334 3139; x_wconf 87' lang='lat' dir='ltr'><strong>miserebor</strong></span> <span class='ocrx_word' id='word_1_496' title='bbox 1369 3086 1460 3139; x_wconf 88' lang='lat' dir='ltr'><strong>cui</strong></span> <span class='ocrx_word' id='word_1_497' title='bbox 1494 3086 1741 3149; x_wconf 88' lang='lat' dir='ltr'><strong>voluero,</strong></span> <span class='ocrx_word' id='word_1_498' title='bbox 1788 3095 1855 3142; x_wconf 80' lang='lat' dir='ltr'><strong>et‘</strong></span> <span class='ocrx_word' id='word_1_499' title='bbox 1894 3089 2006 3144; x_wconf 86' lang='lat' dir='ltr'><strong>cle-</strong></span> 
     </span>
    </p>
   </div>
   <div class='ocr_carea' id='block_1_64' title="bbox 2115 3069 3706 3153">
    <p class='ocr_par' dir='ltr' id='par_1_64' title="bbox 2115 3069 3706 3144">
     <span class='ocr_line' id='line_1_64' title="bbox 2115 3069 3706 3144; baseline 0.001 -17"><span class='ocrx_word' id='word_1_500' title='bbox 2115 3076 2226 3129; x_wconf 70' lang='lat' dir='ltr'><strong>Kal.</strong></span> <span class='ocrx_word' id='word_1_501' title='bbox 2254 3069 2427 3126; x_wconf 72' lang='grc' dir='ltr'><strong>εἶπεν⁸</strong></span> <span class='ocrx_word' id='word_1_502' title='bbox 2450 3072 2525 3125; x_wconf 83' lang='grc' dir='ltr'><strong>Οὐ</strong></span> <span class='ocrx_word' id='word_1_503' title='bbox 2552 3070 2757 3142; x_wconf 80' lang='grc' dir='ltr'>δυνήσῃ</span> <span class='ocrx_word' id='word_1_504' title='bbox 2790 3070 2915 3123; x_wconf 83' lang='grc' dir='ltr'>ἰδεῖν</span> <span class='ocrx_word' id='word_1_505' title='bbox 2939 3069 2999 3122; x_wconf 80' lang='grc' dir='ltr'>τὸ</span> <span class='ocrx_word' id='word_1_506' title='bbox 3024 3071 3315 3140; x_wconf 83' lang='grc' dir='ltr'>πρόσωπόν</span> <span class='ocrx_word' id='word_1_507' title='bbox 3343 3089 3477 3143; x_wconf 80' lang='grc' dir='ltr'><strong>μου·</strong></span> <span class='ocrx_word' id='word_1_508' title='bbox 3507 3074 3576 3127; x_wconf 78' lang='grc' dir='ltr'><strong>οὺ</strong></span> <span class='ocrx_word' id='word_1_509' title='bbox 3595 3076 3706 3144; x_wconf 74' lang='grc' dir='ltr'>γάρ</span> 
     </span>
    </p>
   </div>
   <div class='ocr_carea' id='block_1_65' title="bbox 418 3176 2005 3251">
    <p class='ocr_par' dir='ltr' id='par_1_65' title="bbox 418 3176 2005 3251">
     <span class='ocr_line' id='line_1_65' title="bbox 418 3176 2005 3251; baseline 0.004 -21"><span class='ocrx_word' id='word_1_510' title='bbox 418 3191 577 3231; x_wconf 88' lang='lat' dir='ltr'><strong>mens</strong></span> <span class='ocrx_word' id='word_1_511' title='bbox 608 3190 703 3230; x_wconf 88' lang='lat' dir='ltr'><strong>ero</strong></span> <span class='ocrx_word' id='word_1_512' title='bbox 734 3176 790 3229; x_wconf 91' lang='lat' dir='ltr'><strong>in</strong></span> <span class='ocrx_word' id='word_1_513' title='bbox 813 3191 976 3246; x_wconf 90' lang='lat' dir='ltr'><strong>quem</strong></span> <span class='ocrx_word' id='word_1_514' title='bbox 1009 3177 1143 3230; x_wconf 87' lang='lat' dir='ltr'><strong>mihi</strong></span> <span class='ocrx_word' id='word_1_515' title='bbox 1180 3178 1467 3248; x_wconf 89' lang='lat' dir='ltr'><strong>placuerit.</strong></span> <span class='ocrx_word' id='word_1_516' title='bbox 1506 3178 1857 3251; x_wconf 81' lang='lat' dir='ltr'><strong>Rursumque</strong></span> <span class='ocrx_word' id='word_1_517' title='bbox 1890 3182 2005 3236; x_wconf 90' lang='lat' dir='ltr'><strong>ait:</strong></span> 
     </span>
    </p>
   </div>
   <div class='ocr_carea' id='block_1_66' title="bbox 418 3267 2011 3339">
    <p class='ocr_par' dir='ltr' id='par_1_66' title="bbox 418 3267 2011 3339">
     <span class='ocr_line' id='line_1_66' title="bbox 418 3267 2011 3339; baseline 0.004 -17"><span class='ocrx_word' id='word_1_518' title='bbox 418 3267 542 3325; x_wconf 89' lang='lat' dir='ltr'><strong>Non</strong></span> <span class='ocrx_word' id='word_1_519' title='bbox 582 3269 788 3339; x_wconf 90' lang='lat' dir='ltr'><strong>poteris</strong></span> <span class='ocrx_word' id='word_1_520' title='bbox 827 3267 1015 3323; x_wconf 91' lang='lat' dir='ltr'><strong>videre</strong></span> <span class='ocrx_word' id='word_1_521' title='bbox 1048 3268 1243 3324; x_wconf 87' lang='lat' dir='ltr'><strong>faciem</strong></span> <span class='ocrx_word' id='word_1_522' title='bbox 1271 3285 1450 3326; x_wconf 85' lang='lat' dir='ltr'><strong>meam</strong></span> <span class='ocrx_word' id='word_1_523' title='bbox 1479 3286 1493 3324; x_wconf 94' lang='lat'><strong>:</strong></span> <span class='ocrx_word' id='word_1_524' title='bbox 1530 3289 1640 3327; x_wconf 89' lang='lat' dir='ltr'><strong>non</strong></span> <span class='ocrx_word' id='word_1_525' title='bbox 1674 3273 1820 3328; x_wconf 89' lang='lat' dir='ltr'><strong>enim</strong></span> <span class='ocrx_word' id='word_1_526' title='bbox 1858 3274 2011 3328; x_wconf 69' lang='lat' dir='ltr'><strong>video</strong></span> 
     </span>
    </p>
   </div>
   <div class='ocr_carea' id='block_1_67' title="bbox 423 3359 2008 3436">
    <p class='ocr_par' dir='ltr' id='par_1_67' title="bbox 423 3359 2008 3436">
     <span class='ocr_line' id='line_1_67' title="bbox 423 3359 2008 3436; baseline 0.003 -21"><span class='ocrx_word' id='word_1_527' title='bbox 423 3359 507 3415; x_wconf 89' lang='lat' dir='ltr'><strong>bit</strong></span> <span class='ocrx_word' id='word_1_528' title='bbox 538 3374 628 3414; x_wconf 91' lang='lat' dir='ltr'><strong>me</strong></span> <span class='ocrx_word' id='word_1_529' title='bbox 654 3360 841 3425; x_wconf 92' lang='lat' dir='ltr'><strong>homo,</strong></span> <span class='ocrx_word' id='word_1_530' title='bbox 874 3367 929 3414; x_wconf 89' lang='lat' dir='ltr'><strong>et</strong></span> <span class='ocrx_word' id='word_1_531' title='bbox 964 3360 1131 3417; x_wconf 90' lang='lat' dir='ltr'><strong>vivet.</strong></span> <span class='ocrx_word' id='word_1_532' title='bbox 1185 3359 1251 3414; x_wconf 90' lang='lat' dir='ltr'><strong>Et</strong></span> <span class='ocrx_word' id='word_1_533' title='bbox 1303 3361 1499 3417; x_wconf 86' lang='lat' dir='ltr'><strong>iterum</strong></span> <span class='ocrx_word' id='word_1_534' title='bbox 1532 3381 1546 3418; x_wconf 92' lang='lat'><strong>:</strong></span> <span class='ocrx_word' id='word_1_535' title='bbox 1595 3363 1756 3430; x_wconf 88' lang='lat' dir='ltr'><strong>Ecce,</strong></span> <span class='ocrx_word' id='word_1_536' title='bbox 1810 3367 2008 3436; x_wconf 88' lang='lat' dir='ltr'><strong>inquit,</strong></span> 
     </span>
    </p>
   </div>
   <div class='ocr_carea' id='block_1_68' title="bbox 417 3460 2011 3537">
    <p class='ocr_par' dir='ltr' id='par_1_68' title="bbox 417 3460 2011 3537">
     <span class='ocr_line' id='line_1_68' title="bbox 417 3460 2011 3537; baseline 0.004 -21"><span class='ocrx_word' id='word_1_537' title='bbox 417 3466 506 3516; x_wconf 85' lang='lat' dir='ltr'><strong>est</strong></span> <span class='ocrx_word' id='word_1_538' title='bbox 568 3460 726 3517; x_wconf 92' lang='lat' dir='ltr'><strong>locus</strong></span> <span class='ocrx_word' id='word_1_539' title='bbox 761 3460 906 3531; x_wconf 90' lang='lat' dir='ltr'><strong>apud</strong></span> <span class='ocrx_word' id='word_1_540' title='bbox 959 3477 1067 3527; x_wconf 92' lang='lat' dir='ltr'><strong>me,</strong></span> <span class='ocrx_word' id='word_1_541' title='bbox 1099 3469 1154 3517; x_wconf 90' lang='lat' dir='ltr'><strong>et</strong></span> <span class='ocrx_word' id='word_1_542' title='bbox 1184 3463 1361 3518; x_wconf 89' lang='lat' dir='ltr'><strong>stabis</strong></span> <span class='ocrx_word' id='word_1_543' title='bbox 1427 3480 1592 3535; x_wconf 88' lang='lat' dir='ltr'><strong>supra</strong></span> <span class='ocrx_word' id='word_1_544' title='bbox 1648 3474 1901 3537; x_wconf 90' lang='lat' dir='ltr'><strong>petram;</strong></span> <span class='ocrx_word' id='word_1_545' title='bbox 1956 3476 2011 3525; x_wconf 91' lang='lat' dir='ltr'><strong>et</strong></span> 
     </span>
    </p>
   </div>
   <div class='ocr_carea' id='block_1_69' title="bbox 417 3553 2009 3626">
    <p class='ocr_par' dir='ltr' id='par_1_69' title="bbox 417 3553 2009 3626">
     <span class='ocr_line' id='line_1_69' title="bbox 417 3553 2009 3626; baseline 0.005 -18"><span class='ocrx_word' id='word_1_546' title='bbox 417 3560 704 3626; x_wconf 87' lang='lat' dir='ltr'><strong>protegam</strong></span> <span class='ocrx_word' id='word_1_547' title='bbox 766 3553 994 3610; x_wconf 84' lang='lat' dir='ltr'><strong>dextera</strong></span> <span class='ocrx_word' id='word_1_548' title='bbox 1054 3570 1177 3610; x_wconf 88' lang='lat' dir='ltr'><strong>mea</strong></span> <span class='ocrx_word' id='word_1_549' title='bbox 1208 3594 1224 3621; x_wconf 92' lang='lat'><strong>,</strong></span> <span class='ocrx_word' id='word_1_550' title='bbox 1276 3556 1452 3611; x_wconf 91' lang='lat' dir='ltr'><strong>donec</strong></span> <span class='ocrx_word' id='word_1_551' title='bbox 1514 3565 1833 3614; x_wconf 86' lang='lat' dir='ltr'><strong>transeam:</strong></span> <span class='ocrx_word' id='word_1_552' title='bbox 1900 3562 2009 3616; x_wconf 91' lang='lat' dir='ltr'><strong>tol-</strong></span> 
     </span>
    </p>
   </div>
   <div class='ocr_carea' id='block_1_70' title="bbox 430 3658 2006 3731">
    <p class='ocr_par' dir='ltr' id='par_1_70' title="bbox 430 3658 2006 3731">
     <span class='ocr_line' id='line_1_70' title="bbox 430 3658 2006 3731; baseline 0.008 -20"><span class='ocrx_word' id='word_1_553' title='bbox 430 3658 651 3729; x_wconf 89' lang='lat' dir='ltr'><strong>lamque</strong></span> <span class='ocrx_word' id='word_1_554' title='bbox 676 3672 901 3712; x_wconf 90' lang='lat' dir='ltr'><strong>manum</strong></span> <span class='ocrx_word' id='word_1_555' title='bbox 931 3672 1131 3722; x_wconf 88' lang='lat' dir='ltr'><strong>meam,</strong></span> <span class='ocrx_word' id='word_1_556' title='bbox 1162 3667 1216 3713; x_wconf 89' lang='lat' dir='ltr'><strong>et</strong></span> <span class='ocrx_word' id='word_1_557' title='bbox 1256 3659 1471 3717; x_wconf 90' lang='lat' dir='ltr'><strong>videbis</strong></span> <span class='ocrx_word' id='word_1_558' title='bbox 1499 3664 1803 3731; x_wconf 82' lang='lat' dir='ltr'><strong>posteriora</strong></span> <span class='ocrx_word' id='word_1_559' title='bbox 1845 3680 1966 3722; x_wconf 90' lang='lat' dir='ltr'><strong>mea</strong></span> <span class='ocrx_word' id='word_1_560' title='bbox 1992 3687 2006 3723; x_wconf 92' lang='lat'><strong>:</strong></span> 
     </span>
    </p>
   </div>
   <div class='ocr_carea' id='block_1_71' title="bbox 420 3749 2011 3825">
    <p class='ocr_par' dir='ltr' id='par_1_71' title="bbox 420 3749 2011 3825">
     <span class='ocr_line' id='line_1_71' title="bbox 420 3749 2011 3825; baseline 0.006 -22"><span class='ocrx_word' id='word_1_561' title='bbox 420 3749 623 3805; x_wconf 79' lang='lat' dir='ltr'><strong>faciem</strong></span> <span class='ocrx_word' id='word_1_562' title='bbox 660 3756 846 3805; x_wconf 85' lang='lat' dir='ltr'><strong>autem</strong></span> <span class='ocrx_word' id='word_1_563' title='bbox 891 3765 1068 3805; x_wconf 88' lang='lat' dir='ltr'><strong>meam</strong></span> <span class='ocrx_word' id='word_1_564' title='bbox 1120 3749 1308 3806; x_wconf 89' lang='lat' dir='ltr'><strong>videre</strong></span> <span class='ocrx_word' id='word_1_565' title='bbox 1358 3767 1470 3807; x_wconf 89' lang='lat' dir='ltr'><strong>non</strong></span> <span class='ocrx_word' id='word_1_566' title='bbox 1516 3756 1725 3825; x_wconf 87' lang='lat' dir='ltr'><strong>poteris</strong></span> <span class='ocrx_word' id='word_1_567' title='bbox 1765 3758 1855 3825; x_wconf 82' lang='lat'><strong>“;</strong></span> <span class='ocrx_word' id='word_1_568' title='bbox 1895 3778 1914 3810; x_wconf 77' lang='grc' dir='ltr'><strong>ι</strong></span> <span class='ocrx_word' id='word_1_569' title='bbox 1955 3767 2011 3813; x_wconf 75' lang='lat' dir='ltr'><strong>et</strong></span> 
     </span>
    </p>
   </div>
   <div class='ocr_carea' id='block_1_72' title="bbox 416 3848 2011 3924">
    <p class='ocr_par' dir='ltr' id='par_1_72' title="bbox 416 3848 2011 3924">
     <span class='ocr_line' id='line_1_72' title="bbox 416 3848 2011 3924; baseline 0.006 -19"><span class='ocrx_word' id='word_1_570' title='bbox 416 3850 659 3921; x_wconf 87' lang='lat' dir='ltr'><strong>reliqua.</strong></span> <span class='ocrx_word' id='word_1_571' title='bbox 716 3848 928 3917; x_wconf 82' lang='lat' dir='ltr'><strong>Quibus</strong></span> <span class='ocrx_word' id='word_1_572' title='bbox 990 3850 1180 3905; x_wconf 87' lang='lat' dir='ltr'><strong>addit:</strong></span> <span class='ocrx_word' id='word_1_573' title='bbox 1243 3869 1263 3903; x_wconf 80' lang='grc' dir='ltr'><strong>ι</strong></span> <span class='ocrx_word' id='word_1_574' title='bbox 1334 3849 1582 3924; x_wconf 89' lang='lat' dir='ltr'><strong>Cumque</strong></span> <span class='ocrx_word' id='word_1_575' title='bbox 1634 3854 2011 3915; x_wconf 89' lang='lat' dir='ltr'><strong>descendisset</strong></span> 
     </span>
    </p>
   </div>
   <div class='ocr_carea' id='block_1_73' title="bbox 417 3942 2010 4018">
    <p class='ocr_par' dir='ltr' id='par_1_73' title="bbox 417 3942 2010 4018">
     <span class='ocr_line' id='line_1_73' title="bbox 417 3942 2010 4018; baseline 0.006 -20"><span class='ocrx_word' id='word_1_576' title='bbox 417 3942 687 4000; x_wconf 89' lang='lat' dir='ltr'><strong>Dominus</strong></span> <span class='ocrx_word' id='word_1_577' title='bbox 713 3959 812 4015; x_wconf 89' lang='lat' dir='ltr'><strong>per</strong></span> <span class='ocrx_word' id='word_1_578' title='bbox 841 3944 1064 4011; x_wconf 88' lang='lat' dir='ltr'><strong>nubem,</strong></span> <span class='ocrx_word' id='word_1_579' title='bbox 1095 3944 1246 4000; x_wconf 90' lang='lat' dir='ltr'><strong>stetit</strong></span> <span class='ocrx_word' id='word_1_580' title='bbox 1285 3943 1502 4018; x_wconf 83' lang='lat' dir='ltr'><strong>Moyses</strong></span> <span class='ocrx_word' id='word_1_581' title='bbox 1546 3963 1673 4003; x_wconf 89' lang='lat' dir='ltr'><strong>cum</strong></span> <span class='ocrx_word' id='word_1_582' title='bbox 1708 3965 1796 4013; x_wconf 88' lang='lat' dir='ltr'><strong>eo,</strong></span> <span class='ocrx_word' id='word_1_583' title='bbox 1853 3953 2010 4009; x_wconf 90' lang='lat' dir='ltr'><strong>invo-</strong></span> 
     </span>
    </p>
   </div>
   <div class='ocr_carea' id='block_1_74' title="bbox 418 4026 2005 4112">
    <p class='ocr_par' dir='ltr' id='par_1_74' title="bbox 418 4026 2005 4112">
     <span class='ocr_line' id='line_1_74' title="bbox 418 4026 2005 4112; baseline 0.004 -17"><span class='ocrx_word' id='word_1_584' title='bbox 418 4055 556 4096; x_wconf 91' lang='lat' dir='ltr'><strong>cans</strong></span> <span class='ocrx_word' id='word_1_585' title='bbox 596 4056 798 4097; x_wconf 90' lang='lat' dir='ltr'><strong>nomen</strong></span> <span class='ocrx_word' id='word_1_586' title='bbox 843 4026 1083 4096; x_wconf 79' lang='lat' dir='ltr'><strong>Domini.</strong></span> <span class='ocrx_word' id='word_1_587' title='bbox 1136 4038 1259 4112; x_wconf 62' lang='grc' dir='ltr'><strong>ς)υο</strong></span> <span class='ocrx_word' id='word_1_588' title='bbox 1307 4052 1632 4101; x_wconf 89' lang='lat' dir='ltr'><strong>transeunte</strong></span> <span class='ocrx_word' id='word_1_589' title='bbox 1681 4060 1868 4102; x_wconf 88' lang='lat' dir='ltr'><strong>coram</strong></span> <span class='ocrx_word' id='word_1_590' title='bbox 1920 4061 2005 4112; x_wconf 87' lang='lat' dir='ltr'><strong>eo,</strong></span> 
     </span>
    </p>
   </div>
   <div class='ocr_carea' id='block_1_75' title="bbox 423 4132 2010 4201">
    <p class='ocr_par' dir='ltr' id='par_1_75' title="bbox 423 4132 2010 4201">
     <span class='ocr_line' id='line_1_75' title="bbox 423 4132 2010 4201; baseline 0.005 -14"><span class='ocrx_word' id='word_1_591' title='bbox 423 4134 547 4189; x_wconf 90' lang='lat' dir='ltr'><strong>ait:</strong></span> <span class='ocrx_word' id='word_1_592' title='bbox 600 4132 923 4189; x_wconf 90' lang='lat' dir='ltr'><strong>Dominator</strong></span> <span class='ocrx_word' id='word_1_593' title='bbox 975 4132 1207 4191; x_wconf 90' lang='lat' dir='ltr'><strong>Domine</strong></span> <span class='ocrx_word' id='word_1_594' title='bbox 1255 4135 1422 4201; x_wconf 90' lang='lat' dir='ltr'><strong>Deus,</strong></span> <span class='ocrx_word' id='word_1_595' title='bbox 1461 4138 1778 4194; x_wconf 90' lang='lat' dir='ltr'><strong>misericors</strong></span> <span class='ocrx_word' id='word_1_596' title='bbox 1811 4149 1866 4194; x_wconf 90' lang='lat' dir='ltr'><strong>et</strong></span> <span class='ocrx_word' id='word_1_597' title='bbox 1897 4140 2010 4195; x_wconf 85' lang='lat' dir='ltr'><strong>cle-</strong></span> 
     </span>
    </p>
   </div>
   <div class='ocr_carea' id='block_1_76' title="bbox 418 4227 2008 4303">
    <p class='ocr_par' dir='ltr' id='par_1_76' title="bbox 418 4227 2008 4303">
     <span class='ocr_line' id='line_1_76' title="bbox 418 4227 2008 4303; baseline 0.005 -23"><span class='ocrx_word' id='word_1_598' title='bbox 418 4240 602 4290; x_wconf 90' lang='lat' dir='ltr'><strong>mens,</strong></span> <span class='ocrx_word' id='word_1_599' title='bbox 636 4227 854 4296; x_wconf 86' lang='lat' dir='ltr'><strong>patiens</strong></span> <span class='ocrx_word' id='word_1_600' title='bbox 882 4234 937 4282; x_wconf 89' lang='lat' dir='ltr'><strong>et</strong></span> <span class='ocrx_word' id='word_1_601' title='bbox 966 4228 1153 4283; x_wconf 72' lang='lat' dir='ltr'><strong>multa:</strong></span> <span class='ocrx_word' id='word_1_602' title='bbox 1176 4228 1569 4295; x_wconf 88' lang='lat' dir='ltr'><strong>miserationis,</strong></span> <span class='ocrx_word' id='word_1_603' title='bbox 1599 4246 1665 4286; x_wconf 90' lang='lat' dir='ltr'><strong>ac</strong></span> <span class='ocrx_word' id='word_1_604' title='bbox 1693 4247 1881 4299; x_wconf 82' lang='lat' dir='ltr'><strong>verax,</strong></span> <span class='ocrx_word' id='word_1_605' title='bbox 1915 4233 2008 4303; x_wconf 92' lang='lat' dir='ltr'><strong>qui</strong></span> 
     </span>
    </p>
   </div>
   <div class='ocr_carea' id='block_1_77' title="bbox 408 4318 2010 4394">
    <p class='ocr_par' dir='ltr' id='par_1_77' title="bbox 408 4318 2010 4394">
     <span class='ocr_line' id='line_1_77' title="bbox 408 4318 2010 4394; baseline 0.004 -21"><span class='ocrx_word' id='word_1_606' title='bbox 408 4318 676 4375; x_wconf 86' lang='lat' dir='ltr'><strong>&#39;custodis</strong></span> <span class='ocrx_word' id='word_1_607' title='bbox 709 4318 1148 4375; x_wconf 86' lang='lat' dir='ltr'><strong>misericordiam</strong></span> <span class='ocrx_word' id='word_1_608' title='bbox 1189 4320 1246 4382; x_wconf 86' lang='lat' dir='ltr'><strong>in</strong></span> <span class='ocrx_word' id='word_1_609' title='bbox 1289 4322 1500 4378; x_wconf 90' lang='lat' dir='ltr'><strong>millia:</strong></span> <span class='ocrx_word' id='word_1_610' title='bbox 1553 4325 1648 4394; x_wconf 90' lang='lat' dir='ltr'><strong>qui</strong></span> <span class='ocrx_word' id='word_1_611' title='bbox 1681 4324 1866 4381; x_wconf 84' lang='lat' dir='ltr'><strong>aufers</strong></span> <span class='ocrx_word' id='word_1_612' title='bbox 1904 4326 2010 4380; x_wconf 91' lang='lat' dir='ltr'><strong>ini-</strong></span> 
     </span>
    </p>
   </div>
   <div class='ocr_carea' id='block_1_78' title="bbox 409 4405 2009 4489">
    <p class='ocr_par' dir='ltr' id='par_1_78' title="bbox 409 4405 2009 4489">
     <span class='ocr_line' id='line_1_78' title="bbox 409 4405 2009 4489; baseline 0.005 -24"><span class='ocrx_word' id='word_1_613' title='bbox 409 4405 714 4483; x_wconf 80' lang='lat' dir='ltr'><strong>quitatem,</strong></span> <span class='ocrx_word' id='word_1_614' title='bbox 745 4421 800 4467; x_wconf 88' lang='lat' dir='ltr'><strong>et</strong></span> <span class='ocrx_word' id='word_1_615' title='bbox 819 4411 1054 4478; x_wconf 85' lang='lat' dir='ltr'><strong>scelera,</strong></span> <span class='ocrx_word' id='word_1_616' title='bbox 1082 4419 1245 4485; x_wconf 90' lang='lat' dir='ltr'><strong>atque</strong></span> <span class='ocrx_word' id='word_1_617' title='bbox 1272 4423 1519 4485; x_wconf 89' lang='lat' dir='ltr'><strong>peccata,</strong></span> <span class='ocrx_word' id='word_1_618' title='bbox 1546 4417 1843 4488; x_wconf 89' lang='lat' dir='ltr'><strong>nullusque</strong></span> <span class='ocrx_word' id='word_1_619' title='bbox 1864 4418 2009 4489; x_wconf 88' lang='lat' dir='ltr'><strong>apud</strong></span> 
     </span>
    </p>
   </div>
   <div class='ocr_carea' id='block_1_79' title="bbox 416 4504 2007 4582">
    <p class='ocr_par' dir='ltr' id='par_1_79' title="bbox 416 4504 2007 4582">
     <span class='ocr_line' id='line_1_79' title="bbox 416 4504 2007 4582; baseline 0.004 -24"><span class='ocrx_word' id='word_1_620' title='bbox 416 4509 476 4560; x_wconf 84' lang='lat' dir='ltr'><strong>te</strong></span> <span class='ocrx_word' id='word_1_621' title='bbox 508 4519 605 4575; x_wconf 89' lang='lat' dir='ltr'><strong>per</strong></span> <span class='ocrx_word' id='word_1_622' title='bbox 643 4519 703 4559; x_wconf 93' lang='lat' dir='ltr'><strong>se</strong></span> <span class='ocrx_word' id='word_1_623' title='bbox 731 4504 1000 4562; x_wconf 89' lang='lat' dir='ltr'><strong>innocens</strong></span> <span class='ocrx_word' id='word_1_624' title='bbox 1030 4513 1146 4571; x_wconf 87' lang='lat' dir='ltr'><strong>est;</strong></span> <span class='ocrx_word' id='word_1_625' title='bbox 1179 4506 1276 4577; x_wconf 87' lang='lat' dir='ltr'><strong>qui</strong></span> <span class='ocrx_word' id='word_1_626' title='bbox 1310 4507 1496 4563; x_wconf 90' lang='lat' dir='ltr'><strong>reddis</strong></span> <span class='ocrx_word' id='word_1_627' title='bbox 1529 4508 1874 4580; x_wconf 90' lang='lat' dir='ltr'><strong>iniquitatem</strong></span> <span class='ocrx_word' id='word_1_628' title='bbox 1906 4526 2007 4582; x_wconf 86' lang='lat' dir='ltr'><strong>pa-</strong></span> 
     </span>
    </p>
   </div>
   <div class='ocr_carea' id='block_1_80' title="bbox 419 4595 2005 4674">
    <p class='ocr_par' dir='ltr' id='par_1_80' title="bbox 419 4595 2005 4674">
     <span class='ocr_line' id='line_1_80' title="bbox 419 4595 2005 4674; baseline 0.004 -23"><span class='ocrx_word' id='word_1_629' title='bbox 419 4603 571 4651; x_wconf 89' lang='lat' dir='ltr'><strong>trum</strong></span> <span class='ocrx_word' id='word_1_630' title='bbox 630 4595 759 4653; x_wconf 82' lang='lat' dir='ltr'><strong>ﬁliis</strong></span> <span class='ocrx_word' id='word_1_631' title='bbox 809 4604 875 4652; x_wconf 81' lang='lat' dir='ltr'><strong>ac</strong></span> <span class='ocrx_word' id='word_1_632' title='bbox 930 4598 1222 4668; x_wconf 88' lang='lat' dir='ltr'><strong>nepotibus</strong></span> <span class='ocrx_word' id='word_1_633' title='bbox 1268 4600 1323 4653; x_wconf 92' lang='lat' dir='ltr'><strong>in</strong></span> <span class='ocrx_word' id='word_1_634' title='bbox 1379 4601 1594 4656; x_wconf 90' lang='lat' dir='ltr'><strong>tertiam</strong></span> <span class='ocrx_word' id='word_1_635' title='bbox 1645 4609 1700 4657; x_wconf 88' lang='lat' dir='ltr'><strong>et</strong></span> <span class='ocrx_word' id='word_1_636' title='bbox 1751 4610 2005 4674; x_wconf 89' lang='lat' dir='ltr'><strong>quartam</strong></span> 
     </span>
    </p>
   </div>
   <div class='ocr_carea' id='block_1_81' title="bbox 420 4692 2008 4774">
    <p class='ocr_par' dir='ltr' id='par_1_81' title="bbox 420 4692 2008 4774">
     <span class='ocr_line' id='line_1_81' title="bbox 420 4692 2008 4774; baseline 0.008 -28"><span class='ocrx_word' id='word_1_637' title='bbox 420 4693 762 4762; x_wconf 87' lang='lat' dir='ltr'><strong>progeniem.</strong></span> <span class='ocrx_word' id='word_1_638' title='bbox 792 4692 1160 4766; x_wconf 88' lang='lat' dir='ltr'><strong>Festinusque</strong></span> <span class='ocrx_word' id='word_1_639' title='bbox 1189 4695 1403 4769; x_wconf 84' lang='lat' dir='ltr'><strong>Moyses</strong></span> <span class='ocrx_word' id='word_1_640' title='bbox 1444 4708 1707 4758; x_wconf 89' lang='lat' dir='ltr'><strong>curvatus</strong></span> <span class='ocrx_word' id='word_1_641' title='bbox 1739 4711 1825 4759; x_wconf 88' lang='lat' dir='ltr'><strong>est</strong></span> <span class='ocrx_word' id='word_1_642' title='bbox 1880 4719 2008 4774; x_wconf 90' lang='lat' dir='ltr'><strong>pro-</strong></span> 
     </span>
    </p>
   </div>
   <div class='ocr_carea' id='block_1_82' title="bbox 420 4785 2005 4867">
    <p class='ocr_par' dir='ltr' id='par_1_82' title="bbox 420 4785 2005 4867">
     <span class='ocr_line' id='line_1_82' title="bbox 420 4785 2005 4867; baseline 0.008 -29"><span class='ocrx_word' id='word_1_643' title='bbox 420 4799 528 4838; x_wconf 89' lang='lat' dir='ltr'><strong>nus</strong></span> <span class='ocrx_word' id='word_1_644' title='bbox 551 4785 607 4839; x_wconf 89' lang='lat' dir='ltr'><strong>in</strong></span> <span class='ocrx_word' id='word_1_645' title='bbox 637 4791 865 4852; x_wconf 89' lang='lat' dir='ltr'><strong>terram,</strong></span> <span class='ocrx_word' id='word_1_646' title='bbox 916 4795 971 4842; x_wconf 91' lang='lat' dir='ltr'><strong>et</strong></span> <span class='ocrx_word' id='word_1_647' title='bbox 1005 4789 1243 4845; x_wconf 89' lang='lat' dir='ltr'><strong>adorans</strong></span> <span class='ocrx_word' id='word_1_648' title='bbox 1294 4792 1410 4847; x_wconf 89' lang='lat' dir='ltr'><strong>ait:</strong></span> <span class='ocrx_word' id='word_1_649' title='bbox 1452 4791 1508 4846; x_wconf 92' lang='lat' dir='ltr'><strong>Si</strong></span> <span class='ocrx_word' id='word_1_650' title='bbox 1550 4794 1734 4850; x_wconf 89' lang='lat' dir='ltr'><strong>inveni</strong></span> <span class='ocrx_word' id='word_1_651' title='bbox 1772 4798 2005 4867; x_wconf 90' lang='lat' dir='ltr'><strong>gratiam</strong></span> 
     </span>
    </p>
   </div>
   <div class='ocr_carea' id='block_1_83' title="bbox 422 4875 2011 4960">
    <p class='ocr_par' dir='ltr' id='par_1_83' title="bbox 422 4875 2011 4960">
     <span class='ocr_line' id='line_1_83' title="bbox 422 4875 2011 4960; baseline 0.009 -29"><span class='ocrx_word' id='word_1_652' title='bbox 422 4875 482 4932; x_wconf 88' lang='lat' dir='ltr'><strong>in</strong></span> <span class='ocrx_word' id='word_1_653' title='bbox 528 4887 830 4949; x_wconf 90' lang='lat' dir='ltr'><strong>conspectu</strong></span> <span class='ocrx_word' id='word_1_654' title='bbox 883 4888 1000 4946; x_wconf 92' lang='lat' dir='ltr'><strong>tuo,</strong></span> <span class='ocrx_word' id='word_1_655' title='bbox 1055 4881 1306 4950; x_wconf 87' lang='lat' dir='ltr'><strong>Domine,</strong></span> <span class='ocrx_word' id='word_1_656' title='bbox 1358 4887 1590 4943; x_wconf 88' lang='lat' dir='ltr'><strong>obsecro</strong></span> <span class='ocrx_word' id='word_1_657' title='bbox 1638 4898 1699 4943; x_wconf 91' lang='lat' dir='ltr'><strong>ut</strong></span> <span class='ocrx_word' id='word_1_658' title='bbox 1739 4890 2011 4960; x_wconf 88' lang='lat' dir='ltr'><strong>gradiaris</strong></span> 
     </span>
    </p>
   </div>
   <div class='ocr_carea' id='block_1_84' title="bbox 302 4968 2008 5049">
    <p class='ocr_par' dir='ltr' id='par_1_84' title="bbox 302 4968 2008 5049">
     <span class='ocr_line' id='line_1_84' title="bbox 302 4968 2008 5049; baseline 0.009 -27"><span class='ocrx_word' id='word_1_659' title='bbox 302 5027 313 5033; x_wconf 35' lang='grc' dir='ltr'><strong>ρ</strong></span> <span class='ocrx_word' id='word_1_660' title='bbox 419 4968 715 5029; x_wconf 85' lang='lat' dir='ltr'><strong>nobiscum</strong></span> <span class='ocrx_word' id='word_1_661' title='bbox 773 4969 913 5026; x_wconf 87' lang='lat' dir='ltr'><strong>facie</strong></span> <span class='ocrx_word' id='word_1_662' title='bbox 964 4972 1033 5026; x_wconf 90' lang='lat' dir='ltr'><strong>ad</strong></span> <span class='ocrx_word' id='word_1_663' title='bbox 1070 4972 1264 5030; x_wconf 85' lang='lat' dir='ltr'><strong>faciem</strong></span> <span class='ocrx_word' id='word_1_664' title='bbox 1290 4976 1356 5030; x_wconf 79' lang='grc'><strong>’³.</strong></span> <span class='ocrx_word' id='word_1_665' title='bbox 1397 4994 1415 5026; x_wconf 76' lang='lat' dir='ltr'><strong>z</strong></span> <span class='ocrx_word' id='word_1_666' title='bbox 1468 4976 1685 5049; x_wconf 82' lang='lat' dir='ltr'><strong>Moyses</strong></span> <span class='ocrx_word' id='word_1_667' title='bbox 1729 4995 1855 5034; x_wconf 90' lang='lat' dir='ltr'><strong>cum</strong></span> <span class='ocrx_word' id='word_1_668' title='bbox 1898 4982 2008 5037; x_wconf 89' lang='lat' dir='ltr'><strong>Deo</strong></span> 
     </span>
    </p>
   </div>
   <div class='ocr_carea' id='block_1_85' title="bbox 419 5061 2009 5147">
    <p class='ocr_par' dir='ltr' id='par_1_85' title="bbox 419 5061 2009 5147">
     <span class='ocr_line' id='line_1_85' title="bbox 419 5061 2009 5147; baseline 0.012 -34"><span class='ocrx_word' id='word_1_669' title='bbox 419 5061 729 5118; x_wconf 87' lang='lat' dir='ltr'><strong>collocutus</strong></span> <span class='ocrx_word' id='word_1_670' title='bbox 786 5063 1065 5121; x_wconf 90' lang='lat' dir='ltr'><strong>inducitur</strong></span> <span class='ocrx_word' id='word_1_671' title='bbox 1113 5083 1176 5123; x_wconf 90' lang='lat' dir='ltr'><strong>ea</strong></span> <span class='ocrx_word' id='word_1_672' title='bbox 1231 5068 1427 5124; x_wconf 87' lang='lat' dir='ltr'><strong>ﬁducia</strong></span> <span class='ocrx_word' id='word_1_673' title='bbox 1461 5078 1514 5126; x_wconf 90' lang='lat' dir='ltr'><strong>et</strong></span> <span class='ocrx_word' id='word_1_674' title='bbox 1570 5072 1841 5137; x_wconf 85' lang='lat' dir='ltr'><strong>libertate.</strong></span> <span class='ocrx_word' id='word_1_675' title='bbox 1900 5092 2009 5147; x_wconf 93' lang='lat' dir='ltr'><strong>qua</strong></span> 
     </span>
    </p>
   </div>
   <div class='ocr_carea' id='block_1_86' title="bbox 423 5154 2009 5237">
    <p class='ocr_par' dir='ltr' id='par_1_86' title="bbox 423 5154 2009 5237">
     <span class='ocr_line' id='line_1_86' title="bbox 423 5154 2009 5237; baseline 0.011 -31"><span class='ocrx_word' id='word_1_676' title='bbox 423 5159 673 5208; x_wconf 90' lang='lat' dir='ltr'><strong>uteretur</strong></span> <span class='ocrx_word' id='word_1_677' title='bbox 703 5154 914 5212; x_wconf 91' lang='lat' dir='ltr'><strong>amicus</strong></span> <span class='ocrx_word' id='word_1_678' title='bbox 948 5172 1073 5211; x_wconf 92' lang='lat' dir='ltr'><strong>eum</strong></span> <span class='ocrx_word' id='word_1_679' title='bbox 1115 5160 1294 5213; x_wconf 89' lang='lat' dir='ltr'><strong>amico</strong></span> <span class='ocrx_word' id='word_1_680' title='bbox 1327 5160 1710 5219; x_wconf 87' lang='lat' dir='ltr'><strong>confabulans.</strong></span> <span class='ocrx_word' id='word_1_681' title='bbox 1768 5166 2009 5237; x_wconf 90' lang='lat' dir='ltr'><strong>Apparet</strong></span> 
     </span>
    </p>
   </div>
   <div class='ocr_carea' id='block_1_87' title="bbox 425 5246 2011 5331">
    <p class='ocr_par' dir='ltr' id='par_1_87' title="bbox 425 5246 2011 5331">
     <span class='ocr_line' id='line_1_87' title="bbox 425 5246 2011 5331; baseline 0.012 -33"><span class='ocrx_word' id='word_1_682' title='bbox 425 5253 609 5300; x_wconf 86' lang='lat' dir='ltr'><strong>autem</strong></span> <span class='ocrx_word' id='word_1_683' title='bbox 636 5261 705 5301; x_wconf 83' lang='lat' dir='ltr'><strong>ex</strong></span> <span class='ocrx_word' id='word_1_684' title='bbox 734 5246 860 5303; x_wconf 90' lang='lat' dir='ltr'><strong>istis</strong></span> <span class='ocrx_word' id='word_1_685' title='bbox 885 5264 995 5304; x_wconf 90' lang='lat' dir='ltr'><strong>non</strong></span> <span class='ocrx_word' id='word_1_686' title='bbox 1023 5248 1312 5321; x_wconf 80' lang='lat' dir='ltr'><strong>Prophetas</strong></span> <span class='ocrx_word' id='word_1_687' title='bbox 1344 5268 1709 5324; x_wconf 88' lang='lat' dir='ltr'><strong>progressus;</strong></span> <span class='ocrx_word' id='word_1_688' title='bbox 1741 5259 1837 5314; x_wconf 90' lang='lat' dir='ltr'><strong>sed</strong></span> <span class='ocrx_word' id='word_1_689' title='bbox 1866 5271 2011 5331; x_wconf 90' lang='lat' dir='ltr'><strong>post-</strong></span> 
     </span>
    </p>
   </div>
   <div class='ocr_carea' id='block_1_88' title="bbox 424 5346 2009 5424">
    <p class='ocr_par' dir='ltr' id='par_1_88' title="bbox 424 5346 2009 5424">
     <span class='ocr_line' id='line_1_88' title="bbox 424 5346 2009 5424; baseline 0.012 -26"><span class='ocrx_word' id='word_1_690' title='bbox 424 5359 589 5415; x_wconf 87' lang='lat' dir='ltr'><strong>quam</strong></span> <span class='ocrx_word' id='word_1_691' title='bbox 622 5346 947 5417; x_wconf 91' lang='lat' dir='ltr'><strong>loquebatur</strong></span> <span class='ocrx_word' id='word_1_692' title='bbox 971 5349 1023 5405; x_wconf 92' lang='lat' dir='ltr'><strong>ei</strong></span> <span class='ocrx_word' id='word_1_693' title='bbox 1051 5349 1314 5407; x_wconf 91' lang='lat' dir='ltr'><strong>Dominus</strong></span> <span class='ocrx_word' id='word_1_694' title='bbox 1355 5353 1496 5410; x_wconf 86' lang='lat' dir='ltr'><strong>faeie</strong></span> <span class='ocrx_word' id='word_1_695' title='bbox 1522 5354 1591 5410; x_wconf 88' lang='lat' dir='ltr'><strong>ad</strong></span> <span class='ocrx_word' id='word_1_696' title='bbox 1646 5355 1864 5424; x_wconf 90' lang='lat' dir='ltr'><strong>faciem,</strong></span> <span class='ocrx_word' id='word_1_697' title='bbox 1897 5376 2009 5418; x_wconf 90' lang='lat' dir='ltr'><strong>non</strong></span> 
     </span>
    </p>
   </div>
   <div class='ocr_carea' id='block_1_89' title="bbox 423 5441 2009 5520">
    <p class='ocr_par' dir='ltr' id='par_1_89' title="bbox 423 5441 2009 5520">
     <span class='ocr_line' id='line_1_89' title="bbox 423 5441 2009 5520; baseline 0.013 -30"><span class='ocrx_word' id='word_1_698' title='bbox 423 5446 609 5493; x_wconf 88' lang='lat' dir='ltr'><strong>tamen</strong></span> <span class='ocrx_word' id='word_1_699' title='bbox 641 5454 885 5510; x_wconf 90' lang='lat' dir='ltr'><strong>unquam</strong></span> <span class='ocrx_word' id='word_1_700' title='bbox 929 5441 1084 5499; x_wconf 87' lang='lat' dir='ltr'><strong>visus</strong></span> <span class='ocrx_word' id='word_1_701' title='bbox 1135 5453 1220 5499; x_wconf 91' lang='lat' dir='ltr'><strong>est</strong></span> <span class='ocrx_word' id='word_1_702' title='bbox 1262 5447 1317 5501; x_wconf 90' lang='lat' dir='ltr'><strong>ei</strong></span> <span class='ocrx_word' id='word_1_703' title='bbox 1365 5447 1513 5502; x_wconf 87' lang='lat' dir='ltr'><strong>sicut</strong></span> <span class='ocrx_word' id='word_1_704' title='bbox 1560 5450 1897 5520; x_wconf 84' lang='lat' dir='ltr'><strong>Abrahamo,</strong></span> <span class='ocrx_word' id='word_1_705' title='bbox 1955 5466 2009 5512; x_wconf 87' lang='lat' dir='ltr'><strong>et</strong></span> 
     </span>
    </p>
   </div>
   <div class='ocr_carea' id='block_1_90' title="bbox 425 5536 2005 5621">
    <p class='ocr_par' dir='ltr' id='par_1_90' title="bbox 425 5536 2005 5621">
     <span class='ocr_line' id='line_1_90' title="bbox 425 5536 2005 5621; baseline 0.012 -30"><span class='ocrx_word' id='word_1_706' title='bbox 425 5536 616 5593; x_wconf 86' lang='lat' dir='ltr'><strong>lsaaco</strong></span> <span class='ocrx_word' id='word_1_707' title='bbox 645 5547 700 5594; x_wconf 90' lang='lat' dir='ltr'><strong>et</strong></span> <span class='ocrx_word' id='word_1_708' title='bbox 728 5538 957 5597; x_wconf 65' lang='lat' dir='ltr'><strong>Iacobo.</strong></span> <span class='ocrx_word' id='word_1_709' title='bbox 990 5542 1164 5614; x_wconf 85' lang='lat' dir='ltr'><strong>Cujus</strong></span> <span class='ocrx_word' id='word_1_710' title='bbox 1213 5545 1381 5615; x_wconf 87' lang='lat' dir='ltr'><strong>igitur</strong></span> <span class='ocrx_word' id='word_1_711' title='bbox 1410 5548 1643 5617; x_wconf 91' lang='lat' dir='ltr'><strong>gratiam</strong></span> <span class='ocrx_word' id='word_1_712' title='bbox 1679 5554 1887 5621; x_wconf 78' lang='lat' dir='ltr'><strong>expetit</strong></span> <span class='ocrx_word' id='word_1_713' title='bbox 1921 5555 2005 5610; x_wconf 91' lang='lat' dir='ltr'><strong>di-</strong></span> 
     </span>
    </p>
   </div>
   <div class='ocr_carea' id='block_1_91' title="bbox 420 5632 2004 5713">
    <p class='ocr_par' dir='ltr' id='par_1_91' title="bbox 420 5632 2004 5713">
     <span class='ocr_line' id='line_1_91' title="bbox 420 5632 2004 5713; baseline 0.009 -27"><span class='ocrx_word' id='word_1_714' title='bbox 420 5644 562 5711; x_wconf 35' lang='lat' dir='ltr'><strong>‘cens</strong></span> <span class='ocrx_word' id='word_1_715' title='bbox 614 5649 629 5686; x_wconf 91' lang='lat'><strong>:</strong></span> <span class='ocrx_word' id='word_1_716' title='bbox 688 5649 708 5682; x_wconf 77' lang='grc' dir='ltr'><strong>ι</strong></span> <span class='ocrx_word' id='word_1_717' title='bbox 769 5632 828 5686; x_wconf 89' lang='lat' dir='ltr'><strong>Si</strong></span> <span class='ocrx_word' id='word_1_718' title='bbox 888 5634 1071 5690; x_wconf 86' lang='lat' dir='ltr'><strong>inveni</strong></span> <span class='ocrx_word' id='word_1_719' title='bbox 1132 5637 1365 5707; x_wconf 88' lang='lat' dir='ltr'><strong>gratiam</strong></span> <span class='ocrx_word' id='word_1_720' title='bbox 1417 5638 1473 5694; x_wconf 91' lang='lat' dir='ltr'><strong>in</strong></span> <span class='ocrx_word' id='word_1_721' title='bbox 1526 5651 1826 5712; x_wconf 86' lang='lat' dir='ltr'><strong>conspectu</strong></span> <span class='ocrx_word' id='word_1_722' title='bbox 1890 5656 2004 5713; x_wconf 87' lang='lat' dir='ltr'><strong>tuo,</strong></span> 
     </span>
    </p>
   </div>
   <div class='ocr_carea' id='block_1_92' title="bbox 417 5742 1938 5822">
    <p class='ocr_par' dir='ltr' id='par_1_92' title="bbox 417 5742 1938 5822">
     <span class='ocr_line' id='line_1_92' title="bbox 417 5742 1938 5822; baseline 0.024 -29"><span class='ocrx_word' id='word_1_723' title='bbox 417 5800 441 5822; x_wconf 42' lang='lat' dir='ltr'><strong><em>d</em></strong></span> <span class='ocrx_word' id='word_1_724' title='bbox 486 5744 548 5820; x_wconf 63' lang='lat' dir='ltr'><strong>f&#39;</strong></span> <span class='ocrx_word' id='word_1_725' title='bbox 584 5742 757 5801; x_wconf 83' lang='lat' dir='ltr'><strong>Exod.</strong></span> <span class='ocrx_word' id='word_1_726' title='bbox 792 5751 1003 5819; x_wconf 66' lang='lat' dir='ltr'><strong>xxxmj,</strong></span> <span class='ocrx_word' id='word_1_727' title='bbox 1038 5748 1195 5806; x_wconf 50' lang='lat'><strong>9.35.</strong></span> <span class='ocrx_word' id='word_1_728' title='bbox 1273 5752 1322 5785; x_wconf 79' lang='lat'>”</span> <span class='ocrx_word' id='word_1_729' title='bbox 1360 5750 1532 5807; x_wconf 74' lang='lat' dir='ltr'><strong>Exod-</strong></span> <span class='ocrx_word' id='word_1_730' title='bbox 1577 5770 1780 5819; x_wconf 50' lang='lat' dir='ltr'><strong>XXXIV.</strong></span> <span class='ocrx_word' id='word_1_731' title='bbox 1816 5759 1938 5815; x_wconf 74' lang='lat'><strong>5&#39;9-</strong></span> 
     </span>
    </p>
   </div>
   <div class='ocr_carea' id='block_1_93' title="bbox 2114 3161 3707 3239">
    <p class='ocr_par' dir='ltr' id='par_1_93' title="bbox 2114 3161 3707 3239">
     <span class='ocr_line' id='line_1_93' title="bbox 2114 3161 3707 3239; baseline -0.009 -19"><span class='ocrx_word' id='word_1_732' title='bbox 2114 3166 2186 3238; x_wconf 85' lang='grc' dir='ltr'>μὴ</span> <span class='ocrx_word' id='word_1_733' title='bbox 2213 3165 2298 3239; x_wconf 82' lang='grc' dir='ltr'><strong>ἴδῃ</strong></span> <span class='ocrx_word' id='word_1_734' title='bbox 2314 3166 2376 3218; x_wconf 82' lang='grc' dir='ltr'>τὸ</span> <span class='ocrx_word' id='word_1_735' title='bbox 2392 3163 2683 3236; x_wconf 88' lang='grc' dir='ltr'>πρόσωπόν</span> <span class='ocrx_word' id='word_1_736' title='bbox 2707 3179 2806 3233; x_wconf 82' lang='grc' dir='ltr'><strong>μου</strong></span> <span class='ocrx_word' id='word_1_737' title='bbox 2826 3161 3111 3232; x_wconf 85' lang='grc' dir='ltr'>ἄνθρωπος</span> <span class='ocrx_word' id='word_1_738' title='bbox 3148 3161 3220 3232; x_wconf 88' lang='lat' dir='ltr'><strong>(f.</strong></span> <span class='ocrx_word' id='word_1_739' title='bbox 3247 3163 3313 3219; x_wconf 79' lang='lat' dir='ltr'><strong>lo</strong></span> <span class='ocrx_word' id='word_1_740' title='bbox 3332 3165 3414 3234; x_wconf 74' lang='grc' dir='ltr'><strong>νο)</strong></span> <span class='ocrx_word' id='word_1_741' title='bbox 3438 3166 3533 3219; x_wconf 77' lang='grc' dir='ltr'>καὶ</span> <span class='ocrx_word' id='word_1_742' title='bbox 3548 3165 3707 3237; x_wconf 64' lang='grc' dir='ltr'>ζήσε-</span> 
     </span>
    </p>
   </div>
   <div class='ocr_carea' id='block_1_94' title="bbox 2109 3251 3706 3328">
    <p class='ocr_par' dir='ltr' id='par_1_94' title="bbox 2109 3251 3706 3328">
     <span class='ocr_line' id='line_1_94' title="bbox 2109 3251 3706 3328; baseline 0 -18"><span class='ocrx_word' id='word_1_743' title='bbox 2109 3274 2216 3310; x_wconf 88' lang='grc' dir='ltr'>ται.</span> <span class='ocrx_word' id='word_1_744' title='bbox 2270 3255 2381 3309; x_wconf 86' lang='lat' dir='ltr'><strong>Kal</strong></span> <span class='ocrx_word' id='word_1_745' title='bbox 2418 3251 2540 3308; x_wconf 73' lang='grc' dir='ltr'>εἶπε</span> <span class='ocrx_word' id='word_1_746' title='bbox 2586 3255 2811 3328; x_wconf 61' lang='grc' dir='ltr'>Κύριος</span> <span class='ocrx_word' id='word_1_747' title='bbox 2849 3256 3001 3321; x_wconf 78' lang='grc' dir='ltr'>Ἰδοὺ,</span> <span class='ocrx_word' id='word_1_748' title='bbox 3030 3257 3194 3320; x_wconf 84' lang='grc' dir='ltr'>τόπος</span> <span class='ocrx_word' id='word_1_749' title='bbox 3236 3256 3367 3328; x_wconf 78' lang='grc' dir='ltr'>παρ’</span> <span class='ocrx_word' id='word_1_750' title='bbox 3399 3258 3555 3326; x_wconf 67' lang='grc' dir='ltr'>ἐμοὶ,</span> <span class='ocrx_word' id='word_1_751' title='bbox 3610 3259 3706 3311; x_wconf 85' lang='lat' dir='ltr'><strong>zeal</strong></span> 
     </span>
    </p>
   </div>
   <div class='ocr_carea' id='block_1_95' title="bbox 2113 3348 3708 3421">
    <p class='ocr_par' dir='ltr' id='par_1_95' title="bbox 2113 3348 3708 3421">
     <span class='ocr_line' id='line_1_95' title="bbox 2113 3348 3708 3421; baseline 0.001 -19"><span class='ocrx_word' id='word_1_752' title='bbox 2113 3351 2283 3421; x_wconf 83' lang='grc' dir='ltr'>στήσῃ</span> <span class='ocrx_word' id='word_1_753' title='bbox 2313 3348 2406 3401; x_wconf 75' lang='grc' dir='ltr'><strong>ἐπὶ</strong></span> <span class='ocrx_word' id='word_1_754' title='bbox 2428 3350 2529 3419; x_wconf 83' lang='grc' dir='ltr'>τῆς</span> <span class='ocrx_word' id='word_1_755' title='bbox 2558 3348 2783 3416; x_wconf 82' lang='grc' dir='ltr'>πέτρας·</span> <span class='ocrx_word' id='word_1_756' title='bbox 2809 3349 2901 3402; x_wconf 86' lang='lat' dir='ltr'><strong>zeal</strong></span> <span class='ocrx_word' id='word_1_757' title='bbox 2922 3348 3181 3403; x_wconf 85' lang='grc' dir='ltr'>σκεπάσω</span> <span class='ocrx_word' id='word_1_758' title='bbox 3203 3352 3272 3421; x_wconf 81' lang='grc' dir='ltr'><strong>τῇ</strong></span> <span class='ocrx_word' id='word_1_759' title='bbox 3302 3351 3447 3420; x_wconf 88' lang='grc' dir='ltr'>χειρί</span> <span class='ocrx_word' id='word_1_760' title='bbox 3479 3367 3588 3420; x_wconf 76' lang='grc' dir='ltr'><strong>μου</strong></span> <span class='ocrx_word' id='word_1_761' title='bbox 3613 3352 3708 3403; x_wconf 75' lang='grc' dir='ltr'><strong>ἐπὶ</strong></span> 
     </span>
    </p>
   </div>
   <div class='ocr_carea' id='block_1_96' title="bbox 2112 3438 3704 3514">
    <p class='ocr_par' dir='ltr' id='par_1_96' title="bbox 2112 3438 3704 3514">
     <span class='ocr_line' id='line_1_96' title="bbox 2112 3438 3704 3514; baseline 0.003 -22"><span class='ocrx_word' id='word_1_762' title='bbox 2112 3438 2192 3502; x_wconf 84' lang='grc' dir='ltr'><strong>σὲ,</strong></span> <span class='ocrx_word' id='word_1_763' title='bbox 2243 3438 2348 3502; x_wconf 75' lang='grc' dir='ltr'>ἕως</span> <span class='ocrx_word' id='word_1_764' title='bbox 2378 3438 2445 3492; x_wconf 89' lang='grc' dir='ltr'>ἂν</span> <span class='ocrx_word' id='word_1_765' title='bbox 2486 3438 2757 3511; x_wconf 84' lang='grc' dir='ltr'>παρέλθω.</span> <span class='ocrx_word' id='word_1_766' title='bbox 2794 3440 2903 3495; x_wconf 87' lang='lat' dir='ltr'><strong>Kal</strong></span> <span class='ocrx_word' id='word_1_767' title='bbox 2956 3440 3142 3511; x_wconf 85' lang='grc' dir='ltr'>ἀφελῶ</span> <span class='ocrx_word' id='word_1_768' title='bbox 3191 3440 3290 3513; x_wconf 78' lang='grc' dir='ltr'>τὴν</span> <span class='ocrx_word' id='word_1_769' title='bbox 3346 3442 3509 3514; x_wconf 84' lang='grc' dir='ltr'>χεῖρά</span> <span class='ocrx_word' id='word_1_770' title='bbox 3560 3460 3704 3514; x_wconf 83' lang='grc' dir='ltr'>μου,</span> 
     </span>
    </p>
   </div>
   <div class='ocr_carea' id='block_1_97' title="bbox 2111 3530 3707 3606">
    <p class='ocr_par' dir='ltr' id='par_1_97' title="bbox 2111 3530 3707 3606">
     <span class='ocr_line' id='line_1_97' title="bbox 2111 3530 3707 3606; baseline 0.003 -23"><span class='ocrx_word' id='word_1_771' title='bbox 2111 3531 2207 3584; x_wconf 82' lang='lat' dir='ltr'><strong>zeal.</strong></span> <span class='ocrx_word' id='word_1_772' title='bbox 2231 3531 2351 3584; x_wconf 88' lang='grc' dir='ltr'>τότε</span> <span class='ocrx_word' id='word_1_773' title='bbox 2376 3530 2480 3603; x_wconf 70' lang='grc' dir='ltr'><strong>ὄψῃ</strong></span> <span class='ocrx_word' id='word_1_774' title='bbox 2518 3531 2587 3585; x_wconf 83' lang='grc' dir='ltr'><strong>τὰ</strong></span> <span class='ocrx_word' id='word_1_775' title='bbox 2616 3531 2791 3586; x_wconf 81' lang='grc' dir='ltr'><strong>ὀπίσω</strong></span> <span class='ocrx_word' id='word_1_776' title='bbox 2823 3551 2923 3603; x_wconf 87' lang='grc' dir='ltr'>μου</span> <span class='ocrx_word' id='word_1_777' title='bbox 2941 3552 2953 3564; x_wconf 91' lang='grc'><strong>·</strong></span> <span class='ocrx_word' id='word_1_778' title='bbox 2975 3533 3037 3586; x_wconf 83' lang='grc' dir='ltr'>τὸ</span> <span class='ocrx_word' id='word_1_779' title='bbox 3063 3532 3122 3586; x_wconf 81' lang='grc' dir='ltr'><strong>δὲ</strong></span> <span class='ocrx_word' id='word_1_780' title='bbox 3153 3534 3447 3606; x_wconf 75' lang='grc' dir='ltr'>πρόσωπόν</span> <span class='ocrx_word' id='word_1_781' title='bbox 3470 3550 3579 3605; x_wconf 74' lang='grc' dir='ltr'><strong>μου</strong></span> <span class='ocrx_word' id='word_1_782' title='bbox 3604 3537 3707 3588; x_wconf 74' lang='grc' dir='ltr'><strong>οὐκ</strong></span> 
     </span>
    </p>
   </div>
   <div class='ocr_carea' id='block_1_98' title="bbox 2110 3620 3708 3698">
    <p class='ocr_par' dir='ltr' id='par_1_98' title="bbox 2110 3620 3708 3698">
     <span class='ocr_line' id='line_1_98' title="bbox 2110 3620 3708 3698; baseline 0.004 -22"><span class='ocrx_word' id='word_1_783' title='bbox 2110 3622 2408 3694; x_wconf 85' lang='grc' dir='ltr'>ὀφθήσεταί</span> <span class='ocrx_word' id='word_1_784' title='bbox 2467 3641 2571 3689; x_wconf 90' lang='grc' dir='ltr'>σοι,</span> <span class='ocrx_word' id='word_1_785' title='bbox 2609 3644 2628 3675; x_wconf 82' lang='grc'><strong>›</strong></span> <span class='ocrx_word' id='word_1_786' title='bbox 2661 3626 2756 3678; x_wconf 79' lang='grc' dir='ltr'>καὶ</span> <span class='ocrx_word' id='word_1_787' title='bbox 2798 3625 2867 3679; x_wconf 86' lang='grc' dir='ltr'>τὰ</span> <span class='ocrx_word' id='word_1_788' title='bbox 2919 3626 3065 3697; x_wconf 78' lang='grc' dir='ltr'>ἑξῆς,</span> <span class='ocrx_word' id='word_1_789' title='bbox 3101 3620 3183 3691; x_wconf 77' lang='grc' dir='ltr'>οἷς</span> <span class='ocrx_word' id='word_1_790' title='bbox 3227 3627 3501 3698; x_wconf 76' lang='grc' dir='ltr'>ἐπιφέρει·</span> <span class='ocrx_word' id='word_1_791' title='bbox 3532 3647 3554 3677; x_wconf 76' lang='grc' dir='ltr'><strong>ι</strong></span> <span class='ocrx_word' id='word_1_792' title='bbox 3594 3627 3708 3688; x_wconf 68' lang='lat' dir='ltr'><strong>Kal.</strong></span> 
     </span>
    </p>
   </div>
   <div class='ocr_carea' id='block_1_99' title="bbox 2111 3715 3701 3791">
    <p class='ocr_par' dir='ltr' id='par_1_99' title="bbox 2111 3715 3701 3791">
     <span class='ocr_line' id='line_1_99' title="bbox 2111 3715 3701 3791; baseline 0.003 -23"><span class='ocrx_word' id='word_1_793' title='bbox 2111 3715 2317 3788; x_wconf 78' lang='grc' dir='ltr'>κατέϐη</span> <span class='ocrx_word' id='word_1_794' title='bbox 2364 3715 2568 3788; x_wconf 83' lang='grc' dir='ltr'>Κύριος</span> <span class='ocrx_word' id='word_1_795' title='bbox 2592 3717 2653 3770; x_wconf 68' lang='grc' dir='ltr'><strong>δν</strong></span> <span class='ocrx_word' id='word_1_796' title='bbox 2681 3717 2881 3789; x_wconf 84' lang='grc' dir='ltr'>νεφέλῃ</span> <span class='ocrx_word' id='word_1_797' title='bbox 2903 3759 2917 3784; x_wconf 93' lang='grc'><strong>,</strong></span> <span class='ocrx_word' id='word_1_798' title='bbox 2948 3720 3046 3772; x_wconf 78' lang='grc' dir='ltr'><strong>καὶ</strong></span> <span class='ocrx_word' id='word_1_799' title='bbox 3074 3718 3325 3791; x_wconf 83' lang='grc' dir='ltr'>παρέστη</span> <span class='ocrx_word' id='word_1_800' title='bbox 3354 3718 3507 3790; x_wconf 81' lang='grc' dir='ltr'>αὐτῷ</span> <span class='ocrx_word' id='word_1_801' title='bbox 3541 3721 3667 3774; x_wconf 75' lang='grc' dir='ltr'>ἐκεῖ</span> <span class='ocrx_word' id='word_1_802' title='bbox 3685 3736 3701 3750; x_wconf 88' lang='grc'><strong>·</strong></span> 
     </span>
    </p>
   </div>
   <div class='ocr_carea' id='block_1_100' title="bbox 2111 3808 3704 3883">
    <p class='ocr_par' dir='ltr' id='par_1_100' title="bbox 2111 3808 3704 3883">
     <span class='ocr_line' id='line_1_100' title="bbox 2111 3808 3704 3883; baseline 0.004 -22"><span class='ocrx_word' id='word_1_803' title='bbox 2111 3808 2205 3861; x_wconf 84' lang='lat' dir='ltr'><strong>zeal</strong></span> <span class='ocrx_word' id='word_1_804' title='bbox 2237 3809 2497 3862; x_wconf 80' lang='grc' dir='ltr'>ἐκάλεσεν</span> <span class='ocrx_word' id='word_1_805' title='bbox 2526 3812 2585 3863; x_wconf 84' lang='grc' dir='ltr'>ὲν</span> <span class='ocrx_word' id='word_1_806' title='bbox 2617 3809 2842 3881; x_wconf 86' lang='grc' dir='ltr'>ὀνόματι</span> <span class='ocrx_word' id='word_1_807' title='bbox 2875 3810 3081 3883; x_wconf 82' lang='grc' dir='ltr'>Κυρίου</span> <span class='ocrx_word' id='word_1_808' title='bbox 3101 3828 3116 3841; x_wconf 86' lang='grc'><strong>·</strong></span> <span class='ocrx_word' id='word_1_809' title='bbox 3149 3812 3246 3864; x_wconf 85' lang='lat' dir='ltr'><strong>zeal</strong></span> <span class='ocrx_word' id='word_1_810' title='bbox 3274 3811 3554 3883; x_wconf 75' lang='grc' dir='ltr'>παρῆλθεν</span> <span class='ocrx_word' id='word_1_811' title='bbox 3588 3813 3704 3867; x_wconf 81' lang='grc' dir='ltr'><strong>Κύ-</strong></span> 
     </span>
    </p>
   </div>
   <div class='ocr_carea' id='block_1_101' title="bbox 2115 3900 3705 3977">
    <p class='ocr_par' dir='ltr' id='par_1_101' title="bbox 2115 3900 3705 3977">
     <span class='ocr_line' id='line_1_101' title="bbox 2115 3900 3705 3977; baseline 0.004 -24"><span class='ocrx_word' id='word_1_812' title='bbox 2115 3917 2227 3971; x_wconf 92' lang='grc' dir='ltr'>ριος</span> <span class='ocrx_word' id='word_1_813' title='bbox 2276 3901 2383 3973; x_wconf 87' lang='grc' dir='ltr'>πρὸ</span> <span class='ocrx_word' id='word_1_814' title='bbox 2433 3900 2726 3973; x_wconf 85' lang='grc' dir='ltr'>προσώπου</span> <span class='ocrx_word' id='word_1_815' title='bbox 2780 3902 2980 3970; x_wconf 81' lang='grc' dir='ltr'>αὐτοῦ,</span> <span class='ocrx_word' id='word_1_816' title='bbox 3037 3904 3132 3957; x_wconf 76' lang='grc' dir='ltr'>καὶ</span> <span class='ocrx_word' id='word_1_817' title='bbox 3181 3905 3443 3959; x_wconf 73' lang='grc' dir='ltr'>ἐκάλεσε⁶</span> <span class='ocrx_word' id='word_1_818' title='bbox 3494 3905 3705 3977; x_wconf 76' lang='grc' dir='ltr'>Κύριος</span> 
     </span>
    </p>
   </div>
   <div class='ocr_carea' id='block_1_102' title="bbox 2110 3989 3706 4069">
    <p class='ocr_par' dir='ltr' id='par_1_102' title="bbox 2110 3989 3706 4069">
     <span class='ocr_line' id='line_1_102' title="bbox 2110 3989 3706 4069; baseline 0.004 -26"><span class='ocrx_word' id='word_1_819' title='bbox 2110 3989 2313 4062; x_wconf 85' lang='grc' dir='ltr'>Κύριος</span> <span class='ocrx_word' id='word_1_820' title='bbox 2344 3992 2373 4043; x_wconf 89' lang='grc' dir='ltr'>ὁ</span> <span class='ocrx_word' id='word_1_821' title='bbox 2402 3992 2535 4055; x_wconf 84' lang='grc' dir='ltr'><strong>Θεὸς</strong></span> <span class='ocrx_word' id='word_1_822' title='bbox 2570 3991 2871 4064; x_wconf 78' lang='grc' dir='ltr'>οἰκτίρμων</span> <span class='ocrx_word' id='word_1_823' title='bbox 2911 3995 3005 4047; x_wconf 74' lang='grc' dir='ltr'>καὶ</span> <span class='ocrx_word' id='word_1_824' title='bbox 3044 3993 3313 4066; x_wconf 73' lang='grc' dir='ltr'>ἐλεήμων,</span> <span class='ocrx_word' id='word_1_825' title='bbox 3346 3996 3706 4069; x_wconf 83' lang='grc' dir='ltr'>μακρόθυμος</span> 
     </span>
    </p>
   </div>
   <div class='ocr_carea' id='block_1_103' title="bbox 2111 4082 3704 4161">
    <p class='ocr_par' dir='ltr' id='par_1_103' title="bbox 2111 4082 3704 4161">
     <span class='ocr_line' id='line_1_103' title="bbox 2111 4082 3704 4161; baseline 0.007 -28"><span class='ocrx_word' id='word_1_826' title='bbox 2111 4083 2205 4134; x_wconf 81' lang='grc' dir='ltr'>καὶ</span> <span class='ocrx_word' id='word_1_827' title='bbox 2230 4082 2513 4147; x_wconf 86' lang='grc' dir='ltr'>πολυέλεος</span> <span class='ocrx_word' id='word_1_828' title='bbox 2536 4084 2629 4136; x_wconf 73' lang='grc' dir='ltr'><strong>καὶ</strong></span> <span class='ocrx_word' id='word_1_829' title='bbox 2651 4084 2903 4156; x_wconf 84' lang='grc' dir='ltr'>ἀληθινὸς</span> <span class='ocrx_word' id='word_1_830' title='bbox 2924 4086 3017 4139; x_wconf 80' lang='grc' dir='ltr'>καὶ</span> <span class='ocrx_word' id='word_1_831' title='bbox 3037 4087 3384 4159; x_wconf 75' lang='grc' dir='ltr'>δικαιοσύνην</span> <span class='ocrx_word' id='word_1_832' title='bbox 3404 4089 3704 4161; x_wconf 75' lang='grc' dir='ltr'>διατηρῶν,</span> 
     </span>
    </p>
   </div>
   <div class='ocr_carea' id='block_1_104' title="bbox 2111 4174 3706 4251">
    <p class='ocr_par' dir='ltr' id='par_1_104' title="bbox 2111 4174 3706 4251">
     <span class='ocr_line' id='line_1_104' title="bbox 2111 4174 3706 4251; baseline 0.005 -25"><span class='ocrx_word' id='word_1_833' title='bbox 2111 4174 2281 4228; x_wconf 85' lang='grc' dir='ltr'>ποιῶν</span> <span class='ocrx_word' id='word_1_834' title='bbox 2310 4174 2459 4238; x_wconf 78' lang='grc' dir='ltr'>ἕλεος</span> <span class='ocrx_word' id='word_1_835' title='bbox 2486 4176 2567 4239; x_wconf 84' lang='grc' dir='ltr'>εἰς</span> <span class='ocrx_word' id='word_1_836' title='bbox 2594 4176 2840 4246; x_wconf 84' lang='grc' dir='ltr'>χιλιάδας</span> <span class='ocrx_word' id='word_1_837' title='bbox 2860 4219 2875 4241; x_wconf 94' lang='grc'><strong>,</strong></span> <span class='ocrx_word' id='word_1_838' title='bbox 2915 4179 3168 4251; x_wconf 80' lang='grc' dir='ltr'>ἀφαιρῶν</span> <span class='ocrx_word' id='word_1_839' title='bbox 3198 4181 3430 4251; x_wconf 79' lang='grc' dir='ltr'><strong>ἀνομίας</strong></span> <span class='ocrx_word' id='word_1_840' title='bbox 3457 4182 3556 4235; x_wconf 85' lang='lat' dir='ltr'><strong>zeal</strong></span> <span class='ocrx_word' id='word_1_841' title='bbox 3590 4183 3706 4237; x_wconf 70' lang='grc' dir='ltr'>ἀδι-</span> 
     </span>
    </p>
   </div>
   <div class='ocr_carea' id='block_1_105' title="bbox 2111 4266 3703 4345">
    <p class='ocr_par' dir='ltr' id='par_1_105' title="bbox 2111 4266 3703 4345">
     <span class='ocr_line' id='line_1_105' title="bbox 2111 4266 3703 4345; baseline 0.007 -27"><span class='ocrx_word' id='word_1_842' title='bbox 2111 4266 2236 4329; x_wconf 89' lang='grc' dir='ltr'>κίας</span> <span class='ocrx_word' id='word_1_843' title='bbox 2262 4266 2357 4320; x_wconf 74' lang='grc' dir='ltr'>καὶ</span> <span class='ocrx_word' id='word_1_844' title='bbox 2404 4269 2679 4342; x_wconf 84' lang='grc' dir='ltr'>ἁμαρτίας</span> <span class='ocrx_word' id='word_1_845' title='bbox 2704 4310 2718 4333; x_wconf 93' lang='grc'><strong>,</strong></span> <span class='ocrx_word' id='word_1_846' title='bbox 2761 4271 2856 4324; x_wconf 80' lang='grc' dir='ltr'>καὶ</span> <span class='ocrx_word' id='word_1_847' title='bbox 2894 4273 2986 4324; x_wconf 84' lang='grc' dir='ltr'>τὸν</span> <span class='ocrx_word' id='word_1_848' title='bbox 3013 4271 3196 4344; x_wconf 75' lang='grc' dir='ltr'>ἔνοχον</span> <span class='ocrx_word' id='word_1_849' title='bbox 3226 4274 3288 4326; x_wconf 82' lang='grc' dir='ltr'><strong>οὐ</strong></span> <span class='ocrx_word' id='word_1_850' title='bbox 3321 4272 3583 4345; x_wconf 79' lang='grc' dir='ltr'>καθαριεῖ</span> <span class='ocrx_word' id='word_1_851' title='bbox 3606 4277 3703 4329; x_wconf 75' lang='grc' dir='ltr'><strong>ἒπ-</strong></span> 
     </span>
    </p>
   </div>
   <div class='ocr_carea' id='block_1_106' title="bbox 2111 4360 3703 4434">
    <p class='ocr_par' dir='ltr' id='par_1_106' title="bbox 2111 4360 3703 4434">
     <span class='ocr_line' id='line_1_106' title="bbox 2111 4360 3703 4434; baseline 0.006 -21"><span class='ocrx_word' id='word_1_852' title='bbox 2111 4360 2261 4428; x_wconf 85' lang='grc' dir='ltr'>άγων</span> <span class='ocrx_word' id='word_1_853' title='bbox 2290 4361 2519 4431; x_wconf 80' lang='grc' dir='ltr'>ἀνομίας</span> <span class='ocrx_word' id='word_1_854' title='bbox 2540 4361 2795 4434; x_wconf 87' lang='grc' dir='ltr'>πατέρων</span> <span class='ocrx_word' id='word_1_855' title='bbox 2817 4364 2909 4418; x_wconf 73' lang='grc' dir='ltr'><strong>ἐπὶ</strong></span> <span class='ocrx_word' id='word_1_856' title='bbox 2937 4364 3125 4430; x_wconf 80' lang='grc' dir='ltr'>τέκνα,</span> <span class='ocrx_word' id='word_1_857' title='bbox 3152 4364 3248 4418; x_wconf 80' lang='grc' dir='ltr'>καὶ</span> <span class='ocrx_word' id='word_1_858' title='bbox 3276 4366 3371 4419; x_wconf 75' lang='grc' dir='ltr'><strong>ἐπὶ</strong></span> <span class='ocrx_word' id='word_1_859' title='bbox 3398 4366 3579 4421; x_wconf 82' lang='grc' dir='ltr'>τέκνα</span> <span class='ocrx_word' id='word_1_860' title='bbox 3612 4368 3703 4421; x_wconf 68' lang='grc' dir='ltr'><strong>τέ·</strong></span> 
     </span>
    </p>
   </div>
   <div class='ocr_carea' id='block_1_107' title="bbox 2040 4454 3704 4529">
    <p class='ocr_par' dir='ltr' id='par_1_107' title="bbox 2040 4454 3704 4529">
     <span class='ocr_line' id='line_1_107' title="bbox 2040 4454 3704 4529; baseline 0.006 -25"><span class='ocrx_word' id='word_1_861' title='bbox 2040 4471 2086 4527; x_wconf 72' lang='grc' dir='ltr'>ο</span> <span class='ocrx_word' id='word_1_862' title='bbox 2113 4469 2277 4516; x_wconf 88' lang='grc' dir='ltr'>κνων,</span> <span class='ocrx_word' id='word_1_863' title='bbox 2307 4454 2402 4506; x_wconf 75' lang='grc' dir='ltr'><strong>ἐπὶ</strong></span> <span class='ocrx_word' id='word_1_864' title='bbox 2430 4454 2623 4526; x_wconf 83' lang='grc' dir='ltr'>τρίτην</span> <span class='ocrx_word' id='word_1_865' title='bbox 2642 4456 2736 4509; x_wconf 82' lang='grc' dir='ltr'>καὶ</span> <span class='ocrx_word' id='word_1_866' title='bbox 2757 4456 2852 4510; x_wconf 73' lang='grc' dir='ltr'><strong>ἐπὶ</strong></span> <span class='ocrx_word' id='word_1_867' title='bbox 2878 4457 3148 4529; x_wconf 88' lang='grc' dir='ltr'>τετάρτην</span> <span class='ocrx_word' id='word_1_868' title='bbox 3163 4458 3380 4526; x_wconf 87' lang='grc' dir='ltr'>γενεάν.</span> <span class='ocrx_word' id='word_1_869' title='bbox 3398 4461 3513 4513; x_wconf 88' lang='lat' dir='ltr'><strong>Kal</strong></span> <span class='ocrx_word' id='word_1_870' title='bbox 3535 4461 3704 4514; x_wconf 76' lang='grc' dir='ltr'>σπεύο</span> 
     </span>
    </p>
   </div>
   <div class='ocr_carea' id='block_1_108' title="bbox 2116 4544 3705 4622">
    <p class='ocr_par' dir='ltr' id='par_1_108' title="bbox 2116 4544 3705 4622">
     <span class='ocr_line' id='line_1_108' title="bbox 2116 4544 3705 4622; baseline 0.008 -28"><span class='ocrx_word' id='word_1_871' title='bbox 2116 4558 2217 4605; x_wconf 88' lang='grc' dir='ltr'><strong>σας</strong></span> <span class='ocrx_word' id='word_1_872' title='bbox 2244 4544 2485 4616; x_wconf 84' lang='grc' dir='ltr'><strong>Μωῦσῆς</strong></span> <span class='ocrx_word' id='word_1_873' title='bbox 2514 4545 2695 4615; x_wconf 83' lang='grc' dir='ltr'>κύψας</span> <span class='ocrx_word' id='word_1_874' title='bbox 2718 4548 2812 4601; x_wconf 75' lang='grc' dir='ltr'><strong>ἐπὶ</strong></span> <span class='ocrx_word' id='word_1_875' title='bbox 2848 4547 2947 4619; x_wconf 80' lang='grc' dir='ltr'>τὴν</span> <span class='ocrx_word' id='word_1_876' title='bbox 2977 4549 3082 4619; x_wconf 85' lang='grc' dir='ltr'>γῆν</span> <span class='ocrx_word' id='word_1_877' title='bbox 3123 4551 3571 4622; x_wconf 84' lang='grc' dir='ltr'>προσεκύνησεν,</span> <span class='ocrx_word' id='word_1_878' title='bbox 3612 4556 3705 4608; x_wconf 80' lang='lat' dir='ltr'><strong>zeal</strong></span> 
     </span>
    </p>
   </div>
   <div class='ocr_carea' id='block_1_109' title="bbox 2114 4628 3707 4716">
    <p class='ocr_par' dir='ltr' id='par_1_109' title="bbox 2114 4628 3707 4716">
     <span class='ocr_line' id='line_1_109' title="bbox 2114 4628 3707 4716; baseline 0.009 -31"><span class='ocrx_word' id='word_1_879' title='bbox 2114 4628 2269 4686; x_wconf 74' lang='grc' dir='ltr'>εἶπεν</span> <span class='ocrx_word' id='word_1_880' title='bbox 2294 4652 2307 4665; x_wconf 77' lang='grc' dir='ltr'><strong>ο</strong></span> <span class='ocrx_word' id='word_1_881' title='bbox 2338 4635 2400 4688; x_wconf 74' lang='lat' dir='ltr'><strong>El</strong></span> <span class='ocrx_word' id='word_1_882' title='bbox 2427 4635 2490 4707; x_wconf 85' lang='grc' dir='ltr'><strong>δὴ</strong></span> <span class='ocrx_word' id='word_1_883' title='bbox 2513 4636 2728 4709; x_wconf 82' lang='grc' dir='ltr'>εὕρηκα</span> <span class='ocrx_word' id='word_1_884' title='bbox 2748 4639 2908 4710; x_wconf 89' lang='grc' dir='ltr'>χάριν</span> <span class='ocrx_word' id='word_1_885' title='bbox 2934 4639 3163 4695; x_wconf 83' lang='grc' dir='ltr'><strong>ὲνώπιόν</strong></span> <span class='ocrx_word' id='word_1_886' title='bbox 3194 4659 3311 4707; x_wconf 93' lang='grc' dir='ltr'>σου,</span> <span class='ocrx_word' id='word_1_887' title='bbox 3338 4642 3539 4715; x_wconf 77' lang='grc' dir='ltr'>Κύριε,</span> <span class='ocrx_word' id='word_1_888' title='bbox 3567 4662 3707 4716; x_wconf 76' lang='grc' dir='ltr'><strong>συμ-</strong></span> 
     </span>
    </p>
   </div>
   <div class='ocr_carea' id='block_1_110' title="bbox 2116 4727 3704 4808">
    <p class='ocr_par' dir='ltr' id='par_1_110' title="bbox 2116 4727 3704 4808">
     <span class='ocr_line' id='line_1_110' title="bbox 2116 4727 3704 4808; baseline 0.009 -29"><span class='ocrx_word' id='word_1_889' title='bbox 2116 4727 2412 4800; x_wconf 86' lang='grc' dir='ltr'>πορεύθητι</span> <span class='ocrx_word' id='word_1_890' title='bbox 2436 4730 2553 4801; x_wconf 82' lang='grc' dir='ltr'>μεθ’</span> <span class='ocrx_word' id='word_1_891' title='bbox 2585 4730 2742 4802; x_wconf 84' lang='grc' dir='ltr'>ήμῶν</span> <span class='ocrx_word' id='word_1_892' title='bbox 2765 4731 2995 4796; x_wconf 76' lang='grc' dir='ltr'>ἐνώπιος</span> <span class='ocrx_word' id='word_1_893' title='bbox 3025 4735 3264 4806; x_wconf 80' lang='grc' dir='ltr'>ἐνωπίῳ.</span> <span class='ocrx_word' id='word_1_894' title='bbox 3293 4755 3313 4788; x_wconf 77' lang='grc' dir='ltr'><strong>ι</strong></span> <span class='ocrx_word' id='word_1_895' title='bbox 3350 4736 3603 4808; x_wconf 83' lang='grc' dir='ltr'>Μωῦσῆς</span> <span class='ocrx_word' id='word_1_896' title='bbox 3627 4738 3704 4807; x_wconf 77' lang='grc' dir='ltr'>τῷ</span> 
     </span>
    </p>
   </div>
   <div class='ocr_carea' id='block_1_111' title="bbox 2116 4821 3702 4902">
    <p class='ocr_par' dir='ltr' id='par_1_111' title="bbox 2116 4821 3702 4902">
     <span class='ocr_line' id='line_1_111' title="bbox 2116 4821 3702 4902; baseline 0.006 -28"><span class='ocrx_word' id='word_1_897' title='bbox 2116 4821 2236 4893; x_wconf 85' lang='grc' dir='ltr'><strong>Θεῷ</strong></span> <span class='ocrx_word' id='word_1_898' title='bbox 2267 4823 2443 4879; x_wconf 82' lang='grc' dir='ltr'>λαλῶν</span> <span class='ocrx_word' id='word_1_899' title='bbox 2470 4826 2889 4898; x_wconf 86' lang='grc' dir='ltr'>ἀναγέγραπται</span> <span class='ocrx_word' id='word_1_900' title='bbox 2924 4827 3064 4899; x_wconf 85' lang='grc' dir='ltr'>μετὰ</span> <span class='ocrx_word' id='word_1_901' title='bbox 3093 4828 3331 4899; x_wconf 85' lang='grc' dir='ltr'>θάρσους</span> <span class='ocrx_word' id='word_1_902' title='bbox 3356 4829 3455 4882; x_wconf 77' lang='grc' dir='ltr'>καὶ</span> <span class='ocrx_word' id='word_1_903' title='bbox 3490 4833 3702 4902; x_wconf 79' lang='grc' dir='ltr'>παρρη-</span> 
     </span>
    </p>
   </div>
   <div class='ocr_carea' id='block_1_112' title="bbox 2116 4915 3701 4992">
    <p class='ocr_par' dir='ltr' id='par_1_112' title="bbox 2116 4915 3701 4992">
     <span class='ocr_line' id='line_1_112' title="bbox 2116 4915 3701 4992; baseline 0.013 -25"><span class='ocrx_word' id='word_1_904' title='bbox 2116 4915 2238 4978; x_wconf 88' lang='grc' dir='ltr'>σίας</span> <span class='ocrx_word' id='word_1_905' title='bbox 2265 4916 2554 4988; x_wconf 87' lang='grc' dir='ltr'>τοσαύτης,</span> <span class='ocrx_word' id='word_1_906' title='bbox 2587 4918 2781 4974; x_wconf 88' lang='grc' dir='ltr'>ὁποίαν</span> <span class='ocrx_word' id='word_1_907' title='bbox 2806 4919 3005 4988; x_wconf 83' lang='grc' dir='ltr'>ἀγάγοι</span> <span class='ocrx_word' id='word_1_908' title='bbox 3034 4919 3102 4974; x_wconf 82' lang='grc' dir='ltr'>ἂν</span> <span class='ocrx_word' id='word_1_909' title='bbox 3131 4921 3227 4975; x_wconf 79' lang='lat' dir='ltr'><strong>zeal</strong></span> <span class='ocrx_word' id='word_1_910' title='bbox 3259 4919 3417 4989; x_wconf 80' lang='grc' dir='ltr'>φίλος</span> <span class='ocrx_word' id='word_1_911' title='bbox 3445 4938 3534 4985; x_wconf 84' lang='grc' dir='ltr'><strong>τις</strong></span> <span class='ocrx_word' id='word_1_912' title='bbox 3565 4922 3701 4992; x_wconf 76' lang='grc' dir='ltr'>ἀνὴρ</span> 
     </span>
    </p>
   </div>
   <div class='ocr_carea' id='block_1_113' title="bbox 2111 5007 3702 5085">
    <p class='ocr_par' dir='ltr' id='par_1_113' title="bbox 2111 5007 3702 5085">
     <span class='ocr_line' id='line_1_113' title="bbox 2111 5007 3702 5085; baseline 0.004 -25"><span class='ocrx_word' id='word_1_913' title='bbox 2111 5007 2314 5078; x_wconf 83' lang='grc' dir='ltr'>ὁμιλῶν</span> <span class='ocrx_word' id='word_1_914' title='bbox 2342 5009 2536 5063; x_wconf 82' lang='grc' dir='ltr'>ἑαυτοῦ</span> <span class='ocrx_word' id='word_1_915' title='bbox 2570 5011 2731 5083; x_wconf 81' lang='grc' dir='ltr'>φίλῳ.</span> <span class='ocrx_word' id='word_1_916' title='bbox 2764 5012 3117 5085; x_wconf 84' lang='grc' dir='ltr'>Ἐμφαίνεται</span> <span class='ocrx_word' id='word_1_917' title='bbox 3154 5013 3214 5067; x_wconf 81' lang='grc' dir='ltr'><strong>δὲ</strong></span> <span class='ocrx_word' id='word_1_918' title='bbox 3252 5013 3343 5068; x_wconf 79' lang='grc' dir='ltr'>διά</span> <span class='ocrx_word' id='word_1_919' title='bbox 3374 5014 3585 5068; x_wconf 86' lang='grc' dir='ltr'>τούτων</span> <span class='ocrx_word' id='word_1_920' title='bbox 3608 5016 3702 5084; x_wconf 72' lang='grc' dir='ltr'>οὐχ</span> 
     </span>
    </p>
   </div>
   <div class='ocr_carea' id='block_1_114' title="bbox 2111 5088 3700 5179">
    <p class='ocr_par' dir='ltr' id='par_1_114' title="bbox 2111 5088 3700 5179">
     <span class='ocr_line' id='line_1_114' title="bbox 2111 5088 3700 5179; baseline 0.004 -27"><span class='ocrx_word' id='word_1_921' title='bbox 2111 5100 2144 5168; x_wconf 84' lang='grc' dir='ltr'>ὴ</span> <span class='ocrx_word' id='word_1_922' title='bbox 2174 5099 2413 5170; x_wconf 83' lang='grc' dir='ltr'>τυχοῦσα</span> <span class='ocrx_word' id='word_1_923' title='bbox 2454 5102 2549 5155; x_wconf 79' lang='grc' dir='ltr'>τοῦ</span> <span class='ocrx_word' id='word_1_924' title='bbox 2584 5104 2871 5176; x_wconf 85' lang='grc' dir='ltr'>Προφήτου</span> <span class='ocrx_word' id='word_1_925' title='bbox 2914 5106 3203 5179; x_wconf 85' lang='grc' dir='ltr'>προκοπή·</span> <span class='ocrx_word' id='word_1_926' title='bbox 3229 5106 3346 5161; x_wconf 82' lang='grc' dir='ltr'>ἀλλ’</span> <span class='ocrx_word' id='word_1_927' title='bbox 3376 5108 3502 5160; x_wconf 74' lang='grc' dir='ltr'>ἐπεὶ</span> <span class='ocrx_word' id='word_1_928' title='bbox 3524 5088 3700 5161; x_wconf 60' lang='lat' dir='ltr'><strong>me;</strong></span> 
     </span>
    </p>
   </div>
   <div class='ocr_carea' id='block_1_115' title="bbox 2116 5191 3696 5271">
    <p class='ocr_par' dir='ltr' id='par_1_115' title="bbox 2116 5191 3696 5271">
     <span class='ocr_line' id='line_1_115' title="bbox 2116 5191 3696 5271; baseline 0.004 -27"><span class='ocrx_word' id='word_1_929' title='bbox 2116 5191 2214 5261; x_wconf 82' lang='grc' dir='ltr'><strong>μὲν</strong></span> <span class='ocrx_word' id='word_1_930' title='bbox 2241 5192 2392 5264; x_wconf 86' lang='grc' dir='ltr'><strong>αὐτῷ</strong></span> <span class='ocrx_word' id='word_1_931' title='bbox 2420 5195 2625 5266; x_wconf 81' lang='grc' dir='ltr'>Κύριος</span> <span class='ocrx_word' id='word_1_932' title='bbox 2652 5196 2883 5261; x_wconf 82' lang='grc' dir='ltr'>ὲνώπιος</span> <span class='ocrx_word' id='word_1_933' title='bbox 2905 5198 3142 5270; x_wconf 84' lang='grc' dir='ltr'>ὲνωπίῳ,</span> <span class='ocrx_word' id='word_1_934' title='bbox 3170 5199 3234 5252; x_wconf 85' lang='grc' dir='ltr'>ού</span> <span class='ocrx_word' id='word_1_935' title='bbox 3268 5198 3377 5271; x_wconf 79' lang='grc' dir='ltr'><strong>μὴν</strong></span> <span class='ocrx_word' id='word_1_936' title='bbox 3407 5201 3505 5253; x_wconf 86' lang='lat' dir='ltr'><strong>zeal</strong></span> <span class='ocrx_word' id='word_1_937' title='bbox 3545 5200 3696 5270; x_wconf 77' lang='grc' dir='ltr'>ὤφθη</span> 
     </span>
    </p>
   </div>
   <div class='ocr_carea' id='block_1_116' title="bbox 2116 5285 3695 5362">
    <p class='ocr_par' dir='ltr' id='par_1_116' title="bbox 2116 5285 3695 5362">
     <span class='ocr_line' id='line_1_116' title="bbox 2116 5285 3695 5362; baseline 0.008 -27"><span class='ocrx_word' id='word_1_938' title='bbox 2116 5300 2204 5336; x_wconf 89' lang='grc' dir='ltr'><strong>πω</strong></span> <span class='ocrx_word' id='word_1_939' title='bbox 2226 5285 2375 5356; x_wconf 81' lang='grc' dir='ltr'>αὐτῷ</span> <span class='ocrx_word' id='word_1_940' title='bbox 2404 5287 2605 5359; x_wconf 85' lang='grc' dir='ltr'>ὁμοίως</span> <span class='ocrx_word' id='word_1_941' title='bbox 2631 5289 2709 5361; x_wconf 80' lang='grc' dir='ltr'>τῷ</span> <span class='ocrx_word' id='word_1_942' title='bbox 2742 5290 2992 5362; x_wconf 79' lang='grc' dir='ltr'>Ἀϐραάμ</span> <span class='ocrx_word' id='word_1_943' title='bbox 3014 5291 3111 5346; x_wconf 80' lang='grc' dir='ltr'>καὶ</span> <span class='ocrx_word' id='word_1_944' title='bbox 3144 5292 3334 5347; x_wconf 83' lang='grc' dir='ltr'>Ἰσαάκ</span> <span class='ocrx_word' id='word_1_945' title='bbox 3361 5295 3457 5347; x_wconf 78' lang='grc' dir='ltr'><strong>καὶ</strong></span> <span class='ocrx_word' id='word_1_946' title='bbox 3483 5291 3695 5349; x_wconf 56' lang='lat' dir='ltr'><strong>Tan-56&#39;</strong></span> 
     </span>
    </p>
   </div>
   <div class='ocr_carea' id='block_1_117' title="bbox 2113 5376 3695 5459">
    <p class='ocr_par' dir='ltr' id='par_1_117' title="bbox 2113 5376 3695 5459">
     <span class='ocr_line' id='line_1_117' title="bbox 2113 5376 3695 5459; baseline 0.005 -31"><span class='ocrx_word' id='word_1_947' title='bbox 2113 5376 2303 5430; x_wconf 90' lang='grc' dir='ltr'>τούτου</span> <span class='ocrx_word' id='word_1_948' title='bbox 2331 5378 2395 5450; x_wconf 84' lang='grc' dir='ltr'>δὴ</span> <span class='ocrx_word' id='word_1_949' title='bbox 2429 5380 2589 5452; x_wconf 88' lang='grc' dir='ltr'>χάριν</span> <span class='ocrx_word' id='word_1_950' title='bbox 2633 5382 2777 5448; x_wconf 77' lang='grc' dir='ltr'><strong>ἀξιοί</strong></span> <span class='ocrx_word' id='word_1_951' title='bbox 2819 5382 3012 5453; x_wconf 79' lang='grc' dir='ltr'>λέγων·</span> <span class='ocrx_word' id='word_1_952' title='bbox 3051 5402 3070 5435; x_wconf 80' lang='grc' dir='ltr'><strong>ι</strong></span> <span class='ocrx_word' id='word_1_953' title='bbox 3099 5384 3164 5437; x_wconf 73' lang='lat' dir='ltr'><strong>Ei</strong></span> <span class='ocrx_word' id='word_1_954' title='bbox 3192 5383 3261 5456; x_wconf 76' lang='grc' dir='ltr'><strong>δὴ</strong></span> <span class='ocrx_word' id='word_1_955' title='bbox 3298 5383 3515 5457; x_wconf 76' lang='grc' dir='ltr'>εὕρηκα</span> <span class='ocrx_word' id='word_1_956' title='bbox 3539 5384 3695 5459; x_wconf 74' lang='grc' dir='ltr'>χάριν</span> 
     </span>
    </p>
   </div>
   <div class='ocr_carea' id='block_1_118' title="bbox 2113 5469 3693 5549">
    <p class='ocr_par' dir='ltr' id='par_1_118' title="bbox 2113 5469 3693 5549">
     <span class='ocr_line' id='line_1_118' title="bbox 2113 5469 3693 5549; baseline 0.015 -27"><span class='ocrx_word' id='word_1_957' title='bbox 2113 5469 2509 5539; x_wconf 75' lang='grc' dir='ltr'>ἐναντίονοσου,</span> <span class='ocrx_word' id='word_1_958' title='bbox 2554 5477 2852 5547; x_wconf 76' lang='grc' dir='ltr'>ὲμφάνισόν</span> <span class='ocrx_word' id='word_1_959' title='bbox 2894 5493 2986 5548; x_wconf 90' lang='grc' dir='ltr'><strong>μοι</strong></span> <span class='ocrx_word' id='word_1_960' title='bbox 3029 5478 3278 5546; x_wconf 83' lang='grc' dir='ltr'>σεαυτὸν,</span> <span class='ocrx_word' id='word_1_961' title='bbox 3313 5478 3693 5549; x_wconf 73' lang='grc' dir='ltr'>γνωστῶςῑδω</span> 
     </span>
    </p>
   </div>
   <div class='ocr_carea' id='block_1_119' title="bbox 2116 5561 3690 5644">
    <p class='ocr_par' dir='ltr' id='par_1_119' title="bbox 2116 5561 3690 5644">
     <span class='ocr_line' id='line_1_119' title="bbox 2116 5561 3690 5644; baseline 0.006 -30"><span class='ocrx_word' id='word_1_962' title='bbox 2116 5578 2196 5616; x_wconf 93' lang='grc' dir='ltr'><strong>σε.</strong></span> <span class='ocrx_word' id='word_1_963' title='bbox 2226 5582 2244 5615; x_wconf 79' lang='grc' dir='ltr'><strong>ι</strong></span> <span class='ocrx_word' id='word_1_964' title='bbox 2283 5566 2362 5618; x_wconf 79' lang='grc' dir='ltr'><strong>Δι’</strong></span> <span class='ocrx_word' id='word_1_965' title='bbox 2389 5561 2451 5621; x_wconf 75' lang='grc' dir='ltr'>οὗ</span> <span class='ocrx_word' id='word_1_966' title='bbox 2477 5568 2805 5642; x_wconf 88' lang='grc' dir='ltr'>παρίστησιν</span> <span class='ocrx_word' id='word_1_967' title='bbox 2833 5572 2917 5624; x_wconf 84' lang='grc' dir='ltr'>ὅτι</span> <span class='ocrx_word' id='word_1_968' title='bbox 2951 5568 3025 5641; x_wconf 83' lang='grc' dir='ltr'><strong>μὴ</strong></span> <span class='ocrx_word' id='word_1_969' title='bbox 3057 5570 3260 5641; x_wconf 82' lang='grc' dir='ltr'>ὁμοίως</span> <span class='ocrx_word' id='word_1_970' title='bbox 3286 5573 3368 5644; x_wconf 80' lang='grc' dir='ltr'><strong>τῷ</strong></span> <span class='ocrx_word' id='word_1_971' title='bbox 3390 5572 3570 5626; x_wconf 85' lang='grc' dir='ltr'>λαλεῖν</span> <span class='ocrx_word' id='word_1_972' title='bbox 3594 5572 3690 5625; x_wconf 74' lang='lat' dir='ltr'><strong>a6-</strong></span> 
     </span>
    </p>
   </div>
   <div class='ocr_carea' id='block_1_120' title="bbox 2113 5655 3686 5735">
    <p class='ocr_par' dir='ltr' id='par_1_120' title="bbox 2113 5655 3686 5735">
     <span class='ocr_line' id='line_1_120' title="bbox 2113 5655 3686 5735; baseline -0.008 -8"><span class='ocrx_word' id='word_1_973' title='bbox 2113 5655 2188 5727; x_wconf 68' lang='grc' dir='ltr'><strong>τῷ</strong></span> <span class='ocrx_word' id='word_1_974' title='bbox 2223 5657 2315 5710; x_wconf 63' lang='grc' dir='ltr'><strong>καὶ</strong></span> <span class='ocrx_word' id='word_1_975' title='bbox 2356 5657 2455 5724; x_wconf 76' lang='grc' dir='ltr'>τὰς</span> <span class='ocrx_word' id='word_1_976' title='bbox 2500 5661 2636 5732; x_wconf 73' lang='grc' dir='ltr'>πρὸς</span> <span class='ocrx_word' id='word_1_977' title='bbox 2678 5663 2838 5718; x_wconf 74' lang='grc' dir='ltr'>αὐτὸν</span> <span class='ocrx_word' id='word_1_978' title='bbox 2870 5665 3189 5735; x_wconf 78' lang='grc' dir='ltr'>ἐπιφανείας</span> <span class='ocrx_word' id='word_1_979' title='bbox 3220 5667 3249 5719; x_wconf 90' lang='lat'><strong>6</strong></span> <span class='ocrx_word' id='word_1_980' title='bbox 3279 5666 3418 5730; x_wconf 76' lang='grc' dir='ltr'>Θεὸς</span> <span class='ocrx_word' id='word_1_981' title='bbox 3446 5666 3686 5719; x_wconf 79' lang='grc' dir='ltr'>ἐποιεῖτο.</span> 
     </span>
    </p>
   </div>
  </div>
