3840 6222
140 374 276 430 1061

1197 378 1493 435 ECLOGAS
1536 376 2015 436 PROPHETICIE.
2058 413 2126 422 --
2162 379 2293 436 LIB.
2334 381 2377 436 Ι.

3267 370 3411 426 1062

138 497 209 551 El
235 496 368 571 γὰρ,
384 488 473 562 ὡς
500 499 772 570 νομίσειεν
793 516 898 564 τις,
926 499 1122 553 ταυτόν
1148 503 1264 556 ἐστι
1290 502 1352 556 τὸ
1374 502 1724 573 λελαληκέναι

1839 501 2058 558 Jstende
2089 502 2222 557 mihi
2274 501 2471 556 faciem
2507 509 2678 566 luam,
2714 505 2776 554 ut
2809 499 2982 553 sciam
3020 504 3095 551 te.
3136 514 3156 547 ›
3195 493 3410 549 Exinde

134 588 297 659 αὐτῷ
320 589 411 643 τὸν
425 589 557 644 Θεὸν
578 609 596 642 ι
617 588 845 644 ἐνώπιον
873 591 1088 662 ἐνωπίῳ
1113 613 1133 643 ι
1167 591 1257 662 τῷ·
1273 586 1452 664 ὦφθαι
1468 593 1635 665 αὐτῷ,
1652 594 1728 657 ὡς

142 681 216 736 ἂν
243 681 387 735 εῐποι
412 699 516 746 τις,
538 683 856 754 (πρόσωπον
886 682 1020 753 πρὸς
1040 683 1350 754 πρόσωπον,
1377 704 1395 737 ι
1414 685 1508 738 xal.
1529 685 1657 738 ποία
1682 684 1728 738 δ’

112 773 211 827 ’ἂν
258 773 341 827 ἐτι
393 773 548 846 χώρα
589 773 826 828 λείποιτο
870 778 935 847 τῇ
982 775 1268 850 φασκούσῃ
1309 776 1474 832 αὐτοῦ
1509 776 1730 844 ἀξιώσει

138 868 227 921 τό·
270 885 290 918 ι
322 868 383 920 El
433 867 498 938 δὴ
526 865 737 940 εὕρηκα
775 868 935 940 χάριν
989 868 1229 923 ἐναντίον
1273 887 1400 935 σου,
1433 870 1730 941 ἐμφάνισον

141 975 237 1027 μοι
277 958 520 1022 σεαυτὸν,
548 957 803 1026 γνωστῶς
834 957 930 1012 ἴδω
956 975 1046 1025 σε;
1090 979 1110 1013 ι
1146 959 1264 1025 πῶς
1291 961 1370 1026 δὲ,
1400 963 1449 1014 εί
1477 963 1570 1015 καὶ
1595 962 1731 1036 πρό-

136 1068 303 1123 τερον
345 1050 493 1121 αὐτῷ
540 1051 829 1124 πρόσωπον
879 1051 1018 1123 πρὸς
1064 1054 1355 1124 πρόσωπον
1405 1054 1482 1118 ὡς
1521 1053 1729 1127 οἰηθείη

143 1142 213 1194 ἄν
267 1160 371 1206 τις,
416 1142 655 1214 ἑωρᾶτο,
707 1144 958 1215 ἐπιφέρει
1011 1143 1184 1213 λέγων
1229 1144 1378 1216 αὐτῷ
1422 1148 1452 1199 6
1496 1146 1728 1218 Κύριος·

148 1251 168 1282 ς
204 1233 282 1285 Οὐ
317 1233 523 1307 δυνήσῃ
558 1233 683 1287 ἰδεῖν
723 1234 785 1287 τὸ
823 1235 1114 1307 πρόσωπόν
1145 1254 1278 1308 μου·
1314 1239 1375 1291 οὐ
1397 1237 1507 1310 γὰρ
1539 1238 1614 1310 μὴ
1648 1239 1733 1313 ἴδῃ

141 1323 207 1376 τὸ
234 1325 527 1397 πρόσωπόν
557 1343 656 1398 μου
680 1325 963 1400 ἄνθρωπος
1006 1330 1099 1382 καὶ
1132 1327 1388 1401 {ﬁo-erat;
1419 1331 1546 1384 »Διά
1573 1332 1627 1384 τί
1650 1332 1729 1397 δέ,

142 1416 354 1485 λεγέτω
375 1419 403 1470 6
429 1417 767 1489 βουλόμενος,
792 1420 901 1474 οὐδ’
939 1419 1084 1487 ἅπαξ
1112 1423 1141 1474 6
1166 1421 1323 1490 λόγος
1349 1425 1617 1496 μαρτυρεῖ
1646 1422 1733 1475 λέ-

145 1525 284 1576 γων,
323 1509 405 1561 ὃτι
440 1507 594 1580 ὤφθη
620 1510 767 1582 αὐτῷ
788 1512 817 1563 6
848 1511 1071 1583 Κύριος,
1105 1511 1180 1576 ὡς
1203 1512 1295 1566 ἐπὶ
1330 1511 1438 1566 τῶν
1462 1529 1732 1584 πατριαρ-

143 1600 261 1670 χῶν
291 1600 527 1672 εἰρηκὼς
550 1603 864 1675 τετήρηταιο
903 1602 1039 1657 ἀλλὰ
1062 1602 1171 1677 γὰρ
1194 1603 1281 1657 διὰ
1307 1605 1513 1659 τούτων
1541 1604 1736 1676 πρόδη-

144 1693 265 1755 λον,
283 1693 363 1746 ότι
388 1696 435 1746 εἰ
460 1695 555 1747 καὶ
578 1693 752 1749 ἐλάλει
774 1694 921 1766 αὐτῷ
940 1695 1143 1766 Κύριος
1166 1715 1184 1747 ‹
1207 1695 1438 1760 ἐνώπιος
1458 1696 1728 1767 ἐύωπίῳμ

146 1788 302 1858 ὅμως
332 1786 420 1840 διὰ
455 1787 555 1858 τῆς
595 1787 821 1858 νεφέλης
851 1788 1028 1842 ἐλάλει
1067 1787 1214 1860 αὐτῷ
1234 1804 1248 1818 ·
1284 1787 1438 1841 τοῦτο
1460 1788 1569 1860 γὰρ
1596 1805 1733 1859 προ-

1829 594 1891 648 fit
1931 592 2285 649 manifestum
2316 592 2463 664 quod
2490 606 2601 647 non
2636 590 2780 646 idem
2808 596 2946 655 erat,
2987 602 3113 643 cum
3160 586 3414 655 loquere-

1828 693 1923 741 tur
1951 686 2001 742 ei
2041 685 2324 752 Dominus,
2356 692 2554 742 etcum
2585 682 2941 739 manifestum
2971 681 3056 737 sui
3086 680 3267 738 visum
3298 676 3414 734 effi-

1828 787 2000 837 ceret.
2018 778 2077 834 Si
2093 779 2264 843 enim,
2287 787 2345 834 ut
2371 778 2618 834 nonnulli
2641 777 2957 833 existimare
2980 771 3412 845 possent,collo-

1829 880 2017 929 cntum
2037 872 2207 929 fuisse
2220 888 2343 928 cum
2363 887 2429 928 eo
2442 871 2612 928 Deum
2629 877 2929 942 conspectu
2945 870 3012 925 ad
3031 874 3382 938 conspectum
3394 905 3409 930 ,

1830 962 1973 1018 idem
1991 970 2137 1018 esset
2167 976 2230 1018 ac
2264 965 2443 1018 visum
2465 961 2637 1018 fuisse
2656 962 2728 1027 ei,
2758 969 2817 1016 ut
2842 961 2951 1016 dici
2979 968 3183 1032 posset,
3225 977 3243 1009 ι
3272 956 3414 1012 facie

1832 1054 1900 1108 ad
1918 1052 2133 1119 faciem,
2147 1051 2300 1125 rqnis
2321 1055 2441 1124 ejus
2469 1054 2825 1125 postulationi
2844 1053 3241 1123 relinqueretur
3258 1052 3412 1106 locus

1830 1145 2107 1201 dicentis:
2150 1163 2170 1197 ι
2223 1147 2282 1201 Si
2320 1147 2504 1202 inveni
2548 1146 2780 1217 gratiam
2832 1146 2886 1199 in
2944 1151 3243 1214 conspectu
3294 1153 3411 1205 tuo,

1831 1237 2061 1292 ostende
2097 1237 2231 1293 mihi
2277 1238 2472 1293 faciem
2515 1246 2686 1300 tuam,
2732 1244 2792 1291 ut
2841 1236 3010 1292 sciam
3064 1235 3174 1290 te?
3210 1255 3229 1286 ι
3266 1233 3415 1301 Quo-

1831 1328 1998 1383 modo
2025 1336 2229 1394 autem,
2256 1330 2303 1386 si
2328 1338 2382 1384 et
2412 1330 2566 1401 prius
2589 1330 2642 1397 ei
2667 1328 2808 1384 facie
2833 1330 2901 1383 ad
2929 1327 3147 1392 faciem,
3181 1333 3243 1401 ut
3277 1341 3413 1381 non-

1835 1419 1975 1473 nulli
2003 1427 2283 1491 putarent,
2314 1396 2466 1477 visus
2498 1396 2717 1485 fuisset,
2747 1419 2970 1489 subjicit
2997 1417 3188 1473 dicens
3218 1396 3265 1473 ci
3309 1416 3420 1471 Do-

1837 1509 2060 1569 minus:
2108 1529 2128 1562 ‹
2165 1509 2284 1566 Non
2320 1509 2529 1581 poteris
2576 1510 2763 1566 videre
2804 1508 3001 1564 faciem
3036 1523 3249 1564 meam:
3304 1522 3417 1562 non

1834 1603 1982 1658 enim
2009 1602 2216 1658 videbit
2241 1617 2330 1659 me
2369 1602 2534 1657 homo
2565 1607 2620 1657 et
2668 1601 2846 1657 vivet?
2887 1620 2907 1655 ι
2949 1599 3226 1670 Quidquid
3251 1598 3418 1669 objici

1836 1695 2033 1765 possit,
2084 1710 2196 1750 non
2254 1695 2431 1750 semel
2491 1693 2740 1749 narratio
2792 1699 3186 1747 commemorat
3237 1690 3417 1746 visum

1838 1784 2011 1843 fuisse
2043 1786 2095 1843 ei
2125 1786 2444 1852 Dominum,
2474 1793 2536 1841 ut
2564 1785 2633 1841 de
2668 1784 2996 1856 patriarchis
3036 1798 3296 1854 expresse
3328 1798 3419 1839 re-

143 1854 483 1949 παρίστησιν
570 1854 759 1950 Γραφὴ
779 1854 1043 1947 ’λέγουσαο
1080 1899 1098 1931 ι
1125 1854 1513 1933 Κατέϐαινεννὸ
1537 1854 1734 1944 ’στῦλος

1839 1878 2031 1934 fertur.
2067 1877 2361 1934 Enimvero
2392 1893 2458 1933 ex
2490 1877 2560 1932 iis
2589 1854 2826 1941 {constat
2870 1874 3038 1946 quod,
3077 1877 3123 1930 si
3164 1875 3418 1944 loquere-

147 1968 253 2041 τῆς
284 1969 515 2041 νεφέλης
545 1971 638 2024 καὶ
667 1971 851 2025 ἵστατο
881 1971 972 2025 ἐπὶ
1018 1971 1125 2025 τῶν
1174 1971 1353 2045 θυρῶν
1378 1972 1476 2044 τῆς
1506 1973 1731 2044 σκηνῆς,

142 2062 250 2115 καὶ
277 2062 454 2118 ἐλάλει
480 2062 820 2134 τῷηΜωῦσεῖ.
843 2083 860 2115 ι
886 2063 1093 2118 Οὐκοῦν
1120 2064 1209 2118 διὰ
1243 2065 1342 2137 τῆς
1364 2065 1592 2137 νεφέλης
1614 2064 1736 2120 ἐλά-

148 2156 260 2220 λει,
285 2157 345 2211 οὓ
382 2157 487 2229 μὴν
520 2158 611 2211 καὶ
654 2157 853 2228 ὁμοίως
889 2156 967 2228 τῷ
1000 2156 1250 2228 Ἀϐραὰμ
1283 2159 1317 2231 ἢ
1359 2156 1438 2229 τῷ
1482 2159 1668 2213 Ἰσαάκ
1698 2159 1733 2232 ἢ

148 2249 234 2320 τῷ
271 2247 465 2302 Ἰακὼϐ
493 2247 646 2320 ὤφθη
680 2248 862 2320 αὐτῷ·
900 2247 1129 2311 ἐκείνοις
1151 2246 1249 2319 μὲν
1272 2248 1380 2320 γὰρ
1399 2249 1622 2321 γυμνῶς
1641 2250 1736 2304 καὶ

149 2340 369 2413 τρανῶς
396 2341 524 2396 ἄνευ
555 2340 696 2404 τινὸς
721 2341 895 2404 εἴδους
926 2339 1111 2409 ὀφθεὶς
1149 2340 1582 2413 ἀναγέγραπται,
1615 2342 1737 2396 τού-

151 2453 235 2505 τῳ
265 2434 321 2488 δὲ
352 2434 440 2488 διὰ
469 2432 563 2486 τοῦ
587 2433 985 2505 ὀνομαζομένου
1013 2433 1186 2498 εἴδους
1226 2433 1320 2487 καὶ
1348 2434 1448 2506 τῆς
1480 2433 1734 2504 νεφέλης,

148 2530 222 2601 ἢν
276 2530 371 2584 καὶ
431 2528 587 2593 δόξαν
634 2526 842 2599 Κυρίου
896 2524 1152 2596 ὀνομάζει
1205 2526 1235 2579 6
1281 2524 1437 2593 λόγος
1489 2526 1733 2595 φάσκωνο

154 2643 176 2676 ι
198 2624 395 2677 Ἡνίκα
453 2623 510 2676 δὲ
559 2622 736 2677 ἐλάλει
788 2603 1028 2691 Μωῦσῆς
1066 2619 1215 2691 πάσῃ
1268 2622 1558 2692 συναγωγῇ
1605 2619 1737 2675 υίῶν

161 2714 405 2787 Ἰσραὴλ,
435 2715 529 2767 καὶ
556 2713 976 2784 ἐπεστράφησαν
1002 2713 1081 2777 είς
1106 2713 1207 2784 τὴν
1239 2711 1465 2785 ἔρημον,
1495 2713 1591 2767 καὶ
1627 2713 1736 2767 ἰδοὺ

144 2813 184 2881 ἡ
222 2809 352 2874 δόξα
377 2808 581 2879 Κυρίου
612 2804 768 2877 ὤφθη
801 2808 859 2859 ἐν
882 2806 1100 2878 νεφέλῃ,
1125 2807 1222 2861 καὶ
1250 2806 1509 2879 ἐλάλησεν
1534 2805 1738 2878 Κύριος

152 2902 297 2973 πρὸς
327 2899 589 2970 Μωῦσῆν.
611 2918 629 2951 ι
653 2898 765 2953 Kal
795 2897 957 2952 πάλιν
979 2915 991 2927 -
1031 2917 1050 2950 ι
1073 2898 1264 2971 Ἀνέϐη
1294 2898 1538 2970 Μωῦσῆς
1568 2901 1647 2963 είς
1677 2898 1739 2951 τὸ

148 2997 316 3068 ὖρος’
365 2994 459 3048 καὶ
505 2992 772 3062 ἐκάλυψεν
806 2994 840 3065 ή
869 2992 1064 3063 νεφέλη
1097 2991 1159 3045 τὸ
1189 2991 1332 3064 ὅρος.
1382 2992 1493 3046 Καὶ
1529 2991 1737 3064 κατέϐη

149 3091 186 3158 ἡ
218 3085 347 3151 δόξα
376 3085 581 3157 Κυρίου
613 3084 705 3138 ἐπὶ
737 3083 832 3137 τοῦ
866 3083 1024 3155 ὅρους
1053 3083 1148 3137 καὶ
1173 3082 1441 3154 ἐκάλυψεν
1473 3084 1635 3138 αὐτὸν
1664 3101 1740 3136 νε-

152 3180 298 3251 φέλη
323 3178 390 3245 ’ἐξ
421 3177 663 3250 ἡμέρας·
714 3177 808 3231 καὶ
839 3175 1100 3246 ἐλάλησεν
1133 3173 1335 3267 (LM)
1368 3174 1571 3248 Κύριος
1602 3176 1739 3267 πρὸς
1764 3209 1806 3267 C

147 3271 400 3341 Μωῦσῆν
431 3273 497 3341 τῇ
525 3269 710 3341 ήμέρᾳ
735 3271 801 3341 τῇ
833 3267 1035 3340 ἐϐδόμῃ
1062 3269 1125 3320 ἐκ
1159 3266 1325 3338 μέσου
1351 3267 1450 3338 τῆς
1486 3264 1734 3339 νεφέλης.

152 3362 234 3418 Ἰδ
261 3363 320 3417 δέ
351 3358 489 3426 εἶδος
516 3362 616 3432 τῆς
649 3361 807 3432 δόξης
849 3361 1077 3434 Κυρίου,
1104 3359 1234 3413 ὡσεὶ
1276 3357 1390 3431 πῦρ
1418 3357 1614 3428 φλέγον
1647 3356 1738 3410 ἐπὶ

150 3456 260 3526 τῆς
288 3451 538 3526 κορυφῆς
567 3450 662 3512 ποῦ
705 3451 883 3522 ὅρους.
914 3471 933 3505 ι
971 3450 1165 3522 Σαφῶς
1202 3444 1294 3504 οὖν
1327 3449 1416 3503 διὰ
1444 3448 1649 3502 τούτων
1678 3448 1740 3501 τὸ

155 3545 534 3619 θεωρούμενον
564 3543 642 3616 τῷ
672 3544 896 3598 Μωῦσεῖ
940 3541 1158 3611 λέγεται
1205 3535 1344 3596 εῖναι
1376 3540 1477 3594 οὐκ
1518 3539 1686 3603 αὐτὸς
1711 3540 1740 3592 6

153 3640 389 3711 Κύριος,
419 3636 532 3692 ἀλλ’
575 3632 713 3700 εἳδος
745 3636 972 3709 Κυρίου,
1009 3634 1103 3689 καὶ
1142 3633 1339 3705 νεφέλη
1391 3632 1485 3687 καὶ
1532 3630 1670 3703 πῦρ,
1703 3629 1740 3684 ἃ

155 3733 262 3788 καὶ
299 3731 453 3797 δόξαν
499 3731 705 3803 Κυρίου
756 3726 1009 3799 ὀνομάζει
1040 3728 1069 3781 6
1112 3725 1296 3795 λόγος’
1325 3722 1519 3779 οὐκοῦν
1545 3723 1607 3777 τὸ
1641 3722 1740 3794 μὲν

152 3825 303 3891 εἶδος
334 3825 479 3899 ἐώρα
510 3823 717 3896 Κυρίου
743 3821 837 3875 καὶ
862 3818 961 3889 τὴν
993 3817 1148 3884 δόξαν
1178 3814 1366 3880 αὐτοῦ,
1400 3812 1653 3886 οὐδαμῶς
1682 3812 1741 3867 δὲ

153 3919 325 3976 αὐτὸν
355 3917 445 3972 τὸν
476 3916 699 3989 Κύριον,
734 3914 825 3968 τόν
877 3929 936 3967 τε
986 3909 1312 3982 λαλούμενον
1361 3909 1532 3977 Λόγον
1576 3905 1740 3961 αὐτοῦ

154 4011 259 4068 τοῦ
306 4010 541 4080 Κυρίου·
573 4008 687 4064 ἀλλ’
717 4008 867 4078 ὅμως
912 4004 1001 4059 διὰ
1043 4004 1142 4076 τῆς
1179 4001 1409 4074 νεφέλης
1455 3999 1742 4061 λαλοῦντος

155 4106 384 4178 ἦκουεν,
400 4103 480 4158 διὸ
504 4103 734 4173 εἴρηται·
765 4100 906 4154 (Καὶ
930 4097 1187 4171 ἐλάλησεν
1201 4095 1404 4168 Κύριος
1426 4092 1561 4166 πρὸς
1581 4093 1744 4147 Μωῦ-

160 4196 269 4268 σῆν
301 4195 527 4259 ἐνώπιος
555 4192 791 4263 ἐνωπίῳ.
818 4210 837 4243 ι
869 4191 944 4245 Οὐ
972 4189 1076 4261 μὴν
1108 4189 1201 4242 καὶ
1236 4186 1390 4257 ὤφθη
1424 4183 1573 4255 αὐτῷ
1606 4182 1738 4237 ἐνώ-

155 4303 290 4351 πιος
316 4286 531 4358 ὲνωπίῳ
562 4286 884 4357 τετήρηται·
912 4282 1070 4337 τοῦτο
1100 4280 1206 4352 γὰρ
1238 4280 1314 4344 ὡς
1345 4276 1555 4331 οὐδέπω
1582 4289 1743 4344 γεγο-

155 4380 255 4444 νὸς
282 4377 422 4444 ἀξιοῖ
451 4378 644 4446 λέγων·
682 4395 702 4429 ι
723 4374 1049 4447 Ἐμφάνισόν
1086 4390 1175 4445 μοι
1214 4369 1460 4434 σεαυτὸν,
1486 4366 1744 4437 γνωστῶς

159 4469 264 4523 ἴδω
295 4485 376 4523 σε.
409 4488 426 4520 ι
458 4468 569 4522 Kal.
615 4467 673 4520 ἐν
707 4464 877 4537 ἐτέρῳ
920 4463 978 4517 δὲ
1022 4462 1172 4532 τόπῳ
1216 4459 1457 4514 διδάσκει
1506 4459 1534 4511 6
1566 4456 1741 4525 λόγος,

1835 1981 1926 2027 tur
1959 1972 2009 2027 ei
2044 1970 2312 2027 Dominus
2353 1969 2494 2024 facie
2522 1968 2590 2024 ad
2620 1967 2841 2033 faciem,
2874 1976 3053 2023 tamen
3085 1983 3180 2037 per
3213 1967 3415 2021 nubem

1834 2062 2171 2134 loquebatur
2219 2060 2292 2117 ci.
2348 2059 2463 2115 Hoc
2508 2058 2655 2114 enim
2713 2056 3053 2113 demonstrat
3104 2053 3416 2125 Scriptura,

1835 2171 1963 2210 cum
1994 2153 2165 2210 dicit:
2204 2171 2223 2204 ι
2256 2150 2629 2209 Descendebat
2659 2150 2915 2204 columna
2947 2146 3109 2202 nubis
3148 2154 3203 2202 et
3236 2146 3420 2201 stabat

1837 2249 1904 2303 ad
1934 2248 2135 2305 ostium
2165 2244 2526 2309 tabernaculi,
2555 2250 2611 2299 et
2643 2242 2973 2314 loquebatur
3004 2239 3070 2294 ad
3098 2237 3362 2310 Moysem.
3393 2257 3412 2289 ›

1836 2337 1980 2410 Ergo
2017 2352 2116 2409 per
2147 2336 2350 2392 nubem
2400 2333 2753 2405 loquebatur,
2798 2346 2911 2393 non
2937 2344 3069 2386 vero
3100 2329 3306 2400 pariter
3334 2328 3419 2383 vi—

1837 2447 1935 2487 sus
1968 2438 2053 2486 est
2084 2430 2136 2485 ei
2185 2444 2251 2483 ac
2297 2425 2634 2491 Abrahamo,
2685 2423 2772 2479 vel
2807 2423 3019 2486 lsaaco,
3069 2421 3155 2476 vel
3192 2418 3419 2474 Jacobo.

1838 2521 1949 2576 Illis
1984 2521 2133 2576 enim
2163 2517 2313 2573 nude
2342 2525 2397 2573 et
2424 2514 2717 2571 manifeste
2748 2512 2901 2567 nulla
2932 2511 3035 2566 sub
3065 2509 3241 2568 forma
3268 2508 3424 2564 visus

1837 2620 2115 2676 narratur,
2134 2610 2265 2665 huic
2295 2624 2426 2665 vero
2452 2606 2558 2663 sub
2580 2604 2755 2663 forma
2781 2618 2945 2674 quam
2967 2602 3280 2667 retulimus,
3303 2599 3420 2656 for-

1840 2720 2038 2776 maque
2067 2703 2251 2770 nubis,
2280 2715 2445 2773 quam
2489 2699 2725 2771 gloriam
2756 2694 2973 2750 Domini
3007 2694 3292 2764 Scriptura
3325 2707 3423 2748 vo-

1841 2805 1953 2865 cat,
1982 2797 2217 2852 dicens:
2254 2813 2274 2847 ι
2310 2793 2451 2854 Cum
2489 2799 2672 2847 autem
2722 2790 3040 2859 loqucretur
3090 2785 3302 2858 Moyses
3350 2784 3421 2840 ad

1838 2901 2058 2945 omnem
2085 2895 2287 2943 coetum
2318 2883 2555 2939 filiorum
2598 2879 2788 2945 Israel,
2841 2872 3201 2947 respexerunt
3232 2875 3301 2930 ad
3332 2890 3422 2930 so-

1842 2978 2136 3035 litudinem
2160 2997 2174 3033 :
2206 2985 2261 3033 et
2287 2990 2416 3032 ecce
2442 2973 2616 3046 gloria
2637 2970 2853 3025 Domini
2876 2966 3131 3039 apparuit
3153 2965 3210 3021 in
3235 2964 3381 3021 nube
3405 2983 3420 3021 :

1839 3073 2056 3128 locutus
2087 3078 2171 3127 est
2188 3075 2369 3124 autem
2398 3066 2663 3123 Dominus
2697 3062 2764 3117 ad
2791 3060 3055 3132 Moysem,
3077 3058 3268 3114 dicens
3286 3056 3362 3124 ";
3398 3076 3417 3108 ι

1840 3173 1896 3221 et
1969 3178 2168 3219 rursus
2192 3176 2235 3217 σε
2297 3181 2316 3213 ι
2376 3159 2622 3229 Cumque
2684 3153 3026 3209 ascendisset
3099 3149 3314 3221 Moyses
3367 3148 3425 3205 in

1838 3263 2102 3321 montem,
2134 3253 2350 3324 operuit
2379 3251 2554 3305 nubes
2583 3254 2848 3302 montem.
2883 3243 2950 3297 Et
2976 3240 3260 3298 descendit
3307 3240 3424 3311 glo-

1839 3349 1921 3403 ria
1956 3342 2173 3402 Domini
2204 3358 2371 3415 super
2422 3348 2686 3403 montem,
2719 3344 2909 3406 tegens
2958 3334 3116 3389 illum
3146 3331 3292 3389 nube
3327 3346 3425 3387 sex

1839 3443 2056 3498 diebus.
2092 3438 2161 3493 Et
2184 3435 2510 3507 loquebatur
2530 3431 2798 3487 Dominus
2825 3430 2894 3483 ad
2922 3427 3163 3499 Moysem
3193 3425 3426 3497 septimo

1839 3535 1928 3591 die
1956 3534 2025 3589 de
2054 3530 2238 3588 medio
2278 3526 2552 3597 caliginis.
2588 3522 2718 3578 Erat
2757 3528 2940 3576 autem
2984 3520 3198 3591 species
3238 3517 3426 3590 gloria:

1844 3626 2084 3691 Domini,
2115 3623 2274 3694 quasi
2308 3620 2452 3689 ignis
2504 3616 2705 3674 ardens
2743 3628 2910 3688 super
2959 3612 3221 3669 verticem
3267 3623 3426 3663 mon-

1842 3720 1913 3776 tis
1934 3720 2001 3773 ”.
2045 3736 2065 3769 ›
2098 3716 2297 3786 Aperte
2325 3716 2475 3783 patet
2499 3725 2568 3764 ex
2598 3708 2668 3763 iis
2696 3709 2877 3763 visum
2911 3704 3083 3759 fuisse
3111 3698 3285 3772 Moysi
3313 3712 3425 3753 non

1840 3812 2022 3882 ipsum
2049 3807 2362 3869 Dominum,
2386 3803 2483 3859 sed
2513 3801 2752 3873 speciem
2774 3796 3010 3862 Domini,
3036 3793 3347 3861 nubemque
3370 3796 3426 3845 et

1846 3904 2051 3974 ignem,
2077 3914 2197 3970 qua:
2226 3897 2439 3952 Domini
2465 3894 2692 3965 gloriam
2722 3905 2881 3949 sacer
2908 3901 3089 3944 sermo
3116 3891 3294 3939 vocat.
3323 3877 3425 3935 Vi-

1843 3973 2006 4052 debat.
2036 3994 2202 4065 igitur
2228 3990 2465 4062 speciem
2496 3985 2736 4051 Domini,
2767 3983 2998 4053 ejusque
3029 3976 3281 4065 gloriam,
3312 3973 3422 4065 mit

1842 4087 1993 4141 nime
2040 4060 2221 4139 autem
2261 4060 2454 4151 ipsum
2509 4075 2820 4138 Dominum,
2872 4070 3156 4142 ipsiusque
3205 4060 3427 4119 Domini

1845 4181 2108 4245 Verbum,
2154 4175 2259 4234 sibi
2292 4174 2646 4230 collocutum.
2677 4166 3067 4222 Verumtamen
3100 4173 3197 4230 per
3223 4155 3424 4245 nubent

1844 4291 1969 4332 eum
2018 4274 2331 4342 loquentem
2387 4262 2664 4324 audiebat,
2713 4258 2944 4326 ideoque
2990 4252 3235 4308 dicitur:
3286 4265 3308 4300 ι
3357 4244 3427 4300 Ει

1844 4370 2064 4424 locutus
2088 4340 2174 4420 est
2206 4360 2472 4415 Dominus
2517 4354 2585 4410 ad
2613 4353 2855 4424 Moysem
2880 4345 3020 4401 facie
3049 4343 3118 4398 ad
3146 4340 3362 4399 faciem.
3399 4356 3420 4389 ι

1846 4459 1966 4514 Non
1998 4462 2183 4511 autem
2208 4452 2258 4507 ei
2291 4446 2615 4520 apparuisse
2646 4443 2787 4498 facie
2811 4438 2879 4494 ad
2913 4435 3109 4492 faciem
3140 4429 3380 4489 refertur
3407 4443 3421 4456 '

280 4520 555 4633 δή-στόμα
590 4557 766 4613 ἐλάλει
797 4520 949 4628 αύτῷ
988 4556 1016 4609 6
1046 4520 1200 4619 Θεὸς,
1226 4552 1286 4606 ού
1327 4550 1432 4623 μὴν
1470 4520 1739 4618 καταλλή-

1849 4550 1980 4607 illud
2038 4548 2183 4603 enim
2233 4542 2477 4598 nondum
2540 4535 2807 4592 accidisse
2862 4531 3128 4585 memorat
3190 4520 3421 4577 dicens:

2350 4632 2361 4633 ί
2434 4632 2441 4633 ί
2809 4628 2819 4633 -
2917 4619 2927 4630 ·
3058 4622 3105 4633 Α-
3174 4631 3185 4633 -
3232 4609 3290 4633 1..
3319 4607 3421 4633 ..12η

156 4655 275 4719 λως
307 4653 402 4708 καὶ
427 4653 655 4724 ἑωρᾶτο,
682 4650 796 4705 ἀλλ’
825 4651 884 4703 ἐν
915 4648 1044 4703 εἴδει
1071 4647 1167 4701 καὶ
1193 4643 1283 4699 διά
1310 4643 1412 4715 τῆς
1444 4640 1743 4715 προαποδε-

157 4748 400 4821 δομένης
430 4747 587 4819 δόξης
615 4743 777 4800 αὐτοῦ
799 4760 814 4775 θ
844 4742 994 4812 λέγει
1025 4740 1083 4794 δέ
1113 4738 1315 4802 οὕτως·
1351 4756 1370 4789 ι
1400 4735 1512 4790 Kal.
1540 4732 1743 4804 κατέϐη

159 4840 374 4914 Κύριος
423 4842 481 4893 ἐν
529 4837 705 4909 στύλῳ
739 4834 991 4905 νεφέλης,
1019 4832 1115 4888 καὶ
1157 4829 1285 4902 έστη
1316 4826 1410 4883 ἐπὶ
1441 4826 1542 4898 τῆς
1579 4824 1750 4897 θύρας

156 4936 269 5007 τῆς
314 4931 519 5004 σκηνῆς
562 4929 656 4983 τοῦ
693 4927 1029 5001 μαρτυρίουο
1062 4924 1156 4978 καὶ
1186 4921 1497 4993 ἐκλήθησαν
1535 4915 1746 4989 Ἀαρὼν

159 5026 264 5081 καὶ
293 5023 544 5096 Μαριάμ,
579 5023 676 5085 καὶ
705 5019 925 5092 ἐξῆλθον
956 5017 1274 5088 ἀμφότεροι.
1305 5013 1416 5067 Καὶ
1443 5007 1590 5065 εἶπεν
1611 5009 1749 5083 πρὸς

159 5119 384 5182 αὐτούς’
403 5116 695 5170 Ἀκούσατε
737 5114 802 5184 δὴ
847 5113 954 5167 τῶν
999 5109 1172 5180 λόγων
1210 5125 1331 5180 μουο
1373 5104 1500 5159 Ἐάν
1526 5104 1748 5175 γένηται

163 5213 458 5285 προφήτης
502 5209 655 5281 ὑμῶν
701 5206 778 5278 τῷ
816 5208 1025 5279 Κυρίῳ,
1059 5207 1117 5258 ἐν
1143 5205 1379 5274 ὁράματι
1423 5198 1572 5270 αὐτῷ
1610 5214 1750 5267 γνω-

167 5305 465 5375 σθήσομαι,
498 5303 593 5357 καὶ
636 5303 693 5354 ἐν
739 5299 891 5371 ὕπνῳ
918 5298 1138 5369 λαλήσω
1168 5293 1339 5365 αὐτῷ.
1377 5293 1489 5363 Οὐχ
1520 5290 1692 5354 οὕτως
1719 5289 1748 5341 6

167 5397 426 5469 θεράπων
476 5412 575 5466 μου
612 5392 856 5462 Μωῦσῆς
882 5389 1071 5453 πιστός
1099 5390 1245 5441 ἐστιν
1281 5387 1338 5439 ἐν
1368 5384 1474 5455 ὅλῳ
1504 5381 1584 5455 τῷ
1616 5382 1749 5452 οίκῳ

171 5507 297 5563 μου.
339 5487 524 5558 Στόμα
569 5485 712 5540 κατὰ
756 5483 929 5555 στόμα
956 5481 1177 5553 λαλήσω
1207 5476 1356 5549 αὐτῷ
1387 5479 1448 5530 ἐν
1472 5475 1622 5541 εἴδει,
1657 5474 1751 5528 καὶ

166 5582 232 5636 οὐ
268 5580 336 5635 δι’
367 5577 722 5650 αἰνιγμάτων,
757 5576 849 5631 καὶ
882 5574 982 5647 τὴν
1025 5572 1183 5639 δόξαν
1214 5572 1420 5644 Κυρίου
1463 5566 1624 5635 εἶδεν,
1655 5568 1749 5623 καὶ

166 5673 327 5730 διὰτί
357 5673 459 5727 οὐκ
490 5670 792 5742 ἐφοϐήθητε
814 5665 1184 5737 καταλαλῆσαι
1205 5663 1344 5717 κατὰ
1372 5661 1464 5716 τοῦ
1481 5661 1747 5734 θεράπον-

245 5828 293 5862 ⁶⁸
331 5826 502 5884 Exod.
540 5842 660 5891 rm,
695 5826 786 5883 ιο.
863 5823 909 5858 ’³
950 5820 1123 5882 Exod.
1158 5836 1302 5887 xxrv,
1342 5819 1427 5872 15.

1850 4663 1870 4696 ι
1903 4639 2146 4698 Ostende
2176 4634 2311 4691 mihi
2340 4632 2536 4687 faciem
2562 4634 2735 4689 tuam,
2764 4628 2827 4677 ut
2851 4619 3023 4676 sciam
3058 4622 3131 4671 te.
3171 4631 3192 4666 ι
3232 4609 3296 4665 1n
3318 4607 3429 4663 alio

1846 4741 1971 4795 loco
1997 4735 2157 4790 docet
2185 4729 2473 4798 Scriptura
2515 4720 2662 4795 quod
2707 4733 2802 4773 ore
2835 4712 3056 4786 quidem
3101 4703 3427 4798 loquebatur

1855 4792 1906 4887 ei
1962 4828 2128 4887 Deus,
2159 4837 2272 4877 non
2313 4792 2770 4885 tamenvpariter
2815 4804 3129 4863 videbatur,
3178 4794 3272 4853 sed
3320 4792 3427 4887 sub

1845 4880 2033 4993 specie
2044 4880 2195 4979 et,'ut
2212 4924 2377 4980 supra
2393 4880 2600 4963 dictum
2624 4907 2728 4964 est,
2742 4912 2841 4971 per
2863 4893 3038 4965 ipsius
3059 4887 3310 4961 gloriam.
3332 4880 3428 4936 Sic

1846 4982 2017 5086 igitur
2041 5007 2176 5065 dicit
2206 5025 2219 5060 :
2260 5022 2279 5055 ι
2314 4996 2607 5056 Descendit
2655 4990 2918 5046 Dominus
2949 4986 3006 5039 in
3039 4982 3295 5086 columna
3322 4991 3427 5030 nu-

1845 5072 1953 5169 bis,
1994 5113 2049 5159 et
2081 5099 2234 5157 stetit
2275 5097 2332 5150 in
2372 5088 2601 5148 introitu
2634 5078 2978 5141 tabernaculi
3008 5088 3212 5131 vocans
3240 5072 3427 5169 daren

1847 5158 2180 5255 et‘llariam.
2204 5188 2458 5257 Quicum
2488 5179 2776 5242 exiissem,
2807 5171 2945 5228 dixit
2976 5165 3044 5222 ad
3067 5180 3164 5221 eos
3190 5158 3428 5257 :Audite

1851 5302 2136 5347 sermones
2178 5296 2332 5338 meos
2360 5298 2375 5335 :
2405 5276 2465 5333 Si
2503 5273 2628 5346 quis
2658 5266 2825 5325 fuerit
2854 5264 2998 5318 inter
3025 5272 3123 5314 vos
3159 5250 3426 5347 propbeta

1850 5381 2089 5449 Domini,
2138 5377 2196 5434 in
2228 5374 2441 5432 visione
2484 5362 2761 5439 apparebo
2787 5357 2859 5424 ei,
2892 5352 2980 5408 vel
3026 5365 3121 5421 per
3149 5342 3424 5449 somnium

1850 5435 2047 5545 loquar
2073 5435 2146 5525 ad
2178 5466 2352 5522 illum.
2385 5460 2455 5515 At
2486 5435 2597 5513 non
2628 5451 2756 5507 talis
2774 5457 2974 5505 servus
2998 5454 3155 5496 meus
3182 5435 3422 5535 Moyses,

1853 5524 1945 5638 qui
1978 5565 2035 5619 in
2058 5559 2206 5617 omni
2236 5558 2400 5613 domo
2440 5564 2561 5608 mea
2603 5540 2955 5601 fidelissimus
2980 5541 3067 5591 est
3092 5550 3107 5588 :
3141 5542 3250 5634 ὀι-ε
3275 5524 3422 5638 enim

1852 5621 1918 5714 ad
1946 5672 2008 5713 os
2038 5655 2233 5724 loquor
2262 5648 2312 5706 ei
2341 5667 2354 5703 :
2389 5653 2442 5703 et
2471 5640 2673 5714 palam,
2704 5640 2760 5690 et
2790 5644 2901 5688 non
2929 5642 3026 5700 per
3053 5623 3344 5694 aenigmata
3370 5621 3425 5670 et
