3840 6222
525 359 665 412 1665
1265 351 1532 410 EUSEBII
1572 350 2052 407 CAESARIENSIS
2090 350 2240 405 OPP.
2282 349 2463 405 PARS
2497 349 3077 406 ill.—‘EXEGETICA.
3640 347 3736 401 1064

523 487 576 531 ot
604 476 805 546 figuras
834 471 1122 527 Dominum
1147 472 1314 527 videt.
1339 471 1521 538 Quare
1543 487 1676 543 ergo
1699 486 1806 526 non
1835 470 2080 526 timuisti:

2199 472 2292 535 τός
2320 489 2422 542 μου
2443 472 2718 536 Μωῦσέως
2739 490 2788 536 ς»
2801 473 2922 544 Ἆρ’
2941 469 3035 526 οὖν
3060 472 3156 542 τὴν
3171 470 3330 536 δόξαν
3357 469 3462 540 μὲν
3477 467 3667 540 Κυρίου
3687 465 3738 521 εἷο

522 560 811 625 ἶιοιτοιιετο
842 580 1001 622 servo
1031 581 1151 620 meo
1196 564 1368 636 Moysi
1389 565 1470 618 ’°?
1507 584 1525 616 ι
1551 564 1692 636 Ergo
1727 564 1957 635 gloriam
1977 565 2080 632 qui

2200 563 2287 616 δεν
2314 564 2408 617 καὶ
2435 565 2496 618 ὲν
2523 564 2652 618 εἴδει
2691 565 2841 636 αύτῷ
2867 564 3322 637 χρηματίζοντος,
3350 561 3535 631 στόμα
3558 577 3614 612 τε
3638 562 3738 614 κατὰ

523 663 648 716 dcm
683 658 897 713 Domini
923 658 1078 720 vidit,
1107 665 1164 711 et
1197 657 1300 711 sub
1331 657 1512 726 specie
1561 671 1619 710 se
1650 656 1702 710 ei
1746 653 2080 710 manifestan-

2201 655 2375 726 στόμα
2399 656 2687 720 λαλοῦντος
2716 658 2968 728 ἤκουσεν,
2997 657 3060 710 ού
3090 656 3198 727 μὴν
3228 655 3329 709 καὶ
3375 655 3540 707 αὐτόν
3580 670 3656 706 πω
3680 653 3740 705 τὸν

521 765 653 819 tem,
684 761 740 808 et
770 769 865 808 ore
916 753 982 807 ad
1009 768 1073 808 os
1120 753 1433 822 loquentem
1479 751 1706 816 audivit,
1756 765 1866 804 non
1913 757 2080 804 tamet

2199 746 2403 818 Κύριον
2432 749 2636 820 ὁμοίως
2667 752 2780 813 τοῖς
2819 749 3088 821 πατράσιν
3125 748 3390 820 ἑωράκει.
3423 746 3534 800 Καὶ
3559 745 3615 798 οὐ
3645 744 3739 797 0m-

524 848 702 914 ipsum
753 860 996 914 unquam
1051 842 1367 908 Dominum,
1398 843 1543 897 sicut
1587 841 1836 912 patribus
1866 841 2070 896 manife

2201 841 2403 910 μαστόν
2434 858 2498 910 γε
2532 843 2582 895 εἰ
2622 841 2700 912 τῷ
2730 844 2952 896 Μωῦσεῖ
2975 843 3148 912 στόμα
3196 841 3346 894 κατὰ
3392 840 3568 910 στόμα
3609 839 3738 892 hic};

522 945 701 991 status
750 944 856 997 est.
899 935 1204 1004 conspexit.
1247 933 1314 987 Et
1359 949 1469 987 non
1503 933 1698 988 mirum
1742 931 1887 1003 quod
1926 932 2076 1004 Muys

2199 931 2615 1004 ἀναγέγραπται
2642 933 2671 985 6
2691 927 2842 997 Θεὸς,
2870 934 3034 986 ὁπότε
3067 934 3160 986 καὶ
3183 930 3262 1003 τῷ
3292 932 3464 984 παντὶ
3490 930 3598 1001 λαῷ
3622 930 3740 1002 πρὸς·

521 1044 617 1082 ore
647 1028 716 1081 ad
747 1044 810 1082 os
839 1029 1160 1096 colloquens
1198 1027 1478 1081 inducitur
1505 1024 1672 1087 Deus,
1697 1040 1822 1080 cum
1853 1033 1907 1080 et
1947 1025 2095 1078 omni

523 1120 722 1189 popqu
765 1119 905 1174 facie
953 1117 1025 1172 ad
1075 1118 1270 1172 faciem
1321 1118 1500 1187 ipsum
1548 1117 1791 1172 locutum
1841 1117 2010 1172 fuisse
2039 1116 2094 1170 in

522 1209 944 1265 Deuteronomio
969 1207 1128 1262 docet
1160 1207 1374 1279 Moyses
1401 1207 1590 1261 dicens
1620 1227 1632 1260 :
1671 1227 1692 1258 ι
1711 1205 1831 1261 Non
1854 1223 1980 1261 cum
2007 1222 2098 1276 pa-

524 1305 698 1359 tribus
725 1304 928 1359 nostris
955 1303 1078 1356 iniit
1106 1313 1324 1371 pactum
1357 1300 1638 1364 Dominus,
1665 1301 1759 1357 sed
1784 1301 2092 1360 nobiscum,

519 1396 614 1466 qui
651 1396 706 1449 in
739 1394 1155 1464 praesentiarum
1202 1407 1396 1448 sumus
1425 1401 1477 1447 et
1515 1393 1772 1447 vivimus.
1822 1391 1982 1446 Facie
2027 1392 2093 1445 ad

519 1487 714 1541 faciem
737 1488 950 1541 locutus
969 1494 1054 1541 est
1081 1486 1241 1540 nobis
1264 1485 1316 1538 in
1337 1491 1522 1540 monte
1541 1484 1609 1540 de
1627 1484 1804 1540 medio
1828 1485 2044 1554 ignis".
2070 1503 2087 1534 ι

522 1581 587 1636 At
609 1582 658 1635 si
688 1580 792 1634 hoc
823 1579 986 1633 modo
1014 1577 1184 1648 Moysi
1215 1584 1271 1630 et
1301 1575 1451 1629 omni
1481 1575 1682 1646 populo
1712 1575 2080 1630 manifestatus

2194 1569 2272 1640 τῷ
2295 1571 2519 1625 Μωῦσεῖ
2547 1573 2642 1625 καὶ
2667 1571 2743 1642 τῷ
2773 1571 2932 1626 παντὶ
2955 1570 3067 1641 λαῷ
3095 1571 3283 1624 τοῦτον
3308 1569 3661 1641 ἐχρημάτιζεν
3672 1568 3738 1620 τὸν

519 1681 628 1735 cst,
666 1670 1037 1725 animadverte
1062 1669 1217 1730 illud,
1245 1668 1459 1724 scilicet
1483 1668 1630 1738 quod
1684 1668 1896 1722 locutus
1925 1665 2080 1722 fuissc

2194 1661 2415 1732 τρόπον,
2443 1663 2558 1716 ἀλλ’
2593 1663 2698 1733 ὅρα
2725 1663 2808 1716 ὅτι
2839 1662 3187 1734 λελαληκέναι
3226 1662 3330 1733 μὲν
3379 1663 3563 1724 αὐτοῖς
3601 1663 3738 1730 στόμα

517 1765 598 1818 eis
619 1779 712 1818 ore
731 1763 799 1816 ad
825 1779 888 1817 os
908 1770 962 1817 et
994 1761 1129 1816 facie
1147 1761 1214 1815 ad
1241 1760 1435 1816 faciem
1454 1759 1676 1826 dicitur,
1691 1775 1800 1813 non
1823 1767 2001 1814 tamen
2024 1759 2080 1813 iis

2195 1756 2337 1809 κατὰ
2379 1756 2554 1826 στόμα
2587 1755 2682 1810 καὶ
2713 1755 3004 1828 πρόσωπον
3042 1755 3178 1824 πρὸς
3207 1756 3507 1826 πρόσωπον
3544 1753 3735 1824 εἴρηται,

516 1858 670 1910 visus
687 1855 806 1909 sine
832 1855 954 1926 igne
979 1853 1062 1908 vel
1087 1854 1318 1916 nube,ut
1344 1852 1609 1923 patribus.
1630 1850 1782 1906 Nude
1795 1851 1943 1906 enim
1976 1849 2080 1904 illis

2195 1846 2256 1898 οὐ
2312 1844 2416 1916 μὴν
2464 1846 2557 1898 καὶ
2603 1846 2731 1899 ἄνευ
2774 1845 2866 1899 τοῦ
2911 1847 3081 1917 πυρὸς
3113 1845 3146 1916 ἢ
3176 1845 3277 1915 τῆς
3309 1845 3541 1914 νεφέλης
3576 1845 3737 1913 ὁμοίως

513 1954 570 2000 et
585 1948 703 2000 sine
721 1945 882 2000 nubis
912 1945 995 1998 vel
1013 1944 1154 2016 ignis
1168 1944 1403 2014 tegmine
1419 1943 1678 1999 Dominus
1694 1953 1950 1997 narratur
1969 1957 2080 1997 esse

2195 1941 2307 2000 τοῖς
2353 1939 2622 2009 πατράσιν
2672 1932 2852 2006 ὦφθαι
2896 1938 3112 2000 αὐτοῖς·
3154 1937 3387 2008 γυμνῶς
3420 1936 3526 2008 γὰρ
3548 1935 3737 1996 ὲκείνοξ

516 2029 862 2084 visus.Dcum
885 2028 1050 2100 igitur
1073 2029 1258 2083 videre
1276 2027 1640 2098 perfectorum
1657 2035 1712 2082 et
1731 2036 1910 2082 mente
1925 2042 2080 2098 quam

2195 2029 2288 2081 καὶ
2331 2028 2459 2082 ἄνευ
2498 2029 2949 2100 ὲπικαλύμματος
2977 2029 3070 2082 τοῦ
3103 2028 3193 2083 διὰ
3223 2029 3462 2099 νεφέλης
3491 2030 3522 2098 ἢ
3551 2027 3737 2099 πυρὸςό

517 2121 754 2174 maxime
792 2120 1177 2174 mundatorum
1209 2120 1487 2190 proprium
1513 2135 1634 2174 esse
1655 2119 1815 2175 docet
1841 2119 2080 2174 Salvator

2195 2119 2396 2192 Κύριος
2437 2119 2620 2190 ὀφθεὶς
2664 2122 3092 2193 ἀναγέγραπται.
3128 2121 3367 2175 Τελείων
3399 2120 3528 2190 γοῦν
3555 2120 3639 2176 καὶ
3663 2119 3736 2190 τὴν

512 2220 570 2267 et
595 2211 860 2267 Dominus
893 2220 1080 2267 noster
1113 2231 1126 2267 :
1169 2230 1188 2263 ‹
1229 2211 1402 2276 Beati,
1433 2211 1634 2280 inquit,
1681 2210 1871 2266 mundi
1899 2212 2080 2277 corde,

2191 2209 2427 2266 διάνοιαν
2469 2215 2548 2276 εἰς
2597 2213 2763 2284 ἄκρον
2810 2213 3233 2285 κεκαθαρμένων
3272 2214 3373 2268 καὶ
3402 2215 3432 2267 6
3463 2215 3637 2285 Σωτὴρ
3664 2213 3736 2264 καί

515 2307 775 2376 quoniam
809 2305 913 2376 ipsi
963 2304 1134 2360 Deum
1187 2305 1448 2359 videbunt
1480 2305 1547 2360 ’⁸.
1583 2323 1602 2355 ι
1650 2303 1881 2375 Ideoque
1929 2305 2080 2375 quasi

2191 2304 2395 2376 Κύριος
2423 2303 2583 2375 ἡμῶν
2612 2305 2674 2358 τὸ
2702 2305 2794 2358 τὸν
2825 2305 2959 2359 Θεὸν
2991 2307 3123 2378 ὀρᾷν
3149 2301 3291 2360 εἶναι
3326 2306 3582 2360 διδάσκειν
3611 2307 3736 2360 «Μα-

517 2399 712 2451 horum
741 2395 912 2451 Deum
945 2413 1007 2452 se
1041 2395 1312 2451 Dominus
1365 2396 1592 2460 indicat,
1625 2395 1692 2450 ad
1734 2395 1976 2468 Moysem
2005 2395 2080 2451 di-

2190 2395 2391 2465 κάριοι,
2415 2395 2610 2464 λέγων,
2636 2397 2684 2449 οί
2737 2395 2968 2467 καθαροὶ
3017 2398 3084 2467 τῇ
3127 2395 3353 2468 καρδίᾳ,
3387 2398 3469 2451 ὅτι
3499 2397 3638 2450 αὐτοὶ
3664 2397 3733 2449 τὸν

2197 1036 2344 1071 ωπον
2373 1019 2510 1091 πρὸς
2541 1021 2830 1092 πρόσωπον
2859 1021 3215 1093 λελαληκέναι
3246 1021 3420 1074 αὐτὸν
3445 1023 3505 1073 ὲν
3531 1024 3738 1090 Asinam-

2198 1109 2369 1180 νομίῳ
2396 1109 2636 1164 διδάσκει
2664 1112 2692 1163 6
2718 1111 2961 1182 Μωῦσῆς
2982 1111 3171 1179 λέγων·
3197 1130 3216 1161 ι
3249 1111 3394 1181 Οὐχὶ
3430 1112 3543 1173 τοῖς
3572 1111 3738 1181 πατρὰ-

2199 1215 2282 1252 σιν
2313 1199 2465 1270 ὑμῶν
2489 1200 2694 1254 διέθετο
2720 1201 2922 1274 Κύριος
2960 1202 3059 1273 τὴν
3083 1201 3365 1272 Διαθήκην
3393 1201 3609 1272 ταύτην,
3637 1202 3737 1254 ἀλλὰ

2198 1290 2334 1360 πρὸς
2363 1293 2506 1362 ὑμᾶς
2525 1309 2538 1322 ·
2575 1293 2731 1364 ὑμεῖς
2749 1294 2902 1347 αὐτοὶ
2927 1288 3029 1348 ὧδε
3058 1295 3298 1365 σήμερον
3328 1293 3534 1356 πάντες
3561 1291 3734 1358 ζῶντες.

2197 1383 2493 1455 Πρόσωπον
2546 1385 2687 1439 κατὰ
2736 1387 3027 1459 πρόσωπον
3076 1386 3340 1457 ἐλάλησεν
3393 1386 3592 1457 Κύριος
3637 1387 3737 1455 πρὸς

2200 1476 2342 1546 ὑμᾶς
2373 1479 2431 1530 ὲν
2461 1476 2538 1548 τῷ
2567 1479 2683 1550 ὀρει
2718 1481 2784 1532 ὲκ
2816 1479 2980 1550 μέσου
3010 1478 3104 1532 τοῦ
3134 1479 3330 1550 πυρός.
3365 1498 3385 1529 ι
3434 1477 3577 1547 Πλὴν
3606 1479 3648 1530 εί
3669 1479 3737 1529 καὶ

513 2504 697 2544 cens:
745 2507 764 2539 ι
816 2487 943 2543 Hec
983 2489 1136 2544 dices
1187 2489 1312 2544 flliis
1377 2489 1541 2544 Israel
1575 2507 1590 2544 :
1626 2487 1887 2542 Dominus
1946 2487 2087 2543 Deus

509 2589 730 2651 patrum
767 2590 1099 2644 vestrorum,
1134 2579 1278 2637 Deus
1328 2579 1625 2645 Abraham,
1655 2579 1798 2636 Deus
1844 2579 1996 2635 Isaac
2033 2587 2088 2634 et

513 2671 671 2728 Deus
693 2671 865 2728 Iacob
895 2673 1044 2727 misit
1078 2687 1164 2728 rae
1193 2671 1260 2726 ad
1287 2688 1385 2727 vos
1413 2691 1425 2726 :
1459 2673 1561 2726 hoc
1593 2688 1792 2728 nomen
1829 2672 1963 2726 mihi
2001 2679 2086 2726 est

509 2765 568 2819 in
595 2771 880 2828 aeternum,
918 2772 971 2818 et
997 2764 1100 2817 hoc
1121 2764 1436 2818 memoriaie
1467 2779 1644 2819 meum
1684 2763 1740 2818 in
1778 2765 2085 2835 generatio-

511 2871 638 2911 nem
663 2863 717 2911 et
737 2856 1146 2926 generationem
1178 2857 1248 2912 ”.
1273 2875 1298 2907 ⁴ι
1329 2855 1642 2912 ΔΕηιιιιειυε
1664 2856 1827 2927 igitur
1850 2856 2085 2927 majores

510 2949 756 3017 gratias,
804 2947 1112 3016 similisque
1159 2949 1554 3020 cupidissimus
1604 2947 1808 3003 favoris
1870 2947 2084 3020 Moyses

511 3038 802 3092 Dominum
837 3037 926 3091 his
958 3045 1214 3106 precatur
1244 3039 1428 3094 verbis
1461 3055 1476 3092 :
1515 3056 1534 3089 ‹
1575 3037 1815 3094 Ostende
1842 3039 1977 3093 mihi
2005 3041 2084 3095 fa-

507 3125 647 3180 ciem
680 3133 858 3191 tuam,
895 3133 955 3179 ut
993 3127 1162 3180 sciam
1203 3134 1275 3182 te.
1315 3146 1334 3178 ι
1374 3125 1491 3183 Sibi
1525 3128 1670 3182 enim
1703 3129 1884 3183 animo
1917 3128 2083 3200 ﬁnge-

510 3218 602 3270 bat
630 3216 963 3271 manifestati
997 3216 1090 3272 Dei
1125 3216 1289 3273 Verbi
1332 3219 1786 3290 magnitudinem,
1812 3226 1868 3275 et
1911 3221 2078 3275 subli-

509 3307 778 3371 mitatem,
809 3318 864 3362 et
909 3307 1235 3364 ineffabilem
1272 3311 1722 3382 inaccessamque
1768 3313 2082 3383 praecellen-

507 3398 664 3461 tiam,
697 3397 1026 3470 videbatque
1054 3401 1227 3470 ipsius
1275 3403 1341 3456 ad
1377 3418 1436 3458 se
1480 3403 1954 3461 manifestationes
1986 3421 2083 3476 per

506 3490 886 3548 ministrantes
921 3493 1144 3563 angelos
1175 3494 1293 3549 ﬁeri
1329 3513 1341 3549 :
1371 3495 1496 3550 ideo
1523 3497 1836 3566 postulabat
1871 3505 1932 3552 ut
1961 3513 2080 3552 ma-

505 3581 770 3638 nifeStius
798 3591 852 3639 et
882 3585 1228 3654 splendidius
1271 3587 1451 3658 ipsum
1480 3589 1587 3644 sibi
1623 3589 1974 3646 manifestum
2001 3589 2081 3646 ef-

504 3673 716 3739 ﬁceret,
741 3690 851 3730 non
877 3675 989 3745 jam
1017 3676 1120 3731 sub
1148 3677 1494 3746 velamentis,
1514 3695 1615 3735 nec
1647 3681 1915 3736 ministris
1932 3681 2076 3744 aliis,

503 3766 650 3820 unde
677 3774 859 3820 autem
886 3775 940 3822 et
972 3767 1180 3837 pariter
1211 3782 1277 3822 ac
1309 3768 1644 3834 Abrahamo,
1675 3772 1794 3828 sine
1823 3772 1966 3843 ignis
1993 3773 2080 3828 vel

506 3859 670 3914 nubis
702 3859 905 3929 specie.
968 3859 1125 3926 Quod
1165 3861 1331 3932 igitur
1383 3863 1596 3917 videtur
1645 3864 1780 3918 mihi
1838 3865 2080 3921 indicare

507 3950 796 4022 Scriptura
832 3954 1066 4008 dicens:
1106 3972 1125 4004 ‹
1166 3952 1408 4010 Ostende
1431 3955 1564 4009 mihi
1601 3955 1797 4012 faciem
1827 3966 1997 4023 tuam,
2021 3965 2080 4012 ut

505 4049 676 4104 sciam
709 4059 762 4103 te
777 4049 848 4104 "°.
875 4068 892 4101 ι
932 4048 1069 4103 Cum
1101 4050 1405 4106 audivisset
1437 4049 1608 4106 Deum
1631 4052 1734 4106 sibi
1762 4052 2034 4108 dicentem
2061 4071 2074 4106 :

508 4158 529 4192 ι
577 4139 729 4196 Ecce
772 4142 1000 4211 angelus
1049 4156 1203 4198 meus
1253 4143 1522 4212 praecedet
1579 4150 1633 4198 te
1705 4151 1834 4198 ante
1884 4143 2078 4199 faciem

503 4239 655 4285 tuam
683 4231 751 4297 “,
793 4250 811 4283 ι
859 4232 1183 4302 ampliorem
1243 4234 1452 4304 expetit
1501 4235 1755 4305 gratiam,
1783 4235 2024 4306 dicitque
2061 4254 2074 4290 :

507 4341 529 4374 ‹
555 4322 614 4377 Si
654 4339 763 4378 non
785 4332 844 4378 tu
878 4325 994 4394 ipse
1037 4325 1336 4396 praecedas,
1373 4343 1443 4382 ne
1479 4327 1682 4382 educas
1718 4341 1820 4383 nos
1859 4327 1929 4382 de
1958 4328 2078 4383 loco

504 4415 612 4470 isto
628 4417 690 4470 ".
709 4435 726 4468 ι
759 4417 1049 4472 Annuente
1073 4418 1302 4474 Domino
1331 4421 1708 4490 postulationi,
1741 4437 1806 4476 ac
1829 4422 2077 4481 dicente;

2189 2485 2319 2540 Θεὸν
2350 2485 2590 2556 ὄψονται.
2631 2506 2649 2538 ι
2687 2486 2777 2540 Διὸ
2821 2489 2916 2540 καὶ
2961 2487 3037 2549 ὡς
3073 2487 3336 2540 τοιούτων
3362 2490 3392 2541 6
3417 2488 3608 2560 Κύριος
3629 2488 3732 2540 Θεὸν

2188 2578 2378 2632 ἑαυτὸν
2427 2579 2767 2650 ἀναγορεύει,
2813 2579 2984 2647 λέγων
3023 2578 3160 2647 πρὸς
3204 2581 3484 2652 Μωῦσῆν·
3536 2599 3555 2628 ο
3582 2579 3730 2641 Οὕτως

2188 2669 2335 2741 ὲρεῖς
2361 2672 2473 2734 τοῖς
2504 2671 2640 2732 υἱοῖς
2679 2669 2916 2741 Ἰσραὴλ,
2951 2669 3155 2741 Κύριος
3180 2671 3210 2724 6
3232 2669 3374 2736 Θεὸς
3395 2671 3503 2725 τῶν
3524 2670 3730 2741 πατέρων

2191 2761 2220 2813 ὑ
2229 2759 2366 2830 μῶν,
2401 2760 2533 2824 Θεὸς
2561 2761 2833 2834 Ἀϐραὰμ,
2865 2765 2958 2817 κα)⁸
2980 2762 3112 2828 Θεὸς
3141 2763 3352 2829 Ἰσαὰκ,
3387 2766 3480 2820 καὶ
3506 2764 3625 2826 Θεὸς
3649 2765 3727 2816 Ἰα-

2187 2852 2324 2916 κὼὸ,
2357 2852 2666 2907 ἀπέσταλκέ
2724 2871 2791 2924 με
2845 2856 2983 2926 πρὸς
3025 2857 3170 2927 ὑμᾶς
3190 2873 3204 2886 ·
3231 2855 3399 2910 τοῦτό
3428 2858 3570 2910 ἐστιν
3595 2855 3727 2924 ὕνιμέ

2189 2965 2289 3019 μου
2325 2949 2562 3011 αἰώνιον,
2599 2949 2692 3003 καὶ
2729 2950 3071 3020 μνημόσυνον
3108 2949 3316 3020 γενεῶν
3345 2952 3572 3020 γενεαῖς.
3602 2969 3618 3000 ι
3645 2951 3724 3018 Ζη-

2185 3039 2290 3093 λῶν
2317 3039 2382 3111 δὴ
2411 3036 2503 3094 οὖν
2535 3040 2601 3093 τὰ
2624 3041 2936 3112 χαρίσματα
2964 3042 3034 3095 τὰ
3065 3041 3307 3114 μείζονα,
3338 3043 3551 3114 καὶτῆς
3576 3042 3723 3112 ὁμοίας

2184 3131 2411 3196 ἐκείνοις
2439 3132 2760 3204 ὀρεγόμενος
2789 3137 2816 3186 ὀ
2845 3134 3085 3204 Μωῦοῆς
3110 3138 3425 3207 προκοπῆς,
3440 3135 3574 3200 ἀξιοῖ
3591 3133 3724 3201 λέγων

2185 3221 2276 3276 τὸν
2308 3221 2533 3295 Κύριον·
2560 3242 2578 3274 ι
2602 3223 2929 3294 Ἐμφάνισόν
2963 3223 3112 3295 (le
3141 3227 3219 3298 νο)
3251 3243 3342 3297 μοι
3373 3223 3722 3292 σεαυτὸν,γνω-

2185 3311 2325 3375 στῶς
2355 3311 2449 3365 ῐδω
2475 3329 2535 3365 σε
2553 3329 2566 3343 ο
2597 3332 2616 3364 ι
2634 3311 2966 3382 ἐφαντάζετο
2985 3315 3082 3386 μὲν
3095 3314 3203 3387 γὰρ
3219 3315 3635 3387 χρηματίζοντος
3653 3313 3721 3367 αὖ·

2184 3402 2262 3474 τῷ
2310 3402 2447 3456 Θεοῦ
2491 3403 2664 3472 Λόγου
2703 3405 2765 3457 τό
2810 3423 2871 3458 τε
2917 3406 3144 3476 μέγεθος
3166 3407 3266 3460 καὶ
3300 3407 3362 3461 τὸ
3399 3406 3628 3478 ὕψοςκαὶ
3649 3405 3721 3473 τὴν

2182 3494 2389 3562 ἄφατον
2421 3493 2515 3547 καὶ
2543 3493 2831 3564 ἀνέφικτον
2863 3495 3156 3568 ὑπεροχὴν,
3189 3495 3340 3570 ἑώρα
3381 3497 3444 3552 δὲ
3480 3497 3550 3561 ὡς
3575 3497 3645 3550 ὅτι
3671 3494 3720 3545 δι’

2184 3585 2532 3658 ὑπηρετικῶν
2576 3587 2826 3656 ἀγγέλων
2859 3587 2959 3652 τὰς
2985 3589 3120 3661 πρὸς
3150 3589 3311 3643 αὐτὸν
3346 3590 3577 3644 ἐποιεῖτο
3615 3586 3721 3640 θεω-

2183 3676 2338 3750 ρίας⁸
2389 3675 2469 3729 διὸ
2511 3676 2821 3748 παρακαλεῖ
2865 3677 3185 3749 τρανότερον
3236 3677 3332 3732 καὶ
3383 3675 3718 3750 καθαρώτερον

2181 3767 2423 3838 ἐμφῆναι
2460 3769 2651 3821 ἑαυτὸν
2698 3768 2866 3840 αὐτῷ,
2905 3769 3099 3840 μηκέτι
3136 3769 3235 3840 μὲν
3276 3769 3344 3822 δι’
3377 3766 3718 3837 ὲπικαλυμμᾶ·

2180 3875 2309 3924 των,
2364 3859 2498 3931 μηδὲ
2528 3859 2634 3913 ὑπὸ
2656 3859 2916 3914 διακόνων
2944 3860 3166 3932 ἑτέρων,
3195 3860 3422 3932 γυμνῶς
3447 3859 3502 3914 δὲ
3529 3858 3717 3917 καὶτοῖς

2181 3950 2323 4022 ἀμφὶ
2349 3950 2441 4004 τὸν
2479 3950 2726 4022 Ἀϐραὰμ
2753 3951 3172 4024 παραπλησίως,
3200 3953 3328 4007 ἄνευ
3359 3951 3455 4006 τοῦ
3475 3951 3562 4004 ’διὰ
3582 3945 3717 4018 πυρὸς

2180 4042 2276 4096 καὶ
2299 4043 2528 4114 νεφέλης
2572 4043 2763 4108 εἴδους.
2793 4044 2963 4097 Τοῦτο
3014 4040 3144 4113 γοῦν
3181 4044 3328 4097 δοκεῖ
3356 4062 3444 4114 μοι
3475 4041 3715 4113 σημαίνειν

2180 4137 2214 4207 ἡ
2250 4134 2532 4204 φάσκουσα
2574 4135 2741 4202 λέξις·
2781 4137 3149 4208 «Ἐμφάνισόν
3199 4153 3290 4207 μοι
3341 4136 3575 4198 σεαυτὸν,
3602 4149 3713 4202 γνωο

2183 4227 2322 4291 στῶς
2351 4228 2442 4280 ἴδω
2476 4245 2557 4282 σε.
2588 4247 2606 4278 ι
2651 4229 2838 4303 Ταύτῃ
2877 4229 2934 4282 δὲ
2978 4229 3072 4282 καὶ
3102 4228 3450 4301 προακούσας
3475 4225 3713 4300 εἰρηκότας

2180 4320 2329 4392 αὐτῷ
2367 4319 2462 4374 τοῦ
2493 4320 2696 4392 Κυρίου
2725 4322 2805 4374 τό·
2843 4340 2862 4372 ι
2887 4321 3017 4375 Ἰδοὺ
3051 4321 3279 4391 ἄγγελός
3312 4339 3414 4394 μου
3455 4315 3712 4393 προπορεύ-

2183 4430 2332 4467 σεται
2358 4412 2464 4484 πρὸ
2493 4411 2788 4484 προσώπου
2826 4431 2940 4477 σου,
2974 4433 2992 4465 ι
3023 4415 3480 4485 ’ὑποπαραιτείται
3509 4411 3595 4466 τοῦ
3625 4406 3710 4479 μεὶ·

504 4525 528 4558 4
566 4505 804 4562 Verbum
838 4509 1004 4572 istud,
1035 4510 1182 4580 quod
1227 4512 1444 4568 locutus
1489 4529 1548 4568 es
1583 4512 1784 4568 faciam
1811 4515 1878 4578 ⁸³,
1922 4534 1940 4566 ι
1977 4515 2069 4571 Dei

2184 4508 2328 4573 ζονος
2355 4508 2695 4580 ὀρεγόμενος,
2726 4510 2819 4563 καί
2843 4527 3008 4580 φησιν
3026 4525 3040 4538 ·
3082 4527 3103 4560 ‹
3130 4509 3192 4563 Ei
3219 4510 3292 4581 μὴ
3327 4509 3488 4572 αὐτὸς
3514 4507 3576 4562 σὺ
3605 4521 3710 4573 σαμ-

501 4598 965 4669 magniﬁcentiam
994 4601 1227 4672 benigne
1257 4601 1578 4672 dispositam
1606 4605 2068 4669 animadvertens,

501 4709 626 4756 quae
689 4701 745 4750 et
796 4709 994 4766 magna
1041 4697 1390 4766 cupientibus
1451 4697 1684 4759 favebat.
1731 4701 1982 4770 quamvis
2013 4717 2076 4756 se

2179 4601 2408 4672 πορεύῃ,
2445 4603 2517 4672 μή
2551 4618 2617 4671 με
2647 4602 2929 4674 ἀναγάγῃς
2955 4600 3222 4655 ἐντεῦθεν·
3255 4622 3275 4654 ι
3313 4601 3449 4673 πρὸς
3472 4599 3568 4671 τὴν
3584 4595 3708 4660 ἀξίω-

2175 4709 2260 4745 σιν
2293 4692 2674 4757 ἐπινεύσαντος
2695 4692 2787 4746 τοῦ
2804 4693 3025 4764 Κυρίου
3043 4695 3138 4749 καὶ
3153 4695 3443 4766 φήσαντος,
3477 4713 3497 4745 ι
3523 4692 3623 4748 Καὶ
3641 4690 3710 4744 τὸν

503 4785 686 4855 ipsum
718 4787 1047 4851 exinaniret,
1084 4788 1494 4859 majoribusque
1536 4789 1820 4860 indignum
1875 4791 2074 4848 fatere-

2184 4784 2328 4853 λόγον
2375 4800 2470 4838 σου
2517 4783 2726 4848 τοῦτον,
2753 4784 2812 4837 ὃν
2839 4785 3085 4856 εἴρηκας,
3121 4787 3354 4858 ποιήσω,
3378 4806 3404 4839 ι
3435 4786 3500 4840 τὸ
3533 4784 3710 4854 ἕτοιμον

504 4885 614 4939 tur,
643 4876 804 4930 aliam
849 4891 973 4948 quae
1017 4878 1255 4948 priorem
1285 4881 1554 4950 compleat
1603 4883 1953 4954 perficiatque
1980 4900 2074 4938 ex-

505 4965 641 5035 petit
689 4967 923 5037 gratiam
973 4967 1165 5024 dicens
1226 4989 1239 5024 :
1295 4989 1314 5022 ι
1373 4968 1611 5027 Ostende
1645 4973 1780 5027 mihi
1839 4973 2070 5044 gloriam

505 5065 655 5112 tuam
683 5058 749 5114 ³⁵.
781 5078 802 5112 ι
853 5059 996 5117 Deus
1054 5069 1235 5118 autem
1298 5063 1440 5118 votis
1481 5064 1602 5133 ejus
1645 5080 1898 5120 annuens
1950 5067 2070 5120 ait:

508 5167 531 5201 ‹
561 5148 674 5220 Ego
710 5150 1016 5221 praecedam
1047 5160 1103 5208 te
1143 5153 1318 5223 gloria
1364 5169 1506 5219 mea,
1535 5161 1590 5210 et
1641 5155 1847 5210 vocabo
1887 5156 1942 5210 in
1976 5172 2073 5210 no-

506 5242 656 5296 mine
709 5235 925 5298 Domini
979 5259 1166 5299 coram
1214 5253 1268 5301 te
1295 5246 1362 5308 ³⁸,
1403 5255 1513 5302 ret
1543 5255 1762 5302 caetera.
1818 5246 2073 5303 Ostendit

509 5334 675 5403 igitur
705 5334 966 5404 majorem
1005 5351 1130 5391 esse
1151 5338 1334 5407 priore
1368 5352 1467 5392 sua
1495 5339 1545 5392 ei
1577 5337 1940 5408 apparitione,
1969 5338 2072 5392 Pa-

510 5425 621 5479 tris
638 5424 840 5495 Deique
863 5427 1106 5481 omnium
1145 5430 1455 5494 scientiam,
1488 5445 1650 5499 quam
1675 5445 1736 5486 se
1759 5429 1806 5485 ei
1838 5430 2071 5484 traditu-

510 5531 632 5570 rum
663 5532 784 5573 esse
812 5519 1118 5589 pollicetur,
1149 5521 1216 5574 de
1251 5536 1312 5574 se
1353 5521 1470 5589 ipso
1511 5521 1698 5577 dicens
1732 5541 1744 5576 :
1791 5541 1809 5573 ι
1856 5520 2068 5577 Prmce-

578 5695 624 5725 ‘°
660 5694 820 5767 Num.
857 5715 961 5758 xu,
997 5701 1113 5757 5-8.
1189 5703 1233 5733 "
1274 5703 1427 5758 Deut.
1466 5721 1518 5767 v,
1551 5706 1603 5758 5.

1680 5706 1724 5737 ’⁸
1763 5706 1952 5762 Matth.
1991 5726 2043 5768 ν,
2081 5708 2136 5762 8.
2209 5710 2256 5742 ²⁹
2297 5707 2468 5765 Exod.
2507 5726 2585 5771 ιιι,
2627 5710 2710 5765 15.

2179 4872 2403 4928 συνιδὼν
2429 4876 2527 4946 τῆς
2559 4873 2708 4938 θείας
2729 4875 3166 4948 μεγαλοδωρεᾶς,
3195 4875 3496 4948 φθανούσης
3529 4874 3621 4945 τῆς
3643 4872 3698 4924 εὔ

2179 4968 2429 5040 εργεσίας
2454 4970 2579 5032 τοὺς
2613 4970 2864 5040 μεγάλων
2893 4969 3272 5043 ὀρεγομένους,
3299 4967 3419 5026 εἶτα
3446 4967 3705 5042 σμικρῦνας

2177 5061 2389 5125 ἑαυτὸν,
2421 5062 2512 5116 καὶ
2536 5061 2611 5126 ὡς
2644 5063 2718 5134 μὴ
2743 5062 2892 5130 ἄξιόν
2920 5082 3006 5117 πω
3035 5065 3146 5118 τῶν
3173 5061 3431 5136 μειζόνων
3453 5061 3702 5132 λογισάμε-

2176 5171 2288 5219 νος,
2311 5153 2505 5226 έτέραν
2531 5153 2608 5219 ὡς
2637 5156 2697 5208 ὲν
2729 5155 3011 5229 συγκρίσει
3038 5159 3138 5230 τῆς
3169 5157 3440 5232 προτέρας
3462 5155 3704 5211 ἐνδέουσαν

2175 5246 2399 5313 ἀξίωσιν
2423 5246 2697 5319 προτείνει
2719 5246 2914 5316 λέγων,
2943 5266 2963 5300 ι
2985 5249 3165 5315 Δεῖξόν
3188 5268 3278 5321 μοι
3292 5250 3394 5324 τὴν
3411 5247 3556 5316 δόξαν
3577 5262 3697 5304 σου.»

2179 5339 2402 5410 πληρῶν
2437 5339 2495 5394 δὲ
2521 5338 2688 5394 αὐτοῦ
2724 5341 2816 5394 τὸν
2845 5339 3004 5410 λόγον
3030 5343 3060 5396 6
3089 5341 3328 5416 Κύριος,
3374 5361 3395 5396 ι
3427 5340 3555 5410 Ἐγὼ
3585 5354 3698 5407 παρ-

2175 5432 2465 5506 ελεύσομαι
2500 5434 2762 5505 πρότερός
2789 5451 2881 5488 σου
2907 5438 2972 5507 τῇ
2998 5435 3124 5507 δόξῃ
3155 5453 3254 5507 μου
3275 5453 3288 5466 ·
3321 5438 3412 5491 καὶ
3437 5435 3623 5490 καλέσω
3653 5431 3697 5480 ὲν

2173 5525 2396 5597 ὀνόματι
2424 5526 2630 5598 Κυρίου
2674 5525 2917 5581 ἐναντίον
2971 5544 3086 5592 σου,
3118 5547 3138 5578 ι
3188 5530 3283 5584 καὶ
3321 5532 3390 5586 τὰ
3419 5529 3557 5599 ἑξῆς·
3583 5522 3694 5578 διδά-

2786 5712 2831 5742 ³⁰
2876 5711 3045 5766 Exod.
3086 5729 3280 5774 χχχιιι,
3322 5714 3404 5768 13.
3477 5713 3513 5744 ³¹
3553 5705 3683 5762 Emi.

516 5766 789 5832 13111.25.
866 5769 908 5799 υ
948 5769 1119 5823 Exod.
1154 5786 1364 5839 χχχιιι,
1401 5766 1511 5828 45.
1565 5775 1611 5806 ³³
1650 5775 1781 5830 ibid.
1820 5778 1905 5832 ιτ.
1983 5766 2080 5833 ιιι

2184 5778 2238 5833 d.
2277 5795 2484 5847 XXXI",
2527 5766 2611 5834 l8.
2692 5781 2734 5812 ³⁵
2776 5782 2909 5840 ibid.
2951 5785 3034 5837 19.
