3840 6222
238 323 262 378 1
277 322 383 378 063

1304 319 1598 380 ECLOGAS
1637 319 2124 381 PROPHETIC‘E.
2168 357 2232 367 —
2275 325 2402 384 LIB.
2436 327 2478 388 1.

3367 338 3504 394 1068

235 465 388 502 σκων
416 449 496 502 ὅτι
519 448 582 520 δὴ
618 448 797 520 πάσης
829 447 1030 520 μείζων
1075 449 1178 518 τῆς
1217 449 1481 520 πρότερον
1520 446 1667 518 αὐτῷ
1692 446 1825 500 θεω-

1929 448 2053 503 dam
2088 463 2138 507 te
2156 454 2327 523 gloria
2350 469 2490 516 mea,
2519 473 2536 506 ι
2570 463 2624 510 et
2655 454 2723 509 de
2757 453 2933 509 Patris
2963 455 3048 520 sui
3080 453 3350 520 doctrina,
3382 477 3400 508 ι
3439 457 3505 512 Et

235 541 514 614 ρουμένης
545 541 806 605 ὀπτασίας
836 543 868 612 ἡ
904 541 997 594 τοῦ
1024 541 1236 613 Πατρδς
1259 543 1353 594 καὶ
1387 540 1520 594 Θεοῦ
1551 540 1658 594 τῶν
1687 541 1822 594 ὂλων

233 639 498 708 τυγχάνει
527 638 744 707 γνῶσις,
773 639 838 709 ἣν
862 639 954 692 καὶ
982 637 1328 709 παραδώσειν
1364 636 1514 708 αὐτῷ
1546 637 1821 707 ὑπισχνεῖ-

236 747 355 793 ται,
389 731 517 802 περὶ
552 732 647 802 μὲν
677 731 868 784 ἑαυτοῦ
895 731 1086 800 λέγων,
1130 750 1147 781 ι
1179 729 1591 804 Παρελεύσομαι
1625 729 1822 800 πρότε-

240 823 337 894 ρός
371 841 462 877 σου
499 827 566 896 τῇ
601 825 728 898 δόξῃ
765 842 884 896 μου.
919 844 937 875 ι
973 826 1107 896 Περὶ
1133 825 1187 878 δὲ
1219 824 1318 893 τῆς
1346 823 1439 877 τοῦ
1471 821 1682 894 Πατρός
1727 841 1824 893 μυ-

241 916 555 986 σταγωγίας
572 917 653 980 τὸ,
677 937 694 969 ι
719 917 812 970 καὶ
835 917 1047 970 καλέσω
1063 919 1120 970 ὲν
1145 916 1368 987 ὀνόματι
1385 915 1609 988 Κυρίου⁹
1627 936 1644 966 ι
1667 915 1822 968 ποίου

237 1007 350 1079 γὰρ
369 1010 595 1080 Κυρίου,
627 1009 789 1073 αὐτὸς
813 1008 888 1062 ὣν
904 1012 932 1062 ό
951 1009 1035 1062 διὰ
1063 1008 1158 1062 τοῦ
1191 1010 1613 1080 τετραγράμμου
1636 1007 1824 1079 δηλού-

238 1117 401 1169 μενος
432 1100 654 1174 Κύριος,
691 1103 738 1154 εί
773 1101 846 1173 μὴ
877 1101 984 1173 ἄρα
1009 1101 1102 1154 10-3
1122 1101 1335 1170 Πατρδς
1365 1101 1614 1155 καλέσειν
1647 1102 1820 1170 ἐπαγ-

235 1191 486 1259 γέλλεται
507 1208 521 1256 ;
559 1191 668 1245 Καὶ
698 1190 915 1262 ἀληθῶς
937 1207 999 1259 γε
1022 1194 1068 1244 εί
1095 1192 1170 1263 μὴ
1193 1191 1388 1244 διέλθοι
1413 1193 1534 1246 τινὰ
1560 1192 1823 1264 πρότερον

232 1283 266 1336 ὁ
291 1283 382 1337 τοῦ
411 1283 544 1336 Θεοῦ
572 1284 762 1352 Λόγος,
791 1286 883 1337 καὶ
924 1286 971 1336 εί
1015 1285 1088 1355 μὴ
1122 1283 1282 1347 αὐτὸς
1315 1283 1704 1339 ἀνακαλέσοιτο
1731 1285 1823 1341 τδν

234 1377 476 1449 Πατέρα,
511 1378 618 1432 οὐδ’
659 1378 832 1442 ἄλλως
881 1375 1104 1432 δυνατὸν
1151 1378 1251 1449 τὴν
1313 1376 1408 1430 τοῦ
1461 1377 1672 1452 Πατρός
1717 1379 1822 1432 τῶν

233 1469 376 1523 ὅλων
404 1469 692 1522 ἀναλαϐεῖν
742 1469 976 1538 γνῶσινο
1016 1489 1034 1520 ‹
1084 1469 1206 1522 ἐπεὶ
1250 1469 1371 1540 μηδ’
1421 1466 1502 1533 εἷς
1545 1469 1686 1538 ἔγνω
1729 1469 1821 1524 τὸν

234 1559 459 1630 Πατέρα
492 1562 540 1612 εί
574 1559 646 1631 μὴ
677 1563 704 1614 6
735 1560 881 1624 Υἱὸς,
916 1561 1009 1613 καλ⁴
1034 1553 1078 1627 ᾧ
1106 1558 1170 1614 ἂν
1203 1563 1230 1613 ὁ
1265 1560 1391 1622 Υἱὸς
1417 1559 1764 1632 ἀποκαλύψῃ.
1798 1580 1816 1610 ι

232 1651 408 1712 Αὐτὸς
434 1649 564 1718 γοῦν
599 1653 743 1703 ἐστιν
776 1652 809 1720 ἡ
838 1647 977 1721 θύρα
997 1649 1092 1702 καὶ
1115 1651 1147 1720 ἡ
1175 1648 1291 1712 ὁδὸς
1322 1640 1468 1700 δι’.οὖ
1493 1648 1652 1718 μόνου
1675 1647 1821 1700 ἔστιν

238 1743 368 1796 ἰδεῖν
400 1743 490 1795 τὸν
517 1741 773 1795 ἐπέκεινα
801 1742 895 1795 καὶ
926 1741 1185 1795 ἀνωτάτω
1213 1741 1320 1793 τῶν
1353 1741 1487 1793 ὅλων
1512 1741 1702 1804 αῐτιον,
1725 1741 1822 1794 αὑ-

231 1837 326 1888 τὸν
355 1836 443 1888 τὸν
473 1834 692 1905 Πατέρα
711 1850 725 1864 ο
753 1835 801 1886 εἰ
824 1833 932 1904 γὰρ
964 1833 1058 1887 καὶ
1085 1831 1154 1885 τὰ
1179 1833 1410 1903 μάλιστα
1437 1826 1524 1887 οἷά
1549 1850 1631 1896 τις
1657 1831 1820 1884 αὐτοῦ

235 1929 545 2001 πρόδρομος
569 1926 932 1998 προεπιδημεῖ
963 1929 1083 1988 ταῖς
1114 1925 1222 1978 τῶν
1250 1926 1532 1997 μακαρίων
1564 1925 1762 1996 ψυχαῖς
1794 1925 1822 1976 ὁ

235 2020 382 2084 θεῖος
415 2019 606 2088 Λόγος,
631 2019 727 2090 τῆς
760 2018 892 2081 ίδίας
919 2017 1076 2088 δόξης
1106 2017 1420 2088 μεταδιδοὺς
1466 2018 1678 2081 αὐταῖς,
1708 2014 1820 2070 ἀλλ’

233 2112 335 2182 οὐχ
365 2111 578 2165 ἵσταταί
604 2128 666 2180 γε
701 2111 780 2173 εἰς
807 2109 958 2172 τέλος
983 2108 1054 2162 τὰ
1075 2110 1175 2180 τῆς
1211 2109 1497 2174 αὐθεντίας
1527 2111 1603 2174 είς
1634 2109 1824 2164 ἑαυτὸν

235 2201 657 2274 ἀναλαμϐάνων,
694 2202 1228 2275 προπαρασκευάσας
1256 2203 1312 2257 δὲ
1339 2204 1434 2256 καὶ
1464 2201 1825 2274 προευτρεπίο

237 2309 342 2355 σας
383 2294 480 2363 τὴν
519 2292 706 2362 μονὴν,
740 2293 1016 2363 ὑποχωρεῖ
1056 2291 1148 2345 καὶ
1200 2291 1675 2364 μεταπαραδίδωσι
1724 2293 1825 2362 τὴν

238 2383 519 2453 βασιλείαν
548 2383 625 2454 τῷ
652 2383 770 2453 Θεῷ
791 2384 884 2436 καὶ
907 2383 1100 2456 Πατρί.
1119 2381 1290 2437 Τοῦτο
1311 2383 1366 2436 δὲ
1389 2383 1484 2436 καὶ
1510 2382 1672 2448 αὐτὸς
1691 2367 1824 2454 όμοέ

236 2477 392 2546 λογεῖ
425 2477 670 2546 φάσκων,
712 2495 730 2528 ι
753 2475 894 2544 Ἐγὼ
917 2475 1321 2548 παρελεύσομαι
1349 2475 1612 2547 πρότερός
1640 2493 1732 2528 σου
1756 2475 1822 2546 τῇ

234 2565 366 2637 δόξῃ
405 2583 527 2636 μου,
563 2567 656 2618 κα)⁵
685 2565 899 2620 καλέσω
936 2568 994 2620 ὲν
1030 2565 1254 2637 ὀνόματι
1283 2565 1508 2637 Κυρίου.
1540 2585 1558 2617 ›
1586 2565 1697 2619 Νῦν
1726 2566 1826 2637 μὲν

235 2652 332 2724 οὖν
352 2657 495 2726 λόγῳ
516 2655 674 2711 τοῦτο
697 2657 923 2730 πράξειν
953 2656 1379 2726 ἐπαγγέλλεται·
1415 2653 1541 2728 ἑξῆς
1568 2656 1625 2710 δὲ
1649 2657 1742 2711 καὶ
1765 2655 1826 2710 τὸ

239 2750 403 2822 ἔργον
439 2752 633 2821 ἐπάγει
665 2751 791 2804 ἔνθα
819 2751 1053 2823 εἴρηται,
1089 2771 1107 2803 ι
1134 2751 1243 2805 Καὶ
1285 2751 1487 2822 κατέϐη
1521 2749 1722 2822 Κύριος
1768 2753 1826 2805 ὲν

239 2843 461 2916 νεφέλῃ,
493 2844 586 2896 καὶ
611 2842 856 2913 παρέστη
880 2840 1029 2912 αὑτῷ
1057 2843 1173 2894 ἐκεῖ
1191 2857 1204 2870 θ
1234 2841 1328 2894 καὶ
1353 2840 1610 2894 ἐκάλεσεν
1640 2841 1697 2893 ὲν
1720 2839 1830 2892 ὀνό-

241 2954 374 3008 ματι
410 2935 636 3006 Κυρίου.
672 2935 783 2988 Καί
829 2932 1103 3004 παρῆλθεν
1136 2932 1338 3002 Κύριος
1377 2931 1484 3003 πρὸ
1531 2929 1824 3001 προσώπου

238 3026 410 3082 αὑτοῦ
441 3029 533 3082 καὶ
562 3027 808 3089 ἐκάλεσε,
829 3024 1273 3098 Κύριος,Κύριος
1301 3025 1329 3076 ό
1351 3022 1481 3086 Θεὸς
1503 3021 1823 3092 οἰκτίρμων,

1926 545 2132 600 vocabo
2166 547 2222 600 in
2250 547 2470 600 nomine
2502 545 2714 601 Domini
2743 561 2926 601 coram
2969 556 3042 602 te.
3072 567 3089 600 ι
3119 546 3290 614 Quem
3321 557 3502 605 autem

1927 634 2240 702 Dominum,
2278 653 2400 692 cum
2461 639 2532 693 sit
2589 639 2704 711 ipse
2754 637 3016 694 Dominus
3057 647 3503 711 tetragrammato

1925 728 2268 800 designatus,
2302 730 2405 786 nisi
2440 729 2668 798 Patrem,
2688 746 2848 784 suum
2894 741 3215 785 vocaturum
3242 747 3365 788 esse
3406 731 3502 790 des

1925 821 2462 878 nuntiat?Profecto
2515 824 2619 879 nisi
2665 825 2926 894 praevium
2971 833 3058 879 eat
3092 824 3185 880 Dei
3236 823 3498 890 Verbum,

1927 915 2034 970 nisi
2067 916 2183 986 ipse
2224 914 2442 970 Patrem
2477 917 2724 984 advocet,
2761 917 3098 988 impossibile
3131 927 3213 973 est
3253 919 3502 988 quemvis

1925 1003 2170 1057 omnium
2202 1003 2381 1059 Patris
2412 1007 2693 1059 scientiam
2713 1006 2984 1075 excipere.
3020 1025 3038 1056 ι
3075 1006 3260 1078 Neque
3284 1006 3503 1065 Patrem

1925 1095 2050 1165 quis
2086 1097 2258 1154 novit.
2292 1099 2397 1152 nisi
2427 1095 2622 1164 Filius,
2647 1107 2700 1153 et
2731 1100 2817 1153 cui
2852 1095 3028 1154 Filius
3057 1102 3297 1156 voluerit
3348 1117 3501 1158 reve-

1925 1189 2039 1244 lare
2071 1191 2134 1244 '°.
2173 1211 2191 1243 ι
2231 1192 2351 1261 ipse
2385 1192 2551 1262 igitur
2582 1200 2665 1247 est
2702 1195 2871 1263 janua
2899 1195 3096 1264 viaque
3127 1210 3232 1264 qua
3265 1195 3381 1250 sola
3408 1211 3504 1250 ex-

1923 1282 2291 1337 celsissimam
2351 1283 2941 1355 immensissimamque
2996 1301 3179 1340 rerum
3257 1287 3502 1340 omnium

1924 1389 2168 1439 causam,
2199 1373 2415 1430 Patrem
2477 1376 2680 1446 ipsum,
2709 1376 3028 1446 conspicere
3075 1393 3387 1447 possumus.
3443 1374 3502 1432 Si

1923 1467 2068 1520 enim
2107 1483 2268 1536 quam
2299 1468 2558 1534 maxime,
2599 1469 2745 1523 velut
2786 1469 2984 1538 aliquis
3016 1467 3137 1537 ejus
3171 1484 3500 1539 praecursor,

1925 1556 2210 1612 beatorum
2264 1560 2477 1615 animas
2525 1560 2767 1615 divinum
2801 1559 3238 1629 prmitVerbum,
3273 1561 3500 1631 partici-

1925 1665 2021 1719 pes
2043 1666 2138 1706 eos
2167 1654 2400 1722 propria:
2439 1653 2625 1723 gloriae
2652 1651 2909 1716 eﬂiciens,
2939 1654 3032 1709 sed
3069 1670 3175 1708 non
3205 1653 3406 1710 desinit
3435 1652 3504 1707 ad

1926 1742 2086 1798 ﬁnem
2119 1747 2462 1801 auctoritatis
2487 1755 2668 1817 partes
2695 1747 2749 1800 in
2774 1763 2832 1804 se
2865 1748 3165 1818 suscipere,
3200 1754 3503 1819 praeparato

1927 1843 2106 1888 autem
2156 1850 2220 1889 ac
2244 1833 2512 1905 disposito
2537 1837 2872 1902 habitaculo,
2911 1839 3144 1894 discedit
3192 1848 3244 1893 et
3275 1853 3502 1909 regnum

1926 1922 2039 1981 Deo
2073 1933 2127 1980 et
2166 1924 2314 1981 Patri
2338 1927 2620 1982 transfert.
2656 1926 2812 1994 Quod
2851 1940 2904 1984 et
2939 1929 3056 1999 ipse
3085 1931 3378 1987 confitetur
3420 1932 3504 1986 di-

1926 2035 2059 2076 cens
2095 2037 2109 2074 :
2165 2037 2183 2071 ι
2227 2019 2341 2090 Ego
2370 2022 2670 2091 praacedam
2703 2028 2756 2077 te
2793 2021 2965 2092 gloria
3011 2037 3154 2087 mea,
3201 2030 3255 2077 et
3301 2024 3505 2079 vocabo

1928 2111 1983 2164 in
2016 2111 2238 2166 nomine
2266 2109 2504 2166 Domini.
2552 2132 2570 2164 ι
2605 2109 2760 2166 Nunc
2797 2113 3016 2182 quidem
3060 2113 3227 2168 verbo
3259 2114 3390 2170 illud
3423 2114 3506 2169 fa-

1928 2210 2146 2257 cturum
2203 2219 2327 2258 esse
2353 2205 2653 2274 promittit;
2680 2205 2823 2274 quod
2872 2219 2932 2260 re
2975 2207 3206 2276 peragit,
3232 2213 3291 2259 ut
3319 2214 3505 2261 osteno

1931 2295 2069 2350 dunt
2106 2311 2228 2368 quae
2252 2305 2558 2367 sequuntur
2591 2315 2604 2352 :
2643 2315 2661 2348 ι
2700 2297 2950 2369 Cumque
2991 2299 3367 2357 descendisset
3399 2301 3505 2354 Do-

1929 2388 2112 2441 minus
2152 2402 2252 2456 per
2282 2388 2504 2452 nubem,
2533 2389 2684 2442 stetit
2715 2388 2930 2461 Moyses
2959 2403 3084 2443 cum
3124 2404 3210 2457 eo,
3241 2391 3505 2446 invocans

1929 2492 2127 2533 nomen
2160 2475 2395 2532 Domini.
2439 2477 2504 2531 Et
2549 2479 2768 2533 transiit
2819 2477 3082 2533 Dominus
3135 2486 3260 2535 ante
3310 2479 3504 2536 faciem

1928 2567 2069 2635 ejus,
2104 2569 2424 2638 vocavitque
2455 2586 2467 2622 :
2515 2566 2834 2623 Dominator
2868 2567 3098 2623 Domine
3139 2567 3304 2634 Deus,
3339 2571 3504 2624 mise-

1931 2659 2105 2714 ricors
2157 2668 2210 2714 et
2241 2660 2504 2726 clemens,
2541 2669 2593 2716 et
2628 2661 2862 2732 patiens,
2892 2667 2946 2715 et
2981 2661 3165 2716 multae
3200 2662 3507 2717 miseratio-

1929 2751 2034 2814 nis,
2066 2765 2130 2805 ac
2164 2767 2348 2815 verax,
2381 2752 2474 2821 qui
2509 2753 2756 2808 custodis
2802 2752 3238 2808 misericordiam
3277 2753 3333 2806 in
3380 2753 3504 2807 mil-

1929 2845 2021 2912 lia,
2047 2844 2138 2914 qui
2176 2843 2360 2900 aufers
2393 2845 2738 2922 iniquitatem
2778 2853 2833 2901 et
2864 2845 3093 2909 scelera,
3126 2853 3290 2914 atque
3312 2859 3507 2916 pecca-

1929 2946 2005 3000 ta,
2046 2937 2340 3008 nullusque
2370 2936 2513 3007 apud
2550 2945 2601 2992 te
2633 2950 2730 3008 per
2761 2952 2819 2993 se
2842 2937 3109 2991 innocens
3130 2945 3232 2991 est.
3254 2933 3356 3002 Qui
3385 2936 3507 2991 reda

1929 3031 2014 3086 dis
2037 3031 2378 3102 iniquitatem
2422 3038 2638 3101 patrum
2684 3029 2832 3094 ﬁliis,
2862 3045 2925 3084 ac
2985 3029 3274 3100 nepotibus
3306 3029 3362 3082 in
3395 3037 3506 3084 ter-

238 3123 336 3175 καὶ
363 3121 630 3192 ἐλεήμων,
663 3119 722 3190 (f.
756 3119 844 3185 12)
879 3115 1249 3189 μακροθυμος,
1287 3114 1381 3168 καὶ
1406 3113 1710 3177 πολυέλεος,
1732 3113 1825 3166 καὶ

1929 3127 2060 3179 tiam
2083 3132 2136 3179 et
2167 3131 2417 3194 quartam
2449 3123 2761 3193 progeniem
2791 3122 2881 3176 ³⁶’.
2916 3141 2935 3174 ι
2970 3121 3095 3176 Hmc
3123 3123 3267 3176 enim
3295 3122 3409 3192 ipse
3429 3119 3509 3176 di-

234 3211 511 3282 ἀληθινὸς,
542 3211 635 3264 καὶ
666 3210 1010 3280 δικαιοσύνην
1041 3208 1332 3279 διατηρῶν,
1366 3206 1532 3260 ποιῶν
1567 3205 1713 3268 ἔλεος
1745 3205 1825 3267 είς

236 3304 506 3376 χιλιάδας,
534 3302 783 3374 ἀφαιρῶν
826 3301 1076 3370 ἀνομίας,
1112 3301 1207 3353 καὶ
1245 3298 1476 3363 ἀδικίας,
1513 3297 1606 3351 καὶ
1642 3297 1824 3366 ἁμαρ-

234 3397 378 3459 τίας,
413 3396 509 3449 καὶ
553 3395 643 3448 τὸν
679 3394 860 3465 ἔνοχον
905 3394 966 3446 οὐ
1013 3391 1294 3464 καθαριεῖ·
1329 3391 1548 3458 ἐπάγων
1595 3389 1826 3459 ἀνομίας

238 3488 467 3560 πατρῶν
497 3489 588 3542 ἐπὶ
613 3488 800 3550 τέκνα,
827 3487 924 3539 καὶ
961 3486 1054 3537 ἐπὶ
1086 3484 1250 3536 τέκνα
1280 3481 1485 3535 τέκνων
1516 3481 1608 3534 ἐπὶ
1635 3480 1826 3552 τρίτην

236 3583 336 3636 καὶ
371 3581 636 3652 τετάρτην
664 3578 878 3650 γενεάν.
911 3596 928 3628 ι
959 3576 1144 3630 Ταῦτα
1170 3576 1278 3646 γὰρ
1301 3575 1463 3637 αὑτός
1493 3591 1626 3644 φησι
1655 3588 1825 3626 κατα-

242 3673 348 3737 ϐάς
373 3675 432 3727 ὲν
460 3673 656 3744 νεφέλῃ
679 3672 774 3725 καὶ
791 3669 1074 3741 παραστὰς
1103 3669 1180 3740 τῷ
1195 3670 1420 3722 Μωῦσεῖ
1440 3667 1468 3718 6
1495 3666 1582 3719 διὰ
1609 3664 1702 3718 τοῦ
1734 3681 1824 3716 τε·

244 3765 616 3837 τραγράμμου
657 3763 983 3835 δηλούμενος
1026 3761 1262 3833 Κύριοςσ
1292 3760 1351 3822 ὃς
1385 3758 1600 3828 καθ’ἥν
1635 3757 1826 3810 πεποί-

241 3876 370 3929 ηται
407 3858 698 3928 ὑπόσχεσιν
740 3855 1022 3926 παρελθὼν
1057 3855 1161 3926 πρὸ
1191 3850 1480 3926 προσώπου
1517 3850 1702 3916 αὐτοῦ,
1733 3851 1826 3903 τὸν

238 3952 336 4004 καὶ
369 3950 562 4004 ἑαυτοῦ
597 3949 800 4022 Κύριον
823 3949 916 4003 καὶ
941 3947 1180 4017 Πατέρα,
1209 3945 1300 3999 τον
1330 3943 1544 4014 ἀληθῶς
1572 3942 1698 3996 ὄντα
1719 3940 1826 3994 Κύ·

240 4059 358 4118 ριον
391 4043 614 4115 Κύριον,
636 4042 716 4105 δίς
739 4042 826 4095 διὰ
864 4041 956 4094 τοῦ
990 4039 1416 4110 τετραγράμμου
1455 4033 1825 4107 ἐμφερόμενον

243 4135 593 4189 ἀνακαλεῖται
618 4133 792 4201 λέγων
811 4133 891 4196 τὸ,
923 4152 939 4182 ‹
963 4131 1185 4202 Κύριος,
1207 4128 1408 4199 Κύριος
1428 4131 1455 4180 ὁ
1471 4127 1602 4189 Θεὸς
1622 4125 1825 4197 οἰκτίρ-

243 4245 363 4299 μων
397 4228 490 4280 καὶ
520 4227 786 4297 ἐλεήμων,
819 4245 838 4276 ι
872 4226 965 4278 καὶ
1011 4225 1078 4277 τὰ
1130 4224 1276 4292 ἑξῆς.
1312 4223 1373 4274 ΕΞ
1419 4221 1474 4273 δὲ
1506 4218 1824 4289 βιαζόμενός

237 4336 327 4382 τις
350 4319 548 4386 φάσκοι
582 4318 654 4388 μὴ
681 4317 772 4370 τὸν
800 4315 1027 4387 Κύριον,
1059 4315 1193 4368 ἀλλά
1223 4313 1460 4382 Μωῡσῆν
1485 4309 1658 4364 ταῦτα
1675 4311 1826 4380 είρη-

240 4411 417 4475 κέναι,
455 4415 663 4482 πεῖσμα
697 4410 911 4480 βέϐαιον
946 4408 1269 4479 λαμϐανέτω
1294 4407 1351 4472 ἐξ
1382 4403 1560 4458 αὐτῶν
1590 4403 1696 4457 τῶν
1729 4400 1822 4455 τοῦ

1933 3214 2028 3279 cit,
2070 3228 2194 3268 cum
2223 3213 2508 3268 descendit
2540 3213 2596 3266 in
2630 3212 2778 3266 nube
2805 3219 2858 3266 et
2887 3227 3055 3283 prope
3075 3210 3314 3283 Moysem
3357 3210 3509 3267 stetit

1930 3311 2381 3374 tetragrammato
2422 3305 2740 3373 designatus
2781 3302 3066 3359 Dominus.
3099 3302 3252 3368 Dein,
3281 3305 3352 3358 ob
3381 3317 3508 3375 pro-

1932 3396 2250 3451 missionem
2299 3411 2463 3466 quam
2519 3397 2636 3467 ipse
2693 3394 2918 3460 fecerat,
2949 3396 3228 3450 transiens
3275 3402 3401 3449 ante
3430 3390 3510 3448 fa-

1932 3487 2070 3542 ciem
2101 3485 2242 3555 ejus,
2275 3488 2475 3542 suimet
2506 3486 2793 3541 Dominum
2816 3495 2871 3542 et
2898 3485 3134 3552 Patrem,
3165 3501 3293 3541 vere
3327 3484 3509 3539 Domi-

1931 3593 2084 3643 num,
2113 3576 2544 3642 Dominatorem,
2572 3579 2655 3634 bis
2691 3585 3133 3648 tetragrammato
3162 3577 3507 3647 designatum

1932 3670 2150 3726 invocat
2174 3671 2366 3726 dicens
2397 3689 2410 3724 ε
2438 3688 2458 3722 ι
2495 3669 2815 3725 Dominator
2848 3669 3072 3724 Domine
3097 3668 3258 3734 Deus,
3294 3667 3511 3723 miseri-

1931 3779 2056 3820 cors
2068 3771 2123 3818 et
2151 3765 2414 3830 clemens,
2441 3783 2460 3816 ι
2481 3774 2535 3819 et
2560 3764 2788 3834 reliqua.
2814 3761 2872 3816 Si
2902 3763 3028 3833 quis
3061 3771 3242 3816 autem
3265 3760 3371 3815 loci
3388 3775 3510 3815 sen-

1931 3869 2053 3909 sum
2083 3853 2416 3925 detorquens
2446 3854 2673 3908 minime
2699 3868 2730 3906 a
2761 3852 2994 3908 Domino
3015 3852 3331 3914 contendat,
3353 3851 3451 3906 sed
3475 3867 3507 3905 ι

1932 3946 2115 4018 Moyse
2145 3947 2261 4001 baac
2289 3961 2414 4002 esse
2446 3945 2624 4010 dicta,
2657 3945 2788 4000 illud
2834 3945 2995 4015 plane
3027 3952 3366 4014 compertum
3406 3942 3506 3997 ha-

1931 4038 2081 4093 bebit
2113 4037 2247 4108 ipsis
2269 4035 2471 4108 Moysis
2494 4036 2745 4104 vocibus,
2782 4035 2898 4091 haec
2935 4051 3060 4092 esse
3087 4035 3255 4091 verba
3287 4033 3505 4090 Domini

1931 4128 2284 4193 conﬁtentis,
2330 4145 2455 4184 cum
2509 4129 2565 4183 in
2619 4128 2725 4182 alio
2777 4127 2899 4181 loco
2946 4135 3201 4196 precatur
3264 4125 3502 4180 dicens:

1935 4238 1955 4271 ι
1994 4219 2372 4292 Magnificetur
2393 4236 2524 4292 ergo
2565 4219 2826 4275 fortitudo
2861 4219 3074 4274 Domini
3107 4220 3248 4275 sicut
3281 4217 3506 4288 jurasti,

1930 4311 2119 4368 dicens
2153 4331 2165 4368 :
2196 4313 2459 4368 Dominus
2496 4313 2712 4383 patiens
2757 4321 2810 4367 et
2862 4313 3045 4366 multae
3092 4309 3505 4373 misericordia,

1934 4406 2189 4463 auferens
2244 4407 2588 4478 iniqui-tatem
2642 4417 2696 4462 et
2747 4408 3001 4471 scelera,
3049 4406 3370 4476 nullumque
3425 4405 3507 4458 in~

239 4503 520 4566 Μωῦσέως
552 4501 746 4571 φωνῶν
774 4499 1160 4572 ὁμολογοῦντος
1197 4498 1290 4552 τοῦ
1332 4497 1538 4568 Κυρίου
1565 4491 1701 4548 εἶναι
1731 4492 1825 4557 τὰς

1936 4501 2158 4554 noxium
2205 4500 2613 4570 derelinquens,
2666 4501 2760 4570 qui
2812 4501 3001 4555 visitas
3032 4507 3255 4570 peccata
3288 4505 3506 4569 patrum

246 4593 665 4662 προεκτεθείσας
703 4592 897 4656 λέξεις,
927 4591 994 4644 δι’
1027 4584 1100 4644 ὧν
1131 4591 1419 4661 εὐχόμενος
1448 4592 1505 4641 ὲν
1533 4588 1703 4659 ἑτέρῳ
1733 4585 1824 4639 τό-

245 4699 334 4752 πῳ
364 4684 518 4754 φησὶ,
554 4703 572 4734 ι
592 4682 702 4737 Καὶ
729 4683 824 4736 νῦν
857 4683 1127 4753 ὐψωθήτω
1162 4683 1195 4752 ἡ
1239 4680 1360 4752 χείρ
1390 4697 1504 4743 σου,
1530 4678 1702 4750 Κύριε
1725 4693 1740 4708 σ
1766 4677 1825 4730 ὃν

243 4773 443 4844 τρόπον
475 4771 635 4838 εἶπας
666 4775 859 4842 λέγων,
887 4773 1092 4845 Κύριος
1127 4775 1497 4846 μακρόθυμος,
1535 4773 1628 4826 καὶ
1665 4772 1827 4824 πολυ-

248 4865 548 4930 ἐλεος,.καὶ
594 4866 864 4938 ἀληθινός·
904 4867 1152 4939 ἀφαιρῶν
1207 4866 1435 4936 ἀνομίας
1465 4865 1559 4918 καὶ
1591 4864 1824 4926 ἀδικίας,

246 4958 342 5010 καὶ
358 4957 632 5028 ἁμαρτίας
647 4975 661 4989 ⁸
689 4959 781 5012 καὶ
802 4959 1127 5030 καθαρισμῴ
1151 4960 1211 5012 οὑ
1235 4959 1487 5030 καθαριεῖ
1512 4958 1602 5012 τὸν
1623 4958 1822 5029 ένοχον,

245 5049 529 5112 ἀποδιδοὺς
579 5050 851 5121 ἁμαρτίας
899 5049 1120 5120 πατρῶν
1172 5049 1263 5102 ἐπὶ
1305 5049 1472 5102 τέκνα
1503 5049 1606 5112 ἕως
1637 5048 1826 5120 τρίτης

246 5143 342 5195 καὶ
365 5143 629 5214 τετάρτης
654 5145 867 5211 γενεᾶς.
901 5163 919 5193 ι
941 5143 1344 5214 Ἐναργέστατα
1374 5143 1437 5212 δὴ
1470 5138 1562 5195 οὖν
1596 5143 1688 5194 καὶ
1724 5157 1823 5194 σας

244 5233 489 5302 φέστατα
525 5233 612 5285 διὰ
638 5233 839 5287 τούτων
869 5235 1029 5297 αὐτὸς
1055 5236 1083 5286 6
1125 5233 1327 5304 Κύριος
1353 5231 1453 5295 τὰς
1484 5231 1827 5303 προεκτεθεί-

247 5339 348 5386 σας
394 5323 633 5395 εἰρηκὼς
669 5328 911 5396 παριστᾷ
941 5341 1000 5376 τε
1029 5324 1429 5396 (παρίσταται)
1467 5325 1669 5392 φωνὰς,
1706 5323 1824 5395 μείο

248 5415 377 5478 Cava
389 5416 594 5488 Κύριον
622 5418 710 5470 τὸν
740 5417 954 5488 ἀληθῶς
983 5417 1204 5489 Κύριον,
1225 5417 1384 5487 δῆλον
1412 5416 1456 5468 δ’
1484 5418 1564 5469 ὅτι
1596 5417 1687 5469 τὸν
1714 5415 1825 5468 Ila-

243 5508 380 5579 τέρα
429 5508 643 5572 ἑαυτοῦ,
686 5509 1158 5580 ἀνακαλούμενος’
1204 5509 1236 5580 ἢ
1282 5511 1327 5562 εἰ
1368 5509 1670 5573 δυσπειθῶς
1716 5508 1827 5578 ἔχοι

247 5599 384 5670 πρὸς
404 5599 597 5663 ταῦτα,
633 5599 834 5669 λεγέτω
861 5601 916 5653 εἴ
940 5618 1060 5654 τινα
1087 5601 1252 5670 ἄλλην
1288 5595 1397 5664 οἷός
1425 5600 1484 5654 τέ
1514 5603 1660 5654 ἐστιν
1685 5599 1827 5654 κατά

326 5756 366 5788 ³⁸
410 5757 600 5812 Matth.
641 5774 724 5819 τι,
757 5758 844 5812 27.
923 5757 991 5789 ³⁸·
1032 5756 1202 5810 Exod.
1237 5773 1417 5824 xxxiv,
1454 5755 1574 5810 5—7.
1650 5752 1692 5788 ⁸⁷
1733 5753 1894 5808 Num.

495 5857 766 5914 Par-non.
817 5854 935 5914 Gn.
984 5854 1194 5915 XXII.

1929 4590 1984 4643 in
2030 4590 2168 4645 filios
2204 4590 2258 4643 in
2291 4592 2509 4644 tertiam
2544 4597 2598 4644 et
2639 4600 2890 4659 quartam
2942 4588 3352 4658 generationem
3381 4586 3447 4640 ³⁷.
3479 4604 3500 4639 ι

1929 4681 2250 4736 Clarissime
2275 4681 2442 4751 igitur
2459 4690 2512 4735 et
2534 4679 2986 4736 manifestissime
3016 4686 3163 4748 patet
3183 4694 3246 4733 ex
3295 4678 3362 4732 iis
3389 4676 3506 4731 haec

1929 4789 2052 4845 quae
2082 4775 2369 4829 retulimus
2411 4771 2699 4828 Dominum
2732 4772 2959 4834 dixisse,
3003 4771 3266 4840 majorem
3321 4768 3508 4835 Domi-

1930 4883 2062 4921 num
2095 4874 2150 4922 et
2183 4882 2308 4920 vere
2331 4865 2641 4929 Dominum,
2680 4865 2889 4920 scilicet
2918 4861 3136 4917 Patrem
3171 4862 3314 4933 ejus,
3348 4865 3506 4916 iuro-

1930 4966 2168 5013 cantem.
2204 4957 2305 5012 Cui
2342 4958 2388 5013 si
2420 4956 2552 5012 fides
2586 4955 2804 5011 difficile
2835 4955 3182 5017 adhibeatur,
3214 4955 3398 5008 videre
3421 4961 3508 5011 est

1928 5067 1997 5106 an
2019 5051 2125 5104 alia
2156 5065 2278 5105 esse
2307 5051 2483 5120 possit
2513 5044 3370 5117 hujuslociexplanatio.Quippe
3385 5045 3511 5098 ani.-

1928 5140 2374 5196 madvertendum
2391 5150 2474 5194 est
2488 5155 2595 5193 non
2615 5139 2866 5210 angelum
2883 5135 3291 5191 manifestatum
3311 5135 3504 5197 fuisse.

1929 5235 2022 5291 sed
2040 5236 2216 5304 ipsum
2242 5239 2688 5302 tetragrammato
2709 5231 3053 5300 designatum
3077 5227 3389 5293 Dominum,
3409 5227 3504 5296 qui

1928 5337 1983 5381 et
2017 5325 2154 5380 facie
2186 5324 2250 5378 ad
2290 5324 2482 5378 faciem
2511 5339 2633 5378 cum
2652 5321 2835 5393 Moyse
2858 5321 3174 5392 perhibetur
3205 5317 3506 5372 fuissecol-

1928 5419 2169 5482 locutus,
2204 5432 2366 5487 quem
2396 5427 2450 5472 et
2479 5415 2690 5488 Moyses
2725 5417 2964 5481 invocat,
3005 5411 3504 5468 manifestationem

1929 5525 2026 5579 per
2052 5509 2274 5578 angelos
2303 5508 2630 5578 deprecatus
2655 5506 2739 5560 his
2767 5505 2948 5560 verbis
2972 5523 2984 5559 :
3017 5523 3035 5555 ι
3077 5501 3132 5558 Si
3163 5518 3273 5558 non
3300 5512 3358 5556 tu
3376 5497 3506 5571 ipse

1932 5597 2304 5669 prtecedasme
2320 5597 2522 5651 educas
2535 5610 2636 5649 nos
2649 5595 2716 5650 de
2731 5596 2852 5649 loco
2865 5592 3021 5648 isto"
3034 5597 3071 5650 ⁸.
3088 5614 3104 5646 ι
3129 5591 3489 5650 Verumenim-

1930 5769 2042 5820 xiv,
2083 5753 2180 5818 t7,
2220 5752 2308 5808 18.
2387 5750 2454 5782 ⁸⁷·
2495 5748 2667 5804 Exod.
2704 5763 2914 5816 xum,
2953 5749 3040 5804 i5.

3071 5844 3147 5904 33s
