3826 6216
401 283 537 337 1067

1111 277 1381 335 EUSEBII
1410 275 1893 335 CAESARIENSIS
1929 273 2080 332 OPP.
2116 273 2296 330 PARS
2335 273 2939 333 lll.—EXEGETICA.

3534 276 3668 333 i063

399 410 530 451 vero
551 408 659 449 non
679 400 910 463 possunt
927 393 1043 448 haec
1055 392 1121 449 de
1134 394 1242 449 alio
1262 392 1367 449 nisi
1382 393 1559 449 solum
1574 393 1641 449 de
1656 392 1766 448 Deo
1786 392 1981 460 Verbo,

2089 396 2214 458 τοὺς
2247 394 2442 457 τόπους
2470 393 2747 448 ἐπιϐαλεῖν
2769 394 3021 464 διήγησιν
3043 409 3055 421 ·
3088 391 3368 460 φυλάττων
3390 395 3450 447 τὸ
3475 393 3551 465 μὴ
3572 396 3669 464 ἀγ-

401 488 456 543 ἰιι
488 487 758 559 principio
785 485 928 558 apud
962 485 1153 551 Deum,
1191 485 1384 542 referri
1411 504 1426 553 ;
1457 488 1552 556 qui
1604 502 1802 557 magna
1840 502 1976 543 con-

400 587 592 636 secuto
621 577 792 651 Moysi
826 578 1095 648 majorum
1127 577 1370 633 ostendit
1409 578 1723 643 scientiam,
1773 578 1980 635 docens

400 685 526 724 eum
579 678 639 723 ut
690 669 867 726 solum
919 683 1111 724 verum
1160 675 1456 739 cognoscat
1489 668 1680 730 Deum,
1728 676 1782 723 et
1814 683 1978 738 quem

402 762 553 817 misit
576 760 743 816 Deum
775 759 1039 823 Verbum,
1069 766 1124 815 et
1150 760 1330 830 ipsum
1363 768 1488 830 post
1520 757 1740 815 Patrem
1792 758 1982 814 Domi-

402 869 647 924 numque
701 852 1002 924 Deumque.
1035 851 1100 906 Et
1129 852 1363 923 primam
1398 852 1619 922 quidem
1669 851 1721 907 ei
1755 852 1898 907 hanc
1927 860 1982 907 et

401 948 639 1004 maxime
673 948 1041 1004 necessariam
1066 947 1273 1016 praebet
1297 946 1612 1009 utilitatem,
1645 961 1714 1001 ne
1735 961 1981 1016 unquam

401 1041 471 1097 de
504 1040 748 1096 omnium
781 1037 890 1094 Deo
916 1039 1206 1109 Opiniones
1235 1038 1302 1093 ad
1329 1037 1742 1095 manifestatum
1764 1039 1815 1093 ei
1847 1036 1982 1094 Ver-

404 1135 531 1188 bum
566 1148 659 1204 per
688 1133 1011 1187 immensam
1039 1146 1225 1186 rerum
1272 1130 1515 1186 visarum
1551 1131 1779 1202 gloriam
1830 1131 1982 1185 acci-

406 1226 540 1298 piat.
569 1224 732 1280 Docet
755 1225 920 1296 igitur
960 1224 1197 1293 seipsum
1260 1224 1497 1293 primum
1545 1224 1840 1294 solumque
1886 1238 1981 1279 ve-

402 1334 524 1373 rum
560 1316 728 1373 Deum
755 1315 1084 1389 praecedere,
1116 1330 1279 1386 quem
1306 1316 1425 1386 ipse
1447 1314 1731 1371 invocabat
1755 1315 1977 1370 dicens:

406 1427 425 1459 σ
460 1407 780 1463 Dominator
814 1405 1040 1462 Domine
1072 1405 1239 1470 Deus,
1276 1407 1594 1464 misericors
1627 1416 1683 1463 et
1711 1408 1977 1474 clemens,

401 1501 637 1570 patiens,
660 1508 716 1555 et
736 1500 918 1554 multa:
939 1499 1350 1565 misericordiae,
1369 1507 1424 1554 et
1450 1516 1633 1556 verus.
1672 1520 1691 1554 ι
1719 1499 1980 1558 Eamdem

400 1592 648 1664 profecto
672 1594 781 1648 vim
803 1593 968 1648 habet
995 1612 1015 1644 ι
1038 1608 1225 1659 verus,
1247 1612 1265 1644 ι
1290 1593 1458 1647 acilla
1480 1610 1494 1647 :
1516 1612 1533 1644 ι
1560 1591 1984 1665 Utcognoscant

399 1691 454 1739 te
471 1683 647 1738 solum
672 1682 840 1739 Deum
862 1683 1130 1747 verum",
1158 1702 1177 1735 ι
1196 1682 1263 1737 ab
1285 1682 1404 1753 ipso
1419 1681 1701 1738 Salvatore
1737 1683 1789 1738 in
1814 1682 1984 1738 Evan-

2086 488 2243 558 γελον
2278 483 2417 540 εἶναι
2444 486 2537 539 τὸν
2565 485 2992 557 χρηματίζοντα,
3028 484 3144 537 ἀλλ’
3165 485 3327 538 αὑτὸν
3351 484 3445 538 τὸν
3470 486 3563 539 διὰ
3577 486 3670 540 τοῦ

2087 579 2514 652 τετραγράμμου
2559 577 2889 649 δηλούμενον
2938 577 3162 648 Κύριον,
3191 576 3251 640 ὃς
3298 577 3394 631 καὶ
3444 576 3676 643 ἐνώπιος

2087 668 2303 744 ἐνωπίῳ
2323 671 2402 742 τῷ
2416 673 2641 725 Μωῦσεῖ
2662 670 3076 743 ἀναγέγραπται
3100 669 3480 740 λελαληκέναι,
3502 668 3563 722 ὃν
3582 671 3676 724 καὶ

2087 763 2229 828 άξιοί
2274 763 2374 835 τὴν
2419 763 2488 816 δι’
2512 760 2760 831 ἀγγέλων
2819 760 3152 833 προστασίαν
3182 759 3616 831 παραιτούμενος
3648 762 3676 812 6

2087 855 2330 924 Μωῦσῆς
2353 853 2551 922 λέγων,
2584 871 2602 903 ι
2632 852 2695 906 Εἰ
2731 850 2805 923 μὴ
2837 850 2998 914 αὐτὸς
3025 852 3088 904 σὺ
3125 848 3467 922 συμπορεύῃ,
3498 851 3573 919 μή
3612 866 3674 919 με

2089 948 2371 1018 ἀναγάγῃς
2401 945 2671 1002 ἐντεῦθεν.
2702 965 2721 997 ι
2742 943 2902 997 Ἀλλά
2924 943 3033 1015 γὰρ
3055 944 3153 1013 οὐχ
3177 936 3288 995 οἷόν
3311 959 3371 994 τε
3396 940 3577 995 ταῦτα
3595 943 3675 1009 ἐφ’

2087 1042 2274 1115 ἕτερον
2312 1041 2344 1113 ἢ
2377 1041 2469 1094 ἐπὶ
2510 1040 2669 1110 μόνον
2702 1039 2792 1093 τὸν
2820 1040 2879 1091 ἐν
2908 1039 3048 1109 ἀρχῇ
3082 1038 3218 1107 πρὸς
3248 1036 3338 1089 τὸν
3378 1034 3515 1087 Θεὸν
3546 1033 3677 1086 Θεὸν

2088 1134 2261 1204 Λόγον
2312 1132 2607 1203 ἀναφέρειν
2627 1147 2639 1159 ·
2667 1130 2726 1195 ὃς
2758 1129 3006 1201 μεγάλων
3047 1128 3317 1199 ἐφιεμένῳ
3340 1125 3420 1197 τῷ
3450 1127 3680 1180 Μωῦσεῖ

2087 1225 2187 1295 τὴν
2232 1222 2327 1277 τοῦ
2360 1223 2605 1294 μείζονος
2643 1220 2900 1293 ἐμφαίνει
2932 1218 3153 1289 γνῶσιν,
3183 1217 3453 1271 παιδεύων
3487 1216 3675 1269 ἐαυτὸν

2088 1316 2237 1380 ὅπως
2277 1314 2346 1370 ἂν
2392 1311 2634 1385 γινώσκῃ
2684 1313 2775 1366 τὸν
2822 1312 2979 1383 μόνον
3026 1310 3274 1382 ἀληθινὸν
3315 1309 3470 1385 Θεὸν,
3498 1308 3593 1362 καὶ
3620 1308 3677 1361 ὃν

2090 1408 2377 1463 ἀπέστειλε
2405 1407 2537 1460 Θεὸν
2562 1406 2755 1475 Λόγον,
2813 1405 3081 1477 δευτέρως
3108 1404 3201 1456 καὶ
3226 1402 3389 1457 αὐτὸν
3425 1401 3559 1454 ὅντα
3585 1417 3677 1472 με-

2089 1500 2159 1553 τά
2186 1498 2279 1553 τὸν
2309 1498 2534 1570 Πατέρα
2561 1496 2656 1552 καί¹
2692 1497 2898 1569 Κύριον
2931 1497 3025 1550 καὶ
3050 1495 3181 1549 Θεόν
3200 1512 3215 1525 ο
3244 1496 3338 1549 καὶ
3360 1494 3589 1568 πρώτην
3614 1511 3674 1561 γε

2090 1589 2241 1662 αὐτῷ
2280 1590 2486 1661 ταύτην
2524 1589 2620 1644 καὶ
2665 1588 3104 1660 ἀναγκαιοτάτην
3148 1587 3378 1659 παρέχει
3410 1587 3513 1658 τὴν
3537 1586 3678 1656 ὠφέ-

2089 1683 2262 1747 λειαν,
2290 1682 2366 1747 ὡς
2392 1680 2459 1735 ἂν
2498 1682 2709 1753 μήποτε
2736 1680 2835 1745 τὰς
2873 1680 3002 1752 περὶ
3046 1679 3182 1732 Θεοῦ
3213 1678 3321 1733 τῶν
3364 1678 3506 1733 ὅλων
3545 1680 3675 1732 ὑπο-

400 1775 556 1845 geliis
578 1773 743 1829 dicta.
766 1772 891 1828 Haec
910 1788 1018 1828 non
1037 1774 1398 1829 intellexisset
1420 1775 1600 1829 omnis
1626 1775 1881 1844 populus,
1914 1774 1981 1830 ad

2089 1776 2234 1839 νοίας
2284 1774 2377 1827 ἐπὶ
2431 1772 2523 1827 τὸν
2567 1772 2975 1845 χρηματίζοντα
3018 1770 3170 1843 αὐτῷ
3216 1772 3389 1841 Λόγον
3441 1771 3533 1825 διὰ
3582 1772 3680 1842 τὴν

398 1881 585 1935 quem,
601 1866 791 1921 rudem
813 1865 1017 1929 adhuc,
1042 1880 1073 1919 a
1089 1864 1475 1920 manifestante
1499 1880 1558 1920 se
1576 1864 1809 1920 Domino
1832 1866 1984 1920 dice-

400 1959 562 2014 batur
586 1977 599 2013 :
628 1977 647 2009 ι
667 1957 779 2029 Ego
799 1974 944 2023 sum,
962 1964 1017 2013 et
1048 1972 1157 2012 non
1184 1965 1269 2014 est
1283 1957 1421 2013 alius
1443 1965 1640 2028 praeter
1656 1972 1740 2012 me
1755 1957 1843 2012 ”‘.
1873 1977 1891 2008 ι
1914 1954 1985 2011 lis

398 2051 545 2105 enim
573 2059 841 2120 opuserat
861 2050 1018 2121 quasi
1051 2050 1381 2105 rudimentis
1407 2049 1474 2104 ad
1501 2065 1727 2121 regnum
1748 2048 1867 2112 Dei,
1891 2049 1985 2120 qui

406 2142 653 2197 nondum
683 2140 863 2197 Patris
886 2151 940 2196 et
959 2141 1078 2196 Filii
1104 2142 1356 2213 dogmata
1375 2144 1668 2197 conciliare
1706 2149 1983 2213 poterant,

407 2234 792 2307 Egyptiorum
837 2236 1146 2292 idololatria
1194 2238 1509 2308 nuperrime
1555 2236 1788 2305 abjecta.
1822 2256 1840 2289 ι
1870 2236 1984 2307 Ego

400 2342 545 2391 sum,
565 2335 747 2383 etnon
772 2337 857 2383 est
878 2328 1019 2385 alius
1043 2336 1236 2400 praeter
1259 2344 1377 2393 me;
1405 2348 1424 2377 ›
1452 2343 1517 2383 ex
1542 2326 1634 2382 Dei
1666 2326 1830 2383 Verbi
1854 2343 1981 2399 per-

403 2434 541 2476 sona
565 2418 840 2475 diceretur
876 2419 1130 2475 similiter
1150 2434 1215 2474 ac
1258 2437 1273 2474 ε
1310 2438 1328 2470 ‹
1374 2417 1489 2488 Ego
1530 2428 1583 2474 et
1621 2418 1783 2474 Pater
1812 2434 1981 2473 unum

2092 1863 2397 1937 ὗπερόολὴν
2424 1864 2525 1934 τῆς
2549 1864 2709 1936 δόξης
2738 1864 2845 1939 τῷν
2880 1862 3270 1936 θεωρουμένων
3305 1862 3534 1917 ἐκλάϐοι
3554 1881 3567 1893 ·
3597 1863 3678 1915 δι-

2086 1957 2276 2011 δάσκει
2317 1956 2415 2030 [εἰ]
2454 1957 2500 2010 δ’
2524 1952 2619 2011 οῦν
2649 1956 2812 2012 αὑτὸν
2844 1957 3059 2028 πρῶτον
3091 1957 3186 2011 καὶ
3218 1955 3378 2027 μόνον
3423 1955 3682 2027 ἀληθινὸν

2086 2050 2220 2103 Θεὸν
2261 2049 2513 2123 ἡγεῖσθαι
2558 2049 2767 2114 τοῦτον,
2797 2049 2855 2103 ὃν
2907 2048 3069 2112 αὐτὸς
3114 2048 3430 2101 ἐπεκαλεῖτο
3480 2047 3681 2116 λέγων,

2092 2161 2111 2192 ι
2150 2141 2374 2214 Κύριος,
2393 2140 2600 2214 Κύριος
2618 2144 2646 2196 6
2661 2141 2792 2206 Θεὸς
2814 2140 3113 2212 οἰκτίρμων
3145 2141 3237 2194 καί
3256 2139 3528 2211 ἐλεήμων,
3577 2155 3682 2209 μα-

2086 2231 2381 2305 κρόθυμος,
2406 2234 2501 2288 καί
2519 2233 2821 2296 πολυέλεος,
2839 2233 2932 2286 καὶ
2954 2232 3224 2304 ἀληθινός.
3252 2252 3270 2284 ι
3299 2231 3551 2303 Πρόσχες
3573 2230 3683 2301 γὰρ

2078 2323 2363 2396 ἐπιμελῶς
2390 2323 2466 2396 τῷ
2501 2344 2520 2377 ι
2547 2325 2797 2398 ἀληθινὸς
2824 2345 2843 2376 ι
2869 2324 3267 2395 παραπλησίως
3294 2323 3578 2396 εἰρημένῳ
3604 2321 3682 2391 τῷ

2093 2416 2241 2468 «Ἵνα
2266 2414 2614 2484 γιγνώσκωσί
2650 2432 2710 2469 σε
2739 2416 2830 2469 τὸν
2863 2416 3024 2487 μόνον
3058 2413 3307 2486 ἀληθινὸν
3331 2414 3489 2479 Θεὸν,
3526 2434 3545 2466 ι
3575 2413 3680 2467 ὑπὸ

2086 2505 2182 2561 τοῦ
2228 2505 2391 2561 αὑτοῦ
2437 2507 2689 2581 Σωτῆρος
2735 2508 2792 2561 ἐν
2822 2509 2934 2569 τοῖς
2965 2506 3316 2577 Εὐαγγελίοις
3358 2506 3676 2578 εἰρημένῳ’

2088 2598 2263 2654 ταῦτα
2290 2599 2334 2653 δ’
2365 2600 2466 2653 οὐκ
2493 2600 2559 2654 ἂν
2586 2600 2863 2673 ἐχώρησεν
2893 2602 2921 2655 6
2955 2602 3062 2665 πᾶς
3089 2600 3215 2664 λαὸς
3238 2600 3373 2672 πρὸς
3396 2600 3477 2666 ἓν,
3507 2594 3598 2653 οἷα
3616 2599 3681 2669 δὴ

402 2696 613 2750 dictum
632 2702 749 2751 est:
782 2712 800 2746 ι
838 2694 944 2761 Qui
987 2693 1134 2750 videt
1174 2709 1285 2759 me,
1318 2693 1468 2748 videt
1515 2700 1570 2749 et
1601 2691 1818 2747 Patrem
1837 2693 1920 2759 “;
1961 2712 1981 2746 ι

2093 2690 2473 2761 εἰσαγόμενον,
2502 2690 2608 2744 ὑπὸ
2642 2690 2736 2744 τοῦ
2766 2691 3195 2764 χρηματίζοντος
3224 2691 3466 2761 ἐλέγετο,
3497 2710 3518 2742 ι
3542 2690 3681 2760 Ἐγώ

402 2785 478 2840 ita
499 2785 592 2857 qui
613 2801 740 2841 eum
784 2783 956 2851 audit,
990 2784 1145 2839 audit
1185 2794 1235 2840 et
1277 2783 1497 2839 Patrem
1548 2783 1642 2853 qui
1687 2792 1772 2837 est
1813 2783 1867 2837 in
1898 2797 1981 2847 eo,

2095 2780 2209 2851 εἰμι
2238 2781 2331 2834 καὶ
2359 2782 2459 2834 οὐκ
2483 2780 2629 2835 ἐστιν
2658 2780 2737 2835 ἐτι
2760 2781 2901 2853 πλὴν
2923 2781 3058 2854 ἐμοῦ
3075 2799 3088 2812 ·
3121 2802 3141 2835 ι
3171 2781 3380 2843 ἐδέοντο
3402 2782 3515 2855 γὰρ
3535 2777 3677 2836 οὗτοι

402 2892 530 2932 cum
554 2878 689 2932 dicit
714 2897 727 2932 :
760 2894 780 2927 ι
814 2875 926 2946 Ego
956 2891 1101 2940 sum,
1130 2884 1184 2931 et
1213 2891 1321 2931 non
1343 2884 1427 2932 est
1454 2876 1595 2930 alius
1614 2881 1808 2945 praeter
1829 2889 1934 2929 me.
1968 2892 1981 2925 ι

2100 2871 2471 2943 στοιχειώδους
2496 2872 2806 2945 εἰσαγωγῆς
2831 2872 2912 2927 ἔτι
2934 2874 3033 2942 τῆς
3063 2875 3192 2945 περ)⁸
3214 2872 3349 2927 Θεοῦ
3378 2874 3679 2945 μοναρχίας

399 2971 500 3043 οὐχ
518 2964 620 3024 οἷοί
649 2970 708 3024 τέ
730 2986 846 3033 πως
865 2969 1015 3033 ὄντες
1047 2969 1115 3024 τὰ
1146 2969 1275 3042 περὶ
1293 2969 1506 3042 Πατρὸς
1528 2971 1622 3023 καὶ
1636 2968 1766 3022 Υἰοῦ
1786 2967 2033 3039 δόγματα
2068 2964 2378 3038 διαρθροῦν,
2398 2966 2492 3020 ἆτε
2517 2965 2743 3036 ἔναγχος
2780 2966 2878 3037 τῆς
2916 2965 3228 3035 Αἰγυπτίων
3254 2966 3519 3021 πολυθέου
3545 2966 3674 3020 πλά-

400 3083 500 3137 νης
530 3067 918 3138 ἀφεστηκότες.
952 3065 1027 3118 Τὸ
1049 3064 1106 3118 δὲ
1137 3084 1156 3118 ι
1180 3065 1321 3135 Ἐγώ
1343 3066 1457 3137 εἰμι
1491 3065 1586 3119 καὶ
1622 3066 1723 3118 οὐκ
1784 3064 1930 3118 ἐστιν
1975 3062 2057 3117 ἐτι
2097 3061 2235 3135 πλὴν
2257 3060 2392 3132 ἐμοῦ
2422 3082 2441 3113 ι
2473 3061 2668 3132 λέγοιτ’
2696 3062 2761 3117 ἂν
2792 3064 2855 3116 ἐκ
2888 3062 3183 3136 προσώπου
3214 3062 3307 3117 τοῦ
3338 3063 3477 3116 Θεοῦ
3505 3064 3672 3133 Λόγου

398 3162 603 3234 ὁμοίως
631 3145 729 3233 τῷ,
768 3180 788 3214 ι
812 3160 953 3230 Ἐγὼ
982 3162 1077 3216 καὶ
1104 3165 1133 3216 6
1166 3161 1227 3233 (ί.
1263 3163 1330 3216 12
1359 3162 1446 3233 v°)
1482 3162 1672 3235 Πατὴρ
1699 3162 1757 3215 ἐν
1790 3162 1956 3233 ἐσμεν
1975 3178 1989 3191 ο
2032 3160 2127 3215 καὶ
2147 3158 2257 3229 ἐγὼ
2277 3161 2336 3214 ἐν
2354 3159 2432 3231 τῷ
2458 3161 2635 3232 Πατρὶ
2660 3161 2753 3215 καὶ
2773 3162 2801 3213 6
2822 3161 3014 3233 Πατὴρ
3037 3162 3095 3215 ἐν
3118 3162 3258 3234 ἐμοί.
3291 3181 3310 3213 ι
3349 3162 3434 3224 Ὠς
3461 3158 3623 3231 γὀὗν
3644 3165 3671 3216 6

403 3258 665 3331 ἑωρακὼς
685 3258 847 3312 αὑτὸν
869 3257 1081 3327 ἑώρακε
1117 3258 1210 3313 τὸν
1248 3258 1491 3330 Πατέρα,
1527 3259 1669 3313 κατά
1690 3259 1801 3323 τὸ,‹
1822 3257 1880 3311 '0
1898 3255 2161 3328 ἐωρακὼς
2185 3256 2287 3327 ἐμὲ
2313 3254 2527 3327 ἐώρακε
2563 3256 2655 3308 τὸν
2696 3256 2919 3330 Πατέρα
2949 3257 3043 3310 τὸν
3068 3256 3360 3327 πέμψαντά
3399 3275 3467 3329 με
3485 3275 3501 3290 ·
3528 3279 3547 3310 ι
3587 3259 3672 3312 τὸν

401 3355 565 3411 αὑτὸν
578 3354 780 3425 τρόπον
798 3355 827 3408 6
845 3353 1011 3408 αὐτοῦ
1029 3354 1241 3408 ἀκούων
1258 3353 1353 3408 τοῦ
1393 3355 1450 3409 ἐν
1480 3353 1630 3424 αὐτῷ
1650 3354 1862 3426 Πατρὸς
1899 3353 2065 3424 ἤκουε
2102 3352 2349 3422 λέγοντος
2367 3351 2447 3415 τὸ,
2471 3371 2489 3403 ι
2514 3350 2654 3420 Ἐγώ
2681 3355 2798 3424 εἰμι
2826 3353 2919 3407 καί
2939 3354 3041 3407 οὐκ
3069 3354 3215 3408 ἐστιν
3230 3353 3308 3407 ἐτι
3325 3355 3466 3426 πλὴν
3486 3353 3667 3425 ἐμοῦ.ι

401 2526 595 2566 sumus
615 2510 695 2574 ³’ς
728 2528 747 2563 ι
768 2517 855 2566 et:
881 2528 899 2562 ι
920 2509 1082 2566 Pater
1099 2509 1155 2565 in
1173 2525 1258 2565 me
1274 2517 1380 2574 est,
1401 2516 1455 2563 et
1474 2525 1574 2581 ego
1594 2510 1646 2564 in
1667 2508 1829 2566 Patre
1841 2510 1930 2561 ’9'.
1959 2527 1977 2561 ι

402 2601 873 2669 Quemadmodum
907 2602 1001 2672 qui
1024 2602 1157 2658 vidit
1189 2617 1348 2667 eum,
1382 2601 1517 2656 vidit
1546 2600 1783 2665 Patrem,
1843 2601 1985 2656 sicut

477 3449 605 3505 Haec
664 3449 894 3507 ell‘usius
938 3450 1201 3519 diximus,
1248 3451 1629 3508 demonstrare
1678 3459 1981 3523 quaerentes

2161 3447 2348 3503 Ταῦτα
2391 3448 2436 3502 δ’
2467 3450 2601 3519 ἡμῖν
2648 3448 2724 3513 ὡς
2757 3451 2815 3504 ἐν
2855 3448 3198 3522 τηλικούτοις
3239 3451 3454 3522 εἴρηται
3497 3468 3671 3523 παραυ

400 3542 549 3614 quod
575 3544 767 3615 procul
805 3542 973 3599 dubio
1003 3558 1181 3615 neque
1205 3545 1453 3600 omnium
1482 3545 1651 3611 Deus,
1682 3561 1860 3617 neque
1883 3560 1983 3599 an-

397 3636 577 3707 gelica
634 3635 841 3707 quaevis
898 3644 1170 3705 potestas,
1223 3635 1319 3691 sed
1371 3637 1550 3707 ipsum
1600 3637 1694 3693 Dei
1742 3637 1982 3693 Verbum

404 3727 581 3800 lioysi
633 3729 911 3798 apparuit,
945 3728 1094 3800 quod
1156 3727 1390 3785 ﬁrmiter
1436 3731 1798 3799 credidimus,
1858 3740 1985 3803 post

394 3822 648 3877 omnium
676 3820 895 3877 Patrem
927 3828 982 3877 et
1014 3821 1327 3886 Dominum,
1352 3824 1655 3880 secundum
1685 3840 1811 3882 esse
1862 3841 1982 3879 om-

402 3917 555 3973 nium
612 3915 899 3971 Dominum
928 3923 985 3969 et
1026 3915 1239 3983 Deum;
1272 3917 1416 3973 sicut
1467 3915 1711 3973 Joannes
1747 3933 1985 3989 evange—

399 4009 528 4065 lista
559 4008 721 4065 nobis
750 4008 1098 4079 apertissime
1122 4008 1385 4075 ostendit,
1418 4009 1612 4066 dicens
1639 4029 1652 4064 :
1688 4028 1707 4061 ι
1745 4009 1803 4064 In
1827 4011 1981 4080 prin-

401 4100 549 4172 cipio
580 4109 699 4158 erat
718 4099 981 4163 Verbum.
1018 4111 1072 4157 et
1098 4100 1341 4156 Verbum
1377 4108 1498 4157 erat
1527 4101 1672 4173 apud
1707 4102 1896 4163 Deum,
1926 4108 1980 4156 et

408 4191 555 4248 Deus
582 4202 701 4249 erat
724 4193 963 4249 Verbum
989 4194 1084 4248 δ”.
1123 4211 1142 4245 ι
1179 4192 1371 4247 Nimiae
1399 4201 1583 4249 autem
1609 4208 1788 4264 opera:
1808 4208 1986 4263 neque

402 4284 671 4356 propositi
730 4285 905 4341 nostri
958 4291 1106 4339 esset
1158 4285 1451 4355 exquirere
1494 4285 1619 4356 quis
1648 4286 1823 4349 locus,
1858 4301 1982 4355 quae

402 4387 556 4447 petra
585 4375 784 4444 forent,
815 4376 884 4432 de
921 4377 1124 4447 quibus
1157 4377 1292 4432 dicit
1326 4377 1594 4434 Dominus
1623 4397 1639 4435 :
1680 4397 1700 4430 ι
1734 4377 1875 4432 Ecce
1898 4386 1984 4433 est

402 4466 556 4521 locus
609 4466 750 4537 apud
799 4481 887 4520 me
933 4472 988 4521 et
1044 4467 1217 4522 stabis
1255 4482 1423 4538 super
1470 4477 1680 4537 petram
1709 4469 1777 4523 δι.
1817 4487 1837 4520 ι
1875 4466 1983 4527 Sed

398 4558 542 4612 hanc
576 4566 784 4628 petram
838 4559 1134 4628 Apostolus
1171 4559 1433 4613 indicavit
1471 4559 1661 4615 dicens
1700 4577 1713 4614 :
1755 4576 1774 4611 ι
1811 4556 1974 4613 Petra

401 4657 582 4705 autem
612 4658 731 4706 erat
756 4647 1012 4706 Christus
1033 4649 1126 4704 ⁸¹·.
1163 4670 1181 4702 ι
1209 4648 1371 4706 Petra
1408 4651 1674 4720 locusque
1703 4658 1862 4705 erant
1889 4666 1985 4705 ea-

399 4740 547 4806 dem,
577 4741 850 4810 suspicor,
880 4755 1001 4810 quae
1024 4740 1185 4795 obvia
1222 4739 1444 4795 fuerunt
1463 4738 1671 4794 Jacolio
1691 4779 1706 4803 ,
1738 4755 1862 4794 cum
1898 4739 1983 4793 di-

2089 3541 2283 3612 στῆσαι
2314 3539 2677 3612 βουλομένοις,
2701 3542 2784 3594 ὃτι
2811 3541 2877 3614 δὴ
2912 3542 3329 3614 ἀναμφιλέκτως
3358 3543 3485 3596 οὔτε
3515 3546 3545 3598 6
3571 3544 3673 3597 τῶν

2085 3634 2221 3688 ὅλων
2252 3634 2405 3699 Θεὸς,
2435 3632 2560 3686 οὗτε
2597 3634 2861 3705 ἀγγελική
2906 3652 2989 3698 τις
3021 3634 3251 3706 δύναμις
3296 3631 3365 3707 ἦν
3396 3639 3429 3707 ή
3464 3654 3675 3709 χρημα-

2085 3725 2309 3790 τίζουσα
2339 3725 2418 3796 τῷ
2440 3727 2687 3791 Μωῦσεῖ,
2726 3727 2887 3790 αὐτὸς
2908 3726 2964 3780 δὲ
2996 3729 3025 3781 6
3053 3726 3198 3792 θεῖος
3228 3728 3421 3797 Λόγος,
3444 3729 3505 3782 ὃν
3520 3731 3672 3801 ἀκρι-

2086 3818 2197 3883 ϐῶς
2227 3817 2675 3890 πεπιστεύκαμεν
2714 3820 2853 3890 μετά
2896 3818 2989 3873 τὸν
3017 3819 3125 3873 τῶν
3158 3820 3293 3874 ὅλων
3327 3820 3556 3891 Πατέρα
3587 3822 3675 3876 καὶ

2086 3914 2292 3985 Κύριον
2321 3914 2574 3985 δεύτερον
2610 3908 2751 3966 εἶναι
2782 3910 2892 3966 τῶν
2918 3912 3179 3968 ἀπάντων
3203 3912 3337 3967 Θεόν
3365 3931 3423 3966 τε
3459 3914 3558 3967 καὶ
3574 3914 3675 3966 Κύ-

2088 4023 2238 4078 ριονο
2264 4006 2455 4077 ὥσπερ
2507 4004 2572 4076 δὴ
2604 4004 2699 4058 καί
2730 4006 2760 4057 6
2789 4003 3183 4075 εὐαγγελιστὴς
3225 4004 3485 4075 Ἰωάννης
3520 4006 3677 4074 σαφέ-

2088 4115 2277 4170 στερον
2306 4099 2457 4169 ἡμᾶς
2478 4095 2728 4150 παιδεύει
2748 4095 2942 4164 λέγων’
2976 4115 2995 4146 ι
3041 4096 3128 4148 Ἐν
3150 4096 3293 4168 ἀρχῇ
3321 4091 3393 4167 ἦν
3417 4098 3449 4149 6
3487 4097 3675 4167 Λόγος·

2086 4192 2181 4245 καὶ
2205 4192 2234 4244 6
2261 4189 2432 4258 Λόγος
2452 4184 2518 4260 ἦν
2542 4187 2678 4259 πρὸς
2701 4185 2793 4241 τὸν
2814 4186 2945 4239 Θεόν
2968 4203 2982 4216 ·
3010 4186 3106 4240 καὶ
3135 4187 3270 4250 Θεὸς
3289 4183 3362 4258 ἦν
3382 4190 3412 4240 6
3441 4190 3616 4259 Λόγος
3630 4208 3641 4218 ·
3657 4208 3672 4239 ι

2086 4280 2290 4351 πολλῆς
2321 4280 2364 4334 δ’
2398 4280 2463 4335 ἂν
2491 4280 2699 4349 γένοιτο
2732 4279 2827 4332 καὶ
2863 4277 2987 4348 οὐχὶ
3022 4278 3125 4349 τῆς
3148 4279 3438 4351 παρούσης
3486 4281 3676 4352 σχολῆς

2087 4372 2405 4446 σαφηνίζειν
2454 4374 2539 4437 τίς
2575 4372 2661 4444 ἀρ’
2684 4374 2771 4445 εἴη
2806 4375 2835 4426 6
2870 4372 3034 4437 τόπος
3067 4373 3162 4426 καί
3186 4374 3220 4443 ἡ
3251 4372 3428 4444 πέτρα
3450 4375 3584 4446 περὶ
3610 4368 3678 4428 ὧν

2084 4459 2239 4517 εἶπεν
2270 4467 2298 4517 6
2329 4462 2554 4536 Κύριος,
2595 4481 2615 4517 ι
2657 4463 2789 4518 Ἰδοὺ
2820 4464 2984 4529 τόπος
3039 4466 3172 4535 παρ’
3201 4466 3326 4536 ἐμοὶ
3365 4467 3465 4520 καὶ
3515 4470 3679 4539 στήσῃ

2085 4553 2177 4606 ἐπί⁵
2207 4554 2305 4625 τῆς
2336 4553 2541 4625 πέτρας
2560 4571 2574 4585 ο
2604 4572 2624 4607 ι
2661 4554 2777 4609 ἀλλ’
2810 4557 2839 4609 6
2860 4555 2961 4626 μὲν
3005 4554 3330 4619 ’Λπόστολος
3349 4556 3452 4627 τὴν
3481 4557 3679 4628 πέτραν

2087 4645 2354 4717 ἐδήλωσεν
2382 4646 2572 4710 εἰπὼν,
2614 4664 2634 4698 ι
2679 4647 2744 4700 Ἦ
2773 4647 2949 4719 πέτρα
2975 4647 3034 4701 δέ
3072 4643 3142 4719 ἦν
3163 4651 3192 4701 6
3228 4646 3490 4720 Χριστός.
3518 4672 3538 4705 ι
3573 4654 3678 4707 Οὐκ

2087 4738 2244 4793 ἄλλον
2272 4738 2329 4792 δέ
2356 4739 2455 4809 τῆς
2480 4739 2689 4810 πέτρας
2719 4740 2851 4795 ὄντα
2879 4741 2974 4795 καὶ
3007 4741 3100 4795 τὸν
3114 4741 3280 4795 τόπον
3306 4743 3676 4815 ὑπολαμϐάνω

401 4804 593 4886 citur:
631 4804 957 4900 «Egressus
1018 4829 1187 4900 igitur
1230 4827 1402 4888 Jacob
1464 4829 1534 4885 de
1597 4837 1764 4900 puteo
1822 4829 1978 4900 iura-

2090 4831 2181 4885 τὸν
2212 4832 2373 4886 αὑτὸν
2411 4804 2770 4902 *τυγχάνοντα
2823 4832 2901 4904 τῷ
2950 4833 3326 4905 ἀπαντήσαντι
3362 4833 3443 4905 τῷ
3491 4804 3674 4891 ξΙακὼσ

400 4922 616 4988 menti,
678 4922 936 4993 pergebat
990 4920 1233 4989 Harrah;
1270 4930 1325 4977 et
1368 4922 1589 4977 obvium
1642 4922 1837 4978 habuit
1896 4923 1985 4977 lo-

401 5028 529 5068 cum
547 5014 618 5079 ",
658 5033 678 5065 ι
718 5028 805 5077 ac,
841 5014 935 5068 ubi
972 5013 1028 5068 in
1059 5014 1270 5069 somnis
1296 5013 1489 5070 videns
1520 5014 1724 5070 scalam
1745 5054 1760 5079 ,
1794 5014 1983 5084 illique

402 5105 655 5160 innixum
728 5104 1059 5167 Dominum,
1150 5119 1277 5159 cum
1352 5105 1670 5173 evigilasset
1703 5145 1718 5169 ,
1780 5104 1979 5160 dixit:

408 5214 429 5248 ι
467 5195 602 5253 Vere
625 5194 889 5251 Dominus
914 5203 999 5250 est
1049 5195 1104 5249 in
1134 5196 1256 5251 loco
1296 5195 1404 5251 isto
1425 5196 1519 5259 ιν,
1558 5215 1579 5247 ι
1615 5210 1681 5250 ac
1733 5211 1928 5252 rursus
1966 5216 1979 5251 :

407 5305 428 5341 ι
459 5286 635 5354 Quam
664 5288 930 5344 terribilis
957 5297 1041 5344 est
1079 5288 1234 5344 locus
1264 5287 1369 5343 iste
1391 5272 1410 5341 ι’
1441 5285 1562 5343 Non
1591 5295 1674 5343 est
1700 5288 1789 5344 hic
1827 5288 1977 5343 aliud

404 5381 512 5436 nisi
541 5381 740 5437 domus
773 5379 867 5435 Dei
918 5388 972 5436 et
1018 5390 1173 5451 porta
1228 5381 1353 5436 cceli
1378 5380 1451 5434 ”.
1488 5400 1507 5432 ι
1542 5380 1803 5446 Quasnam
1850 5397 1982 5436 vero

390 5472 663 5528 sitfacies
691 5471 786 5528 Dei
813 5471 995 5536 Verbi,
1028 5488 1193 5544 quam
1210 5474 1398 5545 nequit
1426 5472 1661 5545 Moyses,
1683 5474 1739 5530 id
1762 5481 1847 5531 est
1873 5474 1983 5539 lex,

2093 4924 2222 4979 ἔνθα
2270 4924 2602 4996 γέγραπται,
2642 4943 2662 4977 ι
2726 4924 2981 4996 Ἐξῆλθεν
3024 4926 3085 4979 δέ
3130 4927 3161 4980 6
3206 4925 3404 4980 Ἰακὼδ
3436 4930 3550 4984 ἀπὸ
3588 4928 3672 4983 τοῦ

2093 5016 2328 5088 φρέατος
2376 5015 2470 5069 τοῦ
2498 5016 2684 5087 ὅρκου,
2735 5018 2829 5070 καὶ
2861 5016 3135 5089 ἐπορεύθη
3169 5021 3251 5084 εἰς
3279 5020 3534 5092 Χαρράν.
3578 5022 3674 5073 Καὶ

2090 5109 2373 5180 ἀπήντησε
2401 5107 2553 5179 τόπῳ
2587 5126 2607 5160 ι
2644 5107 2775 5161 ἔνθα
2800 5108 2899 5162 καὶ
2928 5108 3053 5164 ἰδὼν
3082 5112 3141 5163 ἐν
3160 5110 3405 5182 ὁράματι
3428 5112 3532 5182 τὴν
3562 5112 3670 5166 κλίο

2095 5217 2245 5271 μακα
2274 5202 2368 5255 καί⁹
2383 5199 2474 5256 τὸν
2493 5200 2580 5254 ἐπ’
2610 5201 2781 5272 αὐτῆς
2809 5202 3205 5273 ἐστηριγμένον
3234 5203 3467 5275 Κύριον,
3484 5204 3670 5258 διυπνι-

2091 5291 2238 5356 σθείς
2267 5310 2453 5365 φησιν,
2488 5311 2507 5344 ι
2540 5293 2663 5346 Ὀτι
2689 5292 2804 5346 ἐστι
2835 5292 3042 5365 Κύριος
3072 5296 3131 5349 ἐν
3156 5294 3235 5366 τῷ
3260 5297 3415 5368 τόπῳ
3444 5296 3664 5365 τούτῳ-ι

2090 5385 2185 5438 καί⁵
2242 5385 2406 5438 πάλιν
2449 5381 2620 5439 εἶπεν·
2654 5404 2674 5437 ‹
2726 5386 2813 5449 Ὠς
2858 5385 3088 5458 φοϐερὸς
3129 5388 3158 5440 ὀ
3196 5386 3364 5451 τόπος
3385 5381 3667 5452 οὗτος,οὐκ

2094 5476 2208 5531 ἐστι
2244 5476 2405 5532 τοῦτο
2453 5476 2566 5531 ἀλλ’
2597 5477 2631 5550 ἢ
2667 5473 2814 5540 οἶκος
2844 5476 2941 5530 τοῦ
2975 5476 3142 5531 Θεοῦ·
3174 5481 3271 5533 καὶ
3309 5480 3508 5552 αὑτὴή
3536 5479 3660 5550 πύλη

474 5649 715 5729 '1Joan.
748 5668 896 5718 xvn,
927 5655 1005 5729 Et
1058 5653 1324 5729 "f‘Deut.
1357 5670 1543 5729 χχιιι,
1579 5656 1684 5729 39.
1744 5655 1792 5729 ξ’
1832 5656 1981 5713 Joan.

2123 5659 2216 5714 30.
2292 5658 2358 5691 ”‘
2389 5657 2519 5713 ibid.
2556 5658 2646 5714 58.
2723 5660 2771 5692 ⁴⁰
2796 5658 2954 5714 Joan.
2994 5677 3105 5724 xw,
3142 5661 3177 5715 9
3281 5662 3350 5694 δ”
3372 5660 3533 5718 Joan.
3556 5659 3655 5729 1,1.

404 5718 450 5805 ξι
494 5719 664 5777 Exod.
703 5738 909 5791 xxxm,
944 5722 1035 5778 21.
1110 5724 1179 5757 δι’
1220 5724 1389 5781 lCor.
1419 5742 1475 5795 x,
1508 5727 1563 5784 4.
1644 5727 1688 5758 δ’
1730 5726 1866 5786 Gen.
1903 5746 1981 5785 ιιι·

2089 5771 2099 5796 ,
2136 5730 2221 5787 10.
2299 5729 2368 5762 ⁵⁸⁸
2407 5729 2541 5786 ibid.
2580 5732 2668 5788 16.
2746 5731 2791 5764 ⁸³
2830 5730 2963 5788 ibid.
3004 5731 3090 5788 Π.
