3826 6216
297 257 320 311 Ι
332 251 442 312 069

1359 255 1654 318 ECLOGIE
1687 256 2161 318 manuarium.
2201 293 2273 302 —
2307 252 2432 316 LIB.
2477 256 2516 316 ι.
2613 238 2618 240 ⁷

3418 265 3554 323 1070

293 376 390 428 τοῦ
427 372 678 448 οὐρανοῦ.
731 396 748 428 ι
796 377 954 432 Ἀλλά
988 378 1083 432 καὶ
1110 379 1162 432 τί
1207 379 1267 433 τὸ
1301 381 1589 452 πρόσωπον
1621 383 1713 435 τοῦ
1741 383 1864 437 Θεοῐ

1989 389 2045 435 ιιι
2075 381 2310 436 humana
2371 382 2535 437 nimis
2587 381 3014 452 corporalisque,
3047 382 3276 449 intueri;
3303 395 3553 453 quaenam

292 467 496 536 Λόγου,
513 467 542 519 ὃ
569 469 642 539 μὴ
657 463 880 522 δύναται
897 471 1134 541 Μωῦσῆς
1159 473 1186 523 6
1213 473 1394 542 νόμος,
1426 474 1519 526 ἆτε
1545 474 1881 545 ἀνθρώπινος

293 556 392 610 καὶ
424 557 878 631 σωματικώτερος
895 560 992 624 ὢν,
1023 561 1248 633 θεωρεῖν
1268 580 1280 592 ·
1315 565 1438 617 τίνα
1466 583 1524 616 τε
1557 565 1624 619 τὰ
1656 567 1878 621 ὀπίσθια

294 648 485 711 αὐτοῦ,
518 647 553 701 ἃ
589 642 749 719 μόνον
781 655 978 723 χωρεῖν
1007 649 1116 716 οἷός
1142 670 1201 706 τε
1240 650 1308 725 ἦν
1338 657 1366 706 ὁ
1395 658 1621 720 τυπικὸς
1651 660 1743 711 καὶ
1772 659 1880 714 τῶν

292 741 502 811 νοητῶν
537 741 878 812 συμϐολικῶς
906 743 1042 812 (κὸς)
1071 745 1263 816 νόμος·
1306 746 1423 810 πῶς
1459 767 1516 802 τε
1555 750 1766 822 εἴρηται
1794 753 1875 816 τὸ,

301 851 319 880 ε
356 830 629 885 Σκεπάσω
672 835 737 903 τῇ
777 835 916 904 χειρί
954 852 1056 905 μου
1101 837 1192 890 ἐπὶ
1225 838 1303 902 σὲ,
1347 858 1366 890 ι
1401 835 1752 911 καλύμματος
1781 845 1876 898 καὶ

294 923 505 994 σκέπης
559 925 933 996 ἐπιτιθεμένου
980 927 1057 997 τῷ
1099 929 1277 998 νόμῳ,
1339 929 1415 994 ὡς
1470 931 1558 986 διὰ
1615 933 1773 988 τοῦτο
1817 935 1876 988 τὸ

288 1014 559 1084 κάλυμμα
589 1015 657 1068 τὰ
693 1018 788 1086 μὲν
816 1018 990 1072 ὀπίσω
1018 1019 1274 1074 δύνασθαι
1301 1025 1457 1094 δρᾷν,
1493 1025 1672 1079 οὐκέτι
1717 1028 1774 1082 δέ
1810 1029 1878 1083 τὰ

293 1108 684 1180 προηγούμενα
725 1111 818 1163 καὶ
869 1112 1226 1184 διαφέροντα·
1265 1114 1372 1188 ἰδίᾳ
1417 1117 1559 1171 κατά
1591 1119 1801 1192 καιρὸν,
1832 1116 1876 1189 ᾧ

293 1199 449 1270 μέλει
474 1201 790 1272 τῆςτούτων
824 1202 1072 1274 ἐρεύνης,
1107 1207 1407 1278 ἐπιστήσας
1435 1209 1660 1266 εἵσεται.

825 1315 1219 1371 ΚΕΦΑΛΑῙΟΝ
1255 1319 1350 1373 ll".

302 1391 401 1455 Ἕκ
420 1401 540 1456 τῶν
581 1404 854 1474 Ἀριθμῶν
883 1406 992 1475 τῆς
1014 1413 1062 1478 γ’
1076 1406 1181 1463 τοῦ
1213 1413 1461 1481 Βαλαὰμ
1487 1415 1867 1484 προφητείας.

370 1514 388 1545 ‹
440 1493 805 1559 Ἐξελεύσεται
826 1498 1110 1571 ἄνθρωπος
1132 1503 1195 1555 ἐκ
1224 1503 1317 1556 τοῦ
1340 1503 1652 1576 σπέρματος
1684 1509 1870 1574 αὐτοῦ,

290 1585 387 1638 καὶ
417 1588 695 1657 κυριεύσει
733 1590 902 1644 ἐθνῶν
928 1589 1167 1648 πολλῶν·
1197 1593 1289 1647 καὶ
1324 1597 1666 1670 ὑψωθήσεται
1692 1597 1723 1672 ή
1751 1601 1873 1670 Γὼγ

1982 478 2033 524 et
2061 479 2210 542 terga
2254 471 2400 541 ejus,
2449 487 2570 542 quae
2609 480 2821 527 tantum
2854 474 3170 543 conspicere
3212 475 3427 530 valebat
3464 484 3553 548 ty-

1980 565 2104 636 pica
2134 574 2188 620 et
2215 566 2557 635 spiritalium
2588 567 2884 636 symbolica
2923 567 3042 632 lex;
3074 568 3348 636 quomodo
3399 567 3553 622 dicae

1978 664 2108 711 tur:
2140 676 2157 707 ι
2187 655 2477 728 Protegam
2524 664 2579 712 te
2625 658 2845 713 dextera
2884 673 3024 721 mea,
3059 678 3078 710 ι
3111 659 3268 728 quasi
3328 659 3450 714 velo
3499 668 3552 715 et

1981 749 2221 818 tegmine
2251 750 2350 819 legi
2384 748 2642 814 obducto,
2675 759 2734 805 ut
2755 766 2852 821 per
2875 751 3006 805 illud
3032 753 3209 806 velum
3241 753 3550 821 posteriora

1977 840 2155 909 possit
2191 842 2460 910 aspicere,
2512 858 2622 897 non
2671 852 2851 898 autem
2899 845 3173 900 anteriora
3221 853 3276 900 et
3311 846 3544 915 potiora,

1981 934 2300 1004 singulatim
2336 935 2391 988 in
2423 943 2668 1006 tempore
2701 949 3012 1006 opportuno
3053 937 3220 1008 hujus
3251 939 3549 1012 investiga“

1977 1022 2142 1080 tionis
2177 1023 2440 1082 studiosis
2481 1027 2877 1096 explanabiturt

2558 1306 2786 1369 CAPUT
2822 1306 2958 1368 Xlll.

2134 1401 2215 1461 Ex
2247 1400 2606 1464 Numerorum
2635 1411 3045 1464 tertia'Balaam
3078 1410 3366 1480 prophetia.

2053 1518 2072 1552 ι
2111 1499 2431 1572 Egredietur
2462 1503 2624 1558 homo
2649 1502 2715 1556 de
2741 1505 2946 1559 semine
2979 1505 3118 1574 ejus,
3161 1513 3214 1560 et
3239 1501 3546 1562 dominale

1974 1601 2062 1647 tur
2096 1595 2150 1646 in
2190 1595 2442 1664 gentibus
2479 1595 2689 1651 multis.
2722 1595 2966 1650 Tolletur
3015 1597 3164 1668 Agag
3190 1613 3283 1652 rex
3316 1599 3460 1667 ejus,
3491 1604 3547 1653 et

291 1675 563 1745 βασιλεία,
611 1681 705 1733 καὶ
746 1679 1109 1753 αὐξηθήσεται
1153 1682 1185 1755 ἡ
1239 1685 1482 1756 βασιλεία
1510 1687 1703 1744 αὐτοῦ·
1741 1692 1864 1756 Θεὸς

1975 1683 2256 1740 auferetur
2285 1701 2510 1756 regnum
2541 1687 2706 1741 illius.
2755 1685 2897 1742 Deus
2938 1686 3124 1741 eduxit
3158 1687 3308 1741 illum
3349 1688 3416 1742 de
3445 1687 3546 1742 IE-t

288 1766 578 1839 ὡδήγησεν
613 1771 776 1824 αὐτὸν
801 1773 860 1838 ἐξ
883 1773 1177 1843 Αἰγύπτου,
1212 1776 1286 1842 ὡς
1318 1779 1474 1844 δόξαν
1502 1784 1871 1854 μονοκέρωτος

290 1859 444 1929 αὐτῷ
463 1877 474 1889 ·
505 1860 680 1916 ἔδεται
703 1863 829 1935 ἐθνη
858 1861 1068 1938 ἐχθρῶν
1094 1868 1278 1934 αὐτοῦ,
1305 1870 1398 1924 καὶ
1413 1871 1482 1924 τὰ
1511 1873 1658 1945 πάχη
1693 1874 1872 1927 αὐτῶν

293 1953 595 2023 ἐκμυελιεῖ,
616 1958 710 2008 καὶ
725 1958 843 2021 ταῖς
861 1957 1063 2027 βολίσιν
1079 1961 1242 2015 αὐτοῦ
1272 1965 1622 2029 κατατοξεύει
1655 1967 1868 2038 ἐχθρόν.

290 2042 660 2108 Κατακλιθεὶς
697 2047 1041 2101 ἀνεπαύσατο
1075 2049 1150 2113 ὠς
1179 2051 1334 2117 λέων,
1366 2054 1460 2106 καὶ
1493 2055 1567 2118 ὡς
1595 2055 1834 2127 σκύμνος
1853 2074 1866 2086 ·

288 2139 373 2203 τίς
397 2142 689 2213 ἀναστήσει
721 2143 921 2210 αὐτόν;
955 2147 1004 2199 οἰ
1031 2144 1376 2215 εὐλογοῦντες
1411 2166 1490 2214 σε,
1522 2149 1866 2223 ηὐλόγηνται·

289 2233 387 2285 καὶ
441 2235 491 2285 οἰ
545 2232 920 2306 καταρώμενοί
979 2255 1058 2302 σε,
1105 2237 1525 2312 κεκατήρανται.
1573 2263 1592 2295 ι
1637 2243 1871 2316 Χριστός

287 2325 440 2376 ἐστιν
471 2325 500 2376 6
532 2327 596 2378 ἐκ
622 2327 932 2398 σπέρματος
977 2330 1191 2401 Ἰσραὴλ
1215 2328 1274 2383 τὸ
1297 2334 1436 2386 κατά
1471 2334 1648 2408 σάρκα
1677 2356 1870 2410 γεννη-

286 2415 424 2480 θεὶς,
461 2418 553 2469 καὶ
587 2418 877 2489 κυριεύσας
917 2417 1084 2474 ἐθνῶν
1105 2425 1313 2478 πολλῶν
1335 2444 1347 2456 ·
1383 2425 1530 2481 ποῖον
1561 2429 1668 2502 γὰρ
1698 2429 1872 2506 ὑπῆρ-

287 2505 382 2571 ξεν
411 2507 559 2572 ἔθνος
587 2510 860 2579 ἀγνοῆσαν
900 2513 998 2582 τὴν
1033 2513 1123 2568 ὐπ’
1161 2513 1321 2570 αὐτὸν
1350 2513 1613 2586 δουλείαν,
1651 2525 1729 2588 εἰς
1766 2505 1870 2578 πᾶ-

289 2612 393 2648 σαν
415 2597 513 2668 τὴν
529 2599 632 2670 γῆν
649 2599 953 2668 ἐξελθόντος
973 2604 1064 2657 τοῦ
1086 2603 1243 2675 λόγου
1271 2607 1378 2662 τῶν
1402 2608 1657 2682 μαθητῶν
1679 2617 1865 2681 αὐτοῦ,

286 2689 387 2741 καὶ
410 2692 490 2754 εἰς
521 2690 590 2744 τὰ
618 2691 908 2765 σπέρματα
955 2699 1050 2769 τῆς
1076 2702 1400 2774 οἰκουμένης
1451 2705 1560 2758 τῶν
1610 2705 1869 2779 ῥημάτων

285 2780 469 2874 αὐτῶν
490 2785 700 2855 ;,Παρά
728 2790 777 2856 γ’
827 2785 921 2842 οὖν
963 2790 1233 2857 πλείστοις
1265 2795 1357 2847 καὶ
1387 2797 1565 2852 αὐτῶν
1594 2800 1703 2854 τῶν
1735 2803 1870 2874 βαρ-

285 2864 476 2943 6ἆρων
501 2876 727 2940 πολλοὺς
752 2879 897 2934 ἔστιν
940 2882 1066 2935 ἰδεῖν
1091 2884 1179 2937 διὰ
1209 2886 1306 2957 τῆς
1345 2887 1424 2952 εἰς
1447 2892 1609 2945 αὐτὸν
1635 2864 1866 2961 πίστεως

285 2963 386 3016 ἐπὶ
418 2967 516 3036 τὴν
541 2967 637 3020 τοῦ
661 2970 777 3034 ἐνὸς
802 2971 934 3025 Θεοῦ
965 2972 1027 3044 (Γ.
1053 2975 1138 3046 15)
1170 2978 1368 3044 γνῶσιν
1403 2981 1745 3053 ἐληλυθότας,
1773 2990 1866 3041 καὶ

1975 1783 2162 1846 gypto,
2196 1775 2356 1844 cujus
2388 1774 2654 1831 fortitudo
2682 1776 2876 1831 similis
2908 1784 2992 1830 est
3024 1775 3407 1830 rhinocemtis.
3441 1773 3546 1831 Ded

1975 1866 2247 1920 vorabunt
2278 1876 2462 1936 gentes
2488 1866 2675 1922 hostes
2705 1867 2873 1930 illius,
2911 1881 3144 1936 ossaque
3167 1881 3357 1922 eorum
3407 1879 3546 1922 con-

1975 1957 2215 2026 fringent
2241 1965 2294 2010 et
2324 1956 2679 2027 perforabunt
2709 1957 2945 2028 sagittis.
2977 1957 3267 2013 Accubans
3285 1957 3544 2013 dOrmlvit

1973 2056 2034 2104 ut
2067 2050 2149 2105 leo
2177 2057 2231 2104 et
2273 2049 2428 2118 quasi
2457 2051 2629 2105 leonis
2658 2051 2897 2112 catulus,
2933 2049 3065 2115 Quis
3107 2065 3231 2104 eum
3274 2050 3546 2106 suscitare

1974 2143 2237 2197 audebit?
2262 2141 2364 2208 Qui
2398 2141 2772 2196 benedixerint
2803 2142 2922 2206 tibi,
2952 2149 3111 2197 erunt
3139 2148 3194 2196 et
3244 2141 3346 2211 ipsi
3379 2141 3544 2196 bene-

1973 2233 2126 2296 dicti;
2162 2233 2253 2303 qui
2278 2233 2678 2297 maledixeriut,
2710 2233 2764 2288 in
2794 2235 3174 2288 maledictione
3205 2234 3543 2304 reputabum

1972 2327 2061 2375 tur
2079 2321 2166 2375 ⁸³⁵.
2192 2339 2209 2372 ι
2231 2321 2486 2378 Christus
2508 2333 2591 2377 est
2607 2324 2698 2391 qui
2726 2339 2791 2378 ex
2816 2324 2982 2378 Israel
3010 2325 3218 2379 semine
3241 2324 3542 2380 secundum

1972 2427 2192 2468 carnem
2247 2421 2410 2468 natus
2434 2453 2448 2477 ,
2486 2414 2781 2484 multisque
2812 2416 3062 2484 gentibus
3090 2417 3404 2473 dominatus
3435 2427 3541 2475 est.

1971 2503 2230 2570 Quaenam
2277 2506 2422 2559 enim
2459 2521 2592 2577 gens
2643 2521 2751 2560 non
2800 2506 3058 2560 ditionem
3086 2509 3206 2578 ejus
3235 2509 3538 2579 agnoverit,

1972 2595 2029 2649 in
2059 2611 2275 2651 omnem
2306 2603 2508 2651 terram
2537 2595 2736 2652 diﬂ‘uso
2768 2597 3162 2668 discipulorum
3189 2599 3310 2668 ejus
3349 2601 3539 2666 verbo,

1971 2685 2562 2758 pmdicationibusque
2613 2702 2802 2742 eorum
2830 2689 2986 2758 quasi
3012 2689 3311 2745 seminibus
3341 2690 3394 2743 in
3420 2694 3543 2746 univ

1969 2794 2131 2835 versa
2181 2787 2324 2834 terra
2368 2778 2805 2850 sparsis‘Hgitur
2833 2781 2977 2850 apud
3033 2782 3325 2852 plerosque
3374 2785 3539 2839 etiam

1970 2869 2328 2925 barbarorum
2363 2871 2564 2924 multos
2595 2869 2779 2925 videre
2812 2879 2896 2925 est
2947 2871 3040 2940 qui
3075 2886 3174 2926 sua
3205 2872 3260 2925 in
3285 2888 3409 2927 eum
3436 2873 3540 2929 ﬁde

1970 2963 2037 3018 ad
2081 2961 2176 3018 Dei
2228 2962 2392 3017 unius
2438 2963 2723 3018 scientiam
2781 2973 3179 3033 pervenerunt,
3233 2980 3442 3035 suaque
3483 2967 3540 3020 in

287 3057 432 3128 ὑπερ
475 3058 572 3130 τῆς
630 3063 710 3124 εἰς
749 3062 909 3115 αὐτὸν
953 3063 1234 3130 εὐσεϐείας
1269 3073 1528 3135 παντοίας
1567 3074 1726 3146 μέχρι
1771 3078 1864 3130 καὶ

1971 3056 2218 3111 eumdem
2242 3059 2441 3126 pietate
2471 3071 2634 3110 omne
2651 3062 3045 3111 tormentorum
3067 3073 3238 3127 genus
3288 3065 3542 3113 mortem»

286 3147 812 3218 θανάτου³κολάσεις
855 3156 1272 3227 ὑπομείναντας.
1306 3163 1490 3234 Πέρας
1529 3165 1723 3236 ἔχουσα
1758 3170 1867 3222 τοί-

283 3255 383 3331 νυν
419 3241 514 3293 καὶ
545 3241 683 3312 αὕτη
715 3244 897 3313 σαφῶς
930 3247 962 3317 ἡ
993 3250 1298 3319 προφητεία
1331 3253 1423 3307 ἐπὶ
1461 3255 1555 3307 τοῦ
1598 3259 1864 3331 ἡμετέρου

282 3330 542 3401 Σωτῆρος
572 3334 986 3390 ἀποδείκνυται·
1015 3338 1047 3408 ἢ
1092 3343 1422 3415 παραστήτω
1447 3363 1530 3410 τις
1556 3347 1712 3412 ἄλλος
1741 3330 1865 3404 sm-

281 3420 502 3486 δεικνὺς
529 3425 622 3478 ἐπὶ
652 3426 773 3478 τίνα
823 3427 888 3481 ἂν
913 3429 1084 3482 ταῦτα
1111 3433 1434 3506 ἀναφέροιτο
1452 3454 1464 3467 ’
1497 3439 1620 3491 καθ’
1642 3440 1789 3512 ἡμᾶς
1811 3442 1864 3495 δέ

281 3513 572 3585 πρόδηλον,
621 3515 696 3579 ὡς
750 3517 844 3570 καὶ
887 3517 1108 3583 αὒξεται
1152 3523 1423 3595 ὁσημέραι
1465 3525 1558 3578 τοῦ
1611 3528 1864 3599 Σωτῆρος

277 3601 443 3673 ἡμῶν
477 3607 510 3676 ἡ
553 3607 716 3679 νοητὴ
747 3609 990 3679 βασιλεία
1021 3629 1081 3664 τε
1110 3613 1203 3666 καὶ
1243 3615 1528 3671 δεσποτεία
1560 3619 1709 3690 παρά
1741 3624 1862 3684 ταῖς

280 3695 709 3767 ὑποδεξαμέναις
755 3701 846 3754 τὸν
893 3703 1046 3773 λόγον
1095 3705 1256 3760 αὐτοῦ
1300 3708 1532 3778 ψυχαῖς·
1565 3710 1753 3782 ὑψώθη
1805 3712 1863 3765 δὲ

276 3786 429 3840 κατά
469 3790 568 3858 τὴν
607 3789 909 3862 παρουσίαν
953 3797 1116 3852 αὐτοῦ
1152 3801 1245 3853 καὶ
1279 3801 1310 3870 ὴ
1341 3799 1464 3869 Γὼγ
1497 3800 1760 3870 βασιλεία,
1793 3804 1861 3874 ἢν

277 3878 616 3950 ὑπειλήφασί
658 3899 802 3948 τινες
855 3882 994 3940 εἶναι
1047 3890 1146 3960 τὴν
1201 3891 1486 3961 Ῥωμαίων
1526 3895 1856 3964 ἠγεμονίαν,

275 3968 429 4024 ἄλλοι
454 3972 510 4025 δὲ
535 3976 811 4044 τροπικῶς
863 3978 960 4051 τὴν
1000 3981 1140 4034 κατὰ
1167 3982 1228 4035 τὸ
1260 3984 1589 4052 Εὐαγγέλιον
1622 3986 1860 4057 ἐπουρά-

273 4079 390 4115 νιον
433 4065 726 4128 πολιτείαν.
768 4069 863 4123 καὶ
909 4070 1005 4143 τὴν
1045 4073 1152 4126 τῶν
1181 4073 1386 4145 νοητῶν
1409 4077 1694 4146 δογμάτων
1727 4077 1860 4132 θεω-

276 4151 422 4222 ρίαν,
474 4153 561 4207 διά
615 4157 773 4210 τοῦτο
818 4158 961 4228 Γὼγ,
981 4161 1116 4234 ὅπερ
1166 4164 1526 4234 ἑρμηνεύεται
1570 4165 1854 4237 δόγματα,

274 4243 633 4313 σημαίνεσθαι
665 4247 1012 4321 ἐξειλήφασιν
1034 4270 1047 4283 ·
1072 4253 1206 4308 ἀλλὰ
1235 4257 1330 4309 καὶ
1357 4259 1385 4310 6
1409 4256 1540 4321 Θεὸς
1576 4258 1857 4330 ὡδήγησεν

271 4334 438 4388 αὐτὸν
486 4336 546 4401 ἐξ
601 4339 900 4408 Αἰγύπτου,
943 4339 1123 4414 ῥητῶς
1165 4345 1262 4416 μὲν
1291 4349 1378 4400 ὅτε
1407 4349 1799 4420 χρηματισθεὶς
1826 4353 1855 4405 6

1968 3163 2074 3216 que
2134 3148 2308 3216 ipsam
2365 3148 2767 3202 sustinuerunt.
2838 3147 3199 3216 Apertissime
3256 3148 3424 3219 igitur
3471 3148 3540 3203 ad

1969 3239 2307 3295 Salvatorem
2348 3249 2596 3295 nostrum
2629 3239 2746 3294 haec
2776 3248 2988 3309 spectat
3021 3241 3325 3311 prophetiai
3361 3240 3417 3295 Si
3447 3241 3537 3297 cui

1965 3332 2190 3388 dubium
2232 3333 2500 3397 videatur,
2537 3332 2662 3394 alia,
2697 3333 2858 3397 libet,
2895 3344 3232 3404 proponatur
3269 3334 3541 3404 interpre-

1965 3423 2121 3477 talio.
2152 3423 2320 3478 Nobis
2350 3429 2528 3477 autem
2545 3423 2893 3492 perspicuum
2924 3433 3010 3479 est
3040 3440 3289 3481 crescere
3315 3425 3369 3479 in
3393 3425 3535 3481 diem

1966 3515 2211 3585 spiritale
2244 3513 2550 3570 Salvatoris
2580 3515 2755 3570 nostri
2793 3531 3019 3585 regnum
3072 3517 3128 3571 in
3181 3516 3377 3570 animis
3410 3531 3534 3587 quae

1963 3608 2188 3663 verbum
2223 3607 2344 3677 ejus
2375 3614 2726 3678 acceperunt.
2751 3605 2962 3662 Elatum
2993 3616 3077 3662 est
3098 3607 3218 3678 ejus
3244 3609 3533 3678 praesentia

1962 3701 2112 3771 Agag
2158 3715 2404 3770 regnum,
2434 3699 2579 3769 quod
2625 3699 2846 3770 quidam
2886 3699 3187 3753 Romanum
3244 3700 3534 3771 imperium

1963 3793 2304 3864 interpretati
2331 3803 2476 3857 sunt,
2500 3792 2590 3846 alii
2610 3807 2738 3847 vero
2757 3791 3043 3862 allegorice
3063 3792 3340 3846 caelestem
3356 3792 3536 3847 Evan-

1962 3885 2087 3956 gelii
2118 3884 2510 3954 rempublicam
2549 3893 2602 3938 et
2635 3883 2963 3954 spiritalium
2988 3883 3302 3955 dogmatum
3338 3899 3534 3953 specu~

1961 3976 2217 4030 lationem
2241 4015 2255 4039 ,
2299 3973 2414 4046 Gog
2446 3975 2598 4045 (siVe
2626 3975 2806 4046 Agag)
2851 3974 3099 4045 dogmata
3164 3973 3528 4044 signiﬁcante.

1963 4066 2069 4122 Sed
2095 4075 2150 4121 et
2173 4066 2316 4122 Deus
2352 4066 2540 4121 eduxit
2569 4081 2691 4122 eum
2729 4066 2797 4121 de
2828 4049 3085 4138 Egypto,
3122 4066 3374 4122 videlicet
3403 4081 3530 4122 cum

1959 4157 2200 4228 Joseph,
2266 4157 2453 4213 divina
2512 4159 2854 4229 apparitione
2907 4158 3258 4223 admonitus,
3303 4157 3528 4214 Mariam

1957 4267 2080 4308 cum
2112 4267 2283 4321 puero
2313 4251 2530 4308 reduxit
2560 4253 2616 4306 in
2653 4259 2856 4307 terram
2885 4252 3076 4316 Israel,
3108 4258 3168 4305 ut
3211 4251 3326 4306 haec
3379 4266 3531 4306 com-

1958 4344 2199 4414 pleretur
2241 4359 2458 4398 necnon
2516 4343 2676 4409 Osee,
2737 4342 3036 4398 secundum
3089 4341 3414 4396 Hebraicum
3477 4349 3528 4398 et

283 4431 484 4502 Ἰωσὴφ
539 4434 599 4499 ἐξ
641 4436 917 4506 Αἰγύπτου
954 4440 1278 4510 παραλαϐὼν
1321 4443 1420 4514 τὴν
1453 4445 1687 4516 Μαριὰμ
1733 4446 1850 4516 ἄμα

1971 4437 2162 4506 \quila:
2206 4435 2746 4506 interpretationem,
2791 4433 3076 4505 prophetia
3111 4433 3301 4488 dicens
3337 4449 3349 4484 :
3390 4451 3409 4484 ι
3445 4435 3530 4488 Ah

266 4521 352 4591 τῷ
377 4523 527 4576 παιδὶ
569 4527 742 4598 Ἰησοῦ
778 4530 1113 4600 ὑπέστρεψεν
1135 4534 1214 4595 εἰς
1233 4535 1334 4603 γῆν
1371 4535 1586 4606 Ἰσραὴλ
1610 4537 1849 4608 πληρου-

272 4613 442 4683 μένης
476 4617 575 4686 τῆς
605 4633 666 4668 τε
694 4617 788 4672 νῦν
813 4620 908 4672 καὶ
940 4621 1042 4691 τῆς
1076 4625 1135 4675 ἐν
1178 4625 1335 4698 Ὠσηὲ
1356 4627 1495 4678 κατά
1529 4626 1590 4680 τὸ
1633 4627 1850 4699 Ἐϐραῖ-

267 4702 371 4755 κὸν
399 4705 494 4757 καὶ
524 4708 623 4779 τὴν
665 4708 888 4764 Ἀκύλου
915 4713 1209 4784 ἑρμηνείαν
1243 4718 1579 4787 προφητείας
1606 4720 1845 4788 φασκού-

267 4811 392 4865 σης,
435 4818 454 4850 ι
504 4799 592 4866 Ἐξ
639 4801 914 4869 Αἰγύπτου
951 4804 1182 4857 ἐκάλεσα
1222 4806 1312 4860 τὸν
1362 4809 1475 4860 υἱόν
1520 4825 1654 4879 μου·
1697 4830 1714 4861 ι
1753 4812 1848 4864 καὶ

264 4886 413 4940 κατά
445 4889 682 4944 διάνοιαν
714 4892 792 4957 δέ,
843 4894 1079 4965 ὁπηνίκα
1119 4898 1182 4949 ἐκ
1219 4898 1319 4966 τῆς
1349 4899 1546 4970 νοητῆς
1571 4899 1846 4968 Αἰγύπτου

1955 4527 2192 4599 Ᾱῦεγρῑο
2247 4526 2436 4581 vocavi
2489 4526 2658 4580 lilium
2711 4539 2889 4579 meum
2910 4524 2978 4592 “;
3015 4543 3032 4574 ι
3068 4531 3123 4577 at
3173 4540 3202 4578 e
3258 4525 3525 4580 sententia

1957 4629 2163 4684 nostra,
2191 4635 2315 4674 cum
2350 4618 2420 4672 ab
2450 4617 2688 4689 Egypto
2719 4615 2952 4686 spiritali
2985 4623 3039 4669 ct
3068 4615 3206 4670 locis
3249 4615 3529 4671 terrestri-

1961 4714 2066 4768 bus
2098 4713 2166 4768 ad
2195 4712 2365 4766 caelos
2380 4710 2542 4765 Pater
2557 4725 2681 4764 eum
2695 4708 2900 4763 eduxit.
2935 4726 2953 4757 ι
2973 4705 3259 4763 Fortitudo
3285 4728 3304 4760 ι
3343 4719 3525 4764 autem

1961 4825 1979 4859 ι
2002 4804 2368 4860 rhinocerotis
2389 4824 2406 4855 ι
2431 4803 2483 4857 in
2515 4800 2801 4856 Salvatore
2827 4800 3006 4854 innuit
3024 4799 3280 4855 deitatem
3313 4802 3523 4871 paterni

1954 4899 2108 4970 regni
2134 4912 2256 4969 quae
2276 4906 2360 4952 est
2394 4895 2447 4949 in
2470 4910 2556 4950 eo.

266 4982 362 5033 καὶ
382 4981 490 5034 τῶν
525 4983 650 5054 τῇδε
702 4985 883 5039 τόπων
916 4988 1008 5041 ἐπὶ
1030 4989 1157 5051 τοὺς
1191 4989 1454 5061 οὐρανοὺς
1483 4992 1598 5060 ἅμα
1629 4993 1919 5064 λαμὸάνων
1950 4994 2110 5049 αὐτὸν
2130 4995 2159 5047 6
2219 4990 2406 5062 Πατὴρ
2443 4989 2722 5061 ὡδήγησεν
2744 5005 2755 5020 ⁸
2795 4991 2828 5060 ἡ
2893 4989 2949 5041 δὲ
2983 4989 3245 5060 λεγομένη
3309 5006 3328 5040 ι
3396 4987 3522 5054 δόξα

267 5077 656 5148 μονοκερὼτων
693 5098 712 5131 ι
751 5082 808 5133 ἐν
833 5081 910 5152 τῷ
933 5083 1141 5154 Σωτῆρι
1185 5085 1282 5156 τὴν
1322 5088 1378 5138 ἐν
1427 5087 1575 5158 αὐτῷ
1609 5088 1838 5160 θεότητα
1875 5094 1972 5162 τῆς
1995 5087 2266 5160 πατρικῆς
2292 5086 2584 5140 αἰνίττεται
2615 5083 2930 5156 μοναρχίας.

336 5169 494 5222 Μετὰ
518 5171 689 5225 ταῦτα
717 5173 951 5244 εἴρηται,
972 5196 990 5226 ι
1024 5175 1195 5229 ἔδεται
1223 5177 1347 5250 ἔθνη
1379 5179 1587 5250 ἐχθρῶν
1613 5181 1776 5234 αὐτοῦ
1796 5197 1808 5212 σ
1824 5202 1843 5234 ι

2015 5182 2150 5236 Post
2183 5182 2296 5235 haec
2318 5180 2542 5254 dicitur,
2578 5197 2596 5230 ι
2629 5178 2980 5233 Devorabunt
3001 5183 3191 5247 gentes
3235 5176 3424 5232 hostes
3457 5175 3523 5227 il-

261 5261 364 5314 δσα
397 5262 504 5334 γὰρ
529 5264 635 5316 ὑπὸ
663 5264 762 5336 τὴν
793 5266 1014 5338 διδαχὴν
1048 5269 1211 5321 αὐτοῦ
1242 5270 1462 5338 γέγονεν
1497 5271 1645 5342 ἔθνη,
1676 5274 1847 5327 ταῦτα

1971 5274 2072 5328 ius.
2115 5293 2132 5324 ι
2169 5271 2519 5341 Quaecunque
2546 5272 2649 5327 sub
2678 5271 2797 5340 ejus
2826 5270 3114 5339 disciplina
3146 5269 3368 5325 luerunt
3395 5283 3523 5337 gen-

263 5354 530 5424 πρότερον
560 5358 718 5427 μερὶς
745 5359 1082 5427 τυγχάνοντα
1115 5360 1223 5413 τῶν
1247 5360 1455 5432 ἐχθρῶν
1491 5363 1676 5426 αὐτοῦ,
1709 5366 1846 5435 μετά

1971 5381 2047 5426 es,
2082 5380 2206 5418 eum
2240 5365 2394 5434 prius
2429 5364 2610 5433 praeda
2632 5364 2884 5417 hostibus
2918 5362 3112 5416 devota
3134 5369 3343 5423 essent,
3371 5375 3520 5414 num

261 5445 361 5514 τὴν
407 5449 488 5509 εἰς
539 5448 702 5501 αὐτὸν
757 5450 938 5503 πίστιν
994 5452 1271 5522 ἐπιτήδεια
1309 5453 1496 5526 ὥσπερ
1534 5460 1613 5520 εἰς
1642 5457 1844 5528 βρῶσιν

1971 5459 2047 5512 ide
2071 5457 2125 5510 in
2155 5473 2279 5512 eum
2313 5464 2556 5526 accepta,
2591 5456 2693 5525 ipsi
2728 5454 2886 5510 factae
2912 5463 3040 5510 sunt
3083 5454 3242 5524 quasi
3271 5468 3395 5508 esca
3422 5467 3517 5521 pa-

261 5537 440 5607 ἐαυτῷ
474 5541 884 5595 κατεσκεύασε·
928 5543 996 5596 τὰ
1043 5543 1139 5615 μὲν
1170 5546 1338 5616 πάχη,
1381 5547 1525 5599 τοῦτ’
1567 5547 1683 5603 ἔστι
1736 5550 1843 5604 πᾶν

1973 5558 2080 5604 ata.
2115 5548 2253 5605 Ossa
2277 5564 2427 5615 vero,
2461 5549 2514 5604 id
2563 5558 2646 5604 est
2701 5547 3085 5622 quodcumque
3119 5547 3174 5601 in
3209 5547 3291 5602 eis
3321 5557 3508 5600 carna-

445 5695 607 5752 Num.
645 5714 793 5766 xxxv,
832 5699 946 5754 7-9.
1025 5701 1070 5734 “
1108 5700 1234 5758 Ose.
1273 5720 1348 5768 ιι,
1384 5703 1434 5757 1.
