  <div class='ocr_page' id='page_1' title='image "/cluster/home/n/w/nwhite01/storage/ocr_20150623/22/nnc1.0046978372/589.png"; bbox 0 0 3840 6222; ppageno 0'>
   <div class='ocr_carea' id='block_1_1' title="bbox 339 282 475 338">
    <p class='ocr_par' dir='ltr' id='par_1_1' title="bbox 339 282 475 338">
     <span class='ocr_line' id='line_1_1' title="bbox 339 282 475 338; baseline 0.015 -3"><span class='ocrx_word' id='word_1_1' title='bbox 339 282 475 338; x_wconf 73' lang='grc'><strong>1071</strong></span> 
     </span>
    </p>
   </div>
   <div class='ocr_carea' id='block_1_2' title="bbox 1053 271 2853 343">
    <p class='ocr_par' dir='ltr' id='par_1_2' title="bbox 1053 271 2853 343">
     <span class='ocr_line' id='line_1_2' title="bbox 1053 271 2853 343; baseline 0.001 -7"><span class='ocrx_word' id='word_1_2' title='bbox 1053 280 1322 338; x_wconf 84' lang='lat' dir='ltr'><strong>EUSEBll</strong></span> <span class='ocrx_word' id='word_1_3' title='bbox 1358 280 1842 343; x_wconf 64' lang='lat' dir='ltr'><strong>CESARIENSIS</strong></span> <span class='ocrx_word' id='word_1_4' title='bbox 1876 281 2027 340; x_wconf 83' lang='lat' dir='ltr'><strong>OPP.</strong></span> <span class='ocrx_word' id='word_1_5' title='bbox 2069 271 2853 340; x_wconf 48' lang='lat' dir='ltr'><strong>PABSIll.-&#39;EXEGETICA.</strong></span> 
     </span>
    </p>
   </div>
   <div class='ocr_carea' id='block_1_3' title="bbox 3463 280 3603 335">
    <p class='ocr_par' dir='ltr' id='par_1_3' title="bbox 3463 280 3603 335">
     <span class='ocr_line' id='line_1_3' title="bbox 3463 280 3603 335; baseline -0.007 -1"><span class='ocrx_word' id='word_1_6' title='bbox 3463 280 3603 335; x_wconf 63' lang='lat' dir='ltr'><strong>107i</strong></span> 
     </span>
    </p>
   </div>
   <div class='ocr_carea' id='block_1_4' title="bbox 330 392 1905 492">
    <p class='ocr_par' dir='ltr' id='par_1_4' title="bbox 330 397 1905 471">
     <span class='ocr_line' id='line_1_4' title="bbox 330 397 1905 471; baseline 0.001 -15"><span class='ocrx_word' id='word_1_7' title='bbox 330 400 383 456; x_wconf 83' lang='lat' dir='ltr'><strong>le</strong></span> <span class='ocrx_word' id='word_1_8' title='bbox 411 405 468 454; x_wconf 92' lang='lat' dir='ltr'><strong>et</strong></span> <span class='ocrx_word' id='word_1_9' title='bbox 498 405 785 466; x_wconf 86' lang='lat' dir='ltr'><strong>terrestre,</strong></span> <span class='ocrx_word' id='word_1_10' title='bbox 840 397 1173 456; x_wconf 76' lang='lat' dir='ltr'><strong>imminueris</strong></span> <span class='ocrx_word' id='word_1_11' title='bbox 1196 407 1252 455; x_wconf 88' lang='lat' dir='ltr'><strong>et</strong></span> <span class='ocrx_word' id='word_1_12' title='bbox 1303 400 1567 455; x_wconf 72' lang='lat' dir='ltr'><strong>attentius</strong></span> <span class='ocrx_word' id='word_1_13' title='bbox 1593 401 1905 471; x_wconf 81' lang='lat' dir='ltr'><strong>explorans.</strong></span> 
     </span>
    </p>
   </div>
   <div class='ocr_carea' id='block_1_5' title="bbox 2022 392 3601 492">
    <p class='ocr_par' dir='ltr' id='par_1_5' title="bbox 2022 392 3601 471">
     <span class='ocr_line' id='line_1_5' title="bbox 2022 392 3601 471; baseline -0.004 -18"><span class='ocrx_word' id='word_1_14' title='bbox 2022 398 2372 471; x_wconf 65' lang='grc' dir='ltr'>συμπεφυκὸς</span> <span class='ocrx_word' id='word_1_15' title='bbox 2395 399 2578 463; x_wconf 78' lang='grc' dir='ltr'>αὐτοῖς</span> <span class='ocrx_word' id='word_1_16' title='bbox 2608 399 2792 453; x_wconf 79' lang='grc' dir='ltr'>ὑλικὸν</span> <span class='ocrx_word' id='word_1_17' title='bbox 2837 397 2933 452; x_wconf 78' lang='grc' dir='ltr'>καὶ</span> <span class='ocrx_word' id='word_1_18' title='bbox 2962 397 3168 469; x_wconf 80' lang='grc' dir='ltr'><strong>γήϊνον,</strong></span> <span class='ocrx_word' id='word_1_19' title='bbox 3196 392 3479 448; x_wconf 84' lang='grc' dir='ltr'><strong>λεπτύνων</strong></span> <span class='ocrx_word' id='word_1_20' title='bbox 3505 394 3601 448; x_wconf 78' lang='grc' dir='ltr'>καὶ</span> 
     </span>
    </p>
   </div>
   <div class='ocr_carea' id='block_1_6' title="bbox 327 493 1911 565">
    <p class='ocr_par' dir='ltr' id='par_1_6' title="bbox 327 493 1911 565">
     <span class='ocr_line' id='line_1_6' title="bbox 327 493 1911 565; baseline -0.001 -13"><span class='ocrx_word' id='word_1_21' title='bbox 327 494 644 552; x_wconf 69' lang='lat' dir='ltr'><strong>esculentos</strong></span> <span class='ocrx_word' id='word_1_22' title='bbox 679 493 900 565; x_wconf 83' lang='lat' dir='ltr'><strong>propria</strong></span> <span class='ocrx_word' id='word_1_23' title='bbox 928 494 1145 550; x_wconf 82' lang='lat' dir='ltr'><strong>cultura</strong></span> <span class='ocrx_word' id='word_1_24' title='bbox 1193 494 1406 550; x_wconf 78' lang='lat' dir='ltr'><strong>fructus</strong></span> <span class='ocrx_word' id='word_1_25' title='bbox 1437 496 1521 551; x_wconf 92' lang='lat' dir='ltr'><strong>eis</strong></span> <span class='ocrx_word' id='word_1_26' title='bbox 1551 494 1752 552; x_wconf 79' lang='lat' dir='ltr'><strong>effecit.</strong></span> <span class='ocrx_word' id='word_1_27' title='bbox 1784 493 1911 551; x_wconf 76' lang='lat' dir='ltr'><strong>Haec</strong></span> 
     </span>
    </p>
   </div>
   <div class='ocr_carea' id='block_1_7' title="bbox 329 587 1911 658">
    <p class='ocr_par' dir='ltr' id='par_1_7' title="bbox 329 587 1911 658">
     <span class='ocr_line' id='line_1_7' title="bbox 329 587 1911 658; baseline 0.002 -17"><span class='ocrx_word' id='word_1_28' title='bbox 329 596 511 644; x_wconf 78' lang='lat' dir='ltr'><strong>autem</strong></span> <span class='ocrx_word' id='word_1_29' title='bbox 567 587 911 658; x_wconf 73' lang='lat' dir='ltr'><strong>spiritalibus</strong></span> <span class='ocrx_word' id='word_1_30' title='bbox 958 595 1016 642; x_wconf 88' lang='lat' dir='ltr'><strong>et</strong></span> <span class='ocrx_word' id='word_1_31' title='bbox 1059 588 1479 644; x_wconf 85' lang='lat' dir='ltr'><strong>rationabilibus</strong></span> <span class='ocrx_word' id='word_1_32' title='bbox 1504 595 1799 645; x_wconf 77' lang='lat' dir='ltr'><strong>exsecutus</strong></span> <span class='ocrx_word' id='word_1_33' title='bbox 1828 596 1911 644; x_wconf 89' lang='lat' dir='ltr'><strong>est</strong></span> 
     </span>
    </p>
   </div>
   <div class='ocr_carea' id='block_1_8' title="bbox 329 675 1909 752">
    <p class='ocr_par' dir='ltr' id='par_1_8' title="bbox 329 675 1909 752">
     <span class='ocr_line' id='line_1_8' title="bbox 329 675 1909 752; baseline 0 -16"><span class='ocrx_word' id='word_1_34' title='bbox 329 675 565 752; x_wconf 77' lang='lat' dir='ltr'><strong>sagi&#39;ttis,</strong></span> <span class='ocrx_word' id='word_1_35' title='bbox 601 690 834 737; x_wconf 81' lang='lat' dir='ltr'><strong>veterem</strong></span> <span class='ocrx_word' id='word_1_36' title='bbox 867 679 1111 751; x_wconf 90' lang='lat' dir='ltr'><strong>gentium</strong></span> <span class='ocrx_word' id='word_1_37' title='bbox 1144 681 1363 745; x_wconf 90' lang='lat' dir='ltr'><strong>ducem,</strong></span> <span class='ocrx_word' id='word_1_38' title='bbox 1395 682 1595 752; x_wconf 81' lang='lat' dir='ltr'><strong>suique</strong></span> <span class='ocrx_word' id='word_1_39' title='bbox 1624 681 1909 736; x_wconf 88' lang='lat' dir='ltr'><strong>inimicum</strong></span> 
     </span>
    </p>
   </div>
   <div class='ocr_carea' id='block_1_9' title="bbox 329 772 1911 843">
    <p class='ocr_par' dir='ltr' id='par_1_9' title="bbox 329 772 1911 843">
     <span class='ocr_line' id='line_1_9' title="bbox 329 772 1911 843; baseline 0.001 -15"><span class='ocrx_word' id='word_1_40' title='bbox 329 772 662 843; x_wconf 80' lang='lat' dir='ltr'><strong>perfodiens,</strong></span> <span class='ocrx_word' id='word_1_41' title='bbox 693 773 904 829; x_wconf 85' lang='lat' dir='ltr'><strong>scilicet</strong></span> <span class='ocrx_word' id='word_1_42' title='bbox 936 774 1237 833; x_wconf 85' lang='lat' dir='ltr'><strong>diabolum.</strong></span> <span class='ocrx_word' id='word_1_43' title='bbox 1264 772 1419 840; x_wconf 87' lang='lat' dir='ltr'><strong>Quod</strong></span> <span class='ocrx_word' id='word_1_44' title='bbox 1447 773 1536 838; x_wconf 84' lang='lat' dir='ltr'><strong>ad,</strong></span> <span class='ocrx_word' id='word_1_45' title='bbox 1574 792 1593 825; x_wconf 72' lang='grc' dir='ltr'><strong>ι</strong></span> <span class='ocrx_word' id='word_1_46' title='bbox 1621 773 1911 829; x_wconf 86' lang='lat' dir='ltr'><strong>Accubans</strong></span> 
     </span>
    </p>
   </div>
   <div class='ocr_carea' id='block_1_10' title="bbox 330 863 1910 929">
    <p class='ocr_par' dir='ltr' id='par_1_10' title="bbox 330 863 1910 929">
     <span class='ocr_line' id='line_1_10' title="bbox 330 863 1910 929; baseline 0.001 -9"><span class='ocrx_word' id='word_1_47' title='bbox 330 865 590 921; x_wconf 76' lang='lat' dir='ltr'><strong>dormivit</strong></span> <span class='ocrx_word' id='word_1_48' title='bbox 620 872 678 920; x_wconf 89' lang='lat' dir='ltr'><strong>ut</strong></span> <span class='ocrx_word' id='word_1_49' title='bbox 707 865 812 929; x_wconf 88' lang='lat' dir='ltr'><strong>leo,</strong></span> <span class='ocrx_word' id='word_1_50' title='bbox 846 884 864 917; x_wconf 75' lang='grc' dir='ltr'><strong>ι</strong></span> <span class='ocrx_word' id='word_1_51' title='bbox 901 863 1007 920; x_wconf 90' lang='lat' dir='ltr'><strong>hoc</strong></span> <span class='ocrx_word' id='word_1_52' title='bbox 1040 864 1151 921; x_wconf 80' lang='lat' dir='ltr'><strong>fere</strong></span> <span class='ocrx_word' id='word_1_53' title='bbox 1204 864 1404 920; x_wconf 82' lang='lat' dir='ltr'><strong>iisdem</strong></span> <span class='ocrx_word' id='word_1_54' title='bbox 1437 866 1620 921; x_wconf 82' lang='lat' dir='ltr'><strong>verbis</strong></span> <span class='ocrx_word' id='word_1_55' title='bbox 1649 880 1679 919; x_wconf 92' lang='lat' dir='ltr'><strong>a</strong></span> <span class='ocrx_word' id='word_1_56' title='bbox 1703 863 1910 921; x_wconf 69' lang='lat' dir='ltr'><strong>Iacobo</strong></span> 
     </span>
    </p>
   </div>
   <div class='ocr_carea' id='block_1_11' title="bbox 330 955 1911 1028">
    <p class='ocr_par' dir='ltr' id='par_1_11' title="bbox 330 955 1911 1028">
     <span class='ocr_line' id='line_1_11' title="bbox 330 955 1911 1028; baseline 0.001 -17"><span class='ocrx_word' id='word_1_57' title='bbox 330 957 387 1011; x_wconf 86' lang='lat' dir='ltr'><strong>in</strong></span> <span class='ocrx_word' id='word_1_58' title='bbox 411 958 528 1014; x_wconf 87' lang='lat' dir='ltr'><strong>suis</strong></span> <span class='ocrx_word' id='word_1_59' title='bbox 557 956 627 1012; x_wconf 87' lang='lat' dir='ltr'><strong>de</strong></span> <span class='ocrx_word' id='word_1_60' title='bbox 658 955 796 1012; x_wconf 81' lang='lat' dir='ltr'><strong>Juda</strong></span> <span class='ocrx_word' id='word_1_61' title='bbox 825 957 1125 1027; x_wconf 86' lang='lat' dir='ltr'><strong>prophet&#39;iis</strong></span> <span class='ocrx_word' id='word_1_62' title='bbox 1171 958 1380 1012; x_wconf 85' lang='lat' dir='ltr'><strong>dictum</strong></span> <span class='ocrx_word' id='word_1_63' title='bbox 1428 966 1551 1026; x_wconf 88' lang='lat' dir='ltr'><strong>est;</strong></span> <span class='ocrx_word' id='word_1_64' title='bbox 1596 958 1758 1028; x_wconf 88' lang='lat' dir='ltr'><strong>cujus</strong></span> <span class='ocrx_word' id='word_1_65' title='bbox 1784 973 1911 1014; x_wconf 90' lang='lat' dir='ltr'><strong>sen-</strong></span> 
     </span>
    </p>
   </div>
   <div class='ocr_carea' id='block_1_12' title="bbox 331 1030 1905 1119">
    <p class='ocr_par' dir='ltr' id='par_1_12' title="bbox 331 1030 1905 1119">
     <span class='ocr_line' id='line_1_12' title="bbox 331 1030 1905 1119; baseline 0.003 -16"><span class='ocrx_word' id='word_1_66' title='bbox 331 1062 450 1103; x_wconf 94' lang='lat' dir='ltr'><strong>sum</strong></span> <span class='ocrx_word' id='word_1_67' title='bbox 483 1030 596 1117; x_wconf 74' lang='lat' dir='ltr'><strong>jam</strong></span> <span class='ocrx_word' id='word_1_68' title='bbox 629 1048 685 1101; x_wconf 95' lang='lat' dir='ltr'><strong>in</strong></span> <span class='ocrx_word' id='word_1_69' title='bbox 737 1063 838 1103; x_wconf 92' lang='lat' dir='ltr'><strong>suo</strong></span> <span class='ocrx_word' id='word_1_70' title='bbox 871 1047 992 1102; x_wconf 86' lang='lat' dir='ltr'><strong>loco</strong></span> <span class='ocrx_word' id='word_1_71' title='bbox 1046 1049 1357 1119; x_wconf 86' lang='lat' dir='ltr'><strong>expositum</strong></span> <span class='ocrx_word' id='word_1_72' title='bbox 1392 1064 1502 1104; x_wconf 89' lang='lat' dir='ltr'><strong>non</strong></span> <span class='ocrx_word' id='word_1_73' title='bbox 1563 1049 1905 1106; x_wconf 82' lang='lat' dir='ltr'><strong>iterabimus.</strong></span> 
     </span>
    </p>
   </div>
   <div class='ocr_carea' id='block_1_13' title="bbox 330 1133 1909 1208">
    <p class='ocr_par' dir='ltr' id='par_1_13' title="bbox 330 1133 1909 1208">
     <span class='ocr_line' id='line_1_13' title="bbox 330 1133 1909 1208; baseline 0.004 -20"><span class='ocrx_word' id='word_1_74' title='bbox 330 1133 679 1191; x_wconf 76' lang='lat' dir='ltr'><strong>Manifestum</strong></span> <span class='ocrx_word' id='word_1_75' title='bbox 708 1146 789 1191; x_wconf 89' lang='lat' dir='ltr'><strong>est</strong></span> <span class='ocrx_word' id='word_1_76' title='bbox 815 1144 997 1192; x_wconf 91' lang='lat' dir='ltr'><strong>autem</strong></span> <span class='ocrx_word' id='word_1_77' title='bbox 1032 1138 1179 1208; x_wconf 91' lang='lat' dir='ltr'><strong>quod</strong></span> <span class='ocrx_word' id='word_1_78' title='bbox 1212 1137 1432 1194; x_wconf 84' lang='lat' dir='ltr'><strong>Christo</strong></span> <span class='ocrx_word' id='word_1_79' title='bbox 1459 1139 1909 1195; x_wconf 86' lang='lat' dir='ltr'><strong>benedicentibus</strong></span> 
     </span>
    </p>
   </div>
   <div class='ocr_carea' id='block_1_14' title="bbox 329 1225 1910 1287">
    <p class='ocr_par' dir='ltr' id='par_1_14' title="bbox 329 1225 1910 1287">
     <span class='ocr_line' id='line_1_14' title="bbox 329 1225 1910 1287; baseline 0.004 -7"><span class='ocrx_word' id='word_1_80' title='bbox 329 1225 475 1282; x_wconf 85' lang='lat' dir='ltr'><strong>Deus</strong></span> <span class='ocrx_word' id='word_1_81' title='bbox 498 1225 799 1282; x_wconf 86' lang='lat' dir='ltr'><strong>benedicet.</strong></span> <span class='ocrx_word' id='word_1_82' title='bbox 822 1227 900 1281; x_wconf 86' lang='lat' dir='ltr'><strong>Ac</strong></span> <span class='ocrx_word' id='word_1_83' title='bbox 931 1227 977 1282; x_wconf 90' lang='lat' dir='ltr'><strong>si</strong></span> <span class='ocrx_word' id='word_1_84' title='bbox 1007 1243 1109 1283; x_wconf 89' lang='lat' dir='ltr'><strong>nos</strong></span> <span class='ocrx_word' id='word_1_85' title='bbox 1145 1237 1570 1284; x_wconf 83' lang='lat' dir='ltr'><strong>exsecrarentur</strong></span> <span class='ocrx_word' id='word_1_86' title='bbox 1606 1239 1664 1284; x_wconf 88' lang='lat' dir='ltr'><strong>ut</strong></span> <span class='ocrx_word' id='word_1_87' title='bbox 1688 1238 1741 1286; x_wconf 93' lang='lat' dir='ltr'><strong>et</strong></span> <span class='ocrx_word' id='word_1_88' title='bbox 1763 1237 1910 1287; x_wconf 86' lang='lat' dir='ltr'><strong>vete-</strong></span> 
     </span>
    </p>
   </div>
   <div class='ocr_carea' id='block_1_15' title="bbox 327 1316 1907 1392">
    <p class='ocr_par' dir='ltr' id='par_1_15' title="bbox 327 1316 1907 1392">
     <span class='ocr_line' id='line_1_15' title="bbox 327 1316 1907 1392; baseline 0.003 -19"><span class='ocrx_word' id='word_1_89' title='bbox 327 1334 443 1373; x_wconf 87' lang='lat' dir='ltr'><strong>rem</strong></span> <span class='ocrx_word' id='word_1_90' title='bbox 480 1316 574 1373; x_wconf 92' lang='lat' dir='ltr'><strong>Dei</strong></span> <span class='ocrx_word' id='word_1_91' title='bbox 604 1319 864 1389; x_wconf 88' lang='lat' dir='ltr'><strong>populum</strong></span> <span class='ocrx_word' id='word_1_92' title='bbox 898 1318 1163 1392; x_wconf 65' lang='lat' dir='ltr'><strong>AEgyptii,</strong></span> <span class='ocrx_word' id='word_1_93' title='bbox 1203 1320 1259 1375; x_wconf 89' lang='lat' dir='ltr'><strong>in</strong></span> <span class='ocrx_word' id='word_1_94' title='bbox 1303 1322 1463 1377; x_wconf 88' lang='lat' dir='ltr'><strong>nobis</strong></span> <span class='ocrx_word' id='word_1_95' title='bbox 1494 1329 1679 1377; x_wconf 91' lang='lat' dir='ltr'><strong>tamen</strong></span> <span class='ocrx_word' id='word_1_96' title='bbox 1711 1322 1907 1392; x_wconf 89' lang='lat' dir='ltr'><strong>imple-</strong></span> 
     </span>
    </p>
   </div>
   <div class='ocr_carea' id='block_1_16' title="bbox 328 1411 1906 1485">
    <p class='ocr_par' dir='ltr' id='par_1_16' title="bbox 328 1411 1906 1485">
     <span class='ocr_line' id='line_1_16' title="bbox 328 1411 1906 1485; baseline 0.004 -21"><span class='ocrx_word' id='word_1_97' title='bbox 328 1417 521 1466; x_wconf 88' lang='lat' dir='ltr'><strong>rentur</strong></span> <span class='ocrx_word' id='word_1_98' title='bbox 575 1418 631 1466; x_wconf 88' lang='lat' dir='ltr'><strong>et</strong></span> <span class='ocrx_word' id='word_1_99' title='bbox 687 1411 780 1465; x_wconf 90' lang='lat' dir='ltr'><strong>illa</strong></span> <span class='ocrx_word' id='word_1_100' title='bbox 831 1430 843 1466; x_wconf 91' lang='lat'><strong>:</strong></span> <span class='ocrx_word' id='word_1_101' title='bbox 896 1430 914 1463; x_wconf 77' lang='grc' dir='ltr'><strong>ι</strong></span> <span class='ocrx_word' id='word_1_102' title='bbox 953 1411 1283 1485; x_wconf 87' lang='lat' dir='ltr'><strong>Quantoque</strong></span> <span class='ocrx_word' id='word_1_103' title='bbox 1330 1414 1716 1484; x_wconf 85' lang='lat' dir='ltr'><strong>opprimebant</strong></span> <span class='ocrx_word' id='word_1_104' title='bbox 1765 1430 1862 1470; x_wconf 92' lang='lat' dir='ltr'><strong>eos</strong></span> <span class='ocrx_word' id='word_1_105' title='bbox 1891 1456 1906 1478; x_wconf 87' lang='lat'><strong>,</strong></span> 
     </span>
    </p>
   </div>
   <div class='ocr_carea' id='block_1_17' title="bbox 325 1502 1911 1573">
    <p class='ocr_par' dir='ltr' id='par_1_17' title="bbox 325 1502 1911 1573">
     <span class='ocr_line' id='line_1_17' title="bbox 325 1502 1911 1573; baseline 0.003 -17"><span class='ocrx_word' id='word_1_106' title='bbox 325 1508 480 1558; x_wconf 88' lang='lat' dir='ltr'><strong>tanto</strong></span> <span class='ocrx_word' id='word_1_107' title='bbox 503 1503 677 1571; x_wconf 89' lang='lat' dir='ltr'><strong>magis</strong></span> <span class='ocrx_word' id='word_1_108' title='bbox 707 1502 1216 1573; x_wconf 84' lang='lat' dir='ltr'><strong>multiplicabantur</strong></span> <span class='ocrx_word' id='word_1_109' title='bbox 1244 1511 1299 1560; x_wconf 92' lang='lat' dir='ltr'><strong>et</strong></span> <span class='ocrx_word' id='word_1_110' title='bbox 1327 1504 1651 1561; x_wconf 85' lang='lat' dir='ltr'><strong>crescebant</strong></span> <span class='ocrx_word' id='word_1_111' title='bbox 1674 1505 1762 1561; x_wconf 61' lang='grc' dir='ltr'><strong>δι’.</strong></span> <span class='ocrx_word' id='word_1_112' title='bbox 1786 1523 1805 1557; x_wconf 75' lang='grc' dir='ltr'><strong>ι</strong></span> <span class='ocrx_word' id='word_1_113' title='bbox 1844 1504 1911 1560; x_wconf 88' lang='grc' dir='ltr'>Ει</span> 
     </span>
    </p>
   </div>
   <div class='ocr_carea' id='block_1_18' title="bbox 329 1594 1908 1670">
    <p class='ocr_par' dir='ltr' id='par_1_18' title="bbox 329 1594 1908 1670">
     <span class='ocr_line' id='line_1_18' title="bbox 329 1594 1908 1670; baseline 0.002 -20"><span class='ocrx_word' id='word_1_114' title='bbox 329 1609 462 1651; x_wconf 86' lang='lat' dir='ltr'><strong>sane</strong></span> <span class='ocrx_word' id='word_1_115' title='bbox 493 1594 730 1666; x_wconf 86' lang='lat' dir='ltr'><strong>quodam</strong></span> <span class='ocrx_word' id='word_1_116' title='bbox 763 1596 927 1650; x_wconf 90' lang='lat' dir='ltr'><strong>modo</strong></span> <span class='ocrx_word' id='word_1_117' title='bbox 967 1596 1415 1652; x_wconf 87' lang='lat' dir='ltr'><strong>maledictioncm</strong></span> <span class='ocrx_word' id='word_1_118' title='bbox 1452 1605 1785 1669; x_wconf 89' lang='lat' dir='ltr'><strong>acceperunt</strong></span> <span class='ocrx_word' id='word_1_119' title='bbox 1816 1598 1908 1670; x_wconf 88' lang='lat' dir='ltr'><strong>qui</strong></span> 
     </span>
    </p>
   </div>
   <div class='ocr_carea' id='block_1_19' title="bbox 326 1686 1907 1765">
    <p class='ocr_par' dir='ltr' id='par_1_19' title="bbox 326 1686 1907 1765">
     <span class='ocr_line' id='line_1_19' title="bbox 326 1686 1907 1765; baseline 0.003 -21"><span class='ocrx_word' id='word_1_120' title='bbox 326 1688 458 1744; x_wconf 86' lang='lat' dir='ltr'><strong>olim</strong></span> <span class='ocrx_word' id='word_1_121' title='bbox 495 1688 545 1743; x_wconf 89' lang='lat' dir='ltr'><strong>ei</strong></span> <span class='ocrx_word' id='word_1_122' title='bbox 597 1686 1022 1754; x_wconf 83' lang='lat' dir='ltr'><strong>maledixerunt,</strong></span> <span class='ocrx_word' id='word_1_123' title='bbox 1083 1692 1460 1748; x_wconf 83' lang='lat' dir='ltr'><strong>exclamantes</strong></span> <span class='ocrx_word' id='word_1_124' title='bbox 1494 1708 1509 1745; x_wconf 91' lang='lat'><strong>:</strong></span> <span class='ocrx_word' id='word_1_125' title='bbox 1551 1710 1571 1744; x_wconf 73' lang='grc' dir='ltr'><strong>ι</strong></span> <span class='ocrx_word' id='word_1_126' title='bbox 1606 1691 1907 1765; x_wconf 83' lang='lat' dir='ltr'><strong>Cruciﬁge,</strong></span> 
     </span>
    </p>
   </div>
   <div class='ocr_carea' id='block_1_20' title="bbox 2015 482 3602 562">
    <p class='ocr_par' dir='ltr' id='par_1_20' title="bbox 2015 482 3602 562">
     <span class='ocr_line' id='line_1_20' title="bbox 2015 482 3602 562; baseline -0.003 -19"><span class='ocrx_word' id='word_1_127' title='bbox 2015 488 2324 561; x_wconf 77' lang='grc' dir='ltr'>ἐξιχνεύων,</span> <span class='ocrx_word' id='word_1_128' title='bbox 2379 490 2626 562; x_wconf 84' lang='grc' dir='ltr'>καρποὺς</span> <span class='ocrx_word' id='word_1_129' title='bbox 2669 489 2727 542; x_wconf 77' lang='grc' dir='ltr'>δὲ</span> <span class='ocrx_word' id='word_1_130' title='bbox 2772 488 3073 562; x_wconf 76' lang='grc' dir='ltr'><strong>τροφίμους</strong></span> <span class='ocrx_word' id='word_1_131' title='bbox 3109 486 3200 541; x_wconf 82' lang='grc' dir='ltr'>διὰ</span> <span class='ocrx_word' id='word_1_132' title='bbox 3247 488 3351 557; x_wconf 80' lang='grc' dir='ltr'>τῆς</span> <span class='ocrx_word' id='word_1_133' title='bbox 3401 482 3602 539; x_wconf 77' lang='grc' dir='ltr'>ἑαυτοῦ</span> 
     </span>
    </p>
   </div>
   <div class='ocr_carea' id='block_1_21' title="bbox 2012 580 3603 654">
    <p class='ocr_par' dir='ltr' id='par_1_21' title="bbox 2012 580 3603 654">
     <span class='ocr_line' id='line_1_21' title="bbox 2012 580 3603 654; baseline -0.001 -20"><span class='ocrx_word' id='word_1_134' title='bbox 2012 582 2286 654; x_wconf 80' lang='grc' dir='ltr'><strong>γεωργίας</strong></span> <span class='ocrx_word' id='word_1_135' title='bbox 2320 581 2505 646; x_wconf 81' lang='grc' dir='ltr'>αὐτοῖς</span> <span class='ocrx_word' id='word_1_136' title='bbox 2556 582 2819 653; x_wconf 83' lang='grc' dir='ltr'>ὲμποιῶν.</span> <span class='ocrx_word' id='word_1_137' title='bbox 2857 581 3041 636; x_wconf 89' lang='grc' dir='ltr'>Ταῦτα</span> <span class='ocrx_word' id='word_1_138' title='bbox 3075 581 3133 634; x_wconf 77' lang='grc' dir='ltr'>δὲ</span> <span class='ocrx_word' id='word_1_139' title='bbox 3160 580 3456 652; x_wconf 78' lang='grc' dir='ltr'><strong>εἰργάσατο</strong></span> <span class='ocrx_word' id='word_1_140' title='bbox 3488 582 3603 643; x_wconf 82' lang='grc' dir='ltr'>τοῖς</span> 
     </span>
    </p>
   </div>
   <div class='ocr_carea' id='block_1_22' title="bbox 2011 671 3605 746">
    <p class='ocr_par' dir='ltr' id='par_1_22' title="bbox 2011 671 3605 746">
     <span class='ocr_line' id='line_1_22' title="bbox 2011 671 3605 746; baseline -0.002 -18"><span class='ocrx_word' id='word_1_141' title='bbox 2011 677 2223 746; x_wconf 82' lang='grc' dir='ltr'><strong>νοητοῖς</strong></span> <span class='ocrx_word' id='word_1_142' title='bbox 2244 676 2337 728; x_wconf 75' lang='grc' dir='ltr'>καὶ</span> <span class='ocrx_word' id='word_1_143' title='bbox 2361 674 2600 743; x_wconf 84' lang='grc' dir='ltr'>λογικοῖς</span> <span class='ocrx_word' id='word_1_144' title='bbox 2626 674 2824 745; x_wconf 83' lang='grc' dir='ltr'>βέλεσι,</span> <span class='ocrx_word' id='word_1_145' title='bbox 2858 674 2952 728; x_wconf 74' lang='grc' dir='ltr'><strong>τὸν</strong></span> <span class='ocrx_word' id='word_1_146' title='bbox 2976 673 3144 728; x_wconf 82' lang='grc' dir='ltr'>πάλαι</span> <span class='ocrx_word' id='word_1_147' title='bbox 3164 675 3274 727; x_wconf 90' lang='grc' dir='ltr'><strong>τῶν</strong></span> <span class='ocrx_word' id='word_1_148' title='bbox 3300 672 3471 727; x_wconf 77' lang='grc' dir='ltr'>ἐθνῶν</span> <span class='ocrx_word' id='word_1_149' title='bbox 3505 671 3605 743; x_wconf 78' lang='grc' dir='ltr'><strong>ἄρ-</strong></span> 
     </span>
    </p>
   </div>
   <div class='ocr_carea' id='block_1_23' title="bbox 2011 764 3604 838">
    <p class='ocr_par' dir='ltr' id='par_1_23' title="bbox 2011 764 3604 838">
     <span class='ocr_line' id='line_1_23' title="bbox 2011 764 3604 838; baseline 0 -19"><span class='ocrx_word' id='word_1_150' title='bbox 2011 783 2173 838; x_wconf 90' lang='grc' dir='ltr'>χοντα</span> <span class='ocrx_word' id='word_1_151' title='bbox 2197 765 2388 838; x_wconf 74' lang='grc' dir='ltr'>ἐχθρὸν</span> <span class='ocrx_word' id='word_1_152' title='bbox 2412 766 2542 820; x_wconf 81' lang='grc' dir='ltr'>ὅντα</span> <span class='ocrx_word' id='word_1_153' title='bbox 2574 766 2769 820; x_wconf 84' lang='grc' dir='ltr'>ἑαυτοῦ</span> <span class='ocrx_word' id='word_1_154' title='bbox 2786 765 3206 833; x_wconf 77' lang='grc' dir='ltr'>κατατοξεύσας,</span> <span class='ocrx_word' id='word_1_155' title='bbox 3234 765 3483 819; x_wconf 75' lang='grc' dir='ltr'><strong>τουτέστι</strong></span> <span class='ocrx_word' id='word_1_156' title='bbox 3511 764 3604 819; x_wconf 80' lang='grc' dir='ltr'><strong>τὸν</strong></span> 
     </span>
    </p>
   </div>
   <div class='ocr_carea' id='block_1_24' title="bbox 2009 856 3604 920">
    <p class='ocr_par' dir='ltr' id='par_1_24' title="bbox 2009 856 3604 920">
     <span class='ocr_line' id='line_1_24' title="bbox 2009 856 3604 920; baseline -0.002 -6"><span class='ocrx_word' id='word_1_157' title='bbox 2009 858 2276 914; x_wconf 91' lang='grc' dir='ltr'>διάϐολον.</span> <span class='ocrx_word' id='word_1_158' title='bbox 2334 858 2415 913; x_wconf 69' lang='lat' dir='ltr'><strong>Ta</strong></span> <span class='ocrx_word' id='word_1_159' title='bbox 2457 858 2501 911; x_wconf 81' lang='grc' dir='ltr'>δ’</span> <span class='ocrx_word' id='word_1_160' title='bbox 2546 857 2653 912; x_wconf 80' lang='grc' dir='ltr'><strong>ἀπὸ</strong></span> <span class='ocrx_word' id='word_1_161' title='bbox 2682 856 2775 910; x_wconf 85' lang='grc' dir='ltr'><strong>τοῦ</strong></span> <span class='ocrx_word' id='word_1_162' title='bbox 2816 877 2835 909; x_wconf 76' lang='grc' dir='ltr'><strong>ι</strong></span> <span class='ocrx_word' id='word_1_163' title='bbox 2866 856 3233 920; x_wconf 72' lang='grc' dir='ltr'>Κατακλιθεὶς</span> <span class='ocrx_word' id='word_1_164' title='bbox 3255 857 3604 911; x_wconf 78' lang='grc' dir='ltr'>ἀνεπαύσατο</span> 
     </span>
    </p>
   </div>
   <div class='ocr_carea' id='block_1_25' title="bbox 2009 948 3604 1023">
    <p class='ocr_par' dir='ltr' id='par_1_25' title="bbox 2009 948 3604 1023">
     <span class='ocr_line' id='line_1_25' title="bbox 2009 948 3604 1023; baseline -0.002 -18"><span class='ocrx_word' id='word_1_165' title='bbox 2009 951 2084 1015; x_wconf 81' lang='grc' dir='ltr'>ὡς</span> <span class='ocrx_word' id='word_1_166' title='bbox 2113 951 2271 1016; x_wconf 82' lang='grc' dir='ltr'>λέων,</span> <span class='ocrx_word' id='word_1_167' title='bbox 2301 971 2319 1003; x_wconf 73' lang='grc' dir='ltr'><strong>ι</strong></span> <span class='ocrx_word' id='word_1_168' title='bbox 2356 951 2541 1022; x_wconf 84' lang='grc' dir='ltr'>σχεδὸν</span> <span class='ocrx_word' id='word_1_169' title='bbox 2573 951 2756 1015; x_wconf 80' lang='grc' dir='ltr'>αὐτοῖς</span> <span class='ocrx_word' id='word_1_170' title='bbox 2777 951 2985 1023; x_wconf 77' lang='grc' dir='ltr'>ῥήμασι</span> <span class='ocrx_word' id='word_1_171' title='bbox 3014 949 3109 1003; x_wconf 54' lang='grc' dir='ltr'><strong>και¹</strong></span> <span class='ocrx_word' id='word_1_172' title='bbox 3136 949 3241 1003; x_wconf 83' lang='grc' dir='ltr'>ὑπὸ</span> <span class='ocrx_word' id='word_1_173' title='bbox 3260 949 3356 1003; x_wconf 87' lang='grc' dir='ltr'><strong>τοῦ</strong></span> <span class='ocrx_word' id='word_1_174' title='bbox 3403 948 3604 1003; x_wconf 81' lang='grc' dir='ltr'>Ἰακὼϐ</span> 
     </span>
    </p>
   </div>
   <div class='ocr_carea' id='block_1_26' title="bbox 2012 1040 3605 1115">
    <p class='ocr_par' dir='ltr' id='par_1_26' title="bbox 2012 1040 3605 1115">
     <span class='ocr_line' id='line_1_26' title="bbox 2012 1040 3605 1115; baseline -0.003 -17"><span class='ocrx_word' id='word_1_175' title='bbox 2012 1046 2070 1098; x_wconf 81' lang='grc' dir='ltr'>ὲν</span> <span class='ocrx_word' id='word_1_176' title='bbox 2094 1045 2214 1107; x_wconf 89' lang='grc' dir='ltr'>ταῖς</span> <span class='ocrx_word' id='word_1_177' title='bbox 2244 1043 2372 1115; x_wconf 74' lang='grc' dir='ltr'>περὶ</span> <span class='ocrx_word' id='word_1_178' title='bbox 2405 1042 2501 1096; x_wconf 89' lang='grc' dir='ltr'><strong>τοῦ</strong></span> <span class='ocrx_word' id='word_1_179' title='bbox 2543 1042 2717 1097; x_wconf 85' lang='grc' dir='ltr'>Ἰούδα</span> <span class='ocrx_word' id='word_1_180' title='bbox 2763 1042 3127 1114; x_wconf 84' lang='grc' dir='ltr'>προφητείαις</span> <span class='ocrx_word' id='word_1_181' title='bbox 3163 1042 3379 1113; x_wconf 84' lang='grc' dir='ltr'>εἴρηται</span> <span class='ocrx_word' id='word_1_182' title='bbox 3398 1057 3414 1069; x_wconf 82' lang='lat'><strong><em>°</em></strong></span> <span class='ocrx_word' id='word_1_183' title='bbox 3441 1040 3605 1094; x_wconf 73' lang='grc' dir='ltr'>ἅτινα</span> 
     </span>
    </p>
   </div>
   <div class='ocr_carea' id='block_1_27' title="bbox 2009 1131 3602 1206">
    <p class='ocr_par' dir='ltr' id='par_1_27' title="bbox 2009 1131 3602 1206">
     <span class='ocr_line' id='line_1_27' title="bbox 2009 1131 3602 1206; baseline -0.004 -16"><span class='ocrx_word' id='word_1_184' title='bbox 2009 1138 2193 1191; x_wconf 72' lang='grc' dir='ltr'>ὁποῖον</span> <span class='ocrx_word' id='word_1_185' title='bbox 2218 1134 2331 1206; x_wconf 75' lang='grc' dir='ltr'>ἔχει</span> <span class='ocrx_word' id='word_1_186' title='bbox 2362 1134 2485 1189; x_wconf 90' lang='grc' dir='ltr'>νοῦν</span> <span class='ocrx_word' id='word_1_187' title='bbox 2511 1134 2653 1189; x_wconf 84' lang='grc' dir='ltr'>κατὰ</span> <span class='ocrx_word' id='word_1_188' title='bbox 2688 1133 2757 1187; x_wconf 82' lang='grc' dir='ltr'><strong>τά</strong></span> <span class='ocrx_word' id='word_1_189' title='bbox 2788 1134 3129 1188; x_wconf 83' lang='grc' dir='ltr'>ὑποπεσόντα</span> <span class='ocrx_word' id='word_1_190' title='bbox 3157 1134 3288 1203; x_wconf 84' lang='grc' dir='ltr'>ἡμῖν</span> <span class='ocrx_word' id='word_1_191' title='bbox 3313 1131 3602 1202; x_wconf 73' lang='grc' dir='ltr'>ἐκθέμενοι</span> 
     </span>
    </p>
   </div>
   <div class='ocr_carea' id='block_1_28' title="bbox 2009 1226 3602 1299">
    <p class='ocr_par' dir='ltr' id='par_1_28' title="bbox 2009 1226 3602 1299">
     <span class='ocr_line' id='line_1_28' title="bbox 2009 1226 3602 1299; baseline -0.003 -17"><span class='ocrx_word' id='word_1_192' title='bbox 2009 1228 2071 1282; x_wconf 82' lang='grc' dir='ltr'><strong>οὐ</strong></span> <span class='ocrx_word' id='word_1_193' title='bbox 2093 1228 2527 1299; x_wconf 83' lang='grc' dir='ltr'>παλιλογήσομεν</span> <span class='ocrx_word' id='word_1_194' title='bbox 2546 1245 2560 1259; x_wconf 79' lang='grc'><em>’</em></span> <span class='ocrx_word' id='word_1_195' title='bbox 2592 1227 2749 1299; x_wconf 82' lang='grc' dir='ltr'>δῆλον</span> <span class='ocrx_word' id='word_1_196' title='bbox 2776 1227 2834 1280; x_wconf 84' lang='grc' dir='ltr'>δὲ</span> <span class='ocrx_word' id='word_1_197' title='bbox 2877 1226 3132 1296; x_wconf 76' lang='grc' dir='ltr'>τυγχάνει</span> <span class='ocrx_word' id='word_1_198' title='bbox 3170 1227 3318 1288; x_wconf 79' lang='grc' dir='ltr'>ὅπως</span> <span class='ocrx_word' id='word_1_199' title='bbox 3363 1226 3529 1295; x_wconf 79' lang='grc' dir='ltr'>ἡμεῖς</span> <span class='ocrx_word' id='word_1_200' title='bbox 3551 1226 3602 1278; x_wconf 70' lang='grc' dir='ltr'>οἱ</span> 
     </span>
    </p>
   </div>
   <div class='ocr_carea' id='block_1_29' title="bbox 2009 1315 3602 1392">
    <p class='ocr_par' dir='ltr' id='par_1_29' title="bbox 2009 1315 3602 1392">
     <span class='ocr_line' id='line_1_29' title="bbox 2009 1315 3602 1392; baseline -0.002 -18"><span class='ocrx_word' id='word_1_201' title='bbox 2009 1320 2101 1374; x_wconf 79' lang='grc' dir='ltr'><strong>τὸν</strong></span> <span class='ocrx_word' id='word_1_202' title='bbox 2146 1320 2384 1392; x_wconf 83' lang='grc' dir='ltr'>Χριστὸν</span> <span class='ocrx_word' id='word_1_203' title='bbox 2412 1319 2761 1390; x_wconf 77' lang='grc' dir='ltr'>εὐλογοῦντες</span> <span class='ocrx_word' id='word_1_204' title='bbox 2800 1318 2896 1373; x_wconf 86' lang='grc' dir='ltr'><strong>τοῦ</strong></span> <span class='ocrx_word' id='word_1_205' title='bbox 2926 1318 3059 1372; x_wconf 86' lang='grc' dir='ltr'>Θεοῦ</span> <span class='ocrx_word' id='word_1_206' title='bbox 3076 1317 3459 1389; x_wconf 63' lang='grc' dir='ltr'>ηὐλογήμεθω</span> <span class='ocrx_word' id='word_1_207' title='bbox 3496 1315 3602 1371; x_wconf 70' lang='grc' dir='ltr'><strong>κᾶν</strong></span> 
     </span>
    </p>
   </div>
   <div class='ocr_carea' id='block_1_30' title="bbox 2010 1405 3599 1483">
    <p class='ocr_par' dir='ltr' id='par_1_30' title="bbox 2010 1405 3599 1483">
     <span class='ocr_line' id='line_1_30' title="bbox 2010 1405 3599 1483; baseline -0.001 -20"><span class='ocrx_word' id='word_1_208' title='bbox 2010 1410 2120 1482; x_wconf 83' lang='grc' dir='ltr'>γὰρ</span> <span class='ocrx_word' id='word_1_209' title='bbox 2165 1410 2537 1483; x_wconf 85' lang='grc' dir='ltr'>βδελύσσοιντο</span> <span class='ocrx_word' id='word_1_210' title='bbox 2576 1412 2723 1483; x_wconf 80' lang='grc' dir='ltr'>ἡμᾶς</span> <span class='ocrx_word' id='word_1_211' title='bbox 2766 1409 2841 1474; x_wconf 87' lang='grc' dir='ltr'>ὡς</span> <span class='ocrx_word' id='word_1_212' title='bbox 2870 1410 2964 1463; x_wconf 74' lang='grc' dir='ltr'><strong>καὶ</strong></span> <span class='ocrx_word' id='word_1_213' title='bbox 3012 1411 3103 1463; x_wconf 84' lang='grc' dir='ltr'><strong>τὸν</strong></span> <span class='ocrx_word' id='word_1_214' title='bbox 3143 1409 3311 1462; x_wconf 85' lang='grc' dir='ltr'>πάλαι</span> <span class='ocrx_word' id='word_1_215' title='bbox 3342 1408 3438 1462; x_wconf 85' lang='grc' dir='ltr'><strong>τοῦ</strong></span> <span class='ocrx_word' id='word_1_216' title='bbox 3461 1405 3599 1463; x_wconf 78' lang='grc' dir='ltr'>Θεοῦ</span> 
     </span>
    </p>
   </div>
   <div class='ocr_carea' id='block_1_31' title="bbox 2009 1501 3601 1573">
    <p class='ocr_par' dir='ltr' id='par_1_31' title="bbox 2009 1501 3601 1573">
     <span class='ocr_line' id='line_1_31' title="bbox 2009 1501 3601 1573; baseline -0.001 -17"><span class='ocrx_word' id='word_1_217' title='bbox 2009 1501 2137 1557; x_wconf 79' lang='grc' dir='ltr'>λαὸν</span> <span class='ocrx_word' id='word_1_218' title='bbox 2165 1505 2214 1557; x_wconf 88' lang='grc' dir='ltr'><strong>οί</strong></span> <span class='ocrx_word' id='word_1_219' title='bbox 2244 1503 2553 1573; x_wconf 78' lang='grc' dir='ltr'>Αἰγύπτιοι,</span> <span class='ocrx_word' id='word_1_220' title='bbox 2601 1503 2753 1573; x_wconf 80' lang='grc' dir='ltr'>ὅμως</span> <span class='ocrx_word' id='word_1_221' title='bbox 2782 1501 3083 1573; x_wconf 84' lang='grc' dir='ltr'>πληροῦταί</span> <span class='ocrx_word' id='word_1_222' title='bbox 3111 1519 3175 1571; x_wconf 85' lang='grc' dir='ltr'><strong>γε</strong></span> <span class='ocrx_word' id='word_1_223' title='bbox 3207 1502 3303 1556; x_wconf 59' lang='grc' dir='ltr'><strong>καὶ⁵</strong></span> <span class='ocrx_word' id='word_1_224' title='bbox 3340 1503 3430 1572; x_wconf 78' lang='grc' dir='ltr'><strong>ἐφ’</strong></span> <span class='ocrx_word' id='word_1_225' title='bbox 3467 1502 3601 1573; x_wconf 74' lang='grc' dir='ltr'>ἡμῖν</span> 
     </span>
    </p>
   </div>
   <div class='ocr_carea' id='block_1_32' title="bbox 2008 1592 3603 1665">
    <p class='ocr_par' dir='ltr' id='par_1_32' title="bbox 2008 1592 3603 1665">
     <span class='ocr_line' id='line_1_32' title="bbox 2008 1592 3603 1665; baseline -0.001 -17"><span class='ocrx_word' id='word_1_226' title='bbox 2008 1593 2091 1658; x_wconf 83' lang='grc' dir='ltr'><strong>τὸ,</strong></span> <span class='ocrx_word' id='word_1_227' title='bbox 2115 1614 2133 1646; x_wconf 78' lang='grc' dir='ltr'><strong>ι</strong></span> <span class='ocrx_word' id='word_1_228' title='bbox 2156 1594 2278 1648; x_wconf 80' lang='grc' dir='ltr'>καθ’</span> <span class='ocrx_word' id='word_1_229' title='bbox 2309 1597 2431 1649; x_wconf 80' lang='grc' dir='ltr'>ὅσον</span> <span class='ocrx_word' id='word_1_230' title='bbox 2455 1595 2510 1649; x_wconf 83' lang='grc' dir='ltr'><strong>δὲ</strong></span> <span class='ocrx_word' id='word_1_231' title='bbox 2533 1595 2853 1650; x_wconf 88' lang='grc' dir='ltr'>ὲταπείνουν</span> <span class='ocrx_word' id='word_1_232' title='bbox 2876 1596 3092 1658; x_wconf 73' lang='grc' dir='ltr'>αὐτοὺς,</span> <span class='ocrx_word' id='word_1_233' title='bbox 3125 1595 3364 1665; x_wconf 86' lang='grc' dir='ltr'>τοσούτῳ</span> <span class='ocrx_word' id='word_1_234' title='bbox 3382 1592 3603 1659; x_wconf 82' lang='grc' dir='ltr'>πλείους</span> 
     </span>
    </p>
   </div>
   <div class='ocr_carea' id='block_1_33' title="bbox 2011 1684 3603 1758">
    <p class='ocr_par' dir='ltr' id='par_1_33' title="bbox 2011 1684 3603 1758">
     <span class='ocr_line' id='line_1_33' title="bbox 2011 1684 3603 1758; baseline 0 -19"><span class='ocrx_word' id='word_1_235' title='bbox 2011 1685 2268 1754; x_wconf 77' lang='grc' dir='ltr'>ἐγίνοντο,</span> <span class='ocrx_word' id='word_1_236' title='bbox 2290 1687 2384 1741; x_wconf 77' lang='grc' dir='ltr'><strong>καὶ</strong></span> <span class='ocrx_word' id='word_1_237' title='bbox 2418 1686 2600 1757; x_wconf 80' lang='grc' dir='ltr'>ἴσχυον</span> <span class='ocrx_word' id='word_1_238' title='bbox 2630 1685 2834 1758; x_wconf 86' lang='grc' dir='ltr'>σφόδρα</span> <span class='ocrx_word' id='word_1_239' title='bbox 2858 1685 3059 1758; x_wconf 79' lang='grc' dir='ltr'>σφόδρα</span> <span class='ocrx_word' id='word_1_240' title='bbox 3078 1702 3092 1714; x_wconf 90' lang='grc'>·</span> <span class='ocrx_word' id='word_1_241' title='bbox 3122 1705 3140 1736; x_wconf 75' lang='grc' dir='ltr'><strong>ι</strong></span> <span class='ocrx_word' id='word_1_242' title='bbox 3173 1686 3266 1738; x_wconf 81' lang='grc' dir='ltr'><strong>καί</strong></span> <span class='ocrx_word' id='word_1_243' title='bbox 3293 1685 3463 1755; x_wconf 76' lang='grc' dir='ltr'>σαφὲς</span> <span class='ocrx_word' id='word_1_244' title='bbox 3482 1684 3603 1739; x_wconf 82' lang='grc' dir='ltr'>τίνα</span> 
     </span>
    </p>
   </div>
   <div class='ocr_carea' id='block_1_34' title="bbox 327 1770 1905 1851">
    <p class='ocr_par' dir='ltr' id='par_1_34' title="bbox 327 1777 1905 1850">
     <span class='ocr_line' id='line_1_34' title="bbox 327 1777 1905 1850; baseline 0.005 -19"><span class='ocrx_word' id='word_1_245' title='bbox 327 1777 586 1850; x_wconf 79' lang='lat' dir='ltr'><strong>cruciﬁge</strong></span> <span class='ocrx_word' id='word_1_246' title='bbox 613 1794 739 1833; x_wconf 91' lang='lat' dir='ltr'><strong>eum</strong></span> <span class='ocrx_word' id='word_1_247' title='bbox 775 1778 845 1833; x_wconf 71' lang='grc'><strong>⁸⁵.</strong></span> <span class='ocrx_word' id='word_1_248' title='bbox 883 1799 900 1832; x_wconf 80' lang='grc' dir='ltr'><strong>ι</strong></span> <span class='ocrx_word' id='word_1_249' title='bbox 936 1778 1249 1836; x_wconf 70' lang='lat' dir='ltr'><strong>Maledictis</strong></span> <span class='ocrx_word' id='word_1_250' title='bbox 1279 1782 1425 1836; x_wconf 88' lang='lat' dir='ltr'><strong>enim</strong></span> <span class='ocrx_word' id='word_1_251' title='bbox 1462 1798 1600 1837; x_wconf 87' lang='lat' dir='ltr'><strong>crux</strong></span> <span class='ocrx_word' id='word_1_252' title='bbox 1622 1791 1762 1849; x_wconf 89' lang='lat' dir='ltr'><strong>erat,</strong></span> <span class='ocrx_word' id='word_1_253' title='bbox 1794 1784 1905 1839; x_wconf 89' lang='lat' dir='ltr'><strong>sic—</strong></span> 
     </span>
    </p>
   </div>
   <div class='ocr_carea' id='block_1_35' title="bbox 2022 1770 3605 1851">
    <p class='ocr_par' dir='ltr' id='par_1_35' title="bbox 2022 1770 3605 1851">
     <span class='ocr_line' id='line_1_35' title="bbox 2022 1770 3605 1851; baseline -0.003 -17"><span class='ocrx_word' id='word_1_254' title='bbox 2022 1779 2214 1851; x_wconf 79' lang='grc' dir='ltr'>ιρόπον</span> <span class='ocrx_word' id='word_1_255' title='bbox 2261 1778 2360 1851; x_wconf 85' lang='grc' dir='ltr'><strong>τὴν</strong></span> <span class='ocrx_word' id='word_1_256' title='bbox 2413 1777 2660 1849; x_wconf 86' lang='grc' dir='ltr'>κατάραν</span> <span class='ocrx_word' id='word_1_257' title='bbox 2706 1778 2991 1850; x_wconf 82' lang='grc' dir='ltr'>εἰλήφασιν</span> <span class='ocrx_word' id='word_1_258' title='bbox 3043 1778 3093 1831; x_wconf 86' lang='grc' dir='ltr'>οἱ</span> <span class='ocrx_word' id='word_1_259' title='bbox 3142 1770 3383 1849; x_wconf 79' lang='grc' dir='ltr'>ὲξαρχῆς</span> <span class='ocrx_word' id='word_1_260' title='bbox 3435 1776 3605 1830; x_wconf 79' lang='grc' dir='ltr'>αὐτὸν</span> 
     </span>
    </p>
   </div>
   <div class='ocr_carea' id='block_1_36' title="bbox 327 1868 1906 1945">
    <p class='ocr_par' dir='ltr' id='par_1_36' title="bbox 327 1868 1906 1945">
     <span class='ocr_line' id='line_1_36' title="bbox 327 1868 1906 1945; baseline 0.005 -23"><span class='ocrx_word' id='word_1_261' title='bbox 327 1875 387 1923; x_wconf 82' lang='grc' dir='ltr'><strong>ιιι</strong></span> <span class='ocrx_word' id='word_1_262' title='bbox 415 1868 621 1924; x_wconf 92' lang='lat' dir='ltr'><strong>dictum</strong></span> <span class='ocrx_word' id='word_1_263' title='bbox 660 1876 747 1925; x_wconf 90' lang='lat' dir='ltr'><strong>est</strong></span> <span class='ocrx_word' id='word_1_264' title='bbox 780 1888 793 1925; x_wconf 89' lang='lat'><strong>:</strong></span> <span class='ocrx_word' id='word_1_265' title='bbox 826 1888 845 1922; x_wconf 75' lang='grc' dir='ltr'><strong>ι</strong></span> <span class='ocrx_word' id='word_1_266' title='bbox 885 1869 1211 1927; x_wconf 82' lang='lat' dir='ltr'><strong>Maledictus</strong></span> <span class='ocrx_word' id='word_1_267' title='bbox 1243 1873 1424 1928; x_wconf 90' lang='lat' dir='ltr'><strong>omnis</strong></span> <span class='ocrx_word' id='word_1_268' title='bbox 1470 1874 1564 1944; x_wconf 89' lang='lat' dir='ltr'><strong>qui</strong></span> <span class='ocrx_word' id='word_1_269' title='bbox 1616 1874 1817 1945; x_wconf 83' lang='lat' dir='ltr'><strong>pendet</strong></span> <span class='ocrx_word' id='word_1_270' title='bbox 1848 1875 1906 1930; x_wconf 90' lang='lat' dir='ltr'><strong>in</strong></span> 
     </span>
    </p>
   </div>
   <div class='ocr_carea' id='block_1_37' title="bbox 327 1961 1906 2036">
    <p class='ocr_par' dir='ltr' id='par_1_37' title="bbox 327 1961 1906 2036">
     <span class='ocr_line' id='line_1_37' title="bbox 327 1961 1906 2036; baseline 0.005 -21"><span class='ocrx_word' id='word_1_271' title='bbox 327 1961 478 2034; x_wconf 82' lang='lat' dir='ltr'><strong>ligno</strong></span> <span class='ocrx_word' id='word_1_272' title='bbox 507 1961 598 2018; x_wconf 69' lang='grc' dir='ltr'><strong>δ”.</strong></span> <span class='ocrx_word' id='word_1_273' title='bbox 641 1981 661 2015; x_wconf 70' lang='grc' dir='ltr'><strong>ι</strong></span> <span class='ocrx_word' id='word_1_274' title='bbox 694 1962 798 2029; x_wconf 87' lang='lat' dir='ltr'><strong>Qui</strong></span> <span class='ocrx_word' id='word_1_275' title='bbox 821 1975 1005 2018; x_wconf 81' lang='lat' dir='ltr'><strong>autem</strong></span> <span class='ocrx_word' id='word_1_276' title='bbox 1035 1962 1251 2017; x_wconf 91' lang='lat' dir='ltr'><strong>illorum</strong></span> <span class='ocrx_word' id='word_1_277' title='bbox 1282 1963 1537 2034; x_wconf 89' lang='lat' dir='ltr'><strong>injuriam</strong></span> <span class='ocrx_word' id='word_1_278' title='bbox 1571 1980 1769 2036; x_wconf 89' lang='lat' dir='ltr'><strong>passus</strong></span> <span class='ocrx_word' id='word_1_279' title='bbox 1800 1974 1906 2034; x_wconf 86' lang='lat' dir='ltr'><strong>est,</strong></span> 
     </span>
    </p>
   </div>
   <div class='ocr_carea' id='block_1_38' title="bbox 327 2052 1905 2126">
    <p class='ocr_par' dir='ltr' id='par_1_38' title="bbox 327 2052 1905 2126">
     <span class='ocr_line' id='line_1_38' title="bbox 327 2052 1905 2126; baseline 0.004 -19"><span class='ocrx_word' id='word_1_280' title='bbox 327 2067 359 2107; x_wconf 73' lang='grc' dir='ltr'><strong>ο</strong></span> <span class='ocrx_word' id='word_1_281' title='bbox 384 2052 545 2110; x_wconf 85' lang='lat' dir='ltr'><strong>Patre</strong></span> <span class='ocrx_word' id='word_1_282' title='bbox 574 2054 888 2121; x_wconf 77' lang='lat' dir='ltr'><strong>extollitur;</strong></span> <span class='ocrx_word' id='word_1_283' title='bbox 911 2054 966 2108; x_wconf 91' lang='lat' dir='ltr'><strong>hi</strong></span> <span class='ocrx_word' id='word_1_284' title='bbox 985 2070 1135 2119; x_wconf 84' lang='lat' dir='ltr'><strong>vero,</strong></span> <span class='ocrx_word' id='word_1_285' title='bbox 1158 2056 1251 2126; x_wconf 86' lang='lat' dir='ltr'><strong>qui</strong></span> <span class='ocrx_word' id='word_1_286' title='bbox 1273 2071 1300 2109; x_wconf 85' lang='lat' dir='ltr'><strong>a</strong></span> <span class='ocrx_word' id='word_1_287' title='bbox 1326 2054 1439 2111; x_wconf 90' lang='lat' dir='ltr'><strong>Deo</strong></span> <span class='ocrx_word' id='word_1_288' title='bbox 1460 2056 1733 2113; x_wconf 88' lang='lat' dir='ltr'><strong>maledicti</strong></span> <span class='ocrx_word' id='word_1_289' title='bbox 1755 2068 1905 2125; x_wconf 89' lang='lat' dir='ltr'><strong>sunt,</strong></span> 
     </span>
    </p>
   </div>
   <div class='ocr_carea' id='block_1_39' title="bbox 329 2147 1908 2220">
    <p class='ocr_par' dir='ltr' id='par_1_39' title="bbox 329 2147 1908 2220">
     <span class='ocr_line' id='line_1_39' title="bbox 329 2147 1908 2220; baseline 0.006 -21"><span class='ocrx_word' id='word_1_290' title='bbox 329 2154 653 2216; x_wconf 85' lang='lat' dir='ltr'><strong>perpetuum</strong></span> <span class='ocrx_word' id='word_1_291' title='bbox 687 2147 743 2201; x_wconf 89' lang='lat' dir='ltr'><strong>in</strong></span> <span class='ocrx_word' id='word_1_292' title='bbox 770 2147 970 2203; x_wconf 80' lang='lat' dir='ltr'><strong>saecula</strong></span> <span class='ocrx_word' id='word_1_293' title='bbox 1004 2156 1338 2219; x_wconf 84' lang='lat' dir='ltr'><strong>acceperunt</strong></span> <span class='ocrx_word' id='word_1_294' title='bbox 1384 2149 1736 2220; x_wconf 89' lang='lat' dir='ltr'><strong>supplicium.</strong></span> <span class='ocrx_word' id='word_1_295' title='bbox 1769 2150 1908 2208; x_wconf 88' lang='lat' dir='ltr'><strong>Illud</strong></span> 
     </span>
    </p>
   </div>
   <div class='ocr_carea' id='block_1_40' title="bbox 326 2236 1909 2316">
    <p class='ocr_par' dir='ltr' id='par_1_40' title="bbox 326 2236 1909 2316">
     <span class='ocr_line' id='line_1_40' title="bbox 326 2236 1909 2316; baseline 0.004 -22"><span class='ocrx_word' id='word_1_296' title='bbox 326 2236 475 2294; x_wconf 86' lang='lat' dir='ltr'><strong>enim</strong></span> <span class='ocrx_word' id='word_1_297' title='bbox 505 2239 767 2295; x_wconf 83' lang='lat' dir='ltr'><strong>attentius</strong></span> <span class='ocrx_word' id='word_1_298' title='bbox 787 2240 1185 2305; x_wconf 83' lang='lat' dir='ltr'><strong>consideranti,</strong></span> <span class='ocrx_word' id='word_1_299' title='bbox 1228 2239 1323 2297; x_wconf 89' lang='lat' dir='ltr'><strong>Dei</strong></span> <span class='ocrx_word' id='word_1_300' title='bbox 1350 2244 1641 2314; x_wconf 88' lang='lat' dir='ltr'><strong>potestatis</strong></span> <span class='ocrx_word' id='word_1_301' title='bbox 1671 2258 1909 2316; x_wconf 82' lang='lat' dir='ltr'><strong>appare-</strong></span> 
     </span>
    </p>
   </div>
   <div class='ocr_carea' id='block_1_41' title="bbox 328 2331 1909 2408">
    <p class='ocr_par' dir='ltr' id='par_1_41' title="bbox 328 2331 1909 2408">
     <span class='ocr_line' id='line_1_41' title="bbox 328 2331 1909 2408; baseline 0.002 -20"><span class='ocrx_word' id='word_1_302' title='bbox 328 2331 409 2389; x_wconf 84' lang='lat' dir='ltr'><strong>bit</strong></span> <span class='ocrx_word' id='word_1_303' title='bbox 434 2332 776 2404; x_wconf 73' lang='lat' dir='ltr'><strong>magnitudo,</strong></span> <span class='ocrx_word' id='word_1_304' title='bbox 802 2349 899 2391; x_wconf 90' lang='lat' dir='ltr'><strong>eos</strong></span> <span class='ocrx_word' id='word_1_305' title='bbox 927 2335 1132 2405; x_wconf 90' lang='lat' dir='ltr'><strong>quibus</strong></span> <span class='ocrx_word' id='word_1_306' title='bbox 1155 2336 1325 2390; x_wconf 89' lang='lat' dir='ltr'><strong>semel</strong></span> <span class='ocrx_word' id='word_1_307' title='bbox 1361 2336 1664 2403; x_wconf 79' lang='lat' dir='ltr'><strong>maledixit,</strong></span> <span class='ocrx_word' id='word_1_308' title='bbox 1697 2337 1754 2391; x_wconf 90' lang='lat' dir='ltr'><strong>in</strong></span> <span class='ocrx_word' id='word_1_309' title='bbox 1782 2352 1909 2408; x_wconf 86' lang='lat' dir='ltr'><strong>per-</strong></span> 
     </span>
    </p>
   </div>
   <div class='ocr_carea' id='block_1_42' title="bbox 327 2424 1904 2498">
    <p class='ocr_par' dir='ltr' id='par_1_42' title="bbox 327 2424 1904 2498">
     <span class='ocr_line' id='line_1_42' title="bbox 327 2424 1904 2498; baseline 0.003 -20"><span class='ocrx_word' id='word_1_310' title='bbox 327 2432 551 2495; x_wconf 83' lang='lat' dir='ltr'><strong>petuum</strong></span> <span class='ocrx_word' id='word_1_311' title='bbox 605 2428 1007 2498; x_wconf 89' lang='lat' dir='ltr'><strong>persequentis.</strong></span> <span class='ocrx_word' id='word_1_312' title='bbox 1069 2424 1184 2482; x_wconf 87' lang='lat' dir='ltr'><strong>Hoc</strong></span> <span class='ocrx_word' id='word_1_313' title='bbox 1217 2426 1531 2498; x_wconf 84' lang='lat' dir='ltr'><strong>signiﬁcant</strong></span> <span class='ocrx_word' id='word_1_314' title='bbox 1579 2443 1644 2485; x_wconf 87' lang='lat' dir='ltr'><strong>ea</strong></span> <span class='ocrx_word' id='word_1_315' title='bbox 1698 2430 1904 2485; x_wconf 82' lang='lat' dir='ltr'><strong>verba:</strong></span> 
     </span>
    </p>
   </div>
   <div class='ocr_carea' id='block_1_43' title="bbox 333 2515 1909 2593">
    <p class='ocr_par' dir='ltr' id='par_1_43' title="bbox 333 2515 1909 2593">
     <span class='ocr_line' id='line_1_43' title="bbox 333 2515 1909 2593; baseline 0.006 -25"><span class='ocrx_word' id='word_1_316' title='bbox 333 2534 352 2568; x_wconf 75' lang='grc' dir='ltr'>σ</span> <span class='ocrx_word' id='word_1_317' title='bbox 387 2515 495 2583; x_wconf 81' lang='lat' dir='ltr'><strong>Qui</strong></span> <span class='ocrx_word' id='word_1_318' title='bbox 527 2516 910 2573; x_wconf 84' lang='lat' dir='ltr'><strong>benedixerint</strong></span> <span class='ocrx_word' id='word_1_319' title='bbox 943 2518 1067 2586; x_wconf 83' lang='lat' dir='ltr'><strong>tibi,</strong></span> <span class='ocrx_word' id='word_1_320' title='bbox 1091 2528 1253 2575; x_wconf 88' lang='lat' dir='ltr'><strong>erunt</strong></span> <span class='ocrx_word' id='word_1_321' title='bbox 1280 2526 1335 2574; x_wconf 91' lang='lat' dir='ltr'><strong>et</strong></span> <span class='ocrx_word' id='word_1_322' title='bbox 1357 2519 1460 2590; x_wconf 88' lang='lat' dir='ltr'><strong>ipsi</strong></span> <span class='ocrx_word' id='word_1_323' title='bbox 1479 2520 1751 2576; x_wconf 81' lang='lat' dir='ltr'><strong>benedicti</strong></span> <span class='ocrx_word' id='word_1_324' title='bbox 1775 2538 1791 2589; x_wconf 90' lang='lat'><strong>;</strong></span> <span class='ocrx_word' id='word_1_325' title='bbox 1814 2522 1909 2593; x_wconf 78' lang='lat' dir='ltr'><strong>qui</strong></span> 
     </span>
    </p>
   </div>
   <div class='ocr_carea' id='block_1_44' title="bbox 325 2608 1728 2684">
    <p class='ocr_par' dir='ltr' id='par_1_44' title="bbox 325 2608 1728 2684">
     <span class='ocr_line' id='line_1_44' title="bbox 325 2608 1728 2684; baseline 0.002 -21"><span class='ocrx_word' id='word_1_326' title='bbox 325 2608 727 2677; x_wconf 80' lang='lat' dir='ltr'><strong>maledixeriut,</strong></span> <span class='ocrx_word' id='word_1_327' title='bbox 756 2610 812 2665; x_wconf 93' lang='lat' dir='ltr'><strong>in</strong></span> <span class='ocrx_word' id='word_1_328' title='bbox 840 2610 1221 2668; x_wconf 86' lang='lat' dir='ltr'><strong>maledictione</strong></span> <span class='ocrx_word' id='word_1_329' title='bbox 1248 2612 1670 2684; x_wconf 87' lang='lat' dir='ltr'><strong>reputabuntur.</strong></span> <span class='ocrx_word' id='word_1_330' title='bbox 1707 2632 1728 2666; x_wconf 74' lang='grc' dir='ltr'><strong>ι</strong></span> 
     </span>
    </p>
   </div>
   <div class='ocr_carea' id='block_1_45' title="bbox 912 2808 1314 2866">
    <p class='ocr_par' dir='ltr' id='par_1_45' title="bbox 912 2808 1314 2866">
     <span class='ocr_line' id='line_1_45' title="bbox 912 2808 1314 2866; baseline -0.002 -1"><span class='ocrx_word' id='word_1_331' title='bbox 912 2808 1144 2866; x_wconf 82' lang='lat' dir='ltr'><strong>CAPUT</strong></span> <span class='ocrx_word' id='word_1_332' title='bbox 1172 2808 1314 2864; x_wconf 82' lang='lat' dir='ltr'><strong>XIV.</strong></span> 
     </span>
    </p>
   </div>
   <div class='ocr_carea' id='block_1_46' title="bbox 679 2901 1551 2973">
    <p class='ocr_par' dir='ltr' id='par_1_46' title="bbox 679 2901 1551 2973">
     <span class='ocr_line' id='line_1_46' title="bbox 679 2901 1551 2973; baseline 0.002 -18"><span class='ocrx_word' id='word_1_333' title='bbox 679 2901 764 2956; x_wconf 75' lang='lat' dir='ltr'><strong>Ea:</strong></span> <span class='ocrx_word' id='word_1_334' title='bbox 786 2911 980 2973; x_wconf 82' lang='lat' dir='ltr'><strong>quarta</strong></span> <span class='ocrx_word' id='word_1_335' title='bbox 1002 2901 1231 2956; x_wconf 75' lang='lat' dir='ltr'><strong>Balaam</strong></span> <span class='ocrx_word' id='word_1_336' title='bbox 1256 2902 1551 2972; x_wconf 79' lang='lat' dir='ltr'><strong>prophetia.</strong></span> 
     </span>
    </p>
   </div>
   <div class='ocr_carea' id='block_1_47' title="bbox 402 2991 1910 3067">
    <p class='ocr_par' dir='ltr' id='par_1_47' title="bbox 402 2991 1910 3067">
     <span class='ocr_line' id='line_1_47' title="bbox 402 2991 1910 3067; baseline 0.005 -22"><span class='ocrx_word' id='word_1_337' title='bbox 402 3011 421 3045; x_wconf 70' lang='grc' dir='ltr'><strong>ι</strong></span> <span class='ocrx_word' id='word_1_338' title='bbox 457 2991 677 3050; x_wconf 83' lang='lat' dir='ltr'><strong>Orietur</strong></span> <span class='ocrx_word' id='word_1_339' title='bbox 707 2995 866 3050; x_wconf 88' lang='lat' dir='ltr'><strong>stella</strong></span> <span class='ocrx_word' id='word_1_340' title='bbox 914 3009 981 3050; x_wconf 87' lang='lat' dir='ltr'><strong>ex</strong></span> <span class='ocrx_word' id='word_1_341' title='bbox 1015 2992 1207 3062; x_wconf 78' lang='lat' dir='ltr'><strong>Jacob,</strong></span> <span class='ocrx_word' id='word_1_342' title='bbox 1255 3003 1312 3051; x_wconf 89' lang='lat' dir='ltr'><strong>et</strong></span> <span class='ocrx_word' id='word_1_343' title='bbox 1350 3003 1648 3067; x_wconf 75' lang='lat' dir='ltr'><strong>consurget</strong></span> <span class='ocrx_word' id='word_1_344' title='bbox 1700 2995 1785 3051; x_wconf 77' lang='lat' dir='ltr'><strong>vir</strong></span> <span class='ocrx_word' id='word_1_345' title='bbox 1841 2996 1910 3053; x_wconf 85' lang='lat' dir='ltr'><strong>de</strong></span> 
     </span>
    </p>
   </div>
   <div class='ocr_carea' id='block_1_48' title="bbox 2007 1866 3601 1946">
    <p class='ocr_par' dir='ltr' id='par_1_48' title="bbox 2007 1866 3601 1946">
     <span class='ocr_line' id='line_1_48' title="bbox 2007 1866 3601 1946; baseline -0.005 -19"><span class='ocrx_word' id='word_1_346' title='bbox 2007 1873 2443 1946; x_wconf 85' lang='grc' dir='ltr'>καταρασάμενοι</span> <span class='ocrx_word' id='word_1_347' title='bbox 2468 1872 2555 1927; x_wconf 81' lang='grc' dir='ltr'><strong>διὰ</strong></span> <span class='ocrx_word' id='word_1_348' title='bbox 2592 1871 2714 1936; x_wconf 90' lang='grc' dir='ltr'>τοῦ,</span> <span class='ocrx_word' id='word_1_349' title='bbox 2738 1892 2756 1923; x_wconf 77' lang='grc' dir='ltr'><strong>ι</strong></span> <span class='ocrx_word' id='word_1_350' title='bbox 2778 1871 3042 1944; x_wconf 85' lang='grc' dir='ltr'>Σταύρου,</span> <span class='ocrx_word' id='word_1_351' title='bbox 3083 1869 3317 1944; x_wconf 89' lang='grc' dir='ltr'>σταύρου</span> <span class='ocrx_word' id='word_1_352' title='bbox 3346 1869 3544 1924; x_wconf 77' lang='grc' dir='ltr'>αὐτόν’</span> <span class='ocrx_word' id='word_1_353' title='bbox 3578 1866 3601 1919; x_wconf 71' lang='lat'><strong>&#39;.</strong></span> 
     </span>
    </p>
   </div>
   <div class='ocr_carea' id='block_1_49' title="bbox 2006 1960 3608 2038">
    <p class='ocr_par' dir='ltr' id='par_1_49' title="bbox 2006 1960 3608 2038">
     <span class='ocr_line' id='line_1_49' title="bbox 2006 1960 3608 2038; baseline -0.003 -18"><span class='ocrx_word' id='word_1_354' title='bbox 2006 1965 2249 2038; x_wconf 87' lang='grc' dir='ltr'>κατάρας</span> <span class='ocrx_word' id='word_1_355' title='bbox 2276 1964 2385 2037; x_wconf 86' lang='grc' dir='ltr'>γὰρ</span> <span class='ocrx_word' id='word_1_356' title='bbox 2413 1960 2481 2037; x_wconf 80' lang='grc' dir='ltr'>ἦν</span> <span class='ocrx_word' id='word_1_357' title='bbox 2502 1967 2531 2019; x_wconf 76' lang='grc' dir='ltr'>ὁ</span> <span class='ocrx_word' id='word_1_358' title='bbox 2564 1964 2972 2037; x_wconf 76' lang='grc' dir='ltr'>σταυρὸς,κατὰ</span> <span class='ocrx_word' id='word_1_359' title='bbox 2999 1963 3080 2028; x_wconf 84' lang='grc' dir='ltr'><strong>τὸ,</strong></span> <span class='ocrx_word' id='word_1_360' title='bbox 3104 1982 3122 2014; x_wconf 78' lang='grc' dir='ltr'><strong>ι</strong></span> <span class='ocrx_word' id='word_1_361' title='bbox 3167 1962 3608 2033; x_wconf 84' lang='grc' dir='ltr'>Ἐπικατάρατος</span> 
     </span>
    </p>
   </div>
   <div class='ocr_carea' id='block_1_50' title="bbox 2006 2052 3609 2129">
    <p class='ocr_par' dir='ltr' id='par_1_50' title="bbox 2006 2052 3609 2129">
     <span class='ocr_line' id='line_1_50' title="bbox 2006 2052 3609 2129; baseline -0.002 -18"><span class='ocrx_word' id='word_1_362' title='bbox 2006 2060 2115 2121; x_wconf 79' lang='grc' dir='ltr'><strong>πᾶς</strong></span> <span class='ocrx_word' id='word_1_363' title='bbox 2139 2059 2167 2110; x_wconf 86' lang='grc' dir='ltr'>ὁ</span> <span class='ocrx_word' id='word_1_364' title='bbox 2196 2057 2545 2129; x_wconf 81' lang='grc' dir='ltr'>κρεμάμενος</span> <span class='ocrx_word' id='word_1_365' title='bbox 2572 2056 2664 2110; x_wconf 73' lang='grc' dir='ltr'>ἐπὶ</span> <span class='ocrx_word' id='word_1_366' title='bbox 2686 2055 2864 2120; x_wconf 84' lang='grc' dir='ltr'>ξύλου.</span> <span class='ocrx_word' id='word_1_367' title='bbox 2904 2075 2922 2107; x_wconf 73' lang='grc' dir='ltr'><strong>ι</strong></span> <span class='ocrx_word' id='word_1_368' title='bbox 2966 2055 3107 2110; x_wconf 75' lang='grc' dir='ltr'>Ἀλλ’</span> <span class='ocrx_word' id='word_1_369' title='bbox 3131 2056 3159 2107; x_wconf 85' lang='grc' dir='ltr'>ὁ</span> <span class='ocrx_word' id='word_1_370' title='bbox 3182 2055 3280 2126; x_wconf 77' lang='grc' dir='ltr'>μὲν</span> <span class='ocrx_word' id='word_1_371' title='bbox 3300 2054 3401 2124; x_wconf 81' lang='grc' dir='ltr'>τὴν</span> <span class='ocrx_word' id='word_1_372' title='bbox 3422 2052 3609 2107; x_wconf 80' lang='grc' dir='ltr'>αὐτῶν</span> 
     </span>
    </p>
   </div>
   <div class='ocr_carea' id='block_1_51' title="bbox 2006 2142 3609 2219">
    <p class='ocr_par' dir='ltr' id='par_1_51' title="bbox 2006 2142 3609 2219">
     <span class='ocr_line' id='line_1_51' title="bbox 2006 2142 3609 2219; baseline -0.002 -20"><span class='ocrx_word' id='word_1_373' title='bbox 2006 2147 2303 2218; x_wconf 80' lang='grc' dir='ltr'>ὑπομείνας</span> <span class='ocrx_word' id='word_1_374' title='bbox 2340 2147 2585 2219; x_wconf 87' lang='grc' dir='ltr'>κατάραν</span> <span class='ocrx_word' id='word_1_375' title='bbox 2622 2147 2727 2200; x_wconf 82' lang='grc' dir='ltr'><strong>ὑπὸ</strong></span> <span class='ocrx_word' id='word_1_376' title='bbox 2751 2148 2845 2200; x_wconf 89' lang='grc' dir='ltr'><strong>τοῦ</strong></span> <span class='ocrx_word' id='word_1_377' title='bbox 2885 2146 3101 2219; x_wconf 83' lang='grc' dir='ltr'>Πατρὸς</span> <span class='ocrx_word' id='word_1_378' title='bbox 3124 2143 3518 2219; x_wconf 66' lang='grc' dir='ltr'>ύπερύψωταν</span> <span class='ocrx_word' id='word_1_379' title='bbox 3555 2142 3609 2197; x_wconf 74' lang='grc' dir='ltr'>οἱ</span> 
     </span>
    </p>
   </div>
   <div class='ocr_carea' id='block_1_52' title="bbox 2007 2237 3611 2310">
    <p class='ocr_par' dir='ltr' id='par_1_52' title="bbox 2007 2237 3611 2310">
     <span class='ocr_line' id='line_1_52' title="bbox 2007 2237 3611 2310; baseline -0.001 -19"><span class='ocrx_word' id='word_1_380' title='bbox 2007 2238 2063 2291; x_wconf 85' lang='grc' dir='ltr'>δὲ</span> <span class='ocrx_word' id='word_1_381' title='bbox 2097 2239 2235 2310; x_wconf 84' lang='grc' dir='ltr'>πρὸς</span> <span class='ocrx_word' id='word_1_382' title='bbox 2268 2237 2437 2293; x_wconf 82' lang='grc' dir='ltr'>αὐτοῦ</span> <span class='ocrx_word' id='word_1_383' title='bbox 2490 2237 2586 2291; x_wconf 86' lang='grc' dir='ltr'><strong>τοῦ</strong></span> <span class='ocrx_word' id='word_1_384' title='bbox 2620 2237 2756 2291; x_wconf 86' lang='grc' dir='ltr'>Θεοῦ</span> <span class='ocrx_word' id='word_1_385' title='bbox 2785 2238 3187 2310; x_wconf 62' lang='grc' dir='ltr'>ωταραθέντες</span> <span class='ocrx_word' id='word_1_386' title='bbox 3216 2238 3477 2308; x_wconf 73' lang='grc' dir='ltr'>ἐπίμονον</span> <span class='ocrx_word' id='word_1_387' title='bbox 3524 2237 3611 2299; x_wconf 76' lang='grc' dir='ltr'><strong>εις</strong></span> 
     </span>
    </p>
   </div>
   <div class='ocr_carea' id='block_1_53' title="bbox 2009 2329 3610 2405">
    <p class='ocr_par' dir='ltr' id='par_1_53' title="bbox 2009 2329 3610 2405">
     <span class='ocr_line' id='line_1_53' title="bbox 2009 2329 3610 2405; baseline 0 -22"><span class='ocrx_word' id='word_1_388' title='bbox 2009 2329 2181 2384; x_wconf 85' lang='grc' dir='ltr'>αἰῶνα</span> <span class='ocrx_word' id='word_1_389' title='bbox 2219 2331 2502 2404; x_wconf 77' lang='grc' dir='ltr'>εἰλήφασιν</span> <span class='ocrx_word' id='word_1_390' title='bbox 2543 2331 2763 2405; x_wconf 77' lang='grc' dir='ltr'>ϐλεθρον</span> <span class='ocrx_word' id='word_1_391' title='bbox 2786 2349 2799 2362; x_wconf 82' lang='grc'><em>’</em></span> <span class='ocrx_word' id='word_1_392' title='bbox 2829 2332 2888 2387; x_wconf 84' lang='grc' dir='ltr'>ὃν</span> <span class='ocrx_word' id='word_1_393' title='bbox 2919 2332 2967 2386; x_wconf 85' lang='grc' dir='ltr'><strong>εί</strong></span> <span class='ocrx_word' id='word_1_394' title='bbox 3008 2331 3094 2385; x_wconf 76' lang='grc' dir='ltr'>ἐπ’</span> <span class='ocrx_word' id='word_1_395' title='bbox 3126 2330 3354 2403; x_wconf 79' lang='grc' dir='ltr'>ἀκριϐές</span> <span class='ocrx_word' id='word_1_396' title='bbox 3383 2347 3468 2394; x_wconf 86' lang='grc' dir='ltr'><strong>τις</strong></span> <span class='ocrx_word' id='word_1_397' title='bbox 3506 2331 3610 2383; x_wconf 78' lang='grc' dir='ltr'><strong>ἐπ-</strong></span> 
     </span>
    </p>
   </div>
   <div class='ocr_carea' id='block_1_54' title="bbox 2008 2420 3609 2497">
    <p class='ocr_par' dir='ltr' id='par_1_54' title="bbox 2008 2420 3609 2497">
     <span class='ocr_line' id='line_1_54' title="bbox 2008 2420 3609 2497; baseline 0.001 -21"><span class='ocrx_word' id='word_1_398' title='bbox 2008 2420 2164 2489; x_wconf 82' lang='grc' dir='ltr'>εξίοι,</span> <span class='ocrx_word' id='word_1_399' title='bbox 2201 2422 2484 2495; x_wconf 86' lang='grc' dir='ltr'>δυνάμεως</span> <span class='ocrx_word' id='word_1_400' title='bbox 2510 2423 2647 2478; x_wconf 90' lang='grc' dir='ltr'>Θεοῦ</span> <span class='ocrx_word' id='word_1_401' title='bbox 2689 2424 2985 2495; x_wconf 74' lang='grc' dir='ltr'>κατόψεται</span> <span class='ocrx_word' id='word_1_402' title='bbox 3020 2424 3267 2497; x_wconf 81' lang='grc' dir='ltr'>μέγεθος,</span> <span class='ocrx_word' id='word_1_403' title='bbox 3296 2425 3377 2489; x_wconf 84' lang='grc' dir='ltr'><strong>είς</strong></span> <span class='ocrx_word' id='word_1_404' title='bbox 3405 2423 3486 2478; x_wconf 80' lang='grc' dir='ltr'>ἔτι</span> <span class='ocrx_word' id='word_1_405' title='bbox 3510 2422 3609 2478; x_wconf 86' lang='grc' dir='ltr'><strong>νῦν</strong></span> 
     </span>
    </p>
   </div>
   <div class='ocr_carea' id='block_1_55' title="bbox 2012 2514 3606 2589">
    <p class='ocr_par' dir='ltr' id='par_1_55' title="bbox 2012 2514 3606 2589">
     <span class='ocr_line' id='line_1_55' title="bbox 2012 2514 3606 2589; baseline 0.004 -21"><span class='ocrx_word' id='word_1_406' title='bbox 2012 2514 2303 2588; x_wconf 87' lang='grc' dir='ltr'>μετιούσης</span> <span class='ocrx_word' id='word_1_407' title='bbox 2360 2517 2487 2580; x_wconf 81' lang='grc' dir='ltr'>τοὺς</span> <span class='ocrx_word' id='word_1_408' title='bbox 2554 2515 2705 2582; x_wconf 70' lang='grc' dir='ltr'>ἅπαξ</span> <span class='ocrx_word' id='word_1_409' title='bbox 2762 2516 2900 2588; x_wconf 81' lang='grc' dir='ltr'>πρὸς</span> <span class='ocrx_word' id='word_1_410' title='bbox 2948 2516 3115 2571; x_wconf 83' lang='grc' dir='ltr'>αὐτοῦ</span> <span class='ocrx_word' id='word_1_411' title='bbox 3163 2516 3606 2589; x_wconf 80' lang='grc' dir='ltr'>κατηραμένους.</span> 
     </span>
    </p>
   </div>
   <div class='ocr_carea' id='block_1_56' title="bbox 2009 2601 3609 2677">
    <p class='ocr_par' dir='ltr' id='par_1_56' title="bbox 2009 2601 3609 2677">
     <span class='ocr_line' id='line_1_56' title="bbox 2009 2601 3609 2677; baseline -0.001 -17"><span class='ocrx_word' id='word_1_412' title='bbox 2009 2606 2193 2660; x_wconf 87' lang='grc' dir='ltr'>Ταῦτα</span> <span class='ocrx_word' id='word_1_413' title='bbox 2227 2604 2289 2677; x_wconf 75' lang='grc' dir='ltr'><strong>(Ῑ.</strong></span> <span class='ocrx_word' id='word_1_414' title='bbox 2312 2606 2381 2661; x_wconf 78' lang='lat' dir='ltr'><strong>l5</strong></span> <span class='ocrx_word' id='word_1_415' title='bbox 2408 2610 2485 2676; x_wconf 77' lang='lat' dir='ltr'><strong>v“-)</strong></span> <span class='ocrx_word' id='word_1_416' title='bbox 2515 2607 2596 2669; x_wconf 83' lang='grc' dir='ltr'><strong>είς</strong></span> <span class='ocrx_word' id='word_1_417' title='bbox 2623 2605 2686 2659; x_wconf 80' lang='grc' dir='ltr'>τὸ</span> <span class='ocrx_word' id='word_1_418' title='bbox 2724 2624 2744 2658; x_wconf 72' lang='grc' dir='ltr'><strong>ι</strong></span> <span class='ocrx_word' id='word_1_419' title='bbox 2780 2606 2890 2659; x_wconf 70' lang='grc' dir='ltr'>Καὶ</span> <span class='ocrx_word' id='word_1_420' title='bbox 2905 2607 2961 2660; x_wconf 77' lang='grc' dir='ltr'><strong>οἱ</strong></span> <span class='ocrx_word' id='word_1_421' title='bbox 2983 2603 3336 2674; x_wconf 73' lang='grc' dir='ltr'>εὐλογοῦντες</span> <span class='ocrx_word' id='word_1_422' title='bbox 3362 2620 3427 2657; x_wconf 84' lang='grc' dir='ltr'><strong>σε</strong></span> <span class='ocrx_word' id='word_1_423' title='bbox 3447 2601 3609 2659; x_wconf 75' lang='grc' dir='ltr'>εὐλύ-</span> 
     </span>
    </p>
   </div>
   <div class='ocr_carea' id='block_1_57' title="bbox 2013 2697 3492 2771">
    <p class='ocr_par' dir='ltr' id='par_1_57' title="bbox 2013 2697 3492 2771">
     <span class='ocr_line' id='line_1_57' title="bbox 2013 2697 3492 2771; baseline -0.002 -19"><span class='ocrx_word' id='word_1_424' title='bbox 2013 2716 2233 2770; x_wconf 87' lang='grc' dir='ltr'>γηνται,</span> <span class='ocrx_word' id='word_1_425' title='bbox 2263 2698 2358 2752; x_wconf 75' lang='grc' dir='ltr'><strong>καὶ</strong></span> <span class='ocrx_word' id='word_1_426' title='bbox 2378 2700 2430 2752; x_wconf 83' lang='grc' dir='ltr'><strong>οί</strong></span> <span class='ocrx_word' id='word_1_427' title='bbox 2461 2697 2842 2771; x_wconf 87' lang='grc' dir='ltr'>καταρώμενοί</span> <span class='ocrx_word' id='word_1_428' title='bbox 2874 2715 2933 2751; x_wconf 93' lang='grc' dir='ltr'><strong>σε</strong></span> <span class='ocrx_word' id='word_1_429' title='bbox 2954 2699 3049 2752; x_wconf 74' lang='grc' dir='ltr'>καὶ</span> <span class='ocrx_word' id='word_1_430' title='bbox 3068 2699 3427 2770; x_wconf 81' lang='grc' dir='ltr'>κατάρανται.</span> <span class='ocrx_word' id='word_1_431' title='bbox 3470 2713 3492 2749; x_wconf 73' lang='grc' dir='ltr'><strong>ι</strong></span> 
     </span>
    </p>
   </div>
   <div class='ocr_carea' id='block_1_58' title="bbox 2543 2811 3162 2867">
    <p class='ocr_par' dir='ltr' id='par_1_58' title="bbox 2543 2811 3162 2867">
     <span class='ocr_line' id='line_1_58' title="bbox 2543 2811 3162 2867; baseline -0.003 0"><span class='ocrx_word' id='word_1_432' title='bbox 2543 2811 2942 2867; x_wconf 77' lang='grc' dir='ltr'><strong>ΚΕΦΑΛΑΙΟΝ</strong></span> <span class='ocrx_word' id='word_1_433' title='bbox 2966 2814 3062 2866; x_wconf 79' lang='grc' dir='ltr'><strong>1Δ’.</strong></span> <span class='ocrx_word' id='word_1_434' title='bbox 3154 2836 3162 2856; x_wconf 90' lang='grc'><em>‹</em></span> 
     </span>
    </p>
   </div>
   <div class='ocr_carea' id='block_1_59' title="bbox 2220 2904 3402 2977">
    <p class='ocr_par' dir='ltr' id='par_1_59' title="bbox 2220 2904 3402 2977">
     <span class='ocr_line' id='line_1_59' title="bbox 2220 2904 3402 2977; baseline -0.003 -15"><span class='ocrx_word' id='word_1_435' title='bbox 2220 2909 2315 2962; x_wconf 84' lang='grc' dir='ltr'>Ἐκ</span> <span class='ocrx_word' id='word_1_436' title='bbox 2333 2905 2446 2977; x_wconf 80' lang='grc' dir='ltr'>τῆς</span> <span class='ocrx_word' id='word_1_437' title='bbox 2468 2905 2518 2961; x_wconf 84' lang='grc' dir='ltr'>δ’</span> <span class='ocrx_word' id='word_1_438' title='bbox 2550 2904 2660 2961; x_wconf 87' lang='grc' dir='ltr'><strong>τοῦ</strong></span> <span class='ocrx_word' id='word_1_439' title='bbox 2704 2904 2958 2974; x_wconf 78' lang='grc' dir='ltr'>Βαλαὰμ</span> <span class='ocrx_word' id='word_1_440' title='bbox 3007 2904 3402 2974; x_wconf 69' lang='grc' dir='ltr'>προφητείας.</span> 
     </span>
    </p>
   </div>
   <div class='ocr_carea' id='block_1_60' title="bbox 2089 2996 3608 3072">
    <p class='ocr_par' dir='ltr' id='par_1_60' title="bbox 2089 2996 3608 3072">
     <span class='ocr_line' id='line_1_60' title="bbox 2089 2996 3608 3072; baseline -0.002 -18"><span class='ocrx_word' id='word_1_441' title='bbox 2089 3021 2108 3054; x_wconf 78' lang='grc' dir='ltr'><strong>ι</strong></span> <span class='ocrx_word' id='word_1_442' title='bbox 2156 3000 2431 3056; x_wconf 79' lang='grc' dir='ltr'>’Δνατελεῖ</span> <span class='ocrx_word' id='word_1_443' title='bbox 2465 3000 2665 3072; x_wconf 87' lang='grc' dir='ltr'>άστρον</span> <span class='ocrx_word' id='word_1_444' title='bbox 2725 2998 2785 3065; x_wconf 76' lang='grc' dir='ltr'>ἐξ</span> <span class='ocrx_word' id='word_1_445' title='bbox 2828 2996 3045 3064; x_wconf 86' lang='grc' dir='ltr'>Ἰακὼϐ,</span> <span class='ocrx_word' id='word_1_446' title='bbox 3085 2998 3182 3052; x_wconf 78' lang='grc' dir='ltr'><strong>καὶ</strong></span> <span class='ocrx_word' id='word_1_447' title='bbox 3228 2997 3608 3070; x_wconf 69' lang='grc' dir='ltr'>ἀναστήσεται</span> 
     </span>
    </p>
   </div>
   <div class='ocr_carea' id='block_1_61' title="bbox 327 3080 1905 3164">
    <p class='ocr_par' dir='ltr' id='par_1_61' title="bbox 327 3080 1905 3158">
     <span class='ocr_line' id='line_1_61' title="bbox 327 3080 1905 3158; baseline 0.006 -23"><span class='ocrx_word' id='word_1_448' title='bbox 327 3080 517 3148; x_wconf 80' lang='lat' dir='ltr'><strong>Israel,</strong></span> <span class='ocrx_word' id='word_1_449' title='bbox 554 3091 610 3139; x_wconf 86' lang='lat' dir='ltr'><strong>et</strong></span> <span class='ocrx_word' id='word_1_450' title='bbox 638 3085 910 3156; x_wconf 85' lang='lat' dir='ltr'><strong>percutiet</strong></span> <span class='ocrx_word' id='word_1_451' title='bbox 929 3084 1098 3140; x_wconf 86' lang='lat' dir='ltr'><strong>duces</strong></span> <span class='ocrx_word' id='word_1_452' title='bbox 1133 3084 1315 3151; x_wconf 77' lang='lat' dir='ltr'><strong>Moab,</strong></span> <span class='ocrx_word' id='word_1_453' title='bbox 1342 3086 1692 3158; x_wconf 76' lang='lat' dir='ltr'><strong>vastabitque</strong></span> <span class='ocrx_word' id='word_1_454' title='bbox 1717 3102 1905 3145; x_wconf 83' lang='lat' dir='ltr'><strong>omnes</strong></span> 
     </span>
    </p>
   </div>
   <div class='ocr_carea' id='block_1_62' title="bbox 2022 3080 3607 3164">
    <p class='ocr_par' dir='ltr' id='par_1_62' title="bbox 2022 3086 3607 3164">
     <span class='ocr_line' id='line_1_62' title="bbox 2022 3086 3607 3164; baseline -0.004 -17"><span class='ocrx_word' id='word_1_455' title='bbox 2022 3091 2298 3164; x_wconf 73' lang='grc' dir='ltr'>Ξνθρωπος</span> <span class='ocrx_word' id='word_1_456' title='bbox 2324 3087 2387 3155; x_wconf 75' lang='grc' dir='ltr'><strong>ἐξ</strong></span> <span class='ocrx_word' id='word_1_457' title='bbox 2418 3089 2655 3162; x_wconf 84' lang='grc' dir='ltr'>Ἰσραὴλ,</span> <span class='ocrx_word' id='word_1_458' title='bbox 2687 3089 2783 3144; x_wconf 73' lang='grc' dir='ltr'>καὶ</span> <span class='ocrx_word' id='word_1_459' title='bbox 2815 3088 3040 3161; x_wconf 88' lang='grc' dir='ltr'>θραύσει</span> <span class='ocrx_word' id='word_1_460' title='bbox 3088 3087 3366 3159; x_wconf 74' lang='grc' dir='ltr'>ἡγεμόνας</span> <span class='ocrx_word' id='word_1_461' title='bbox 3404 3086 3607 3151; x_wconf 62' lang='lat' dir='ltr'><strong>MM,</strong></span> 
     </span>
    </p>
   </div>
   <div class='ocr_carea' id='block_1_63' title="bbox 322 3173 1905 3259">
    <p class='ocr_par' dir='ltr' id='par_1_63' title="bbox 322 3173 1905 3249">
     <span class='ocr_line' id='line_1_63' title="bbox 322 3173 1905 3249; baseline 0.004 -20"><span class='ocrx_word' id='word_1_462' title='bbox 322 3174 470 3230; x_wconf 71' lang='lat' dir='ltr'><strong>ﬁlios</strong></span> <span class='ocrx_word' id='word_1_463' title='bbox 514 3173 645 3231; x_wconf 85' lang='lat' dir='ltr'><strong>Setb</strong></span> <span class='ocrx_word' id='word_1_464' title='bbox 678 3175 746 3231; x_wconf 80' lang='lat'><strong>“.</strong></span> <span class='ocrx_word' id='word_1_465' title='bbox 787 3195 806 3228; x_wconf 75' lang='grc' dir='ltr'><strong>ι</strong></span> <span class='ocrx_word' id='word_1_466' title='bbox 868 3174 964 3232; x_wconf 88' lang='lat' dir='ltr'><strong>Dei</strong></span> <span class='ocrx_word' id='word_1_467' title='bbox 984 3174 1245 3249; x_wconf 72' lang='lat' dir='ltr'><strong>verbum,</strong></span> <span class='ocrx_word' id='word_1_468' title='bbox 1284 3195 1305 3229; x_wconf 77' lang='grc' dir='ltr'><strong>σ</strong></span> <span class='ocrx_word' id='word_1_469' title='bbox 1334 3193 1459 3232; x_wconf 86' lang='lat' dir='ltr'><strong>cum</strong></span> <span class='ocrx_word' id='word_1_470' title='bbox 1493 3179 1795 3234; x_wconf 82' lang='lat' dir='ltr'><strong>exinanivit</strong></span> <span class='ocrx_word' id='word_1_471' title='bbox 1826 3196 1905 3236; x_wconf 86' lang='lat' dir='ltr'><strong>se-</strong></span> 
     </span>
    </p>
   </div>
   <div class='ocr_carea' id='block_1_64' title="bbox 2022 3173 3608 3259">
    <p class='ocr_par' dir='ltr' id='par_1_64' title="bbox 2022 3180 3608 3259">
     <span class='ocr_line' id='line_1_64' title="bbox 2022 3180 3608 3259; baseline -0.003 -19"><span class='ocrx_word' id='word_1_472' title='bbox 2022 3187 2111 3241; x_wconf 73' lang='grc' dir='ltr'>καὶ</span> <span class='ocrx_word' id='word_1_473' title='bbox 2135 3184 2497 3259; x_wconf 87' lang='grc' dir='ltr'>προνομεύσει</span> <span class='ocrx_word' id='word_1_474' title='bbox 2556 3184 2768 3248; x_wconf 83' lang='grc' dir='ltr'>πάντας</span> <span class='ocrx_word' id='word_1_475' title='bbox 2821 3184 2973 3247; x_wconf 82' lang='grc' dir='ltr'>υἱοὺς</span> <span class='ocrx_word' id='word_1_476' title='bbox 3020 3180 3152 3253; x_wconf 88' lang='grc' dir='ltr'>Σήθ.</span> <span class='ocrx_word' id='word_1_477' title='bbox 3188 3201 3207 3234; x_wconf 80' lang='grc' dir='ltr'><strong>ι</strong></span> <span class='ocrx_word' id='word_1_478' title='bbox 3248 3182 3308 3236; x_wconf 89' lang='lat'><strong>&#39;0</strong></span> <span class='ocrx_word' id='word_1_479' title='bbox 3342 3181 3440 3236; x_wconf 85' lang='grc' dir='ltr'><strong>τοῦ</strong></span> <span class='ocrx_word' id='word_1_480' title='bbox 3468 3181 3608 3236; x_wconf 84' lang='grc' dir='ltr'>Θεοῦ</span> 
     </span>
    </p>
   </div>
   <div class='ocr_carea' id='block_1_65' title="bbox 326 3263 1904 3336">
    <p class='ocr_par' dir='ltr' id='par_1_65' title="bbox 326 3263 1904 3336">
     <span class='ocr_line' id='line_1_65' title="bbox 326 3263 1904 3336; baseline 0.003 -17"><span class='ocrx_word' id='word_1_481' title='bbox 326 3266 644 3335; x_wconf 86' lang='lat' dir='ltr'><strong>metipsum,</strong></span> <span class='ocrx_word' id='word_1_482' title='bbox 679 3263 912 3321; x_wconf 81' lang='lat' dir='ltr'><strong>formam</strong></span> <span class='ocrx_word' id='word_1_483' title='bbox 962 3266 1107 3321; x_wconf 73' lang='lat' dir='ltr'><strong>servi</strong></span> <span class='ocrx_word' id='word_1_484' title='bbox 1158 3267 1459 3336; x_wconf 82' lang='lat' dir='ltr'><strong>accipiens,</strong></span> <span class='ocrx_word' id='word_1_485' title='bbox 1492 3275 1546 3323; x_wconf 90' lang='lat' dir='ltr'><strong>et</strong></span> <span class='ocrx_word' id='word_1_486' title='bbox 1597 3268 1785 3324; x_wconf 82' lang='lat' dir='ltr'><strong>habitu</strong></span> <span class='ocrx_word' id='word_1_487' title='bbox 1820 3269 1904 3324; x_wconf 91' lang='lat' dir='ltr'><strong>in-</strong></span> 
     </span>
    </p>
   </div>
   <div class='ocr_carea' id='block_1_66' title="bbox 326 3357 1902 3431">
    <p class='ocr_par' dir='ltr' id='par_1_66' title="bbox 326 3357 1902 3431">
     <span class='ocr_line' id='line_1_66' title="bbox 326 3357 1902 3431; baseline 0.003 -19"><span class='ocrx_word' id='word_1_488' title='bbox 326 3366 523 3414; x_wconf 79' lang='lat' dir='ltr'><strong>ventus</strong></span> <span class='ocrx_word' id='word_1_489' title='bbox 548 3367 632 3413; x_wconf 90' lang='lat' dir='ltr'><strong>est</strong></span> <span class='ocrx_word' id='word_1_490' title='bbox 666 3365 726 3412; x_wconf 83' lang='lat' dir='ltr'><strong>ut</strong></span> <span class='ocrx_word' id='word_1_491' title='bbox 755 3357 918 3413; x_wconf 86' lang='lat' dir='ltr'><strong>homo</strong></span> <span class='ocrx_word' id='word_1_492' title='bbox 948 3359 1018 3425; x_wconf 66' lang='lat'><strong>‘7,</strong></span> <span class='ocrx_word' id='word_1_493' title='bbox 1056 3377 1077 3411; x_wconf 72' lang='grc' dir='ltr'><strong>ι</strong></span> <span class='ocrx_word' id='word_1_494' title='bbox 1117 3359 1276 3415; x_wconf 83' lang='lat' dir='ltr'><strong>stella</strong></span> <span class='ocrx_word' id='word_1_495' title='bbox 1304 3375 1416 3414; x_wconf 92' lang='lat' dir='ltr'><strong>non</strong></span> <span class='ocrx_word' id='word_1_496' title='bbox 1438 3375 1608 3431; x_wconf 82' lang='lat' dir='ltr'><strong>parva</strong></span> <span class='ocrx_word' id='word_1_497' title='bbox 1639 3362 1902 3429; x_wconf 80' lang='lat' dir='ltr'><strong>surrexit,</strong></span> 
     </span>
    </p>
   </div>
   <div class='ocr_carea' id='block_1_67' title="bbox 326 3446 1902 3523">
    <p class='ocr_par' dir='ltr' id='par_1_67' title="bbox 326 3446 1902 3523">
     <span class='ocr_line' id='line_1_67' title="bbox 326 3446 1902 3523; baseline 0.004 -21"><span class='ocrx_word' id='word_1_498' title='bbox 326 3462 438 3503; x_wconf 90' lang='lat' dir='ltr'><strong>non</strong></span> <span class='ocrx_word' id='word_1_499' title='bbox 464 3463 594 3504; x_wconf 80' lang='lat' dir='ltr'><strong>vero</strong></span> <span class='ocrx_word' id='word_1_500' title='bbox 622 3446 814 3513; x_wconf 68' lang='lat' dir='ltr'><strong>Iacob,</strong></span> <span class='ocrx_word' id='word_1_501' title='bbox 845 3451 941 3505; x_wconf 87' lang='lat' dir='ltr'><strong>sed</strong></span> <span class='ocrx_word' id='word_1_502' title='bbox 974 3464 1043 3505; x_wconf 90' lang='lat' dir='ltr'><strong>ex</strong></span> <span class='ocrx_word' id='word_1_503' title='bbox 1098 3447 1288 3506; x_wconf 82' lang='lat' dir='ltr'><strong>Jacob.</strong></span> <span class='ocrx_word' id='word_1_504' title='bbox 1346 3451 1634 3522; x_wconf 84' lang='lat' dir='ltr'><strong>Corporali</strong></span> <span class='ocrx_word' id='word_1_505' title='bbox 1667 3455 1902 3523; x_wconf 87' lang='lat' dir='ltr'><strong>primum</strong></span> 
     </span>
    </p>
   </div>
   <div class='ocr_carea' id='block_1_68' title="bbox 326 3540 1904 3615">
    <p class='ocr_par' dir='ltr' id='par_1_68' title="bbox 326 3540 1904 3615">
     <span class='ocr_line' id='line_1_68' title="bbox 326 3540 1904 3615; baseline 0.004 -20"><span class='ocrx_word' id='word_1_506' title='bbox 326 3541 528 3611; x_wconf 79' lang='lat' dir='ltr'><strong>populo</strong></span> <span class='ocrx_word' id='word_1_507' title='bbox 545 3540 1010 3606; x_wconf 79' lang='lat' dir='ltr'><strong>circumcisionis,</strong></span> <span class='ocrx_word' id='word_1_508' title='bbox 1035 3541 1232 3598; x_wconf 81' lang='lat' dir='ltr'><strong>deinde</strong></span> <span class='ocrx_word' id='word_1_509' title='bbox 1250 3544 1467 3599; x_wconf 89' lang='lat' dir='ltr'><strong>cunctis</strong></span> <span class='ocrx_word' id='word_1_510' title='bbox 1490 3545 1747 3615; x_wconf 80' lang='lat' dir='ltr'><strong>gentibus</strong></span> <span class='ocrx_word' id='word_1_511' title='bbox 1778 3547 1904 3603; x_wconf 90' lang='lat' dir='ltr'><strong>illu-</strong></span> 
     </span>
    </p>
   </div>
   <div class='ocr_carea' id='block_1_69' title="bbox 325 3631 1900 3705">
    <p class='ocr_par' dir='ltr' id='par_1_69' title="bbox 325 3631 1900 3705">
     <span class='ocr_line' id='line_1_69' title="bbox 325 3631 1900 3705; baseline 0.004 -18"><span class='ocrx_word' id='word_1_512' title='bbox 325 3633 425 3688; x_wconf 83' lang='lat' dir='ltr'><strong>xit.</strong></span> <span class='ocrx_word' id='word_1_513' title='bbox 457 3631 748 3704; x_wconf 82' lang='lat' dir='ltr'><strong>Digressus</strong></span> <span class='ocrx_word' id='word_1_514' title='bbox 781 3633 853 3689; x_wconf 86' lang='lat' dir='ltr'><strong>ab</strong></span> <span class='ocrx_word' id='word_1_515' title='bbox 883 3633 976 3699; x_wconf 89' lang='lat' dir='ltr'><strong>iis,</strong></span> <span class='ocrx_word' id='word_1_516' title='bbox 1027 3650 1137 3690; x_wconf 88' lang='lat' dir='ltr'><strong>non</strong></span> <span class='ocrx_word' id='word_1_517' title='bbox 1194 3649 1361 3705; x_wconf 83' lang='lat' dir='ltr'><strong>parva</strong></span> <span class='ocrx_word' id='word_1_518' title='bbox 1418 3637 1683 3692; x_wconf 80' lang='lat' dir='ltr'><strong>sustinuit</strong></span> <span class='ocrx_word' id='word_1_519' title='bbox 1735 3638 1900 3705; x_wconf 81' lang='lat' dir='ltr'><strong>bella,</strong></span> 
     </span>
    </p>
   </div>
   <div class='ocr_carea' id='block_1_70' title="bbox 323 3726 1902 3799">
    <p class='ocr_par' dir='ltr' id='par_1_70' title="bbox 323 3726 1902 3799">
     <span class='ocr_line' id='line_1_70' title="bbox 323 3726 1902 3799; baseline 0.005 -21"><span class='ocrx_word' id='word_1_520' title='bbox 323 3726 622 3797; x_wconf 74' lang='lat' dir='ltr'><strong>puriﬁcans</strong></span> <span class='ocrx_word' id='word_1_521' title='bbox 658 3744 678 3778; x_wconf 74' lang='grc' dir='ltr'><strong>ι</strong></span> <span class='ocrx_word' id='word_1_522' title='bbox 717 3726 985 3783; x_wconf 86' lang='lat' dir='ltr'><strong>adversus</strong></span> <span class='ocrx_word' id='word_1_523' title='bbox 1019 3733 1322 3798; x_wconf 86' lang='lat' dir='ltr'><strong>potestates</strong></span> <span class='ocrx_word' id='word_1_524' title='bbox 1348 3735 1403 3784; x_wconf 90' lang='lat' dir='ltr'><strong>et</strong></span> <span class='ocrx_word' id='word_1_525' title='bbox 1460 3729 1768 3799; x_wconf 82' lang='lat' dir='ltr'><strong>spiritualia</strong></span> <span class='ocrx_word' id='word_1_526' title='bbox 1801 3745 1902 3786; x_wconf 88' lang='lat' dir='ltr'><strong>ne-</strong></span> 
     </span>
    </p>
   </div>
   <div class='ocr_carea' id='block_1_71' title="bbox 324 3816 1906 3889">
    <p class='ocr_par' dir='ltr' id='par_1_71' title="bbox 324 3816 1906 3889">
     <span class='ocr_line' id='line_1_71' title="bbox 324 3816 1906 3889; baseline 0.004 -19"><span class='ocrx_word' id='word_1_527' title='bbox 324 3816 574 3886; x_wconf 65' lang='lat' dir='ltr'><strong>quitiae“</strong></span> <span class='ocrx_word' id='word_1_528' title='bbox 589 3834 604 3885; x_wconf 90' lang='lat'><strong>;</strong></span> <span class='ocrx_word' id='word_1_529' title='bbox 618 3834 638 3869; x_wconf 85' lang='grc'><strong>›</strong></span> <span class='ocrx_word' id='word_1_530' title='bbox 656 3817 858 3887; x_wconf 86' lang='lat' dir='ltr'><strong>quibus</strong></span> <span class='ocrx_word' id='word_1_531' title='bbox 876 3816 1129 3882; x_wconf 76' lang='lat' dir='ltr'><strong>devictis,</strong></span> <span class='ocrx_word' id='word_1_532' title='bbox 1147 3816 1405 3887; x_wconf 87' lang='lat' dir='ltr'><strong>pabulum</strong></span> <span class='ocrx_word' id='word_1_533' title='bbox 1426 3818 1636 3889; x_wconf 79' lang='lat' dir='ltr'><strong>paravit</strong></span> <span class='ocrx_word' id='word_1_534' title='bbox 1654 3820 1712 3874; x_wconf 84' lang='lat' dir='ltr'><strong>in</strong></span> <span class='ocrx_word' id='word_1_535' title='bbox 1734 3819 1906 3876; x_wconf 68' lang='lat' dir='ltr'><strong>haere-</strong></span> 
     </span>
    </p>
   </div>
   <div class='ocr_carea' id='block_1_72' title="bbox 321 3908 1903 3982">
    <p class='ocr_par' dir='ltr' id='par_1_72' title="bbox 321 3908 1903 3982">
     <span class='ocr_line' id='line_1_72' title="bbox 321 3908 1903 3982; baseline 0.004 -20"><span class='ocrx_word' id='word_1_536' title='bbox 321 3908 548 3964; x_wconf 80' lang='lat' dir='ltr'><strong>ditatem</strong></span> <span class='ocrx_word' id='word_1_537' title='bbox 576 3922 755 3974; x_wconf 84' lang='lat' dir='ltr'><strong>suam,</strong></span> <span class='ocrx_word' id='word_1_538' title='bbox 800 3916 991 3980; x_wconf 86' lang='lat' dir='ltr'><strong>gentes</strong></span> <span class='ocrx_word' id='word_1_539' title='bbox 1004 3910 1348 3980; x_wconf 81' lang='lat' dir='ltr'><strong>suscipiens,</strong></span> <span class='ocrx_word' id='word_1_540' title='bbox 1379 3925 1723 3981; x_wconf 57' lang='lat' dir='ltr'><strong>quacunque</strong></span> <span class='ocrx_word' id='word_1_541' title='bbox 1748 3913 1903 3982; x_wconf 83' lang='lat' dir='ltr'><strong>prius</strong></span> 
     </span>
    </p>
   </div>
   <div class='ocr_carea' id='block_1_73' title="bbox 322 4000 1902 4072">
    <p class='ocr_par' dir='ltr' id='par_1_73' title="bbox 322 4000 1902 4072">
     <span class='ocr_line' id='line_1_73' title="bbox 322 4000 1902 4072; baseline 0.002 -16"><span class='ocrx_word' id='word_1_542' title='bbox 322 4000 427 4056; x_wconf 83' lang='lat' dir='ltr'><strong>sub</strong></span> <span class='ocrx_word' id='word_1_543' title='bbox 457 4015 649 4057; x_wconf 86' lang='lat' dir='ltr'><strong>eorum</strong></span> <span class='ocrx_word' id='word_1_544' title='bbox 680 4000 889 4058; x_wconf 88' lang='lat' dir='ltr'><strong>ditlone</strong></span> <span class='ocrx_word' id='word_1_545' title='bbox 915 4010 1095 4057; x_wconf 90' lang='lat' dir='ltr'><strong>erant.</strong></span> <span class='ocrx_word' id='word_1_546' title='bbox 1145 4001 1222 4057; x_wconf 85' lang='lat' dir='ltr'><strong>De</strong></span> <span class='ocrx_word' id='word_1_547' title='bbox 1254 4003 1456 4072; x_wconf 87' lang='lat' dir='ltr'><strong>quibus</strong></span> <span class='ocrx_word' id='word_1_548' title='bbox 1505 4001 1670 4059; x_wconf 88' lang='lat' dir='ltr'><strong>Pater</strong></span> <span class='ocrx_word' id='word_1_549' title='bbox 1695 4004 1745 4060; x_wconf 91' lang='lat' dir='ltr'><strong>ei</strong></span> <span class='ocrx_word' id='word_1_550' title='bbox 1802 4020 1902 4062; x_wconf 87' lang='lat' dir='ltr'><strong>ex-</strong></span> 
     </span>
    </p>
   </div>
   <div class='ocr_carea' id='block_1_74' title="bbox 321 4094 1904 4165">
    <p class='ocr_par' dir='ltr' id='par_1_74' title="bbox 321 4094 1904 4165">
     <span class='ocr_line' id='line_1_74' title="bbox 321 4094 1904 4165; baseline 0.007 -20"><span class='ocrx_word' id='word_1_551' title='bbox 321 4106 515 4163; x_wconf 88' lang='lat' dir='ltr'><strong>presse</strong></span> <span class='ocrx_word' id='word_1_552' title='bbox 568 4094 847 4164; x_wconf 84' lang='lat' dir='ltr'><strong>pollicitus</strong></span> <span class='ocrx_word' id='word_1_553' title='bbox 892 4103 980 4150; x_wconf 89' lang='lat' dir='ltr'><strong>est</strong></span> <span class='ocrx_word' id='word_1_554' title='bbox 1025 4094 1261 4151; x_wconf 87' lang='lat' dir='ltr'><strong>dicens:</strong></span> <span class='ocrx_word' id='word_1_555' title='bbox 1295 4114 1315 4148; x_wconf 83' lang='grc'><strong>‹</strong></span> <span class='ocrx_word' id='word_1_556' title='bbox 1357 4094 1582 4153; x_wconf 82' lang='lat' dir='ltr'><strong>Postula</strong></span> <span class='ocrx_word' id='word_1_557' title='bbox 1623 4111 1656 4152; x_wconf 82' lang='lat' dir='ltr'><strong>a</strong></span> <span class='ocrx_word' id='word_1_558' title='bbox 1698 4113 1809 4165; x_wconf 89' lang='lat' dir='ltr'><strong>me,</strong></span> <span class='ocrx_word' id='word_1_559' title='bbox 1847 4106 1904 4155; x_wconf 83' lang='lat' dir='ltr'><strong>et</strong></span> 
     </span>
    </p>
   </div>
   <div class='ocr_carea' id='block_1_75' title="bbox 320 4181 1902 4259">
    <p class='ocr_par' dir='ltr' id='par_1_75' title="bbox 320 4181 1902 4259">
     <span class='ocr_line' id='line_1_75' title="bbox 320 4181 1902 4259; baseline 0.006 -22"><span class='ocrx_word' id='word_1_560' title='bbox 320 4181 467 4239; x_wconf 70' lang='lat' dir='ltr'><strong>dabo</strong></span> <span class='ocrx_word' id='word_1_561' title='bbox 497 4183 597 4239; x_wconf 92' lang='lat' dir='ltr'><strong>tibi</strong></span> <span class='ocrx_word' id='word_1_562' title='bbox 655 4191 846 4256; x_wconf 74' lang='lat' dir='ltr'><strong>gentes</strong></span> <span class='ocrx_word' id='word_1_563' title='bbox 874 4185 1251 4243; x_wconf 67' lang='lat' dir='ltr'><strong>bareditatem</strong></span> <span class='ocrx_word' id='word_1_564' title='bbox 1280 4193 1453 4251; x_wconf 86' lang='lat' dir='ltr'><strong>tuam,</strong></span> <span class='ocrx_word' id='word_1_565' title='bbox 1482 4196 1538 4243; x_wconf 89' lang='lat' dir='ltr'><strong>et</strong></span> <span class='ocrx_word' id='word_1_566' title='bbox 1587 4190 1902 4259; x_wconf 89' lang='lat' dir='ltr'><strong>possessio-</strong></span> 
     </span>
    </p>
   </div>
   <div class='ocr_carea' id='block_1_76' title="bbox 323 4275 1260 4333">
    <p class='ocr_par' dir='ltr' id='par_1_76' title="bbox 323 4275 1260 4333">
     <span class='ocr_line' id='line_1_76' title="bbox 323 4275 1260 4333; baseline 0.003 -3"><span class='ocrx_word' id='word_1_567' title='bbox 323 4288 449 4330; x_wconf 77' lang='lat' dir='ltr'><strong>nem</strong></span> <span class='ocrx_word' id='word_1_568' title='bbox 474 4281 625 4330; x_wconf 87' lang='lat' dir='ltr'><strong>tuam</strong></span> <span class='ocrx_word' id='word_1_569' title='bbox 653 4275 922 4332; x_wconf 79' lang='lat' dir='ltr'><strong>terminos</strong></span> <span class='ocrx_word' id='word_1_570' title='bbox 944 4285 1110 4332; x_wconf 66' lang='lat' dir='ltr'><strong>terrae</strong></span> <span class='ocrx_word' id='word_1_571' title='bbox 1134 4279 1200 4333; x_wconf 71' lang='grc' dir='ltr'><strong>δ’.</strong></span> <span class='ocrx_word' id='word_1_572' title='bbox 1240 4298 1260 4332; x_wconf 70' lang='grc' dir='ltr'><strong>ι</strong></span> 
     </span>
    </p>
   </div>
   <div class='ocr_carea' id='block_1_77' title="bbox 926 4473 1309 4530">
    <p class='ocr_par' dir='ltr' id='par_1_77' title="bbox 926 4473 1309 4530">
     <span class='ocr_line' id='line_1_77' title="bbox 926 4473 1309 4530; baseline 0.005 -2"><span class='ocrx_word' id='word_1_573' title='bbox 926 4473 1157 4530; x_wconf 83' lang='lat' dir='ltr'><strong>CAPUT</strong></span> <span class='ocrx_word' id='word_1_574' title='bbox 1192 4476 1309 4530; x_wconf 75' lang='lat' dir='ltr'><strong>XV.</strong></span> 
     </span>
    </p>
   </div>
   <div class='ocr_carea' id='block_1_78' title="bbox 564 4566 1691 4640">
    <p class='ocr_par' dir='ltr' id='par_1_78' title="bbox 564 4566 1691 4640">
     <span class='ocr_line' id='line_1_78' title="bbox 564 4566 1691 4640; baseline 0.004 -20"><span class='ocrx_word' id='word_1_575' title='bbox 564 4566 645 4620; x_wconf 78' lang='lat' dir='ltr'><strong>Ea:</strong></span> <span class='ocrx_word' id='word_1_576' title='bbox 674 4567 1105 4623; x_wconf 76' lang='lat' dir='ltr'><strong>Deuleronomio.</strong></span> <span class='ocrx_word' id='word_1_577' title='bbox 1141 4568 1349 4640; x_wconf 81' lang='lat' dir='ltr'><strong>Moyses</strong></span> <span class='ocrx_word' id='word_1_578' title='bbox 1375 4578 1455 4625; x_wconf 85' lang='lat' dir='ltr'><strong>est</strong></span> <span class='ocrx_word' id='word_1_579' title='bbox 1474 4568 1654 4625; x_wconf 74' lang='lat' dir='ltr'><strong>dicens</strong></span> <span class='ocrx_word' id='word_1_580' title='bbox 1672 4586 1691 4624; x_wconf 90' lang='lat'><strong><em>:</em></strong></span> 
     </span>
    </p>
   </div>
   <div class='ocr_carea' id='block_1_79' title="bbox 396 4656 1904 4729">
    <p class='ocr_par' dir='ltr' id='par_1_79' title="bbox 396 4656 1904 4729">
     <span class='ocr_line' id='line_1_79' title="bbox 396 4656 1904 4729; baseline 0.004 -20"><span class='ocrx_word' id='word_1_581' title='bbox 396 4674 418 4709; x_wconf 72' lang='grc' dir='ltr'><strong>ι</strong></span> <span class='ocrx_word' id='word_1_582' title='bbox 453 4656 785 4729; x_wconf 81' lang='lat' dir='ltr'><strong>Prophetam</strong></span> <span class='ocrx_word' id='word_1_583' title='bbox 817 4658 886 4715; x_wconf 92' lang='lat' dir='ltr'><strong>de</strong></span> <span class='ocrx_word' id='word_1_584' title='bbox 908 4658 1174 4716; x_wconf 78' lang='lat' dir='ltr'><strong>fratribus</strong></span> <span class='ocrx_word' id='word_1_585' title='bbox 1218 4661 1351 4728; x_wconf 89' lang='lat' dir='ltr'><strong>tuis,</strong></span> <span class='ocrx_word' id='word_1_586' title='bbox 1384 4661 1531 4717; x_wconf 89' lang='lat' dir='ltr'><strong>sicut</strong></span> <span class='ocrx_word' id='word_1_587' title='bbox 1584 4676 1694 4729; x_wconf 87' lang='lat' dir='ltr'><strong>me,</strong></span> <span class='ocrx_word' id='word_1_588' title='bbox 1723 4661 1904 4718; x_wconf 88' lang='lat' dir='ltr'><strong>susci-</strong></span> 
     </span>
    </p>
   </div>
   <div class='ocr_carea' id='block_1_80' title="bbox 318 4749 1903 4825">
    <p class='ocr_par' dir='ltr' id='par_1_80' title="bbox 318 4749 1903 4825">
     <span class='ocr_line' id='line_1_80' title="bbox 318 4749 1903 4825; baseline 0.002 -18"><span class='ocrx_word' id='word_1_589' title='bbox 318 4750 459 4807; x_wconf 86' lang='lat' dir='ltr'><strong>tabit</strong></span> <span class='ocrx_word' id='word_1_590' title='bbox 481 4749 743 4807; x_wconf 86' lang='lat' dir='ltr'><strong>Dominus</strong></span> <span class='ocrx_word' id='word_1_591' title='bbox 770 4750 918 4807; x_wconf 88' lang='lat' dir='ltr'><strong>Deus</strong></span> <span class='ocrx_word' id='word_1_592' title='bbox 965 4759 1093 4807; x_wconf 79' lang='lat' dir='ltr'><strong>tuus</strong></span> <span class='ocrx_word' id='word_1_593' title='bbox 1122 4769 1137 4806; x_wconf 90' lang='lat'><strong>:</strong></span> <span class='ocrx_word' id='word_1_594' title='bbox 1172 4753 1351 4824; x_wconf 87' lang='lat' dir='ltr'><strong>ipsum</strong></span> <span class='ocrx_word' id='word_1_595' title='bbox 1383 4754 1597 4821; x_wconf 90' lang='lat' dir='ltr'><strong>audies,</strong></span> <span class='ocrx_word' id='word_1_596' title='bbox 1628 4760 1690 4809; x_wconf 88' lang='lat' dir='ltr'><strong>ut</strong></span> <span class='ocrx_word' id='word_1_597' title='bbox 1717 4755 1903 4825; x_wconf 88' lang='lat' dir='ltr'><strong>petisti</strong></span> 
     </span>
    </p>
   </div>
   <div class='ocr_carea' id='block_1_81' title="bbox 316 4842 1904 4916">
    <p class='ocr_par' dir='ltr' id='par_1_81' title="bbox 316 4842 1904 4916">
     <span class='ocr_line' id='line_1_81' title="bbox 316 4842 1904 4916; baseline 0 -15"><span class='ocrx_word' id='word_1_598' title='bbox 316 4862 352 4901; x_wconf 88' lang='lat' dir='ltr'><strong>a</strong></span> <span class='ocrx_word' id='word_1_599' title='bbox 373 4843 606 4901; x_wconf 84' lang='lat' dir='ltr'><strong>Domino</strong></span> <span class='ocrx_word' id='word_1_600' title='bbox 639 4842 750 4900; x_wconf 89' lang='lat' dir='ltr'><strong>Deo</strong></span> <span class='ocrx_word' id='word_1_601' title='bbox 782 4852 878 4898; x_wconf 89' lang='lat' dir='ltr'><strong>tuo</strong></span> <span class='ocrx_word' id='word_1_602' title='bbox 909 4844 964 4898; x_wconf 90' lang='lat' dir='ltr'><strong>in</strong></span> <span class='ocrx_word' id='word_1_603' title='bbox 996 4843 1196 4910; x_wconf 88' lang='lat' dir='ltr'><strong>Horeb,</strong></span> <span class='ocrx_word' id='word_1_604' title='bbox 1222 4847 1447 4915; x_wconf 85' lang='lat' dir='ltr'><strong>quando</strong></span> <span class='ocrx_word' id='word_1_605' title='bbox 1468 4847 1664 4901; x_wconf 88' lang='lat' dir='ltr'><strong>concio</strong></span> <span class='ocrx_word' id='word_1_606' title='bbox 1677 4858 1904 4916; x_wconf 85' lang='lat' dir='ltr'><strong>congre-</strong></span> 
     </span>
    </p>
   </div>
   <div class='ocr_carea' id='block_1_82' title="bbox 319 4934 1899 5008">
    <p class='ocr_par' dir='ltr' id='par_1_82' title="bbox 319 4934 1899 5008">
     <span class='ocr_line' id='line_1_82' title="bbox 319 4934 1899 5008; baseline 0 -18"><span class='ocrx_word' id='word_1_607' title='bbox 319 4943 444 5008; x_wconf 89' lang='lat' dir='ltr'><strong>gata</strong></span> <span class='ocrx_word' id='word_1_608' title='bbox 475 4946 580 5000; x_wconf 85' lang='lat' dir='ltr'><strong>est,</strong></span> <span class='ocrx_word' id='word_1_609' title='bbox 611 4944 773 5005; x_wconf 88' lang='lat' dir='ltr'><strong>atque</strong></span> <span class='ocrx_word' id='word_1_610' title='bbox 802 4934 991 4989; x_wconf 90' lang='lat' dir='ltr'><strong>dixisti</strong></span> <span class='ocrx_word' id='word_1_611' title='bbox 1028 4950 1042 4987; x_wconf 88' lang='lat'>:</span> <span class='ocrx_word' id='word_1_612' title='bbox 1079 4934 1234 4990; x_wconf 90' lang='lat' dir='ltr'><strong>Ultra</strong></span> <span class='ocrx_word' id='word_1_613' title='bbox 1290 4952 1402 4992; x_wconf 86' lang='lat' dir='ltr'><strong>non</strong></span> <span class='ocrx_word' id='word_1_614' title='bbox 1452 4936 1673 4993; x_wconf 77' lang='lat' dir='ltr'><strong>audiam</strong></span> <span class='ocrx_word' id='word_1_615' title='bbox 1708 4950 1899 4992; x_wconf 83' lang='lat' dir='ltr'><strong>vocem</strong></span> 
     </span>
    </p>
   </div>
   <div class='ocr_carea' id='block_1_83' title="bbox 319 5027 1900 5098">
    <p class='ocr_par' dir='ltr' id='par_1_83' title="bbox 319 5027 1900 5098">
     <span class='ocr_line' id='line_1_83' title="bbox 319 5027 1900 5098; baseline 0 -14"><span class='ocrx_word' id='word_1_616' title='bbox 319 5028 539 5084; x_wconf 87' lang='lat' dir='ltr'><strong>Domini</strong></span> <span class='ocrx_word' id='word_1_617' title='bbox 561 5027 657 5084; x_wconf 87' lang='lat' dir='ltr'><strong>Dei</strong></span> <span class='ocrx_word' id='word_1_618' title='bbox 683 5027 813 5091; x_wconf 88' lang='lat' dir='ltr'><strong>mei,</strong></span> <span class='ocrx_word' id='word_1_619' title='bbox 844 5034 900 5083; x_wconf 92' lang='lat' dir='ltr'><strong>et</strong></span> <span class='ocrx_word' id='word_1_620' title='bbox 927 5027 1107 5097; x_wconf 87' lang='lat' dir='ltr'><strong>ignem</strong></span> <span class='ocrx_word' id='word_1_621' title='bbox 1132 5030 1281 5084; x_wconf 85' lang='lat' dir='ltr'><strong>hunc</strong></span> <span class='ocrx_word' id='word_1_622' title='bbox 1329 5029 1630 5084; x_wconf 83' lang='lat' dir='ltr'><strong>maximqu</strong></span> <span class='ocrx_word' id='word_1_623' title='bbox 1658 5028 1900 5098; x_wconf 88' lang='lat' dir='ltr'><strong>amplius</strong></span> 
     </span>
    </p>
   </div>
   <div class='ocr_carea' id='block_1_84' title="bbox 319 5119 1899 5187">
    <p class='ocr_par' dir='ltr' id='par_1_84' title="bbox 319 5119 1899 5187">
     <span class='ocr_line' id='line_1_84' title="bbox 319 5119 1899 5187; baseline 0.001 -11"><span class='ocrx_word' id='word_1_624' title='bbox 319 5136 435 5176; x_wconf 88' lang='lat' dir='ltr'><strong>non</strong></span> <span class='ocrx_word' id='word_1_625' title='bbox 464 5120 683 5187; x_wconf 86' lang='lat' dir='ltr'><strong>videbo,</strong></span> <span class='ocrx_word' id='word_1_626' title='bbox 713 5135 783 5175; x_wconf 90' lang='lat' dir='ltr'><strong>ne</strong></span> <span class='ocrx_word' id='word_1_627' title='bbox 817 5119 1046 5175; x_wconf 88' lang='lat' dir='ltr'><strong>moriar.</strong></span> <span class='ocrx_word' id='word_1_628' title='bbox 1067 5119 1135 5174; x_wconf 86' lang='lat' dir='ltr'><strong>Et</strong></span> <span class='ocrx_word' id='word_1_629' title='bbox 1151 5121 1228 5175; x_wconf 89' lang='lat' dir='ltr'><strong>ait</strong></span> <span class='ocrx_word' id='word_1_630' title='bbox 1250 5120 1517 5176; x_wconf 83' lang='lat' dir='ltr'><strong>Dominus</strong></span> <span class='ocrx_word' id='word_1_631' title='bbox 1541 5119 1677 5174; x_wconf 82' lang='lat' dir='ltr'><strong>mihi</strong></span> <span class='ocrx_word' id='word_1_632' title='bbox 1709 5138 1721 5174; x_wconf 92' lang='lat'>:</span> <span class='ocrx_word' id='word_1_633' title='bbox 1753 5119 1899 5177; x_wconf 88' lang='lat' dir='ltr'><strong>Bene</strong></span> 
     </span>
    </p>
   </div>
   <div class='ocr_carea' id='block_1_85' title="bbox 321 5212 1900 5284">
    <p class='ocr_par' dir='ltr' id='par_1_85' title="bbox 321 5212 1900 5284">
     <span class='ocr_line' id='line_1_85' title="bbox 321 5212 1900 5284; baseline -0.001 -16"><span class='ocrx_word' id='word_1_634' title='bbox 321 5213 507 5268; x_wconf 85' lang='lat' dir='ltr'><strong>omnia</strong></span> <span class='ocrx_word' id='word_1_635' title='bbox 536 5221 666 5269; x_wconf 86' lang='lat' dir='ltr'><strong>sunt</strong></span> <span class='ocrx_word' id='word_1_636' title='bbox 696 5213 884 5267; x_wconf 85' lang='lat' dir='ltr'><strong>locuti.</strong></span> <span class='ocrx_word' id='word_1_637' title='bbox 914 5212 1245 5284; x_wconf 85' lang='lat' dir='ltr'><strong>Prophetam</strong></span> <span class='ocrx_word' id='word_1_638' title='bbox 1263 5212 1549 5269; x_wconf 90' lang='lat' dir='ltr'><strong>suscitabo</strong></span> <span class='ocrx_word' id='word_1_639' title='bbox 1577 5212 1658 5268; x_wconf 86' lang='lat' dir='ltr'><strong>eis</strong></span> <span class='ocrx_word' id='word_1_640' title='bbox 1688 5213 1757 5269; x_wconf 91' lang='lat' dir='ltr'><strong>de</strong></span> <span class='ocrx_word' id='word_1_641' title='bbox 1782 5227 1900 5267; x_wconf 89' lang='lat' dir='ltr'><strong>me-</strong></span> 
     </span>
    </p>
   </div>
   <div class='ocr_carea' id='block_1_86' title="bbox 322 5303 1902 5376">
    <p class='ocr_par' dir='ltr' id='par_1_86' title="bbox 322 5303 1902 5376">
     <span class='ocr_line' id='line_1_86' title="bbox 322 5303 1902 5376; baseline 0 -18"><span class='ocrx_word' id='word_1_642' title='bbox 322 5304 416 5358; x_wconf 90' lang='lat' dir='ltr'><strong>dio</strong></span> <span class='ocrx_word' id='word_1_643' title='bbox 444 5303 677 5358; x_wconf 52' lang='lat' dir='ltr'><strong>“atrum</strong></span> <span class='ocrx_word' id='word_1_644' title='bbox 709 5318 932 5361; x_wconf 84' lang='lat' dir='ltr'><strong>suorum</strong></span> <span class='ocrx_word' id='word_1_645' title='bbox 965 5305 1200 5361; x_wconf 88' lang='lat' dir='ltr'><strong>similem</strong></span> <span class='ocrx_word' id='word_1_646' title='bbox 1227 5305 1309 5360; x_wconf 88' lang='lat' dir='ltr'><strong>tui</strong></span> <span class='ocrx_word' id='word_1_647' title='bbox 1339 5324 1354 5360; x_wconf 92' lang='lat'><strong>:</strong></span> <span class='ocrx_word' id='word_1_648' title='bbox 1380 5312 1435 5360; x_wconf 90' lang='lat' dir='ltr'><strong>et</strong></span> <span class='ocrx_word' id='word_1_649' title='bbox 1483 5319 1683 5376; x_wconf 89' lang='lat' dir='ltr'><strong>ponam</strong></span> <span class='ocrx_word' id='word_1_650' title='bbox 1732 5303 1902 5360; x_wconf 80' lang='lat' dir='ltr'><strong>verba</strong></span> 
     </span>
    </p>
   </div>
   <div class='ocr_carea' id='block_1_87' title="bbox 323 5396 1901 5468">
    <p class='ocr_par' dir='ltr' id='par_1_87' title="bbox 323 5396 1901 5468">
     <span class='ocr_line' id='line_1_87' title="bbox 323 5396 1901 5468; baseline 0.001 -18"><span class='ocrx_word' id='word_1_651' title='bbox 323 5403 445 5452; x_wconf 82' lang='lat' dir='ltr'><strong>inea</strong></span> <span class='ocrx_word' id='word_1_652' title='bbox 478 5396 653 5452; x_wconf 82' lang='lat' dir='ltr'><strong>inore</strong></span> <span class='ocrx_word' id='word_1_653' title='bbox 680 5397 824 5465; x_wconf 84' lang='lat' dir='ltr'><strong>ejus,</strong></span> <span class='ocrx_word' id='word_1_654' title='bbox 889 5397 1251 5468; x_wconf 81' lang='lat' dir='ltr'><strong>loqueturque</strong></span> <span class='ocrx_word' id='word_1_655' title='bbox 1297 5398 1368 5452; x_wconf 82' lang='lat' dir='ltr'><strong>ad</strong></span> <span class='ocrx_word' id='word_1_656' title='bbox 1419 5412 1514 5453; x_wconf 89' lang='lat' dir='ltr'><strong>eos</strong></span> <span class='ocrx_word' id='word_1_657' title='bbox 1546 5397 1730 5452; x_wconf 90' lang='lat' dir='ltr'><strong>omnia</strong></span> <span class='ocrx_word' id='word_1_658' title='bbox 1778 5411 1901 5466; x_wconf 64' lang='lat' dir='ltr'><strong>quae</strong></span> 
     </span>
    </p>
   </div>
   <div class='ocr_carea' id='block_1_88' title="bbox 321 5472 1900 5561">
    <p class='ocr_par' dir='ltr' id='par_1_88' title="bbox 321 5472 1900 5561">
     <span class='ocr_line' id='line_1_88' title="bbox 321 5472 1900 5561; baseline 0.001 -20"><span class='ocrx_word' id='word_1_659' title='bbox 321 5498 633 5558; x_wconf 60' lang='lat' dir='ltr'><strong>praecepero</strong></span> <span class='ocrx_word' id='word_1_660' title='bbox 659 5490 730 5544; x_wconf 89' lang='lat' dir='ltr'><strong>ei.</strong></span> <span class='ocrx_word' id='word_1_661' title='bbox 755 5472 1073 5555; x_wconf 51' lang='lat' dir='ltr'><strong>Qubau’tem</strong></span> <span class='ocrx_word' id='word_1_662' title='bbox 1092 5490 1260 5545; x_wconf 80' lang='lat' dir='ltr'><strong>verba</strong></span> <span class='ocrx_word' id='word_1_663' title='bbox 1311 5488 1455 5561; x_wconf 88' lang='lat' dir='ltr'><strong>ejus,</strong></span> <span class='ocrx_word' id='word_1_664' title='bbox 1492 5504 1615 5559; x_wconf 67' lang='lat' dir='ltr'><strong>qua:</strong></span> <span class='ocrx_word' id='word_1_665' title='bbox 1645 5488 1900 5559; x_wconf 84' lang='lat' dir='ltr'><strong>loquetur</strong></span> 
     </span>
    </p>
   </div>
   <div class='ocr_carea' id='block_1_89' title="bbox 2011 3272 3685 3348">
    <p class='ocr_par' dir='ltr' id='par_1_89' title="bbox 2011 3272 3685 3348">
     <span class='ocr_line' id='line_1_89' title="bbox 2011 3272 3685 3348; baseline -0.005 -16"><span class='ocrx_word' id='word_1_666' title='bbox 2011 3278 2184 3348; x_wconf 86' lang='grc' dir='ltr'>Λόγος</span> <span class='ocrx_word' id='word_1_667' title='bbox 2210 3296 2230 3329; x_wconf 71' lang='grc' dir='ltr'><strong>ι</strong></span> <span class='ocrx_word' id='word_1_668' title='bbox 2260 3275 2505 3341; x_wconf 84' lang='grc' dir='ltr'>κενώσας</span> <span class='ocrx_word' id='word_1_669' title='bbox 2554 3275 2747 3332; x_wconf 80' lang='grc' dir='ltr'>ἑαυτὸν</span> <span class='ocrx_word' id='word_1_670' title='bbox 2803 3275 2898 3330; x_wconf 79' lang='grc' dir='ltr'>καὶ</span> <span class='ocrx_word' id='word_1_671' title='bbox 2930 3273 3146 3346; x_wconf 80' lang='grc' dir='ltr'>μορφήν</span> <span class='ocrx_word' id='word_1_672' title='bbox 3183 3273 3373 3327; x_wconf 85' lang='grc' dir='ltr'>δούλου</span> <span class='ocrx_word' id='word_1_673' title='bbox 3403 3272 3606 3339; x_wconf 83' lang='grc' dir='ltr'>λαϐὼν,</span> <span class='ocrx_word' id='word_1_674' title='bbox 3675 3309 3685 3315; x_wconf 56' lang='grc' dir='ltr'><em>η</em></span> 
     </span>
    </p>
   </div>
   <div class='ocr_carea' id='block_1_90' title="bbox 2013 3365 3609 3443">
    <p class='ocr_par' dir='ltr' id='par_1_90' title="bbox 2013 3365 3609 3443">
     <span class='ocr_line' id='line_1_90' title="bbox 2013 3365 3609 3443; baseline -0.006 -16"><span class='ocrx_word' id='word_1_675' title='bbox 2013 3373 2107 3427; x_wconf 72' lang='grc' dir='ltr'>καὶ</span> <span class='ocrx_word' id='word_1_676' title='bbox 2135 3372 2377 3443; x_wconf 88' lang='grc' dir='ltr'>σχήματι</span> <span class='ocrx_word' id='word_1_677' title='bbox 2398 3368 2645 3441; x_wconf 78' lang='grc' dir='ltr'>εὑρεθεὶς</span> <span class='ocrx_word' id='word_1_678' title='bbox 2685 3367 2761 3432; x_wconf 84' lang='grc' dir='ltr'>ὼς</span> <span class='ocrx_word' id='word_1_679' title='bbox 2790 3365 3100 3438; x_wconf 76' lang='grc' dir='ltr'>ἄνθρωπος,</span> <span class='ocrx_word' id='word_1_680' title='bbox 3140 3384 3159 3417; x_wconf 71' lang='grc' dir='ltr'><strong>ι</strong></span> <span class='ocrx_word' id='word_1_681' title='bbox 3188 3366 3389 3436; x_wconf 82' lang='grc' dir='ltr'>ἀστρον</span> <span class='ocrx_word' id='word_1_682' title='bbox 3418 3365 3481 3418; x_wconf 80' lang='grc' dir='ltr'>οὐ</span> <span class='ocrx_word' id='word_1_683' title='bbox 3516 3380 3609 3435; x_wconf 81' lang='grc' dir='ltr'>μι-</span> 
     </span>
    </p>
   </div>
   <div class='ocr_carea' id='block_1_91' title="bbox 2009 3455 3603 3535">
    <p class='ocr_par' dir='ltr' id='par_1_91' title="bbox 2009 3455 3603 3535">
     <span class='ocr_line' id='line_1_91' title="bbox 2009 3455 3603 3535; baseline -0.006 -17"><span class='ocrx_word' id='word_1_684' title='bbox 2009 3463 2143 3535; x_wconf 84' lang='grc' dir='ltr'>κρὸν</span> <span class='ocrx_word' id='word_1_685' title='bbox 2172 3462 2298 3533; x_wconf 80' lang='grc' dir='ltr'>οὐχὶ</span> <span class='ocrx_word' id='word_1_686' title='bbox 2329 3460 2406 3532; x_wconf 85' lang='grc' dir='ltr'>τῷ</span> <span class='ocrx_word' id='word_1_687' title='bbox 2453 3458 2648 3515; x_wconf 88' lang='grc' dir='ltr'>Ἰακὼϐ</span> <span class='ocrx_word' id='word_1_688' title='bbox 2678 3457 2971 3523; x_wconf 84' lang='grc' dir='ltr'>ἀνέτειλεν,</span> <span class='ocrx_word' id='word_1_689' title='bbox 3002 3457 3115 3512; x_wconf 88' lang='grc' dir='ltr'>ἀλλ’</span> <span class='ocrx_word' id='word_1_690' title='bbox 3147 3458 3214 3510; x_wconf 84' lang='grc' dir='ltr'>ὲκ</span> <span class='ocrx_word' id='word_1_691' title='bbox 3233 3456 3327 3510; x_wconf 91' lang='grc' dir='ltr'><strong>τοῦ</strong></span> <span class='ocrx_word' id='word_1_692' title='bbox 3370 3455 3603 3510; x_wconf 75' lang='grc' dir='ltr'>Ἰακὼϐο</span> 
     </span>
    </p>
   </div>
   <div class='ocr_carea' id='block_1_92' title="bbox 2011 3549 3607 3625">
    <p class='ocr_par' dir='ltr' id='par_1_92' title="bbox 2011 3549 3607 3625">
     <span class='ocr_line' id='line_1_92' title="bbox 2011 3549 3607 3625; baseline -0.006 -16"><span class='ocrx_word' id='word_1_693' title='bbox 2011 3554 2121 3610; x_wconf 83' lang='grc' dir='ltr'><strong>ἀπὸ</strong></span> <span class='ocrx_word' id='word_1_694' title='bbox 2146 3555 2257 3625; x_wconf 81' lang='grc' dir='ltr'>γὰρ</span> <span class='ocrx_word' id='word_1_695' title='bbox 2275 3551 2370 3607; x_wconf 91' lang='grc' dir='ltr'><strong>τοῦ</strong></span> <span class='ocrx_word' id='word_1_696' title='bbox 2418 3551 2735 3624; x_wconf 84' lang='grc' dir='ltr'>σωματικοῦ</span> <span class='ocrx_word' id='word_1_697' title='bbox 2769 3550 2898 3604; x_wconf 83' lang='grc' dir='ltr'>λαοῦ</span> <span class='ocrx_word' id='word_1_698' title='bbox 2930 3549 3041 3603; x_wconf 84' lang='grc' dir='ltr'><strong>τῶν</strong></span> <span class='ocrx_word' id='word_1_699' title='bbox 3081 3551 3146 3603; x_wconf 80' lang='grc' dir='ltr'>ὲκ</span> <span class='ocrx_word' id='word_1_700' title='bbox 3175 3551 3480 3621; x_wconf 74' lang='grc' dir='ltr'>περιτομῆς</span> <span class='ocrx_word' id='word_1_701' title='bbox 3504 3550 3607 3620; x_wconf 69' lang='lat' dir='ltr'><strong>ap.</strong></span> 
     </span>
    </p>
   </div>
   <div class='ocr_carea' id='block_1_93' title="bbox 2011 3639 3608 3718">
    <p class='ocr_par' dir='ltr' id='par_1_93' title="bbox 2011 3639 3608 3718">
     <span class='ocr_line' id='line_1_93' title="bbox 2011 3639 3608 3718; baseline -0.007 -17"><span class='ocrx_word' id='word_1_702' title='bbox 2011 3646 2262 3718; x_wconf 80' lang='grc' dir='ltr'>ξάμενος,</span> <span class='ocrx_word' id='word_1_703' title='bbox 2321 3645 2488 3698; x_wconf 81' lang='grc' dir='ltr'>πᾶσιν</span> <span class='ocrx_word' id='word_1_704' title='bbox 2532 3642 2817 3713; x_wconf 69' lang='grc' dir='ltr'>ἐπέλαμψε</span> <span class='ocrx_word' id='word_1_705' title='bbox 2846 3644 2961 3705; x_wconf 86' lang='grc' dir='ltr'>τοῖς</span> <span class='ocrx_word' id='word_1_706' title='bbox 3008 3639 3223 3693; x_wconf 75' lang='grc' dir='ltr'>ἔθνεσι·</span> <span class='ocrx_word' id='word_1_707' title='bbox 3260 3639 3608 3710; x_wconf 76' lang='grc' dir='ltr'>μεταναστὰς</span> 
     </span>
    </p>
   </div>
   <div class='ocr_carea' id='block_1_94' title="bbox 2009 3729 3603 3806">
    <p class='ocr_par' dir='ltr' id='par_1_94' title="bbox 2009 3729 3603 3806">
     <span class='ocr_line' id='line_1_94' title="bbox 2009 3729 3603 3806; baseline -0.006 -14"><span class='ocrx_word' id='word_1_708' title='bbox 2009 3756 2070 3792; x_wconf 88' lang='grc' dir='ltr'><strong>τε</strong></span> <span class='ocrx_word' id='word_1_709' title='bbox 2127 3738 2223 3792; x_wconf 87' lang='grc' dir='ltr'>ἀπ’</span> <span class='ocrx_word' id='word_1_710' title='bbox 2261 3736 2507 3798; x_wconf 74' lang='grc' dir='ltr'>ἐκείνων,</span> <span class='ocrx_word' id='word_1_711' title='bbox 2554 3736 2616 3789; x_wconf 85' lang='grc' dir='ltr'><strong>ού</strong></span> <span class='ocrx_word' id='word_1_712' title='bbox 2654 3733 2888 3806; x_wconf 83' lang='grc' dir='ltr'>μικροὺς</span> <span class='ocrx_word' id='word_1_713' title='bbox 2928 3731 3197 3803; x_wconf 80' lang='grc' dir='ltr'>πολέμους</span> <span class='ocrx_word' id='word_1_714' title='bbox 3218 3729 3603 3802; x_wconf 86' lang='grc' dir='ltr'>διεχειρίσατο,</span> 
     </span>
    </p>
   </div>
   <div class='ocr_carea' id='block_1_95' title="bbox 2011 3822 3609 3901">
    <p class='ocr_par' dir='ltr' id='par_1_95' title="bbox 2011 3822 3609 3901">
     <span class='ocr_line' id='line_1_95' title="bbox 2011 3822 3609 3901; baseline -0.007 -16"><span class='ocrx_word' id='word_1_715' title='bbox 2011 3830 2291 3901; x_wconf 87' lang='grc' dir='ltr'>καθαίρων</span> <span class='ocrx_word' id='word_1_716' title='bbox 2320 3847 2340 3882; x_wconf 72' lang='grc' dir='ltr'><strong>ι</strong></span> <span class='ocrx_word' id='word_1_717' title='bbox 2371 3828 2473 3892; x_wconf 83' lang='grc' dir='ltr'><strong>τὰς</strong></span> <span class='ocrx_word' id='word_1_718' title='bbox 2492 3827 2873 3898; x_wconf 84' lang='grc' dir='ltr'>ἀντικειμένας</span> <span class='ocrx_word' id='word_1_719' title='bbox 2903 3824 3183 3896; x_wconf 82' lang='grc' dir='ltr'>δυνάμεις,</span> <span class='ocrx_word' id='word_1_720' title='bbox 3207 3823 3302 3877; x_wconf 77' lang='grc' dir='ltr'>καὶ</span> <span class='ocrx_word' id='word_1_721' title='bbox 3339 3822 3411 3876; x_wconf 76' lang='grc' dir='ltr'>τὰ</span> <span class='ocrx_word' id='word_1_722' title='bbox 3441 3838 3609 3875; x_wconf 82' lang='grc' dir='ltr'>πνευ-</span> 
     </span>
    </p>
   </div>
   <div class='ocr_carea' id='block_1_96' title="bbox 2014 3914 3609 3995">
    <p class='ocr_par' dir='ltr' id='par_1_96' title="bbox 2014 3914 3609 3995">
     <span class='ocr_line' id='line_1_96' title="bbox 2014 3914 3609 3995; baseline -0.008 -18"><span class='ocrx_word' id='word_1_723' title='bbox 2014 3922 2219 3995; x_wconf 85' lang='grc' dir='ltr'>ματικά</span> <span class='ocrx_word' id='word_1_724' title='bbox 2249 3925 2348 3993; x_wconf 80' lang='grc' dir='ltr'><strong>τῆς</strong></span> <span class='ocrx_word' id='word_1_725' title='bbox 2384 3919 2671 3991; x_wconf 86' lang='grc' dir='ltr'>πονηρίας,</span> <span class='ocrx_word' id='word_1_726' title='bbox 2708 3937 2728 3970; x_wconf 74' lang='grc' dir='ltr'><strong>ι</strong></span> <span class='ocrx_word' id='word_1_727' title='bbox 2756 3916 2855 3981; x_wconf 87' lang='grc' dir='ltr'><strong>οὓς</strong></span> <span class='ocrx_word' id='word_1_728' title='bbox 2901 3914 3420 3986; x_wconf 85' lang='grc' dir='ltr'>καταγωνισάμενος</span> <span class='ocrx_word' id='word_1_729' title='bbox 3470 3930 3609 3983; x_wconf 84' lang='grc' dir='ltr'>προ-</span> 
     </span>
    </p>
   </div>
   <div class='ocr_carea' id='block_1_97' title="bbox 2011 4002 3607 4087">
    <p class='ocr_par' dir='ltr' id='par_1_97' title="bbox 2011 4002 3607 4087">
     <span class='ocr_line' id='line_1_97' title="bbox 2011 4002 3607 4087; baseline -0.009 -16"><span class='ocrx_word' id='word_1_730' title='bbox 2011 4013 2521 4087; x_wconf 75' lang='grc' dir='ltr'>νομὴν-ἐποιήσατο</span> <span class='ocrx_word' id='word_1_731' title='bbox 2563 4011 2645 4074; x_wconf 81' lang='grc' dir='ltr'><strong>είς</strong></span> <span class='ocrx_word' id='word_1_732' title='bbox 2690 4009 2785 4062; x_wconf 78' lang='grc' dir='ltr'><strong>τὸν</strong></span> <span class='ocrx_word' id='word_1_733' title='bbox 2840 4007 3006 4062; x_wconf 81' lang='grc' dir='ltr'>αὑτοῦ</span> <span class='ocrx_word' id='word_1_734' title='bbox 3052 4006 3277 4078; x_wconf 79' lang='grc' dir='ltr'>κλῆρον,</span> <span class='ocrx_word' id='word_1_735' title='bbox 3306 4002 3607 4058; x_wconf 74' lang='grc' dir='ltr'>ἀπολαϐὼν</span> 
     </span>
    </p>
   </div>
   <div class='ocr_carea' id='block_1_98' title="bbox 2010 4088 3607 4177">
    <p class='ocr_par' dir='ltr' id='par_1_98' title="bbox 2010 4088 3607 4177">
     <span class='ocr_line' id='line_1_98' title="bbox 2010 4088 3607 4177; baseline -0.008 -15"><span class='ocrx_word' id='word_1_736' title='bbox 2010 4109 2112 4162; x_wconf 84' lang='grc' dir='ltr'>ὅσα</span> <span class='ocrx_word' id='word_1_737' title='bbox 2137 4105 2404 4177; x_wconf 87' lang='grc' dir='ltr'>πρότερον</span> <span class='ocrx_word' id='word_1_738' title='bbox 2432 4102 2527 4156; x_wconf 85' lang='grc' dir='ltr'>ὑπ’</span> <span class='ocrx_word' id='word_1_739' title='bbox 2551 4101 2798 4165; x_wconf 74' lang='grc' dir='ltr'>ἐκείνους</span> <span class='ocrx_word' id='word_1_740' title='bbox 2842 4097 3139 4170; x_wconf 77' lang='grc' dir='ltr'>ἐτύγχανεν</span> <span class='ocrx_word' id='word_1_741' title='bbox 3175 4096 3305 4169; x_wconf 76' lang='grc' dir='ltr'>ἔθνη</span> <span class='ocrx_word' id='word_1_742' title='bbox 3325 4114 3341 4128; x_wconf 74' lang='grc'><em>’</em></span> <span class='ocrx_word' id='word_1_743' title='bbox 3364 4096 3496 4167; x_wconf 75' lang='grc' dir='ltr'>περὶ</span> <span class='ocrx_word' id='word_1_744' title='bbox 3523 4088 3607 4150; x_wconf 78' lang='grc' dir='ltr'>ὧν</span> 
     </span>
    </p>
   </div>
   <div class='ocr_carea' id='block_1_99' title="bbox 2009 4187 3605 4268">
    <p class='ocr_par' dir='ltr' id='par_1_99' title="bbox 2009 4187 3605 4268">
     <span class='ocr_line' id='line_1_99' title="bbox 2009 4187 3605 4268; baseline -0.005 -18"><span class='ocrx_word' id='word_1_745' title='bbox 2009 4198 2039 4250; x_wconf 89' lang='grc' dir='ltr'>ὁ</span> <span class='ocrx_word' id='word_1_746' title='bbox 2084 4197 2275 4268; x_wconf 84' lang='grc' dir='ltr'>Πατήρ</span> <span class='ocrx_word' id='word_1_747' title='bbox 2334 4193 2485 4266; x_wconf 82' lang='grc' dir='ltr'>αὑτῷ</span> <span class='ocrx_word' id='word_1_748' title='bbox 2538 4191 3015 4266; x_wconf 85' lang='grc' dir='ltr'>κατεπηγγείλατο</span> <span class='ocrx_word' id='word_1_749' title='bbox 3059 4188 3264 4245; x_wconf 76' lang='grc' dir='ltr'>εἰπών’</span> <span class='ocrx_word' id='word_1_750' title='bbox 3309 4208 3329 4240; x_wconf 75' lang='grc' dir='ltr'><strong>ι</strong></span> <span class='ocrx_word' id='word_1_751' title='bbox 3367 4187 3605 4259; x_wconf 78' lang='grc' dir='ltr'>Αἴτησαι</span> 
     </span>
    </p>
   </div>
   <div class='ocr_carea' id='block_1_100' title="bbox 2011 4278 3603 4361">
    <p class='ocr_par' dir='ltr' id='par_1_100' title="bbox 2011 4278 3603 4361">
     <span class='ocr_line' id='line_1_100' title="bbox 2011 4278 3603 4361; baseline -0.008 -20"><span class='ocrx_word' id='word_1_752' title='bbox 2011 4290 2141 4361; x_wconf 79' lang='grc' dir='ltr'>παρ’</span> <span class='ocrx_word' id='word_1_753' title='bbox 2169 4287 2326 4360; x_wconf 79' lang='grc' dir='ltr'>ἐμοῦ,</span> <span class='ocrx_word' id='word_1_754' title='bbox 2359 4287 2454 4340; x_wconf 80' lang='grc' dir='ltr'><strong>καὶ</strong></span> <span class='ocrx_word' id='word_1_755' title='bbox 2475 4284 2634 4340; x_wconf 84' lang='grc' dir='ltr'>δώσω</span> <span class='ocrx_word' id='word_1_756' title='bbox 2661 4300 2745 4338; x_wconf 90' lang='grc' dir='ltr'><strong>σοι</strong></span> <span class='ocrx_word' id='word_1_757' title='bbox 2782 4282 2909 4353; x_wconf 74' lang='grc' dir='ltr'>ἔθνη</span> <span class='ocrx_word' id='word_1_758' title='bbox 2942 4281 3041 4352; x_wconf 83' lang='grc' dir='ltr'><strong>τήν</strong></span> <span class='ocrx_word' id='word_1_759' title='bbox 3070 4278 3439 4351; x_wconf 86' lang='grc' dir='ltr'>κληρονομίαν</span> <span class='ocrx_word' id='word_1_760' title='bbox 3482 4293 3603 4340; x_wconf 85' lang='grc' dir='ltr'>σου,</span> 
     </span>
    </p>
   </div>
   <div class='ocr_carea' id='block_1_101' title="bbox 2011 4370 3400 4448">
    <p class='ocr_par' dir='ltr' id='par_1_101' title="bbox 2011 4370 3400 4448">
     <span class='ocr_line' id='line_1_101' title="bbox 2011 4370 3400 4448; baseline -0.008 -16"><span class='ocrx_word' id='word_1_761' title='bbox 2011 4378 2107 4432; x_wconf 70' lang='grc' dir='ltr'><strong>καὶ</strong></span> <span class='ocrx_word' id='word_1_762' title='bbox 2131 4376 2230 4448; x_wconf 83' lang='grc' dir='ltr'>τὴν</span> <span class='ocrx_word' id='word_1_763' title='bbox 2260 4374 2589 4445; x_wconf 78' lang='grc' dir='ltr'>κατάσχεσίν</span> <span class='ocrx_word' id='word_1_764' title='bbox 2611 4391 2706 4428; x_wconf 88' lang='grc' dir='ltr'><strong>σου</strong></span> <span class='ocrx_word' id='word_1_765' title='bbox 2736 4371 2809 4426; x_wconf 83' lang='grc' dir='ltr'>τὰ.</span> <span class='ocrx_word' id='word_1_766' title='bbox 2841 4371 3059 4443; x_wconf 81' lang='grc' dir='ltr'>πέρατα</span> <span class='ocrx_word' id='word_1_767' title='bbox 3085 4370 3185 4441; x_wconf 78' lang='grc' dir='ltr'>τῆς</span> <span class='ocrx_word' id='word_1_768' title='bbox 3212 4370 3339 4439; x_wconf 81' lang='grc' dir='ltr'>γῆς.</span> <span class='ocrx_word' id='word_1_769' title='bbox 3380 4388 3400 4421; x_wconf 73' lang='grc' dir='ltr'><strong>ι</strong></span> 
     </span>
    </p>
   </div>
   <div class='ocr_carea' id='block_1_102' title="bbox 2535 4484 3067 4541">
    <p class='ocr_par' dir='ltr' id='par_1_102' title="bbox 2535 4484 3067 4541">
     <span class='ocr_line' id='line_1_102' title="bbox 2535 4484 3067 4541; baseline -0.009 0"><span class='ocrx_word' id='word_1_770' title='bbox 2535 4485 2936 4541; x_wconf 72' lang='grc' dir='ltr'><strong>ΚΕΦΑΛΔΙΟΝ</strong></span> <span class='ocrx_word' id='word_1_771' title='bbox 2962 4484 3067 4537; x_wconf 84' lang='grc' dir='ltr'><strong>1Ε’.</strong></span> 
     </span>
    </p>
   </div>
   <div class='ocr_carea' id='block_1_103' title="bbox 1935 4542 3602 4649">
    <p class='ocr_par' dir='ltr' id='par_1_103' title="bbox 1935 4542 3602 4649">
     <span class='ocr_line' id='line_1_103' title="bbox 1935 4542 3602 4649; baseline -0.005 -15"><span class='ocrx_word' id='word_1_772' title='bbox 1935 4542 1981 4597; x_wconf 78' lang='lat' dir='ltr'><strong>D</strong></span> <span class='ocrx_word' id='word_1_773' title='bbox 2023 4582 2118 4634; x_wconf 82' lang='grc' dir='ltr'>Ἐκ</span> <span class='ocrx_word' id='word_1_774' title='bbox 2142 4581 2250 4636; x_wconf 80' lang='grc' dir='ltr'><strong>τοῦ</strong></span> <span class='ocrx_word' id='word_1_775' title='bbox 2288 4560 2772 4649; x_wconf 69' lang='grc' dir='ltr'>Δευτερονομίου.</span> <span class='ocrx_word' id='word_1_776' title='bbox 2813 4574 3079 4644; x_wconf 79' lang='grc' dir='ltr'><strong>Μωῦσῆς</strong></span> <span class='ocrx_word' id='word_1_777' title='bbox 3114 4574 3287 4629; x_wconf 77' lang='grc' dir='ltr'>ἐστιν</span> <span class='ocrx_word' id='word_1_778' title='bbox 3309 4576 3344 4627; x_wconf 82' lang='grc' dir='ltr'><em>ό</em></span> <span class='ocrx_word' id='word_1_779' title='bbox 3380 4572 3602 4642; x_wconf 59' lang='grc' dir='ltr'><strong>λέγων·</strong></span> 
     </span>
    </p>
   </div>
   <div class='ocr_carea' id='block_1_104' title="bbox 2086 4662 3607 4743">
    <p class='ocr_par' dir='ltr' id='par_1_104' title="bbox 2086 4662 3607 4743">
     <span class='ocr_line' id='line_1_104' title="bbox 2086 4662 3607 4743; baseline -0.006 -21"><span class='ocrx_word' id='word_1_780' title='bbox 2086 4688 2105 4722; x_wconf 79' lang='grc' dir='ltr'><strong>ι</strong></span> <span class='ocrx_word' id='word_1_781' title='bbox 2139 4672 2434 4743; x_wconf 79' lang='grc' dir='ltr'>Προφήτην</span> <span class='ocrx_word' id='word_1_782' title='bbox 2454 4672 2521 4724; x_wconf 69' lang='grc' dir='ltr'>ἐκ</span> <span class='ocrx_word' id='word_1_783' title='bbox 2547 4669 2657 4722; x_wconf 86' lang='grc' dir='ltr'><strong>τῶν</strong></span> <span class='ocrx_word' id='word_1_784' title='bbox 2690 4665 2934 4737; x_wconf 78' lang='grc' dir='ltr'>ἀδελφῶν</span> <span class='ocrx_word' id='word_1_785' title='bbox 2960 4682 3078 4728; x_wconf 84' lang='grc' dir='ltr'>σου,</span> <span class='ocrx_word' id='word_1_786' title='bbox 3102 4663 3181 4728; x_wconf 82' lang='grc' dir='ltr'>ὡς</span> <span class='ocrx_word' id='word_1_787' title='bbox 3214 4663 3336 4734; x_wconf 77' lang='grc' dir='ltr'>ἐμὲ,</span> <span class='ocrx_word' id='word_1_788' title='bbox 3362 4662 3607 4732; x_wconf 76' lang='grc' dir='ltr'>ἀναστή-</span> 
     </span>
    </p>
   </div>
   <div class='ocr_carea' id='block_1_105' title="bbox 2010 4753 3605 4836">
    <p class='ocr_par' dir='ltr' id='par_1_105' title="bbox 2010 4753 3605 4836">
     <span class='ocr_line' id='line_1_105' title="bbox 2010 4753 3605 4836; baseline -0.007 -19"><span class='ocrx_word' id='word_1_789' title='bbox 2010 4779 2094 4817; x_wconf 88' lang='grc' dir='ltr'><strong>σει</strong></span> <span class='ocrx_word' id='word_1_790' title='bbox 2144 4780 2229 4816; x_wconf 85' lang='grc' dir='ltr'><strong>σοι</strong></span> <span class='ocrx_word' id='word_1_791' title='bbox 2270 4762 2476 4836; x_wconf 79' lang='grc' dir='ltr'>Κύριος</span> <span class='ocrx_word' id='word_1_792' title='bbox 2514 4763 2543 4815; x_wconf 85' lang='grc' dir='ltr'>ὁ</span> <span class='ocrx_word' id='word_1_793' title='bbox 2588 4761 2723 4826; x_wconf 85' lang='grc' dir='ltr'>Θεός</span> <span class='ocrx_word' id='word_1_794' title='bbox 2750 4774 2879 4814; x_wconf 88' lang='grc' dir='ltr'>σου·</span> <span class='ocrx_word' id='word_1_795' title='bbox 2906 4757 3074 4812; x_wconf 80' lang='grc' dir='ltr'>αὐτοῦ</span> <span class='ocrx_word' id='word_1_796' title='bbox 3106 4753 3406 4811; x_wconf 81' lang='grc' dir='ltr'>ἀκούσεσθε</span> <span class='ocrx_word' id='word_1_797' title='bbox 3454 4754 3605 4808; x_wconf 78' lang='grc' dir='ltr'>κατὰ</span> 
     </span>
    </p>
   </div>
   <div class='ocr_carea' id='block_1_106' title="bbox 2010 4845 3605 4927">
    <p class='ocr_par' dir='ltr' id='par_1_106' title="bbox 2010 4845 3605 4927">
     <span class='ocr_line' id='line_1_106' title="bbox 2010 4845 3605 4927; baseline -0.008 -16"><span class='ocrx_word' id='word_1_798' title='bbox 2010 4857 2209 4919; x_wconf 85' lang='grc' dir='ltr'>πάντα,</span> <span class='ocrx_word' id='word_1_799' title='bbox 2262 4855 2365 4910; x_wconf 81' lang='grc' dir='ltr'><strong>ὅσα</strong></span> <span class='ocrx_word' id='word_1_800' title='bbox 2409 4857 2598 4927; x_wconf 80' lang='grc' dir='ltr'>ῂτήσω</span> <span class='ocrx_word' id='word_1_801' title='bbox 2642 4853 2793 4926; x_wconf 84' lang='grc' dir='ltr'>παρὰ</span> <span class='ocrx_word' id='word_1_802' title='bbox 2836 4851 3046 4923; x_wconf 79' lang='grc' dir='ltr'>Κυρίου</span> <span class='ocrx_word' id='word_1_803' title='bbox 3067 4849 3162 4903; x_wconf 82' lang='grc' dir='ltr'><strong>τοῦ</strong></span> <span class='ocrx_word' id='word_1_804' title='bbox 3202 4845 3340 4901; x_wconf 82' lang='grc' dir='ltr'>Θεοῦ</span> <span class='ocrx_word' id='word_1_805' title='bbox 3395 4863 3494 4899; x_wconf 81' lang='grc' dir='ltr'><strong>σου</strong></span> <span class='ocrx_word' id='word_1_806' title='bbox 3542 4848 3605 4900; x_wconf 75' lang='grc' dir='ltr'>ὲν</span> 
     </span>
    </p>
   </div>
   <div class='ocr_carea' id='block_1_107' title="bbox 2005 4938 3604 5020">
    <p class='ocr_par' dir='ltr' id='par_1_107' title="bbox 2005 4938 3604 5020">
     <span class='ocr_line' id='line_1_107' title="bbox 2005 4938 3604 5020; baseline -0.008 -19"><span class='ocrx_word' id='word_1_807' title='bbox 2005 4946 2210 5020; x_wconf 84' lang='grc' dir='ltr'>Χωρὴϐ</span> <span class='ocrx_word' id='word_1_808' title='bbox 2256 4949 2325 5018; x_wconf 72' lang='grc' dir='ltr'>τῇ</span> <span class='ocrx_word' id='word_1_809' title='bbox 2357 4946 2540 5018; x_wconf 77' lang='grc' dir='ltr'>ἡμέρᾳ</span> <span class='ocrx_word' id='word_1_810' title='bbox 2564 4943 2988 5016; x_wconf 79' lang='grc' dir='ltr'>τῆςὲκκλησίας,</span> <span class='ocrx_word' id='word_1_811' title='bbox 3022 4942 3291 5010; x_wconf 81' lang='grc' dir='ltr'>λέγοντες,</span> <span class='ocrx_word' id='word_1_812' title='bbox 3324 4938 3400 4992; x_wconf 82' lang='grc' dir='ltr'><strong>Οὐ</strong></span> <span class='ocrx_word' id='word_1_813' title='bbox 3429 4953 3604 5009; x_wconf 84' lang='grc' dir='ltr'>προσ-</span> 
     </span>
    </p>
   </div>
   <div class='ocr_carea' id='block_1_108' title="bbox 2006 5027 3600 5110">
    <p class='ocr_par' dir='ltr' id='par_1_108' title="bbox 2006 5027 3600 5110">
     <span class='ocr_line' id='line_1_108' title="bbox 2006 5027 3600 5110; baseline -0.01 -15"><span class='ocrx_word' id='word_1_814' title='bbox 2006 5039 2245 5110; x_wconf 83' lang='grc' dir='ltr'>θήσομεν</span> <span class='ocrx_word' id='word_1_815' title='bbox 2291 5037 2526 5092; x_wconf 88' lang='grc' dir='ltr'>ἀκοῦσαι</span> <span class='ocrx_word' id='word_1_816' title='bbox 2556 5036 2657 5107; x_wconf 81' lang='grc' dir='ltr'>τῆς</span> <span class='ocrx_word' id='word_1_817' title='bbox 2688 5034 2876 5105; x_wconf 78' lang='grc' dir='ltr'>φωνῆς</span> <span class='ocrx_word' id='word_1_818' title='bbox 2903 5031 3113 5104; x_wconf 83' lang='grc' dir='ltr'>Κυρίου</span> <span class='ocrx_word' id='word_1_819' title='bbox 3134 5030 3227 5084; x_wconf 86' lang='grc' dir='ltr'><strong>τοῦ</strong></span> <span class='ocrx_word' id='word_1_820' title='bbox 3254 5027 3394 5082; x_wconf 79' lang='grc' dir='ltr'>Θεοῦ</span> <span class='ocrx_word' id='word_1_821' title='bbox 3412 5027 3600 5099; x_wconf 78' lang='grc' dir='ltr'>ἡμῶν,</span> 
     </span>
    </p>
   </div>
   <div class='ocr_carea' id='block_1_109' title="bbox 2005 5117 3599 5201">
    <p class='ocr_par' dir='ltr' id='par_1_109' title="bbox 2005 5117 3599 5201">
     <span class='ocr_line' id='line_1_109' title="bbox 2005 5117 3599 5201; baseline -0.008 -19"><span class='ocrx_word' id='word_1_822' title='bbox 2005 5130 2100 5181; x_wconf 57' lang='grc' dir='ltr'><strong>καὶ⁵</strong></span> <span class='ocrx_word' id='word_1_823' title='bbox 2131 5129 2195 5182; x_wconf 83' lang='grc' dir='ltr'>τὸ</span> <span class='ocrx_word' id='word_1_824' title='bbox 2224 5127 2336 5201; x_wconf 86' lang='grc' dir='ltr'><strong>πῦρ</strong></span> <span class='ocrx_word' id='word_1_825' title='bbox 2360 5128 2421 5181; x_wconf 82' lang='grc' dir='ltr'>τὸ</span> <span class='ocrx_word' id='word_1_826' title='bbox 2451 5127 2594 5199; x_wconf 84' lang='grc' dir='ltr'>μέγα</span> <span class='ocrx_word' id='word_1_827' title='bbox 2631 5125 2791 5179; x_wconf 81' lang='grc' dir='ltr'>τοῦτο</span> <span class='ocrx_word' id='word_1_828' title='bbox 2831 5125 2934 5178; x_wconf 80' lang='grc' dir='ltr'><strong>οὐκ</strong></span> <span class='ocrx_word' id='word_1_829' title='bbox 2960 5120 3204 5193; x_wconf 77' lang='grc' dir='ltr'>ὀψόμεθα</span> <span class='ocrx_word' id='word_1_830' title='bbox 3234 5118 3337 5184; x_wconf 73' lang='grc' dir='ltr'>ἔτι,</span> <span class='ocrx_word' id='word_1_831' title='bbox 3369 5118 3495 5172; x_wconf 76' lang='grc' dir='ltr'>οὐδὲ</span> <span class='ocrx_word' id='word_1_832' title='bbox 3524 5117 3599 5189; x_wconf 76' lang='grc' dir='ltr'>μὴ</span> 
     </span>
    </p>
   </div>
   <div class='ocr_carea' id='block_1_110' title="bbox 2002 5206 3596 5290">
    <p class='ocr_par' dir='ltr' id='par_1_110' title="bbox 2002 5206 3596 5290">
     <span class='ocr_line' id='line_1_110' title="bbox 2002 5206 3596 5290; baseline -0.009 -18"><span class='ocrx_word' id='word_1_833' title='bbox 2002 5218 2364 5290; x_wconf 84' lang='grc' dir='ltr'>άμάρτωμεν.</span> <span class='ocrx_word' id='word_1_834' title='bbox 2419 5219 2530 5271; x_wconf 75' lang='grc' dir='ltr'><strong>Καὶ</strong></span> <span class='ocrx_word' id='word_1_835' title='bbox 2581 5213 2735 5269; x_wconf 79' lang='grc' dir='ltr'>εἶπεν</span> <span class='ocrx_word' id='word_1_836' title='bbox 2784 5214 2990 5286; x_wconf 79' lang='grc' dir='ltr'>Κύριος</span> <span class='ocrx_word' id='word_1_837' title='bbox 3043 5210 3180 5282; x_wconf 81' lang='grc' dir='ltr'>πρὸς</span> <span class='ocrx_word' id='word_1_838' title='bbox 3226 5211 3329 5279; x_wconf 76' lang='grc' dir='ltr'>με’</span> <span class='ocrx_word' id='word_1_839' title='bbox 3388 5206 3596 5278; x_wconf 78' lang='grc' dir='ltr'>Ὀρθῶς</span> 
     </span>
    </p>
   </div>
   <div class='ocr_carea' id='block_1_111' title="bbox 2008 5297 3596 5376">
    <p class='ocr_par' dir='ltr' id='par_1_111' title="bbox 2008 5297 3596 5376">
     <span class='ocr_line' id='line_1_111' title="bbox 2008 5297 3596 5376; baseline -0.007 -18"><span class='ocrx_word' id='word_1_840' title='bbox 2008 5304 2209 5369; x_wconf 83' lang='grc' dir='ltr'>πάντα,</span> <span class='ocrx_word' id='word_1_841' title='bbox 2229 5306 2330 5359; x_wconf 87' lang='grc' dir='ltr'>ὃσα</span> <span class='ocrx_word' id='word_1_842' title='bbox 2361 5305 2628 5376; x_wconf 78' lang='grc' dir='ltr'>ἐλάλησαν</span> <span class='ocrx_word' id='word_1_843' title='bbox 2643 5320 2658 5335; x_wconf 76' lang='grc' dir='ltr'><strong>ο</strong></span> <span class='ocrx_word' id='word_1_844' title='bbox 2693 5304 2981 5375; x_wconf 83' lang='grc' dir='ltr'>προφήτην</span> <span class='ocrx_word' id='word_1_845' title='bbox 3010 5301 3302 5371; x_wconf 86' lang='grc' dir='ltr'>ἀναστήσω</span> <span class='ocrx_word' id='word_1_846' title='bbox 3323 5297 3507 5359; x_wconf 81' lang='grc' dir='ltr'>αὐτοῖς</span> <span class='ocrx_word' id='word_1_847' title='bbox 3531 5297 3596 5348; x_wconf 75' lang='grc' dir='ltr'>ἐκ</span> 
     </span>
    </p>
   </div>
   <div class='ocr_carea' id='block_1_112' title="bbox 2007 5387 3593 5469">
    <p class='ocr_par' dir='ltr' id='par_1_112' title="bbox 2007 5387 3593 5469">
     <span class='ocr_line' id='line_1_112' title="bbox 2007 5387 3593 5469; baseline -0.007 -17"><span class='ocrx_word' id='word_1_848' title='bbox 2007 5397 2176 5469; x_wconf 79' lang='grc' dir='ltr'>μέσου</span> <span class='ocrx_word' id='word_1_849' title='bbox 2204 5398 2316 5453; x_wconf 89' lang='grc' dir='ltr'><strong>τῶν</strong></span> <span class='ocrx_word' id='word_1_850' title='bbox 2355 5396 2602 5468; x_wconf 86' lang='grc' dir='ltr'>ἀδελφῶν</span> <span class='ocrx_word' id='word_1_851' title='bbox 2646 5395 2851 5459; x_wconf 83' lang='grc' dir='ltr'>αὐτῶν,</span> <span class='ocrx_word' id='word_1_852' title='bbox 2884 5394 3075 5466; x_wconf 87' lang='grc' dir='ltr'>ὥσπερ</span> <span class='ocrx_word' id='word_1_853' title='bbox 3098 5392 3159 5447; x_wconf 80' lang='grc' dir='ltr'>σέ</span> <span class='ocrx_word' id='word_1_854' title='bbox 3177 5410 3192 5423; x_wconf 89' lang='grc'><strong>·</strong></span> <span class='ocrx_word' id='word_1_855' title='bbox 3216 5391 3314 5445; x_wconf 76' lang='grc' dir='ltr'>καὶ</span> <span class='ocrx_word' id='word_1_856' title='bbox 3354 5389 3510 5443; x_wconf 84' lang='grc' dir='ltr'>δώσω</span> <span class='ocrx_word' id='word_1_857' title='bbox 3534 5387 3593 5442; x_wconf 73' lang='grc' dir='ltr'>τὸ</span> 
     </span>
    </p>
   </div>
   <div class='ocr_carea' id='block_1_113' title="bbox 2004 5482 3592 5562">
    <p class='ocr_par' dir='ltr' id='par_1_113' title="bbox 2004 5482 3592 5562">
     <span class='ocr_line' id='line_1_113' title="bbox 2004 5482 3592 5562; baseline -0.007 -18"><span class='ocrx_word' id='word_1_858' title='bbox 2004 5490 2157 5562; x_wconf 79' lang='grc' dir='ltr'>ῥῆμά</span> <span class='ocrx_word' id='word_1_859' title='bbox 2181 5506 2284 5559; x_wconf 88' lang='grc' dir='ltr'><strong>μου</strong></span> <span class='ocrx_word' id='word_1_860' title='bbox 2314 5491 2375 5544; x_wconf 80' lang='grc' dir='ltr'>ὲν</span> <span class='ocrx_word' id='word_1_861' title='bbox 2411 5489 2490 5561; x_wconf 85' lang='grc' dir='ltr'>τῷ</span> <span class='ocrx_word' id='word_1_862' title='bbox 2530 5489 2761 5561; x_wconf 88' lang='grc' dir='ltr'>στόματι</span> <span class='ocrx_word' id='word_1_863' title='bbox 2791 5486 2979 5551; x_wconf 84' lang='grc' dir='ltr'>αὐτοῦ,</span> <span class='ocrx_word' id='word_1_864' title='bbox 3008 5486 3106 5540; x_wconf 73' lang='grc' dir='ltr'><strong>καὶ</strong></span> <span class='ocrx_word' id='word_1_865' title='bbox 3146 5483 3372 5555; x_wconf 86' lang='grc' dir='ltr'>λαλήσει</span> <span class='ocrx_word' id='word_1_866' title='bbox 3409 5482 3592 5544; x_wconf 81' lang='grc' dir='ltr'>αὐτοῖς</span> 
     </span>
    </p>
   </div>
   <div class='ocr_carea' id='block_1_114' title="bbox 396 5632 3585 5715">
    <p class='ocr_par' dir='ltr' id='par_1_114' title="bbox 396 5632 3585 5715">
     <span class='ocr_line' id='line_1_114' title="bbox 396 5632 3585 5715; baseline -0.003 -20"><span class='ocrx_word' id='word_1_867' title='bbox 396 5641 656 5715; x_wconf 58' lang='grc' dir='ltr'>ιξἙιοό.</span> <span class='ocrx_word' id='word_1_868' title='bbox 682 5645 827 5715; x_wconf 53' lang='grc' dir='ltr'>με.</span> <span class='ocrx_word' id='word_1_869' title='bbox 902 5645 1121 5701; x_wconf 76' lang='lat' dir='ltr'><strong>&quot;Joan.</strong></span> <span class='ocrx_word' id='word_1_870' title='bbox 1150 5645 1375 5711; x_wconf 67' lang='lat' dir='ltr'><strong>nx,l5.</strong></span> <span class='ocrx_word' id='word_1_871' title='bbox 1451 5643 1765 5711; x_wconf 63' lang='lat' dir='ltr'><strong>&quot;‘Galmr,</strong></span> <span class='ocrx_word' id='word_1_872' title='bbox 1791 5645 1880 5701; x_wconf 81' lang='lat' dir='ltr'><strong>l5.</strong></span> <span class='ocrx_word' id='word_1_873' title='bbox 1957 5642 2183 5701; x_wconf 74' lang='lat' dir='ltr'><strong>“Num.</strong></span> <span class='ocrx_word' id='word_1_874' title='bbox 2218 5663 2366 5713; x_wconf 80' lang='lat' dir='ltr'><strong>xxiv,</strong></span> <span class='ocrx_word' id='word_1_875' title='bbox 2393 5646 2478 5702; x_wconf 81' lang='grc'><strong>17.</strong></span> <span class='ocrx_word' id='word_1_876' title='bbox 2554 5645 2599 5681; x_wconf 66' lang='grc'><strong>⁸⁷</strong></span> <span class='ocrx_word' id='word_1_877' title='bbox 2619 5643 2819 5715; x_wconf 87' lang='lat' dir='ltr'><strong>Philip.</strong></span> <span class='ocrx_word' id='word_1_878' title='bbox 2858 5657 2924 5710; x_wconf 87' lang='grc' dir='ltr'><strong>ιι,</strong></span> <span class='ocrx_word' id='word_1_879' title='bbox 2961 5641 3010 5697; x_wconf 89' lang='lat'><strong>7.</strong></span> <span class='ocrx_word' id='word_1_880' title='bbox 3087 5641 3133 5675; x_wconf 71' lang='lat'>“</span> <span class='ocrx_word' id='word_1_881' title='bbox 3170 5637 3373 5712; x_wconf 83' lang='lat' dir='ltr'><strong>Ephes.</strong></span> <span class='ocrx_word' id='word_1_882' title='bbox 3402 5632 3585 5703; x_wconf 69' lang='grc' dir='ltr'>νι,ίΞ.</span> 
     </span>
    </p>
   </div>
   <div class='ocr_carea' id='block_1_115' title="bbox 322 5711 747 5780">
    <p class='ocr_par' dir='ltr' id='par_1_115' title="bbox 322 5711 747 5780">
     <span class='ocr_line' id='line_1_115' title="bbox 322 5711 747 5780; baseline 0.002 -13"><span class='ocrx_word' id='word_1_883' title='bbox 322 5714 369 5746; x_wconf 64' lang='grc' dir='ltr'><strong>δ’</strong></span> <span class='ocrx_word' id='word_1_884' title='bbox 407 5711 553 5768; x_wconf 85' lang='lat' dir='ltr'><strong>Psal.</strong></span> <span class='ocrx_word' id='word_1_885' title='bbox 592 5730 657 5780; x_wconf 87' lang='grc' dir='ltr'><strong>ιι,</strong></span> <span class='ocrx_word' id='word_1_886' title='bbox 694 5714 747 5768; x_wconf 90' lang='grc'>8.</span> 
     </span>
    </p>
   </div>
  </div>
