3840 6222
249 370 394 427 1075

1284 360 1572 421 ECLOGA:
1615 353 2104 414 PROPHETICAS.
2148 387 2218 401 --
2263 357 2391 415 LIB.
2428 356 2448 411 1

3362 341 3504 400 1078

248 485 374 539 καθ’
405 486 487 538 ὅτι
513 484 579 538 ἂν
615 482 940 554 ἐντείλωμαι
969 482 1134 554 αὐτῷ,
1167 483 1278 536 Καὶ
1304 485 1332 536 6
1367 481 1653 554 ἄνθρωπος
1678 479 1736 543 ὃς
1763 477 1822 532 ἂν

1934 479 1986 531 in
2011 477 2230 532 nomine
2267 492 2411 540 meo,
2447 474 2638 530 audire
2693 471 2952 537 noluerit,
3009 483 3110 540 ego
3169 466 3314 520 ultor
3355 463 3504 517 exsi-

251 579 331 650 μὴ
358 575 566 648 ἀκούσῃ
591 576 770 629 πάντα
793 577 892 628 ὅσα
927 575 992 628 ἂν
1033 576 1238 647 λαλήσῃ
1269 575 1297 626 6
1336 574 1622 644 προφήτης
1642 573 1734 624 ἐπὶ
1753 570 1830 642 τῷ

245 668 471 740 ὀνόματί
498 665 743 738 μου,ἐγὼ
763 666 1032 738 ἐκδικήσω
1056 666 1114 731 ἐξ
1142 666 1339 720 αὐτῶν.
1375 686 1394 718 ι
1419 665 1528 717 Καὶ
1548 665 1600 716 τί
1631 663 1830 733 μᾶλλον

137 799 144 802 -
244 757 362 828 ἔχοι
385 775 470 820 τις
486 760 550 810 ἐκ
565 756 658 811 τοῦ
685 755 901 829 Ἰσραὴλ
918 755 1058 809 κατά
1078 755 1317 810 Μωῦσέα
1348 754 1655 827 προφήτην,
1681 751 1825 805 τοῦτ’

245 849 365 902 ἔστι
417 847 735 919 νομοθέτην,
795 846 888 901 τοῦ
930 847 1040 901 τῶν
1083 845 1385 919 ἀνθρώπων
1420 845 1608 914 γένους
1631 843 1820 896 ἀναδε-

243 939 529 1010 δειγμένον
557 939 841 1007 ἐπιδεῖξαι,
867 940 902 1012 ἦ
937 940 1096 1011 μόνον
1141 938 1350 1010 Ἰησοῦν
1373 938 1464 990 τὸν
1495 939 1721 1008 Σωτῆρα
1736 935 1830 988 γα).

245 1031 452 1104 Κύριον
483 1030 660 1103 ἡμῶν,
695 1031 754 1095 ὃς
789 1032 888 1102 τῆς
931 1031 1140 1102 Καινῆς
1176 1029 1450 1100 Διαθήκης
1473 1027 1567 1081 τοῦ
1600 1027 1740 1080 κατά
1771 1025 1830 1079 τὸ

243 1124 581 1194 Εὑαγγέλιον
617 1124 733 1194 βίου
759 1124 1056 1196 νομοθέτης
1083 1124 1284 1177 ἅπασιν
1316 1123 1692 1190 ἀναπέφανται
1717 1124 1829 1184 τοῖς

244 1217 464 1282 ἔθνεσι,
521 1218 662 1272 κατά
702 1217 801 1288 τὴν
842 1219 902 1270 ἐν
949 1216 1148 1288 ψαλμῷ
1195 1217 1443 1288 φήσασαν
1486 1213 1828 1285 προφητικὴν

243 1309 446 1380 εὐχήν·
492 1328 512 1361 ι
556 1310 939 1380 Κατάστησον,
1000 1309 1195 1379 Κύριε,
1253 1307 1553 1379 νομοθέτην
1609 1307 1824 1368 αὐτοῖς’

239 1399 538 1467 γνώτωσαν
591 1399 718 1470 ἔθνη
747 1400 829 1453 ὅτι
868 1399 1145 1472 ἄνθρωποί
1183 1401 1356 1466 είσιν;
1398 1417 1415 1449 ι
1451 1392 1616 1460 Οὗτος
1642 1397 1699 1449 δὲ
1735 1397 1830 1449 καὶ

240 1489 588 1560 ἐλυτρώσατο
635 1493 736 1561 τῆς
769 1491 965 1561 νοητῆς
1013 1488 1312 1557 Αἰγύπτου,
1354 1489 1575 1559 καὶτῆς
1606 1489 1662 1540 ἐν
1688 1488 1824 1558 αὐτῇ

241 1565 636 1645 πλινθοποιίας,
668 1583 768 1652 τῆς
815 1598 876 1634 τε
918 1582 1121 1651 πικρᾶς
1149 1580 1254 1633 ὑπὸ
1282 1579 1372 1633 τὸν
1404 1579 1590 1649 νοητὸν
1629 1571 1827 1648 Φαραῶ

237 1671 484 1736 δουλείας
538 1673 666 1736 τοὺς
710 1673 777 1726 δι’
835 1671 1001 1726 αὐτοῦ
1044 1670 1560 1744 προ(σ)εληλυθὸτας
1607 1669 1686 1740 τῷ
1717 1669 1826 1722 τῶν

235 1762 379 1818 ὅλων
410 1765 529 1836 Θεῷ
548 1782 560 1794 ·
593 1765 688 1818 καὶ
731 1764 909 1819 πάντα
949 1763 1005 1817 δὲ
1041 1763 1228 1827 ἁπλῶς
1257 1763 1328 1817 τά
1360 1761 1686 1835 σωματικῶς
1719 1761 1824 1813 ὑπὸ

234 1856 520 1920 Μωῡσέως
544 1857 825 1927 γεγονέναι
859 1857 1214 1929 ἱστορούμενα
1230 1855 1370 1910 κατά
1399 1856 1490 1908 τὸν
1519 1871 1818 1925 πνευματι-

233 1947 335 2002 κδν
376 1949 541 2019 νόμον
589 1951 618 2003 6
671 1949 860 2022 Σωτὴρ
893 1940 989 2004 καὶ
1040 1949 1244 2021 Κύριος
1281 1947 1440 2019 ήμῶν
1474 1946 1820 2018 διεπράξατο.

246 2039 538 2110 Ἐλήλυθεν
567 2040 675 2112 ἄρα
711 2042 807 2095 καὶ
838 2044 867 2096 6
906 2041 1186 2109 διαϐόητος
1211 2039 1290 2093 ἔτι
1335 2039 1430 2092 καὶ
1461 2038 1556 2092 νῦν
1590 2038 1742 2109 παρά
1764 2055 1824 2090 τε

231 2130 550 2202 Σαμαρεῦσι
573 2134 664 2186 καὶ
679 2133 972 2197 Ἰουδαίοις,
989 2134 1047 2187 ὃν
1074 2134 1168 2186 καὶ
1191 2133 1434 2203 Μωῦσῆς
1459 2130 1826 2202 προεθέσπισε

232 2225 545 2294 προφήτης,
575 2226 704 2295 περὶ
757 2219 819 2278 οῦ
872 2223 1378 2297 προδιεμαρτύρατο
1399 2227 1428 2277 6
1457 2223 1590 2288 Θεὸς
1622 2223 1818 2293 λέγων’

236 2332 255 2362 ι
290 2313 404 2367 Καὶ
439 2317 468 2367 6
495 2314 779 2386 ἄνθρωπος
804 2315 863 2379 ὃς
891 2315 985 2368 ἐὰν
1018 2315 1091 2387 μὴ
1131 2313 1340 2388 ἀκούσῃ
1365 2313 1541 2368 πάντα
1598 2315 1698 2368 ὅσα
1731 2313 1825 2367 ἐὰν

229 2404 445 2476 λαλήσῃ
483 2405 511 2458 6
539 2409 824 2478 προφήτης
852 2409 910 2460 ἐν
937 2406 1014 2476 τῷ
1051 2407 1277 2478 ὀνόματί
1309 2424 1432 2478 μου,
1465 2407 1736 2479 ἐκδικήσω
1766 2408 1826 2474 ἐξ

228 2497 421 2552 αὑτοῦ.
456 2516 476 2549 ι
518 2498 887 2569 Ἐκδεδίκηταί
919 2500 972 2568 γ’
1023 2495 1118 2553 οὖν
1163 2497 1226 2552 τὸ
1266 2494 1408 2570 αἷμα
1450 2500 1666 2552 πάντων
1716 2499 1826 2553 τῶν

229 2590 344 2642 ἀπὸ
378 2589 542 2643 Ἀδελ
564 2590 727 2662 μέχρι
767 2592 1038 2662 Ζαχαρίου
1091 2589 1184 2644 τοῦ
1235 2591 1586 2660 φονευθέντος
1620 2591 1822 2661 μεταξὺ

227 2682 328 2737 τοῦ
355 2683 484 2738 ναοῦ
523 2685 618 2739 καὶ
665 2685 758 2739 τοῦ
787 2685 851 2757 (f.
883 2685 969 2753 14)
1000 2684 1385 2756 θυσιαστηρίου
1410 2726 1425 2750 ,
1461 2686 1570 2738 ἀπὸ
1608 2687 1708 2756 τῆς
1733 2701 1826 2754 γε-

227 2776 361 2838 νεᾶς
394 2777 496 2846 τῆς
538 2778 679 2831 κατὰ
723 2777 976 2847 Σωτῆρος
1022 2777 1411 2846 ἐπιπστάσης,
1462 2778 1557 2830 καὶ
1591 2777 1824 2847 μάλιστα

227 2865 342 2919 τῶν
371 2868 757 2940 τολμησάντων
792 2870 1009 2936 ἀφεῖναι
1043 2870 1163 2922 κατ’
1197 2869 1363 2922 αὑτοῦ
1387 2869 1485 2941 τήν
1507 2889 1524 2920 ι
1554 2868 1820 2941 Σταύρου,

232 2957 472 3028 σταύρου
501 2958 692 3011 αὑτὸν)
723 2959 925 3030 φωνὴν,
947 2977 965 3009 ι
988 2954 1121 3029 Αἶρε
1145 2958 1254 3012 ἀπὸ
1277 2959 1377 3030 τῆς
1396 2959 1502 3028 γῆς
1527 2959 1620 3012 τὸν
1643 2958 1821 3013 τοιοῦ-

229 3065 344 3102 τον·
371 3049 431 3102 τὸ
455 3043 594 3119 αἷμα
617 3050 783 3104 αὑτοῦ
800 3051 884 3121 ἐφ’
907 3052 1054 3122 ἡμᾶς
1082 3051 1174 3106 καὶ
1191 3052 1283 3105 ἐπὶ
1307 3053 1374 3106 τά
1401 3053 1564 3106 τέκνα
1590 3053 1750 3125 ἡμῶν
1767 3070 1814 3105 ἰ

229 3140 372 3213 ὅπερ
396 3142 490 3195 καὶ
518 3143 833 3213 παραυτίκα
873 3143 1086 3211 γέγονε,
1122 3139 1216 3196 τοῦ
1243 3142 1399 3207 Θεοῦ,
1426 3143 1611 3208 καθὼς
1640 3147 1823 3216 προεῖέ

230 3248 359 3296 πεν,
393 3233 780 3304 ἐκδικήσαντος
807 3233 869 3287 τὸ
900 3228 1038 3305 αἷμα
1071 3235 1161 3289 τοῦ
1192 3234 1430 3307 Χριστοῦ
1456 3235 1521 3289 ἐκ
1551 3253 1611 3289 τε
1641 3236 1820 3290 αὐτῶν

1849 3161 1960 3256 ει)

1933 573 2073 620 stam
2103 565 2170 620 '°.
2204 585 2222 616 ι
2251 563 2423 630 Quem
2440 578 2569 617 vero
2601 561 2862 631 majorem
2886 576 2952 615 ex
2983 557 3173 617 Israel,
3207 561 3326 625 post
3357 554 3506 624 Moy-

1932 673 2043 711 sem
2063 656 2404 727 prophetam,
2433 654 2486 708 id
2504 662 2588 709 est
2611 653 3002 723 legislatorem,
3029 648 3309 704 hominum
3342 660 3506 715 gene-

1931 763 1990 802 re
2020 758 2221 812 ortum,
2254 747 2475 806 ostendi
2499 755 2702 816 potest,
2733 745 2842 800 nisi
2865 744 3044 799 solum
3092 739 3277 795 Jcsum
3314 736 3508 792 Salva—

1929 853 2099 897 torem
2134 842 2531 912 Dominumque
2559 849 2832 906 nostrum,
2865 839 2958 910 qui
2985 836 3119 892 Novi
3149 834 3506 896 Testamenti,

1929 936 2054 989 vitae
2103 935 2405 991 secundum
2465 932 2860 1004 Evangelium,
2917 930 3199 1000 legislator
3250 925 3506 980 omnibus

1929 1026 2311 1082 manifestatus
2338 1034 2423 1081 est
2447 1026 2725 1097 gentibus,
2763 1023 3062 1080 secundum
3116 1022 3264 1076 illam
3308 1017 3507 1090 psalmi

1927 1120 2232 1175 orationem
2263 1136 2276 1171 :
2314 1137 2332 1170 ι
2364 1118 2674 1181 Constitue,
2724 1117 2976 1181 Domine,
3010 1114 3375 1186 Iegislatorem
3406 1124 3506 1164 su-

1927 1226 2024 1280 per
2040 1227 2134 1272 eos
2156 1226 2168 1262 :
2187 1219 2247 1264 ut
2274 1211 2452 1266 sciant
2475 1220 2665 1281 gentes
2695 1209 2955 1279 quoniam
2978 1206 3230 1262 homines
3255 1210 3383 1260 sunt
3400 1201 3502 1254 ⁸³.»

1927 1302 2028 1357 Hic
2059 1313 2238 1358 autem
2289 1303 2539 1357 liberavit
2599 1301 2833 1373 spiritali
2878 1298 3132 1370 Aﬂgypto,
3164 1298 3394 1366 ejusque
3422 1293 3508 1348 Iac

1928 1397 2165 1461 terariis,
2191 1406 2246 1450 et
2274 1395 2472 1450 acerba
2502 1395 2609 1450 sub
2641 1392 2874 1464 spiritali
2929 1390 3216 1445 Pharaone
3240 1387 3508 1444 servitute

1926 1495 2195 1557 quotquot
2217 1487 2337 1558 ipso
2366 1487 2506 1542 duce
2537 1485 2606 1540 ad
2637 1485 2884 1540 omnium
2913 1483 3084 1537 Deum
3114 1487 3502 1552 pervenerunt.

1926 1577 1992 1632 Et
2009 1581 2192 1633 omnia
2226 1595 2347 1650 quas
2368 1580 2723 1649 corporaliter
2743 1593 2771 1631 a
2802 1577 2988 1648 Moyse
3019 1575 3162 1630 facta
3188 1581 3504 1636 narrantur,

1927 1671 2162 1741 spiritali
2227 1672 2343 1742 lege
2379 1670 2633 1725 Salvator
2671 1669 3046 1739 Dominusque
3101 1674 3290 1721 noster
3329 1664 3507 1734 perfe-

1925 1768 2020 1816 cit.
2058 1761 2220 1818 Venit
2249 1779 2380 1834 ergo
2407 1772 2462 1817 et
2492 1778 2642 1818 nunc
2671 1762 2850 1818 adhuc
2876 1760 3230 1832 pervulgatus
3252 1765 3336 1812 est
3364 1755 3507 1825 apud

1927 1853 2299 1909 Samaritanos
2329 1862 2383 1908 et
2406 1852 2643 1919 Iudaeos,
2664 1869 2826 1924 quem
2855 1861 2908 1910 et
2929 1851 3142 1923 Moyses
3171 1850 3507 1921 praenuntia-

1925 1949 2004 2004 vit
2037 1949 2321 2019 prOpheta,
2347 1949 2416 2004 de
2446 1964 2555 2018 quo
2611 1947 2757 2003 Deus
2814 1945 3191 2002 testimonium
3245 1941 3506 2006 reddidit,
3551 1960 3555 1965 ·

1925 2039 2116 2095 dicens
2151 2056 2163 2091 :
2202 2058 2220 2091 ι
2263 2037 2368 2106 Qui
2412 2046 2592 2094 autem
2629 2038 2792 2094 verba
2845 2035 2988 2107 ejus,
3021 2050 3143 2106 quae
3167 2036 3418 2106 loquetur
3449 2032 3504 2086 in

1925 2134 2148 2188 nomine
2174 2147 2316 2196 meo,
2351 2131 2544 2187 audire
2570 2130 2832 2194 noluerit,
2862 2145 2962 2200 ego
2991 2129 3135 2182 ultor
3157 2127 3437 2181 exsistam.
3480 2143 3501 2175 ι

1926 2223 2085 2280 Ultus
2118 2233 2204 2282 est
2227 2241 2358 2296 ergo
2381 2225 2707 2296 sanguinem
2766 2222 3012 2278 omnium
3048 2220 3116 2274 ab
3145 2218 3311 2274 Abele
3334 2232 3508 2286 usque

1926 2317 1992 2370 ad
2013 2315 2334 2372 Zachariam
2351 2317 2493 2371 inter
2511 2317 2769 2386 templum
2793 2325 2846 2370 et
2866 2315 3038 2368 altare
3060 2310 3408 2366 interfectum
3426 2309 3502 2377 ⁸¹;

1925 2410 2075 2464 ultus
2099 2415 2185 2464 est
2209 2407 2514 2463 Salvatoris
2576 2408 2888 2478 passionem
2934 2405 3238 2476 praesertim
3293 2403 3347 2456 in
3383 2402 3508 2466 illos

1925 2498 2020 2568 qui
2074 2499 2339 2555 adversus
2394 2514 2520 2554 eum
2555 2498 2864 2560 exclamare
2895 2495 3170 2550 audebant
3203 2509 3216 2544 :
3253 2512 3272 2546 ι
3313 2491 3508 2546 Cruci-

1925 2592 2049 2662 ﬁge,
2087 2591 2348 2662 cruciﬁge
2393 2607 2560 2658 eum;
2612 2589 2742 2645 tolle
2795 2603 2919 2644 eum
2977 2603 3008 2642 a
3061 2593 3207 2642 terra
3240 2583 3287 2616 ⁸⁸
3321 2605 3333 2638 ;
3373 2598 3505 2637 san-

1923 2687 2046 2757 guis
2089 2694 2210 2756 ejus
2257 2701 2424 2756 super
2485 2699 2586 2740 nos
2621 2690 2676 2738 et
2731 2698 2897 2754 super
2932 2681 3071 2736 ﬁlios
3106 2685 3326 2735 nostros
3379 2675 3444 2729 ⁸⁸.
3481 2693 3500 2727 ι

1924 2777 2080 2844 Quod
2106 2787 2160 2832 et
2190 2779 2444 2848 protinus
2470 2777 2671 2840 evenit,
2695 2774 3027 2837 vindicante,
3072 2779 3132 2826 ut
3158 2771 3506 2842 praedixerat,

1926 2869 2039 2926 Deo
2071 2870 2397 2941 sanguinem
2425 2869 2633 2924 Christi
2667 2869 2723 2922 in
2763 2867 2886 2922 illos
2916 2866 3243 2934 illorumque
3279 2875 3502 2932 pueros.

1925 2960 2018 3016 Sic
2043 2962 2188 3018 enim
2213 2977 2309 3016 eos
2337 2959 2647 3030 insequitur
2668 2971 2852 3029 paena,
2885 2964 2944 3010 ut
2993 2954 3196 3009 abhinc
3224 2966 3396 3023 usque
3436 2948 3505 3004 ad

1923 3070 2166 3125 praesens
2184 3061 2400 3124 tempus
2431 3068 2565 3124 gens
2596 3051 2776 3107 omnis
2805 3056 2970 3120 caput
2989 3047 3250 3103 extollere
3277 3042 3506 3100 minime

1961 3145 2189 3210 otuerit,
2228 3144 2451 3214 impleta
2485 3150 2541 3197 et
2574 3143 2681 3196 alia
2729 3143 2896 3197 Amos
2928 3138 3215 3211 prophetia
3243 3135 3500 3190 dicente:

1931 3257 1948 3289 ι
1979 3237 2186 3292 Domus
2235 3235 2405 3292 Israel
2454 3235 2675 3298 cecidit,
2713 3242 2767 3289 et
2813 3248 2922 3288 non
2953 3231 3172 3298 adjiciet
3201 3235 3260 3282 ut
3315 3241 3505 3281 resur-

229 3325 457 3378 ἐκείναιν
489 3327 582 3379 καὶ
608 3325 714 3380 τῶν
737 3326 944 3381 τέκνων
978 3327 1178 3393 αὐτῶν,
1211 3328 1327 3397 ἅμα
1357 3345 1419 3381 τε
1455 3328 1822 3402 μετελθούσης

1929 3336 2015 3400 gat
2043 3329 2110 3383 ⁸⁵.
2149 3348 2166 3380 ι
2194 3327 2326 3394 Quae
2354 3335 2408 3383 et
2439 3327 2735 3398 Apostolus
2777 3325 2974 3396 spiritu
3006 3320 3333 3393 prazvidens,
3366 3330 3506 3388 prae-

229 3416 432 3479 αύτοὺς
452 3417 553 3488 τῆς
583 3418 759 3490 δίκης,
791 3418 866 3482 ὡς
896 3419 954 3485 ἐξ
985 3420 1194 3473 ἐκείνου
1223 3423 1302 3484 είς
1327 3420 1486 3492 δεῦρο
1533 3422 1655 3493 μηδ’
1687 3422 1822 3487 ὅλως

1929 3421 2135 3478 dicavit
2163 3421 2251 3476 his
2293 3421 2518 3475 verbis:
2550 3437 2568 3469 ‹
2605 3417 2862 3474 Pervenit
2900 3416 3048 3473 enim
3083 3415 3162 3469 ira
3193 3413 3289 3468 Dei
3341 3422 3505 3480 super

231 3501 365 3575 ἆραι
395 3507 638 3578 κεφαλὴν
671 3507 733 3560 τὸ
759 3509 867 3561 πᾶν
912 3508 1063 3573 ἔθνος
1092 3508 1406 3580 δυνηθῆναι,
1440 3507 1822 3580 πληρωθείσης

1929 3512 2056 3568 illos
2088 3527 2264 3581 usque
2297 3512 2352 3566 in
2384 3511 2546 3566 ﬁnem
2577 3511 2644 3566 ⁸⁸.
2685 3528 2704 3562 ι

229 3597 328 3651 καὶ
379 3599 571 3670 ἐτέρας
616 3601 951 3671 προφητείας
993 3601 1178 3672 Ἀμῶς
1220 3601 1556 3672 φασκούσης,
1595 3619 1614 3653 ι
1649 3596 1812 3665 Οἶκος
1863 3603 2078 3676 Ἰσραὴλ
2101 3604 2407 3665 πέπτωκεν.
2433 3603 2616 3658 οὐκέτι
2666 3601 2964 3673 προσθήσει
2991 3599 3082 3652 τοῦ
3114 3597 3432 3669 ἀναστῆναι⁶
3480 3615 3500 3650 ι

232 3689 375 3763 ἅπερ
406 3694 500 3747 καὶ
534 3695 563 3747 6
600 3694 920 3764 Ἀπόστολος
962 3695 1040 3766 τῷ
1064 3695 1333 3767 πνεύματι
1379 3696 1636 3768 προϊδὼν,
1690 3697 2038 3772 ἀνεφώνησεν
2088 3701 2281 3766 εἰπὼν,
2330 3719 2348 3752 ι
2381 3700 2621 3770 Ἔφθασε
2675 3699 2732 3752 δὲ
2769 3701 2854 3751 ἐπ’
2922 3698 3119 3760 αὐτοὺς
3158 3698 3191 3766 ή
3226 3693 3363 3767 ὀργὴ
3425 3695 3507 3760 είς

230 3783 404 3848 τέλος.
446 3804 465 3837 ι

751 3901 1152 3955 ΚΕΦΑΛΑΙΟΝ
1189 3905 1304 3970 ις’.

844 4012 958 4081 Τῆς
1006 4013 1200 4084 ’ῼδῆςο

311 4144 331 4179 ι
354 4124 732 4196 Εὐφράνθητε,
763 4128 1002 4198 οὐρανοὶ,
1030 4129 1146 4198 ἅμα
1176 4127 1325 4199 αὐτῷ
1357 4130 1820 4202 προσκυνησάτω-

2511 3899 2740 3957 CAPUT
2772 3899 2914 3955 XVI.

2551 4014 2600 4068 E
2630 4014 2872 4070 Cantica.

1998 4148 2017 4179 ‹
2055 4127 2361 4193 Laetamini,
2396 4129 2544 4195 cceli,
2581 4129 2745 4184 simul
2778 4135 2905 4183 ante
2931 4143 3055 4182 eum
3080 4135 3503 4197 prosternamur

231 4235 334 4274 σαν
374 4217 524 4288 αὐτῷ
577 4218 777 4282 πάντες
824 4217 1044 4286 ἄγγελοι
1066 4217 1202 4271 Θεοῦ
1226 4236 1239 4249 ·
1273 4219 1632 4291 εύφράνθητε,
1663 4219 1816 4291 ἔθνη,

1929 4220 2212 4276 adorantes
2235 4234 2426 4276 omnes
2459 4221 2637 4291 angeli
2667 4219 2796 4285 Dei;
2817 4220 3101 4284 Imtamini,
3135 4231 3344 4289 gentes,
3373 4237 3499 4275 cum

235 4312 375 4382 μετά
407 4308 500 4364 τοῦ
539 4310 669 4363 λαοῦ
701 4309 887 4374 αὐτοῦ,
913 4311 1006 4364 καὶ
1036 4312 1477 4382 ἐνισχυσάτωσαν
1508 4310 1658 4382 αὐτῷ
1678 4313 1816 4366 πάν-

1929 4315 2129 4385 p0pulo
2180 4313 2326 4383 ejus,
2387 4322 2442 4370 et
2499 4314 2899 4370 conﬁrmentur
2955 4315 3010 4368 in
3061 4330 3127 4370 eo
3171 4327 3365 4371 omnes
3411 4316 3507 4370 filii

231 4421 324 4468 τες
356 4403 462 4456 υἱοὶ
509 4401 667 4454 Θεοῦ.
711 4422 730 4452 ι
765 4403 873 4454 Καὶ
918 4401 1024 4457 τίνι
1069 4403 1213 4474 ἄλλῳ
1255 4405 1653 4474 προσκυνήσειν
1704 4406 1818 4466 τοῖς

1929 4405 2036 4461 Dei.
2054 4407 2122 4459 ⁵⁷.
2155 4425 2174 4456 ι
2215 4405 2386 4472 Quem
2418 4407 2584 4460 alium
2636 4405 2866 4460 adorare
2895 4407 3106 4475 angelis
3137 4407 3259 4478 ejus
3314 4407 3508 4477 praeci-

232 4495 486 4564 ἀγγέλοις
511 4492 674 4548 αὑτοῦ
711 4493 1038 4565 προστάττοι
1066 4494 1132 4548 ἂν
1162 4495 1222 4547 τὸ
1252 4495 1394 4548 θεῖον
1426 4495 1652 4566 Πνεῦμα
1681 4495 1714 4568 ἢ
1740 4493 1818 4566 τῷ

1929 4507 2076 4569 peret
2107 4499 2346 4570 Spiritus
2371 4499 2612 4563 divinus,
2651 4499 2759 4553 nisi
2793 4498 3097 4566 Christum,
3158 4499 3318 4570 cujus
3375 4514 3508 4554 sane

233 4584 476 4661 Χριστῷ,
504 4579 564 4638 οὗ
595 4583 781 4652 σαφῶς
818 4584 910 4636 ἐπὶ
942 4586 1008 4655 τῇ
1046 4585 1320 4656 παρουσίᾳ
1358 4579 1648 4656 ηὐφράνθη
1687 4585 1822 4655 μετὰ

1929 4591 2216 4663 praesentia
2253 4592 2447 4646 laetatae
2471 4600 2600 4646 sunt
2631 4605 2756 4645 cum
2802 4591 3006 4660 popqu
3034 4591 3155 4659 ejus
3177 4598 3388 4660 gentes,
3417 4587 3508 4661 ju-

230 4677 329 4730 τοῦ
365 4675 492 4728 λαοῦ
518 4674 682 4727 αὐτοῦ
708 4674 776 4727 τά
801 4674 927 4745 ἔθνη
957 4673 1052 4727 τοῦ
1085 4675 1191 4727 τῶν
1217 4675 1437 4729 δικαίων
1470 4679 1824 4749 πατριαρχῶν

231 4771 332 4825 καὶ
361 4769 656 4843 προφητῶν
687 4767 882 4840 χοροῦ·
932 4769 1061 4841 περὶ
1103 4765 1179 4823 ὧν
1210 4769 1379 4825 ἐθνῶν
1425 4766 1580 4833 αὖθις
1613 4772 1704 4824 ἐπὶ
1724 4774 1824 4842 τῆς

231 4865 406 4935 αὐτῆς
463 4864 606 4936 ᾠδῆς
659 4864 734 4928 ὡς
784 4865 920 4935 πρὸς
966 4864 1151 4936 ἕτερον
1190 4865 1316 4919 λαὸν
1349 4866 1766 4937 ἀποτεινόμενος
1795 4868 1822 4919 6

232 4958 369 5021 Θεός
422 4973 607 5028 φησιν,
646 4974 665 5007 ι
703 4956 866 5009 Αὐτοὶ
922 4956 1312 5028 παρεζήλωσάν
1372 4975 1438 5028 με
1471 4959 1558 5010 ἐπ’
1589 4959 1649 5010 οὐ
1686 4957 1812 5027 θεῷ,

232 5049 596 5122 ⁴ιἰπιριῖιργισάν
643 5067 709 5122 με
739 5053 796 5103 ἐν
822 5055 932 5115 τοῖς
951 5051 1188 5116 εἰδώλοις
1208 5053 1386 5106 αὐτῶν
1410 5070 1424 5084 ·
1455 5051 1610 5122 κάγὼ
1640 5070 1816 5124 παρα-

235 5141 469 5214 ζηλώσω
523 5144 718 5206 αὐτοὺς
750 5145 848 5196 οὐκ
898 5145 984 5196 ἐπ’
1030 5143 1208 5206 ἔθνει,
1261 5147 1347 5198 ἐπ’
1388 5145 1529 5198 ἔθνει
1572 5146 1819 5216 ἀσυνέτῳ

234 5233 524 5306 παροργιῶ
570 5233 788 5299 αὐτούς.
834 5254 852 5286 ι
883 5236 994 5288 Καὶ
1028 5235 1294 5308 πρόδηλόν
1332 5253 1396 5304 γε
1431 5237 1513 5289 ὅτι
1557 5237 1694 5308 μετά
1722 5239 1823 5310 τὴν

233 5325 462 5380 ἐκείνων
495 5325 765 5396 ἀποϐολὴν
800 5345 818 5378 ι
860 5326 928 5380 τά
954 5326 1112 5398 μωρά
1143 5326 1237 5380 τοῦ
1260 5328 1464 5398 κόσμου
1493 5327 1776 5393 ἐξελέξατο
1794 5331 1822 5382 6

233 5415 390 5478 Θεὸς,
419 5415 506 5467 ἵνα
529 5415 862 5488 καταισχύνῃ
891 5418 1017 5477 τοὺς
1045 5420 1173 5490 παρ’
1207 5419 1434 5483 ἐκείνοις
1470 5419 1666 5490 σοφούς
1687 5437 1700 5450 ’
1727 5420 1820 5472 καὶ

232 5507 303 5559 τὰ
335 5506 534 5576 ἀσθενῆ
577 5505 671 5559 τοῦ
719 5507 922 5580 κόσμου
951 5507 1255 5576 ἐξελέξατο,
1289 5510 1384 5564 καὶ
1404 5511 1472 5563 τὰ
1499 5511 1690 5583 ἀγενῆ,
1726 5512 1820 5565 καὶ

232 5597 303 5650 τά
332 5596 751 5668 ἐξουθενημένα,
802 5602 895 5652 καὶ
945 5600 1010 5653 τὰ
1043 5601 1116 5671 μὴ
1149 5601 1298 5667 ὄντα,
1340 5603 1429 5656 ἵνα
1456 5603 1526 5656 τὰ
1557 5604 1820 5675 πρότερον

1923 4693 2136 4741 storum
2195 4685 2450 4740 videlicet
2501 4684 2942 4753 patriarcharum
3002 4684 3508 4754 prophe‘tarumque

1921 4779 2146 4834 chorus.
2178 4777 2256 4832 De
2276 4777 2479 4848 quibus
2501 4776 2757 4848 gentibus
2789 4791 3009 4846 quoque
3069 4776 3125 4830 in
3157 4774 3348 4830 eodem
3377 4791 3508 4829 can-

1921 4874 2034 4928 tico
2073 4873 2234 4945 quasi
2279 4873 2445 4926 alium
2470 4872 2731 4942 populum
2781 4870 3096 4941 increpans,
3131 4868 3277 4925 Deus
3318 4869 3454 4924 dicit
3490 4885 3506 4921 ;

1929 4987 1948 5019 ‹
1983 4967 2090 5038 Ipsi
2121 4981 2208 5022 me
2233 4970 2674 5036 provocaverunt
2721 4962 2776 5016 in
2805 4977 2870 5018 eo
2900 4964 2995 5034 qui
3047 4978 3155 5017 non
3187 4969 3305 5017 erat
3347 4963 3505 5026 deus,

1923 5067 1979 5115 et
2013 5060 2374 5114 irritaverunt
2408 5059 2463 5112 in
2497 5056 2835 5111 vanitatibus
2889 5057 3005 5111 suis
3050 5073 3062 5108 :
3103 5061 3158 5111 et
3177 5069 3278 5124 ego
3309 5070 3510 5123 provo-

1923 5151 2063 5206 cabo
2089 5166 2186 5205 eos
2242 5151 2297 5204 in
2329 5165 2394 5205 eo
2439 5150 2532 5220 qui
2567 5165 2678 5203 non
2708 5156 2792 5202 est
2850 5147 3108 5218 populus,
3151 5153 3207 5200 et
3258 5146 3312 5199 in
3347 5154 3510 5216 gente

1924 5244 2088 5297 stulta
2138 5241 2368 5296 irritabo
2412 5257 2508 5297 eos
2553 5242 2619 5294 δδ.
2674 5260 2691 5292 ›
2762 5238 2826 5294 Ει
2870 5238 3225 5294 manifestum
3289 5237 3509 5306 quidem

1931 5331 2078 5403 quod
2109 5339 2232 5400 post
2283 5330 2502 5384 illorum
2549 5329 2926 5399 rejectionem,
2966 5347 2984 5380 ‹
3024 5344 3146 5399 quae
3176 5328 3343 5382 stulta
3383 5336 3513 5382 sunt

1930 5420 2118 5474 mundi
2142 5420 2305 5490 elegit
2335 5418 2500 5484 Deus,
2552 5427 2612 5473 ut
2641 5418 2943 5474 confundat
2991 5418 3305 5489 sapientes;
3340 5424 3396 5469 et
3430 5416 3514 5467 in-

1930 5512 2084 5566 ﬁrma
2122 5511 2312 5565 mundi
2365 5510 2530 5582 elegit
2569 5509 2733 5576 Deus,
2770 5519 2829 5564 ut
2873 5509 3178 5564 confundat
3209 5508 3368 5563 fortia
3406 5526 3419 5572 ;
3456 5520 3511 5561 et

1929 5603 2195 5675 ignobilia
2229 5602 2419 5658 mundi
2441 5611 2495 5657 et
2522 5603 2958 5673 contemptibilia
2982 5603 3144 5673 elegit
3174 5602 3339 5666 Deus,
3371 5607 3425 5655 et
3447 5615 3510 5654 ea

309 5751 356 5826 ’ξ
397 5753 557 5808 Deut.
595 5771 761 5826 xvni.
797 5757 980 5813 15-19.
1062 5760 1102 5790 ⁵⁸
1145 5757 1289 5813 Psal.
1327 5775 1378 5811 ix
1403 5798 1416 5810 .
1449 5759 1538 5811 21.
1618 5759 1662 5790 ⁸³
1708 5757 1822 5810 Mati

1937 5774 2106 5821 χχιιι,
2141 5758 2232 5813 35.
2309 5757 2357 5789 ⁸³
2394 5756 2554 5814 Joan.
2591 5774 2717 5826 Xix,
2757 5756 2809 5813 6.
2887 5760 2934 5792 ⁵³
2973 5759 3163 5815 Matth.
3211 5773 3380 5825 χχιιι,
3414 5755 3508 5814 23.

231 5821 282 5856 υ
317 5823 485 5879 Amos
520 5839 576 5892 ν,
619 5825 666 5882 I.
743 5830 789 5860 "
829 5827 848 5881 1
883 5827 1078 5886 Thess.
1119 5846 1189 5896 ιι,
1227 5827 1315 5885 I6.
1393 5829 1437 5862 ⁸⁷
1479 5827 1637 5886 Deut.
1673 5845 1822 5885 χχχιι

1929 5830 1976 5884 5.
2054 5831 2098 5862 ⁵⁸
2137 5828 2272 5886 ibid.
2304 5829 2396 5886 21.
