3826 6216
399 314 538 372 1073

1106 311 1376 369 EUSEBII
1415 311 1894 367 CAESARIENSIS
1926 310 2078 368 OPP.
2108 310 2285 364 PARS
2316 309 2401 365 Ill.
2445 341 2516 351 —-
2555 309 2979 366 EXEGETICA.‘

3519 309 3660 366 {0'6

394 443 518 499 qua:
547 442 654 481 non
689 433 837 489 sunt,
866 433 999 481 utea
1025 441 1146 496 quae
1168 437 1316 490 sunt,
1339 427 1647 483 destrueret
1669 429 1737 480 ".
1769 449 1788 481 ι
1813 427 1940 482 Priu

2076 428 2204 496 παρ’
2236 425 2462 490 ἐκείνοις
2489 426 2619 480 όντα
2641 429 2990 500 καταργήσῃ·
3031 446 3050 477 ›
3091 427 3171 480 ὅτι
3203 426 3268 498 δὴ
3299 429 3559 500 πρότερον
3595 432 3664 484 ἐκ

395 521 582 593 Igitur,
620 521 673 574 in
711 518 909 591 Moysis
943 521 1115 590 ipsius
1145 520 1506 590 temporibus,
1541 520 1703 575 idolis
1735 522 1975 576 servien-

395 622 500 677 tes,
533 611 627 667 Dei
667 612 802 666 iram
843 611 1220 668 excitaverunt
1267 619 1320 666 et
1371 623 1828 683 provocaverunt,
1879 630 1971 668 ve-

394 708 742 774 nientemque
771 704 1050 758 Christum
1087 706 1207 773 ejus
1249 721 1357 758 non
1387 715 1753 776 acceperunt;
1781 715 1970 776 gentes

393 806 574 852 autem
604 797 672 850 ab
699 812 764 850 eo
803 797 867 849 ad
901 794 1080 850 Patris
1133 794 1335 865 Deique
1381 798 1626 851 omnium
1677 798 1967 852 scientiam

392 889 658 950 adductae,
710 888 1011 942 secundum
1066 897 1386 959 praasentem
1422 893 1785 962 prophetiam,
1841 909 1966 948 cum

393 989 706 1038 sanctorum
736 981 856 1049 ejus
915 983 1114 1052 populo
1149 984 1512 1051 laetabuntur;
1543 985 1823 1040 Christum
1867 1002 1970 1040 au-

393 1082 498 1129 tem
534 1073 890 1127 ﬁrmaverunt
920 1089 1111 1129 omnes
1140 1076 1233 1128 lilii
1286 1075 1405 1140 Dei,
1438 1087 1491 1132 et
1523 1078 1615 1148 qui
1648 1080 1777 1133 olim
1804 1078 1871 1134 de
1901 1094 1969 1135 eo

389 1166 874 1236 pr0phetaverunt,
901 1174 955 1220 et
979 1167 1071 1235 qui
1091 1176 1214 1237 post
1232 1167 1352 1238 ejus
1374 1169 1687 1232 adventum,
1719 1171 1968 1240 adoptio-

387 1257 473 1310 nis
507 1257 762 1325 spiritum
784 1257 1089 1319 consecuti,
1127 1273 1251 1312 eum
1293 1274 1391 1328 per
1426 1260 1736 1315 universam
1763 1269 1965 1314 terram

305 1329 309 1334 ’
387 1348 800 1402 nuntiaverunt.
833 1348 957 1403 llaec
989 1349 1209 1419 quidem
1252 1348 1319 1404 de
1352 1348 1761 1417 Pentateucho;
1819 1367 1966 1410 nunc

385 1451 514 1494 vero
545 1446 839 1512 sequentes
869 1437 1166 1516 Scriptura:
1191 1441 1360 1497 libros
1387 1441 1789 1512 aggrediamur.

939 1642 1186 1712 ,CAPUT
1220 1641 1383 1699 xvu.

945 1728 1029 1787 15;:
1047 1733 1212 1788 Josue
1233 1736 1389 1789 libro.

458 1839 477 1874 ι
513 1821 649 1876 Cum
678 1833 859 1879 autem
890 1837 1036 1880 esset
1069 1825 1238 1881 Josue
1269 1828 1324 1881 in
1353 1843 1487 1898 agro
1533 1828 1688 1883 urbis
1713 1827 1955 1891 Jericho,
1993 1797 2036 1855 Β

382 1914 580 1970 levavit
613 1917 824 1982 oculos,
869 1925 924 1973 et
960 1920 1093 1974 vidit
1137 1921 1317 1973 virum
1355 1929 1592 1975 stantem
1625 1932 1815 1975 contra
1876 1937 1955 1986 se,

377 2007 723 2074 evaginatum
762 2015 1030 2063 tenentem
1056 2009 1318 2080 gladium,
1357 2013 1704 2080 perrexilque
1735 2013 1800 2067 ad
1831 2029 1955 2068 eum

377 2102 430 2149 et
460 2098 535 2148 ait
560 2118 569 2148 :
598 2095 796 2152 Noster
825 2113 909 2162 es,
943 2114 1012 2152 an
1070 2100 1551 2156 adversariorum?
1582 2102 1685 2168 Qui
1727 2120 1956 2174 respon-

377 2183 458 2244 dit
485 2202 498 2238 :
527 2187 882 2259 Nequaquam
912 2209 924 2244 :
961 2191 1056 2246 sed
1092 2207 1213 2246 sum
1258 2194 1515 2265 princeps
1545 2197 1821 2251 exercitus
1851 2197 1956 2254 Do-

376 2280 529 2347 mini,
566 2289 621 2335 et
655 2298 801 2336 nunc
825 2284 1008 2339 venio.
1042 2284 1253 2340 Cecidit
1294 2285 1460 2343 Josue
1511 2305 1719 2359 pronus
1751 2291 1807 2345 in
1848 2299 1960 2345 ter-

375 2385 515 2426 ram.
551 2371 616 2425 Et
644 2373 884 2430 adorans
913 2377 987 2430 ait
1019 2396 1031 2429 :
1059 2377 1200 2442 Quid
1240 2378 1496 2435 dominus
1524 2397 1678 2436 meus
1713 2382 1958 2451 loquitur

373 2464 442 2520 ad
503 2481 720 2522 servum
775 2468 976 2522 suum?
1031 2467 1214 2534 Solve,
1268 2471 1479 2541 inquit,
1527 2473 1953 2528 calceamentum

373 2564 526 2610 tuum
586 2558 654 2612 de
718 2560 948 2628 pedibus
1019 2561 1129 2617 tuis
1183 2580 1195 2615 :
1263 2563 1418 2618 locus
1472 2563 1616 2616 enim
1652 2604 1668 2628 ,
1730 2564 1783 2617 in
1841 2580 1953 2634 quo

373 2656 528 2712 stas,
579 2660 805 2707 sanctus
855 2660 940 2708 est
987 2653 1056 2709 ⁸ο.
1108 2673 1127 2708 ι
1194 2655 1328 2722 Quis
1393 2659 1533 2714 alius
1585 2675 1706 2715 esse
1768 2670 1955 2731 posset

374 2739 629 2811 princeps
693 2745 973 2815 copiarum
1031 2746 1295 2811 Domini,
1350 2751 1459 2804 nisi
1520 2751 1774 2806 Christus
1835 2751 1950 2815 Dei,

373 2834 614 2891 .tniversi
664 2836 775 2891 dux
831 2841 1010 2894 sancti
1063 2841 1443 2914 spiritalisque
1503 2841 1598 2898 Dei
1635 2845 1954 2900 exercitus?

373 2923 505 2979 l'lud
555 2929 719 2982 etiam
768 2931 1007 2993 attende,
1065 2947 1246 2988 annon
1286 2935 1428 2989 idem
1484 2936 1579 3005 qui
1635 2935 1805 3007 Moysi
1853 2951 1952 3006 per

374 3019 624 3087 angelum
682 3023 1066 3080 manifestatus
1118 3027 1172 3081 in
1219 3035 1403 3083 monte
1432 3045 1497 3083 ex
1560 3029 1695 3099 ipsis
1751 3031 1818 3084 ad
1852 3029 1950 3086 Jo-

367 3124 466 3163 sue
512 3111 693 3167 verbis
739 3113 1164 3172 demonstratur.
1213 3118 1345 3185 Quae
1392 3122 1536 3174 enim
1595 3122 1723 3177 huic
1775 3139 1944 3190 nunc,
1977 3147 2016 3203 ρ

370 3201 482 3255 haec
509 3211 562 3256 et
585 3202 755 3275 Moysi
783 3206 1034 3262 similiter
1060 3210 1113 3263 in
1145 3211 1322 3281 prima
1347 3211 1416 3265 ad
1444 3228 1568 3266 eum
1594 3212 1807 3268 Domini
1831 3231 1948 3268 ma-

364 3294 720 3352 nifestatione
749 3314 846 3368 per
878 3302 1130 3370 angelum
1161 3305 1308 3358 dicta
1363 3316 1514 3366 sunt,
1564 3325 1581 3356 ι
1626 3305 1788 3363 Solve
1834 3311 1949 3364 cal-

365 3395 711 3441 ceamenttln
741 3397 895 3443 tuum
913 3391 980 3447 de
1010 3395 1238 3463 pedibus
1261 3399 1392 3462 tuis,
1419 3417 1437 3450 ι
1459 3407 1512 3454 et
1535 3409 1749 3456 caetera.
1776 3401 1942 3458 Multa

361 3488 492 3534 sunt
519 3479 740 3537 Christo
773 3482 865 3538 Dei
892 3487 1113 3541 nomina
1147 3505 1158 3540 :
1188 3507 1336 3546 nunc
1393 3493 1634 3563 seipsum
1671 3514 1689 3546 ι
1728 3495 1943 3551 Domini

359 3571 635 3626 exercitus
679 3575 983 3646 principem
1017 3598 1034 3628 ι
1072 3579 1352 3649 declarat;
1416 3592 1580 3652 atque
1641 3585 1695 3638 in
1749 3585 1888 3640 lsaia
1924 3629 1938 3652 ,

363 3678 384 3710 ο
424 3663 604 3731 magni
639 3665 857 3718 consilii
901 3666 1188 3736 Angelum,
1236 3691 1252 3722 ι
1303 3671 1407 3726 hoc
1448 3673 1504 3727 in
1549 3675 1670 3729 loco
1707 3694 1720 3730 :
1759 3693 1777 3727 ι
1810 3675 1942 3731 0m-

356 3753 444 3808 nis
475 3755 709 3809 violenta
741 3757 1002 3826 praedatio
1044 3762 1146 3815 erit
1189 3763 1243 3817 in
1287 3765 1724 3821 combustionem
1755 3777 1807 3822 et
1863 3770 1937 3823 ei-

354 3844 462 3900 bus
504 3845 662 3916 ignis.
700 3847 968 3907 Parvulus
995 3854 1139 3909 enim
1175 3865 1337 3912 natus
1388 3867 1471 3912 est
1502 3859 1682 3923 nobis,
1711 3868 1765 3914 et
1795 3861 1938 3916 ﬁlius

353 3937 515 3992 datus
544 3950 626 3994 est
651 3941 832 4009 nobis,
867 3951 920 3998 et
952 3944 1130 4004 factus
1156 3957 1240 4005 est
1277 3949 1620 4021 principatus
1648 3967 1811 4022 super
1836 3954 1938 4006 hu-

352 4045 563 4098 merum
609 4033 730 4103 ejus
775 4045 884 4102 ;.et
927 4039 1211 4094 vocabitur
1261 4057 1456 4100 nomen
1502 4045 1693 4112 ejus...
1753 4046 1934 4116 magni

349 4125 567 4178 consilii
587 4125 827 4198 Angelus
846 4129 984 4185 ⁶¹’⁶².
1002 4152 1019 4182 ι
1041 4130 1289 4188 Invenies
1306 4135 1432 4189 etin
1457 4135 1721 4192 Malachia
1754 4137 1932 4205 ipsum

355 4231 374 4276 ι
413 4213 679 4285 Angelum
713 4222 1023 4281 testamenti
1060 4222 1106 4253 ⁸⁸
1141 4243 1158 4274 ι
1211 4232 1488 4289 vocatum,
1532 4227 1622 4280 ubi
1685 4227 1883 4297 legitur
1914 4241 1928 4276 :

354 4320 375 4358 ι
413 4303 480 4357 Et
527 4308 711 4361 statim
756 4310 934 4364 veniet
979 4311 1047 4366 ad
1091 4314 1354 4382 templum
1395 4331 1555 4370 suum
1589 4303 1927 4384 Dominator,

346 4412 509 4481 quem
555 4415 654 4454 vos
689 4403 955 4470 quaeritis,
1013 4413 1068 4462 et
1096 4405 1338 4484 Angelus
1385 4411 1722 4478 testamenti,
1765 4426 1926 4482 quem

345 4500 445 4548 vos
476 4490 642 4546 vultis
670 4491 736 4545 “.
775 4512 793 4551 η

913 4607 1146 4666 CAPUT
1171 4609 1355 4673 XVIII.

490 4691 536 4745 E
555 4695 727 4760 primo
753 4695 948 4767 Regum
977 4700 1133 4765 libro,
1169 4718 1234 4756 ea:
1261 4706 1429 4764 Amice
1458 4708 1778 4773 precatione.

419 4800 437 4836 ι
477 4781 742 4840 Dominus
784 4788 1033 4842 ascendit
1064 4789 1117 4844 in
1150 4792 1320 4848 cmlos
1357 4800 1411 4848 et
1454 4796 1651 4850 tonuit.
1687 4795 1807 4870 Ipse
1834 4799 1924 4869 ill!-

339 4874 548 4928 dicabit
578 4877 713 4932 lines
754 4884 932 4945 terrm,
956 4888 1009 4934 et
1038 4881 1190 4943 dabit
1225 4883 1511 4954 imperium
1569 4887 1680 4957 regi
1713 4903 1834 4956 suo,
1869 4899 1923 4943 et

341 4966 658 5024 sublimabit
712 4985 884 5024 cornu
930 4971 1134 5031 Christi
1181 4976 1266 5029 sui
1313 4977 1380 5031 ⁸⁵.
1423 4997 1440 5029 ι
1495 4978 1597 5044 Qui
1642 4979 1710 5034 de
1764 4979 1922 5036 cmlis

338 5061 702 5127 descenderat
733 5061 999 5129 Dominus,
1048 5065 1142 5123 Dei
1180 5065 1441 5134 Verbum,
1475 5070 1591 5144 ipse
1637 5087 1832 5126 rursus
1864 5073 1919 5126 in

335 5155 509 5209 C(Blns
529 5154 809 5220 ascendit;
834 5163 883 5209 et
907 5171 1032 5210 cum
1054 5158 1414 5228 ascendisset,
1441 5160 1622 5214 divina
1647 5171 1920 5234 potestate

335 5261 435 5303 sua
482 5249 858 5318 evangelicum
913 5250 1166 5303 nuntium
1215 5253 1415 5318 tonuit,
1470 5263 1528 5307 ut
1559 5255 1612 5314 in
1663 5258 1917 5324 universa

333 5347 482 5400 terra
513 5342 759 5401 auditum
796 5343 946 5396 illum
999 5342 1256 5401 eﬂicerct.
1297 5345 1414 5414 Ipse
1442 5360 1620 5408 autem
1649 5349 1919 5419 judicabit

332 5430 470 5489 lines
505 5443 664 5489 terra:
693 5444 746 5488 et
790 5443 1059 5505 quotquot
1115 5437 1260 5492 intra
1312 5455 1408 5494 eos
1464 5441 1730 5506 habitant,
1763 5447 1915 5504 omni

325 5517 538 5589 judicio
588 5537 618 5585 ξι
667 5523 829 5577 Patre
880 5533 1124 5596 accepto.
1184 5524 1288 5581 Sed
1339 5529 1502 5581 etiam
1541 5530 1710 5584 robur
1760 5531 1912 5588 dedit

401 5677 446 5715 υ
488 5675 506 5726 l
539 5676 664 5741 Cur.
727 5695 762 5742 ι,
798 5679 887 5746 27.

327 5761 403 5813 υ,
449 5746 530 5800 ll).

1005 5682 1047 5713 ⁶⁰
1087 5680 1200 5744 Jos.
1252 5699 1306 5749 ν,
1363 5685 1544 5745 1546..

1653 5688 1769 5719 61.6!
1811 5687 1913 5750 lsa.
1974 5705 2061 5760 υτ

2076 518 2184 571 τῶν
2235 519 2401 571 αὑτοῦ
2427 519 2710 583 Μωῦσέως
2741 520 2946 590 χρόνων
2992 519 3232 583 εἰδώλοις
3282 519 3661 592 λατρεύοντες,

2076 611 2170 665 καὶ
2211 611 2304 663 τὸν
2356 610 2487 664 Θεὸν
2547 610 2972 682 παροργίζοντες
3035 611 3129 664 καὶ
3181 611 3660 682 παραζηλοῦντες,

2076 703 2298 757 ἐλθόντα
2358 702 2522 756 αὑτοῦ
2569 704 2660 755 τὸν
2702 703 2934 773 Χριστὸν
2976 705 3075 756 οὑκ
3107 704 3390 781 ἐδέξαντο’
3425 705 3559 757 ἀλλὰ
3590 708 3666 759 τά

2076 795 2202 867 ἔθνη
2259 813 2322 864 γε
2364 796 2430 849 δι’
2472 796 2636 849 αὑτοῦ
2675 797 2766 850 τὸν
2811 797 3027 868 Πατέρα
3066 797 3159 849 καὶ
3201 797 3334 849 Θεὸν
3367 797 3475 849 τῶν
3523 798 3665 852 ὅλων

2075 885 2363 952 ἐπιγνόντα
2418 884 2559 937 κατὰ
2596 886 2692 956 τήν
2718 887 2776 939 ἐν
2800 887 2955 956 χερσὶ
2989 888 3323 957 προφητείαν
3351 887 3666 960 εὐφρανθή-

2076 990 2226 1028 σεται
2253 973 2391 1045 μετὰ
2410 974 2506 1027 τοῦ
2543 974 2650 1028 τῶν
2686 975 2857 1043 ἁγίων
2889 974 3017 1028 λαοῦ
3065 975 3230 1028 αὑτοῦ
3256 993 3270 1004 ·
3302 976 3394 1029 τὸν
3424 975 3665 1046 Χριστὸν

2069 1063 2124 1119 δέ
2162 1065 2256 1118 καὶ
2278 1066 2567 1134 ἐνίσχυσαν
2606 1066 2805 1130 πάντες
2841 1068 2888 1118 οί
2923 1066 3028 1118 υἱοὶ
3054 1064 3146 1120 τοῦ
3175 1065 3333 1129 Θεοῦ,
3364 1067 3418 1119 οἵ
3435 1083 3495 1118 τε
3528 1068 3665 1139 πρό.

2068 1174 2225 1228 τερον
2257 1157 2325 1213 τὰ
2360 1159 2490 1230 περὶ
2530 1158 2693 1213 αὑτοῦ
2740 1159 3230 1229 προφητεύσαντες,
3265 1161 3360 1212 καὶ
3381 1160 3496 1212 ὅσοι
3522 1161 3663 1230 μετὰ

2066 1248 2166 1318 τὴν
2188 1248 2492 1319 παρουσίαν
2533 1248 2698 1302 αὑτοῦ
2725 1249 2785 1301 τὸ
2829 1249 3045 1320 πνεῦμα
3069 1250 3166 1321 τῆς
3187 1249 3457 1314 υἱοθεσίας
3480 1253 3663 1322 χωρήο

2069 1355 2283 1403 σαντες,
2320 1341 2414 1393 ἐπὶ
2446 1343 2626 1394 πᾶσαν
2668 1341 2831 1395 αὑτὸν
2881 1340 3153 1414 ἐκήρυξαν
3185 1343 3281 1414 τὴν
3307 1345 3656 1414 οἰκουμένην.

2067 1433 2147 1486 Τὰ
2187 1432 2285 1503 μὲν
2315 1433 2380 1504 δὴ
2414 1434 2520 1486 ἀπὸ
2554 1435 2651 1504 τῆς
2674 1433 3042 1504 ΙΙεντατεὺχου
3076 1435 3311 1489 τοσαῦτα
3334 1453 3346 1464 ·
3381 1436 3658 1506 μετίωμεν

2067 1525 2124 1582 δὲ
2148 1526 2243 1579 καὶ
2269 1526 2361 1578 ἐπὶ
2395 1527 2492 1590 τὰς
2527 1526 2653 1597 ἑξῆς
2688 1528 2930 1597 Γραφάς.

2598 1638 2776 1691 ΚΕΦΑ
2785 1637 2994 1691 ΛΜοΝ
3031 1640 3126 1692 ΙΖ’.

2395 1730 2528 1784 Ἀπὸ
2561 1728 2674 1797 τῆς
2710 1730 2814 1784 τοῦ
2862 1731 3056 1798 Ἰησοῦ
3081 1731 3330 1801 γραφῆς.

2143 1838 2161 1870 ι
2200 1820 2308 1873 Καὶ
2337 1821 2568 1893 ἐγενήθη
2601 1821 2676 1885 ὡς
2703 1817 2770 1893 ἦν
2811 1822 3017 1892 Ἰησοῦς
3049 1825 3106 1875 ἐν
3150 1822 3376 1894 ’1εριχὼ,
3401 1827 3497 1876 καὶ
3522 1826 3658 1878 ἀνα-

2065 1909 2269 1980 ϐλέψας
2301 1914 2402 1984 ὁρᾷ
2432 1913 2718 1984 ἄνθρωπον
2748 1913 3017 1984 ἑστηκότα
3039 1915 3319 1969 κατέναντι
3345 1916 3534 1981 αὑτοῦ,
3562 1921 3657 1971 καὶ

2061 2008 2092 2075 ἡ
2123 2009 2368 2077 ρομφαία
2399 2006 2720 2077 ἐσπασμένη
2755 2009 2813 2060 ἐν
2843 2009 2910 2077 τῇ
2941 2007 3086 2079 χειρὶ
3116 2007 3298 2061 αὑτοῦ.
3336 2010 3448 2061 Καὶ
3483 2027 3655 2080 προσ-

2062 2098 2231 2150 ελθὼν
2276 2098 2505 2169 Ἰησοῦς,
2547 2095 2722 2162 εἶπεν,
2766 2099 3062 2170 Ἠμέτερος
3105 2095 3174 2164 εἴ,
3208 2101 3240 2169 ἢ
3286 2101 3396 2154 τῶν
3422 2103 3658 2156 ὑπεναν-

2059 2191 2226 2255 τίων;
2267 2193 2376 2245 Καὶ
2407 2187 2558 2244 εἶπεν
2608 2189 2777 2261 αὑτῷ,
2822 2190 2964 2259 Ἐγὼ
3016 2193 3453 2263 ἀρχιστράτηγος
3494 2195 3656 2248 δυνά-

2063 2301 2208 2354 μεως
2244 2285 2451 2356 Κυρίου
2507 2284 2623 2337 νυνὶ
2671 2285 3043 2356 παραγέγονα.
3075 2286 3185 2338 Kal.
3221 2287 3426 2355 Ἰησοῦς
3453 2290 3655 2341 ἔπεσεν

2059 2376 2151 2428 ἐπὶ
2176 2377 2466 2448 πρόσωπον
2493 2378 2584 2430 ἐπὶ
2614 2377 2712 2448 τὴν
2735 2379 2858 2448 γῆν,
2891 2378 2987 2430 καὶ
3008 2373 3160 2430 εἶπεν
3182 2378 3348 2448 αὐτῷ,
3379 2380 3652 2442 Δέσποτα,

2056 2470 2107 2522 τί
2134 2471 2498 2542 προστάσσεις
2527 2469 2606 2540 τῷ
2642 2470 2720 2540 σῷ
2742 2471 2962 2543 οἰκέτης
2986 2472 3094 2523 Καὶ
3115 2471 3261 2539 λέγει
3292 2474 3319 2524 ό
3347 2471 3652 2543 ἀρχιστρά-

2057 2580 2223 2632 τηγος
2251 2563 2456 2632 Κυρίου
2488 2563 2626 2634 πρὸς
2660 2561 2886 2632 Ἰησοῦν,
2912 2562 3173 2628 Λύσαντὸ
3193 2563 3444 2633 ὑπόδημα
3480 2563 3544 2630 (l'.
3576 2563 3645 2616 Η

2055 2655 2132 2719 νο)
2163 2653 2227 2704 ἐκ
2251 2651 2358 2719 τῶν
2393 2652 2566 2705 ποδῶν
2594 2669 2710 2716 σου,
2739 2653 2767 2704 6
2795 2651 2901 2722 γὰρ
2917 2651 3100 2714 τόπος,
3124 2645 3256 2731 ἐνῷ
3285 2653 3349 2704 σὺ
3381 2652 3644 2723 ἕστηκας,

2053 2745 2217 2808 τόπος
2245 2745 2399 2812 ἆγιός
2427 2747 2564 2798 ἐστι.
2610 2764 2626 2795 ι
2663 2744 2771 2796 Καὶ
2800 2744 2884 2807 τίς
2905 2742 2970 2800 ἂν
2998 2743 3155 2806 ἄλλος
3179 2743 3265 2813 είη
3292 2745 3320 2796 ό
3345 2744 3646 2822 ἀρχιστρά-

2053 2850 2220 2903 τηγος
2274 2834 2556 2905 δυνάμεως
2609 2833 2834 2904 Κυρίου,
2871 2833 2904 2904 ἤ
2945 2835 2975 2886 6
3000 2833 3234 2904 Χριστὸς
3291 2833 3384 2886 τοῦ
3424 2834 3584 2897 Θεοῦ,
3613 2836 3644 2887 ό

2053 2922 2235 2994 πάσης
2264 2923 2448 2994 ἄρχων
2480 2923 2640 2992 ἁγίας
2665 2926 2760 2977 καὶ
2786 2925 3161 2994 πνευματικῆς
3180 2923 3275 2977 τοῦ
3307 2924 3442 2976 Θεοῦ
3479 2942 3641 2995 στρα-

2051 3014 2209 3078 τιᾶς;
2237 3013 2378 3085 Ὅρα
2399 3014 2455 3066 δὲ
2491 3015 2565 3085 μὴ
2593 3016 2642 3066 εἰ
2665 3015 2754 3068 καὶ
2781 3016 2808 3067 6
2835 3015 2998 3077 αὑτὸς
3019 3018 3048 3068 6
3078 3015 3271 3086 καὶτῷ
3298 3017 3525 3069 Μωῦσεί
3551 3016 3637 3068 διὰ

2053 3106 2146 3160 τοῦ
2207 3108 2440 3176 ἀγγέλου
2495 3110 2839 3180 χρηματίσας
2875 3112 2932 3162 ἐν
2968 3109 3044 3180 τῷ
3080 3110 3194 3181 ὄρει
3227 3110 3335 3164 ἀπὸ
3363 3111 3474 3162 τῶν
3505 3111 3638 3181 πρὸς

2052 3201 2142 3252 τὸν
2201 3199 2410 3269 Ἰησοῦν
2463 3199 2636 3268 λόγων
2683 3202 3079 3271 ὑποφαίνεται·
3121 3203 3265 3274 ἅπερ
3305 3204 3415 3275 γὰρ
3462 3187 3634 3275 τοῦτῳ

2051 3289 2166 3352 νῦν,
2191 3292 2365 3346 ταῦτα
2397 3294 2490 3346 καὶ
2521 3294 2956 3364 Μωῦσεῑὸμοίως
2973 3295 3260 3365 ἀρχομένῳ
3286 3296 3384 3364 τῆς
3402 3296 3631 3367 θεωρίας

2051 3385 2187 3456 πρὸς
2218 3385 2309 3438 τοῦ
2355 3387 2562 3456 Κυρίου
2608 3388 2694 3440 διὰ
2736 3387 2828 3440 τοῦ
2865 3388 3094 3455 ἀγγέλου
3129 3389 3344 3460 εἴρηται
3380 3392 3521 3443 κατὰ
3547 3391 3626 3453 τὸ,

2053 3495 2072 3528 ι
2101 3475 2276 3530 Λὺσαι
2301 3478 2362 3530 τὸ
2380 3478 2633 3549 ὑπόδημα
2662 3480 2726 3530 ἐκ
2752 3477 2860 3530 τῶν
2878 3478 3052 3530 ποδῶν
3082 3497 3197 3544 σου,
3231 3499 3251 3530 ι
3271 3481 3366 3532 καὶ
3390 3481 3458 3532 τὰ
3482 3481 3623 3551 ἑῆς.

2049 3570 2409 3642 Πολυῶνυμος
2461 3571 2518 3623 δέ
2571 3589 2655 3635 τις
2686 3572 2946 3642 ὑπάρχων
2987 3575 3014 3626 ό
3060 3573 3294 3643 Χριστὸς
3338 3573 3432 3626 τοῦ
3471 3574 3627 3638 Θεοῦ,

2047 3662 2140 3718 νῦν
2160 3683 2178 3717 ι
2209 3665 2668 3736 ’Δρχιστρὰτηγος
2693 3665 2974 3737 δυνάμεως
2991 3666 3197 3737 Κυρίου
3218 3686 3235 3717 ι
3267 3667 3627 3738 χρηματίζειο

2043 3756 2118 3819 ὡς
2137 3757 2231 3809 καὶ
2257 3759 2313 3809 ἐν
2329 3758 2540 3829 Ἡσαΐᾳ.
2566 3779 2583 3807 ι
2600 3759 2840 3829 μεγάλης
2873 3757 3065 3828 βουλῆς
3085 3759 3348 3828 Ἀγγελος
3369 3777 3382 3789 ”
3411 3779 3428 3810 ι
3447 3763 3507 3814 ἐν
3531 3759 3626 3830 τῷ,

2049 3865 2067 3896 ι
2093 3848 2202 3900 Καὶ
2235 3847 2549 3919 θελήσουσιν
2571 3851 2617 3902 εί
2651 3849 2894 3917 ἐγένοντο
2927 3851 3304 3919 πυρίκαυστοι.
3338 3851 3460 3903 ’Ὁτι
3497 3868 3624 3902 παι-

2041 3936 2150 3991 δίον
2189 3938 2452 4009 ἐγεννήθη
2490 3941 2644 4009 ήμῖν,
2671 3938 2784 4002 υίὸς
2823 3939 2915 3991 καὶ
2949 3939 3102 4012 ἐδόθη
3137 3943 3288 4010 ἡμῖν,
3321 3933 3384 3992 οὑ
3417 3941 3450 4009 ὴ
3483 3939 3622 4012 ἀρχὴ

2042 4029 2136 4082 ἐπὶ
2166 4029 2260 4081 τοῦ
2311 4029 2462 4100 ῶμου
2512 4031 2698 4095 αὑτοῦ,
2735 4033 2826 4084 καὶ
2860 4033 3103 4086 καλεῖται
3127 4033 3186 4086 τὸ
3212 4033 3383 4102 ὄνομα
3431 4031 3618 4095 αὑτοῦ,

2044 4119 2287 4190 μεγάλης
2321 4120 2516 4192 βουλῆς
2554 4121 2836 4190 Ἄγγελος.
2879 4142 2896 4174 ι
2923 4123 3118 4194 Εὖροις
3166 4123 3209 4176 δ’
3238 4122 3303 4175 ἂν
3340 4121 3436 4175 καὶ
3469 4124 3527 4174 ἐν
3548 4121 3622 4192 τῷ

2039 4211 2296 4283 Μαλαχίᾳ
2323 4232 2341 4262 ι
2373 4212 2634 4279 ’Ἄγγελον
2660 4213 2924 4286 διαθήκης
2961 4233 2979 4265 ›
3011 4215 3170 4267 αὑτὸν
3196 4212 3617 4284 ὀνομαζόμενον,

2037 4301 2167 4354 ἔνθα
2191 4303 2426 4371 λέγεται,
2465 4322 2482 4353 ι
2522 4304 2630 4356 Καὶ
2659 4304 2916 4375 ἐξαίφνης
2936 4305 3056 4375 ἣξει
3075 4306 3155 4368 είς
3183 4306 3274 4357 τὸν
3298 4305 3426 4358 ναὸν
3454 4304 3618 4358 αὐτοῦ

2039 4393 2261 4465 Κύριος,
2307 4396 2365 4447 ὃν
2395 4395 2552 4466 ὑμεῖς
2590 4396 2823 4466 ζητεῖτε,
2852 4399 2946 4451 καὶ⁸
2974 4401 3002 4452 6
3031 4398 3295 4466 Ἀγγελος
3314 4399 3412 4469 τῆς
3435 4398 3618 4469 διαθή-

1960 4503 2005 4559 D
2037 4502 2160 4554 κης,
2188 4488 2246 4540 ὃν
2279 4488 2436 4558 ὑμεῖς
2470 4489 2672 4544 θέλετε.
2714 4509 2732 4541 ι

2549 4627 2942 4679 ΚΕΦΑΛΑΙΟΝ
2973 4628 3079 4679 lll'.

2082 4714 2175 4766 Ἐκ
2209 4711 2316 4780 τῆς
2346 4721 2398 4766 α’
2431 4713 2550 4767 τῶν
2585 4715 2938 4769 Βασιλειῶν.
2978 4715 3091 4783 Τῆς
3120 4715 3307 4785 εὐχῆς
3341 4719 3573 4782 Ἅννας.

2107 4824 2125 4856 ι
2167 4805 2370 4877 Κύριος
2406 4808 2573 4877 ἀνέϐη
2625 4809 2705 4871 είς
2744 4809 3006 4878 οὐρανοὺς
3031 4849 3044 4873 ,
3103 4810 3197 4862 καὶ
3251 4809 3604 4880 ἐϐρόντησεν·

2031 4895 2196 4959 αὑτὸς
2226 4900 2405 4968 κρινεῖ
2429 4899 2574 4972 ἄκρα
2605 4900 2711 4970 γῆς
2737 4941 2751 4964 ,
2783 4901 2875 4954 καὶ
2913 4899 3072 4954 δώσει
3114 4902 3266 4972 ἰσχὺν
3308 4904 3419 4964 τοῖς
3456 4902 3604 4972 βασι-

2029 4986 2214 5040 λεῦσιν
2257 4990 2434 5059 ήμῶν,
2486 4993 2579 5044 καὶ
2610 4993 2817 5062 ὑψώσει
2865 4993 3032 5064 κέρας
3061 4993 3298 5065 Χριστοῦ
3358 4993 3539 5048 αὑτοῦ.
3582 5015 3598 5046 ι

2037 5079 2094 5132 Ὀ
2130 5083 2379 5150 καταϐὰς
2407 5086 2469 5142 ἐκ
2495 5085 2603 5137 τῶν
2639 5086 2882 5158 οὐρανῶν
2916 5087 3119 5156 Κύριος
3145 5090 3172 5140 ὁ
3197 5087 3292 5139 τοῦ
3342 5087 3478 5140 Θεοῦ
3513 5089 3601 5139 Λό-

2025 5190 2140 5240 γος,
2175 5175 2339 5236 αὑτὸς
2367 5176 2530 5233 πάλιν
2560 5177 2899 5249 ἀναϐέϐηκεν
2923 5181 3000 5242 είς
3021 5179 3286 5248 οὐρανούς
3307 5195 3321 5208 ⁸
3359 5180 3455 5231 καὶ
3475 5181 3596 5232 ἁνα-

2028 5264 2126 5326 ϐὰς
2156 5265 2480 5338 ἐϐρόντησεν
2508 5271 2574 5340 τῇ
2594 5269 2735 5338 ,θείῳ
2763 5270 2957 5323 ἑαυτοῦ
2980 5270 3204 5340 δυνάμει
3239 5270 3298 5322 τὸ
3325 5269 3596 5338 εὑαγγελι-

2028 5355 2122 5406 κὸν
2157 5357 2438 5427 κήρυγμα,
2473 5359 2548 5421 ὡς
2575 5359 2898 5424 ἐξάκουστον
2933 5361 3065 5414 αὐτὸ
3105 5359 3356 5428 γενέσθαι
3405 5362 3463 5413 ἐν
3500 5360 3595 5428 ὅλῳ

2026 5444 2103 5515 τῷ
2139 5447 2328 5517 κόσμῳ
2349 5465 2361 5478 ·
2394 5449 2556 5513 αὑτὸς
2585 5451 2641 5504 δὲ
2676 5457 2851 5524 κρινεῖ
2882 5454 3025 5525 ἄκρα
3057 5455 3158 5524 γῆς
3203 5455 3298 5512 καὶ
3330 5455 3456 5516 τοὺς
3503 5452 3593 5522 μέ-

2023 5554 2112 5609 χρι
2146 5540 2348 5597 τούτων
2386 5542 2690 5608 οἰκοῦντας,
2729 5545 2803 5609 ὼς
2829 5547 3006 5599 πᾶσαν
3036 5544 3271 5616 εἰληφὼς
3299 5547 3402 5617 τὴν
3427 5546 3593 5616 κρίσιν

2959 5701 3004 5744 εξ
3058 5702 3188 5758 ibid.

2286 5697 2327 5728 “
2370 5697 2597 5756 “alach,
2654 5717 2744 5764 ιη,
2806 5701 2852 5754 l.
2959 5701 3004 5744 εξ
3058 5702 3188 5758 ibid.
3294 5704 3340 5733 ⁸⁵
3395 5703 3413 5760 l
3467 5699 3585 5771 Reg.
