3840 6222
210 307 365 363 1077

1246 303 1542 360 ΕΟΕΟϐηΕ
1586 296 2077 357 ΡΒΟΡΗΕἸΊΟιΕ.
2117 323 2165 338 -
2225 294 2337 350 LIB
2397 293 2444 349 Ι.

3350 250 3525 333 μηδ’

210 419 375 489 παρά
403 416 498 471 τοῦ
535 416 747 488 Πατρός
767 433 780 446 ·
805 416 940 470 ἀλλὰ
982 417 1077 470 κα).
1105 415 1304 470 ἔδωκεν
1338 419 1489 489 ίσχὺν
1529 420 1643 480 τοῖς
1677 419 1791 470 ἐαυ-

1904 411 2188 481 discipulis
2209 408 2348 470 suis,
2379 402 2646 476 apostolis
2677 406 2731 455 et
2779 393 3083 468 prophetis,
3113 391 3211 463 qui
3241 406 3342 447 nos
3394 405 3486 489 re:

206 510 317 564 τοῦ
367 510 467 582 μὲν
523 509 813 580 μαθηταῖς,
848 508 1166 574 ἀποστόλοις
1224 526 1284 563 τε
1334 510 1431 563 καὶ
1478 509 1803 581 προφήταις,

208 602 386 674 ἡμῶν
413 595 802 671 δέοβᾶσιλεῦσι,
833 601 929 653 καὶ
957 599 1141 671 ῦψωσε
1172 602 1234 656 τὸ
1253 602 1424 674 κέρας
1444 600 1540 654 τοῦ
1569 600 1804 674 Χριστοῦ

208 692 410 754 αὑτοῦ,
445 692 565 764 ἤτοι
612 690 708 745 τοῦ
740 689 896 755 λαοῦ,
953 694 1157 763 μετοχῇ
1198 691 1297 745 τοῦ
1351 678 1588 766 Χριστοῦ
1632 690 1806 755 οὕτως

208 783 649 857 ὀνομαζομένου,
696 783 730 854 ἢ
754 778 815 839 οὗ
848 783 1136 855 ἀνείληφεν
1161 783 1520 855 ἀνθρωπίνου,
1549 775 1610 836 οὗ
1636 783 1805 854 κέρας

207 872 289 947 ἦν
318 878 355 947 ἠ
381 876 572 946 θεότης
590 875 865 946 ὑψωθείσα
890 875 1034 930 κατὰ
1059 875 1152 929 τὸν
1179 875 1325 947 ἱερὸν
1338 874 1680 929 Ἀπόστολονσ
1708 874 1804 928 καὶ

208 971 279 1022 ἐν
306 968 652 1041 ὀγδοηκοστῷ
681 967 738 1021 δὲ
768 967 939 1040 ὀγδόῳ
970 967 1172 1039 ψαλμῷ
1198 967 1386 1037 σαφῶς
1410 967 1472 1020 τὸ
1511 967 1800 1038 παραπλή-

210 1077 337 1115 σιον
361 1059 439 1131 τῷ
472 1060 657 1115 ἐνθάδε
684 1060 813 1132 περὶ
834 1059 927 1113 τοῦ
953 1059 1192 1132 Χριστοῦ
1220 1062 1249 1113 ὁ
1267 1059 1398 1121 Θεός
1427 1076 1611 1130 φησιν,
1643 1077 1663 1109 ι
1690 1060 1801 1112 Καὶ

209 1153 277 1206 ἐν
305 1152 386 1224 τῷ
413 1152 636 1224 ὀνόματί
671 1168 771 1223 μου
797 1150 1142 1222 ὑψωθήσεται
1170 1150 1232 1204 τὸ
1258 1151 1427 1224 κέρας
1453 1152 1642 1209 αὑτοῦ.
1688 1173 1708 1207 ι

741 1241 1139 1295 ΚΕΦΑΛΑΙΟΝ
1175 1239 1274 1294 ΙΘ’.

290 1350 312 1382 ι
350 1329 463 1384 Καὶ
492 1325 654 1402 ἦλθεν
683 1331 968 1402 ἄνθρωπος
994 1330 1132 1384 Θεοῦ
1162 1331 1297 1402 πρὸς
1323 1331 1491 1395 Ἠλεὶ,
1510 1332 1604 1385 καὶ
1621 1326 1795 1395 εἶπεν,

202 1423 360 1478 ,Τάδε
393 1423 542 1493 λέγει
571 1422 776 1495 Κύριος
794 1423 997 1493 Κύριος
1017 1439 1029 1451 ο
1062 1442 1081 1474 ι
1111 1424 1203 1476 καὶ
1224 1423 1283 1477 ἐν
1308 1425 1422 1487 τοῖς
1442 1422 1568 1494 ἐξῆς
1593 1441 1606 1454 ·
1645 1442 1663 1473 ι
1692 1424 1800 1477 Καὶ

205 1518 510 1588 ἀναστήσω
551 1510 775 1588 ἐμαυτῷ
813 1515 965 1587 ἱερέα
1002 1516 1211 1580 πιστὸν,
1246 1515 1306 1579 ὃς
1336 1515 1515 1568 πάντα
1546 1515 1614 1568 τὰ
1642 1518 1701 1569 ἐν
1728 1518 1795 1586 τῇ

206 1610 419 1682 καρδία
458 1628 559 1681 μου
580 1611 673 1663 καὶ
698 1610 767 1664 τὰ
800 1611 857 1662 ὲν
877 1610 943 1680 τῇ
976 1607 1123 1678 ψυχῆ
1157 1625 1260 1678 μου
1297 1608 1514 1679 ποιήσει
1537 1625 1551 1638 ·
1588 1609 1682 1661 καὶ
1713 1609 1796 1661 οι-

208 1703 504 1774 κοδομήσω
531 1701 681 1773 αὑτῷ
718 1697 867 1755 οἷκον
902 1700 1113 1763 πιστὸν,
1159 1699 1253 1753 καὶ
1279 1699 1609 1753 διελεύσεται
1661 1700 1795 1753 ἐνώ-

1907 479 2064 574 gunt,
2115 509 2170 557 et
2208 497 2528 557 sublimavit
2567 508 2744 548 cornu
2779 487 2983 545 Christi
3029 485 3137 549 sui,
3174 499 3269 539 seu
3300 479 3484 552 populi

1908 571 2017 661 sui,
2053 590 2261 649 Christi
2299 590 2373 645 ob
2411 584 2854 643 communionem
2915 577 2996 632 sic
3025 572 3314 634 nominati,
3371 571 3486 626 sive

1905 700 2069 756 quam
2101 682 2316 752 accepit
2346 674 2729 736 humanitatis,
2767 670 2928 739 cujus
2959 682 3131 722 cornu
3155 670 3273 720 erat
3308 662 3484 717 deitas

1907 755 2200 836 sublimata
2216 771 2520 830 secundum
2538 775 2791 824 sanctum
2812 759 3151 833 Apostolum.
3174 755 3241 809 Et
3261 757 3314 810 in
3333 759 3484 808 octa-

1903 885 1973 925 vo
1998 877 2054 924 et
2079 848 2415 936 octogesimo
2438 860 2651 932 psalmo
2682 851 2973 909 manifeste
3003 850 3119 904 haec
3144 845 3334 902 eadem
3368 841 3481 936 fere

1903 959 1971 1015 de
1996 931 2385 1014 Christo'Deus
2410 931 2546 1006 dicit
2582 968 2595 1002 :
2636 964 2655 998 ι
2692 943 2760 998 Ει
2782 943 2839 998 ὶιι
2883 941 3105 997 nomine
3131 950 3254 992 meo
3274 931 3481 990 exalta-

1903 1051 2053 1107 bitur
2077 1064 2253 1105 cornu
2282 1046 2403 1117 ejus
2428 1044 2494 1097 ⁸⁸.
2529 1061 2547 1095 ι

2483 1233 2713 1291 CAPUT
2743 1229 2888 1286 XIX.

1973 1372 1992 1403 ι
2017 1350 2180 1406 Venit
2202 1356 2383 1404 autem
2412 1348 2498 1401 vir
2528 1344 2624 1400 Dei
2651 1343 2719 1397 ad
2749 1340 2867 1396 Heli
2899 1346 2954 1394 et
2984 1338 3059 1392 ait
3079 1334 3319 1391 adeum:
3351 1330 3480 1387 Haac

1899 1444 2031 1501 dicit
2088 1442 2353 1497 Dominus
2396 1436 2811 1508 :Numquid":
2850 1473 2865 1487 .
2912 1474 2926 1486 .
2971 1470 2986 1484 .
3035 1437 3090 1485 et
3143 1429 3199 1482 in
3245 1426 3314 1482 iis
3355 1440 3479 1496 qua:

1900 1538 2233 1603 sequuntur:
2284 1547 2304 1580 ι
2333 1528 2400 1584 Et
2444 1528 2730 1583 suscitabo
2773 1522 2907 1578 mihi
2949 1519 3295 1576 sacerdotem
3338 1516 3476 1571 lide-

1900 1626 2026 1691 lem,
2066 1624 2160 1696 qui
2201 1623 2359 1693 juxta
2386 1636 2483 1676 cor
2510 1635 2690 1676 meum
2725 1626 2775 1673 et
2805 1614 3044 1671 animam
3078 1626 3252 1668 meam
3276 1609 3474 1663 faciet:

1898 1726 1951 1772 et
1970 1715 2252 1772 aediﬁcabo
2280 1714 2331 1769 ei
2361 1713 2584 1768 domum
2617 1710 2849 1775 ﬁdelem,
2871 1715 2926 1763 et
2965 1703 3266 1760 ambulabit
3289 1714 3477 1757 coram

206 1812 342 1849 πιον
366 1794 601 1868 Χριστοῦ
628 1812 726 1867 μου
760 1795 941 1857 πάσας
968 1792 1067 1858 τὰς
1092 1792 1310 1865 ἡμέρας
1335 1809 1349 1822 ·
1384 1793 1479 1847 καλ¹
1507 1792 1662 1847 ἔσται
1690 1795 1791 1856 πᾶς

1904 1809 2119 1864 Christo
2166 1821 2290 1862 meo
2333 1803 2550 1860 cunctis
2601 1802 2832 1857 diebus:
2870 1799 3113 1855 futurum
3154 1802 3237 1851 est
3270 1802 3474 1855 autem.

204 1888 241 1939 ὁ
268 1886 612 1959 περισσεύων
641 1888 701 1940 ἐν
729 1886 865 1957 οἴκῳ
896 1885 1015 1957 ἥξει
1060 1883 1381 1957 προσκυνῶν
1426 1885 1575 1956 αὐτῷ
1609 1884 1797 1939 ὀϐολοῦ

204 1978 505 2051 ἀργυρίου,
540 1978 633 2033 καὶ
668 1980 725 2031 ἐν
751 1976 903 2050 ἄρτῳ
925 1977 1026 2039 ἐνί,
1054 1976 1249 2045 λέγων,
1271 1975 1684 2048 Παράριψόν·με
1707 1978 1798 2029 ἐπὶ

209 2070 349 2141 μίαν
376 2069 488 2123 τῶν
514 2068 794 2141 ίερατείων
822 2084 915 2120 σου
942 2069 1136 2135 φαγεῖν
1159 2067 1344 2138 ἄρτον.
1382 2086 1400 2118 ι
1427 2067 1615 2130 Οὐδεὶς
1642 2066 1800 2131 ἄλλος

205 2162 247 2234 ἢ
282 2160 442 2232 μόνος
489 2163 517 2214 ό
580 2159 721 2214 κατά
750 2160 848 2231 τὴν
879 2158 1033 2223 τάξιν
1082 2157 1416 2229 Μελχισεδὲκ
1470 2160 1647 2230 ἱερεὺς
1703 2158 1797 2212 τοῦ

206 2253 353 2308 Θεοῦ
383 2253 477 2306 τοῦ
504 2252 730 2323 ὑψίστου
778 2250 986 2322 Ἰησοῦς
1016 2250 1248 2323 Χριστὸς
1290 2252 1321 2306 ὁ
1368 2249 1559 2322 Σωτὴρ
1605 2249 1794 2321 ἡμῶν,

204 2347 273 2399 ὃν
304 2364 325 2397 ι
345 2345 543 2416 ἔχομεν
567 2345 828 2416 ἀρχιερέα
860 2345 1052 2417 μέγαν,
1093 2366 1112 2397 ι
1143 2343 1287 2398 κατά
1322 2343 1414 2397 τὸν
1450 2344 1795 2409 Ἀπόστολον,

212 2458 236 2489 σ
277 2436 625 2509 διεληλυθότα
648 2437 772 2500 τοὺς
797 2438 1084 2509 οὐρανοὺς,
1124 2456 1143 2489 ι
1182 2436 1358 2491 πάντα
1380 2436 1450 2490 τὰ
1480 2437 1537 2489 ἐν
1559 2438 1623 2507 τῇ
1662 2453 1798 2506 καρ-

204 2527 302 2599 δίᾳ
329 2526 424 2581 τοῦ
451 2527 664 2597 Πατρὸς
691 2526 994 2597 πεποίηκεν
1027 2543 1046 2575 ‹
1080 2526 1320 2597 ὑπήκοος
1354 2524 1503 2596 αὐτῷ
1543 2524 1796 2593 γενέσθαι

210 2618 384 2690 μέχρι
427 2618 522 2670 καὶ
558 2616 792 2671 θανάτου
813 2636 826 2647 ·
859 2636 878 2668 ι
917 2615 1040 2670 ὅθεν
1078 2616 1172 2669 καὶ
1201 2616 1515 2687 ἀναστήσας
1551 2616 1712 2670 αὐτὸν
1767 2618 1797 2670 ό

208 2709 426 2781 Πατὴρ,
460 2692 814 2780 οἰκοδόμησεν
852 2706 1000 2779 αύτῷ
1031 2704 1178 2761 οἷκον
1206 2708 1417 2773 πιστὸν,
1442 2709 1542 2779 τὴν
1563 2710 1628 2762 ἐκ
1652 2708 1797 2778 λογι-

208 2801 326 2856 κῶν
351 2803 446 2858 καὶ
485 2801 704 2867 ζώντων
739 2803 833 2856 καὶ
859 2801 1067 2856 πιστῶν
1095 2802 1170 2867 ὡς
1209 2801 1423 2872 ἀληθῶς
1468 2799 1632 2854 λίθων
1669 2819 1795 2857 συν-

204 2896 458 2950 εστῶσαν
491 2895 814 2966 Ἐκκλησίαν
835 2914 848 2927 ⁸
876 2894 1051 2967 τούτῳ
1077 2895 1135 2949 δὲ
1166 2896 1260 2950 καὶ
1284 2895 1532 2967 ἔρχονται
1556 2912 1796 2969 προσκυ-

205 2989 324 3041 νεῖν
354 2988 405 3040 σε
445 2986 831 3050 πιστεύσαντες
871 2988 952 3051 εἰς
987 2987 1169 3052 αὑτὸν,
1201 2986 1387 3039 ὀϐολοῦ
1423 2986 1686 3058 ἀργυρίου
1720 2985 1795 3058 μὴ

1899 1900 2303 1970 utquicunque
2351 1894 2681 1951 remanserit
2730 1893 2784 1946 in
2836 1891 3000 1946 domo
3048 1903 3169 1952 sua,
3212 1886 3391 1941 veniat
3421 1892 3479 1938 ut

1897 1999 2088 2048 oretur
2126 2003 2228 2061 pro
2272 2003 2360 2051 eo,
2392 1993 2447 2041 et
2497 1984 2695 2038 oﬂ‘erat
2737 1996 3020 2037 nummum
3056 1986 3394 2049 argenteum,
3423 1982 3479 2029 et

1898 2088 2101 2136 tortam
2149 2078 2329 2151 panis,
2356 2076 2649 2144 dicatque:
2705 2070 2927 2125 Dimitte
2966 2084 3074 2133 me,
3107 2067 3358 2130 obsecro,
3408 2064 3478 2118 ad

1897 2188 2063 2230 unam
2093 2178 2306 2242 partem
2335 2160 2751 2228 sacerdotalem,
2784 2171 2844 2217 ut
2859 2160 3140 2217 comedam
3172 2156 3475 2212 buccellam

1897 2265 2058 2336 panis
2073 2265 2174 2317 ⁸⁸.»
2207 2261 2381 2318 Nemo
2414 2260 2557 2313 alius
2586 2257 2695 2312 nisi
2732 2255 2882 2310 solus
2906 2250 3206 2309 secundum
3226 2248 3475 2304 ordinem

1900 2352 2307 2411 Melchisedech
2337 2348 2599 2407 sacerdos
2629 2346 2720 2400 Dei
2753 2342 3011 2399 altissimi
3042 2340 3202 2397 Jesus
3223 2338 3477 2394 Christus

1900 2446 2152 2502 Salvator
2179 2452 2392 2506 noster,
2433 2456 2595 2513 quem
2654 2437 2962 2493 «habemus
3002 2432 3321 2488 Pontificem
3366 2445 3477 2484 ma-

1899 2554 2121 2611 gnum,»
2165 2534 2466 2593 secundum
2490 2530 2834 2602 Apostolum,
2874 2546 2893 2579 ι
2920 2526 3015 2597 qui
3038 2524 3341 2596 penetravit
3362 2536 3477 2576 cce-

1898 2629 1983 2685 los
2005 2629 2107 2693 “,3
2143 2625 2382 2697 fecitque
2409 2622 2595 2678 omnia
2625 2634 2748 2691 quae
2787 2616 2937 2672 Patri
2973 2614 3128 2670 cordi
3143 2620 3330 2691 erant,
3359 2631 3377 2663 ι
3402 2612 3477 2666 fa-

1898 2728 2023 2775 ctus
2076 2718 2340 2775 obediens
2370 2731 2545 2785 usque
2589 2712 2657 2766 ad
2707 2709 3075 2774 mortem"°;i
3110 2707 3257 2761 unde
3289 2704 3475 2766 Pater,

1896 2827 2023 2868 eum
2067 2825 2193 2865 cum
2230 2807 2516 2871 erexisset,
2548 2802 2838 2858 aediﬁcavit
2888 2800 2939 2855 ei
2986 2798 3206 2852 domum
3238 2794 3473 2862 fidelem,

1897 2900 2254 2957 constitutam
2307 2894 2560 2951 videlicet
2626 2891 2994 2947 rationalibus
3047 2887 3475 2956 viventibusque

1898 3010 1963 3050 ac
2021 3009 2148 3051 vere
2197 2992 2450 3048 ﬁdelibus
2511 2989 2787 3060 lapidibus
2858 2985 3162 3041 Ecclesiam
3194 2983 3262 3037 τ’.
3318 2983 3475 3035 Hunc

207 3077 292 3148 (f.
321 3079 424 3149 15)
455 3078 937 3151 ἀποστρεφομένου
966 3078 1176 3150 (όμενοι
1196 3078 1214 3149 )
1238 3118 1254 3144 ,
1290 3080 1429 3150 μήτε
1468 3078 1791 3150 σωματικῶς

1904 3087 2187 3143 adoratum
2217 3085 2437 3141 venient
2465 3083 2560 3154 qui
2591 3083 2647 3137 in
2679 3096 2805 3137 eum
2840 3078 3212 3142 crediderunt,
3249 3073 3460 3130 nummi

204 3169 311 3242 τὴν
339 3169 430 3224 τὸν
463 3169 763 3241 κοδράντην
793 3171 874 3233 είς
902 3170 1001 3242 τὴν
1026 3169 1135 3223 τῶν
1163 3170 1433 3241 δεομένων
1474 3169 1791 3244 ἐπικουρίαν

1904 3179 2148 3251 argentei
2192 3193 2301 3233 non
2360 3176 2743 3243 immemores;
2800 3188 2978 3243 neque
3015 3170 3165 3226 enim
3205 3182 3473 3239 corpora-

207 3259 674 3330 συνεισφέρουσαν
696 3260 895 3335 χῄραν,
927 3260 1065 3331 μήτε
1096 3259 1202 3332 μὴν
1241 3261 1383 3315 κατά
1431 3260 1667 3316 διάνοιαν
1697 3262 1796 3332 τὴν

206 3351 308 3404 ἐπὶ
333 3350 500 3422 μόνην
526 3350 624 3423 (ῃ)
656 3334 939 3423 τῇπίστει
965 3352 1362 3425 ἐρηρεισμένην
1388 3352 1566 3424 ψυχὴν
1584 3392 1599 3417 ,
1624 3352 1658 3425 ἢ
1695 3334 1813 3425 τὴν

206 3442 356 3496 κατά
386 3441 613 3513 δύναμιν
636 3443 747 3496 τῶν
783 3442 989 3514 νοητῶν
1020 3443 1189 3514 αὐτῆς
1210 3444 1565 3517 ὑπαρχόντων
1584 3461 1795 3499 συνεισ-

205 3534 482 3602 φέρουσαν
512 3532 580 3586 τά
606 3535 688 3599 εἰς
739 3534 839 3604 τὴν
865 3534 974 3588 τῶν
1003 3535 1205 3589 λοιπῶν
1252 3536 1539 3607 οἰκοδομήν
1582 3553 1645 3589 τε
1700 3537 1794 3590 καὶ

204 3624 478 3695 ὠφέλειαν
512 3625 928 3696 συμϐαλλόμενοι
952 3642 964 3655 ·
1005 3628 1076 3683 τά
1109 3627 1166 3701 χ’
1202 3624 1295 3681 οὖν
1331 3647 1350 3678 ι
1393 3627 1550 3699 μωρά
1566 3626 1661 3680 τοῦ
1701 3627 1795 3681 κό-

209 3732 353 3786 σμου
387 3713 668 3783 ἐξελέξατο
705 3736 724 3768 ι
757 3716 852 3770 xal.
882 3718 949 3772 τά
979 3717 1181 3789 ἀσθενῆ
1208 3719 1302 3771 καὶ
1321 3717 1530 3788 πτωχὰ,
1555 3716 1650 3770 καὶ⁷
1677 3735 1695 3769 ι
1724 3716 1795 3771 τὰ

204 3810 622 3882 ἐξουθενημένα,
652 3811 745 3864 καὶ
764 3810 835 3864 τὰ
863 3810 937 3884 μὴ
958 3811 1086 3865 ὄντα
1119 3830 1139 3864 ι
1180 3810 1256 3883 μὴ
1276 3810 1651 3882 ὑπερφρονῶν,
1689 3829 1795 3883 μη-

203 3900 266 3954 δὲ
312 3899 413 3964 τὰς
445 3900 657 3953 τοιάσδε
688 3900 864 3971 ψυχάς
887 3919 901 3931 ³
935 3901 1051 3955 ἀλλ’
1095 3894 1182 3955 οἷα
1224 3901 1603 3973 φιλάνθρωπος
1656 3901 1792 3955 Θεοῦ

205 3992 382 4061 Λόγος
404 3991 499 4046 καὶ
521 3992 724 4056 ταύτας
768 3993 1163 4064 ἀποδεχόμενος
1218 3994 1318 4065 τῆς
1360 3993 1687 4066 προθυμίας,
1727 3993 1792 4059 ἃς

207 4086 306 4139 καὶ
337 4086 518 4157 κρίσει
545 4084 666 4156 θείᾳ
697 4085 836 4140 κατά
875 4086 976 4156 τὴν
1006 4085 1164 4150 ἀξίαν
1214 4087 1273 4140 ἐν
1300 4086 1576 4159 διαφόροις
1607 4091 1792 4159 μοναῖς

1897 3274 2023 3329 liter
2055 3272 2417 3343 quadrantem
2468 3269 2524 3323 in
2578 3265 3017 3323 necessariorum
3043 3262 3310 3318 auxilium
3342 3276 3476 3315 eon-

1899 3362 2167 3419 ferentem
2219 3360 2464 3426 viduam,
2487 3360 2556 3424 τ’,
2604 3372 2783 3428 neque
2828 3355 3152 3427 spiritaliter
3199 3352 3302 3408 soli
3350 3351 3475 3408 fidei

1895 3453 2145 3508 innixam
2177 3452 2440 3518 animam,
2468 3449 2556 3505 vel
2588 3447 2893 3504 secundum
2924 3445 3252 3517 spiritalium
3296 3442 3472 3499 bono-

1895 3562 2018 3600 rum
2053 3544 2369 3600 facultatem
2399 3551 2729 3598 caeterorum
2763 3538 3114 3594 aedilicationi
3154 3546 3209 3593 et
3251 3536 3473 3591 utilitati

1894 3639 2304 3704 consulentem;
2357 3638 2567 3693 «stulta
2615 3653 2633 3685 ι
2682 3634 2867 3705 igitur,
2916 3650 2935 3682 c
2992 3628 3184 3685 mundi
3222 3630 3386 3701 elegit
3418 3638 3474 3684 et

1894 3727 2113 3783 infirma
2140 3748 2158 3779 ι
2187 3733 2243 3782 et
2273 3725 2477 3797 in0pia,
2505 3731 2561 3779 et
2585 3722 2714 3778 vilia
2745 3740 2763 3772 ι
2791 3728 2846 3776 et
2874 3734 2997 3791 quae
3043 3732 3153 3772 non
3181 3717 3420 3784 erant",
3448 3737 3465 3766 ι

1895 3833 2243 3890 nequaquam
2273 3824 2659 3879 contemnens,
2693 3829 2874 3884 neque
2903 3813 3043 3867 tales
3081 3809 3326 3876 animas;
3376 3807 3472 3864 sed

1895 3919 1956 3967 ut
1992 3908 2455 3965 humanissimum
2504 3906 2595 3962 Dei
2642 3902 2885 3959 Verbum
2909 3905 2990 3958 eis
3025 3901 3329 3958 studiosam
3376 3915 3471 3953 vo-

1895 4003 2162 4057 luntatem
2191 4000 2514 4072 gratulans;
2545 4012 2684 4069 quas
2713 4009 2766 4052 et
2811 3995 2998 4050 divino
3040 3993 3253 4071 judicio
3303 3991 3468 4063 digne

1895 4096 1954 4152 in
2005 4095 2243 4152 diversis
2263 4092 2559 4149 sacerdotii
2616 4090 2702 4147 sui
2757 4089 2982 4144 sedibus
3022 4087 3277 4152 collocat,
3335 4100 3469 4139 suos

207 4176 318 4231 τῶν
351 4176 633 4249 ίερατείων
665 4176 832 4231 αὑτοῦ
878 4177 1245 4244 κατατάσσει,
1282 4178 1375 4232 τοῦ
1420 4180 1546 4250 παρ’
1595 4178 1791 4233 ἐαυτοῦ

1904 4198 2113 4248 aeterna;
2155 4187 2283 4242 vitae
2317 4201 2485 4257 panes
2537 4183 2620 4240 eis
2674 4181 3015 4255 impertiens.
3087 4196 3109 4229 ι
3158 4176 3474 4232 Ambulabit

206 4269 374 4342 ἀρτου
407 4269 509 4340 τῆς
536 4270 707 4324 ἀϊδίου
736 4270 881 4341 ζωῆς
910 4270 1184 4336 καταξιῶν
1209 4272 1399 4336 αὑτάς.
1433 4272 1506 4326 Τὸ
1533 4272 1591 4325 δὲ
1628 4291 1647 4324 ‹
1682 4272 1793 4325 Καὶ

205 4360 539 4415 διελεύσεται
560 4359 788 4415 ἐνώπιον
808 4362 1046 4435 Χριστοῦ
1075 4380 1176 4434 μου
1197 4364 1376 4428 πάσας
1398 4363 1497 4429 τὰς
1521 4366 1554 4434 ἡ
1562 4364 1627 4436 μέ
1635 4381 1753 4436 ρας,
1767 4384 1786 4417 ι

1895 4295 2084 4336 coram
2113 4276 2334 4333 Christo
2366 4291 2491 4330 meo
2518 4272 2734 4328 cunctis
2776 4258 3072 4334 diebus";
3098 4288 3117 4321 ι
3160 4270 3229 4323 de
3261 4268 3469 4323 sanctis

1893 4371 1989 4441 qui
2017 4369 2073 4424 in
2109 4366 2357 4423 Ecclesia
2395 4373 2546 4429 sunt,
2582 4364 2805 4427 dicitur,
2833 4350 3060 4417 christis
3096 4369 3150 4415 et
3196 4359 3332 4430 ipsis
3377 4374 3473 4413 eo-

209 4451 338 4523 περὶ
363 4451 474 4506 τῶν
505 4451 677 4520 ἁγίων
700 4451 809 4505 τῶν
838 4453 897 4506 ὲν
919 4455 985 4525 τῇ
1031 4453 1329 4526 Ἐκκλησία
1366 4453 1581 4526 εἴρηται
1600 4494 1616 4519 ,
1669 4473 1791 4531 χρι-

1904 4459 2250 4534 gnominatis,
2278 4457 2580 4512 secundum
2610 4454 2772 4510 illud:
2812 4471 2831 4506 ι
2855 4453 3033 4507 Nolite
3060 4458 3289 4522 tangere
3334 4449 3475 4504 chri-

211 4542 351 4596 στῶν
374 4543 470 4596 καὶ
494 4541 674 4596 αὐτῶν
702 4545 1260 4616 προσαγορευομένων
1285 4586 1298 4609 ,
1335 4544 1476 4599 κατά
1520 4546 1613 4610 τὸ,
1644 4566 1662 4598 ι
1696 4546 1787 4619 Μὴ

210 4634 420 4706 ἀψησθε
453 4634 561 4689 τῶν
607 4635 845 4707 χριστῶν
882 4636 982 4706 μοῦ
1008 4653 1020 4666 ·
1062 4656 1080 4688 ι
1121 4637 1333 4702 τούτοις
1367 4637 1475 4710 γάρ
1508 4637 1647 4710 πρὸς
1692 4637 1786 4691 τοῦ

210 4727 460 4798 Σωτῆρος
490 4725 707 4796 ἐλέγετο
732 4727 826 4780 καὶ
854 4729 911 4781 ἐν
941 4728 1019 4801 τῷ
1055 4730 1391 4802 Εὐαγγελίῳ,
1423 4749 1442 4782 Ι
1489 4729 1642 4796 Ἰδοὺ,
1675 4729 1786 4799 ἐγὼ

211 4818 328 4889 μεθ’
350 4818 506 4889 ὑμῶν
538 4819 654 4889 εἰμι
682 4819 863 4884 πάσας
882 4819 981 4885 τὰς
1027 4821 1263 4893 ἡμέρας,
1295 4822 1400 4887 ἕως
1450 4821 1552 4893 τῆς
1598 4839 1785 4875 συντε-

207 4908 464 4973 λείαςτοῦ
485 4910 703 4973 αἰῶνος.
740 4930 757 4960 ι
792 4910 1041 4976 Πλείονος
1069 4912 1128 4967 δὲ
1180 4913 1479 4981 σαφηνείας
1517 4913 1787 4983 δεομένων

1896 4559 2013 4609 stos
2067 4566 2218 4605 meos
2248 4549 2348 4603 ⁷⁸.»
2412 4546 2511 4602 His
2548 4546 2695 4601 enim
2738 4560 2769 4599 a
2811 4542 3095 4607 Salvatore
3139 4543 3345 4597 dictum
3380 4553 3466 4597 est

1895 4643 1953 4695 in
2008 4638 2337 4710 Evangelio:
2377 4656 2395 4688 ι
2420 4635 2561 4693 Ecce
2607 4651 2709 4706 ego
2753 4632 3039 4689 vobiscum
3089 4646 3213 4688 sum
3255 4632 3472 4688 cunctis

1895 4733 2096 4789 diebus
2144 4746 2320 4802 usque
2354 4731 2411 4785 in
2439 4727 2973 4784 consummationem
3003 4726 3273 4782 saeculi".
3305 4745 3324 4777 ι
3376 4724 3474 4780 His

1895 4838 2025 4879 vero
2055 4823 2194 4879 locis
2238 4838 2365 4879 cum
2396 4821 2663 4891 ampliore
2705 4834 2845 4889 opus
2874 4826 3021 4874 esset
3066 4817 3472 4890 explanatione,

1897 4915 2017 4969 haec
2045 4925 2227 4970 tamen
2263 4929 2430 4984 quam
2452 4910 2779 4968 brevissime
2821 4909 2968 4964 dicta
3003 4907 3294 4965 sufficient.

206 5001 313 5055 τῶν
336 5000 540 5066 τόπων,
569 5000 777 5065 τούτοις
806 5000 880 5065 ὡς
912 4995 1022 5079 οἶόν
1060 5020 1121 5055 τε
1171 4999 1240 5075 ἦν
1267 5002 1358 5057 διὰ
1410 5003 1658 5076 βραχέων
1708 5006 2020 5079 εἰρημένοις
2049 5003 2520 5079 ἀρκεσθησόμεθα.

746 5118 1142 5173 ΚΕΦΑΛΑΙΟΝ
1172 5122 1254 5175 Κ’.

2475 5114 2707 5172 CAPUT
2753 5112 2871 5170 xx.
2956 5074 2959 5075 ί

210 5205 630 5298 Βιτσίλειιῖ>νβ¹ἐ
647 5207 959 5298 ᾐᾯέύριρς
1092 5212 1296 5298 [γάθαν
1321 5212 1400 5278 τῷ
1428 5213 1608 5270 Δαυὶδ
1631 5215 1783 5284 μετὰ

1904 5211 1938 5267 Ε
1963 5213 2191 5269 secundo
2222 5211 2419 5283 Regum
2448 5209 2604 5263 libro.
2656 5205 2916 5260 Dommus
2962 5222 3054 5274 per
3097 5203 3320 5262 Nathan
3357 5206 3471 5261 Da-

586 5279 788 5333 πολλὰ
814 5280 912 5335 καὶ
950 5282 1137 5335 ταῦτά
1167 5297 1389 5352 φησιν’

279 5475 300 5509 ι
333 5453 445 5509 Καὶ
482 5453 636 5509 ἔσται
692 5456 788 5511 ἐάν
827 5458 1187 5533 πληρωθῶσιν
1221 5465 1276 5519 αἱ
1307 5464 1511 5536 ἡμέραι
1542 5481 1657 5530 σου,
1693 5464 1785 5518 καὶ

273 5615 322 5689 ‘_‘
348 5613 507 5689 _Psal.
542 5630 826 5685 uxxvm,
860 5619 954 5674 25.
1030 5620 1075 5651 ⁸⁷
1115 5617 1136 5672 1
1174 5617 1307 5689 Reg.

207 5685 248 5716 '"
292 5685 310 5739 l
346 5683 493 5741 Petr.
530 5701 598 5751 ιι,
642 5689 695 5745 5.

216 5771 388 5811 nvni
412 5795 426 5824 ,
461 5755 552 5812 20.

1381 5636 1456 5683 11,
1514 5618 1604 5676 27.
1683 5620 1727 5651 ⁸⁸
1766 5618 1898 5673 ibid.
1942 5620 2041 5681 55,
2100 5616 2187 5673 56.

813 5692 858 5723 ⁷²
898 5688 1062 5746 Marc.
1112 5706 1220 5758 xu,
1256 5688 1343 5746 42.
1422 5693 1470 5724 ⁷³
1509 5690 1528 5743 l
1564 5689 1690 5746 Cor.
1725 5706 1779 5756 ι,
1814 5690 1903 5744 27.

2169 5304 2279 5360 vidi
2315 5313 2431 5370 post
2463 5302 2631 5356 multa
2659 5299 2770 5355 hac
2803 5314 3006 5369 quoque
3033 5296 3194 5353 dicit:

1968 5483 1987 5516 ι
2018 5463 2269 5534 Cumque
2313 5459 2565 5533 completi
2601 5456 2804 5514 fuerint
2835 5453 2955 5510 dies
3005 5456 3105 5522 tui,
3137 5465 3192 5512 et
3224 5459 3467 5514 dormie-

2299 5616 2344 5648 ⁶⁹
2384 5614 2542 5674 Hebr.
2608 5618 2827 5687 mf“.
2937 5619 2985 5650 ⁷ο
3022 5614 3222 5687 Philip.
3280 5631 3356 5687 it.
3407 5615 3466 5687 8,.

2007 5690 2053 5721 ⁷³⁵
2094 5687 2111 5742 Ι
2146 5686 2278 5759 Reg.
2316 5702 2387 5753 il,
2422 5687 2509 5744 35.
2613 5687 2662 5719 ⁷⁸
2702 5686 2846 5744 Psal.
2885 5704 2992 5756 CIV,
3028 5688 3112 5744 l5.
3172 5683 3235 5722 ’³⁵
3273 5683 3467 5741 Matth.
