3826 6216
431 298 572 357 10⁸79

1138 302 1405 361 EUSEBII
1442 307 1923 367 CESAIUENSIS
1961 312 2110 369 OPP.
2151 312 2333 371 PARS
2365 317 2537 373 lll.—
2578 317 3005 373 EXEGE'I‘ICA.§

3520 321 3653 377 10θο

426 412 510 470 ris
542 429 666 470 cum
703 415 952 488 patribus
985 418 1117 481 tuis,
1161 418 1441 473 suscitabo
1472 435 1658 476 semen
1688 430 1842 478 tuum
1872 439 1962 494 pos

2097 427 2404 499 κοιμηθήσῃ
2436 427 2574 498 μετὰ
2595 429 2702 484 τῶν
2723 430 2973 501 πατέρων
3002 447 3115 494 σου,
3149 446 3243 483 και
3278 431 3566 499 ἀναστήσω
3590 436 3650 488 τὸ

426 514 499 568 te.
532 506 681 578 quod
729 508 1038 578 egredietur
1064 509 1133 565 de
1164 520 1321 565 utero
1362 518 1479 575 tuo,
1519 521 1573 567 et
1626 513 1856 569 ﬁrmabo
1906 531 1962 573 re

2093 520 2312 589 σπέρμα
2345 537 2436 573 σου
2473 520 2609 591 μετὰ
2655 521 2744 587 σὲ,
2778 522 2838 585 ὃς
2884 521 3034 575 ἔσται
3070 526 3134 575 ὲκ
3158 524 3255 593 τῆς
3298 524 3503 588 κοιλίας
3535 543 3648 592 σου,

425 612 591 669 gnum
645 598 787 667 ejus.
843 597 962 669 Ipse
997 600 1287 656 mdiﬁcahit
1315 602 1535 657 domum
1580 606 1791 661 nomini
1845 621 1990 672 meo,

422 698 478 745 et
508 690 779 746 stabiliam
823 692 1077 747 thronum
1120 696 1268 763 regni
1302 695 1423 764 ejus
1458 712 1632 767 usque
1683 698 1737 752 in
1789 700 1991 768 sempio

421 785 659 835 ternum.
718 779 832 851 Ego
875 798 971 837 ero
1010 784 1059 837 ei
1094 783 1149 837 in
1179 792 1410 854 patrem,
1474 797 1530 842 et
1560 789 1677 858 ipse
1708 788 1813 843 erit
1856 789 1990 845 mihi

431 864 490 922 in
531 867 723 924 ﬁlium.
784 870 887 937 Qui
921 872 967 926 si
1019 873 1205 943 inique
1238 874 1443 943 aliquid
1473 878 1726 946 gesserit,
1760 891 1989 947 arguam

422 970 547 1011 eum
580 958 632 1011 in
669 959 821 1029 virga
855 960 1119 1025 virorum,
1149 970 1204 1015 et
1227 961 1278 1014 in
1327 963 1501 1032 plagis
1542 964 1775 1020 ﬁliorum
1810 967 1987 1021 homi-

418 1064 568 1102 num.
626 1048 1052 1105 Misericordiam
1099 1062 1280 1107 autem
1341 1070 1516 1110 meam
1579 1072 1687 1113 non
1741 1057 1988 1115 auferam

416 1138 486 1193 ab
526 1140 627 1202 eis,
655 1141 797 1196 sicut
840 1143 1036 1197 abstuli
1074 1159 1104 1197 a
1133 1145 1288 1210 Saul,
1348 1162 1507 1216 quem
1554 1148 1732 1203 amovi
1776 1163 1807 1202 a
1844 1148 1983 1205 facie

414 1244 554 1285 mea.
589 1228 675 1284 .Et
716 1232 893 1289 ﬁdelis
936 1235 1042 1290 erit
1071 1236 1265 1293 domus
1299 1253 1418 1301 sua,
1450 1247 1503 1291 et
1538 1255 1765 1309 regnum
1818 1256 1978 1296 suum

412 1335 591 1390 usque
618 1319 673 1374 in
700 1329 962 1379 εἰει-ηοω
1004 1333 1128 1380 ante
1156 1326 1348 1382 faciem
1398 1344 1591 1384 meam.
1650 1328 1714 1382 Et
1752 1330 1982 1388 thronus

410 1427 545 1469 suus
576 1413 681 1474 erit
712 1414 902 1470 ﬁrmus
927 1416 1251 1488 jugiter’h
1309 1419 1406 1475 llis
1436 1420 1549 1476 fere
1588 1422 1789 1481 similia
1838 1434 1893 1480 et
1925 1426 1981 1480 in

408 1505 749 1576 octogesimo
781 1513 980 1562 octavo
1029 1509 1290 1565 dicuntur
1320 1512 1552 1581 psalmo.
1610 1512 1767 1579 Quod
1800 1516 1845 1571 si
1879 1511 1981 1570 Ju-

407 1593 540 1650 daeis
587 1596 905 1668 ambiguum
937 1600 1156 1654 videtur
1187 1602 1242 1655 in
1272 1602 1357 1657 bis
1385 1604 1543 1671 locis,
1588 1608 1713 1677 quis
1754 1607 1858 1665 sibi
1894 1608 1978 1663 in-

409 1687 737 1758 telligendus
785 1690 879 1758 sit,
916 1690 1131 1749 Deusne
1184 1709 1253 1750 an
1278 1693 1468 1762 David,
1494 1698 1576 1752 vel
1602 1699 1723 1767 ejus
1756 1714 1976 1755 succes-

2092 611 2187 664 καὶ
2215 612 2486 681 ἑτοιμάσω
2512 612 2609 682 τὴν
2628 612 2904 682 βασιλείαν
2922 612 3108 667 αὐτοῦ.
3131 614 3299 678 Αὐτὸς
3316 615 3653 688 οἰκοδομήσει

2093 718 2182 771 μοι
2210 698 2354 755 οἷκον
2377 701 2455 772 τῷ
2474 698 2699 774 δνόματί
2740 721 2864 773 μου,
2899 705 2993 759 καὶ
3016 704 3307 777 ἀνορθώσω
3335 706 3426 759 τὸν
3468 707 3653 780 θρόνον

2089 791 2253 845 αὐτοῦ
2279 793 2382 855 ἕως
2413 795 2492 856 εἰς
2520 793 2610 847 τὸν
2642 794 2836 849 αἰῶνα.
2881 794 3020 863 Ἐγὼ
3042 796 3235 866 ἔσομαι
3266 797 3414 867 αύτῷ
3437 800 3517 863 εἰς
3550 816 3653 854 πα-

2088 881 2241 952 τέρα,
2272 884 2364 935 καὶ
2390 884 2552 948 αὐτὸς
2581 883 2731 939 ἔσται
2772 902 2862 956 μοι
2883 887 2961 949 εἰς
2999 886 3133 938 υἱόν.
3164 885 3274 939 Καὶ
3298 886 3363 940 ἂν
3539 890 3653 942 ἀδι-

2088 972 2181 1025 κία
2208 972 2395 1038 αὐτοῦ,
2422 975 2512 1027 καὶ
2549 974 2753 1045 ἐλέγξω
2784 976 2945 1031 αὑτὸν
2975 978 3031 1029 έν
3061 977 3240 1048 ῥάϐδῳ
3276 978 3519 1050 ἀνδρῶν,
3558 982 3651 1034 καὶ

2090 1064 2148 1115 ὲν
2183 1064 2345 1131 ἁφαῖς
2379 1064 2507 1117 υίῶν
2557 1064 2895 1137 ἀνθρώπων*
2956 1065 3016 1120 τὸ
3063 1067 3120 1120 δὲ
3165 1067 3311 1130 ἔλεός
3358 1086 3460 1140 μου
3484 1071 3548 1123 ού
3577 1070 3653 1142 μὴ

2086 1151 2378 1221 ἀποστήσω
2411 1154 2505 1206 ἀπ’
2532 1154 2731 1219 αὐτῶν,
2780 1154 2961 1218 καθὼς
3000 1157 3282 1227 ἀπέστησα
3317 1160 3412 1228 ἀφ’
3436 1152 3512 1211 ὧν
3550 1162 3654 1212 ἀπ-

2084 1242 2287 1315 έστησα
2312 1246 2376 1298 ἐκ
2401 1244 2689 1317 προσώπου
2720 1264 2840 1319 μου.
2882 1250 2990 1302 Καὶ
3023 1248 3422 1319 πιστωθήσεται
3452 1253 3482 1304 ὁ
3507 1246 3653 1316 οἶκος

2083 1333 2269 1398 αύτοῦ,
2300 1337 2443 1407 καίή
2471 1337 2716 1407 βασιλεία
2743 1338 2906 1393 αὑτοῦ
2926 1340 3029 1404 ἓως
3055 1339 3249 1403 αἰῶνος
3271 1340 3503 1395 ἐνώπιόν
3527 1361 3649 1410 μου·

2083 1425 2176 1477 καὶ
2202 1426 2230 1477 ὁ
2257 1425 2441 1497 θρόνος
2473 1430 2636 1483 αὐτοῦ
2661 1430 2810 1483 ἔσται
2843 1430 3230 1502 ἀνωρθωμένος
3280 1434 3362 1494 εἰς
3404 1432 3499 1485 τὸν
3522 1434 3654 1487 αἰῶ-

2081 1531 2166 1569 να.
2219 1535 2237 1567 »
2272 1517 2491 1580 Τούτοις
2550 1518 2620 1572 τὰ
2668 1519 3020 1592 παραπλήσια
3069 1522 3160 1574 καὶ
3200 1522 3259 1574 έν
3309 1522 3653 1595 ὀγδοηκοστῷ

2078 1607 2247 1678 ὀγδόῳ
2277 1609 2488 1679 εἴρηται
2514 1609 2712 1684 ψαλμῷ
2736 1628 2749 1641 ο
2773 1606 2841 1681 ἦν
2869 1611 2912 1663 δ’
2947 1611 3013 1665 ἂν
3052 1612 3324 1677 Ἰουδαίοις
3342 1614 3493 1679 ἄξιον
3516 1617 3650 1668 ἁπο-

2082 1697 2242 1769 ρῆσαι
2264 1700 2404 1751 κατὰ
2425 1701 2550 1763 τοὺς
2575 1700 2791 1765 τόπους,
2819 1700 2905 1755 διὰ
2930 1701 3050 1756 τίνα
3093 1699 3201 1775 ἆρα
3225 1705 3404 1757 αἰτίαν
3448 1707 3650 1775 φήσου-

405 1791 499 1831 sor
523 1775 818 1850 Salomon;
847 1783 912 1837 ad
944 1782 1136 1849 Deum,
1170 1794 1228 1840 ut
1255 1787 1548 1843 verisimile
1587 1797 1694 1855 est,
1729 1788 1962 1846 fatebun

2079 1804 2163 1841 σιν
2188 1788 2278 1841 τὸν
2309 1790 2460 1854 Θεὸν,
2492 1791 2609 1862 ᾕτοι
2646 1792 2736 1845 τὸν
2770 1792 2949 1857 Δαυὶδ,
2992 1793 3025 1864 ῆ
3066 1793 3157 1846 τὸν
3198 1792 3257 1861 ἐξ
3297 1794 3465 1847 αὐτοῦ
3500 1795 3651 1865 βασι-

403 1876 494 1924 tur
524 1871 797 1939 pertinere
838 1875 1179 1945 prophetiam
1223 1892 1331 1948 qua
1377 1878 1521 1934 ﬁlius
1573 1883 1972 1951 primogenitus

403 1964 734 2023 statuendus
771 1966 1131 2035 promittitur,
1161 1967 1247 2026 his
1285 1970 1498 2029 verbis:
1540 1990 1558 2021 ι
1592 1970 1711 2042 Ipse
1741 1974 1969 2030 invoca-

402 2052 481 2107 bit
512 2068 631 2110 me:
662 2053 821 2113 Pater
862 2072 1016 2113 meus
1045 2075 1105 2115 es
1131 2067 1217 2116 tu:
1279 2059 1419 2118 Deus
1469 2079 1622 2119 meus
1684 2073 1737 2121 et
1775 2083 1970 2123 susce-

401 2146 526 2208 ptor
557 2142 752 2198 salutis
801 2159 955 2199 meae.
1014 2145 1080 2201 Et
1125 2162 1227 2219 ego
1277 2149 1699 2221 primogenitum
1766 2172 1969 2226 ponam

400 2227 553 2283 illim
601 2231 876 2287 excelsum
924 2249 1035 2306 pra:
1067 2239 1288 2308 regibus
1331 2250 1489 2297 terrae
1505 2243 1587 2310 τθς
1622 2264 1641 2296 ι
1687 2254 1742 2301 et
1773 2248 1827 2303 in
1878 2265 1967 2317 eo,

398 2319 488 2373 cui
538 2335 684 2376 nunc
728 2338 951 2394 operam
981 2325 1198 2394 damus,
1255 2331 1414 2389 loco:
1479 2334 1631 2392 «Ero
1679 2338 1727 2394 ei
1788 2339 1844 2396 in
1872 2357 1969 2412 pa-

401 2415 562 2472 trem,
595 2419 649 2465 et
675 2411 790 2482 ipse
822 2414 927 2469 erit
960 2416 1093 2471 mihi
1145 2420 1199 2474 in
1249 2420 1474 2478 ﬁlium.»
1533 2425 1787 2484 Attamen
1829 2411 1967 2488 nihil

397 2500 617 2557 differre
647 2518 680 2558 a
706 2507 918 2562 caeteris
943 2509 1221 2579 prophetis
1260 2513 1405 2569 dicet
1451 2516 1650 2587 aliquis
1688 2518 1964 2589 Davidem,

398 2592 490 2661 qui
521 2594 737 2663 culpam
767 2594 835 2651 de
867 2595 1012 2654 Uria:
1039 2602 1265 2659 muliere
1307 2606 1692 2675 conﬁtebatur,
1732 2612 1961 2672 dicens:

401 2697 421 2731 ι
452 2678 569 2735 Tibi
604 2682 704 2737 soli
739 2686 981 2754 peccavi,
1018 2696 1072 2744 et
1120 2693 1322 2748 malum
1368 2711 1551 2752 coram
1605 2708 1657 2755 te
1711 2699 1814 2758 feci
1832 2704 1914 2773 ";
1941 2724 1960 2759 ι

395 2770 479 2826 vel
511 2768 882 2843 Salomonem,
934 2793 1095 2850 quem
1141 2796 1172 2835 a
1210 2782 1318 2839 Deo
1348 2790 1644 2847 recessisse
1690 2800 1747 2847 et
1802 2768 1965 2851 idolis

398 2872 618 2933 propter
646 2862 973 2923 feminarum
1007 2875 1508 2943 concupiscentiam
1542 2883 1802 2940 serviisse
1838 2885 1967 2940 sim-

394 2952 513 3021 plex
571 2954 731 3011 docet
790 2955 1089 3030 Scriptura:
1147 2963 1396 3020 historia.
1458 2967 1742 3037 Quomodo
1777 2981 1965 3030 autem

394 3042 614 3102 Davidis
667 3056 763 3104 aut
800 3048 1107 3107 Salomonis
1158 3072 1176 3106 ι
1203 3070 1429 3126 regnum
1475 3077 1651 3133 usque
1707 3066 1760 3119 in
1794 3075 1961 3122 aeter-

393 3152 568 3192 num»
630 3142 797 3197 stabit
857 3152 1028 3199 «ante
1090 3144 1331 3203 faciem»
1399 3149 1524 3221 Dei,
1567 3163 1623 3210 et
1687 3157 1958 3216 «thronus

392 3225 496 3279 erit
533 3224 721 3283 ﬁrmus
783 3229 1043 3302 jugiter,»
1105 3242 1164 3289 ut
1217 3238 1463 3307 subjecta
1521 3244 1597 3297 ait
1650 3249 1959 3317 pr0phetia,

392 3331 609 3375 necnon
681 3323 879 3391 psalmi
948 3326 1063 3380 haec
1120 3328 1226 3383 alia
1282 3329 1394 3389 fere
1445 3333 1679 3393 similis:
1731 3339 1962 3399 «Juravi

391 3404 563 3464 David
627 3426 784 3467 servo
834 3429 984 3470 meo:
1013 3417 1201 3488 Usque
1244 3420 1299 3477 in
1342 3430 1603 3479 aeternum
1635 3432 1960 3503 praeparabo

391 3516 575 3558 semen
607 3511 784 3570 tuum,
830 3513 884 3561 et
914 3509 1195 3567 aediﬁcabo
1239 3514 1293 3568 in
1322 3519 1730 3585 generationem
1776 3534 1831 3580 et
1857 3541 1953 3596 ge-

391 3596 727 3651 nerationem
756 3596 938 3654 sedem
973 3608 1126 3656 tuam
1143 3601 1212 3668 ⁶⁶,
1241 3623 1259 3654 ι
1312 3612 1369 3660 et
1414 3609 1576 3677 paulo
1611 3620 1730 3680 post
1764 3612 1954 3670 addit:

392 3705 412 3738 ι
436 3685 614 3744 Semel
639 3688 822 3759 juravi
863 3691 921 3745 in
967 3702 1162 3750 sancto
1199 3711 1341 3760 meo,
1390 3699 1437 3753 si
1493 3699 1663 3757 David
1694 3706 1952 3760 mentiar.

388 3777 585 3834 Semen
631 3781 752 3852 ejus
786 3783 841 3837 in
871 3791 1142 3841 aeternum
1194 3790 1459 3855 manebit,
1492 3802 1546 3847 et
1575 3794 1806 3853 thronus
1836 3797 1956 3867 ejus

385 3872 529 3925 sicut
564 3872 646 3926 sol
702 3874 757 3927 in
789 3885 1091 3947 conspectu
1148 3894 1271 3935 meo
1290 3881 1392 3937 ⁸¹.›
1445 3882 1512 3938 Ει
1557 3901 1793 3944 rursus:
1846 3888 1957 3945 «Et

384 3976 584 4031 ponam
617 3964 674 4019 in
706 3968 965 4022 saeculum
1002 3972 1186 4027 saeculi
1219 3989 1404 4030 semen
1440 3976 1577 4044 ejus.
1611 3989 1665 4035 et
1693 3982 1953 4038 thronum

380 4053 503 4123 ejus
556 4055 700 4110 sicut
728 4058 846 4114 dies
878 4062 1129 4133 cceli".i_
1172 4062 1306 4120 Fere
1366 4066 1567 4123 similia
1600 4070 1852 4130 invenias
1892 4074 1954 4129 in

380 4141 634 4209 Ieremia,
674 4147 765 4202 ubi
798 4148 1020 4216 dicitur,
1069 4172 1089 4204 ι
1122 4153 1263 4220 Quia
1304 4156 1419 4211 haec
1468 4158 1608 4213 dicit
1639 4158 1904 4217 Dominus
1933 4182 1946 4218 :

381 4235 501 4290 Non
551 4235 796 4294 interibit
826 4239 894 4297 de
950 4241 1119 4300 David
1154 4248 1239 4302 vir
1266 4250 1359 4319 qui
1385 4250 1571 4308 sedeat
1603 4270 1770 4325 super
1801 4255 1952 4311 thro-

378 4341 507 4382 num
536 4327 733 4386 domus
765 4330 947 4389 lsrael.
979 4334 1045 4390 Et
1073 4338 1141 4393 de
1165 4330 1541 4399 sacerdotibus
1567 4354 1619 4399 et
1652 4344 1720 4402 de
1741 4345 1951 4405 Levitis

2075 1880 2338 1935 λεύσαντα
2367 1882 2674 1952 Σολομιῖδνω
2711 1884 2838 1957 περὶ
2868 1878 2950 1948 οὗ,
2983 1886 3058 1949 ὡς
3086 1885 3250 1952 εἰκὸς,
3279 1887 3647 1958 ὑπολήψνται

2073 1965 2250 2036 λέγειν
2270 1967 2364 2038 τὴν
2394 1970 2724 2040 προφητείαν
2754 1972 2865 2024 υἰδν
2894 1972 3231 2042 πρωτότοκον
3256 1974 3443 2045 θήσειν
3478 1979 3647 2044 ἐπαγ-

2072 2058 2377 2127 γέλλεσθαι,
2411 2061 2468 2112 ἐν
2508 2060 2606 2132 μὲν
2628 2060 2704 2131 τῷ
2731 2060 2929 2131 ψαλμῷ
2967 2064 3242 2133 εἰρηκότα,
3274 2083 3291 2114 ι
3326 2067 3504 2129 Αὐτὸς
3530 2070 3648 2119 ἐπι-ι

2073 2151 2356 2206 καλέσεταί
2389 2170 2477 2223 με,
2514 2153 2700 2227 Πατήρ
2729 2171 2830 2225 μου
2854 2151 2905 2207 εἴ
2929 2156 3013 2218 σὺ,
3047 2155 3182 2219 Θεός
3227 2174 3328 2227 μου
3368 2160 3463 2211 καὶ
3495 2161 3639 2211 ἀντι-

2069 2243 2293 2316 λήπτωρ
2319 2245 2419 2315 τῆς
2445 2245 2715 2318 σωτηρίας
2746 2262 2868 2316 μου.
2908 2244 3078 2314 Κάγὼ
3113 2247 3450 2319 πρωτότοκον
3486 2249 3648 2321 θήσο-

2072 2352 2170 2405 μαι
2202 2335 2385 2397 αὐτὸν,
2404 2335 2602 2406 ὑψηλὸν
2641 2336 2789 2407 παρὰ
2809 2339 2919 2399 τοῖς
2949 2335 3224 2406 βασιλεῦσι
3247 2339 3347 2408 τῆς
3378 2340 3503 2409 γῆς·
3533 2361 3552 2392 ι
3588 2342 3647 2394 έν

2066 2426 2124 2479 δὲ
2158 2426 2234 2499 τῷ
2262 2427 2398 2497 μετὰ
2425 2430 2609 2499 χεῖρας
2642 2427 2938 2500 κεφαλαίῳ,
2962 2450 2980 2481 ι
3003 2428 3141 2498 Ἐγὼ
3166 2431 3357 2502 ἔσομαι
3385 2432 3535 2505 αύτῷ
3566 2435 3646 2499 εἰς

2067 2518 2300 2590 πατέρα,
2328 2520 2421 2573 κα)⁴
2440 2520 2602 2583 αὐτὸς
2634 2519 2784 2573 ἔσται
2809 2538 2898 2591 μοι
2928 2522 3005 2586 εἰς
3028 2523 3158 2577 υἱόν.
3190 2543 3208 2576 ι
3237 2524 3347 2579 Kal.
3374 2526 3483 2595 μὴν
3514 2525 3637 2577 κατ’

2066 2610 2219 2665 οὐδὲν
2247 2611 2609 2683 διενηνοχέναι
2631 2613 2738 2667 τῶν
2764 2614 2965 2667 λοιπῶν
2995 2614 3285 2687 προφητῶν
3322 2617 3514 2686 φήσειέ
3557 2634 3641 2681 τις

2066 2702 2156 2754 τὸν
2181 2702 2363 2768 Δαυὶδ,
2399 2704 2456 2767 ὃς
2485 2704 2580 2757 καὶ
2609 2703 3041 2776 ἐξομολογεῖσθαι
3071 2706 3159 2759 διὰ
3183 2707 3280 2778 τὴν
3308 2706 3404 2759 τοῦ
3437 2708 3638 2778 υύρίου

2066 2792 2237 2846 ἐδεῖτο
2276 2793 2447 2863 λέγων
2470 2835 2485 2859 ,
2527 2815 2546 2847 ι
2584 2797 2672 2851 Σοὶ
2703 2797 2847 2868 μόνῳ
2873 2798 3118 2870 ἥμαρτον
3162 2797 3257 2850 καὶ
3297 2798 3360 2850 τὸ
3401 2798 3639 2868 πονηρὸν

2065 2884 2297 2939 ἐνώπιόν
2324 2903 2416 2940 σου
2442 2888 2671 2959 ἐποίησα
2690 2906 2703 2919 '
2741 2909 2759 2941 ι
2790 2890 2821 2961 ἢ
2846 2890 2936 2944 τὸν
2967 2889 3272 2961 ὣλομῶνα,
3305 2890 3365 2942 δν
3407 2891 3505 2943 καὶ
3546 2893 3639 2943 ἐκ·

2066 2970 2240 3025 κλῖναι
2262 2972 2372 3025 ἀπὸ
2392 2973 2487 3027 τοῦ
2515 2974 2649 3028 Θεοῦ
2667 2977 2756 3030 καὶ
2781 2968 3016 3044 εἰδώλοις
3045 2978 3134 3032 διὰ
3153 2977 3423 3048 γυναικῶν
3451 2980 3640 3033 ἐπιθυ-

2068 3062 2198 3133 μίας
2238 3066 2718 3137 προσκεκινηκέναι
2756 3070 2788 3140 ἡ
2822 3068 2951 3141 ψιλὴ
2986 3070 3225 3124 διδάσκει
3275 3070 3373 3141 τῆς
3413 3071 3638 3143 Γραφῆς

2073 3152 2309 3224 ἰστορία·
2341 3153 2456 3218 πῶς
2490 3155 2546 3209 δὲ
2577 3156 2668 3209 τοῦ
2698 3159 2863 3211 Δαυὶδ
2899 3159 3046 3231 ῆτοῦ
3069 3160 3377 3232 Σολομῶνος
3408 3162 3442 3231 ἡ
3483 3161 3638 3231 βασις

2064 3240 2183 3296 λεία
2208 3244 2311 3308 ἓως
2335 3244 2528 3310 αἰῶνος
2554 3264 2573 3296 ι
2613 3246 2841 3302 ἐνώπιον
2864 3250 2991 3321 ἔστη
3027 3249 3120 3303 τοῦ
3152 3249 3307 3313 Θεοῦ,
3339 3252 3431 3302 καὶ
3457 3251 3486 3303 ὁ
3507 3250 3637 3322 θρό-

2063 3349 2152 3397 νος
2185 3334 2577 3407 ὰνωρθωμένος
2613 3340 2691 3404 εἰς
2721 3341 2810 3393 τὸν
2842 3341 3030 3408 αἰῶνα,
3062 3362 3080 3395 ι
3114 3342 3254 3396 κατὰ
3274 3342 3372 3413 τὴν
3394 3344 3634 3412 φάσκου-

2063 3441 2163 3479 σαν
2189 3424 2266 3497 (f.
2302 3426 2368 3480 15
2393 3443 2448 3479 νο
2466 3429 2485 3499 )
2506 3430 2738 3486 ἐνταῦθα
2764 3434 3114 3505 προφητείαν,
3143 3434 3235 3488 καὶ
3273 3434 3414 3487 κατά
3433 3435 3531 3506 τὴν
3574 3438 3634 3488 ὲν

2059 3511 2137 3584 τῷ
2164 3513 2363 3587 ψαλμῷ
2384 3509 2486 3570 ὧδέ
2513 3536 2628 3583 πως
2664 3524 3038 3595 περιέχουσαν,
3078 3542 3096 3574 ι
3130 3524 3340 3594 Ὠμοσα
3368 3524 3533 3577 aaut?)
3552 3525 3629 3597 τῷ

2059 3604 2230 3677 δούλῳ
2253 3624 2375 3677 μου.
2403 3608 2548 3673 Ἕως
2563 3610 2656 3663 τοῦ
2679 3612 2870 3676 αἰῶνος
2892 3614 3163 3684 ἑτοιμάσω
3184 3616 3243 3668 τὺ
3267 3614 3491 3686 σπέρμα
3513 3632 3629 3677 σου,

2058 3697 2152 3749 καὶ
2167 3696 2417 3771 οἰκοδομή
2427 3716 2502 3751 σω
2517 3702 2595 3764 εἰς
2614 3701 2805 3770 γενεὰν
2825 3704 2917 3755 καὶ
2935 3703 3125 3771 γενεὰν
3150 3704 3240 3756 τὸν
3263 3703 3454 3775 θρόνον
3478 3721 3593 3757 σοιν
3606 3725 3623 3755 ι

2058 3787 2153 3839 καὶ
2188 3787 2304 3858 μεθ’
2326 3789 2489 3862 ἕτερα
2511 3790 2843 3860 φάσκουσαν,
2863 3792 3073 3858 ι”Απαξ
3096 3792 3284 3864 ὤμοσα
3307 3796 3365 3846 ὲν
3385 3794 3464 3865 τῷ
3492 3796 3629 3865 ἁγίῳ

2063 3893 2187 3949 μου,
2222 3881 2271 3932 εἰ
2297 3881 2374 3953 τῷ
2396 3882 2558 3936 Δαυὶδ
2580 3882 2869 3955 ψεύσομαι.
2890 3884 2963 3937 Τὸ
2987 3885 3205 3958 σπέρμα
3232 3885 3397 3939 αὐτοῦ
3431 3890 3513 3950 εἰς
3541 3888 3631 3939 τὸν

2057 3968 2229 4024 αἰῶνα
2259 3976 2426 4042 μενεῖ,
2463 3975 2556 4027 καὶ
2579 3975 2607 4025 ὁ
2630 3973 2816 4046 θρόνος
2842 3975 3004 4029 αὑτοῦ
3034 3975 3108 4040 ὡς
3133 3978 3161 4029 ὁ
3193 3977 3344 4048 ἣλιος
3388 3977 3631 4031 ἐναντίον

2059 4079 2181 4132 μου.
2225 4082 2244 4115 ι
2276 4064 2386 4117 Καὶ
2411 4064 2606 4118 πάλιν·
2640 4084 2658 4117 ι
2697 4066 2806 4120 Kal.
2835 4066 3070 4138 θήσομαι
3094 4069 3172 4131 εἰς
3203 4068 3291 4120 τὸν
3329 4068 3505 4121 αἰῶνα
3535 4068 3628 4121 τοῦ

2053 4154 2249 4221 αἰῶνος
2270 4156 2329 4210 τὸ
2356 4158 2576 4230 σπέρμα
2599 4157 2785 4222 αὑτοῦ,
2814 4160 3012 4213 καὶτὸν
3035 4159 3222 4232 θρόνον
3246 4162 3408 4214 αὑτοῦ
3433 4162 3513 4226 ὡς
3533 4164 3628 4226 τὰς

2054 4247 2266 4320 ἡμέρας
2296 4248 2389 4303 τοῦ
2415 4249 2663 4320 ούρανοῦ.
2701 4269 2719 4302 ι
2755 4251 2834 4305 Τὰ
2876 4252 3226 4324 παραπλήσια
3256 4251 3299 4305 δ’
3328 4251 3393 4305 ἂν
3447 4252 3628 4324 εὕροις

2054 4332 2147 4386 καὶ
2170 4335 2229 4388 ὲν
2255 4334 2332 4406 τῷ
2373 4337 2629 4409 Ἱερεμίᾳ,
2665 4337 2792 4392 ἔνθα
2818 4339 3070 4411 εἴρηται,
3114 4359 3133 4392 ι
3172 4341 3292 4394 Ὀτι
3324 4341 3456 4395 τάδε
3482 4342 3627 4411 λέγει

380 4432 487 4472 non
515 4418 760 4476 interibit
796 4424 881 4477 vir
910 4439 942 4479 a
972 4425 1111 4482 facie
1152 4445 1292 4496 mea,
1325 4432 1417 4503 qui
1456 4433 1647 4490 oﬁ‘erat
1681 4436 1947 4494 holocau-

2066 4425 2260 4499 Κύριος
2283 4443 2297 4457 ο
2332 4428 2444 4481 Οὐκ
2464 4428 2968 4503 ὲξολοθρευθήσεται
2987 4430 3064 4503 τῷ
3094 4431 3257 4485 Δαυὶδ
3287 4432 3427 4502 ἀνὴρ
3468 4434 3631 4506 καθή-

377 4515 603 4576 tomata,
636 4518 690 4566 et
717 4512 974 4569 incendat
1006 4519 1357 4585 sacriﬁcium,
1395 4530 1450 4578 et
1480 4525 1653 4579 caadat
1686 4526 1942 4586 victimas

377 4600 633 4656 omnibus
685 4602 992 4661 diebus‘h
1071 4607 1202 4677 Quae
1260 4612 1307 4666 si
1354 4612 1480 4681 quis
1532 4613 1778 4669 conferat
1818 4632 1944 4671 cum

375 4703 643 4759 praesente
670 4692 981 4752 Iudaeorum
1028 4700 1208 4765 ruina,
1243 4717 1542 4775 eorumque
1591 4705 1836 4765 historiis
1877 4709 1946 4765 ab

377 4780 607 4838 Ezechia
634 4794 688 4841 et
716 4785 981 4843 Jechonia
1022 4792 1269 4860 regibus,
1299 4810 1531 4864 quorum
1567 4797 1671 4852 sub
1712 4799 1943 4869 imperio

378 4872 555 4930 deleta
585 4886 669 4932 est
694 4874 1006 4951 Judmorum
1048 4883 1219 4953 regia,
1264 4884 1331 4940 de
1368 4883 1569 4942 Davide
1601 4896 1745 4956 orta,
1782 4899 1941 4961 pote-

372 4975 508 5031 stas,
529 4968 582 5022 in
607 4968 933 5041 Babylonem
964 4974 1295 5043 captivitatis
1321 4988 1583 5049 tempore,
1606 4996 1671 5035 ex
1697 4998 1807 5052 quo
1831 4998 1940 5039 non

365 5058 481 5129 jam
508 5059 916 5129 imperaverunt
956 5070 1049 5117 aut
1078 5076 1442 5137 regnaverunt
1479 5067 1700 5127 Davidis
1735 5076 1939 5143 posteri

370 5163 520 5204 nunc
560 5166 770 5220 usque;
820 5153 1086 5225 intelliget
1119 5172 1180 5210 ea
1220 5157 1368 5212 dicta
1411 5161 1636 5217 minime
1673 5162 1741 5218 ad
1782 5164 1943 5221 Davi-

371 5241 518 5306 dem,
550 5258 728 5313 neque
775 5244 839 5299 ad
884 5243 1234 5303 Salomonem
1288 5250 1485 5306 referri
1531 5268 1713 5325 posse.
1778 5256 1940 5329 Atqui

372 5331 528 5387 nefas
556 5341 640 5389 est
672 5333 763 5391 Dei
784 5336 1189 5405 praedictionem
1208 5340 1569 5412 jurejurando
1598 5347 1940 5418 obsignatam

371 5424 659 5480 mendacio
712 5440 963 5501 arguere.
1030 5425 1088 5483 Si
1137 5438 1320 5487 autem
1358 5449 1543 5489 semen
1595 5434 1837 5503 Davidis,
1873 5437 1942 5492 de

2060 4534 2219 4586 μενος
2239 4520 2330 4572 ἐπὶ
2353 4518 2543 4591 θρόνου
2573 4524 2720 4575 οίκου
2751 4524 2967 4596 Ἰσραήλ
2986 4541 3002 4554 '
3028 4525 3121 4578 καὶ
3143 4528 3253 4588 τοῖς
3290 4525 3503 4596 ἰερεῦσι
3533 4528 3627 4579 καὶ

2051 4615 2164 4679 τοῖς
2186 4606 2436 4680 Λευίταις
2452 4617 2549 4671 οὐκ
2570 4615 2750 4682 ὲξολοθ
2760 4618 3074 4689 ρευθήσεται
3093 4618 3231 4690 ἀνὴρ
3246 4621 3309 4671 ἐκ
3329 4618 3625 4689 προσώπου

2055 4719 2183 4772 μου,
2221 4703 2507 4777 ἀναφέρων
2534 4706 2980 4780 ὁλοκαυτώματα,
3005 4711 3099 4766 καὶ
3128 4711 3269 4764 θύων
3297 4710 3492 4767 θυσίαν
3533 4713 3624 4766 καὶ

2052 4793 2223 4847 ποιῶν
2258 4794 2505 4868 θυμίαμα
2554 4800 2734 4863 πάσας
2769 4800 2867 4863 τὰς
2891 4800 3122 4873 ἡμέρας.
3158 4821 3177 4853 ι
3205 4801 3390 4856 Ταῦτα
3426 4804 3541 4875 γὰρ
3576 4806 3623 4857 εἰ

2052 4888 2390 4955 συνεξετάζοι
2419 4909 2501 4958 τις
2537 4895 2604 4964 τῇ
2630 4911 2687 4946 τε
2720 4894 2966 4966 παρούσῃ
2992 4894 3101 4948 τῶν
3144 4895 3411 4950 Ἰουδαίων
3452 4914 3619 4951 stata.»

2051 4981 2238 5036 στάσει
2261 4983 2354 5035 καὶ
2376 4986 2496 5046 ταῖς
2518 4986 2637 5038 κατ’
2671 4986 2866 5050 αὐτοὺς
2905 4986 3165 5057 ἱστορίαις
3187 4988 3293 5041 ἀπὸ
3316 4988 3419 5056 τῆς
3474 4989 3622 5054 Ἑζε-

2050 5071 2169 5126 κίου
2190 5073 2284 5126 καὶ
2317 5074 2563 5144 Ἰεχονίου
2593 5074 2885 5144 βασιλείας,
2921 5077 3041 5131 καθ’
3072 5076 3220 5149 οὒςὴ
3245 5078 3308 5130 ὲκ
3334 5078 3501 5132 Δαυὶδ
3532 5097 3621 5132 πε-

2052 5166 2318 5236 ριεγράφη
2344 5165 2452 5220 τῶν
2485 5168 2751 5221 Ἰουδαίων
2777 5168 3021 5238 βασιλεία
3049 5171 3106 5222 ὲν
3126 5168 3202 5239 τῷ
3221 5170 3319 5241 τῆς
3341 5173 3420 5234 εἰς
3452 5167 3618 5223 Βαϐυ-

2047 5257 2190 5312 λῶνα
2214 5258 2589 5328 αἰχμαλωσίας
2615 5261 2813 5331 καιρῷ,
2852 5259 2978 5330 μεθ’
3008 5261 3068 5315 δν
3115 5261 3365 5333 οὐδαμῶς
3407 5261 3612 5331 ἠρχθη-

2049 5364 2147 5400 σαν
2175 5347 2208 5418 ἢ
2237 5348 2663 5420 ὲόασιλεύθησαν
2685 5350 2789 5403 ὑπὸ
2813 5350 2921 5403 τῶν
2947 5352 3011 5404 ἐκ
3060 5353 3223 5406 Δαυὶδ
3267 5353 3612 5421 καταγόντων

2044 5439 2105 5493 τὸ
2133 5440 2290 5509 γένος
2315 5442 2393 5505 εἰς
2415 5441 2517 5503 ἔτι,
2550 5441 2632 5494 ὅτι
2661 5440 2925 5512 μηδαμῶς
2945 5443 3172 5514 ἁρμόζει
3197 5444 3315 5514 ἦτοι
3345 5443 3424 5513 τῷ
3455 5441 3612 5497 Δαυὶδ

439 5601 484 5635 ⁷⁷
524 5601 580 5683 l_l_
780 5620 887 5683 χιι,
951 5604 1134 5683 ιεπιθ.
1210 5607 1256 5640 ⁷⁸
1294 5605 1459 5683 Psal._
1483 5627 1756 5679 uxxvm,
1813 5613 1905 5679 27,
1942 5614 1962 5668 ε

2108 5615 2154 5646 τ’
2193 5612 2337 5670 Psal.
2380 5630 2446 5681 ι,
2482 5616 2532 5670 6.
2610 5616 2658 5648 ⁸⁸
2697 5615 2836 5671 Psal.
2906 5631 3189 5683 Lxxxvnt,
3256 5617 3310 5674 5.
3388 5618 3430 5649 ⁸·
3476 5615 3601 5671 ibid.

369 5666 461 5725 36.
536 5673 580 5706 ⁸·
622 5666 754 5728 ibid.
791 5666 884 5731 30.
960 5675 1006 5707 ⁸³
1031 5674 1356 5741 leuatum,
1391 5677 1478 5734 17.
