3826 6216
204 257 362 312 {Nl

1258 254 1557 313 ECLOGA:
1593 226 2075 311 sacrarum.
2115 284 2187 297 -
2222 253 2353 310 LIB.
2393 253 2435 309 ι.

3359 252 3501 308 1082

198 375 242 448 ἢ
274 375 383 437 uti
417 372 500 445 τῷ
538 372 809 444 Σολομῶνι
846 371 917 427 τά
944 371 1269 443 λελεγμένα,
1298 373 1375 438 ὡς
1392 372 1451 440 ἐξ
1490 374 1733 443 ἀνάγκης

1887 386 2027 441 _quo
2058 370 2147 426 hic
2188 371 2395 426 mentio
2432 369 2688 434 habetur,
2741 367 2809 424 ad
2871 360 3150 425 Christum
3190 370 3493 427 secundum

204 467 292 539 μὴ
354 466 514 537 Θέμις
554 465 725 536 ψευδῆ
762 463 1134 536 διελέγχεσθαι
1179 464 1498 536 συμϐαίνειν
1543 464 1642 533 τὴν
1685 461 1804 534 μεθ’

198 560 400 632 ὅρκων
429 557 522 612 τοῦ
560 557 694 613 Θεοῦ
720 559 1057 632 πρόρῥησιν’
1096 557 1151 611 ετ
1183 573 1246 627 γε
1292 556 1401 628 μὴν
1440 554 1807 626 ἀναφέροιμεν

197 650 270 703 16
324 650 621 722 λεγόμενον
660 648 757 703 106
791 650 958 703 Δαυὶδ
992 649 1213 721 σπέρμα
1248 649 1341 702 ἐπὶ
1387 648 1481 701 τὸν
1540 647 1598 714 ἐξ
1641 645 1804 700 αὐτοῦ

202 743 361 797 κατά
392 744 573 814 σάρκα
600 742 893 813 γενόμενον
930 741 1185 814 Χριστὸν,
1236 741 1403 811 σαφὲς
1432 741 1549 805 πῶς
1574 744 1655 805 εἰς
1712 739 1805 794 τὸν

198 835 391 889 αἰῶνα
415 833 575 888 τοῦτο
604 834 665 887 τὸ
700 834 942 907 σπέρμα,
967 834 1109 887 τοῦτ’
1152 833 1297 887 ἐστιν
1323 834 1352 885 6
1385 831 1648 905 Χριστὸς,
1688 831 1805 885 δια-

202 932 394 1001 μενεῖ,
436 927 668 991 καὶπῶς
704 930 731 982 6
753 927 941 1001 θρόνος
964 925 1129 981 αὑτοῦ
1153 927 1245 980 καὶ
1274 929 1307 998 ή
1336 926 1680 998 πνευματικὴ
1709 924 1805 996 βα-

200 1021 393 1076 σιλεία
419 1022 524 1086 ἕως
542 1019 737 1084 αἰῶνος
756 1017 985 1073 ἐνώπιον
1009 1019 1243 1090 ὑπάρχει
1267 1017 1362 1070 106
1392 1016 1626 1088 Πατρὸς,
1652 1018 1804 1088 ἀνορ-

198 1112 476 1185 θούμενος
506 1114 596 1166 ὑπ’
617 1110 782 1165 αὐτοῦ
816 1112 910 1164 καὶ
956 1109 1473 1182 ἀνοικοδομούμενος
1521 1108 1662 1162 κατὰ
1705 1125 1800 1177 γε-

196 1205 340 1257 νεὰν
364 1206 459 1258 καὶ
481 1203 675 1272 γενεὰν
712 1205 769 1256 ὲν
797 1206 918 1266 ταῖς
961 1201 1070 1255 τῶν
1122 1200 1487 1254 πιστευόντων
1522 1200 1607 1253 ἐπ’
1638 1199 1800 1254 αὑτὸν

195 1301 434 1371 ψυχαῖς.
459 1300 663 1352 Τούτου
694 1295 750 1349 δὲ
773 1296 865 1349 τοῦ
895 1295 1289 1366 ἀποδεδομένον.)
1317 1297 1448 1366 ἡμῖν
1484 1294 1799 1366 σπέρματος

195 1393 377 1449 Δαυὶδ
395 1393 644 1462 διαμενεῖ
680 1392 709 1443 6
738 1389 943 1461 θρόνος,
980 1388 1056 1451 ὡς
1087 1389 1115 1441 6
1139 1388 1239 1458 τῆς
1276 1385 1623 1458 δικαιοσύνης
1649 1385 1798 1457 ἥλιος

193 1487 452 1541 ἐναντίον
475 1485 571 1539 106
605 1483 838 1555 Πατρὸς,
871 1483 964 1535 καὶ
983 1480 1059 1544 ὼς
1081 1482 1137 1533 αί
1162 1481 1370 1551 ἡμέραι
1402 1478 1495 1532 τοῦ
1526 1478 1758 1551 οὐρανού
1781 1495 1795 1508 ·

190 1578 282 1631 διὸ
307 1577 448 1649 πρὸς
486 1577 648 1632 αὐτὸν
675 1576 780 1629 ὑπὸ
807 1575 901 1629 τοῦ
948 1575 1107 1642 ἁγίου
1140 1573 1461 1642 Πνεύματος
1512 1575 1569 1625 έν
1620 1572 1793 1645 ἑτέρῳ

188 1670 407 1742 ψαλμῷ
426 1670 674 1725 λέλεκται
689 1684 703 1698 ο
734 1688 752 1721 ι
777 1670 834 1722 '0
855 1668 1044 1742 θρόνος
1062 1685 1174 1733 σου,
1195 1669 1223 1721 6
1246 1666 1398 1731 Θεὸς,
1417 1668 1496 1730 εἰς
1514 1666 1605 1720 τὸν
1621 1666 1792 1719 αἰῶνα

188 1760 297 1814 τοῦ
345 1759 545 1825 αἰῶνος
568 1802 584 1826 ,
614 1759 809 1831 ῥάϐδος
838 1758 1132 1830 εὐθύτητος
1187 1761 1221 1831 ἡ
1280 1757 1475 1830 ῥάϐδος
1502 1757 1601 1829 τῆς
1642 1757 1794 1827 βασι-

185 1854 352 1917 λείας
411 1871 526 1907 σου.
593 1853 919 1922 Ἠγάπησας
979 1851 1324 1922 δικαιοσύνην
1371 1850 1465 1904 καὶ
1523 1851 1792 1921 ἐμίσησας

184 1946 458 2016 ἀνομίαν,
475 1945 563 2001 διὰ
584 1944 742 1998 10610
765 1943 951 2019 ἕχρισέ
986 1962 1044 1997 σε
1066 1946 1094 1997 6
1115 1943 1246 2007 Θεὸς
1265 1946 1294 1997 6
1325 1942 1459 2006 Θεὸς
1482 1960 1575 1995 σου
1615 1942 1792 1996 ἔλαιον

186 2037 582 2107 ἀγαλλιάσεως
625 2036 779 2109 παρὰ
838 2039 964 2101 τοὺς
1020 2036 1279 2108 μετόχους
1321 2053 1435 2091 σου.
1498 2057 1517 2088 ι
1564 2036 1621 2090 '0
1658 2037 1792 2108 Χριο

185 2127 325 2190 στὸς
353 2127 413 2182 δὲ
434 2129 528 2182 καὶ
561 2127 709 2182 οἷκον
736 2129 835 2198 τὴν
876 2126 1200 2199 Ἐκκλησίαν
1229 2127 1551 2198 οἰκοδόμησε
1571 2127 1650 2199 τῷ
1674 2129 1790 2180 Πα-

181 2216 287 2287 τρὶ
313 2218 381 2268 ἐκ
405 2215 567 2269 λίθων
590 2216 807 2281 ζώντων
841 2217 933 2271 καὶ
953 2220 1175 2290 νοερῶν,
1203 2218 1375 2287 ἁγίων
1398 2219 1493 2273 καὶ
1515 2219 1607 2272 ὲνα
1617 2219 1789 2290 ρέτων

180 2308 411 2379 ψυχῶν,
443 2309 569 2364 ναὸν
603 2312 824 2384 ἐγείρας
852 2312 988 2368 πολὺ
1021 2313 1308 2386 κρείττονα
1342 2314 1438 2367 καὶ
1462 2311 1789 2382 διαφέροντα

183 2402 294 2471 τῆς
318 2402 426 2455 ὑπὸ
453 2403 764 2475 Σολομῶνος
792 2407 1130 2478 προσκαίρου
1154 2408 1248 2460 καὶ
1280 2405 1474 2478 μηκέθ’
1510 2402 1787 2476 ὑπαρχού-

184 2511 296 2565 σης
310 2495 623 2568 οἰκοδομῆς.
650 2498 837 2571 Τούτῳ
871 2500 928 2555 δὲ
969 2501 1062 2555 καὶ
1086 2500 1114 2551 6
1156 2499 1477 2563 Ἀπόστολος
1520 2498 1788 2571 μαρτυρεῖ

182 2590 497 2660 προσήκειν
530 2591 648 2662 τὴν,
682 2611 702 2643 ι
745 2593 886 2662 Ἐγὼ
918 2593 1113 2665 ἔσομαι
1147 2593 1295 2663 αὐτῷ
1325 2596 1404 2657 εἰς
1440 2593 1650 2664 πατέρα
1690 2594 1785 2647 καὶ

181 2680 359 2745 αὐτὸς
390 2680 541 2735 ἔσται
570 2701 659 2757 μοι
680 2685 760 2748 είς
786 2685 920 2750 υἱὸν,
949 2705 968 2736 ι
997 2687 1201 2758 φωνὴν,
1228 2685 1477 2739 ἐντεῦθεν
1503 2685 1672 2757 αὐτὴν
1704 2688 1784 2739 εὶ-

178 2769 382 2843 ληςρὼς
407 2775 465 2826 ὲν
488 2777 554 2846 τῇ
597 2776 733 2847 πρὸς
772 2776 1053 2847 Ἐϐραίους
1090 2777 1359 2844 συντάξει,
1405 2777 1534 2833 ἔνθα
1578 2779 1739 2850 φησίν
1763 2793 1780 2810 ⁸

186 2883 209 2915 ι
257 2864 380 2918 Τίνι
415 2867 525 2940 γὰρ
558 2864 709 2922 εἶπέν
757 2886 888 2923 ποτε
928 2869 1038 2925 τῶν
1083 2871 1365 2940 ἀγγέλων,
1401 2872 1532 2937 Υἱός
1580 2891 1680 2946 μου
1731 2870 1785 2928 εἶ

180 2959 282 3020 σὺ,
317 2957 431 3026 ἐγὼ
460 2962 698 3031 σήμερον
725 2962 1032 3035 γεγέννηκά
1059 2981 1117 3016 σε
1143 2981 1156 2994 ⁸
1200 2984 1220 3016 ι
1252 2964 1346 3017 καὶ¹
1368 2964 1549 3030 πάλιν,
1582 2985 1601 3018 ι
1638 2965 1780 3036 Ἐγὼ

1913 478 2136 519 carnem
2192 480 2259 519 ex
2308 479 2375 520 eo
2425 471 2615 518 natum
2686 461 3062 526 attribuimus,
3104 469 3290 532 aperte
3346 471 3493 533 patet

1914 559 2192 629 quomodo
2225 540 2302 616 ἰιῖ
2335 560 2537 623 saecula
2569 574 2756 614 semen
2799 557 2959 624 illud,
2996 558 3052 614 id
3084 567 3168 614 est
3212 556 3491 624 Christus,

1913 659 2254 720 permaneat,
2310 660 2366 708 et
2420 654 2695 723 quomodo
2728 653 2967 707 thronus
3003 651 3124 722 ejus
3151 666 3215 705 ac
3246 652 3494 720 spiritale

1911 757 2139 815 regnum
2175 755 2280 801 stet
2312 760 2489 816 usque
2518 746 2572 800 in
2603 752 2874 799 aeternum
2909 752 3037 799 ante
3069 743 3263 799 faciem
3287 741 3489 809 Patris.

1906 836 1976 891 ab
2023 850 2089 891 eo
2140 835 2414 891 ﬁrmatum
2472 837 2915 908 aedilicatumque
2962 837 3019 892 in
3082 836 3490 907 generationem

1906 935 1961 981 et
1987 930 2398 999 generationem
2436 930 2491 984 in
2537 945 2726 985 eorum
2780 932 2980 986 animis
3019 932 3113 1002 qui
3164 931 3394 985 credunt
3430 929 3487 984 in

1903 1035 2052 1075 eum.
2096 1019 2236 1076 Dato
2291 1021 2438 1077 enim
2475 1022 2636 1079 nobis
2668 1022 2775 1079 hoc
2810 1022 3035 1080 Davidis
3085 1025 3312 1087 semine,
3362 1038 3488 1095 per-

1904 1118 2087 1165 manet
2124 1112 2379 1177 thronus,
2415 1119 2476 1166 ut
2499 1113 2737 1182 justitia:
2782 1115 2867 1172 sol
2906 1124 3031 1171 ante
3064 1115 3257 1170 [aciem
3280 1114 3483 1182 Patris,

1902 1209 1957 1257 et
1992 1210 2052 1257 ut
2098 1203 2221 1261 ραιιί
2272 1204 2412 1259 dies.
2465 1203 2592 1261 ldeo
2652 1205 2721 1260 ad
2760 1220 2885 1260 eum
2935 1221 2967 1260 a
3027 1215 3222 1262 sancto
3274 1205 3486 1278 Spiritu

1900 1295 1955 1348 in
1985 1294 2093 1349 alio
2134 1296 2347 1365 psalmo
2380 1296 2589 1351 dictum
2632 1304 2754 1354 est:
2812 1296 3025 1355 «Sedes
3067 1307 3184 1362 tua,
3228 1298 3394 1365 Deus,
3426 1301 3485 1356 in

1907 1388 2168 1442 saeculum
2197 1388 2382 1442 saeculi
2408 1406 2421 1443 :
2450 1389 2605 1458 virga
2636 1390 2984 1456 directionis,
3019 1391 3170 1462 virga
3198 1394 3349 1465 regni
3380 1394 3480 1450 tui.

1900 1477 2150 1534 Dilexisti
2169 1477 2466 1548 justitiam,
2495 1489 2550 1535 et
2584 1480 2749 1535 odisti
2776 1481 3151 1553 iniquitatem:
3194 1493 3484 1555 propterea

1898 1572 2056 1625 unxit
2101 1579 2155 1627 te
2195 1571 2364 1641 Deus,
2415 1571 2561 1628 Deus
2603 1580 2754 1640 tuus,
2801 1575 2924 1630 oleo
2963 1575 3166 1637 laetitia
3205 1592 3318 1649 prae
3348 1592 3482 1634 con-

1903 1664 2147 1719 sortibus
2180 1666 2290 1721 tuis
2308 1666 2409 1719 ⁸⁸.»
2462 1664 2721 1721 Christus
2767 1682 2895 1722 vero
2924 1667 3147 1727 domum
3174 1667 3476 1727 Ecclesiam

1898 1756 2188 1812 aediﬁcavit
2212 1754 2364 1811 Patri
2412 1759 2690 1828 lapidibus
2745 1759 3059 1817 viventibus
3117 1762 3481 1835 spiritalibus-

1896 1864 2024 1920 que,
2059 1851 2268 1905 sanctis
2300 1849 2627 1922 eximiisque
2657 1853 2880 1919 animis,
2928 1863 3115 1909 erecto
3163 1855 3336 1911 multo
3380 1870 3479 1925 po-

1896 1941 2055 2009 tiore,
2075 1943 2418 2014 multumque
2449 1958 2480 1997 a
2513 1944 2723 1999 caduco
2746 1930 3003 2016 nuncque
3038 1946 3258 2016 penitus
3284 1962 3479 2003 everso

1896 2031 2206 2091 Salomonis
2251 2036 2507 2094 dissimili
2537 2038 2761 2108 templo.
2803 2040 2883 2094 Ad
2916 2055 3078 2110 quem
3112 2055 3174 2094 ea
3227 2048 3478 2111 spectare

1890 2129 2096 2181 verba:
2156 2144 2175 2178 ι
2201 2126 2312 2199 Ego
2355 2144 2450 2184 ero
2480 2128 2558 2183 illi
2600 2130 2654 2184 in
2697 2141 2930 2198 patrem,
2963 2140 3017 2184 et
3057 2132 3175 2203 ipse
3201 2132 3307 2185 erit
3335 2130 3471 2185 mihi

1891 2220 1947 2276 in
1985 2219 2175 2286 tilium,
2207 2240 2225 2275 ι
2274 2229 2509 2276 testatur
2557 2232 2612 2278 et
2667 2223 2967 2294 Apostolus
3008 2225 3064 2279 in
3112 2241 3212 2283 sua
3256 2224 3325 2279 ad
3370 2224 3476 2281 lle-

1890 2314 2071 2370 hrzeos
2104 2315 2522 2371 admonitione:
2574 2333 2593 2366 ι
2625 2316 2727 2373 Cui
2778 2319 2926 2374 enim
2977 2320 3117 2374 dixit
3169 2319 3465 2390 aliquando

1888 2408 2239 2477 angelorum:
2265 2407 2440 2464 Filius
2469 2425 2624 2467 meus
2644 2426 2706 2466 es
2726 2421 2805 2477 tu,
2834 2426 2935 2482 ego
2964 2411 3126 2466 hodie
3152 2412 3311 2483 genui
3333 2419 3409 2470 te.
3444 2431 3468 2467 ι

1890 2497 1955 2551 Et
1988 2513 2248 2553 rursum:
2320 2516 2338 2550 ι
2374 2498 2488 2569 Ego
2517 2515 2615 2556 ero
2643 2501 2718 2555 illi
2769 2502 2825 2555 in
2872 2510 3108 2573 patrem,
3140 2509 3194 2557 et
3221 2504 3338 2579 ipse
3366 2503 3475 2558 erit

1886 2588 2021 2642 mihi
2055 2589 2111 2643 in
2162 2588 2465 2645 ﬁlium”?p
2523 2590 2656 2658 Quae
2710 2600 2893 2646 autem
2927 2593 3168 2648 abillis:
3221 2612 3239 2643 ι
3269 2593 3373 2661 Qui
3422 2594 3472 2651 si

1887 2677 2077 2749 inique
2129 2680 2338 2750 aliquid
2387 2681 2642 2750 gesserit,
2676 2696 2905 2753 arguam
2945 2698 3071 2736 eum
3106 2684 3163 2737 in
3200 2683 3353 2757 virga
3387 2683 3471 2738 vi-

1884 2785 2073 2824 rorum
2104 2790 2123 2822 ι
2158 2770 2224 2825 de
2248 2772 2449 2843 populo
2475 2773 2530 2826 in
2551 2771 2831 2829 Christum
2856 2775 3115 2829 credente
3137 2775 3284 2830 dicta
3305 2785 3468 2846 sunt;

1884 2879 2085 2935 corpus
2119 2865 2262 2921 enim
2288 2863 2493 2920 Christi
2517 2864 2763 2921 Ecclesia
2805 2876 2890 2922 est
2910 2866 2980 2932 ⁸⁸,
3004 2868 3303 2923 secundum
3329 2869 3469 2941 Apo-

1884 2958 2103 3013 stolum.
2146 2954 2304 3024 Quod
2329 2966 2510 3012 autem
2532 2958 2601 3013 ad
2630 2958 2917 3014 credentes
2946 2959 3001 3014 in
3026 2975 3151 3014 eum
3182 2975 3245 3015 ea
3277 2960 3465 3026 verba,

179 3050 388 3121 ἕσομαι
430 3053 578 3123 αὐτῷ
610 3056 691 3118 εἰς
745 3055 977 3129 πατέρα,
1020 3059 1114 3111 κα)⁹
1150 3058 1309 3122 αὐτὸς
1359 3058 1513 3112 ἔσται
1572 3076 1663 3130 μοι
1697 3062 1757 3112 εἰς

1887 3052 1953 3107 de
2004 3052 2205 3122 quibus
2261 3052 2685 3122 investigamus,
2747 3059 3025 3122 spectant,
3091 3052 3468 3108 animadverte

179 3143 325 3195 υἱόν.
371 3162 389 3193 ι
429 3143 511 3197 Τά
540 3144 583 3197 δ’
625 3146 731 3199 ἀπὸ
762 3146 879 3211 106,
920 3168 939 3198 ι
977 3150 1070 3203 καὶ
1102 3148 1330 3224 ἀνέλθῃ
1363 3150 1544 3205 ἀδικία
1585 3150 1773 3217 αὑτοῦ,

182 3236 287 3289 καὶ
320 3234 525 3305 ἐλέγξω
555 3238 717 3293 αὐτὸν
756 3242 815 3294 ὲν
837 3241 1020 3313 ῥάϐδῳ
1073 3242 1304 3314 ἀνδρῶν,
1342 3263 1361 3296 ι
1396 3244 1525 3316 περ)⁴
1572 3244 1666 3299 106
1701 3246 1781 3310 είς

180 3329 427 3399 Χριστὸν
459 3330 846 3398 πιστεύσαντος
871 3334 1001 3388 λαοῦ
1035 3336 1282 3407 εἴρηται’
1317 3337 1439 3391 ἐπεὶ
1480 3337 1576 3392 καὶ
1622 3337 1781 3408 σῶμα

179 3420 429 3490 Χριστοῦ
489 3424 523 3493 ἡ
556 3422 853 3496 Ἐκκλησία
907 3426 1072 3480 αὐτοῦ
1116 3428 1465 3498 χρηματίζει,
1502 3430 1642 3484 κατά
1688 3430 1780 3485 τὸν

177 3510 531 3566 ’Δπόστολον.
567 3515 689 3568 Ὅτι
720 3515 779 3568 δὲ
810 3516 1069 3589 περὶτῶν
1102 3520 1546 3575 πεπιστευκότων
1569 3523 1649 3585 είς
1679 3522 1777 3577 αύ-

176 3605 277 3656 τδν
316 3604 387 3659 τά
412 3605 512 3677 τῆς
552 3609 858 3680 ἐπισκοπῆς
903 3611 1139 3681 εἴρηται,
1173 3612 1466 3683 ἐπίστησον
1500 3614 1776 3687 ἐπιμελῶς

175 3694 499 3768 λελεγμένῳ
539 3697 922 3770 πληθυντικῶς
952 3700 1049 3771 τῷ,
1088 3721 1106 3752 ι
1131 3702 1204 3755 Τὸ
1233 3702 1289 3757 δὲ
1341 3703 1491 3768 ἔλεός
1522 3723 1625 3777 μου
1671 3706 1775 3760 οὐκ

176 3786 480 3859 ἀποστήσω
510 3791 606 3843 ἀπ’
634 3792 843 3846 αὐτῶνθ
876 3813 895 3844 ι
936 3793 1122 3862 σαφῶς
1154 3795 1246 3848 καὶ
1278 3798 1334 3849 έν
1368 3795 1445 3867 τῷ
1474 3796 1673 3869 ψαλμῷ
1707 3797 1777 3852 τὰ

176 3880 543 3951 παραπλήσια
567 3886 682 3946 τοῖς
698 3883 761 3955 (ι.
784 3885 872 3955 l6)
890 3885 1073 3942 ἐνθάδε
1102 3905 1168 3939 πε
1179 3889 1231 3960 pi.
1257 3889 1364 3943 τῶν
1389 3890 1518 3943 υίῶν
1558 3889 1773 3961 εἴρηται

172 3970 275 4024 106
308 3973 808 4044 προφητεύομένου,
829 3976 886 4027 ὲν
901 3974 980 4046 τῷ
1005 3994 1023 4027 ι
1048 3978 1159 4029 Καὶ
1185 3976 1280 4030 ὲάν
1305 3978 1772 4046 ὲγκαταλείπωσιν

171 4065 226 4117 οἱ
255 4065 365 4118 υἱοὶ
390 4065 553 4120 αὐτοῦ
587 4067 677 4120 τὸν
703 4068 866 4139 νόμον
890 4088 1012 4140 μου,
1043 4072 1139 4125 καὶ
1165 4073 1275 4135 τοῖς
1299 4072 1530 4143 κρίμασι
1560 4091 1661 4143 μου
1697 4073 1772 4148 μὴ

174 4157 540 4229 πορευθῶσιν,
569 4161 663 4215 ἐὰν
688 4162 755 4216 τὰ
775 4162 1122 4234 δικαιώματά
1159 4183 1259 4236 μου
1286 4165 1657 4237 βεϐηλώσωσι,
1677 4168 1772 4221 καὶ

170 4249 278 4314 τὰς
297 4250 517 4316 ἐντολάς
540 4270 640 4323 μου
671 4255 744 4327 μὴ
766 4256 1093 4325 φυλάξωσιν,
1116 4260 1483 4331 ἐπισκέψομαι
1506 4262 1564 4313 ἐν
1591 4261 1772 4332 ῥάϐδῳ

170 4340 278 4403 τάς
323 4341 550 4412 ἀνομίας
584 4343 783 4409 αὐτῶν,
818 4347 912 4399 καὶ
951 4350 1008 4400 ὲν
1052 4348 1271 4418 μάστιξι
1305 4350 1402 4413 τὰς
1429 4349 1642 4414 ἀδικίας
1668 4353 1767 4406 αὐ-

1884 3145 2077 3202 sedulo
2127 3147 2335 3201 dictum
2396 3161 2520 3201 esse
2567 3146 2895 3216 pluraliter:
2983 3164 3001 3197 ι
3032 3143 3464 3201 Misericordiam

1886 3246 2068 3292 autem
2100 3252 2281 3292 meam
2328 3252 2440 3292 non
2497 3237 2745 3291 auferam
2780 3237 2848 3292 ab
2878 3237 3002 3292 iis.»
3059 3235 3348 3299 Manifesle
3405 3244 3462 3292 et

1882 3329 1938 3384 in
1981 3329 2200 3400 psalmo
2243 3344 2354 3383 non
2414 3329 2692 3385 ahsimilia
2747 3329 2816 3384 iis
2867 3330 2934 3385 de
2988 3324 3122 3386 'ﬁliis
3166 3329 3314 3409 illius
3369 3329 3465 3400 qui

1884 3421 2241 3493 prOphetatus
2279 3429 2387 3487 est,
2423 3422 2719 3479 dicuntur:
2781 3440 2799 3473 ι
2833 3421 2888 3479 Si
2938 3432 3122 3480 autem
3153 3423 3466 3493 derelique-

1880 3513 1992 3568 rint
2033 3512 2127 3568 ﬁlii
2167 3514 2288 3583 ejus
2348 3514 2519 3585 legem
2583 3529 2785 3578 meam,
2839 3522 2894 3569 et
2946 3515 3003 3569 in
3054 3515 3281 3588 judiciis
3327 3514 3463 3570 meis

1878 3620 1987 3661 non
2012 3605 2445 3671 ambulaverint;
2480 3606 2526 3660 si
2558 3606 2805 3677 justitias
2857 3619 3008 3663 meas
3049 3603 3463 3676 profanaverint

1876 3706 1932 3752 et
1961 3695 2219 3751 mandata
2245 3711 2365 3752 mea
2394 3710 2505 3751 nun
2530 3697 2923 3752 custodiet-int:
2976 3696 3215 3751 visitabo
3255 3696 3311 3750 in
3343 3695 3459 3748 vir-

1876 3803 1943 3858 ga
1974 3788 2290 3858 iniquitates
2315 3802 2529 3853 eorum,
2575 3797 2628 3844 et
2664 3788 2719 3842 in
2753 3786 3078 3843 verberibus
3114 3796 3339 3857 peccata
3365 3803 3452 3843 eo-

1875 3895 2021 3934 rum.
2079 3878 2518 3937 Misericordiam
2547 3890 2731 3936 autem
2770 3895 2949 3936 meam
2986 3895 3096 3934 non
3139 3879 3459 3952 dispergam

1875 3973 1945 4028 ah
1999 3972 2080 4027 eis
2103 3971 2206 4028 θ’.»
2271 3972 2509 4028 Attende
2560 3973 2837 4043 quomodo
2888 3973 3122 4050 «_virgas
3169 3973 3455 4028 hominum

1872 4075 1927 4120 et
1958 4066 2147 4138 plagas
2180 4066 2415 4123 ﬁliorum
2463 4067 2769 4131 hominum,
2798 4086 2816 4118 ι
2861 4067 3227 4137 temporarias
3268 4081 3458 4138 perse-

1876 4158 2126 4214 cutiones
2161 4173 2321 4214 sacra
2369 4165 2530 4212 vocat
2554 4157 2805 4214 historia.
2848 4156 3237 4215 Verumtamen
3271 4158 3456 4213 multa

1873 4259 2002 4306 sunt
2041 4250 2136 4305 Dei
2168 4251 2580 4314 advocationes,
2614 4258 2669 4306 et
2719 4266 2815 4321 per
2847 4248 3164 4319 Scripturas
3191 4249 3453 4305 exhorta-

1874 4345 2074 4409 tiones,
2109 4358 2233 4414 quae
2265 4357 2369 4397 nos
2402 4341 2701 4396 admonent
2730 4357 2797 4395 ne
2852 4342 3139 4396 suscitatis
3185 4340 3450 4397 adversus

170 4430 287 4486 τῶν
307 4448 319 4461 ·
349 4433 413 4484 τὸ
442 4432 498 4485 δὲ
523 4432 672 4498 ἔλεός
709 4453 808 4506 μου
830 4438 890 4489 06
937 4437 1011 4509 μὴ
1039 4417 1378 4494 διασκεδάσω
1404 4442 1501 4495 ἀπ’
1527 4442 1757 4496 αὐτῶν.»

1888 4452 1973 4491 ros
2027 4434 2506 4505 persecutionihus
2557 4432 2919 4502 temporariis
2982 4434 3323 4488 cederemus.
3384 4431 3454 4488 Ut

172 4521 322 4594 Ὅρα
359 4522 416 4576 δὲ
443 4524 560 4589 πῶς
591 4527 819 4597 ῥάϐδους
855 4528 1063 4601 ἀνδρῶν
1093 4532 1187 4584 καὶ
1222 4531 1365 4602 ἁφὰς
1394 4532 1524 4585 υἱῶν
1552 4534 1765 4606 ἀνθρὼ-

172 4630 296 4667 πων
329 4614 455 4677 τοὺς
498 4616 641 4669 κατὰ
690 4618 879 4689 καιρὸν
901 4619 1180 4691 ὠνόμασεν
1208 4624 1237 4676 ὁ
1272 4621 1428 4690 λόγος
1460 4623 1760 4696 διωγμούς’

171 4705 316 4777 πλὴν
343 4706 534 4761 πολλαὶ
561 4708 654 4763 106
682 4710 817 4765 Θεοῦ
842 4712 899 4765 αἱ
921 4713 1315 4785 παρακλήσεις,
1342 4718 1436 4771 καὶ
1466 4719 1522 4772 αἱ
1549 4716 1637 4772 διὰ
1656 4718 1764 4771 τῶν

171 4795 213 4847 Γ
220 4795 410 4864 ραφῶν
438 4800 808 4870 παραμυθίαι,
838 4802 912 4874 μὴ
936 4804 1181 4876 ἀπαυδᾷν
1207 4808 1340 4877 ἡμῖν
1368 4807 1762 4885 ἐπιτρέπουσαι

170 4889 268 4942 ἐπὶ
286 4892 399 4954 τοῖς
432 4891 555 4946 καθ’
582 4893 736 4965 ἡμῶν
767 4896 1182 4970 ὲνεργουμένοις
1207 4901 1348 4955 κατὰ
1388 4905 1614 4976 καιροὺς
1636 4903 1762 4958 διω-

168 4983 333 5051 γμοῖς
350 4999 364 5012 ·
393 4983 469 5047 ὡς
497 4983 606 5056 γὰρ
634 4988 1025 5058 ἐπισκέψεσθαι
1050 4990 1138 5045 διὰ
1171 4993 1365 5064 ῥάϐδου
1395 4995 1487 5050 τὸν
1514 4996 1608 5051 106
1632 4998 1761 5070 Xpt-

171 5072 301 5128 0106
347 5079 579 5148 προεῖπε
605 5078 731 5134 λαὸν
758 5081 1096 5154 ἁμαρτόντα,
1125 5085 1268 5140 οὕτω
1298 5088 1393 5141 καὶ
1420 5088 1481 5141 τὸ
1514 5090 1588 5160 μὴ
1618 5091 1757 5144 ἀπο-

170 5171 392 5240 στήσειν
413 5172 578 5227 αὐτοῦ
602 5174 662 5229 τὸ
692 5175 840 5242 ἔλεος
873 5180 1289 5251 προῦπέσχηται
1322 5182 1513 5249 εἰπὼν,
1546 5204 1565 5234 ‹
1605 5186 1676 5239 Τὸ
1700 5186 1757 5240 δὲ

166 5262 317 5329 ἔλεός
366 5282 465 5336 μου
504 5267 566 5321 06
609 5269 683 5340 μὴ
711 5270 1006 5341 ἀποστήσω
1044 5274 1137 5326 ἀπ’
1184 5275 1385 5339 αὐτῶν,
1426 5275 1609 5341 καθὼς
1651 5279 1757 5332 ἀπ-

1872 4529 2017 4583 enim
2049 4528 2199 4599 virga
2231 4542 2292 4582 se
2324 4527 2724 4596 castigaturum
2761 4541 2885 4581 esse
2909 4527 3161 4596 praedixit
3186 4525 3450 4597 populum

1875 4620 1968 4675 Dei
2002 4627 2349 4690 peccantem,
2383 4618 2465 4674 sic
2507 4624 2562 4672 et
2589 4634 2701 4673 non
2735 4619 2804 4673 ah
2844 4635 2911 4674 eo
2945 4617 3281 4673 defecturam
3325 4633 3449 4674 esse

1869 4713 2147 4785 pollicitus
2173 4720 2260 4767 est
2306 4711 2776 4775 misericordiam,
2825 4711 3048 4773 dicens:
3102 4709 3451 4766 «Misericor-

1867 4805 2014 4858 diam
2041 4792 2223 4859 a'utem
2255 4819 2432 4858 meam
2458 4816 2571 4856 non
2620 4800 2866 4856 auferam
2899 4800 2969 4854 ab
2999 4799 3086 4864 iis,
3135 4800 3278 4854 sicut
3322 4797 3451 4853 ahs-

1864 4898 1964 4952 tuli
1993 4898 2063 4952 ah
2120 4897 2208 4965 iis,
2241 4913 2382 4967 quos
2423 4895 2605 4950 amovi
2640 4910 2671 4948 a
2702 4893 2848 4951 facie
2879 4908 3054 4948 mea.)
3099 4892 3316 4958 Quaret
3351 4906 3449 4945 au:

1866 5005 1976 5051 tem
2014 4994 2155 5065 apud
2200 5010 2340 5065 quos
2391 5000 2541 5050 esset
2587 4999 2717 5048 ante
2778 4991 3019 5062 gentium
3058 4990 3319 5060 populum
3352 4986 3446 5042 Dei

1866 5088 2269 5153 misericordia,
2302 5102 2467 5159 quam
2496 5085 2724 5142 omnino
2756 5084 2827 5140 ab
2878 5083 2959 5138 eis
2993 5082 3332 5137 abstulerat:
3370 5079 3447 5134 si-

1864 5183 2065 5238 militer
2094 5182 2241 5237 enim
2280 5196 2340 5238 se
2372 5179 2646 5237 facturum
2674 5193 2799 5235 esse
2845 5175 3127 5249 promittit
3152 5175 3210 5229 in
3236 5170 3444 5231 Christi

1867 5278 2149 5352 populum.

167 5360 375 5430 έστησα
405 5360 498 5429 ἀφ’
531 5354 608 5417 ὧν
651 5364 961 5436 ἀπέστησα·
1002 5389 1022 5421 ι
1058 5367 1285 5440 ζητήσει
1326 5370 1370 5424 δ’
1399 5372 1491 5427 ἐπὶ
1528 5374 1681 5440 τίνας
1714 5372 1784 5448 ἦν
1821 5378 1930 5450 πρὸ
1984 5377 2078 5431 106
2111 5375 2172 5441 ἐξ
2209 5373 2381 5430 ὲθνῶν
2405 5372 2535 5427 λαοῦ
2560 5371 2621 5426 τὸ
2657 5370 2750 5425 106
2779 5368 2914 5425 Θεοῦ
2943 5368 3111 5435 ἕλεος,
3144 5369 3280 5442 ὅπερ
3308 5382 3442 5422 παν·

164 5455 337 5518 τελῶς
372 5456 466 5509 ἀπ’
490 5457 671 5513 αὐτῶν
705 5460 1053 5534 ἀπέστησας·
1090 5462 1151 5520 06
1179 5467 1241 5519 16
1267 5467 1465 5537 ιόμοιον
1495 5471 1741 5542 ποιήσειν
1780 5475 2119 5545 ὑπισχνεῖται
2147 5472 2289 5525 κατά
2318 5470 2408 5525 τὸν
2432 5468 2525 5523 106
2553 5467 2790 5541 Χριστοῦ
2831 5466 2973 5522 λαόν.

234 5705 280 5736 ⁸⁸
318 5702 464 5762 Psal.
500 5722 657 5775 xmv,
691 5705 753 5775 'I,
789 5705 843 5763 8.
924 5709 969 5743 ⁸⁸
1009 5708 1175 5769 Hebr.
1216 5728 1271 5783 ι,
1307 5714 1359 5772 5.
1435 5715 1483 5749 "
1520 5713 1733 5774 Coloss.

1887 5717 1946 5772 ιι.
2022 5719 2066 5750 ⁸⁷
2108 5715 2253 5775 Psal.
2284 5732 2558 5785 txnvm,
2596 5716 2688 5773 3i.
