3826 6216
377 302 520 360 1083
1108 296 1193 353 EU
1204 294 1379 350 SEBII
1416 291 1888 351 ΟιΕΞΑΒΙΕΝδΙΞ

2142 291 2310 348 PARS
2341 290 2429 349 III.
2445 317 2517 334 -Α
2548 291 2963 348 EXEGETICA.
3504 296 3653 350 ιοει

961 440 1191 495 CAPUT
1230 438 1374 494 XXI.
1981 448 2029 504 Α

1981 448 2029 504 Α
2562 436 2954 490 ΚΕΦΑΛΑΙΟΝ
2995 437 3124 491 KA'.

452 576 473 609 ‹
505 555 745 612 Locutus
787 562 871 611 est
914 563 1096 610 autem
1127 553 1295 608 David
1326 554 1557 608 Domino
1586 553 1752 607 verba
1784 551 1950 621 hujus

2142 570 2149 603 l
2193 550 2303 604 Kal.
2350 547 2577 620 έλὰλησε
2619 547 2781 601 Δαυὶδ
2814 546 2892 618 τῷ
2920 547 3112 618 Κυρέῳ
3150 548 3275 611 τοὺς
3317 546 3509 616 λόγους
3545 546 3653 617 τῆς

374 647 641 704 carminis
665 689 680 713 ,
714 647 768 701 in
803 646 891 701 die
921 661 1029 717 qua
1075 644 1325 700 liberavit
1363 660 1488 699 eum
1533 643 1796 699 Dominus
1824 643 1885 699 ⁸⁸.

2144 646 2194 714 ἧς
2242 643 2464 712 ταύτης.
2537 660 2555 693 ι
2617 636 2751 694 Εἶτα
2789 641 2848 693 ὲν
2903 643 3015 704 τοῖς
3046 639 3192 711 ἑξῆς
3237 658 3255 691 ι
3298 640 3409 694 Καὶ
3435 639 3655 692 ἔκλινεν

377 738 513 794 Dein
544 738 599 793 in
628 737 986 808 sequentibus
1017 756 1030 791 :
1061 754 1080 788 ι
1116 735 1401 790 inclinavit
1436 735 1610 790 caelos
1641 742 1695 790 et
1724 734 1886 789 desce

2147 735 2326 798 ιανοὺς
2357 734 2451 787 καὶ
2472 732 2702 804 κατέδή,
2722 732 2815 785 καὶ
2837 732 3033 801 γνόφος
3057 731 3313 785 ὑποκάτω
3337 731 3445 784 τῶν
3470 732 3658 786 ποδῶν

377 828 459 882 dit
485 846 497 881 :
528 836 580 883 et
607 829 784 897 caligo
810 826 914 881 sub
941 824 1171 897 pedibus
1202 824 1325 893 ejus
1351 824 1418 880 ".
1454 844 1472 876 ι
1503 823 1568 878 Et
1599 839 1795 879 rursus
1829 838 1888 894 pc

2148 827 2237 882 τοῦ.
2265 847 2283 879 ι
2304 825 2415 879 Kal.
2445 824 2603 879 πάλιν
2628 823 2763 895 μετά
2785 823 2977 890 ταῦτα,
3012 843 3030 875 ι
3054 822 3219 893 Ῥύσῃ
3254 840 3320 893 με
3352 820 3414 888 ἐξ
3446 823 3659 877 ἀντιλο-

378 919 496 974 hanc
538 936 552 972 :
603 935 622 966 ι
663 915 912 971 Saivabis
962 931 1048 970 me
1100 930 1129 969 a
1182 913 1715 969 contradictionibus
1766 928 1889 983 pop:

2149 936 2187 972 IV
2220 916 2370 982 λαοῦ,
2399 917 2758 987 καταστήσεις
2790 933 2860 987 με
2901 916 2980 979 εἰς
3007 915 3245 985 κεφαλὴν
3280 913 3484 968 ἐθνῶν⁸
3519 913 3660 978 λαὸς

379 1009 516 1064 mei:
543 1008 820 1063 custodies
847 1022 932 1061 me
952 1006 1007 1060 in
1035 1014 1200 1076 caput
1228 1005 1491 1077 gentium.
1519 1003 1762 1075 Populus
1791 1021 1890 1074 que

2149 1011 2249 1064 οὐκ
2287 1009 2457 1078 ἔγνων
2508 1008 2788 1062 ὲδούλευσέ
2833 1024 2957 1077 μοι’
2988 1008 3067 1070 εἰς
3112 1005 3280 1077 ἀκοὴν
3323 1006 3487 1059 ὠτίου
3546 1007 3657 1058 ὑπ-

380 1100 574 1170 ignoro
618 1099 821 1153 serviet
864 1098 1018 1151 mibi.
1046 1095 1168 1150 Filii
1196 1096 1358 1151 alieni
1382 1095 1641 1151 resistent
1665 1095 1830 1161 mihi,
1858 1110 1887 1148 a

2150 1102 2257 1157 ιυσέ
2296 1118 2426 1172 μου’
2459 1103 2507 1155 oi
2532 1103 2638 1155 υἱοὶ
2676 1100 2942 1171 ἀλλότριοι
2976 1098 3273 1169 έψεύσαντό
3300 1115 3390 1169 μοι
3410 1114 3427 1127 ’
3458 1101 3507 1151 οἱ
3546 1099 3661 1152 υἱοὶ

379 1190 498 1244 dilu
533 1189 685 1245 auris
716 1188 970 1243 obedient
1002 1186 1132 1241 mihi
1161 1205 1175 1241 :
1201 1186 1296 1240 [iiii
1332 1186 1493 1239 alieni
1536 1184 1878 1241 deﬂuxerunt

2150 1193 2322 1265 ,ότριοι
2377 1194 2879 1265 ἀπορριφήσονται·
2926 1192 3020 1244 καὶ
3077 1190 3371 1260 σφαλοιῗσιν
3429 1191 3496 1242 ἐκ
3547 1189 3661 1242 τῶν

379 1283 777 1339 contrahentur
806 1283 860 1336 in
923 1280 1195 1352 angustiis
1228 1278 1346 1335 suis
1375 1279 1442 1334 ’⁸.
1472 1299 1491 1330 ι
1544 1277 1672 1333 Haec
1699 1279 1888 1333 dicunt

2151 1284 2438 1356 τκλεισμῶν
2485 1284 2686 1337 αὐτῶν.
2727 1304 2744 1334 ι
2777 1282 2963 1337 Ταῦτα
3009 1283 3223 1355 εἴρηται
3252 1282 3440 1353 σχεδὸν
3470 1282 3662 1344 αὐτοῖς

382 1375 494 1431 fere
521 1375 726 1430 eisdem
758 1373 941 1428 verbis
971 1373 1026 1427 in
1057 1372 1272 1428 decimo
1299 1372 1532 1442 septimo
1562 1370 1777 1442 psalmo
1805 1389 1820 1438 ;
1854 1386 1893 1440 ο]

2155 1396 2274 1432 ιασι
2325 1378 2418 1432 καὶ
2477 1380 2535 1431 ὲν
2579 1376 3023 1447 ἑπτακαιδεκάτῳ
3071 1375 3290 1446 ψαλμῷ,
3337 1375 3666 1444 εὐκαιρότε-

381 1469 672 1539 portunius
712 1466 1156 1536 explicabuntur,
1187 1479 1311 1519 cum
1351 1462 1698 1519 Psalmorum
1739 1463 1892 1534 eciog

2153 1487 2161 1518 ι
2192 1469 2235 1522 δ’
2268 1469 2336 1523 ἂν
2371 1468 2704 1534 ἐξετάζοιτο,
2728 1467 2948 1521 ἐπειδὰν
2994 1467 3101 1520 ἀπὸ
3141 1465 3248 1519 τῶν
3274 1464 3523 1535 Ψαλμῶν
3564 1464 3664 1525 τὰς

382 1560 716 1617 notabimus.
762 1556 920 1612 Nunc
972 1572 1102 1612 vero
1152 1557 1256 1610 hoc
1298 1562 1511 1609 tantum
1553 1554 1893 1610 animadvert

2151 1562 2297 1632 ιογὰς
2342 1561 2757 1632 ἀναλεγώμεθα’
2801 1559 2896 1613 νῦν
2945 1560 3190 1630 μέντοιγε
3237 1556 3662 1629 παρασημειού-

382 1664 546 1712 mus,
597 1647 743 1719 quod
792 1646 958 1701 verba
1008 1647 1163 1701 haec:
1204 1666 1221 1697 ι
1254 1644 1542 1701 lnclinavit
1585 1646 1758 1701 caalos
1786 1655 1839 1700 et
1867 1645 1893 1699 ι]

2154 1654 2207 1707 ia
2239 1654 2370 1707 αὐτὸ
2403 1653 2581 1724 μόνον,
2607 1653 2682 1715 ώς
2706 1652 2785 1704 ὅτι
2813 1650 2873 1703 τὺ
2907 1649 3024 1721 μὲν,
3055 1669 3072 1699 ι
3111 1650 3217 1701 Kal.
3257 1648 3468 1701 ἔκλινεν
3495 1648 3665 1717 ούρα-

384 1739 597 1796 scendit
628 1757 646 1791 ι
672 1737 740 1793 de
781 1737 989 1793 Christi
1020 1753 1050 1793 e
1093 1737 1249 1793 caalis
1300 1737 1569 1791 descensu
1612 1737 1895 1807 intelligent

2162 1764 2188 1809 ς
2241 1744 2337 1798 καὶ
2383 1744 2588 1815 κατέϐη
2634 1763 2652 1795 ι
2690 1743 2845 1796 νοοῖτ’
2893 1742 2960 1795 ἂν
3014 1742 3141 1813 περὶ
3177 1741 3275 1811 τῆς
3309 1740 3368 1807 ἐξ
3408 1741 3666 1813 οὐρανῶν

384 1839 546 1897 sunt;
578 1832 693 1886 haec
718 1838 899 1885 autem
923 1849 936 1886 :
957 1849 975 1881 ι
999 1829 1247 1884 Salvabis
1270 1844 1356 1883 me
1380 1843 1410 1881 a
1432 1827 1895 1883 contradictionib

2155 1837 2417 1900 τασάσεως
2442 1834 2535 1888 τοῦ
2556 1834 2812 1906 Χριστοῦ·
2846 1833 2905 1886 τὸ
2929 1832 3008 1897 δὲ,
3033 1850 3050 1882 ι
3076 1831 3241 1903 Ῥύοῃ
3265 1848 3333 1902 με
3365 1831 3426 1896 ἐξ
3450 1832 3666 1884 ἀντιλοα

385 1924 570 1996 populi
591 1964 605 1987 ,
642 1942 661 1977 ι
686 1922 753 1979 de
778 1922 1125 1978 circumcisis
1155 1908 1433 1983 dicuntur,
1468 1921 1562 1990 qui
1594 1936 1703 1975 non
1748 1919 1804 1974 in
1834 1936 1896 1975 eu

2155 1946 2197 1994 ις
2230 1928 2383 1994 λαοῦ,
2417 1947 2435 1979 ι
2469 1929 2534 1980 ὲκ
2570 1924 2863 1998 προσώπου
2894 1923 3058 1978 αὐτοῦ
3094 1924 3343 1977 λέλεκται
3384 1924 3520 1995 περὶ
3551 1923 3666 1976 τῶν

384 2013 733 2069 crediderunt
755 2052 770 2076 ,
804 2012 873 2066 de
898 2012 1096 2081 quibus
1124 2026 1342 2082 quoque
1367 2009 1419 2063 in
1449 2008 1588 2063 Isaia
1612 2010 1777 2064 dicit:
1805 2027 1823 2059 ι
1855 2010 1895 2063 Ε

2178 2021 2481 2093 περιτομῆς
2530 2020 2604 2091 μὴ
2634 2017 3074 2071 πεπιστευκότων
3106 2017 3186 2081 εἰς
3212 2017 3391 2080 αὑτὸν,
3418 2016 3556 2087 περὶ
3588 2008 3665 2069 ὧν

388 2104 551 2175 pandi
588 2118 786 2158 manus
812 2118 961 2158 meas
989 2110 1099 2157 tota
1126 2103 1214 2158 die
1237 2104 1303 2158 ad
1330 2104 1590 2174 pepuium
1615 2102 1899 2158 increduiu

2155 2156 2158 2165 .
2188 2117 2248 2168 ὲν
2287 2113 2487 2184 Ἡσαΐᾳ
2517 2112 2701 2183 φησὶν,
2732 2131 2750 2162 ι
2782 2109 2947 2180 Ὅλην
2977 2109 3074 2180 τήν
3111 2110 3322 2180 ἡμέραν
3352 2108 3666 2173 ἐξεπέτασα

386 2206 443 2251 et
462 2194 926 2267 contradicentem
956 2194 1033 2261 ἰς
1058 2213 1076 2245 ι
1105 2202 1159 2249 et
1200 2195 1345 2264 quod
1365 2235 1381 2260 ,
1415 2213 1434 2246 ι
1462 2193 1756 2250 Custodies
1787 2209 1873 2249 me

2156 2224 2162 2265 τ
2209 2208 2399 2279 χεῖράς
2462 2223 2563 2276 μου
2605 2205 2743 2276 πρὸς
2787 2204 2915 2256 λαὸν
2944 2203 3270 2257 ἀπειθοῦντα
3316 2201 3412 2254 καὶ
3448 2201 3667 2254 ἀντιλέ-

387 2296 554 2359 caput
610 2287 854 2357 gentium
877 2326 891 2350 ,
923 2304 943 2338 ι
971 2295 1135 2357 atque
1157 2326 1172 2348 ,
1204 2304 1223 2337 ι
1254 2285 1496 2356 Populus
1541 2301 1703 2355 quem
1764 2288 1898 2357 igno:

2154 2315 2250 2354 ιτα.
2283 2319 2302 2351 ι
2341 2299 2450 2352 Ka‘t
2475 2297 2643 2351 ὅτιτὸ
2680 2297 2801 2368 μὲν,
2829 2315 2849 2347 ι
2878 2297 3256 2366 Καταστήσεις
3290 2312 3358 2365 με
3382 2296 3468 2358 εἰς
3490 2310 3665 2361 κεφα-

389 2378 590 2433 serviet
605 2376 758 2442 mihi,
774 2376 961 2431 auditu
978 2376 1127 2430 auris
1140 2376 1394 2432 obedient
1411 2377 1541 2430 mihi
1560 2396 1578 2428 ι
1597 2377 1662 2431 de
1679 2379 1900 2448 gentiliu

2153 2388 2372 2452 θὲθνῶν,
2402 2408 2420 2442 ι
2441 2388 2535 2442 καὶ
2549 2389 2628 2456 τὸ,
2651 2406 2670 2440 ι
2693 2388 2833 2451 Λαὸς
2851 2388 2908 2440 ὃν
2928 2388 3029 2441 οὐκ
3050 2387 3219 2457 ἔγνων
3240 2385 3524 2440 ὲδούλευσέ
3551 2402 3664 2455 μοι*

390 2470 633 2526 Ecclesia
662 2470 1009 2541 praedicitur;
1032 2470 1162 2525 illud
1182 2485 1331 2533 vero,
1355 2488 1373 2520 ι
1391 2468 1511 2523 Filii
1528 2470 1688 2525 alieni
1706 2473 1901 2527 resiste

2174 2480 2343 2553 ἀκοὴν
2371 2481 2531 2535 ώτίου
2561 2480 2839 2552 ὑπήκουσέ
2884 2497 3007 2550 μου,
3048 2498 3067 2532 ι
3108 2482 3236 2550 περὶ
3267 2481 3365 2549 τῆς
3398 2479 3462 2542 ἐξ
3491 2477 3666 2532 ἐθνῶν

389 2563 548 2629 mhi,
571 2581 590 2614 ι
614 2563 902 2633 impiarum
924 2563 1198 2619 biereseon
1214 2578 1428 2619 errores
1445 2564 1512 2619 de
1544 2565 1824 2620 Salvatore
1847 2580 1900 2619 οι

2153 2573 2410 2642 κκλησίας
2427 2574 2849 2645 προφητεύεται·
2872 2575 2933 2627 τὸ
2948 2574 3025 2636 δὲ,
3047 2591 3065 2624 ι
3085 2572 3203 2625 Υἱοὶ
3219 2571 3488 2641 ἀλλότριοι
3504 2569 3664 2639 ἐψεύ-

390 2656 446 2711 ni
471 2670 651 2725 umque
680 2654 788 2709 Deo
821 2653 1047 2718 indicat,
1078 2669 1214 2725 quos
1236 2654 1525 2710 defluxisse
1550 2654 1654 2711 fert
1687 2654 1901 2725 Scriptu

2153 2665 2239 2717 ντό
2301 2683 2412 2736 μοι,
2454 2685 2473 2717 ι
2516 2667 2645 2737 περὶ
2692 2666 2802 2719 τῶν
2852 2666 3031 2719 ἀθέων
3074 2664 3340 2735 αἱρέσεων
3380 2661 3455 2715 τὰ
3490 2659 3664 2729 ψευδῆ

395 2764 414 2797 ι
434 2745 813 2800 contractosin
833 2746 1101 2816 angustiis
1119 2746 1253 2811 suis,
1283 2764 1300 2796 ι
1323 2746 1529 2801 scilicet
1551 2746 1606 2800 in
1619 2762 1860 2802 errorem
1884 2746 1906 2800 i1

2154 2755 2207 2826 ρὶ
2229 2754 2393 2807 αὐτοῦ
2420 2754 2515 2808 τοῦ
2548 2756 2802 2828 Σωτῆρος
2829 2757 2922 2809 καὶ
2941 2754 3034 2809 τοῦ
3061 2753 3194 2808 Θεοῦ
3224 2752 3331 2806 τῶν
3361 2752 3501 2805 ὅλων
3532 2751 3661 2804 ἀνα-

391 2837 591 2893 ductos
618 2837 903 2892 fallacibus
919 2852 1108 2892 eorum
1125 2836 1569 2908 absconditisque
1594 2838 1902 2911 opinionibu

2151 2843 2454 2909 πλακότων,
2503 2844 2597 2909 οὒς
2646 2847 2739 2899 καὶ
2775 2864 2794 2897 ι
2849 2843 3320 2917 ἀπορριφήσεσθαί
3371 2864 3389 2895 ι
3424 2858 3592 2913 φησιν
3631 2842 3662 2894 ό

391 2931 549 3000 λόγος
584 2950 603 2983 ι
646 2931 1061 3000 ἀποσφαλέντας
1095 2931 1206 2985 τῶν
1259 2932 1637 3005 συγκλεισμῶν
1694 2934 1921 3002 ἑαυτῶν,
1967 2955 1987 2989 ο
2029 2938 2306 2994 τουτέστιν
2350 2940 2815 3006 ἀποπεπτωκότας
2856 2940 2964 2995 τῶν
3006 2941 3251 2995 ὑπούλων
3311 2939 3409 2994 καὶ
3462 2940 3661 2994 ἀποκι-

393 3022 724 3096 κρυμμένων
765 3025 944 3077 αὐτῶν
982 3023 1535 3095 ψευ(δο)δοξημὰτων.

956 3157 1191 3214 CAPUT
1229 3158 1396 3216 XXII.
1999 3149 2044 3207 C

1999 3149 2044 3207 ο
2586 3164 2984 3218 κεφΑΑΑιοΝ
3024 3162 3154 3217 KB'.

839 3269 886 3323 E
925 3270 1078 3324 tertio
1118 3270 1316 3341 Regum
1359 3272 1520 3327 libro.

2448 3280 2536 3331 Εκ
2569 3276 2680 3346 τῆς
2709 3284 2757 3347 γ’
2799 3276 2919 3330 τῶν
2953 3275 3306 3332 Βασιλειῶν.

474 3400 495 3435 ι
524 3383 591 3437 Ει
621 3394 797 3444 nunc,
827 3379 1059 3437 Domine
1088 3382 1232 3440 Deus
1261 3383 1426 3439 israel
1448 3428 1462 3449 ,
1496 3385 1781 3440 firmentur
1808 3387 1972 3443 verba

2150 3408 2169 3440 ι
2191 3388 2301 3442 Kal.
2317 3388 2432 3451 νῦν,
2450 3387 2625 3458 Κύριε
2639 3386 2811 3451 όΘεὸς
2824 3386 3064 3459 Ἰσραὴλ,
3078 3386 3402 3457 πιστωθήτω
3418 3386 3484 3458 δὴ
3496 3386 3557 3440 τὸ
3573 3386 3658 3459 ῥῆ-

398 3483 524 3541 tua,
570 3492 691 3546 quae
720 3476 934 3532 locutus
974 3492 1035 3531 es
1086 3493 1246 3533 servo
1292 3486 1388 3533 tuo
1431 3479 1599 3535 David
1644 3480 1784 3551 patri
1830 3495 1909 3534 me

2144 3482 2157 3532 ι
2183 3497 2300 3541 σου,
2328 3480 2356 3533 ὃ
2384 3478 2652 3550 ἐλάλησας
2687 3478 2763 3549 τῷ
2791 3478 2941 3531 παιδί
2970 3494 3063 3531 σου
3091 3477 3170 3549 τῷ
3198 3478 3360 3531 Δαυὶδ
3387 3479 3467 3548 τῷ
3497 3479 3655 3553 πατρί

399 3567 615 3639 Ergone
641 3568 941 3639 putandum
969 3574 1054 3621 est
1078 3568 1224 3638 quod
1254 3585 1378 3625 vere
1405 3569 1546 3626 Deus
1573 3570 1779 3625 habitet
1808 3586 1910 3640 sup

2142 3589 2180 3624 »υ
2201 3588 2213 3601 ·
2239 3571 2319 3623 ὅτι
2354 3572 2404 3623 εἰ
2428 3568 2643 3640 ἀληθῶς
2668 3571 2984 3640 κατοικήσει
2998 3570 3027 3621 ό
3045 3568 3177 3632 Θεὸς
3199 3569 3336 3640 μετὰ
3359 3569 3653 3641 ἀνθρώπων

400 3668 624 3724 terram,
678 3660 725 3714 si
756 3660 901 3715 enim
929 3661 1128 3715 coelum
1158 3668 1212 3716 et
1240 3663 1364 3715 coeli
1394 3663 1658 3716 caelorum
1698 3671 1751 3717 te
1779 3679 1911 3732 cape

2139 3665 2168 3716 :‘t
2178 3664 2277 3734 τῆς
2292 3664 2413 3733 γῆς,
2427 3664 2475 3714 εἰ
2493 3665 2521 3716 ό
2535 3661 2758 3731 οὐρανὸς
2775 3659 2869 3713 τοῦ
2888 3659 3118 3731 ούρανοῦ
3135 3660 3234 3713 οὐκ
3250 3660 3476 3732 ἀρκέσει
3494 3678 3572 3713 σοι
3591 3678 3605 3725 ;
3632 3679 3650 3713 ι

400 3766 512 3806 non
536 3760 767 3820 possunt
793 3750 876 3803 "1’
906 3771 924 3803 ι
956 3749 1092 3806 Fere
1121 3751 1188 3806 iis
1217 3751 1418 3807 similia
1450 3752 1505 3806 in
1536 3754 1780 3807 secundo
1808 3752 1911 3807 Par

2147 3776 2157 3811 l
2198 3756 2555 3829 παραπλήσια
2591 3755 2802 3818 τούτοις
2822 3754 2914 3806 καὶ
2936 3757 2995 3808 έν
3017 3756 3085 3825 τῇ
3113 3753 3341 3824 δευτέρᾳ
3361 3753 3472 3805 τῶν
3488 3754 3658 3824 Παρα-

398 3841 713 3912 iipomenon
742 3840 887 3895 libro
917 3855 947 3895 a
981 3840 1278 3897 Salomone
1307 3842 1453 3897 dicta
1483 3851 1612 3897 sunt
1659 3844 1715 3897 in
1759 3859 1858 3899 sua
1905 3863 1909 3895 :

2146 3849 2406 3919 ιπομένων
2432 3848 2536 3901 ὑπὸ
2555 3847 2649 3900 τοῦ
2669 3846 2977 3917 Σολομῶνος
2996 3845 3208 3916 εἴρηται
3233 3847 3290 3898 ὲν
3310 3847 3377 3915 τῇ
3402 3845 3541 3917 πρὸς
3572 3845 3657 3898 τὸν

401 3930 571 3987 Deum
601 3932 850 3987 oratione
876 3931 944 3987 ”.
977 3931 1262 3988 Manifesta
1292 3933 1456 4006 igitur
1482 3933 1570 3987 hic
1596 3949 1814 4004 quoque
1835 3950 1912 4005 pr:

2141 3986 2143 3994 ι
2176 3942 2242 3996 I6
2276 3942 2349 4011 ν’)
2391 3940 2522 3993 Θεὸν
2572 3940 2728 4010 εὐχῇ.
2755 3938 2947 4007 Σαφῶς
2973 3934 3067 3991 οὖν
3103 3938 3196 3990 καὶ
3229 3936 3415 3990 ἐνθάδε
3450 3952 3652 4007 προφη-

403 4020 538 4076 dicit
569 4020 714 4077 Deus
744 4037 803 4077 se
833 4037 959 4076 cum
990 4022 1303 4078 hominibus
1353 4038 1519 4093 super
1565 4031 1767 4078 terram
1817 4024 1914 4078 hab

2141 4032 2290 4086 ύεται
2328 4034 2356 4086 ὁ
2399 4028 2531 4095 Θεὸς
2561 4031 2909 4101 κατοικήσειν
2944 4029 3082 4100 μετὰ
3109 4026 3413 4098 ἀνθρώπων
3443 4029 3537 4080 ἐπὶ
3564 4029 3652 4099 τῆς

400 4118 647 4168 taturum
703 4129 846 4169 esse.
890 4112 1049 4180 Quod
1105 4116 1322 4185 quidem
1367 4116 1527 4170 uobis
1568 4116 1841 4185 expletum
1889 4132 1911 4170 ε

2139 4126 2212 4195 ις.
2258 4124 2288 4177 ὃ
2338 4125 2434 4178 καὶ
2464 4124 2596 4178 αὐτὸ
2646 4124 2822 4196 πέρας
2868 4121 3058 4193 εἴληφε
3115 4120 3238 4174 καθ’
3275 4122 3426 4191 ἡμᾶς
3464 4121 3558 4173 ἐπὶ
3593 4124 3650 4191 τῇ

399 4201 607 4259 Christi
635 4204 872 4261 adventu
888 4244 904 4270 ,
927 4220 1038 4276 quo
1062 4203 1207 4261 Deus
1226 4204 1464 4261 Verbum
1498 4206 1820 4262 incarnatus
1847 4220 1910 4260 cu

2141 4215 2312 4288 ριστοῦ
2348 4216 2611 4287 ¹γενομένῃ
2653 4215 2946 4285 παρουσίᾳ,
2988 4212 3109 4266 καθ’
3143 4215 3208 4282 ἢν
3251 4213 3279 4264 ό
3326 4212 3463 4274 Θεὸς
3495 4214 3652 4280 Λόγος

402 4292 685 4350 hominum
715 4311 914 4366 genere
942 4304 1320 4351 commoratus
1349 4304 1456 4351 est.

2138 4308 2506 4380 ανθρωπήσας
2539 4306 2877 4380 συνδιέτριψε
2903 4304 2980 4376 τῷ
3011 4306 3160 4375 γένει
3187 4304 3296 4357 τῶν
3337 4304 3649 4377 ἀνθρώπιον.

955 4425 1185 4482 CAPUT
1222 4425 1418 4482 XXIII.

2591 4441 2989 4496 ΚΕΦΑΛΑΙΟΝ
3024 4441 3149 4493 Kl".

405 4538 455 4596 E
473 4540 644 4610 primo
667 4539 1113 4609 Paralipomenon
1142 4539 1298 4594 libro.
1356 4540 1575 4611 Nathan
1616 4540 1685 4595 ad
1724 4539 1916 4595 Davide

2139 4537 2207 4611 ῖίι.
2229 4531 2351 4611 ,τῆς
2385 4539 2436 4586 α’
2465 4530 2585 4611 τῶν
2616 4530 3174 4611 ηαρᾳυιειπξομένξευη
3215 4530 3278 4583 ὀ
3304 4530 3526 4611 Κύριος
3562 4529 3650 4611 ἐθίά

852 4600 967 4682 post
1001 4611 1113 4664 alia
1139 4620 1188 4665 et
1218 4611 1328 4665 haec
1360 4609 1514 4664 dicit.
2155 4600 2359 4658 Νάθαν

2157 4673 2339 4742 λέγει.

2155 4600 2359 4728 [ἔέάθάν
2398 4604 2547 4674 πρὸς
2588 4600 2713 4656 τὸν
2741 4601 2924 4657 Δαυὶδ
2958 4600 3089 4670 μεθ’
3140 4600 3309 4669 ἕτερα
3354 4600 3454 4653 καὶ
3481 4601 3650 4654 ταῦτα

2230 4690 2339 4742 γει.

481 4804 500 4839 ι
527 4787 775 4856 Cumque
806 4784 1115 4855 impleveris
1144 4784 1264 4842 dies
1305 4794 1428 4841 tuos
1451 4825 1465 4851 ,
1499 4792 1558 4839 ut
1584 4785 1754 4841 vadas
1770 4785 1849 4840 ad
1881 4802 1977 4857 pa-

2161 4805 2180 4836 ι
2217 4787 2325 4839 Καὶ
2373 4785 2526 4841 ἔσται
2548 4786 2677 4839 ὅταν
2707 4781 3067 4854 πληρωθῶσιν
3105 4784 3163 4836 αἱ
3189 4781 3395 4853 ήμέραι
3428 4800 3544 4847 σου,
3568 4784 3649 4837 καὶ

404 4887 518 4934 tres
548 4887 701 4940 tuos,
732 4876 1014 4930 suscitabo
1042 4890 1231 4931 semen
1258 4883 1411 4930 tuum
1436 4884 1562 4946 post
1592 4885 1674 4944 te,
1701 4876 1850 4946 quod
1875 4892 1915 4931 ει

2137 4874 2394 4947 ιιμήθήσῃ
2429 4874 2566 4945 μετὰ
2593 4873 2703 4926 τῶν
2735 4874 2987 4944 πατέρων
3016 4889 3133 4937 σου,
3164 4873 3257 4925 καὶ
3284 4874 3570 4945 ἀναστήσω
3596 4875 3648 4926 τὸ

405 4968 475 5023 de
503 4968 632 5023 iiiiis
662 4967 774 5023 tuis
799 4984 814 5022 :
857 4975 910 5021 et
940 4967 1215 5022 stabiliam
1245 4982 1475 5037 regnum
1503 4967 1624 5037 ejus
1650 4984 1665 5034 ;
1701 4969 1817 5038 ipse
1846 4968 1916 5023 aed

2131 4966 2312 5036 πέρμα
2358 4982 2452 5018 σου
2506 4964 2642 5036 μετὰ
2677 4963 2759 5028 σὲ,
2786 4963 2846 5027 ὃς
2872 4962 3024 5017 ἔσται
3066 4964 3131 5016 ὲκ
3167 4963 3265 5034 τῆς
3292 4963 3500 5028 κοιλίας
3531 4981 3642 5017 σου·

407 5058 591 5114 ﬁcabit
621 5058 754 5114 mihi
783 5058 1004 5113 domum
1030 5098 1046 5123 ,
1082 5067 1137 5115 et
1166 5057 1395 5113 firmabo
1425 5060 1623 5115 solium
1650 5059 1772 5129 ejus
1805 5076 1918 5129 ιιεψ

2134 5058 2180 5110 xl.
2225 5056 2497 5127 ἑτοιμάσω
2523 5057 2622 5129 τὴν
2657 5054 2931 5126 βασιλειαν
2967 5071 3063 5107 σου
3083 5071 3098 5084 °
3132 5055 3293 5118 αὐτὸς
3316 5056 3645 5127 οἰκοδομήσει

406 5151 464 5206 in
489 5158 774 5207 aeternum.
803 5149 913 5222 Ego
937 5166 1034 5205 ero
1062 5149 1138 5204 illi
1163 5150 1216 5205 in
1244 5160 1475 5222 patrem,
1504 5158 1559 5206 et
1584 5152 1698 5222 ipse
1724 5152 1829 5205 erit
1853 5152 1917 5205 mi

2134 5168 2180 5204 οι
2228 5144 2375 5205 οἷκον
2392 5163 2407 5179 ⁸
2444 5150 2538 5202 καὶ
2586 5147 2880 5221 ἀνορθώσω
2931 5147 3023 5200 τὸν
3066 5145 3255 5217 θρόνον
3297 5148 3465 5201 αὐτοῦ
3488 5166 3504 5178 ·
3547 5148 3645 5217 ἐγὼ

406 5242 465 5300 in
498 5244 669 5298 filium
697 5261 712 5308 ;
742 5250 799 5297 et
839 5238 1274 5297 misericordiam
1300 5257 1471 5297 meam
1504 5257 1613 5297 non
1645 5241 1885 5297 auferam
1914 5264 1917 5291 ;

2129 5260 2281 5312 ςομαι
2302 5240 2448 5311 αὐτῷ
2470 5242 2549 5305 εἰς
2565 5241 2796 5311 πατέρα.
2820 5241 2915 5293 καὶ
2937 5240 3097 5303 αὐτὸς
3122 5238 3274 5293 ἔσται
3298 5256 3389 5311 μοι
3415 5242 3497 5303 εἰς
3515 5240 3640 5295 υἱόν·

405 5347 475 5390 eo
497 5373 511 5395 .
547 5335 692 5387 sicut
718 5333 922 5388 abstuli
954 5333 1022 5387 ab
1044 5348 1110 5389 eo
1132 5333 1225 5403 qui
1255 5344 1380 5388 ante
1408 5342 1462 5389 te
1492 5333 1614 5388 fuit.
1652 5334 1716 5387 Et
1746 5341 1916 5388 statua

2128 5331 2182 5384 αὶ
2212 5330 2273 5383 τὸ
2303 5329 2449 5393 ἔλεός
2485 5346 2586 5400 μου
2618 5329 2718 5382 ούκ
2748 5330 3044 5400 ἀποστήσω
3086 5329 3182 5380 ἀπ’
3208 5327 3398 5393 αὑτοῦ,
3436 5330 3513 5393 ὡς
3549 5331 3639 5383 ἀπ-

408 5440 534 5482 eum
565 5426 621 5481 in
652 5426 821 5481 domo
846 5439 967 5481 mea
986 5464 1002 5492 ,
1034 5432 1089 5481 et
1116 5424 1171 5480 in
1210 5441 1380 5499 regno
1408 5441 1530 5481 meo
1554 5439 1733 5496 usque
1760 5425 1816 5479 in
1847 5440 1919 5481 sel

2129 5438 2295 5492 στησα
2324 5421 2431 5475 ἀπὸ
2461 5420 2571 5474 τῶν
2592 5419 2902 5494 ἔμπροσθέν
2931 5436 3025 5473 σου
3046 5437 3060 5451 ·
3088 5422 3181 5475 καὶ
3214 5419 3471 5476 πιστώσω
3496 5420 3640 5476 αὐτὸν

478 5597 525 5629 ⁸³
561 5599 607 5654 li
643 5599 776 5671 Reg.
813 5618 958 5669 xxu,
996 5604 1045 5658 i.
1123 5605 1167 5638 ⁸⁹
1225 5603 1357 5661 ibid.
1400 5605 1486 5663 i0.
1561 5605 1606 5638 ’°
1646 5604 1780 5662 ibid.
1846 5605 1918 5660 II

407 5669 596 5725 Paral.
635 5686 722 5733 v1,
759 5672 847 5725 t7.

2121 5605 2152 5635 ’ί
2196 5603 2299 5661 isa.
2361 5618 2483 5671 va,
2523 5604 2575 5659 2.
2654 5604 2699 5636 ’³
2736 5599 2803 5659 IlI
2834 5600 2969 5675 Reg.
3008 5618 3143 5671 vui,
3207 5604 3307 5672 26,
3360 5605 3453 5661 27.
3521 5603 3563 5637 ⁸³
3597 5598 3632 5655 li
