3826 6216
74 294 238 349 mas
1113 300 1434 357 semen:
1477 299 1958 356 meruerim;
2000 327 2064 339 —
2094 298 2222 354 LIB.
2266 303 2307 353 1.
3231 253 3378 352 inse

73 419 139 469 ἐν
177 418 337 490 οἴκῳ
371 436 474 489 μου
504 420 599 473 καὶ
619 420 678 472 ὲν
711 419 957 493 βασιλείᾳ
989 421 1153 474 αὐτοῦ
1181 422 1286 485 ἓως
1308 419 1524 484 αἰῶνος,
1556 421 1648 472 καὶ
1671 422 1698 473 6

1828 421 2083 488 )iternum
2112 439 2124 472 :
2156 427 2210 471 et
2237 419 2474 474 thronus
2504 417 2626 488 ejus
2655 417 2760 472 erit
2794 416 3144 472 ﬁrmissimus
3173 417 3227 471 in
3261 435 3382 487 per-

75 511 298 581 θρόνος
327 513 495 566 αὐτοῦ
530 513 920 584 ἀνωρθωμένος
946 514 1050 579 ἓως
1078 514 1292 578 αἰῶνος.
1327 535 1344 565 ι
1377 515 1484 566 Καὶ
1505 512 1695 578 ταῦτα,

1828 523 2031 566 ictuum
2063 511 2130 565 9".
2160 532 2178 563 ι
2195 510 2322 566 Haec
2349 510 2551 566 similia
2583 509 2651 565 iis
2677 525 2797 578 quae
2824 509 2880 562 in
2906 510 3147 563 secundo
3173 506 3379 578 Regum

76 605 270 674 ὃμοια.
306 603 440 659 ὄντα
466 608 577 667 τοῖς
599 607 663 667 ὲκ
691 607 790 676 τῆς
820 603 1078 676 δευτέρας
1108 605 1214 659 τῶν
1252 602 1544 656 Βασιλειῶν
1575 620 1701 675 προ-

1828 605 1947 659 ibro
1973 605 2285 659 notavimus
2316 603 2839 673 explanavimusque
2862 641 2877 665 ,
2907 616 3017 655 non
3048 601 3278 654 multum
3313 599 3381 653 ab

79 695 452 767 εκτεθείσης,
491 697 951 768 σημιωσὰμενοι,
981 696 1070 750 διὰ
1110 697 1171 749 τὸ
1205 698 1279 768 μὴ
1324 697 1521 769 πολλὴν
1560 693 1699 749 εἶναι

1828 697 2012 752 :isdem
2055 695 2352 751 differunt:
2399 709 2572 766 quare
2616 693 2683 748 ad
2729 692 2985 764 praedicta
3025 691 3128 746 hoc
3169 691 3224 745 in
3262 690 3383 746 loco

79 789 192 860 τὴν
228 790 446 843 τούτων
487 790 624 860 πρὸς
649 791 833 844 ἐκεῖνα
864 789 1216 862 παραλλαγὴν
1249 789 1701 862 ἀρκεσθησόμεθα

1828 790 2164 846 remittimus.

82 887 211 947 τοῖς
253 885 339 948 εἰς
375 887 555 938 ὲκεῖνα
591 884 922 957 εἰρημένοις.

624 1021 1021 1077 ΚΕΦΑΛΑΙΟΝ
1068 1023 1192 1074 ΚΔ⁹.
1260 976 1264 980 ι

402 1137 502 1191 Ἐκ
531 1135 644 1206 τῆς
674 1136 721 1188 ϐ’
753 1133 874 1189 τῶν
911 1131 1465 1204 Παραλειπομένων.

173 1267 197 1299 ‹
256 1247 375 1302 Καὶ
411 1245 526 1311 νῦν,
577 1246 749 1318 Κύριε
786 1249 815 1300 6
844 1246 975 1316 Θεὸς
1022 1245 1256 1317 Ἰσραὴλ,
1283 1244 1606 1315 πιστωθήτω
1637 1243 1702 1316 δὴ

90 1341 159 1394 τὸ
191 1341 358 1412 ῥῆμά
386 1357 499 1403 σου,
531 1339 560 1392 ὃ
591 1339 860 1410 ὲλάλησας
886 1337 964 1408 τῷ
998 1336 1146 1390 παιδί
1176 1353 1270 1389 σου
1303 1335 1380 1406 τῷ
1411 1335 1593 1398 Δαυὶδ,
1621 1335 1702 1387 ὃτι

93 1429 332 1500 ἀληθῶς
348 1428 667 1497 κατοικήσει
686 1428 713 1479 6
726 1425 857 1490 Θεὸς
883 1425 1021 1496 μετὰ
1037 1418 1336 1498 ἀνθρώπων
1358 1424 1448 1476 ἐπὶ
1464 1424 1562 1494 τῆς
1577 1423 1702 1493 γῆς,

93 1527 147 1577 εἰ
184 1525 218 1576 6
242 1523 477 1594 οὐρανὸς
502 1521 640 1574 καὶὸ
662 1519 888 1591 οὐρανὸς
916 1517 1008 1571 τοῦ
1026 1515 1251 1588 οὐρανοῦ
1279 1517 1377 1568 οὐκ
1414 1514 1705 1586 ἀρκέσουσί

96 1634 216 1670 σοι.
261 1637 279 1668 ι
321 1617 432 1669 Καὶ
465 1616 544 1678 εἰς
581 1613 751 1667 ταῦτα
791 1611 1072 1684 εἰρηκότες
1104 1609 1251 1675 ἆπαξ
1293 1611 1381 1662 ὅτε
1411 1607 1480 1660 τά
1511 1609 1575 1660 ἐκ
1605 1607 1706 1676 τῆς

93 1717 149 1779 γ’
188 1709 312 1762 τῶν
346 1705 642 1762 Βασιλειῶν
681 1703 997 1775 ὲξεθέμεθα,
1032 1701 1127 1756 νῦν
1178 1702 1236 1754 οὐ
1276 1699 1698 1771 δευτερώσομεν.

624 1839 1021 1893 ΚΕΦΑΛΑῙΟΝ
1069 1836 1198 1891 ΚΕ’.

111 1956 232 2010 Ἐκ
279 1953 390 2010 τοῦ
427 1951 616 2023 Ἔζοιι.
667 1953 730 2003 '0
773 1949 1104 2032 ζοροϐἀϐελ
1151 1949 1221 2001 ἐν
1270 1946 1344 2016 τῇ
1382 1945 1710 2016 δημηγορίᾳ

704 2020 891 2075 ταῦτά
925 2035 1133 2090 φησιν.

187 2161 210 2192 ι
242 2137 630 2211 Ἀνδρες,οὐχὶ
665 2137 882 2207 ἰσχυραὶ
914 2136 969 2188 αἱ
1001 2136 1291 2203 γυναῖκες;
1320 2133 1528 2202 μεγάλη
1563 2132 1597 2202 ἡ
1639 2131 1708 2201 γῆ

99 2233 211 2286 καὶ
251 2231 457 2301 ὑψηλὸς
488 2232 516 2284 6
545 2228 796 2299 οὐρανός*
828 2226 923 2279 καὶ
963 2226 1130 2295 ταχὺς
1153 2224 1229 2295 τῷ
1263 2224 1449 2295 δρόμῳ
1473 2225 1501 2276 6
1529 2222 1706 2291 ἥλιος·

102 2325 197 2383 ὅτι
255 2323 549 2394 στρέφεται
592 2322 649 2372 ἐν
677 2317 754 2388 τῷ
796 2317 981 2387 κύκλῳ
1009 2315 1102 2368 τοῦ
1140 2313 1392 2386 οὐρανοῦ,
1425 2313 1518 2366 καὶ
1549 2313 1712 2365 πάλιν

104 2417 422 2487 ἀποτρέχει
466 2416 546 2476 εἰς
585 2415 677 2466 τὸν
710 2409 902 2464 ἑαυτοῦ
925 2409 1092 2462 τόπον
1119 2409 1175 2459 ὲν
1203 2406 1388 2478 ἡμέρᾳ
1426 2406 1523 2475 μιᾷ
1543 2420 1556 2433 ·
1591 2403 1712 2473 οὐχὶ

112 2512 306 2584 μέγας
344 2511 404 2573 ὃς
445 2507 619 2562 ταῦτα
676 2509 851 2568 ποιεῖ,
884 2505 978 2557 καὶ
1009 2505 1041 2574 ἡ
1077 2502 1305 2572 ἀλήθεια
1355 2500 1587 2571 μεγάλη,
1619 2499 1713 2551 καὶ

112 2605 330 2677 ἰσχυρά
359 2602 506 2676 παρά
534 2601 743 2667 πάντας
777 2602 925 2654 πᾶσα
956 2601 989 2668 ή
1021 2597 1094 2668 γῆ
1137 2596 1235 2667 τὴν
1269 2595 1528 2664 ἀλήθειαν
1558 2593 1714 2646 καλεῖ

111 2697 226 2750 καὶ
277 2697 307 2748 6
351 2693 576 2764 οὐρανὸς
617 2690 786 2762 αὐτὴν
841 2690 1080 2756 εὐλογεῖ·
1115 2688 1210 2740 καὶ
1237 2685 1417 2738 πάντα
1459 2684 1526 2737 τά
1576 2683 1714 2754 ἔργα

115 2789 337 2844 σείεται
368 2787 463 2841 καὶ
493 2786 687 2858 τρέμει
707 2804 718 2813 ·
750 2785 845 2837 καὶ
869 2783 970 2834 οὐκ
1001 2781 1117 2834 ἔστι
1155 2781 1270 2850 μετ’
1307 2777 1473 2831 αὐτοῦ
1519 2777 1626 2829 οὐδ’
1657 2775 1714 2828 ἓν

113 2881 346 2934 ἄδικον*
392 2877 574 2940 ἄδικος
595 2877 622 2928 6
651 2872 790 2938 οἶνος
811 2891 824 2904 ·
855 2873 1037 2935 ἄδικος
1075 2871 1102 2922 6
1140 2869 1391 2941 βασιλεύς
1409 2883 1424 2898 ⁸
1457 2868 1628 2921 ἄδικοι
1657 2867 1714 2919 αἰ

115 2973 418 3042 γυναῖκες·
445 2969 617 3025 ἄδικοι
642 2969 691 3021 οἱ
722 2967 827 3020 υἱοὶ
853 2964 963 3018 τῶν
992 2961 1321 3036 ἀνθρώπων·
1348 2960 1442 3014 καὶ
1464 2960 1622 3014 ἄδικα.
1647 2958 1717 3012 τὰ

116 3067 272 3136 ἔργα
329 3062 506 3116 αὐτῶν
570 3060 747 3114 πάντα
791 3057 860 3111 τά
900 3056 1154 3109 τοιαῦτα·
1191 3054 1286 3107 καὶ
1323 3052 1423 3106 οὐκ
1469 3051 1616 3104 ἔστιν
1659 3051 1716 3103 ὲν

115 3155 318 3216 αὐτοῖς
349 3151 572 3222 ἀλήθεια
591 3168 604 3180 ο
637 3150 731 3202 καὶ
763 3149 820 3200 ὲν
852 3149 917 3217 τῇ
947 3145 1129 3214 ἀδικίᾳ
1149 3142 1326 3197 αὐτῶν
1359 3141 1713 3196 ἀπολοῦνται·

119 3245 231 3299 καὶ
268 3246 304 3315 ἡ
353 3241 580 3314 ἀλήθεια
637 3241 784 3311 μένει
832 3239 911 3300 εἰς
953 3236 1046 3288 τὸν
1084 3233 1276 3297 αἰῶνα,
1307 3232 1404 3284 καλ⁸
1439 3231 1611 3301 ἰσχύει
1638 3231 1718 3292 είς

117 3339 225 3391 τὸν
277 3335 472 3397 αἰῶνα,
518 3333 613 3385 καὶ
667 3330 732 3402 ζῇ
785 3329 878 3382 καὶ
918 3329 1110 3399 κρατεῖ
1143 3328 1222 3389 εἰς
1281 3324 1370 3378 τὸν
1416 3322 1587 3376 αἰῶνα
1622 3319 1716 3373 τοῦ

121 3428 361 3490 αἰῶνος·
420 3426 515 3479 καὶ
568 3425 667 3477 οὐκ
716 3421 832 3475 ἔστι
885 3423 1016 3494 παρ’
1044 3419 1180 3489 αὐτῇ
1225 3415 1409 3468 λαϐεῖν
1452 3415 1718 3486 πρόσωπα

123 3520 256 3574 οὐδὲ
288 3518 546 3589 διαφορά·
583 3515 718 3574 ἀλλά
753 3514 821 3568 τά
849 3513 1032 3565 δίκαια
1059 3512 1200 3569 ποιεῖ
1230 3507 1337 3562 ἀπὸ
1372 3507 1590 3560 πάντων
1611 3505 1718 3558 τῶν

124 3612 338 3666 ἀδίκων
394 3610 488 3661 καὶ
537 3605 814 3677 πονηρῶν
858 3603 1120 3673 ἀπέχεται
1172 3601 1410 3661 καὶτοῖς
1442 3594 1722 3650 εὐδοκοῦσι

124 3706 247 3766 τοῖς
274 3701 458 3772 ἔργοις
493 3699 660 3768 αὐτῆς
680 3714 695 3729 ο
725 3697 818 3750 καὶ
843 3695 942 3748 οὐκ
973 3693 1117 3745 ἔστιν
1147 3693 1203 3744 ὲν
1239 3693 1304 3761 τῇ
1339 3689 1518 3760 κρίσει
1549 3685 1721 3756 αὐτῆς

126 3794 292 3847 οὐθὲν
347 3792 530 3846 ἄδικον
550 3808 564 3822 ·
601 3789 695 3843 καὶ
743 3788 912 3857 αὐτῆς
945 3788 977 3856 ἡ
1011 3785 1162 3856 ἰσχὺς
1199 3783 1294 3834 καὶ
1320 3780 1379 3833 τὸ
1412 3777 1678 3850 βασίλειον
1705 3791 1718 3805 '

130 3887 230 3940 καὶ
265 3889 300 3956 ἡ
345 3883 562 3950 ἐξουσία
591 3883 686 3934 καὶ
711 3882 744 3951 ὴ
775 3878 1128 3950 μεγαλειότης
1159 3874 1377 3927 πάντων
1405 3870 1515 3925 τῶν
1541 3869 1604 3934 (Γ.
1632 3868 1720 3938 17)

130 3977 386 4031 αἰώνωνο
417 3974 709 4044 εὐλογητὸς
736 3975 764 4025 ὁ
789 3971 920 4033 Θεὸς
970 3970 1067 4040 τῆς
1123 3964 1401 4037 ἀληθείας.
1443 3982 1461 4014 ι
1522 3959 1722 4014 Ἐπεὶό

131 4070 332 4142 Σωτὴρ
365 4070 460 4123 καὶ
503 4067 708 4138 Κύριος
733 4064 909 4136 ἡμῶν,
938 4061 1109 4130 Λόγος
1140 4058 1216 4112 ὢν
1247 4057 1341 4110 τοῦ
1373 4055 1529 4118 Θεοῦ,
1565 4053 1720 4124 φησὶ,

131 4164 367 4234 φέρεται
399 4156 656 4230 εἰρηκὼς,
701 4175 720 4207 r
779 4152 919 4223 Ἐγὼ
951 4153 1066 4223 εἰμι
1099 4152 1132 4223 ἡ
1159 4147 1406 4219 ἀλήθεια,
1444 4165 1464 4197 ι
1499 4143 1724 4206 εἰκότως

130 4232 220 4308 τάή
257 4251 598 4324 προκείμενα
657 4242 1097 4319 παρατεθείμεθα
1159 4239 1286 4312 περὶ
1330 4237 1431 4307 τῆς
1468 4232 1726 4304 ἀληθείας

131 4346 424 4418 δηλοῦντα,
457 4344 531 4407 ὡς
579 4342 686 4414 ἀρα
733 4337 1026 4393 ὑπόστασίν
1057 4351 1179 4388 τινα
1205 4331 1356 4402 παρά
1379 4329 1470 4384 τὸν
1507 4326 1724 4397 Πατέρα

134 4417 264 4492 καθ’
301 4437 500 4516 ἑαυτὴν
549 4435 694 4505 ἔχει⁹
735 4452 753 4482 ι
801 4431 966 4484 Μένει
999 4426 1128 4497 γὰρ,
1178 4421 1429 4495 φησὶν,ή
1473 4417 1722 4489 ἀλήθεια,

135 4531 233 4583 καὶ
262 4527 437 4597 ἰσχύει
466 4528 545 4588 εἰς
574 4524 662 4576 τὸν
694 4519 886 4584 αἰῶνα,
919 4518 1013 4573 καὶ
1033 4518 1097 4586 ζῇ
1131 4515 1226 4568 καὶ
1251 4512 1469 4582 κρατεῖ·
1503 4509 1594 4560 καὶ
1624 4507 1724 4559 οὐκ

136 4623 258 4676 ἔστι
300 4595 428 4689 παρ’
468 4617 605 4686 αὐτῇ
646 4612 828 4666 λαϐεῖν
869 4609 1155 4679 πρόσωπα,
1193 4624 1210 4653 ι
1245 4602 1341 4656 καὶ
1372 4600 1441 4654 τὰ
1468 4598 1614 4669 ἑξῆς,
1643 4595 1724 4660 οἷς

136 4713 395 4782 ἐπιφέρει
445 4708 572 4779 περὶ
621 4704 717 4758 τοῦ
766 4701 976 4773 Πατρὸς
1025 4697 1161 4752 Θεοῦ
1221 4693 1576 4764 τυγχάνοντος
1629 4689 1724 4743 καὶ

2362 966 2591 1024 CAPUT
2630 965 2817 1022 XXIV.

2095 1079 2142 1133 E
2172 1078 2402 1134 secundo
2442 1078 2895 1147 Paralipomenon
2935 1077 3094 1132 libro.

1883 1256 1902 1289 ι
1933 1237 2000 1291 Ει
2033 1253 2214 1302 nunc,
2261 1233 2488 1291 Domine
2519 1235 2662 1290 Deus
2691 1233 2891 1299 Israel,
2922 1233 3170 1288 ﬁrmetur
3203 1245 3383 1288 sermo

1809 1339 1973 1393 tuus,
2021 1343 2184 1398 quem
2242 1328 2458 1383 locutus
2497 1345 2556 1383 es
2603 1343 2762 1382 servo
2803 1336 2899 1380 tuo
2932 1325 3122 1380 David.
3171 1324 3386 1394 Ergone

1809 1423 2071 1478 credibile
2100 1429 2187 1478 est
2221 1430 2279 1474 ut
2307 1421 2519 1475 habitet
2551 1419 2694 1474 Deus
2725 1435 2848 1472 cum
2881 1418 3192 1472 hominibus
3222 1433 3387 1488 super

1811 1523 2049 1580 terram,
2096 1517 2142 1570 si
2192 1514 2394 1568 coelum
2440 1520 2495 1567 et
2540 1512 2665 1566 (ξωιί
2717 1512 2981 1565 caelorum
3033 1526 3141 1563 non
3198 1520 3247 1563 te
3294 1525 3386 1563 ca-

1810 1607 1968 1679 piunt
1997 1608 2086 1661 '5?
2115 1627 2134 1660 ι
2171 1605 2289 1660 Jam
2321 1621 2498 1675 nuper
2528 1621 2591 1659 ea
2628 1606 2680 1657 in
2713 1603 2922 1674 Regum
2957 1603 3096 1656 libro
3126 1603 3387 1672 explana-

1810 1701 2023 1763 vimus,
2057 1713 2158 1752 nec
2188 1712 2309 1768 quae
2345 1697 2590 1750 diximus
2622 1695 2868 1749 iteranda
2899 1708 3205 1747 censemus.

2362 1831 2594 1888 CAPUT
2658 1829 2823 1885 XXV.

1812 1948 1897 2004 Ea:
1929 1947 2119 2004 Esdrw
2148 1946 2304 2002 libro.
2349 1945 2478 1999 Hazc
2511 1942 2808 1996 Zorobabel
2834 1957 3013 1994 coram
3039 1941 3231 2011 populo
3271 1956 3389 1994 con-

2381 2017 2628 2068 cinnatus
2657 2013 2806 2068 dicit.

1888 2153 1904 2185 ι
1937 2133 1981 2188 Ο
2014 2133 2139 2197 viri,
2171 2145 2354 2185 nonne
2406 2130 2575 2183 fortes
2607 2135 2734 2182 sunt
2756 2126 3010 2180 mulieres
3036 2127 3059 2178 ?
3091 2125 3280 2194 Magna
3305 2130 3390 2178 est

1811 2235 1990 2288 terra,
2042 2235 2097 2281 et
2145 2225 2424 2280 excelsum
2469 2229 2554 2277 est
2597 2220 2837 2274 cmlum:
2887 2225 2940 2272 et
2984 2218 3140 2272 velox
3190 2231 3389 2273 cursus

1816 2319 1950 2374 solis
1993 2317 2267 2372 convertit
2305 2318 2359 2369 in
2407 2328 2540 2384 gyro
2585 2312 2786 2365 malum
2830 2310 2884 2362 in
2923 2310 3101 2362 locum
3148 2324 3305 2364 suum
3334 2309 3390 2360 i:

1816 2424 1924 2464 una
1972 2409 2082 2464 die.
2138 2407 2334 2462 Nonne
2376 2404 2700 2474 magniﬁcus
2744 2411 2828 2456 est
2871 2402 2963 2471 qui
2997 2403 3110 2454 haec
3141 2399 3305 2461 facit,
3337 2405 3393 2452 et

1816 2501 2023 2555 veritas
2069 2514 2302 2569 magna,
2350 2504 2404 2552 et
2455 2496 2649 2550 fortior
2695 2509 2806 2564 prae
2855 2489 3154 2548 omnibus?
3199 2487 3394 2543 Omnis

1815 2599 1964 2644 terra
1996 2575 2283 2643 veritatem
2318 2587 2569 2648 invocat,
2602 2587 2800 2638 coelum
2831 2582 2994 2635 etiam
3028 2581 3203 2649 ipsam
3229 2579 3394 2632 bene-

1815 2682 1984 2743 dicit,
2015 2687 2070 2734 et
2101 2679 2286 2732 omnia
2317 2691 2482 2747 opera
2513 2683 2824 2735 moventur,
2856 2678 2910 2726 et
2951 2678 3191 2723 tremunt
3233 2682 3391 2729 eam,

1821 2783 1875 2829 et
1904 2789 2012 2828 non
2045 2779 2130 2827 est
2159 2787 2282 2825 cum
2314 2786 2377 2825 ea
2407 2769 2705 2840 quidquam
2740 2766 3008 2834 iniquum.
3051 2760 3252 2814 Vinum
3291 2759 3396 2811 ini-

1820 2883 1988 2938 quum
2013 2907 2028 2930 ,
2060 2865 2284 2935 iniquus
2311 2879 2405 2918 rex
2427 2903 2441 2927 ,
2472 2863 2673 2931 iniquae
2699 2859 2983 2921 mulieres,
3012 2855 3183 2924 iniqui
3205 2867 3395 2907 omnes

1823 2958 1918 3012 ﬁlii
1948 2957 2233 3012 hominum
2255 2997 2271 3023 ,
2301 2963 2356 3011 et
2401 2956 2585 3024 iniqua
2620 2953 2838 3006 illorum
2884 2949 3066 3003 omnia
3107 2960 3272 3016 opera
3292 2983 3308 3008 ,
3339 2950 3396 3000 et

1824 3064 1933 3102 non
1967 3057 2051 3103 est
2079 3047 2134 3101 in
2164 3048 2300 3116 ipsis
2334 3045 2580 3118 veritas,
2617 3051 2672 3098 et
2707 3043 2761 3095 in
2809 3056 2907 3094 sua
2943 3039 3234 3107 iniquitate
3272 3049 3398 3105 per-

1823 3142 1982 3196 ibunt
2007 3161 2020 3192 :
2049 3149 2104 3194 et
2133 3140 2338 3193 veritas
2367 3145 2588 3198 manet,
2615 3141 2668 3188 et
2700 3131 2982 3186 invalescit
3013 3132 3064 3183 in
3091 3137 3354 3183 aeternum
3379 3165 3396 3190 ,

1821 3242 1873 3288 et
1903 3233 2072 3294 vivit,
2104 3239 2158 3285 et
2189 3230 2406 3284 obtinet
2437 3228 2491 3281 in
2525 3226 2726 3281 saecula
2769 3224 3117 3278 saeculorum.
3159 3217 3270 3272 Nec
3313 3224 3399 3272 est

1821 3321 1963 3394 apud
1999 3335 2117 3374 eam
2157 3319 2408 3388 accipere
2449 3331 2747 3387 personas,
2791 3329 2971 3384 neque
3018 3310 3394 3365 differentias:

1821 3414 1913 3470 sed
1947 3420 2069 3483 quae
2095 3411 2245 3480 justa
2303 3417 2431 3463 sunt
2463 3407 2595 3461 facit
2626 3407 2914 3466 omnibus,
2951 3402 3172 3472 injustis
3195 3415 3258 3453 ac
3285 3414 3400 3452 ma-

1820 3503 2017 3575 lignis,
2049 3509 2102 3556 et
2133 3517 2326 3556 omnes
2352 3500 2720 3569 benignantur
2753 3498 2809 3550 in
2860 3496 3118 3565 operibus
3157 3492 3297 3560 ejus.
3337 3489 3401 3542 Et

1821 3610 1933 3648 non
1960 3600 2046 3647 est
2077 3593 2130 3646 in
2161 3590 2372 3660 judicio
2399 3588 2521 3658 ejus
2555 3587 2800 3656 iniquum
2821 3625 2836 3649 ,
2878 3584 2971 3639 sed
3017 3579 3313 3639 fortitudo,
3348 3582 3402 3628 et

1823 3697 2073 3754 regnum,
2099 3692 2152 3736 et
2169 3687 2435 3751 potestas,
2461 3685 2515 3731 et
2548 3675 2808 3743 majestas
2849 3671 3090 3725 omnium
3133 3680 3397 3720 aevorum.

1826 3775 2155 3831 Benedictus
2193 3771 2336 3826 Deus
2379 3769 2625 3824 veritatis
2651 3767 2716 3818 ³⁸⁵.
2750 3785 2768 3817 ›
2816 3762 3114 3830 Postquam
3151 3757 3401 3811 Salvator

1827 3877 1880 3922 et
1909 3866 2173 3920 Dominus
2219 3873 2431 3926 noster,
2486 3859 2577 3931 qui
2628 3857 2724 3912 Dei
2755 3855 2993 3910 Verbum
3032 3860 3151 3913 est,
3194 3849 3402 3902 dixisse

1825 3960 2043 4014 fertur:
2088 3975 2107 4008 ‹
2143 3955 2257 4026 Ego
2307 3970 2427 4009 sum
2481 3952 2686 4007 veritas
2712 3950 2789 4012 ’⁷,
2830 3967 2847 3998 ι
2879 3948 3076 4000 merito
3123 3939 3402 4011 praecitata

1824 4053 2194 4122 intelligemus
2223 4048 2381 4119 quasi
2408 4046 2475 4100 de
2505 4045 2735 4100 veritate
2761 4034 3195 4095 demonstrantia
3215 4071 3229 4097 ,
3254 4027 3402 4100 quod

1826 4119 2192 4199 substantiam
2227 4139 2370 4209 apud
2394 4138 2611 4191 Patrem
2642 4150 2739 4204 per
2770 4121 3003 4201 seipsal'n
3027 4126 3212 4181 habet.
3241 4143 3259 4173 ι
3291 4119 3404 4174 Ma-

1827 4243 1921 4290 net
1948 4236 2095 4290 enim
2117 4277 2130 4300 ,
2159 4233 2269 4297 ait,
2295 4231 2520 4294 veritas,
2547 4237 2601 4283 et
2633 4224 2920 4281 invalescit
2942 4223 2996 4275 in
3024 4227 3286 4273 aeternum
3309 4253 3326 4278 ,
3349 4217 3404 4267 et

1826 4327 2000 4388 vivit,
2043 4331 2098 4378 et
2129 4323 2341 4377 obtinet
2374 4360 2387 4372 .
2426 4357 2440 4373 .
2475 4361 2489 4374 .
2525 4333 2624 4372 nec
2666 4323 2751 4370 est
2801 4310 2942 4382 apud
2989 4323 3109 4364 eam
3158 4303 3405 4372 accipere

1833 4427 2096 4483 personas
2117 4450 2130 4474 ,
2157 4430 2175 4461 ι
2208 4417 2264 4463 et
2295 4419 2489 4462 caetera
2509 4448 2524 4474 ,
2559 4406 2759 4477 quibus
2791 4402 2942 4457 addit
2969 4398 3037 4453 de
3068 4396 3228 4450 Patre
3260 4393 3368 4446 Deo
3388 4430 3405 4456 ,

1832 4509 2059 4575 ipsoque
2089 4504 2198 4558 Deo
2226 4501 2406 4558 Verbo
2428 4541 2444 4564 ,
2474 4508 2528 4556 et
2558 4499 2786 4554 veritate
2811 4517 2824 4551 :
2856 4516 2874 4545 ι
2907 4492 3234 4548 Benedictus
3263 4485 3405 4540 Deus

1830 4599 2107 4662 veritatis,
2143 4615 2162 4646 ι
2190 4597 2391 4666 quibus
2423 4602 2477 4648 et
2506 4592 2611 4663 ipsi
2646 4590 2949 4645 addemus:
2985 4585 3180 4639 Amen.

346 4804 440 4858 τοῦ
474 4763 609 4857 Θεοῦ
632 4801 804 4868 Λόγου
829 4763 921 4852 κοὶι
951 4797 1047 4866 τῆς
1073 4791 1347 4862 ἀληθείας,
1380 4810 1397 4841 ι
1444 4784 1735 4857 εὐλογητὸς
1769 4785 1798 4837 6
1854 4782 1986 4846 Θεὸς
2015 4781 2114 4852 τῆς
2145 4777 2422 4851 ἀληθείας,
2460 4795 2478 4828 ι
2515 4768 2560 4843 ᾧ
2596 4773 2691 4828 καὶ
2722 4772 2876 4825 αὐτοὶ
2914 4767 3294 4840 προσθήσομεν
3325 4763 3406 4831 τὸ,

156 4903 357 4972 Ἀμήν.

226 4997 392 5051 Ἀλλά
424 4995 532 5066 γὰρ
560 4992 733 5046 ταῦτα
766 4989 860 5043 καὶ
888 4985 995 5040 ἀπὸ
1025 4984 1124 5056 τῆς
1155 4981 1249 5036 τοῦ
1281 4978 1456 5050 Ἐζρα
1487 4975 1730 5066 Γραφῆςέ

139 5096 254 5146 αλό
305 5106 369 5158 γε
417 5065 522 5159 μὴν
565 5086 664 5156 τῆς
704 5080 903 5151 Ἐσθὴρ
951 5077 1060 5132 οὐδ’
1101 5075 1159 5128 ἓν
1205 5073 1438 5144 εὕρομεν
1474 5065 1728 5139 περὶτοῦ

141 5179 532 5254 προκειμένουο
574 5177 710 5248 μετὰ
752 5175 816 5245 δή
863 5190 944 5226 τοι
975 5170 1074 5233 τάς
1125 5167 1236 5222 ἀπὸ
1283 5164 1390 5217 τῶν
1446 5158 1731 5232 ἱστορικῶν

141 5251 382 5348 Γραφῶν
435 5271 664 5337 ἐκλογὰς
723 5267 994 5339 μετίωμεν
1039 5262 1129 5318 ἐπὶ
1165 5258 1232 5312 τά
1267 5256 1517 5326 στιχήρη,
1551 5254 1632 5305 ὅτι
1660 5251 1727 5320 δὴ

138 5346 316 5419 ταῦτα
350 5364 462 5423 τοῖς
502 5360 711 5431 χρόνοις
740 5356 846 5410 τῶν
875 5352 1076 5408 λοιπῶν
1111 5346 1453 5422 προφητειῶν
1484 5347 1726 5414 ἡγεῖται’

142 5455 354 5508 τούτων
389 5453 444 5505 δὲ
479 5452 671 5523 πρῶτα
699 5450 900 5520 ἴδωμεν
925 5445 992 5500 τά
1017 5444 1124 5498 ἀπὸ
1147 5443 1254 5495 τῶν
1282 5436 1550 5509 Ψαλμῶν.

1908 4971 2037 5028 Haec
2077 4975 2206 5026 sunt
2252 4966 2319 5021 de
2363 4964 2548 5019 Esdraz
2591 4961 2771 5026 libro;
2801 4959 2855 5012 in
2880 4956 3022 5010 libro
3053 4953 3249 5008 Esther
3275 4950 3406 5005 nihil

1843 5065 1988 5135 quod
2023 5063 2090 5116 ad
2126 5057 2466 5132 propositum
2501 5059 2727 5123 spectet,
2761 5047 3091 5103 invenimus.
3132 5043 3408 5098 Absolutis

1842 5132 2011 5223 igitur
2057 5149 2449 5205 historiearum
2497 5143 2904 5211 Scripturarum
2947 5136 3171 5203 eclogis,
3216 5132 3284 5185 ad
3347 5146 3409 5186 ea

1839 5260 1961 5315 quae
2017 5241 2270 5296 versibus
2324 5237 2527 5305 scripta
2575 5240 2703 5288 sunt
2759 5239 3128 5291 transeamus,
3178 5238 3318 5294 quae,
3364 5223 3408 5276 si

1839 5348 2145 5408 temporum
2189 5339 2436 5388 servetur
2483 5329 2654 5392 ordo,
2687 5325 2897 5380 caeteris
2929 5321 3230 5394 prophetiis
3261 5327 3409 5372 ante-

1837 5437 1986 5486 eunt.
2023 5427 2067 5480 A
2088 5423 2322 5480 Psalmis
2345 5422 2511 5493 igitur
2541 5417 2909 5474 exordiamur.

217 5619 266 5651 ’δ
306 5617 322 5670 I
361 5614 540 5672 Paral.
577 5629 724 5676 xvn,
764 5609 940 5665 ll-M.
1016 5609 1063 5640 οδ
1103 5605 1146 5660 ιι
1179 5605 1354 5660 Paral.
1393 5618 1478 5666 vi,
1517 5600 1604 5657 Π.
1679 5598 1716 5628 ἐ

1828 5597 1831 5647 ζ
1869 5593 2025 5650 Esdr.
2057 5605 2129 5651 Iv.
2169 5586 2356 5643 54-60.
2437 5585 2480 5617 ⁸⁷
2521 5581 2676 5638 Joan.
2715 5595 2825 5644 xw,
2859 5577 2914 5634 6.

1762 5775 1836 5790 _
