3826 6216
386 305 528 363 1083
1116 299 1387 357 EUSEBII
1424 297 1904 355 CxESARIENSIS
1942 296 2092 355 OPP.
2136 298 2318 354 PARS
2349 297 2524 355 III.-
2556 298 2970 356 EXEGETICA.
3511 304 3651 358 1084

969 444 1199 499 CAPUT
1239 443 1382 499 XXI.
1989 455 2036 510 Α

1989 455 2036 510 Α
2568 443 2961 497 ΚΕΦΔΛΑΙΟΝ
3003 444 3132 499 KA'.

461 579 481 612 ‹
513 559 753 616 Locutus
795 567 879 615 est
922 567 1103 614 autem
1135 558 1304 613 David
1334 559 1564 613 Domino
1594 558 1760 613 verba
1791 557 1958 627 hujus

2139 576 2156 609 ι
2201 556 2310 610 Καὶ
2358 554 2584 627 ὲλὰλησε
2627 554 2789 609 Δαυὶδ
2821 554 2899 626 τῷ
2928 555 3120 626 Κυρίῳ
3158 556 3283 619 τοὺς
3324 554 3517 623 λόγους
3550 554 3650 625 τῆς

382 652 649 707 carminis
672 692 687 718 ,
722 650 776 705 in
811 650 899 705 die
928 666 1036 721 qua
1081 649 1333 704 liberavit
1370 665 1496 704 eum
1539 648 1804 705 Dominus
1832 648 1893 704 ⁸⁸.

2141 650 2201 720 ῆς
2249 650 2472 719 ταύτης.
2544 667 2563 700 ι
2623 643 2758 701 Εἶτα
2795 649 2855 700 ὲν
2909 651 3022 712 τοϊς
3053 647 3199 719 ἑξῆς·
3244 666 3263 699 ι
3304 648 3417 702 Καὶ
3442 647 3652 701 ἔκλινεν

385 741 520 798 Dein
551 743 606 796 in
636 741 994 812 sequentibus
1024 761 1037 796 :
1069 759 1087 792 ι
1124 741 1409 795 lnclinavit
1443 741 1618 795 caelos
1648 747 1703 795 et
1730 739 1893 795 desce

2144 741 2333 814 ρανοὺς
2364 741 2458 794 καὶ
2478 739 2709 812 κατέϐη,
2728 739 2822 792 καὶ
2844 739 3040 809 γνόφος
3064 739 3320 793 ὑποκάτω
3343 739 3452 792 τῶν
3476 740 3655 794 ποδῶν

385 832 505 886 dit:
536 840 588 886 et
615 833 791 900 caligo
818 831 921 885 sub
948 829 1179 901 pedibus
1209 829 1332 898 ejus
1358 830 1425 885 ⁸⁹.
1460 849 1479 881 ι
1510 829 1575 883 Ει
1606 845 1802 885 rursus
1836 844 1896 900 pc

2146 833 2243 888 τοῦ.
2272 854 2291 885 ι
2312 832 2422 887 Kal
2452 831 2610 886 πάλιν
2635 831 2769 902 μετὰ
2792 830 2983 896 ταῦτα,
3018 851 3037 883 ι
3061 829 3225 902 Ῥύσῃ
3261 848 3327 901 με
3358 830 3421 896 ἐξ
3452 831 3657 885 ἀντιλο-

385 923 504 978 haec
545 940 558 976 :
611 938 629 971 ι
670 919 919 976 Salvabis
969 936 1055 974 me
1107 935 1136 973 a
1190 919 1721 974 contradictionibus
1772 934 1896 989 popl

2146 925 2195 979 ὃν
2227 923 2377 989 λαοῦ,
2406 924 2765 994 καταστήσεις
2797 941 2866 994 με
2908 924 2987 987 εἰς
3014 922 3252 993 κεφαλὴν
3286 922 3458 976 ἐθνῶν
3477 940 3490 951 ·
3524 921 3657 986 λαὸς

385 1012 524 1067 mei:
551 1012 827 1067 custodies
855 1027 940 1066 me
958 1011 1014 1065 in
1042 1019 1207 1081 caput
1235 1010 1497 1081 gentium.
1526 1009 1768 1081 Populus
1798 1027 1896 1080 quc

2155 1017 2256 1071 οὑκ
2294 1016 2464 1085 ἔγνων
2514 1015 2794 1069 ὲδούλευσέ
2840 1032 2964 1085 μοι·
2994 1016 3073 1077 εἰς
3118 1013 3286 1085 ἀκοὴν
3329 1014 3492 1067 ὠτίου
3550 1015 3655 1067 ὑπ-

387 1104 581 1174 ignoro
625 1103 828 1157 serviet
871 1102 1025 1156 mihi.
1052 1100 1175 1155 Filii
1203 1101 1365 1155 alieni
1388 1101 1647 1156 resistent
1672 1101 1836 1167 mihi,
1865 1116 1894 1155 a

2148 1109 2264 1164 ουσέ
2302 1125 2433 1179 μου·
2466 1110 2514 1162 οἱ
2539 1110 2644 1161 υἱοὶ
2683 1108 2948 1178 ἀλλότριοι
2982 1106 3279 1177 ἐψεύσαντο
3307 1123 3397 1177 μοι
3417 1123 3432 1136 ·
3463 1108 3512 1160 οἱ
3549 1108 3659 1161 υἱοὶ

386 1193 505 1248 dilu
540 1194 692 1249 auris
723 1193 977 1247 obedient
1009 1191 1139 1245 mihi
1168 1210 1182 1247 :
1208 1191 1303 1245 lilii
1338 1191 1499 1244 alieni
1543 1190 1884 1246 deﬂuxerunt

2148 1200 2329 1271 idcptm
2383 1201 2885 1272 ἀπορῤιφήσονται·
2932 1200 3026 1252 καὶ
3083 1198 3375 1268 σφαλοῧσιν
3434 1199 3501 1251 ὲκ
3550 1198 3659 1251 τῶν

386 1286 784 1342 contrahentur
812 1286 867 1341 in
930 1285 1201 1357 angustiis
1235 1284 1352 1339 suis
1381 1284 1449 1339 ".
1479 1305 1497 1336 ι
1552 1283 1678 1339 Haec
1705 1285 1894 1339 dicunt

2149 1290 2444 1362 γκλεισμῶν
2491 1292 2692 1344 αὐτῶν.
2732 1311 2750 1342 ι
2783 1289 2969 1344 Ταῦτα
3014 1291 3228 1363 εἴρηται
3258 1291 3446 1362 σχεδὸν
3475 1292 3660 1353 αὐτοῖς

389 1378 501 1434 fere
528 1378 732 1434 eisdem
765 1378 948 1433 verbis
977 1378 1032 1431 in
1063 1377 1278 1433 decimo
1306 1377 1538 1447 septimo
1568 1376 1783 1448 psalmo
1812 1395 1826 1444 ;
1860 1392 1900 1446 ολ

2153 1402 2280 1455 μασι
2331 1385 2425 1439 καὶ
2483 1387 2541 1438 ὲν
2585 1384 3029 1455 ἑπτακαιδεκάτῳ
3076 1383 3295 1455 ψαλμῷ,
3342 1384 3664 1453 εὐκαιρότε-

388 1472 679 1543 portunius
719 1471 1162 1540 explicabuntur,
1193 1484 1317 1523 cum
1358 1467 1704 1524 Psalmorum
1745 1469 1898 1540 eclog

2150 1493 2167 1528 ν
2199 1476 2241 1528 δ’
2274 1476 2342 1531 ἂν
2376 1475 2709 1541 ἐξετάζοιτο,
2733 1474 2953 1528 ἐπειδὰν
3000 1475 3107 1528 ἀπὸ
3146 1474 3253 1527 τῶν
3280 1472 3528 1544 Ψαλμῶν
3568 1473 3661 1535 τὰς

388 1564 722 1619 notabimus.
769 1559 926 1615 Nune
978 1576 1108 1616 vero
1158 1561 1261 1615 hoc
1304 1567 1517 1614 tantum
1558 1559 1899 1615 animadvert

2149 1568 2304 1638 λογὰς
2348 1568 2763 1639 ἀναλεγώμεθα·
2806 1567 2902 1621 νῦν
2950 1567 3195 1638 μέντοιγε
3242 1565 3660 1637 παρασημειού-

389 1667 551 1715 mus,
603 1651 749 1722 quod
798 1650 963 1705 verba
1014 1650 1169 1705 hazc:
1210 1670 1227 1701 ι
1260 1649 1548 1705 Inelinavit
1591 1652 1763 1706 caelos
1792 1661 1845 1706 et
1873 1651 1900 1705 d

2152 1659 2213 1714 Ba
2246 1661 2375 1714 αὐτὸ
2408 1660 2586 1731 μόνον,
2613 1660 2688 1723 ὼς
2711 1659 2791 1711 ὅτι
2818 1658 2878 1711 τὸ
2912 1657 3029 1728 μὲν,
3059 1677 3077 1707 ι
3116 1658 3221 1710 Kal
3262 1656 3473 1709 ἔκλινεν
3498 1656 3663 1725 ούρα-

389 1742 603 1799 scendit
633 1761 652 1795 ι
678 1741 745 1797 de
787 1740 994 1797 Christi
1025 1757 1055 1797 e
1098 1741 1255 1797 ccelis
1306 1742 1574 1796 descensu
1618 1742 1895 1813 intelligen

2153 1770 2195 1816 νς
2246 1751 2343 1805 καὶ
2388 1752 2594 1822 κατέόη
2639 1770 2657 1802 ι
2695 1751 2850 1803 νοοῖτ’
2898 1749 2965 1803 ἂν
3018 1750 3146 1821 περὶ
3181 1750 3280 1819 τῆς
3314 1748 3373 1815 ἐξ
3414 1748 3664 1822 οὐρανῶν

390 1843 551 1901 sunt;
583 1835 698 1889 haec
723 1841 904 1889 autem
928 1853 941 1889 :
962 1853 980 1885 ι
1004 1833 1252 1914 Salvabis
1276 1848 1362 1887 me
1385 1848 1415 1886 a
1437 1832 1901 1889 contradictionib

2154 1843 2423 1907 ταϐάσεως
2447 1842 2540 1895 τοῦ
2562 1841 2818 1914 Χριστοῦ·
2851 1841 2911 1894 τὺ
2934 1841 3013 1905 δὲ,
3037 1858 3055 1890 ι
3080 1839 3244 1912 Ῥύσῃ
3269 1857 3337 1911 με
3369 1839 3431 1904 ἐξ
3454 1841 3665 1893 ἀντιλο-

391 1928 611 1999 populi,
648 1946 667 1980 ι
691 1926 758 1982 de
784 1926 1130 1981 circumcisis
1160 1912 1439 1988 dicuntur,
1474 1926 1568 1995 qui
1600 1941 1709 1980 non
1753 1925 1809 1979 in
1840 1941 1902 1981 eu

2155 1953 2203 2001 ις
2236 1934 2387 2001 λαοῦ,
2423 1954 2441 1985 ι
2475 1936 2540 1988 ὲκ
2575 1932 2868 2006 προσώπου
2899 1931 3063 1986 αὑτοῦ
3100 1932 3348 1985 λέλεκται
3388 1933 3524 2003 περὶ
3554 1932 3666 1985 τῶν

389 2017 738 2072 crediderunt
760 2056 775 2080 ,
809 2015 877 2071 de
903 2016 1102 2085 quibus
1129 2030 1347 2086 quoque
1372 2014 1424 2068 in
1454 2013 1593 2069 Isaia
1617 2016 1783 2070 dicit:
1811 2034 1828 2065 ι
1860 2015 1900 2070 Ε

2183 2028 2487 2099 περιτομῆς
2535 2027 2609 2099 μὴ
2639 2024 3079 2079 πεπιστευκότων
3111 2026 3190 2088 εἰς
3216 2025 3397 2087 αὐτὸν,
3424 2026 3559 2095 περὶ
3590 2017 3666 2078 ὧν

393 2107 556 2178 pandi
593 2122 791 2162 manus
817 2122 966 2162 meas
994 2115 1104 2161 tota
1131 2107 1219 2163 die
1242 2109 1308 2163 ad
1336 2109 1595 2179 populum
1621 2108 1904 2164 incredqu

2155 2142 2163 2174 ι
2193 2123 2253 2175 ὲν
2292 2120 2492 2191 Ἡσαΐᾳ
2522 2118 2706 2191 φησὶν,
2737 2138 2755 2169 ι
2787 2117 2952 2188 Ὅλην
2982 2117 3079 2188 τὴν
3116 2118 3326 2188 ἡμέραν
3357 2116 3666 2181 ἐξεπέτασα

391 2209 447 2254 et
467 2198 931 2271 contradicentem
960 2198 1003 2230 ⁹¹
1024 2217 1038 2265 ;
1063 2218 1081 2250 ι
1110 2206 1164 2254 et
1205 2200 1350 2269 quod
1370 2240 1386 2266 ,
1420 2218 1439 2252 ι
1468 2199 1761 2255 Custodies
1792 2216 1877 2255 me

2156 2230 2166 2276 ἶ
2214 2215 2404 2286 χεῖράς
2467 2229 2568 2283 μου
2610 2213 2747 2283 πρὸς
2791 2211 2919 2264 λαὸν
2948 2210 3275 2265 ἀπειθοῦντα
3321 2209 3418 2262 καὶ
3453 2210 3667 2262 ἀντιλέ-

391 2299 559 2362 eaput
615 2291 859 2362 gentium
882 2330 896 2354 ,
928 2309 947 2343 ι
975 2300 1139 2361 atque
1162 2330 1177 2353 .
1209 2309 1228 2342 ι
1259 2290 1501 2361 Populus
1547 2307 1708 2360 quem
1770 2294 1902 2363 igno

2154 2322 2255 2360 na.
2288 2326 2307 2358 ι
2347 2305 2454 2360 Kal
2480 2306 2562 2358 ὅτι
2586 2304 2647 2357 τὸ
2685 2305 2805 2375 μὲν,
2835 2322 2853 2354 ι
2882 2305 3259 2374 Καταστήσεις
3294 2320 3361 2373 με
3386 2304 3472 2366 εἰς
3493 2319 3665 2371 κειρα-

394 2381 595 2436 serviet
609 2380 763 2446 mihi,
779 2381 967 2435 auditu
984 2380 1133 2436 auris
1145 2381 1399 2437 obedient
1416 2382 1545 2436 mihi
1565 2401 1583 2434 ι
1602 2383 1667 2437 de
1684 2385 1905 2454 gentiliu

2154 2394 2376 2459 νὲθνῶν,
2406 2415 2425 2448 ι
2446 2395 2540 2449 καὶ
2554 2396 2633 2463 τὸ,
2655 2413 2675 2447 ι
2698 2396 2838 2459 Λαὸς
2854 2396 2913 2448 ὃν
2933 2397 3033 2449 οὐκ
3055 2395 3223 2465 ἔγνων
3244 2393 3527 2448 ὲδούλευσέ
3554 2411 3665 2464 μοι’

395 2474 638 2529 Ecclesia
667 2474 1015 2544 praedicitur;
1038 2474 1167 2529 illud
1187 2490 1336 2537 vero,
1360 2492 1377 2525 ι
1396 2473 1517 2529 Filii
1533 2475 1692 2530 alieni
1712 2478 1906 2533 resiste

2179 2487 2348 2560 ἀκοὴν
2376 2488 2535 2541 ὠτίου
2565 2487 2843 2559 ὑπήκουσέ
2888 2505 3011 2558 μου,
3052 2506 3070 2539 ι
3112 2490 3238 2557 περὶ
3270 2488 3368 2557 τῆς
3401 2487 3465 2550 ἐξ
3496 2485 3666 2541 ἐθνῶν

394 2566 552 2632 mhi,
575 2585 595 2618 ι
619 2567 906 2637 impiarum
929 2568 1202 2623 hzereseon
1218 2583 1433 2623 errores
1450 2569 1517 2625 de
1549 2570 1829 2625 Salvatore
1852 2586 1905 2625 or

2153 2579 2414 2648 κκλησίας
2431 2581 2853 2651 προφητεύεται’
2876 2582 2937 2634 τὸ
2952 2582 3029 2644 δὲ,
3051 2598 3069 2631 ι
3088 2580 3207 2632 Υἱοὶ
3222 2578 3492 2649 ἀλλότριοι
3506 2578 3664 2648 ἐψεύ-

394 2659 451 2714 ιιί
475 2674 656 2728 ιιῐιιιιιθ
684 2658 793 2714 Deo
825 2658 1051 2723 indicat,
1082 2674 1219 2730 quos
1241 2659 1530 2716 deﬂuxisse
1555 2660 1659 2717 fert
1692 2660 1905 2730 Scriptu

2154 2671 2243 2724 ντό
2305 2689 2417 2742 μοι,
2458 2692 2478 2724 ι
2520 2674 2649 2744 περὶ
2696 2672 2806 2726 τῶν
2856 2673 3035 2726 ἀθέων
3078 2671 3342 2743 αἱρέσεων
3384 2669 3459 2723 τὰ
3493 2669 3665 2738 ψευδῆ

399 2768 418 2800 ι
438 2756 750 2804 contractos
763 2749 817 2803 in
838 2749 1105 2820 angustiis
1123 2751 1257 2815 suis,
1287 2768 1304 2801 ι
1326 2751 1533 2806 scilicet
1555 2751 1611 2805 in
1623 2767 1865 2808 errorem
1889 2752 1903 2806 i

2158 2761 2211 2831 pl
2233 2760 2398 2815 αὑτοῦ
2425 2761 2519 2814 τοῦ
2553 2762 2805 2835 Σωτῆρος
2832 2761 3038 2817 καὶτοῦ
3065 2760 3197 2815 Θεοῦ
3227 2761 3335 2814 τῶν
3364 2760 3505 2813 ὅλων
3536 2760 3666 2812 ἀνα-

394 2840 594 2897 ductos
623 2840 907 2896 fallacibus
923 2857 1112 2897 eorum
1129 2841 1573 2913 absconditisque
1599 2844 1905 2916 opiuionibu

2155 2849 2458 2915 πλακότων,
2507 2851 2601 2916 οὒς
2649 2854 2742 2906 καὶ
2778 2871 2797 2904 ι
2852 2851 3324 2924 ἀπορῤιφήσεσθαί
3375 2872 3392 2903 ι
3428 2867 3597 2921 φησιν
3636 2851 3666 2903 6

394 2934 553 3003 λόγος
588 2953 607 2987 ι
650 2935 1064 3004 ἀποσφαλέντας
1099 2935 1209 2990 τῶν
1262 2937 1641 3010 συγκλεισμῶν
1698 2939 1925 3007 ἑαυτῶν,
1971 2960 1992 2996 ι
2033 2945 2310 3000 τουτέστιν
2353 2947 2817 3013 ἀποπεπτωκότας
2859 2947 2967 3001 τῶν
3009 2948 3254 3002 ὑπούλων
3314 2948 3412 3002 καὶ
3466 2949 3668 3003 ἀποκε-

397 3026 729 3100 κρυμμένων
768 3028 948 3081 αὐτῶν
986 3028 1539 3100 ψευ(δο)δοξημάτων.

959 3161 1194 3218 CAPUT
1233 3163 1400 3221 XXII.
2003 3154 2047 3213 C

2003 3154 2047 3213 (Ξ
2590 3171 2987 3236 ΚΕΦΑΛΔΙΟΝ
3027 3169 3157 3225 KB’.

842 3272 890 3326 E
929 3274 1081 3329 tertio
1122 3274 1319 3345 Regum
1362 3276 1523 3333 libro.

2452 3286 2539 3338 Εκ
2571 3282 2683 3353 τῆς
2712 3291 2760 3354 γ’
2802 3283 2922 3337 τῶν
2956 3283 3308 3339 Βασιλειῶν.

477 3403 498 3439 ι
527 3387 594 3441 Ει
624 3399 801 3448 nunc,
831 3383 1062 3442 Domine
1091 3386 1235 3444 Deus
1264 3388 1429 3444 Israel
1452 3433 1465 3453 ,
1498 3390 1785 3445 ﬁrmentur
1810 3392 1975 3448 verba

2157 3413 2172 3445 ι
2194 3394 2305 3448 Kal
2320 3394 2435 3458 νῦν,
2454 3394 2627 3464 Κύριε
2642 3393 2813 3457 ὀΘεδς
2827 3393 3066 3466 Ἰσραὴλ,
3080 3394 3406 3465 πιστωθήτω
3422 3395 3489 3466 δὴ
3501 3395 3564 3448 τὸ
3580 3395 3668 3469 ῥῆ-

401 3486 527 3544 tun,
573 3495 694 3549 quae
723 3480 937 3536 locutus
977 3496 1038 3536 es
1089 3497 1249 3537 servo
1295 3490 1391 3538 tuo
1434 3483 1602 3539 David
1647 3485 1787 3556 patri
1833 3500 1912 3539 me

2153 3504 2160 3538 ι
2186 3503 2303 3548 σου,
2331 3486 2359 3539 ὃ
2387 3485 2655 3557 ὲλάλησας
2690 3485 2766 3557 τῷ
2793 3485 2944 3538 παιδί
2972 3501 3066 3538 σου
3094 3485 3172 3557 τῷ
3200 3486 3365 3539 Δαυὶδ
3390 3486 3473 3557 τῷ
3503 3488 3664 3562 πατρί

402 3571 617 3643 Ergone
643 3572 945 3642 putandum
972 3578 1057 3625 est
1081 3573 1227 3642 quod
1258 3590 1381 3629 vere
1408 3574 1549 3631 Deus
1576 3575 1782 3631 habitet
1811 3591 1913 3645 sup

2152 3595 2182 3629 υ
2205 3594 2216 3606 ·
2241 3577 2323 3629 ὅτι
2357 3578 2406 3629 εἰ
2430 3575 2645 3647 ἀληθῶς
2672 3577 3029 3647 κατοικήσειὸ
3048 3576 3180 3639 Θεὸς
3201 3576 3339 3648 μετὰ
3363 3578 3661 3649 ἀνθρώπων

403 3671 627 3728 terram,
680 3664 727 3719 si
759 3664 904 3719 enim
932 3665 1131 3719 caelum
1161 3672 1215 3720 et
1243 3667 1367 3720 coeli
1396 3668 1661 3721 caelorum
1701 3676 1754 3722 te
1782 3684 1914 3737 cape

2146 3670 2279 3740 :lﬁj;
2295 3670 2416 3740 γῆς,
2429 3670 2477 3721 εἰ
2495 3671 2523 3722 ό
2537 3667 2762 3738 οὐρανὸς
2778 3666 2872 3720 τοῦ
2890 3666 3121 3738 οὐρανοῦ
3137 3668 3236 3720 οὐκ
3252 3668 3483 3740 ἀρκέσει
3499 3686 3579 3721 σοι
3598 3686 3613 3733 ;
3639 3688 3657 3721 ο

402 3769 514 3809 non
539 3765 770 3824 possunt.
796 3754 878 3807 "‘l
909 3775 926 3808 ι
959 3753 1095 3810 Fere
1123 3756 1191 3811 iis
1220 3756 1420 3811 similia
1451 3757 1507 3811 in
1539 3758 1782 3813 secundo
1810 3757 1913 3813 Par

2153 3782 2159 3816 ι
2200 3762 2558 3835 παραπλήσια
2593 3762 2804 3824 τούτοις
2824 3760 2916 3813 καὶ
2939 3764 2997 3814 ὲν
3019 3764 3087 3832 τῇ
3115 3760 3345 3832 δευτέρᾳ
3364 3761 3477 3814 τῶν
3493 3763 3664 3832 Παρα-

401 3845 715 3915 l'tpomenon
745 3844 889 3899 libro
919 3859 951 3899 a
983 3843 1280 3901 Salomone
1309 3846 1454 3901 dicta
1485 3856 1614 3903 sunt
1662 3849 1717 3902 in
1761 3864 1861 3903 sua
1907 3868 1912 3901 :

2152 3855 2408 3925 ,πομένων
2434 3855 2539 3907 ὑπὸ
2558 3854 2652 3906 τοῦ
2672 3853 2980 3924 Σολομῶνος
2998 3852 3210 3924 εἴρηται
3236 3855 3292 3905 ὲν
3313 3855 3379 3922 τῇ
3405 3853 3548 3924 πρὸς
3578 3853 3663 3907 τὸν

403 3933 573 3990 Deum
604 3935 852 3991 oratione
878 3935 947 3991 ".
980 3936 1264 3993 Manifeste
1295 3938 1458 4010 igitur
1485 3938 1572 3992 hic
1598 3954 1816 4009 quoque
1837 3956 1914 4010 pr:

2178 3948 2244 4002 16
2278 3949 2351 4017 v')
2393 3947 2524 3999 Θεὸν
2574 3947 2729 4017 εὐχῇ.
2757 3944 2949 4015 Σαφῶς
2975 3941 3069 3999 οὖν
3105 3946 3199 3998 καὶ
3230 3944 3418 3998 ἐνθάδε
3455 3961 3661 4015 προφη-

405 4023 540 4079 dicit
571 4022 716 4081 Deus
746 4041 805 4081 se
835 4041 961 4080 cum
992 4027 1305 4083 hominibus
1355 4042 1521 4098 super
1567 4035 1769 4083 terram
1819 4029 1916 4083 hah

2149 4037 2292 4091 ύεται
2329 4040 2358 4092 ὁ
2402 4034 2533 4101 Θεὸς
2563 4038 2911 4108 κατοικήσειν
2946 4036 3084 4107 μετὰ
3111 4033 3417 4106 ἀνθρώπιον
3447 4038 3545 4088 ἐπὶ
3572 4038 3660 4106 τῆς

402 4121 649 4171 laturum
705 4133 848 4173 esse.
892 4116 1050 4184 Quod
1107 4120 1324 4189 quidem
1369 4121 1529 4175 nobis
1570 4121 1843 4190 expletum
1891 4137 1913 4176 ε

2145 4146 2214 4200 ις·
2260 4130 2290 4182 ὃ
2340 4131 2436 4184 καὶ
2466 4130 2597 4184 αὐτὸ
2648 4130 2824 4203 πέρας
2869 4128 3060 4200 εἴληφε
3117 4128 3240 4182 καθ’
3277 4130 3431 4199 ἡμᾶς
3469 4129 3565 4181 ἐπὶ
3600 4133 3656 4199 τῇ

401 4204 609 4263 Christi
638 4207 873 4264 adventu
890 4248 906 4274 ,
929 4224 1040 4280 quo
1064 4207 1208 4266 Deus
1228 4208 1466 4265 Verbum
1500 4211 1822 4267 incarnatus
1848 4225 1912 4266 cu

2150 4221 2314 4274 ηστοῦ
2350 4222 2613 4293 γενομένῃ
2655 4222 2948 4292 παρουσίᾳ,
2990 4219 3111 4274 καθ’
3144 4223 3211 4290 ἣν
3252 4221 3282 4271 ὁ
3330 4220 3467 4283 Θεὸς
3498 4222 3661 4289 Λόγος

404 4295 687 4353 hominum
717 4314 916 4369 genere
944 4308 1321 4355 commoratus
1351 4308 1458 4355 est.

2145 4314 2508 4386 ανθρωπήσας
2541 4313 2879 4386 συνδιέτριψε
2904 4311 2982 4383 τῷ
3014 4314 3161 4381 γένει
3189 4311 3298 4365 τῶν
3339 4312 3656 4385 ἀνθρώπων.

957 4428 1186 4486 CAPUT
1224 4430 1419 4486 XXIII.

2592 4448 2990 4502 ΚΕΦΑΛΑΙΟΝ
3025 4448 3151 4500 KI“.
3459 4406 3463 4410 ’

406 4542 455 4599 Ε
474 4543 645 4613 primo
668 4541 1114 4611 Paralipomenon
1143 4542 1298 4598 libro.
1357 4544 1577 4599 Nathan
1617 4545 1686 4600 ad
1725 4544 1917 4600 Davide

2146 4543 2197 4595 .‘x
2230 4537 2352 4613 Δτῆς
2386 4546 2437 4592 α’
2466 4536 2586 4613 τῶν
2618 4537 3175 4613 ῌαραὶειεξομένζωνέ
3217 4538 3278 4591 '0
3305 4538 3533 4613 Κύριος
3571 4537 3657 4613 did

853 4608 969 4684 post
1003 4614 1114 4668 alia
1141 4624 1189 4668 et
1218 4615 1329 4669 hac
1361 4614 1515 4668 dicit.
2156 4608 2360 4664 Νάθαν

2158 4679 2340 4748 λέγει.

2156 4608 2360 4734 [ximus
2398 4609 2548 4679 πρὸς
2589 4610 2701 4663 τὸν
2743 4608 2925 4664 Δαυὶδ
2962 4610 3091 4677 μεθ’
3142 4608 3311 4677 ἕτερα
3356 4609 3459 4661 καὶ
3487 4609 3659 4662 ταῦτα

2231 4695 2340 4748 γει.

482 4807 501 4841 ι
528 4789 776 4859 Cumque
807 4787 1117 4858 impleveris
1145 4788 1264 4846 dies
1305 4798 1429 4845 tuos
1451 4831 1466 4857 ,
1499 4797 1558 4844 ut
1585 4790 1754 4846 vadas
1772 4790 1849 4845 ad
1882 4807 1977 4862 pa-

2162 4811 2181 4842 ι
2217 4792 2325 4844 Kal
2374 4790 2527 4846 ἔσται
2549 4792 2678 4846 ὅταν
2708 4788 3068 4861 πληρωθῶσιν
3106 4791 3163 4843 αἱ
3190 4789 3397 4861 ἡμέραι
3431 4808 3552 4857 σου,
3576 4792 3658 4845 καὶ

405 4889 519 4937 tres
549 4890 702 4943 tuos,
733 4880 1016 4934 suscitabo
1043 4893 1232 4935 semen
1259 4887 1411 4934 tuum
1437 4888 1562 4950 post
1592 4890 1674 4949 te,
1702 4881 1850 4951 quod
1876 4897 1916 4936 et

2146 4879 2394 4953 ιιμηθήσῃ
2429 4880 2567 4951 μετὰ
2594 4879 2705 4933 τῶν
2736 4880 2988 4951 πατέρων
3017 4896 3134 4944 σου,
3165 4881 3259 4932 καὶ
3284 4881 3577 4953 ἀναστήσω
3603 4882 3657 4934 τὸ

405 4970 476 5025 de
504 4971 632 5025 ﬁliis
663 4970 775 5026 tuis
800 4989 815 5025 :
858 4978 911 5025 et
941 4970 1217 5026 stabiliam
1246 4987 1475 5041 regnum
1503 4972 1624 5042 ejus
1650 4989 1665 5039 ;
1701 4973 1817 5043 ipse
1846 4973 1916 5027 aed

2141 4972 2312 5043 τέρμα
2358 4988 2453 5024 σου
2506 4970 2643 5043 μετὰ
2678 4970 2759 5034 σὲ,
2787 4970 2848 5033 ὃς
2873 4969 3024 5024 ἔσται
3067 4972 3131 5023 ὲκ
3167 4970 3266 5041 τῆς
3293 4971 3506 5036 κοιλίας
3538 4990 3652 5026 σου·

408 5061 591 5117 ﬁcabit
621 5062 754 5118 mihi
783 5062 1005 5116 domum
1030 5101 1047 5127 ,
1082 5070 1138 5118 et
1167 5061 1395 5117 ﬁrmabo
1425 5064 1623 5119 solium
1650 5064 1772 5135 ejus
1805 5081 1919 5134 usqu

2143 5064 2179 5116 tl
2225 5063 2498 5133 ἑτοιμάσω
2524 5064 2623 5135 τὴν
2657 5061 2931 5132 βασιλειαν
2967 5078 3064 5114 σου
3084 5078 3098 5091 ·
3134 5062 3293 5126 αὐτὸς
3318 5064 3654 5136 οἰκοδομήσει

407 5154 465 5208 in
490 5161 775 5210 aeternum.
804 5152 913 5225 Ego
937 5169 1034 5209 ero
1062 5153 1138 5208 illi
1163 5155 1217 5209 in
1245 5165 1475 5226 patrem,
1504 5163 1559 5210 et
1584 5157 1699 5226 ipse
1724 5156 1829 5211 erit
1852 5157 1918 5209 mi

2143 5173 2179 5210 »ι
2228 5150 2408 5210 οἶκον
2445 5156 2539 5209 καὶ
2586 5153 2881 5227 ἀνορθώσω
2932 5154 3025 5207 τὸν
3067 5152 3256 5224 θρόνον
3298 5156 3468 5209 αὑτοῦ
3493 5174 3509 5187 ·
3554 5156 3654 5225 ἐγὼ

405 5245 465 5302 in
497 5246 668 5301 lilium
696 5263 712 5312 ;
742 5253 799 5300 et
839 5243 1274 5301 misericordiam
1301 5262 1472 5302 meam
1503 5262 1612 5301 non
1645 5246 1885 5301 auferam
1915 5286 1916 5295 χ

2139 5265 2281 5318 ςομαι
2301 5246 2449 5318 αὖτῷ
2471 5249 2549 5312 εἰς
2565 5247 2796 5318 πατέρα,
2822 5247 2915 5300 καὶ
2937 5247 3098 5311 αὐτὸς
3122 5246 3275 5301 ἔσται
3300 5265 3392 5318 μοι
3417 5251 3501 5313 εὶς
3520 5249 3650 5304 υἱόν·

405 5350 474 5392 eo
496 5376 510 5399 ,
546 5338 692 5391 sicut
718 5336 921 5392 abstuli
954 5336 1022 5391 ab
1044 5351 1110 5392 eo
1132 5337 1226 5407 qui
1255 5348 1380 5393 ante
1408 5346 1462 5394 te
1491 5337 1614 5393 fuit.
1651 5338 1715 5392 Et
1745 5346 1916 5393 statua

2137 5337 2181 5388 xl
2212 5336 2273 5389 τὸ
2303 5335 2449 5400 ἔλεός
2486 5352 2586 5406 μου
2619 5336 2718 5388 οὐκ
2749 5337 3045 5407 ἀποστήσω
3086 5337 3183 5388 ἀπ’
3210 5336 3400 5400 αὑτοῦ,
3438 5339 3517 5401 ὡς
3555 5340 3648 5391 ὰπ-

408 5443 534 5485 ουιιι
564 5430 620 5484 in
652 5429 820 5484 domo
846 5443 1002 5496 mea,
1033 5436 1089 5485 et
1116 5429 1170 5484 in
1211 5445 1380 5503 regno
1408 5445 1530 5485 meo
1553 5444 1732 5501 usque
1759 5430 1816 5485 in
1846 5445 1919 5486 sel

2139 5444 2294 5498 ιτησα
2323 5426 2431 5480 ἀπὸ
2461 5426 2571 5481 τῶν
2592 5427 2903 5501 ἔμπροσθέν
2932 5444 3027 5481 σου
3047 5444 3061 5458 ’
3089 5429 3181 5483 καὶ
3214 5428 3474 5485 πιστώσω
3501 5428 3650 5484 αὐτὸν

478 5601 525 5633 ⁸⁸
560 5602 606 5657 ll
643 5601 776 5675 Reg.
813 5621 958 5673 xm,
996 5609 1045 5662 I.
1122 5608 1167 5642 "
1225 5607 1357 5666 ibid.
1400 5610 1486 5667 IO.
1560 5610 1605 5643 ’°
1645 5609 1779 5667 ibid.
1846 5609 1918 5665 ιι.

407 5672 596 5728 Paral.
636 5689 721 5736 vi,
759 5675 846 5729 I7.

2138 5610 2151 5640 '
2195 5608 2299 5666 Isa.
2359 5625 2482 5677 va,
2522 5611 2575 5666 2.
2653 5611 2698 5643 ⁹¹
2736 5606 2803 5666 IlI
2835 5607 2970 5682 Reg.
3009 5626 3143 5680 vm,
3208 5611 3308 5681 26,
3362 5614 3455 5669 27.
3526 5611 3569 5646 ’³
3604 5606 3641 5663 ll
