3826 6216
93 259 265 315 1085
1141 274 1463 331 ,ECLOGAE
1505 276 1986 334 PROPHETICIE.
2029 308 2093 319 —
2122 279 2250 336 LIB.
2295 285 2335 336 1.
3260 243 3407 344 .1086

92 384 116 419 ἓ

90 384 160 435 ἐν
200 384 364 457 οἴκῳ
398 404 501 456 μου
532 390 626 442 καὶ
647 389 705 442 ἐν
737 389 985 465 βασιλείᾳ
1016 393 1181 447 αὐτοῦ
1209 395 1313 459 ἓως
1335 395 1551 461 αἰῶνος,
1583 399 1718 451 καὶέ

1839 400 2110 468 piternum
2139 420 2150 454 :
2183 409 2238 454 et
2265 402 2501 458 thronus
2531 403 2654 473 ejus
2683 403 2787 458 erit
2821 404 3172 461 firmissimus
3200 407 3254 461 in
3289 425 3409 478 per-

93 475 324 546 Θρὸνος
354 481 521 534 αὐτοῦ
557 483 946 554 ἀνωρθωμένος
973 486 1077 551 ἓως
1104 488 1318 552 αἰῶνος.
1353 509 1371 541 ι
1404 491 1512 542 Καὶ
1532 489 1718 555 ταῦτα,

1834 503 2058 560 petuum
2089 492 2156 546 9".
2186 492 2348 548 illaec
2377 494 2577 548 similia
2609 495 2677 551 iis
2703 512 2824 565 quae
2851 497 2905 550 in
2933 499 3174 552 secundo
3201 475 3406 569 Regum

92 569 296 639 ὃμοια
332 570 466 626 ὅντα
491 577 603 636 τοῖς
626 576 689 636 ὲκ
717 577 816 646 τῆς
846 574 1104 648 δευτέρας
1135 579 1240 632 τῶν
1277 578 1570 632 Βασιλειῶν
1601 598 1718 652 προ·

1832 584 1973 638 libro
1998 586 2310 641 notavimus
2342 586 2864 657 explanavimusque
2887 627 2902 652 ,
2932 605 3043 642 non
3075 590 3304 644 multum
3339 591 3408 645 ab

95 662 478 734 εκτεθείσης,
516 667 976 737 σημειωσάμενοι,
1006 669 1095 723 διὰ
1135 671 1196 723 τὸ
1230 673 1304 742 μὴ
1349 673 1546 745 πολλὴν
1585 669 1718 727 εἶναι

1832 676 2037 732 eisdem
2080 677 2376 734 differunt:
2423 694 2598 750 quare
2641 678 2708 733 ad
2753 679 3010 750 praedicta
3051 680 3153 736 hoc
3195 681 3250 736 in
3287 682 3408 737 loco

94 755 214 826 τὴν
252 757 472 812 τούτων
511 759 649 829 πρὸς
673 761 857 815 ἐκεῖνα
889 761 1241 835 παραλλαγὴν
1273 765 1718 839 ἀρκεσθησόμεθα

1833 769 2188 826 remittimus.

97 852 234 912 τοῖς
276 852 363 915 εἰς
399 854 579 906 ἐκεῖνα
615 854 945 926 εἰρημένοις.

647 994 1044 1047 ΚΕΦΑΛΑΙΟΝ
1089 996 1214 1048 ΚΔ¹.
1282 950 1286 954 Ι

425 1105 524 1159 Ἐκ
553 1104 666 1174 τῆς
697 1106 743 1159 θ
775 1104 895 1160 τῶν
932 1106 1487 1178 Παραλειπομένων.

2385 950 2614 1007 CAPUT
2653 951 2840 1008 XXIV.

2117 1060 2164 1114 E
2194 1062 2423 1116 secundo
2465 1063 2916 1132 Paralipomenon
2957 1065 3117 1121 libro.

1903 1235 1922 1269 ι
1955 1217 2021 1272 Et
2053 1233 2234 1284 nunc,
2282 1217 2509 1276 Domine
2539 1220 2683 1276 Deus
2712 1219 2912 1286 Israel,
2943 1222 3191 1276 firmetur
3223 1237 3405 1279 sermo

1829 1317 1992 1373 tuus,
2041 1326 2204 1380 quem
2262 1311 2478 1367 locutus
2517 1330 2576 1367 es
2623 1330 2781 1368 servo
2825 1323 2919 1367 tuo
2952 1314 3141 1369 David.
3190 1313 3406 1384 Ergone

1829 1403 2091 1459 credibile
2119 1411 2206 1459 est
2241 1413 2298 1456 ut
2327 1404 2538 1460 habitet
2571 1404 2712 1460 Deus
2745 1422 2867 1459 eum
2900 1406 3212 1461 horninibus
3241 1424 3406 1478 super

1829 1503 2066 1560 terram,
2114 1499 2160 1551 si
2211 1497 2412 1550 cmlum
2459 1505 2513 1551 et
2559 1498 2683 1551 coeli
2735 1499 2999 1552 caelorum
3051 1514 3158 1552 non
3217 1510 3266 1553 te
3312 1517 3404 1554 ca-

1828 1587 1986 1658 piunt
2015 1589 2104 1641 '5?
2133 1609 2151 1640 ι
2188 1587 2306 1642 Jam
2339 1605 2516 1659 nuper
2546 1605 2608 1644 ea
2645 1592 2697 1643 in
2730 1589 2939 1660 Regum
2975 1592 3114 1645 libro
3144 1593 3405 1662 explana—

190 1233 216 1265 ι
275 1214 396 1269 Καὶ
432 1215 548 1280 νῦν,
599 1217 770 1287 Κύριε
807 1219 836 1271 6
865 1217 996 1288 Θεὸς
1043 1217 1277 1290 Ἰσραὴλ,
1303 1221 1627 1292 πιστωθήτω
1657 1220 1722 1294 δὴ

102 1306 174 1359 τὸ
207 1309 378 1378 ῥῆμά
406 1324 520 1372 σου,
550 1307 580 1360 ὃ
611 1309 880 1380 ὲλάλησας
907 1309 985 1380 τῷ
1017 1309 1167 1363 παιδί
1196 1328 1290 1363 σου
1323 1310 1400 1380 τῷ
1430 1312 1612 1376 Δαυίδ,
1640 1313 1722 1364 ὅτι

104 1394 352 1466 ἀληθῶς
367 1397 686 1466 κατοικήσει
706 1399 733 1449 6
746 1396 877 1461 Θεὸς
902 1397 1040 1468 μετὰ
1056 1397 1152 1451 ἀνθ
1161 1393 1356 1472 ρώπων
1378 1400 1467 1452 ἐπὶ
1483 1400 1581 1470 τῆς
1596 1401 1721 1470 γῆς,

104 1492 159 1542 εἰ
199 1491 235 1542 ὁ
261 1490 495 1561 οὐρανὸς
521 1490 659 1542 καὶὸ
681 1490 907 1562 οὐρανὸς
935 1489 1026 1543 τοῦ
1045 1490 1270 1562 ούρανοῦ
1297 1491 1395 1544 οὐκ
1432 1492 1723 1561 ἀρκέσουσι

108 1600 232 1636 σοι.
278 1603 296 1634 ι
337 1584 449 1636 Καὶ
482 1584 562 1646 εἰς
599 1581 770 1636 ταῦτα
809 1583 1090 1654 εἰρηκότες
1121 1583 1268 1648 ἅπαξ
1310 1585 1398 1636 ὅτε
1429 1584 1497 1636 τὰ
1529 1585 1592 1638 ἐκ
1624 1585 1724 1654 τῆς

104 1682 161 1744 γ’
203 1675 329 1729 τῶν
363 1674 660 1729 Βασιλειῶν
699 1673 1014 1746 ὲξεθέμεθα,
1049 1673 1144 1729 νῦν
1195 1676 1253 1728 ού
1293 1675 1715 1748 δευτερώσομεν.

1832 1681 2040 1743 vimus,
2074 1694 2175 1734 nec
2205 1695 2326 1750 quae
2362 1681 2606 1735 diximus
2639 1681 2886 1735 iteranda
2916 1696 3222 1736 censemus.

601 1789 604 1793 '
640 1811 1039 1864 ΚΕΦΑΛΑΙΟΝ
1085 1809 1214 1864 KE'.

1922 1856 1924 1858 τ
2377 1815 2610 1872 CAPUT
2674 1815 2839 1872 XXV.

120 1921 246 1976 Ἐκ
294 1920 406 1976 τοῦ
441 1919 631 1991 Ἕῷα.
682 1923 746 1973 Ὃ
789 1921 1119 2007 ξοροϐάϐελ
1167 1923 1237 1975 ἐν
1285 1921 1360 1991 τῇ
1397 1922 1718 1993 δημηγορίᾳ

1832 1927 1912 1982 Ea:
1944 1927 2134 1984 Eadm
2163 1928 2318 1984 libro.
2364 1927 2492 2007 Ηφσ
2525 1928 2822 2007 Zorob_c_1b_el
2849 1945 3028 1982 coram
3054 1931 3246 2000 populo
3286 1947 3404 1985 con-

719 1999 906 2046 ταῦτά
939 2007 1148 2062 φησιν.

2396 2000 2642 2053 cionalus
2672 1999 2820 2055 dicit.

197 2127 221 2158 c
255 2106 644 2178 Ἀνδρες,ούχὶ
680 2108 896 2178 ἰσχυραί
928 2108 982 2160 αἱ
1015 2109 1304 2174 γυναῖκες;
1334 2108 1541 2179 μεγάλη
1577 2109 1610 2179 ή
1651 2109 1721 2179 γῆ

107 2198 221 2250 καὶ
265 2199 470 2268 ὑψηλὸς
501 2201 529 2252 6
558 2198 808 2269 οὐρανόςο
841 2198 936 2251 καὶ
975 2200 1144 2268 ταχὺς
1167 2198 1242 2269 τῷ
1277 2199 1462 2270 δρόμῳ
1486 2201 1514 2252 6
1542 2199 1720 2267 ἥλιοςο

109 2289 206 2348 ὅτι
268 2289 561 2361 στρέφεται
605 2291 662 2340 ὲν
691 2287 766 2358 τῷ
809 2288 992 2359 κύκλῳ
1021 2288 1115 2341 τοῦ
1152 2288 1404 2360 οὐρανοῦ,
1437 2289 1530 2342 καὶ
1562 2290 1724 2343 πάλιν

111 2384 433 2454 ἀποτρέχει
477 2385 559 2445 εἰς
598 2385 688 2436 τὸν
723 2381 914 2434 ἑαυτοῦ
936 2380 1104 2433 τόπον
1130 2383 1187 2433 ὲν
1215 2381 1399 2453 ἡμέρα
1437 2382 1567 2452 μιᾷ·
1602 2382 1723 2451 οὐχὶ

118 2479 316 2549 μέγας
355 2478 415 2541 ὃς
455 2475 629 2530 ταῦτα
687 2480 862 2539 ποιεῖ,
895 2477 988 2528 καί⁸
1019 2477 1052 2547 ἡ
1088 2476 1316 2546 ἀλήθεια
1366 2477 1598 2547 μεγάλη,
1630 2478 1723 2529 καὶ

117 2572 340 2644 ἰσχυρὰ
369 2571 517 2644 παρά
544 2571 752 2637 minim;
786 2573 935 2624 πᾶσα
965 2573 998 2641 ἡ
1031 2570 1104 2640 γῆ
1148 2570 1245 2641 τὴν
1279 2571 1538 2640 ἀλήθειαν
1568 2571 1724 2623 καλεῖ

116 2662 232 2714 καὶ
286 2664 316 2714 6
361 2661 586 2732 οὐρανὸς
627 2661 795 2733 αὐτὴν
850 2661 1089 2728 εὐλογείο
1124 2662 1220 2714 καὶ
1247 2661 1426 2714 πάντα
1469 2661 1535 2713 τὰ
1585 2659 1724 2731 ἔργα

120 2755 344 2808 σείεται
377 2756 471 2809 καί⁸
502 2755 727 2826 τρέμει’
759 2755 853 2808 καὶ
878 2755 978 2806 οὑκ
1010 2753 1125 2806 ἔστι
1163 2755 1278 2824 μετ’
1315 2753 1482 2806 αὑτοῦ
1527 2754 1634 2806 οὐδ’
1665 2753 1722 2806 ἓν

117 2846 353 2900 ἄδικονο
400 2845 582 2909 ἄδικος
603 2847 630 2897 6
659 2842 798 2909 οἰνος
819 2862 831 2875 ·
863 2844 1044 2908 ἄδικος
1083 2845 1110 2895 ὁ
1147 2844 1398 2915 βασιλεύς
1417 2859 1432 2874 ⁸
1464 2844 1636 2897 ἄδικοι
1665 2844 1722 2897 αἰ

119 2941 394 3007 γυναῖκες
411 2954 424 2967 ·
452 2937 624 2993 ἄδικοι
649 2939 698 2990 οἰ
729 2939 834 2990 υἱοὶ
861 2937 970 2990 τῶν
999 2935 1328 3009 ἀνθρώπων
1356 2936 1449 2990 καὶ
1471 2936 1629 2990 ἄδικα
1654 2936 1724 2990 τὰ

119 3032 276 3102 ἔργα
333 3030 512 3082 αὐτῶν
576 3029 753 3083 πάντα
797 3028 866 3083 τὰ
906 3029 1161 3081 τοιαῦτα’
1198 3029 1292 3081 καὶ⁴
1329 3027 1429 3081 ούκ
1475 3027 1622 3081 ἔστιν
1666 3029 1723 3080 ἐν

1901 2133 1918 2164 ι
1951 2112 1994 2168 Ο
2028 2113 2152 2178 viri,
2185 2127 2368 2168 nonne
2420 2114 2588 2167 fortes
2619 2122 2748 2168 sunt
2769 2114 3024 2169 mulieres
3050 2115 3072 2167 ?
3104 2114 3293 2184 Magna
3318 2121 3403 2170 est

1823 2214 2004 2268 terra,
2055 2216 2110 2262 et
2157 2207 2436 2262 excelsum
2481 2213 2567 2262 est
2610 2207 2850 2260 malum:
2899 2214 2952 2260 et
2997 2207 3152 2261 velox
3203 2222 3402 2264 cursus

1828 2298 1963 2353 solis
2005 2299 2279 2353 convertit
2317 2301 2371 2352 in
2418 2313 2552 2368 gyro
2597 2298 2798 2350 cmlum
2843 2297 2895 2350 in
2936 2297 3113 2351 locum
3160 2315 3318 2353 suum
3346 2300 3402 2351 i:

1828 2404 1936 2443 una
1983 2389 2094 2444 die.
2149 2389 2346 2444 Nonne
2387 2389 2712 2458 magnificus
2755 2397 2840 2443 est
2883 2391 2974 2459 qui
3009 2391 3121 2443 haec
3150 2389 3316 2452 facit,
3348 2396 3404 2444 et

1827 2480 2034 2534 veritas
2080 2495 2312 2550 magna,
2361 2488 2415 2535 et
2466 2480 2660 2536 fortior
2706 2496 2817 2550 pra:
2865 2479 3166 2535 omnibus?
3209 2477 3404 2533 Omnis

1826 2579 1974 2624 terra
2007 2556 2293 2624 veritatem
2328 2570 2579 2632 invocat,
2613 2573 2810 2623 malum
2841 2569 3004 2623 etiam
3038 2570 3213 2638 ipsam
3241 2570 3404 2622 bene-

1825 2661 1993 2723 dicit,
2024 2668 2078 2714 et
2109 2661 2296 2714 omnia
2326 2675 2491 2730 opera
2522 2668 2833 2721 moventur,
2865 2665 2919 2713 et
2962 2666 3200 2711 tremunt
3241 2673 3400 2722 eam,

1829 2762 1883 2809 et
1912 2769 2020 2808 non
2053 2761 2138 2808 est
2167 2769 2290 2807 cum
2322 2769 2384 2808 ea
2416 2753 2713 2823 quidquam
2748 2753 3016 2822 iniquum.
3060 2749 3261 2803 Vinum
3299 2750 3404 2803 ini-

1828 2863 1996 2916 quum
2021 2888 2035 2910 ,
2068 2847 2292 2917 iniquus
2319 2862 2412 2901 rex
2435 2887 2449 2911 ,
2480 2847 2680 2916 iniquae
2707 2847 2991 2909 mulieres,
3020 2845 3190 2913 iniqui
3213 2858 3403 2897 omnes

1830 2937 1924 2992 filii
1956 2938 2240 2993 hominum
2261 2980 2278 3005 ,
2309 2947 2363 2994 et
2408 2940 2592 3009 iniqua
2627 2939 2844 2993 illorum
2891 2938 3072 2991 omnia
3113 2951 3315 3006 opera,
3345 2942 3403 2991 et

1830 3043 1940 3082 non
1973 3037 2057 3084 est
2086 3028 2141 3082 in
2170 3030 2306 3097 ipsis
2341 3029 2587 3103 veritas,
2624 3036 2678 3083 et
2714 3030 2767 3081 in
2815 3044 2914 3082 sua
2950 3027 3240 3096 iniquitate
3279 3040 3404 3096 per-

117 3121 323 3183 αύτοῖς
355 3119 578 3190 ἀλήθεια
597 3137 610 3149 ο
643 3121 736 3172 καὶ
768 3120 826 3171 ὲν
857 3121 923 3189 τῇ
952 3117 1135 3188 ἀδικίᾳ
1154 3117 1333 3170 αὐτῶν
1365 3117 1718 3171 ἀπολοῦνται·

1832 3121 1988 3175 ibunt
2014 3142 2026 3172 :
2054 3131 2109 3175 et
2139 3123 2344 3176 veritas
2373 3129 2594 3184 manet,
2621 3127 2674 3174 et
2706 3119 2986 3173 invalescit
3017 3120 3069 3172 in
3097 3128 3360 3173 aeternum
3384 3156 3401 3182 ,

120 3211 232 3265 καὶ
271 3213 307 3282 ἡ
358 3209 586 3281 ἀλήθεια
641 3210 789 3280 μένει
837 3210 916 3271 εἰς
958 3208 1051 3260 τὸν
1089 3207 1280 3271 αἰῶνα,
1313 3208 1409 3260 καὶ
1444 3207 1616 3277 ἰσχύει
1643 3209 1723 3270 εἰς

118 3305 226 3357 τὸν
280 3303 476 3365 αἰῶνα,
523 3302 617 3355 καὶ
671 3300 736 3372 ζῇ
790 3301 883 3354 καὶ
923 3302 1114 3371 κρατεῖ
1147 3301 1226 3363 εἰς
1285 3299 1374 3352 τὸν
1420 3299 1591 3352 αἰῶνα
1626 3297 1720 3351 τοῦ

121 3394 364 3458 αἰῶνος·
423 3394 519 3446 καὶ
572 3394 671 3446 οὐκ
719 3392 835 3446 ἐστι
889 3394 1020 3466 παρ’
1047 3391 1183 3462 αὐτῇ
1229 3391 1412 3444 λαϐεῖν
1455 3391 1721 3462 πρόσωπα

121 3486 257 3540 οὐδὲ
289 3485 550 3557 διαφοράν
586 3485 720 3544 ἀλλά
755 3485 824 3538 τά
852 3485 1035 3537 δίκαια
1062 3487 1203 3543 ποιεῖ
1233 3483 1340 3537 ἀπὸ
1375 3483 1592 3536 πάντων
1613 3482 1721 3536 τῶν

123 3579 340 3632 ἀδίκων
395 3578 489 3629 καὶ
539 3575 816 3647 πονηρῶν·
860 3575 1122 3645 ἀπέχεται
1175 3575 1412 3636 καὶτοῖς
1444 3573 1724 3627 εύδοκοῦσι

121 3673 247 3732 τοῖς
273 3669 460 3739 ἔργοις
494 3668 661 3737 αὐτῆς
681 3684 696 3698 ·
726 3666 819 3720 καὶ
845 3667 944 3719 οὐκ
975 3666 1118 3718 ἐστιν
1148 3667 1204 3718 έν
1241 3667 1305 3736 τῇ
1341 3664 1519 3735 κρίσει
1550 3663 1722 3733 αὐτῆς

123 3761 291 3813 οὐθὲν
348 3759 530 3812 ἄδικον
551 3776 565 3790 ·
602 3759 696 3812 καὶ
744 3759 914 3828 αὐτῆς
946 3760 979 3828 ἡ
1013 3759 1163 3828 ἰσχὺς
1200 3755 1379 3808 καὶτὸ
1412 3754 1678 3825 βασίλειον
1706 3769 1718 3783 ·

125 3853 228 3905 καὶ
263 3855 298 3922 ὴ
344 3851 562 3917 ἐξουσία
591 3852 685 3903 καὶ
711 3853 744 3922 ὴ
775 3850 1128 3920 μεγαλειότης
1159 3848 1376 3901 πάντων
1405 3846 1514 3901 τῶν
1541 3846 1604 3912 (1⁵.
1633 3846 1720 3916 17)

125 3943 385 3997 αἰώνων⁸
417 3943 708 4012 εὐλογητὸς
735 3945 763 3995 6
789 3942 920 4005 Θεὸς
970 3942 1066 4011 τῆς
1123 3939 1400 4011 ἀληθείας.
1441 3958 1460 3990 ι
1520 3938 1722 3992 Ἐπεὶό

126 4037 330 4109 Σωτὴρ
362 4037 458 4090 καί.
503 4035 707 4108 Κύριος
731 4035 908 4106 ἡμῶν,
937 4033 1108 4102 Λόγος
1139 4032 1214 4085 ὢν
1245 4032 1340 4085 τοῦ
1372 4031 1526 4094 Θεοῦ,
1563 4031 1718 4102 φησί,

126 4130 364 4199 φέρεται
397 4125 654 4198 εἰρηκὼς,
699 4145 718 4177 ε
777 4123 917 4193 Ἐγώ
950 4126 1064 4196 εἰμι
1097 4125 1129 4196 ἡ
1157 4122 1404 4194 ἀλήθεια,
1442 4141 1462 4173 ι
1497 4121 1723 4184 εἰκότως

124 4221 199 4274 τὰ
253 4219 595 4291 προκείμενα
655 4214 1095 4290 παρατεθείμεθα
1156 4214 1282 4288 περὶ
1327 4212 1428 4282 τῆς
1465 4210 1722 4282 ἀληθείας

124 4313 420 4384 δηλοῦντα,
453 4313 528 4376 ὡς
575 4311 682 4382 ἄρα
729 4309 1023 4363 ύπόστασίν
1054 4324 1176 4361 τινα
1201 4305 1352 4376 παρά
1376 4305 1466 4358 τὸν
1501 4303 1720 4374 Πατέρα

126 4405 258 4458 καθ’
295 4405 496 4482 ἑαυτὴν
544 4403 690 4473 ἔχει⁸
731 4422 749 4452 ι
795 4401 962 4454 Μένει
995 4398 1124 4469 γὰρ,
1173 4397 1424 4468 φησὶν,ή
1469 4394 1717 4465 ἀλήθεια,

127 4498 227 4549 καὶ
256 4493 432 4564 ἰσχύει
461 4496 540 4557 εἰς
569 4493 657 4545 τὸν
689 4490 882 4556 αἰῶνα,
913 4491 1008 4544 καὶ
1027 4489 1092 4558 ζῇ
1125 4488 1220 4542 καὶ
1245 4487 1465 4556 κρατεῖ·
1498 4486 1589 4537 καὶ
1619 4484 1719 4536 οὐκ

128 4590 250 4642 ἐστι
293 4587 423 4657 παρ’
461 4586 598 4654 αὐτῇ
640 4581 822 4636 λαϐεῖν
863 4580 1149 4650 πρόσωπα,
1187 4597 1204 4626 ι
1240 4576 1336 4630 καὶ
1367 4576 1436 4630 τὰ
1462 4573 1607 4646 ἑξῆς,
1637 4573 1718 4638 οἷς

127 4680 388 4749 ἐπιφέρει
437 4677 565 4748 περὶ
613 4674 710 4727 τοῦ
760 4672 969 4744 Πατρὸς
1019 4670 1154 4724 Θεοῦ
1214 4669 1570 4740 τυγχάνοντος
1623 4667 1717 4721 καὶ

1825 3221 1878 3267 et
1908 3213 2077 3275 vivit,
2109 3220 2163 3266 et
2193 3213 2410 3266 obtinet
2442 3212 2495 3265 in
2530 3212 2730 3266 sacula
2773 3211 3122 3265 saeculorum.
3166 3207 3275 3264 Nec
3318 3216 3404 3263 est

1824 3301 1968 3373 apud
2003 3316 2122 3354 eam
2161 3302 2412 3371 accipere
2452 3318 2751 3372 personas,
2795 3317 2975 3371 neque
3023 3300 3398 3355 differentias:

1824 3394 1916 3449 sed
1950 3400 2072 3463 quae
2097 3393 2248 3460 justa
2307 3400 2434 3446 sunt
2467 3391 2598 3446 facit
2630 3393 2916 3455 omnibus,
2953 3392 3175 3461 injustis
3199 3406 3261 3444 ac
3288 3405 3403 3443 ma-

1822 3483 2019 3554 lignis,
2051 3491 2104 3537 et
2137 3498 2328 3539 omnes
2356 3483 2722 3554 benignantur
2756 3485 2811 3538 in
2863 3485 3121 3554 operibus
3159 3482 3299 3550 ejus.
3340 3481 3403 3534 Et

1823 3589 1935 3628 non
1963 3581 2047 3628 est
2078 3575 2132 3627 in
2162 3573 2374 3642 judicio
2401 3572 2523 3642 ejus
2557 3573 2802 3641 iniquum
2823 3613 2837 3636 ,
2881 3572 2972 3626 sed
3019 3569 3314 3630 fortitudo,
3350 3574 3404 3620 et

1824 3679 2074 3734 regnum,
2101 3673 2153 3717 et
2170 3671 2436 3732 potestas,
2462 3669 2516 3715 et
2549 3661 2809 3728 maiestas
2850 3660 3091 3712 omnium
3133 3671 3398 3710 aevorum.

1828 3754 2155 3810 Benedictus
2195 3753 2337 3809 Deus
2380 3754 2626 3808 veritatis
2652 3752 2716 3804 9“.
2750 3771 2768 3803 ι
2817 3749 3113 3818 Postquam
3151 3747 3402 3802 Salvator

1826 3856 1880 3901 et
1911 3845 2172 3900 Dominus
2219 3855 2430 3911 noster,
2485 3845 2576 3916 qui
2628 3843 2723 3898 Dei
2754 3841 2992 3897 Verbum
3032 3849 3150 3902 est,
3193 3839 3402 3893 dixisse

1824 3939 2042 3994 fertur:
2087 3956 2106 3989 ‹
2142 3937 2256 4008 Ego
2306 3953 2425 3993 sum
2480 3937 2685 3992 veritas
2711 3937 2788 3999 ⁸⁷,
2829 3954 2846 3985 ›
2878 3937 3075 3988 merito
3121 3931 3401 4000 praecitata

1822 4032 2192 4102 intelligemus
2221 4031 2378 4101 quasi
2406 4029 2473 4084 de
2503 4030 2733 4084 veritate
2759 4024 3192 4083 demonstrantia
3213 4062 3226 4087 ,
3252 4019 3400 4090 quod

1823 4123 2189 4178 substantiam
2224 4122 2367 4191 apud
2391 4121 2608 4176 Patrem
2640 4135 2736 4190 per
2767 4109 3000 4188 seipsain
3025 4116 3208 4170 habet.
3239 4134 3257 4165 ι
3288 4111 3402 4166 Ma-

1824 4223 1917 4269 net
1945 4216 2090 4270 enim
2113 4257 2128 4281 ,
2156 4215 2265 4278 ait,
2292 4215 2515 4279 veritas,
2544 4222 2598 4267 et
2629 4211 2917 4266 invalescit
2939 4211 2992 4263 in
3021 4217 3283 4262 aeternum
3305 4244 3322 4269 ,
3345 4209 3400 4258 et

1822 4307 1996 4369 vivit,
2039 4311 2094 4359 et
2124 4305 2338 4359 obtinet
2370 4344 2382 4356 .
2421 4342 2436 4356 .
2471 4345 2485 4358 .
2520 4317 2620 4357 nec
2662 4309 2747 4356 est
2797 4299 2938 4368 apud
2985 4312 3105 4352 eam
3154 4295 3400 4362 accipere

1827 4407 2091 4462 personas
2111 4431 2126 4456 ,
2152 4412 2170 4443 ι
2203 4400 2259 4446 et
2290 4401 2483 4446 caetera
2504 4432 2520 4458 ,
2553 4392 2754 4463 quibus
2787 4390 2936 4444 addit
2964 4387 3032 4442 de
3063 4385 3223 4439 Patre
3255 4383 3363 4437 Deo
3383 4421 3400 4448 ,

1827 4487 2053 4555 ipsoque
2084 4485 2193 4540 Deo
2221 4485 2401 4541 Verbo
2423 4525 2438 4550 ,
2468 4493 2522 4541 et
2553 4485 2818 4540 veritate:
2851 4503 2868 4533 ι
2902 4481 3228 4536 Benedictus
3258 4475 3399 4532 Deus

1824 4581 2100 4643 veritatis,
2137 4597 2156 4629 ι
2184 4580 2384 4649 quibus
2417 4586 2470 4632 et
2500 4577 2605 4648 ipsi
2639 4577 2943 4632 addemus:
2978 4573 3174 4628 Amen.

127 4773 302 4828 αὐτοῦ
338 4773 432 4826 τοῦ
465 4771 600 4825 Θεοῦ
624 4771 796 4838 Λόγου
822 4769 913 4823 καὶ
943 4769 1040 4839 τῆς
1065 4764 1340 4836 ἀληθείας,
1373 4785 1390 4816 ι
1437 4763 1726 4834 εὐλογητὸς
1762 4765 1790 4816 6
1846 4763 1979 4826 Θεὸς
2007 4762 2107 4833 τῆς
2137 4761 2413 4833 ἀληθείας,
2452 4781 2470 4812 ι
2507 4753 2552 4828 ᾧ
2588 4760 2683 4814 καὶ
2714 4759 2869 4812 αὐτοὶ
2907 4757 3286 4829 προσθήσομεν
3317 4755 3398 4822 τὸ,

147 4870 348 4940 Ἀμήν.

217 4965 383 5018 Ἀλλά
414 4964 522 5036 γὰρ
550 4961 724 5016 ταῦτα
757 4960 850 5013 καὶ
879 4957 987 5012 ἀπὸ
1016 4957 1116 5028 τῆς
1146 4955 1240 5009 τοῦ
1272 4953 1447 5026 Ἐζρα
1480 4953 1720 5025 Γραφῆς·

130 5063 244 5112 αλδ
295 5073 360 5125 γε
407 5057 512 5127 μὴν
555 5056 653 5126 τῆς
695 5051 893 5122 Ἐσθὴρ
942 5049 1050 5104 οὐδ’
1091 5048 1149 5101 ἓν
1196 5047 1429 5119 εὕρομεν
1464 5045 1590 5116 περὶ
1622 5044 1718 5097 τοῦ

132 5147 521 5221 προκειμένου·
563 5147 699 5217 μετὰ
741 5145 805 5215 δή
852 5161 934 5197 τοι
965 5143 1064 5206 τὰς
1115 5141 1226 5195 ἀπὸ
1273 5140 1380 5192 τῶν
1436 5136 1720 5208 ἱστορικῶν

131 5241 370 5314 Γραφῶν
424 5239 652 5306 ἐκλογὰς
710 5238 984 5310 μετίωμεν
1028 5235 1118 5290 ἐπὶ
1154 5232 1221 5286 τὰ
1257 5232 1505 5302 στιχήρη,
1539 5231 1620 5282 ὅτι
1648 5229 1715 5298 δὴ

127 5329 304 5384 ταῦτα
337 5331 450 5392 τοῖς
490 5329 698 5400 χρόνοις
728 5326 834 5380 τῶν
864 5325 1065 5380 λοιπῶν
1099 5322 1441 5395 προφητειῶν
1472 5323 1714 5392 ἡγεῖται·

131 5422 341 5474 τούτων
376 5421 431 5474 δὲ
465 5422 657 5492 πρῶτα
687 5420 887 5491 ἴδωμεν
912 5418 980 5472 τὰ
1005 5417 1111 5471 ἀπὸ
1135 5416 1242 5470 τῶν
1270 5413 1536 5485 Ψαλμῶν.

1899 4951 2028 5008 Haec
2067 4957 2197 5007 sunt
2243 4949 2309 5003 de
2353 4948 2539 5004 Esdrze
2583 4947 2760 5013 libro;
2791 4946 2845 4999 in
2871 4945 3012 4999 libro
3044 4942 3239 4998 Esther
3265 4941 3397 4997 nihil

1833 5045 1978 5114 quod
2013 5044 2080 5097 ad
2115 5041 2456 5113 pr0positum
2491 5045 2717 5108 spectet,
2750 5036 3080 5091 invenimus.
3121 5034 3396 5089 Absolutis

1831 5133 2000 5202 igitur
2047 5131 2438 5186 historicarum
2485 5127 2893 5196 Scripturarum
2936 5125 3160 5193 eclogis,
3205 5123 3273 5176 ad
3335 5138 3397 5177 ea

1827 5239 1949 5294 quae
2007 5222 2259 5278 versibus
2313 5221 2515 5288 scripta
2562 5226 2691 5273 sunt
2747 5226 3116 5281 transeamus,
3166 5229 3306 5284 quae,
3352 5215 3395 5268 si

1827 5327 2132 5388 temporum
2177 5322 2424 5370 servetur
2471 5313 2640 5376 ordo,
2674 5312 2884 5366 caeteris
2917 5310 3217 5382 prophetiis
3247 5319 3395 5364 ante-

1823 5417 1973 5466 eunt.
2010 5407 2054 5461 A
2075 5406 2309 5462 Psalmis
2334 5405 2498 5476 igitur
2527 5403 2895 5459 exordiamur.

205 5586 252 5617 "
292 5585 306 5637 Ι
347 5581 525 5641 Paral.
563 5598 709 5647 xvn,
749 5581 926 5638 H-M.
1002 5581 1048 5613 ⁸⁵
1089 5577 1132 5643 ιι
1165 5579 1340 5634 Paral.
1380 5594 1464 5642 v1,
1503 5577 1587 5632 l7.
1665 5576 1709 5606 ³⁵

1855 5573 2010 5630 Esdr.
2041 5587 2115 5632 tv,
2153 5569 2342 5626 34-40.
2421 5569 2465 5600 ⁹⁷
2506 5565 2662 5623 Joan.
2699 5581 2809 5630 xw,
2844 5564 2899 5621 6.

1747 5755 1820 5770 ﬂ
