3826 6216
472 310 601 362 MOI

1192 303 1462 359 EL‘SEBII
1503 295 1990 356 CAESARIE‘NSIS
2029 297 2178 353 OPP‘.
2221 297 2403 353 PARS
2444 293 2527 352 Ill.
2570 328 2638 336 —
2668 294 3058 352 EXEGETICA
3095 379 3103 387 .

3611 302 3739 355 ’θθέ

470 421 546 501 sit
573 428 626 474 et
657 417 1042 473 rarissimum?
1088 415 1266 470 Mente
1313 415 1478 469 etiam
1528 411 2041 483 amplificatur-lam

2167 408 2301 478 μηδέ
2339 407 2444 479 μὴν
2476 408 2612 470 ὅλως
2645 409 2901 478 ἐπιϐῆναι
2937 407 3034 478 τὴν
3065 410 3261 480 ἀρχὴν,
3303 411 3439 482 μηδὲ
3465 414 3660 483 στῆναι
3693 418 3741 467 ἐν

474 512 579 565 viri
606 511 672 565 de
698 526 807 580 quo
841 510 930 563 hic
956 509 1160 563 mentio
1193 508 1444 561 habetur.
1496 504 1681 574 Neque
1725 504 1870 557 enim
1908 502 2062 567 abiit,

475 607 572 667 ait,
605 619 781 673 neque
814 603 986 665 stetit,
1025 615 1200 670 neque
1242 598 1383 654 sedit
1427 599 1481 651 in
1515 597 1714 651 talibus
1746 595 2064 666 improbita-

471 695 544 747 tis
575 693 864 763 speciebus
894 710 906 744 :
935 705 1106 761 quare
1124 689 1285 743 nobis
1306 689 1526 743 videtur
1552 688 1638 741 hic
1662 695 1864 741 aeterne
1899 693 2064 754 atque

471 785 527 840 in
557 785 814 840 omnibus
846 783 1163 853 praecellens
1194 781 1288 836 illo
1322 781 1480 836 beato
1514 780 1816 849 designari.
1864 779 2062 834 Multos

468 875 690 946 quidem
749 874 935 928 videre
989 883 1072 926 est
1125 871 1411 941 diligentia
1469 880 1632 940 atque
1671 869 2063 923 exercitatione

467 968 817 1036 conspicuos.
867 966 962 1020 sed
1009 963 1320 1020 istiusmodi
1368 962 1644 1015 neminem
1679 961 1923 1028 psalmus
1966 959 2060 1013 de-

469 1062 683 1116 scribit.
768 1059 823 1114 Si
871 1061 996 1130 quis
1046 1061 1192 1113 enim
1255 1057 1500 1113 attendat
1563 1064 1830 1126 quantum
1884 1053 1955 1106 sit
2004 1054 2058 1105 in

468 1153 726 1206 omnibus
757 1167 1019 1221 prospere
1065 1151 1282 1214 cedere,
1325 1156 1474 1204 recte
1515 1163 1700 1202 coram
1731 1145 1840 1200 Deo
1867 1143 2060 1196 ambu-

467 1244 603 1306 lare,
649 1244 704 1296 in
734 1243 881 1296 nulla
916 1258 973 1296 re
1003 1255 1212 1305 errare,
1251 1256 1428 1310 neque
1456 1255 1486 1294 a
1532 1239 1750 1292 virtutis
1777 1235 2058 1306 proposito

466 1335 766 1396 declinare,
812 1335 955 1388 sicut
1000 1333 1054 1386 in
1103 1333 1207 1386 hoc
1259 1333 1471 1402 psalmo
1515 1330 1758 1385 dicitur:
1805 1349 1823 1381 ‹
1863 1327 2055 1383 Omnia

468 1441 808 1496 quaecunque
837 1425 1020 1487 faciet,
1053 1425 1530 1493 prosperabuntur
1553 1425 1634 1481 ’9:
1677 1443 1695 1475 ι
1737 1422 1782 1478 si
1807 1422 1932 1492 quis
1964 1437 2055 1475 re-

469 1524 621 1585 putet
647 1517 806 1585 quale
831 1515 922 1579 sit,
948 1517 1403 1586 praedicariquasi
1421 1515 1474 1568 in
1499 1515 1754 1570 omnibus
1777 1513 2054 1584 propriam

465 1610 799 1663 voluntatem
833 1624 955 1662 cum
986 1608 1198 1663 Domini
1232 1610 1350 1678 lege
1389 1615 1817 1663 consentaneam
1849 1607 2056 1660 haben-

465 1709 598 1765 tem,
618 1710 780 1772 atque
804 1717 1024 1771 operam
1054 1703 1367 1772 impendere
1396 1703 1541 1756 illius
1572 1699 1913 1755 meditationi
1945 1715 2052 1753 non

2167 501 2383 565 αὐτοῖς,
2442 500 2558 563 πῶς
2603 501 2664 552 οὑ
2699 501 3012 572 θαυμαστόν
3059 519 3110 554 τι
3150 504 3338 574 χρῆμα
3384 507 3481 557 καὶ
3525 508 3740 559 σπάνιον

2163 594 2458 662 τυγχάνει;
2507 594 2846 664 Παρίσταται
2883 593 2939 646 δὲ
2972 594 3172 664 μᾶλλον
3215 598 3280 666 τῇ
3326 597 3537 668 διανοίᾳ
3574 616 3759 670 παρα-ι

2163 685 2400 748 τατικῶς
2440 685 2707 756 εἰρημένα
2741 685 2810 737 τὰ
2844 684 2938 738 τοῦ
2971 686 3299 756 δηλουμένου
3344 688 3539 760 ἀνδρὸς
3575 691 3742 757 ἐγκώ-

2165 794 2265 846 μια
2285 793 2297 806 ο
2335 775 2458 828 οὔτε
2486 776 2593 847 γὰρ
2625 776 2916 848 ἐπορεύθη,
2947 779 3133 849 φησὶν,
3160 778 3270 832 οὔτ’
3296 781 3450 852 ἔστη,
3477 781 3594 834 οὔτ’
3619 785 3739 837 ἐκά-

2163 869 2312 921 θισεν
2365 871 2423 922 ἐν
2474 872 2587 933 τοῖς
2650 871 2877 924 τοιοῖσδε
2926 872 3026 941 τῆς
3073 871 3273 934 κακίας
3333 873 3522 939 εῖδεσι,
3585 874 3653 926 δι’
3677 869 3742 928 ὧν

2161 958 2488 1028 ἐμφαίνεται
2515 961 2548 1030 η
2579 961 2642 1011 ἐκ
2670 960 2764 1013 τοῦ
2795 961 2884 1014 ἀεὶ
2915 962 3007 1014 καὶ
3030 961 3116 1014 διὰ
3145 963 3346 1026 παντὸς
3374 965 3635 1037 ἐνάρετος
3657 967 3740 1017 τοῦ

2164 1050 2604 1122 μακαριζομένου
2658 1052 3005 1117 κατάστασις.
3066 1054 3300 1117 Πολλοὺς
3359 1056 3458 1126 μὲν
3495 1053 3592 1109 οὖν
3627 1060 3741 1119 τοὺς

2158 1144 2224 1195 ἐκ
2249 1144 2523 1214 προσοχῆς
2543 1145 2638 1196 καὶ
2660 1145 2946 1214 ἀσκήσεως
2970 1146 3402 1218 κατωρθωκότας
3429 1147 3531 1200 ἴδοι
3555 1149 3624 1202 ἄν
3645 1166 3740 1210 τις.

2157 1235 2347 1287 οὐδένα
2378 1252 2440 1313 γε
2473 1235 2578 1304 μὴν
2613 1235 2851 1288 τοιοῦτον
2895 1237 3076 1289 ὁποῖον
3107 1238 3136 1289 ὁ
3165 1237 3377 1309 ψαλμὸς
3413 1239 3737 1309 διαγράφει’

2158 1328 2206 1379 εἰ
2239 1327 2295 1380 δὲ
2337 1326 2634 1397 θεωρήσειέ
2677 1345 2760 1391 τις
2801 1322 3059 1398 ὁπηλίκον
3102 1331 3248 1384 ἐστὶν
3287 1331 3350 1383 τὸ
3394 1331 3532 1402 πρὸς
3567 1314 3743 1384 πάντα

2158 1419 2367 1490 εὐροεῖν
2403 1419 2497 1471 καὶ
2529 1419 2672 1472 κατὰ
2697 1420 2827 1472 Θεὸν
2858 1421 3170 1475 εὐοδοῦσθαι
3204 1424 3261 1475 ἐν
3293 1422 3486 1493 μηδενὶ
3515 1423 3743 1492 σφαλλο-

2160 1529 2353 1580 μενον,
2403 1513 2524 1583 μηδ’
2552 1512 2930 1566 ἁποπίπτοντα
2985 1514 3078 1566 τοῦ
3124 1517 3244 1567 κατ’
3273 1514 3476 1586 ἀρετὴν
3513 1515 3737 1579 σκοποῦ,

2156 1602 2233 1666 ὡς
2271 1604 2412 1657 κατὰ
2456 1604 2615 1656 τοῦτο
2662 1603 2914 1672 λέγεσθαι
2966 1607 3024 1658 ἐν
3067 1605 3145 1676 τῷ
3199 1606 3400 1677 ψαλμῷ
3448 1607 3530 1669 τὸ,
3579 1627 3598 1658 ‹
3633 1608 3737 1661 Καὶ

2157 1695 2336 1748 πάντα
2378 1697 2477 1748 ὅσα
2520 1696 2587 1749 ἂν
2625 1699 2773 1767 ποιῇ,
2819 1697 3355 1768 κατευοδωθήσεται·
3392 1719 3410 1750 ι
3475 1699 3555 1752 ἔτι
3605 1700 3664 1752 δὲ
3696 1702 3739 1751 τί

469 1801 680 1848 tantum
705 1802 817 1848 tota
843 1794 950 1859 die,
979 1794 1072 1850 sed
1100 1803 1154 1850 et
1182 1805 1365 1856 nocte,
1397 1795 1656 1864 vigilibus
1693 1793 1892 1847 mentis
1921 1808 2041 1845 oeu-

2157 1787 2546 1857 κατανοήσειεν
2611 1787 2793 1840 ὁποῖόν
2848 1789 2963 1839 ἐστι
3028 1787 3089 1840 τὸ
3152 1789 3564 1860 ἀνακεκρᾶσθαι
3623 1791 3742 1843 τινὰ

468 1887 535 1940 lis
567 1903 781 1957 semper
811 1889 864 1941 in
891 1903 1008 1940 eam
1043 1889 1345 1950 conversis,
1383 1895 1436 1941 et
1465 1903 1570 1940 non
1603 1894 1812 1939 tantum
1841 1885 2052 1940 diurnis

464 1981 724 2049 operibus
754 1982 836 2035 vel
870 1981 1241 2043 sermonibus,
1294 1980 1388 2034 sed
1418 1990 1471 2034 et
1502 1996 1596 2050 per
1634 1995 1883 2035 somnum
1910 1979 2055 2048 cogi-

464 2073 768 2126 tationibus
815 2081 978 2142 atque
1021 2073 1503 2142 imaginationibus
1559 2073 1612 2125 in
1660 2072 1763 2124 hac
1818 2070 2050 2126 medita-

464 2166 612 2219 tione
658 2174 958 2228 versatum,
1011 2173 1345 2235 compertam
1377 2164 1602 2218 habebit
1656 2163 2049 2217 sublimitatem

465 2258 612 2311 illius
659 2273 820 2326 quem
870 2258 1004 2310 adeo
1037 2256 1340 2326 perfectum
1389 2255 1483 2310 Dei
1521 2254 1762 2324 Spiritus
1795 2263 2046 2309 testatur.

465 2349 534 2401 At
577 2349 622 2402 si
670 2349 914 2401 omnium
964 2364 1238 2403 consensu
1281 2347 1396 2401 haec
1435 2347 1728 2400 humanam
1791 2353 2052 2414 superant

467 2450 745 2504 naturam,
771 2439 864 2492 uni
890 2439 1056 2507 igitur
1087 2441 1201 2492 viro
1233 2453 1475 2506 congrua
1502 2452 1625 2491 esse
1650 2443 1902 2506 possunt,
1922 2444 2050 2489 nato

465 2532 715 2586 videlicet
744 2547 774 2585 e
805 2529 1025 2584 Davidis
1073 2531 1280 2584 semine
1325 2529 1627 2584 secundum
1667 2544 1889 2584 carnem
1918 2527 2048 2584 Jesu

462 2621 705 2687 Christo,
742 2621 971 2674 Domino
998 2632 1050 2674 et
1073 2618 1343 2675 Salvatori
1375 2626 1589 2682 nostro,
1616 2619 1681 2672 de
1711 2633 1820 2688 quo
1841 2618 1962 2674 solo
1992 2617 2047 2671 in

463 2709 601 2765 Isaia
631 2728 659 2764 a
693 2710 897 2780 Spiritu
929 2710 1115 2764 divino
1149 2717 1518 2774 memoratur,
1561 2728 1580 2760 ι
1611 2710 1755 2780 quod
1789 2710 2050 2781 iniquita-

465 2807 572 2852 tem
604 2815 710 2852 non
742 2799 950 2864 fecerit,
982 2815 1160 2870 neque
1191 2800 1351 2853 dolus
1396 2799 1559 2854 fuerit
1585 2801 1638 2854 in
1668 2816 1763 2856 ore
1794 2801 1914 2870 ejus
1945 2803 1984 2856 ί.
2023 2821 2042 2854 ι

456 2889 599 2945 Cum
632 2906 693 2945 ea
727 2891 1178 2961 interpretatione
1206 2893 1364 2961 plane
1395 2895 1649 2962 congruit
1677 2891 1942 2948 Hebraica
1974 2895 2050 2948 le-

461 2986 594 3048 ctio,
623 2985 851 3038 articulo
880 2999 1137 3054 expresse
1165 2983 1410 3038 adhibito
1445 3004 1457 3039 :
1495 3005 1511 3036 ι
1556 2985 1753 3040 Beatus
1783 2987 1871 3041 ille
1904 2987 2041 3042 vir.»

453 3076 700 3150 ;Decebat
728 3077 949 3147 quidem
982 3084 1190 3146 patrem
1216 3077 1516 3131 secundum
1546 3093 1766 3132 carnem
1799 3077 2048 3132 Salvato-

2156 1877 2444 1948 όμοδοξοῦν
2505 1878 2697 1949 ἔχοντα
2748 1879 2810 1931 τὸ
2875 1879 3003 1932 ἴδιον
3050 1879 3215 1933 αὑτοῦ
3281 1879 3495 1951 θέλημα
3539 1881 3603 1932 τὸ
3650 1881 3739 1932 τοῦ

2156 1971 2360 2043 Κυρίου
2411 1972 2599 2043 νόμῳ,
2643 1973 2704 2025 τό
2747 1989 2805 2024 τε
2864 1971 3093 2044 μελετᾷν
3144 1975 3202 2025 ἐν
3249 1973 3398 2043 αὐτῷ
3450 1975 3528 2044 μὴ
3585 1974 3739 2043 μόνον

2153 2062 2219 2115 δι’
2247 2063 2374 2134 ὅλης
2403 2063 2617 2134 ἡμέρας
2656 2064 2791 2118 ἀλλὰ
2821 2067 2913 2118 καὶ
2944 2065 3031 2118 διὰ
3057 2063 3157 2134 τῆς
3183 2066 3375 2130 νυκτὸς
3411 2066 3738 2136 ἐγῇγορόσι

2153 2158 2265 2219 τοῖς
2311 2157 2411 2226 τῆς
2455 2157 2694 2221 διανοίας
2741 2157 3040 2228 ὀφθαλμοῖς
3095 2161 3175 2222 είς
3230 2159 3392 2212 αὐτὸν
3443 2157 3734 2231 ἐνορῶντα,

2154 2249 2248 2300 καὶ
2291 2250 2411 2300 κατ’
2448 2250 2609 2302 αὐτὸν
2651 2250 2712 2302 ού
2761 2251 2919 2320 μόνον
2970 2252 3079 2328 τοῖς
3124 2250 3243 2321 μεθ’
3288 2251 3502 2321 ἡμέραν
3560 2251 3737 2321 ἔργοις

2151 2356 2211 2393 τε
2246 2342 2338 2394 καὶ
2378 2342 2576 2411 λόγοις,
2602 2343 2735 2396 ἀλλὰ
2772 2344 2863 2396 καὶ
2905 2346 3026 2406 ταῖς
3069 2344 3206 2396 κατὰ
3248 2343 3338 2396 τὸν
3368 2343 3537 2396 ῦπνον
3586 2344 3735 2396 ἐνθυ-

2157 2434 2352 2504 μήσεσι
2403 2435 2496 2486 καὶ
2539 2435 2860 2504 φαντασίαις
2902 2435 3244 2505 ἐνεργοῦντα,
3279 2437 3483 2488 εἵσεται
3533 2435 3597 2488 τὸ
3643 2435 3736 2505 μὲ-

2151 2524 2311 2593 γεθος
2371 2525 2465 2578 τοῦ
2514 2526 2684 2579 ταῦτα
2752 2527 3174 2599 κατωρθωκέναι
3240 2527 3376 2598 πρὸς
3434 2525 3532 2579 τοῦ
3596 2526 3735 2579 θείου

2153 2615 2473 2686 Πνεύματος
2538 2617 3006 2688 μαρτυρουμένου.
3089 2617 3225 2669 Ἀλλ’
3287 2619 3335 2669 εἰ
3397 2618 3495 2670 καὶ
3560 2619 3735 2669 πᾶσαν

2149 2707 2596 2778 ὁμολογουμένως
2629 2708 2726 2780 τὴν
2750 2709 3091 2779 ἀνθρωπείαν
3126 2708 3544 2779 ὑπερακοντίζει
3581 2708 3734 2777 φύσιν

2149 2798 2219 2852 τὰ
2254 2799 2570 2870 λελεγμένα,
2617 2801 2696 2853 ἐνὶ
2733 2799 2776 2852 δ’
2807 2798 2898 2853 οὖν
2942 2801 3097 2872 ἀνδρὶ
3142 2801 3289 2871 μόνῳ
3329 2800 3637 2872 ἐφαρμόζοι
3671 2799 3733 2852 ἂν

2149 2893 2228 2963 τῷ
2271 2896 2545 2966 γενομένῳ
2587 2898 2650 2947 ἐκ
2693 2895 3006 2967 σπέρματος
3051 2895 3215 2948 Δαυὶδ
3260 2895 3319 2947 τὸ
3361 2895 3504 2948 κατὰ
3557 2894 3732 2964 σάρκα

2162 2987 2335 3055 Ἰησοῦ
2365 2987 2584 3059 Χριστῷ
2609 2987 2688 3058 τῷ
2720 2988 2908 3059 Κυρίῳ
2941 2989 3034 3040 καὶ
3061 2988 3270 3058 Σωτῆρι
3297 2987 3479 3058 ἡμῶν,

2149 3087 2287 3156 πρὸς
2317 3085 2411 3139 τοῦ
2443 3089 2501 3140 ἐν
2529 3067 2726 3157 Ἡσαΐᾳ
2757 3087 2903 3140 θείου
2932 3087 3247 3158 Πνεύματος
3283 3087 3727 3158 μεμαρτύρηται,

453 3163 542 3223 'ris
576 3169 747 3222 nostri
789 3167 1045 3222 Davidem
1069 3210 1083 3234 ,
1113 3169 1198 3221 cui
1229 3171 1557 3238 promissum
1585 3169 1763 3224 fuerat
1802 3173 2041 3226 nascitu-

2157 3146 2289 3228 {ac}
2345 3176 2418 3248 μὴ
2464 3146 2736 3249 ἁμαρτίαν
2806 3146 3092 3247 ἐποίησε,.
3129 3146 3514 3249 μηδὲιεύρέθη
3550 3146 3728 3239 ’δόλος

454 3247 582 3338 trum
617 3258 685 3312 ab
715 3259 886 3328 ipsius
917 3260 1125 3313 semine
1139 3259 1440 3326 Christum,
1465 3261 1569 3315 hoc
1601 3261 1902 3332 prophetiis
1929 3263 2044 3319 suis

461 3350 743 3419 imponere
783 3353 1128 3419 procemium.
1192 3353 1288 3407 Cui
1322 3361 1512 3408 autent
1534 3370 1645 3409 non
1671 3355 1942 3425 ingratum
1967 3356 2045 3408 vi-

461 3441 682 3496 debitur
707 3458 769 3497 ea
799 3460 921 3513 quae
947 3445 1014 3499 de
1038 3444 1320 3500 Salvatore
1350 3447 1404 3500 in
1433 3447 1644 3515 psalmo
1670 3457 2044 3502 memorantur

459 3533 750 3588 manifeste
781 3536 1110 3605 perspicere,
1159 3537 1211 3590 in
1261 3553 1384 3591 eum
1427 3538 1851 3602 commentarios
1876 3539 2041 3594 altius

461 3629 794 3697 perscrutari
826 3629 972 3682 libet.

2151 3270 2209 3322 ἐν
2254 3268 2332 3339 τῷ
2383 3269 2609 3340 στόματι
2665 3270 2850 3323 αὑτοῦ.
2886 3289 2903 3321 ι
2963 3269 3037 3322 Τὸ
3086 3269 3130 3322 δ’
3169 3269 3590 3338 ἐπιδεδεγμένον
3637 3267 3728 3334 τῆς

2151 3359 2377 3429 ἐκδοχῆς
2422 3361 2750 3432 παρίστησιν
2789 3363 2821 3432 ἡ
2867 3362 3007 3415 κατὰ
3058 3356 3446 3430 τοἚϐραῖκὸν
3497 3358 3727 3422 ἔντευξις

2149 3451 2628 3522 ἐπιτετηρημένως
2659 3452 2830 3516 οὓτως
2863 3453 3058 3524 ἔχουσα
3076 3469 3089 3482 ·
3116 3472 3134 3502 ι
3158 3453 3442 3523 Μακάριος
3477 3455 3506 3505 ό
3532 3451 3686 3522 ἀνὴρ,
3705 3469 3720 3500 ι

2152 3542 2290 3611 μετὰ
2335 3543 2433 3612 τῆς
2459 3541 2662 3614 ἄρθρου
2715 3543 3065 3614 προσθήκης·
3121 3541 3214 3594 καὶ
3247 3541 3493 3611 ἕπρεπέν
3539 3558 3602 3608 γε
3643 3541 3725 3592 τὸν

2147 3633 2289 3687 κατὰ
2343 3635 2522 3706 σάρκα
2560 3635 2655 3688 τοῦ
2703 3637 2953 3707 Σωτῆρος
2995 3634 3152 3705 ἡμῶν
3209 3634 3366 3703 (1218
3400 3635 3483 3704 νυ)
3517 3651 3722 3704 χρημαο

460 3719 684 3774 τίσαντα
730 3721 942 3791 πατέρα
979 3721 1173 3784 Δαυὶδ,
1223 3720 1554 3788 ἐπαγγελίαν
1595 3720 1852 3790 εἰληφότα
1901 3722 2160 3793 περὶτοῦ
2211 3727 2275 3779 ἐκ
2348 3725 2661 3798 σπέρματος
2701 3727 2866 3781 αὑτοῦ
2915 3727 3276 3799 τεχθήσεσθαι
3344 3727 3437 3779 τὸν
3479 3725 3720 3797 Χριστὸν,

459 3811 633 3882 τούτῳ
682 3812 781 3883 τὴν
821 3812 1070 3884 ἀπαρχὴν
1148 3813 1248 3882 τῆς
1292 3812 1486 3865 ἐαυτοῦ
1539 3816 1873 3883 προφητείας
1933 3815 2230 3869 ἀναθεῖναι.
2289 3818 2437 3890 Ὅτῳ
2494 3820 2550 3872 δὲ

2631 3819 2784 3889 φίλον
2863 3818 3154 3888 διαγνῶναι
3217 3817 3280 3870 τὸ
3327 3815 3560 3888 ἀκριϐὲς
3630 3815 3719 3881 τῆς

460 3910 554 3964 ἐπὶ
615 3908 707 3961 τὸν
763 3908 988 3979 Σωτῆρα
1041 3907 1148 3960 τῶν
1209 3910 1266 3961 ἐν
1324 3907 1402 3978 τῷ
1458 3907 1660 3981 ψαλμῷ
1723 3908 2030 3982 λεγομένων
2067 3914 2380 3984 ἀναφορᾶς,
2427 3917 2538 3978 τοῖς
2577 3917 2658 3979 εἰς
2696 3914 2856 3968 αὑτὸν
2906 3913 3525 3988 ὑπομνηματισαμένοις
3579 3912 3718 3962 ἐντυο

461 4002 571 4074 χὼν
599 4001 799 4056 εἴσεται
810 4044 822 4057 .

1069 4123 1299 4180 CAPUT
1359 4121 1422 4178 Il.

953 4212 999 4267 E
1042 4217 1247 4285 psalmo
1293 4217 1538 4274 secundo.

536 4324 556 4358 ε
587 4305 768 4373 Quare
812 4306 1150 4363 fremuerunt
1200 4317 1411 4380 gentes,
1459 4320 1512 4365 et
1561 4313 1745 4382 populi
1790 4313 2036 4369 meditati

457 4408 585 4452 sunt
629 4399 848 4452 inania?
909 4399 1212 4455 Astiterunt
1264 4417 1421 4472 reges
1451 4410 1644 4468 teme,
1680 4413 1733 4459 et
1758 4406 2036 4477 principes

455 4499 831 4544 convenerunt
857 4491 908 4544 in
938 4509 1104 4545 unum
1138 4494 1400 4548 adversus
1445 4493 1734 4550 Dominum
1764 4506 1817 4552 et
1842 4498 2037 4552 adver-

2675 4122 3075 4180 ΚΕΦΑΛΑΙΟΝ
3120 4126 3194 4179 B'.

2642 4221 2892 4289 Ψαλμοῦ
2931 4218 3233 4288 δευτέρου.

2221 4333 2239 4365 ί
2263 4313 2422 4368 Ἰνατί
2451 4311 2727 4384 ἐφρύαξαν
2761 4311 2910 4384 ἔθνη,
2940 4312 3034 4364 καὶ
3063 4311 3180 4363 λαοὶ
3207 4309 3549 4381 ἐμελέτησαν
3573 4309 3713 4371 κενάς

2143 4407 2503 4479 Παρέστησαν
2551 4406 2602 4458 oi
2645 4404 2886 4475 βασιλεῖς
2925 4404 3024 4475 τῆς
3057 4404 3190 4474 γῆς,
3237 4402 3334 4456 καὶ
3383 4404 3435 4455 οἱ
3469 4403 3712 4474 ἄρχοντες

2144 4502 2486 4572 συνήχθησαν
2519 4499 2612 4551 ἐπὶ
2653 4497 2714 4550 τὸ
2740 4497 2872 4549 αὐτὸ
2909 4497 3052 4549 κατὰ
3080 4495 3174 4548 τοῦ
3198 4495 3430 4565 Κυρίου,
3469 4497 3564 4548 καὶ
3591 4495 3712 4546 κατὰ

457 4597 552 4635 sus
575 4580 852 4636 Christum
890 4585 1008 4652 ejus
1030 4587 1103 4637 ’.ι
1139 4584 1194 4638 1η
1228 4588 1597 4655 apostolorum
1629 4589 1860 4646 Actibus
1895 4591 2036 4646 hanc

2152 4594 2234 4647 τοῦ
2257 4592 2491 4664 Χριστοῦ
2527 4590 2712 4644 αὑτοῦ.
2747 4610 2765 4642 ι
2815 4592 2902 4644 Ἐν
2930 4592 3050 4651 ταῖς
3082 4588 3188 4641 τῶν
3221 4587 3545 4640 ἀποστόλων
3583 4587 3710 4654 Πρα-

457 4674 733 4743 impletam
760 4675 927 4730 fuisse
952 4678 1290 4746 prophetiam
1322 4682 1502 4735 testati
1536 4689 1664 4736 sunt
1688 4683 1782 4753 qui
1809 4681 2033 4738 Petrum

455 4773 508 4818 et
530 4763 794 4821 Joannem
831 4767 1102 4822 mirabilia
1139 4785 1259 4838 quae
1305 4769 1407 4839 ipsi
1457 4771 1705 4825 viderant
1747 4783 2034 4830 narrantes

455 4861 733 4914 audivere.
763 4859 1113 4915 Gratulantes
1146 4861 1314 4930 igitur
1347 4862 1492 4931 quod
1520 4870 1601 4917 tot
1632 4865 1896 4918 miracula
1928 4866 2034 4919 sibi

458 4951 798 5015 acciderant,
834 4953 920 5007 his
950 4962 1306 5023 perrexerunt
1341 4955 1562 5009 verbis-2
1597 4973 1614 5006 ‹
1647 4955 2035 5012 Convenerunt

454 5045 597 5098 enim
628 5061 755 5100 vere
780 5045 832 5098 in
860 5045 1082 5099 civitate
1109 5045 1210 5100 ista
1240 5046 1503 5101 adversus
1529 5058 1778 5102 sanctum
1803 5064 2032 5120 puerum

454 5145 606 5190 tuum
630 5135 839 5198 Jesum,
875 5153 1035 5206 quem
1071 5138 1297 5198 unxisti.
1333 5138 1574 5196 Herodes
1598 5151 1653 5195 et
1681 5139 1910 5196 Pontius
1943 5141 2034 5195 Pi-

455 5235 617 5293 latus,
661 5246 784 5284 cum
812 5231 1063 5301 gentibus
1106 5239 1160 5285 et
1197 5233 1412 5300 populis
1442 5231 1608 5288 lsrael
1639 5233 1682 5288 ³.
1717 5254 1733 5284 ι
1777 5233 1892 5289 Νυη
1930 5235 2032 5290 soli

454 5323 596 5379 enim
647 5325 740 5392 qui
786 5323 889 5378 hoc
930 5330 1174 5393 tempore
1221 5323 1488 5378 Salvatori
1539 5335 1734 5380 nostro
1786 5327 2029 5382 insidiati

453 5425 603 5479 sunt,
639 5415 900 5470 adversus
931 5431 1054 5470 eum
1085 5425 1480 5474 convenerunt.
1536 5418 1631 5471 sed
1679 5426 1733 5472 et
1771 5419 2030 5489 deinceps

385 5537 389 5540 -
456 5523 599 5560 nunc
635 5523 810 5577 psque
843 5524 1000 5579 reges
1041 5517 1095 5562 et
1127 5508 1436 5579 principes,
1489 5511 1867 5581 universaque
1898 5527 2032 5581 gen-

455 5607 538 5654 tes
565 5609 619 5654 et
653 5601 872 5671 populi,
920 5603 1014 5670 qui
1058 5603 1578 5670 blasphemaverunt
1623 5618 1749 5658 eum
1800 5604 2032 5674 ejusque

2143 4683 2257 4748 ξεσι
2303 4685 2397 4736 καὶ
2439 4682 2644 4752 ταύτην
2708 4679 3101 4752 πεπληρῶσθαι
3151 4678 3249 4749 τὴν
3293 4677 3635 4748 προφητείαν
3671 4677 3710 4726 οἱ

2139 4776 2233 4829 τοῦ
2263 4777 2471 4846 Πέτρου
2515 4776 2610 4828 καὶ
2661 4774 2908 4827 Ἰωάννου
2948 4771 3015 4825 τὰ
3047 4770 3166 4824 κατ’
3197 4772 3397 4833 αὐτοὺς
3449 4767 3710 4842 παράδοξα

2139 4869 2510 4944 διηγουμένων
2547 4868 2879 4929 ἀκούσαντες
2920 4865 3328 4937 ἐμαρτύρησαν.
3383 4865 3710 4936 Εὐχαριιπή·

2141 4978 2329 5024 σαντες
2379 4959 2490 5030 γὰρ
2544 4961 2657 5022 τοῖς
2700 4958 2785 5027 ἐφ’
2835 4952 2918 5020 οἷς
2971 4958 3166 5026 ἤκουον
3230 4955 3562 5025 θαυμασίοις
3613 4956 3708 5014 τοῖς

2140 5053 2514 5126 προεκτεθεῖσι
2551 5055 2735 5124 ῥητοῖς
2766 5051 3050 5120 ἐπήγαγον
3075 5049 3327 5117 λέγοντες
3347 5065 3364 5080 ο
3401 5067 3420 5100 c
3457 5047 3708 5117 Συνήχθη-

2143 5165 2240 5200 σαν
2287 5147 2397 5217 γὰρ
2444 5147 2532 5198 ἐπ’
2584 5144 2843 5216 ἀληθείας
2897 5145 2990 5196 ἐπὶ
3039 5143 3101 5195 τὸ
3155 5141 3284 5196 αὐτὸ
3340 5143 3399 5193 ἐν
3455 5146 3523 5212 τῇ
3577 5141 3702 5195 πόλει

2137 5239 2307 5311 ταύτῃ
2335 5240 2426 5291 ἐπὶ
2454 5237 2545 5290 τὸν
2577 5238 2729 5306 ἆγιον
2752 5237 2917 5290 παῖδά
2949 5253 3064 5300 σου,
3105 5235 3164 5288 ὃν
3198 5235 3443 5308 ἔχρισας,
3483 5233 3702 5304 Ἡρώδης

2135 5348 2194 5383 τε
2246 5331 2339 5383 καὶ
2390 5331 2614 5393 Πόντιος
2679 5329 2942 5394 Πιλάτος,
3016 5329 3114 5380 σὺν
3183 5327 3364 5380 ἔθνεσι
3435 5329 3534 5381 καὶ
3579 5327 3702 5386 λαοῖς

2150 5421 2389 5492 Ἰσραήλ.
2432 5441 2450 5473 ι
2486 5420 2559 5472 Οὐ
2609 5420 2758 5490 μόνοι
2790 5419 2848 5472 δέ
2887 5420 2996 5490 ἄρα
3035 5421 3083 5471 οἱ
3121 5419 3242 5472 κατ’
3288 5420 3471 5471 ἐκεῖνο
3529 5414 3698 5487 καιροῦ

2137 5511 2624 5576 ἐπιϐουλεύσαντες
2664 5511 2743 5584 τῷ
2779 5513 2990 5583 Σωτῆρι
3032 5511 3190 5584 ἡμῶν
3220 5511 3566 5582 συνήχθησαν
3596 5508 3700 5563 κατ’

2141 5604 2328 5668 αὐτοῦ,
2374 5605 2514 5657 ἀλλὰ
2560 5605 2654 5659 καὶ
2697 5608 2745 5658 oi
2793 5605 3028 5674 καθεξῆς
3072 5604 3131 5672 ἐξ
3167 5604 3382 5658 ἐκείνου
3428 5606 3522 5658 καὶ
3559 5600 3696 5674 δεῦρο

523 5754 568 5783 ’³
609 5751 752 5808 Psal.
780 5771 818 5819 ι,
852 5755 908 5812 3.
984 5756 997 5786 '
1043 5754 1146 5812 lsa.
1186 5733 1313 5823 ίιιι,
1348 5757 1400 5813 9.
1479 5761 1498 5788 ²
1545 5758 1690 5814 Psal.
1730 5774 1800 5826 ιι,
1841 5758 1971 5829 1,2.

2156 5767 2228 5816 ct.
2263 5775 2338 5826 Iv,
2372 5759 2462 5815 97.
