3826 6216
156 297 184 350 ‘l
197 297 310 352 093

1204 295 1499 351 ΕρωοΕ
1531 295 2025 352 PROPIIETlC/E.
2053 332 2120 341 —
2149 299 2278 356 LIB.
2325 300 2386 355 ΙΙ.

3318 306 3337 360 1
3349 305 3454 360 096

153 418 402 488 βασιλεῖς
433 418 527 470 καὶ
557 417 837 487 ἄρχοντες,
879 417 978 470 ὅλα
1000 434 1058 469 τε
1092 417 1218 490 ἔθνη
1255 421 1350 472 καῖ
1381 419 1520 484 λαοὶ,
1548 419 1638 472 διὰ
1663 437 1711 472 τι

1865 421 2128 475 doctrinae
2177 421 2422 476 insidiati
2471 429 2619 478 sunt.
2676 421 3002 476 Persuasum
3038 429 3217 477 autem
3252 423 3454 479 habere

153 509 509 580 βλασφημεῖν
561 510 725 562 αὑτὸν
771 510 866 564 καὶ
915 510 1290 564 ἐπιϐουλεύειν
1341 511 1508 564 αὑτοῦ
1554 516 1620 584 τῇ
1672 513 1753 565 δι-

147 601 451 673 δασκαλίᾳ.
489 602 789 656 Πεπεῖσθαι
836 603 894 656 δὲ
935 603 1040 675 χρὴ
1080 604 1153 674 μὴ
1192 605 1351 674 μόνον
1396 606 1521 668 τοὺς
1562 607 1619 658 ἐν
1657 607 1752 658 ἀν-

151 695 404 767 θρώποις
462 695 692 765 όρατοὺς
737 694 974 764 βασιλεῖς
1016 699 1111 750 καὶ
1145 697 1416 768 ἄρχοντας
1463 698 1752 750 ἐπιϐεϐου-

149 788 415 841 λευκέναι
459 787 636 858 αὐτῷ,
679 787 813 840 πολὺ
856 789 914 841 δὲ
963 789 1164 859 μᾶλλον
1213 791 1339 852 τοὺς
1386 791 1610 861 νοητοὺς
1658 793 1753 844 καὶ¹

151 881 432 950 ἁοράτους
468 881 735 950 ἄρχοντας
778 880 872 932 τοῦ
905 880 1102 944 αἰῶνος
1132 881 1357 947 τούτου,
1402 882 1452 936 οἳ
1495 883 1590 935 καὶ
1627 884 1748 936 τότε

150 973 474 1042 ἐνήργησαν
516 973 608 1024 καὶ
661 974 743 1035 εἰς
791 972 870 1024 ἐτι
915 971 1009 1025 νῦν
1056 971 1373 1043 ἐνεργοῦσι,
1418 974 1488 1027 τά
1528 991 1586 1026 τε
1621 974 1750 1046 ἔθνη

150 1067 250 1120 καὶ
289 1067 421 1129 τοὺς
469 1066 602 1119 κενὰ
646 1067 742 1120 καὶ⁸
793 1069 874 1130 εἰς
915 1067 1090 1138 μάτην
1134 1066 1226 1119 τὸν
1270 1066 1364 1119 τοῦ
1404 1066 1539 1120 Θεοῦ
1586 1067 1752 1137 νόμον

152 1155 566 1225 μελετήσαντας
611 1155 778 1219 λαοὺς
832 1157 959 1219 τοὺς
999 1158 1064 1209 ἐκ
1112 1159 1432 1228 περιτομῆς,
1478 1159 1539 1210 οὑ
1593 1159 1750 1228 μόνον

148 1247 295 1300 κατὰ
334 1247 431 1300 τοῦ
458 1247 695 1318 Χριστοῦ
738 1248 831 1301 τοῦ
877 1247 1013 1301 Θεοῦ
1068 1248 1564 1320 βουλευσαμένους,
1612 1251 1748 1304 ἀλλὰ

145 1339 217 1390 δι’
252 1337 424 1392 αὑτοῦ
475 1340 568 1392 καὶ
613 1341 756 1392 κοιτά
805 1339 900 1392 τοῦ
937 1340 1253 1411 πέμψαντος
1301 1343 1464 1395 αὑτὸν
1510 1344 1744 1414 Πατρός·

147 1433 284 1502 περὶ
331 1425 408 1483 ὦν
454 1431 708 1485 ἀπάντων
742 1434 798 1485 ἐν
822 1431 902 1502 τῷ
929 1432 1129 1504 ψαλμῷ
1163 1434 1481 1505 ἐπιφέρεται
1525 1435 1605 1497 τὸ,
1648 1454 1664 1485 ι
1687 1436 1749 1488 'O

147 1523 432 1575 κατοικῶν
459 1525 516 1576 ἐν
542 1523 788 1594 οὐρανοῖς
822 1523 1180 1592 ἐκγελάσεται
1215 1526 1434 1589 αὑτοὺς,
1461 1527 1555 1578 καὶ
1582 1527 1611 1577 ό
1634 1525 1748 1578 Κύ-

150 1632 269 1684 ριος
298 1616 664 1686 ἐκμυκτηριεῖ
703 1615 917 1678 α’ὑτούς.
959 1614 1090 1668 Τότε
1122 1615 1344 1687 λαλήσει
1380 1617 1516 1687 πρὸς
1550 1617 1746 1680 αὐτοὺς

146 1707 209 1757 ἐν
242 1705 386 1776 ὀργῇ
417 1705 603 1767 αὑτοῦ,
641 1705 737 1757 καὶ
769 1706 828 1757 ἐν
855 1705 936 1776 τῷ
969 1705 1128 1776 θυμῷ
1168 1705 1334 1758 αὑτοῦ
1385 1705 1612 1778 ταράξει
1644 1707 1743 1760 αὑ-

1857 519 2072 580 oportet
2123 527 2231 565 non
2280 519 2493 566 tantum
2539 512 2786 568 visibiles
2837 513 2890 566 in
2927 512 3245 568 hominibus
3296 529 3452 584 reges

1855 603 2242 672 principesque
2288 603 2337 657 ei
2385 602 2560 659 fuisse
2589 604 2877 660 insidiatos
2899 645 2915 667 ,
2944 605 3039 660 sed
3071 606 3243 658 multo
3276 605 3451 675 magis

1861 694 2141 763 spiritales
2174 694 2590 766 invisibilesquc
2623 695 2787 764 hujus
2822 697 3008 751 sazculi
3036 679 3332 766 principes,
3357 698 3452 767 qui

1860 793 1990 838 tunc
2022 787 2459 856 exagitaveruut,
2479 788 2624 842 sicut
2656 797 2710 842 et
2735 804 2883 842 nunc
2906 791 3208 858 exagitant,
3234 798 3453 860 gentes-

1853 891 1961 946 que
2013 885 2067 931 et
2116 879 2558 934 circumcisionis
2605 881 2836 949 populos
2890 879 3096 936 frustra
3127 889 3180 936 et
3213 881 3449 951 nequid-

1852 984 2015 1039 quam
2048 970 2246 1024 divinae
2281 972 2384 1041 legi
2420 973 2729 1038 studentes,
2779 987 2888 1026 non
2922 981 3131 1026 tantum
3182 973 3450 1029 adversus

1851 1060 2131 1116 Christum
2169 1062 2396 1127 Dei,sed
2426 1079 2521 1132 per
2553 1079 2700 1128 eum,
2735 1071 2789 1118 et
2823 1063 3086 1118 adversus
3113 1063 3330 1118 Patrem
3352 1065 3449 1136 qui

1851 1153 2004 1206 misit
2054 1153 2230 1217 illum,
2283 1154 2594 1209 insidiatos.
2675 1154 2750 1209 De
2805 1155 2891 1210 his
2924 1155 3185 1211 omnibus
3241 1157 3344 1211 hoc
3392 1159 3448 1212 in

1849 1244 2064 1313 psalmo
2110 1245 2331 1299 additur
2371 1265 2385 1301 :
2426 1263 2444 1296 ι
2483 1246 2584 1310 Qui
2636 1245 2844 1300 habitat
2892 1247 2946 1300 in
2990 1247 3148 1302 ccelis
3200 1247 3448 1302 irridebit

1849 1351 1968 1399 eos,
1995 1344 2048 1390 et
2074 1336 2342 1394 Dominus
2365 1338 2728 1392 subsannabit
2757 1354 2874 1394 eos.
2904 1338 3059 1393 Tunc
3091 1339 3343 1409 loquetur
3377 1339 3447 1393 ad

1856 1443 1954 1483 eos
1983 1429 2037 1483 in
2068 1430 2146 1482 ira
2180 1445 2300 1494 sua,
2332 1440 2385 1484 et
2416 1431 2468 1484 in
2503 1429 2690 1486 furore
2722 1447 2824 1486 suo
2857 1431 3208 1486 conturbabit
3235 1447 3329 1487 eos
3365 1432 3440 1484 ⁸.»

1847 1516 2060 1583 Quibus
2091 1518 2288 1574 deinde
2334 1519 2591 1574 Christus
2626 1521 2743 1589 ipse
2787 1521 2957 1584 dicit,
3011 1521 3444 1576 dominationem

1850 1626 2006 1666 suam
2059 1621 2183 1681 post
2233 1613 2546 1681 passionem
2591 1614 2948 1668 constitutam
2996 1629 3098 1670 nos
3150 1616 3387 1669 edocens
3426 1633 3441 1670 :

1854 1719 1873 1752 ι
1905 1700 2019 1770 Ego
2045 1710 2229 1756 autem
2263 1705 2601 1759 constitutus
2645 1721 2767 1760 sum
2799 1720 2893 1758 rex
2922 1705 2990 1758 ab
3022 1721 3088 1760 eo
3118 1722 3283 1775 super
3309 1705 3443 1760 Sion

143 1797 301 1861 τούς.
341 1817 359 1848 ι
419 1791 512 1860 Οἷς
565 1797 694 1866 ἑξῆς
752 1798 917 1862 αὑτὸς
971 1799 999 1851 ὁ
1047 1798 1282 1869 Χριστὸς
1336 1798 1435 1870 τὴν
1496 1797 1634 1869 μετὰ
1683 1816 1711 1851 τ

1847 1794 2084 1842 montem
2120 1800 2370 1844 sanctum
2407 1791 2550 1860 ejus,
2603 1792 2910 1862 praedicans
2971 1805 3300 1864 praeceptum
3331 1795 3442 1850 Do-

144 1889 332 1953 πάθος
369 1890 739 1960 γεγενημένην
769 1892 896 1962 περὶ
934 1891 1094 1944 αὑτὸν
1129 1891 1440 1962 οἰκονομίαν
1475 1891 1745 1945 παιδεύων

145 1981 306 2051 ήμᾶς
357 1997 556 2050 φησιν,
613 1999 630 2030 ι
665 1979 807 2048 Ἐγὼ
856 1980 914 2033 δὲ
966 1980 1308 2051 κατεστάθην
1353 1980 1605 2050 βασιλεὺς
1653 1982 1743 2035 ὑπ’

139 2073 321 2126 αὑτοῦ
375 2073 467 2126 ἐπὶ
504 2072 639 2125 Σιὼν
679 2073 804 2143 ὅρος
849 2074 912 2126 τὸ
963 2074 1116 2142 ἅγιον
1159 2073 1324 2128 αὑτοῦ
1349 2114 1362 2136 ,
1414 2073 1743 2142 διαγγέλλων

142 2167 211 2220 τὸ
242 2167 571 2238 πρόσταγμα
603 2166 830 2238 Κυρίου.
877 2187 894 2217 υ
921 2168 994 2219 Οὐ
1027 2167 1132 2238 χρὴ
1182 2167 1428 2237 μέντοιγε
1469 2166 1609 2220 κατά
1641 2168 1742 2232 τὰς

156 2260 442 2314 Ἰουδαίων
488 2263 847 2331 χαμαιπετεῖς
899 2260 1194 2331 ὑπολήψεις
1236 2260 1334 2332 τὴν
1379 2253 1475 2314 τοῦ
1500 2259 1739 2332 Χριστοῦ

145 2354 434 2423 βασιλείαν
461 2354 651 2424 ὁμοίαν
675 2356 795 2418 ταῖς
823 2353 931 2407 τῶν
964 2352 1266 2426 ἀνθρώπων
1294 2353 1546 2424 ἡγεῖσθαι
1568 2355 1660 2407 ἐπὶ
1680 2354 1742 2406 τὸ

142 2446 292 2499 Σιὼν
315 2446 440 2516 ὅρος
465 2446 778 2516 σωματικὸν
809 2446 1242 2516 συστησομένην·
1279 2446 1416 2516 πρός
1448 2431 1620 2514 γὀὖν
1646 2445 1739 2498 τὸν

141 2540 505 2610 ἐρωτήσαντα
535 2538 697 2591 αὑτὸν
729 2539 778 2590 εί
809 2537 1060 2608 βασιλεὺς
1096 2539 1375 2608 τυγχάνει,
1406 2539 1738 2608 ἀπεκρίνατο

138 2633 348 2702 λέγων,
387 2653 405 2685 ι
427 2633 489 2685 Ἢ
523 2632 768 2702 βασιλεία
800 2634 833 2703 ή
871 2630 978 2702 ἐμὴ
1006 2631 1108 2684 οὐκ
1135 2631 1280 2683 ἐστιν
1313 2631 1377 2682 ἐκ
1405 2629 1499 2682 τοῦ
1529 2630 1735 2698 κόσμου

138 2726 343 2780 τούτου
363 2742 376 2756 ·
417 2746 434 2777 ι
477 2726 596 2779 ὅθεν
628 2727 692 2796 δὴ
723 2726 818 2778 καὶ
849 2724 1126 2794 βασιλείαν
1153 2724 1398 2794 οὐρανῶν
1432 2724 1736 2794 ἐπήγγελτο

137 2823 260 2883 τοῖς
305 2819 726 2872 πεπιστευκόσιν
769 2820 846 2882 είς
885 2817 1068 2880 αὑτὸν,
1116 2816 1210 2868 καὶ
1253 2816 1316 2868 τὸ
1348 2815 1485 2869 Σιὼν
1516 2815 1572 2868 δὲ
1612 2815 1736 2886 ὅρος

138 2914 471 2984 ἐπουράνιον
499 2912 762 2982 ὑπάρχειν
785 2909 1021 2973 ἐδίδαξεν
1055 2911 1115 2962 οὑ
1149 2909 1308 2980 μόνος
1335 2911 1362 2962 ὁ
1390 2909 1731 2972 Ἀπόστολος,

138 3005 282 3057 ἀλλά
324 3005 416 3057 καὶ
457 3004 706 3056 πλεῖσται
746 3001 902 3055 ἄλλαι
939 3003 1288 3071 προφητεῖαι.
1339 3001 1396 3053 '0
1428 3001 1478 3068 γ’
1511 2995 1602 3053 οὖν
1631 3001 1734 3053 Μι-

138 3098 310 3167 χαίας
350 3094 627 3166 προειπὼν
667 3095 742 3158 ὡς
773 3095 880 3165 ἄρα
918 3093 1006 3146 διὰ
1033 3093 1134 3155 τάς
1179 3092 1433 3155 ἀσεϐείας
1461 3090 1558 3145 τοῦ
1596 3109 1732 3162 προ-

1848 1878 2005 1933 mini.
2037 1879 2079 1933 ⁸.
2115 1900 2133 1932 ι
2159 1879 2313 1936 Haud
2369 1899 2499 1938 vero
2529 1885 2828 1938 secundum
2872 1894 3183 1941 terrestrem
3221 1886 3440 1943 Iudaeo-

1849 1985 1969 2024 rum
2006 1972 2512 2042 interpretationem
2559 1976 2970 2046 intelligeudum
3007 1986 3091 2033 est
3116 1977 3320 2036 Christi
3356 1997 3440 2036 re-

1843 2077 2010 2132 gnum
2032 2103 2046 2126 ,
2092 2066 2239 2118 velut
2275 2065 2553 2119 hominum
2591 2082 2795 2137 regna,
2834 2083 3000 2140 super
3031 2078 3271 2126 montem
3304 2071 3438 2128 Sion

1844 2156 2208 2224 corporaliter
2241 2158 2647 2224 constitutum;
2684 2160 3041 2232 interroganti
3074 2163 3220 2216 enim
3267 2179 3439 2219 rexne

1841 2255 2025 2311 esset,
2072 2249 2356 2318 respondit
2385 2250 2576 2305 dicens
2612 2270 2624 2304 :
2663 2270 2680 2302 ι
2716 2250 2960 2323 Regnum
2997 2270 3178 2309 meum
3211 2271 3320 2310 non
3353 2265 3439 2312 est

1840 2337 1910 2393 de
1947 2338 2051 2393 hoc
2081 2341 2286 2395 mundo
2311 2344 2355 2396 ⁸.
2389 2361 2407 2393 ›
2465 2341 2672 2396 Exinde
2723 2359 2951 2413 regnum
2996 2347 3260 2401 caelorum
3309 2364 3440 2418 pro-

1841 2431 1991 2485 misit
2020 2431 2101 2486 eis
2132 2433 2224 2501 qui
2259 2433 2612 2489 crediderunt
2639 2435 2692 2488 in
2723 2452 2871 2501 eum,
2911 2447 3263 2507 montemque
3301 2439 3436 2495 Sion

1838 2534 1961 2575 esse
1994 2522 2274 2576 cmlestem
2301 2523 2490 2579 docuit
2524 2539 2632 2577 non
2669 2535 2880 2579 tantum
2911 2526 3230 2595 Apostolus,
3252 2527 3346 2583 sed
3383 2537 3438 2583 et

1841 2611 2112 2683 pleraeque
2164 2613 2284 2668 alia:
2329 2615 2648 2685 pr0phetiae.
2695 2616 2952 2673 Michaeas
2983 2619 3150 2688 igitur
3174 2619 3436 2689 praefatus

1838 2703 1985 2782 quod
2010 2713 2234 2774 propter
2263 2707 2477 2776 priores
2502 2709 2684 2777 populi
2712 2709 3055 2778 iniquitates,
3084 2708 3246 2764 «Sion
3272 2713 3434 2782 quasi

1837 2781 1967 2866 ager
2001 2797 2270 2863 arabitur,
2301 2806 2357 2852 et
2385 2795 2691 2852 Jerusalem
2722 2799 2878 2869 quasi
2914 2815 3144 2854 acervus
3189 2781 3431 2870 lapidum

1835 2888 1973 2952 erit,
2005 2895 2060 2942 et
2091 2903 2250 2942 mons
2287 2891 2472 2958 templi
2505 2891 2560 2942 in
2594 2891 2816 2945 excelsa
2854 2891 3117 2946 silvarum
3146 2893 3165 2922 ⁷
3189 2931 3204 2956 ,
3246 2912 3263 2943 ι
3303 2892 3432 2949 dein

1835 2978 1902 3034 de
1931 2978 2038 3032 alia
2067 2976 2198 3032 Sion
2227 2989 2279 3034 et
2305 2979 2607 3034 Jerusalem
2657 2981 2905 3036 similiter
2932 2991 3157 3048 narrat,
3187 2983 3380 3040 dicens
3411 3003 3426 3039 :

1841 3089 1860 3121 ι
1897 3069 1964 3124 Et
1995 3072 2100 3125 erit
2135 3072 2189 3125 in
2221 3073 2526 3128 novissimo
2551 3073 2764 3128 dierum
2800 3090 2959 3130 mons
2991 3077 3187 3132 domus
3210 3075 3428 3132 Domini

135 3153 308 3257 ιῖέρου
343 3153 493 3250 λαοῦ,
532 3205 548 3236 ι
584 3153 736 3238 Σιὼν.
771 3153 848 3249 ὡς
897 3184 1065 3254 ἀγρὸς
1115 3153 1606 3254 ἀροτριαθήσεται,
1637 3153 1708 3239 κα

1837 3173 2177 3232 praeparatus
2202 3165 2255 3217 in
2281 3165 2491 3219 vertice
2515 3168 2738 3230 montis,
2765 3207 2778 3219 .
2809 3206 2820 3217 .
2852 3208 2864 3220 .
2886 3205 2900 3218 .
2931 3175 2985 3221 et
3009 3166 3176 3221 fluent
3207 3167 3274 3220 ad
3300 3184 3426 3222 eum

144 3278 512 3352 Ἰερουσαλὴμ
532 3277 607 3340 ὼς
631 3275 1073 3348 ὀπωροφυλάκιον
1092 3273 1266 3339 ἔσται,
1288 3275 1382 3328 καὶ
1411 3273 1472 3326 τὸ
1492 3273 1615 3345 ὅρος
1636 3271 1728 3326 τοῦ

134 3372 294 3423 οἷκον
343 3371 423 3432 είς
465 3367 628 3430 ἄλσος
671 3364 914 3437 δρυμοῦ,
951 3383 969 3415 ι
1013 3363 1139 3432 ἑξῆς
1179 3364 1308 3433 περὶ
1346 3362 1536 3432 ἐτέρας
1591 3360 1729 3413 Σιὼν

134 3464 240 3518 καὶ
301 3461 654 3534 Ἰερουσαλὴμ
705 3459 906 3530 ὁμοίως
957 3456 1245 3526 ἐπιφέρει,
1300 3456 1504 3524 λέγων·
1573 3473 1590 3505 ι
1621 3455 1730 3508 Καὶ

133 3555 296 3608 ἔσται
323 3557 380 3607 ἐν
405 3557 523 3616 ταῖς
544 3553 800 3622 ἐσχάταις
828 3552 1061 3623 ἡμέραις
1086 3550 1328 3618 ἐμφανὲς
1365 3549 1426 3600 τὸ
1454 3549 1578 3616 ὅρος
1613 3549 1727 3600 Κυ-

137 3646 297 3718 ρίου,
339 3647 432 3698 καὶ
471 3645 692 3715 ἥξουσιν
737 3645 821 3694 ἐπ’
853 3641 1000 3711 αὑτῴ
1032 3641 1185 3703 λαοὶ,
1236 3642 1330 3692 καὶ
1370 3638 1727 3712 πορεύσονται

133 3738 270 3806 ἔθνη
307 3736 494 3798 πολλὰ,
517 3737 599 3788 ὅτι
634 3738 697 3788 ἐκ
725 3734 859 3787 Σιὼν
885 3732 1224 3796 ἐξελεύσεται
1252 3731 1414 3800 νόμος
1447 3729 1540 3782 καὶ
1570 3728 1727 3796 λόγος

135 3830 352 3901 Κυρίου
387 3829 443 3894 ἐξ
482 3827 857 3898 Ἰερουσαλήμ.
891 3845 908 3875 ι
954 3825 1088 3895 Περὶ
1135 3823 1324 3876 τούτου
1360 3822 1466 3894 ἄρα
1509 3821 1724 3894 εἴρηται

135 3925 235 3976 καὶ
265 3922 451 3975 ἐνθάδε
481 3921 584 3974 ὑπὸ
613 3919 674 3988 (f.
705 3919 790 3987 l9)
820 3913 912 3970 τοῦ
943 3917 1102 3988 ὅρους
1124 3915 1218 3968 τοῦ
1244 3913 1502 3986 Χριστοῦ,
1540 3933 1557 3963 ι
1583 3912 1724 3980 Ἐγὼ

129 4015 192 4068 δὲ
233 4013 574 4082 κατεστάθην
629 4011 879 4082 βασιλεὺς
935 4009 1027 4061 ὑπ’
1071 4007 1236 4060 αὑτοῦ
1284 4007 1376 4058 ἐπὶ
1419 4004 1558 4058 Σιὼν
1599 4007 1724 4076 ὅρος

129 4109 196 4162 τὺ
233 4107 388 4174 ἅγιον
426 4103 622 4158 αὑτοῦο
659 4123 678 4153 ι
737 4102 843 4154 ὑπὸ
885 4101 1032 4164 τίνος
1074 4100 1132 4153 δὲ
1167 4098 1516 4168 κατεστάθη;
1563 4099 1721 4169 δῆλον

127 4203 216 4254 ὅτι
244 4201 353 4254 ὑπὸ
377 4197 470 4251 τοῦ
511 4199 782 4266 φήσαντος
822 4195 956 4266 πρὸς
989 4193 1146 4247 αὑτὸν
1181 4193 1392 4263 Πατρὸς
1433 4192 1522 4245 τό’
1562 4193 1720 4258 «Υἱός

131 4311 238 4364 μου
287 4288 338 4346 εἷ
384 4293 470 4356 σὺ,
499 4289 609 4358 ἐγὼ
637 4290 875 4359 σήμερον
923 4285 1230 4357 γεγέννηκά
1277 4303 1366 4338 σε·
1402 4304 1422 4338 ι
1475 4285 1570 4338 καὶ
1619 4284 1710 4337 τόο

134 4386 403 4454 «Αἴτησαι
442 4383 572 4454 παρ’
611 4381 768 4451 ἐμοῦ,
808 4380 901 4433 καὶ
923 4378 1079 4432 δώσω
1111 4395 1191 4430 σοι
1226 4377 1354 4447 ἔθνη
1392 4376 1488 4447 τὴν
1521 4376 1717 4448 κληρο-

1833 3256 2041 3324 populi,
2077 3263 2130 3310 et
2161 3257 2531 3326 pr0perabunt
2555 3266 2744 3327 gentes
2778 3258 2960 3312 multa:
2985 3298 2998 3311 .
3029 3300 3042 3314 .
3073 3299 3089 3314 .
3115 3298 3130 3314 .
3159 3302 3174 3326 ,
3197 3260 3327 3330 quia
3357 3260 3428 3316 de

1835 3345 1967 3400 Sion
2015 3346 2328 3416 egredietur
2361 3346 2468 3410 lex,
2500 3355 2554 3401 et
2589 3349 2816 3402 verbum
2849 3347 3065 3402 Domini
3106 3349 3173 3404 de
3201 3349 3427 3407 Jerusa-

1832 3445 1938 3498 lem
1968 3445 2011 3500 ⁸.
2052 3465 2071 3497 ›
2123 3445 2223 3499 Hic
2256 3461 2416 3501 mons
2447 3444 2652 3500 Christi
2700 3435 2920 3515 quoque
2952 3445 3055 3499 hoc
3091 3446 3144 3499 in
3181 3445 3303 3500 loco
3339 3447 3427 3500 in-

1831 3538 2021 3591 nuitur
2050 3556 2062 3590 :
2108 3556 2126 3587 ι
2163 3537 2274 3608 Ego
2300 3547 2480 3594 autem
2516 3555 2608 3593 rex
2637 3537 2972 3592 constitutus
2999 3553 3120 3592 sum
3149 3537 3218 3592 ab
3238 3553 3306 3594 eo
3328 3554 3425 3593 su-

1828 3642 1925 3696 per
1975 3625 2106 3680 Sion
2153 3636 2395 3682 montem
2451 3635 2702 3682 sanctum
2757 3627 2897 3695 ejus.
2940 3646 2959 3676 ι
3026 3627 3208 3696 Aquo
3238 3637 3422 3682 autem

1827 3719 2164 3773 constitutus
2211 3724 2317 3783 est,
2366 3719 2472 3774 nisi
2514 3719 2804 3774 manifeste
2849 3718 2919 3774 ab
2977 3718 3070 3772 illo
3128 3717 3289 3773 Patre
3323 3719 3420 3789 qui

1827 3813 1893 3865 ad
1929 3827 2054 3866 eum
2090 3811 2223 3865 dicit
2259 3829 2273 3864 :
2315 3807 2518 3866 «Filius
2549 3826 2704 3866 meus
2726 3826 2787 3866 es
2822 3819 2903 3877 tu,
2931 3817 2984 3864 et
3007 3825 3108 3880 ego
3139 3809 3302 3862 hodie
3335 3825 3422 3880 ge-

1825 3902 1920 3956 nui
1960 3911 2048 3969 te;
2085 3902 2302 3972 postula
2341 3917 2370 3956 a
2395 3917 2504 3966 me,
2541 3911 2596 3957 et
2620 3901 2761 3956 dabo
2798 3901 2896 3956 tibi
2918 3908 3106 3970 gentes
3131 3900 3420 3954 haeredita—

1822 4004 1931 4049 teni
1957 4003 2130 4060 tuam,
2162 4004 2215 4050 et
2245 3995 2651 4065 possessionem
2685 4002 2833 4048 tuam
2860 3995 3122 4048 terminos
3156 3993 3411 4048 ωτι-ιε’.»

1822 4087 1978 4154 Quod
2011 4087 2232 4157 quidem
2259 4101 2389 4141 vera
2417 4087 2488 4142 sit
2528 4085 2835 4157 prophetia,
2858 4102 2960 4141 nec
2988 4085 3150 4139 fallax
3181 4087 3416 4156 promis-

1822 4179 1927 4242 sio,
1979 4179 2295 4234 nover-imus
2346 4179 2412 4234 iis
2467 4179 2560 4248 qui
2608 4180 2662 4232 in
2699 4187 2809 4232 tam
2864 4179 3015 4233 brevi
3057 4187 3302 4248 tempore
3345 4191 3413 4234 ex

1819 4269 1969 4322 omni
2016 4277 2178 4340 gente
2221 4267 2289 4321 ad
2327 4284 2510 4322 veram
2547 4266 2641 4322 Dei
2675 4268 2992 4338 religionem
3037 4283 3135 4337 per
3165 4266 3414 4320 Salvato-

1818 4375 1936 4415 rem
1987 4369 2240 4415 nostrum
2291 4368 2677 4428 pervenerunt.
2729 4355 2926 4413 Dicant
2958 4359 3246 4414 evidentia:
3274 4360 3413 4414 resi-

125 4451 329 4549 wpta—v
373 4494 490 4536 σου,
522 4451 616 4528 καὶ
657 4474 758 4544 τὴν
787 4471 1117 4542 κατάσχεσίν
1157 4488 1250 4523 σου
1279 4471 1348 4524 τὰ
1379 4470 1593 4540 πέρατα
1620 4471 1711 4541 τῆς

1837 4463 1966 4508 itere
1996 4454 2341 4523 impudenter
2370 4452 2659 4515 audentes,
2685 4455 2773 4506 cui
2805 4451 3209 4506 accommodari
3236 4452 3412 4521 possit

125 4569 255 4639 γῆς.
294 4589 312 4618 ι
345 4570 456 4621 Καὶ
486 4568 567 4620 ὅτι
606 4582 670 4633 γε
703 4563 910 4635 ἀληθὴς
954 4565 987 4634 ή
1017 4561 1323 4634 προφητεία
1351 4562 1445 4614 καὶ
1477 4560 1714 4631 ἀψευδὴς

126 4665 163 4732 ἠ
201 4662 525 4732 ὑπόσχεσις,
573 4660 804 4728 πάρεστι
855 4654 1147 4724 διαγνῶναι
1196 4655 1303 4708 ἀπὸ
1337 4654 1446 4708 τῶν
1480 4655 1537 4707 ἐν
1570 4653 1713 4708 οὑτω

128 4753 327 4822 βραχεί
355 4750 532 4820 χρόνῳ
577 4744 1052 4818 προσεληλυθότων
1087 4747 1152 4797 ἐκ
1178 4745 1376 4807 παντὸς
1423 4742 1608 4806 ἔθνους
1640 4746 1710 4814 τῇ

123 4843 219 4897 διὰ
260 4842 355 4895 τοῦ
387 4842 636 4912 Σωτῆρος
672 4838 834 4910 ἡμῶν
876 4836 1190 4908 θεοσεϐείᾳ’
1239 4836 1271 4906 ἢ
1311 4835 1618 4905 λεγέτωσαν
1660 4837 1710 4888 οἱ

125 4936 268 5006 πρὸς
298 4934 398 5004 τὴν
427 4933 706 5004 ἐνέργειαν
733 4929 1074 4984 ἀντιϐλέπειν
1104 4926 1337 4990 ἀναιδῶς
1375 4926 1706 4998 τολμῶντες,

121 5028 234 5081 τίνι
280 5027 346 5081 ἂν
390 5026 562 5096 ἔχοιεν
595 5021 928 5096 ἐφαρμόζειν
977 5021 1051 5092 μὴ
1092 5021 1519 5092 παραδεχόμενοι
1552 5017 1706 5072 ταῦθ’

123 5118 304 5181 οὕτως
353 5117 495 5188 ἔχειν
537 5116 636 5187 τὴν
678 5113 1055 5186 προφητείαν;
1112 5111 1276 5165 Δαυὶδ
1331 5112 1429 5182 μὲν
1466 5110 1575 5182 γὰρ
1617 5109 1707 5162 τὸν

125 5206 373 5279 βασιλέα,
403 5206 530 5275 περὶ
563 5197 624 5257 οῦ
651 5203 824 5256 ταῦτά
850 5219 996 5264 τινες
1017 5201 1275 5272 ᾠήθησαν
1303 5198 1577 5267 λέγεσθαι,
1609 5199 1706 5266 οὑχ

120 5295 226 5353 οἷοί
261 5314 321 5349 τε
352 5295 418 5348 ἂν
450 5291 557 5348 εἶεν
601 5293 950 5365 παραστῆσαι
989 5290 1167 5344 τοιάδε
1210 5289 1332 5344 τινὰ
1370 5288 1703 5350 πεπονθότα,

119 5393 199 5454 ῶς
235 5389 514 5460 ἀρχόντων
542 5388 637 5441 καὶ
669 5387 956 5457 βασιλέων,
985 5385 1156 5439 ἐθνῶν
1185 5401 1245 5437 τε
1272 5384 1368 5437 καὶ¹
1407 5381 1552 5435 λαῶν
1583 5383 1704 5434 ἐπι-

119 5481 559 5535 ϐεϐουλευκότων
609 5480 787 5550 αὑτῷ·
823 5479 953 5532 πότε
999 5477 1055 5530 δὲ
1089 5477 1122 5548 ἢ
1165 5477 1261 5530 καὶ
1315 5475 1408 5527 ἐπὶ
1451 5473 1704 5544 πηλίκοις

119 5573 576 5646 ἀνδραγαθήμασι
609 5568 763 5625 εἶπεν
801 5573 829 5623 ό
853 5571 1058 5641 Κύριος
1087 5567 1166 5638 τῷ
1191 5566 1374 5630 Δαυὶδ,
1407 5563 1564 5626 «Υἱός
1601 5580 1702 5634 μου

123 5771 154 5786 _
189 5699 212 5729 ⁸
243 5693 400 5820 :sal.
437 5710 510 5760 ιι,
545 5695 610 5758 4,
643 5695 693 5749 5.
805 5694 824 5725 '
866 5691 998 5748 ibid.
1033 5692 1086 5745 6.

134 5789 178 5820 Α.
282 5803 298 5819 ο

134 5789 178 5835 ι,
243 5789 298 5820 ο.

1199 5691 1219 5721 ⁸
1253 5688 1412 5744 Joan.
1445 5702 1613 5754 xvut,
1651 5686 1741 5742 56.

1823 4547 1938 4601 haec
1969 4547 2255 4616 prophetia
2278 4585 2293 4610 ,
2330 4552 2576 4599 nostram
2613 4544 2658 4597 si
2691 4543 3197 4612 interpretationem
3231 4542 3406 4596 detre-

1823 4645 1993 4693 ctant.
2063 4637 2321 4691 Davidem
2351 4635 2497 4691 enim
2534 4650 2737 4704 regem,
2769 4633 2836 4688 de
2867 4648 2976 4703 quo
3003 4631 3117 4686 haec
3149 4632 3257 4686 dici
3287 4632 3409 4701 opi~

1819 4738 2044 4793 nantur,
2101 4728 2378 4798 quomodo
2429 4728 2557 4781 talia
2606 4741 2828 4796 passum
2878 4724 3048 4779 fuisse
3093 4723 3404 4786 ostendent,

1816 4819 1906 4872 cui
1936 4819 2070 4872 nulli
2104 4818 2382 4888 principes
2433 4831 2656 4886 regesve
2687 4829 2926 4884 unquam
2961 4812 3203 4867 insidiati
3236 4813 3409 4866 sunt?

1815 4910 2044 4978 Quando
2075 4917 2254 4964 autem
2289 4917 2343 4962 et
2372 4923 2493 4978 quae
2518 4908 2589 4962 ob
2620 4907 2852 4960 viriliter
2885 4912 3035 4975 gesta
3063 4903 3200 4956 dixit
3229 4901 3408 4956 Domi-

1815 5021 1920 5061 nus
1955 5003 2140 5059 Davidi
2178 5022 2190 5057 :
2228 4999 2439 5057 «Filius
2485 5016 2639 5055 meus
2671 5012 2747 5054 'es
2796 5009 2872 5063 tu,
2916 5011 3018 5066 ego
3050 4995 3209 5049 hodie
3240 4995 3403 5065 genui

1814 5095 1912 5150 te?
1940 5113 1959 5146 ›
1994 5092 2279 5160 Quomodo
2309 5098 2363 5146 et
2399 5091 2512 5154 illa,
2553 5109 2571 5142 ι
2600 5087 2820 5143 Postula
2848 5102 2876 5140 a
2909 5103 3015 5149 me,
3051 5092 3104 5140 et
3133 5085 3273 5139 dabo
3303 5084 3402 5138 tibi

1810 5195 1999 5259 gentes
2050 5185 2418 5240 haareditatem
2464 5191 2636 5246 tuam,
2693 5188 2748 5234 et
2793 5177 3196 5249 possessionem
3249 5187 3399 5228 tuam

1808 5281 2075 5335 terminos
2110 5286 2288 5341 teme,
2329 5297 2347 5328 ι
2377 5277 2426 5332 ei
2459 5276 2792 5337 dicerentur,
2828 5273 2916 5327 cui
2947 5269 3233 5324 manifeste
3263 5267 3398 5322 solis

1809 5376 1976 5431 Israel
2025 5382 2080 5428 et
2123 5372 2276 5426 Judze
2325 5369 2575 5425 terminis
2630 5382 2859 5438 regnum
2915 5361 3398 5429 circumscriptum

1807 5468 1959 5524 erat?
2017 5465 2209 5520 Dicant
2238 5478 2455 5534 quoque
2482 5477 2582 5515 cur
2611 5475 2722 5514 non
2748 5458 2965 5513 venisse
2987 5454 3266 5510 Christum
3295 5449 3396 5503 ad-

1807 5561 2048 5615 mittant.
2103 5556 2324 5622 Annon,
2375 5570 2500 5610 cum
2533 5569 2731 5624 passus
2777 5559 2882 5614 est,
2913 5548 3076 5602 alium
3109 5545 3273 5616 igitur
3298 5556 3396 5597 ex.

1860 5686 1878 5714 "
1925 5682 2088 5739 Mich.
2159 5699 2259 5745 ιιι,
2296 5681 2383 5735 19..
2462 5681 2483 5710 ⁸
2531 5678 2692 5734 Mich.
2729 5693 2802 5742 Iv,
2842 5673 2956 5728 1—2.
3067 5672 3088 5702 θ
3128 5667 3275 5722 Psal.
3311 5679 3394 5732 tt,
