3826 6216
451 305 591 360 1095

1157 301 1428 358 EUSEBII
1468 299 1949 357 CESARIENSIS
1988 298 2140 357 OPP.
2183 299 2362 356 PARS
2401 299 2488 358 Ill.
2529 332 2599 345 -—
2629 300 3046 358 EXEGETICA.

3570 302 3708 357 £096

450 429 699 491 spectare
728 433 823 475 eos
864 433 1093 474 necesse
1133 425 1218 473 est
1243 418 1378 472 nihil
1405 418 1533 480 tale,
1568 418 1727 486 quale
1755 417 1864 478 hic,
1904 433 2019 487 pas-

2135 413 2187 470 εί
2214 421 2300 481 σὺ,
2329 417 2442 486 ἐγὼ
2481 420 2719 489 σήμερον
2765 419 3070 489 γεγέννηκά
3105 434 3198 483 σε;
3227 437 3246 469 ι
3271 417 3397 481 Πῶς
3421 417 3477 469 δὲ
3505 419 3601 469 καὶ
3628 416 3704 480 τὸ,

454 512 680 567 surum?
727 511 792 564 Et
823 511 1095 580 quomodo
1145 511 1498 580 implerentur
1540 512 1835 580 prophetia:
1867 513 2036 565 multa

451 621 574 677 quae
602 619 867 674 passurus
893 613 1009 658 erat
1036 602 1126 656 Dei
1145 603 1398 658 Christus
1420 644 1434 667 ,
1459 612 1512 659 et
1535 604 1587 658 iu
1617 603 1868 674 pluribus
1892 605 2033 666 aliis.

452 712 559 751 non
609 699 789 750 minus
836 709 998 765 quam
1051 694 1104 748 in
1149 694 1251 748 hoc
1287 695 1516 764 psalmo,
1569 695 2037 764 przenuntiantes?

451 787 724 857 Numquid
767 785 1188 841 existimandum
1233 796 1316 841 est
1366 787 1636 865 adeo.per
1683 787 1866 841 orbem
1917 787 2036 842 sine

453 879 546 933 Dei
577 879 778 933 auxilio
813 879 1181 948 pervulgatam
1219 876 1386 932 fuisse
1429 878 1495 930 de
1525 878 1766 932 omnium
1796 877 1906 933 Deo
1937 878 2035 932 do-

451 972 718 1036 ctrinam;
757 970 1143 1038 hominumque
1173 970 1317 1031 vim,
1369 967 1628 1022 adversus
1675 985 1854 1022 rerum
1886 971 2034 1024 vices

448 1067 562 1114 tam
621 1060 901 1122 inermem,
959 1058 1094 1114 adeo
1157 1060 1453 1114 iuvaluisse
1513 1067 1567 1113 et
1622 1061 2032 1114 corroboratam

451 1150 622 1206 fuisse
667 1160 727 1203 ut
765 1151 982 1220 propria
1024 1149 1402 1203 tantummodo
1433 1148 1681 1203 doctrina
1706 1191 1720 1214 ,
1761 1151 1877 1204 sine
1921 1150 2034 1204 ullo

449 1240 665 1297 deitatis
685 1243 903 1304 auxilio,
929 1243 982 1294 in
1003 1241 1255 1295 omnibus
1272 1241 1585 1310 regionibus
1621 1242 1691 1294 ita
1722 1242 2030 1304 auditorum

450 1334 660 1388 animas
707 1332 1040 1395 instituerit,
1085 1331 1288 1400 Deique
1327 1332 1569 1385 omnium
1602 1333 1829 1385 scientia
1881 1331 2033 1399 prius

448 1423 576 1476 olim
603 1424 873 1486 imbuerit,
902 1432 955 1477 et
987 1437 1160 1493 usque
1186 1437 1331 1475 nunc
1362 1423 1428 1475 iis
1459 1425 1813 1492 persuaserit,
1849 1431 1908 1474 ut
1937 1437 2034 1490 pa-

447 1516 607 1568 triam
641 1524 875 1585 gentem,
933 1518 1209 1584 vitamque
1237 1516 1517 1585 injustam,
1555 1515 1722 1569 feram
1762 1529 1825 1569 ac
1853 1515 2032 1570 disso-

449 1609 616 1660 lutam
647 1607 960 1676 abjicerent,
1007 1607 1209 1678 Deique
1234 1609 1420 1677 pietati
1449 1608 1794 1661 solummodo
1840 1609 2031 1661 stude-

447 1707 590 1762 rent,
627 1699 878 1767 illamque
919 1713 1027 1751 non
1089 1698 1265 1751 solum
1312 1696 1530 1766 opibus,
1563 1697 1657 1752 sed
1685 1704 1737 1750 et
1775 1698 1875 1766 ipsi
1907 1698 2030 1750 vitaz

2145 529 2163 560 ι
2191 510 2416 580 Αἴτησαι
2462 512 2589 580 παρ’
2631 509 2788 579 ἐμοῦ,
2828 510 2923 562 καὶ
2948 507 3103 561 δώσω
3147 526 3228 561 σοι
3268 508 3396 577 ἔθνη
3432 507 3531 578 τὴν
3575 507 3707 576 κλη-

2141 603 2397 673 ρονομίαν
2440 618 2554 664 σου,
2597 603 2692 654 καὶ
2736 603 2835 672 τὴν
2877 600 3201 671 κατάσχεσίν
3248 618 3341 654 σου
3387 601 3456 653 τὰ
3499 602 3710 672 πέρατα

2135 694 2235 762 τῆς
2259 694 2391 762 γῆς,
2430 713 2447 744 ι
2489 694 2682 761 λέγοιτ’
2718 694 2782 746 ἂν
2833 693 2907 756 ὡς
2944 693 3080 764 πρὸς
3126 692 3286 746 αὑτὸν
3327 691 3518 760 σαφῶς
3557 709 3709 762 περι-

2136 784 2445 856 ορισθείσης
2471 784 2634 838 αὐτοῦ
2658 785 2755 856 τῆς
2783 785 3055 854 βασιλείας
3084 787 3174 838 ἐπὶ
3205 784 3364 849 μόνον
3391 783 3710 854 τὸνΊσραὴλ

2139 875 2233 929 καὶ
2279 878 2405 939 τοὺς
2443 877 2546 944 τῆς
2592 877 2849 940 ἰουδαίας
2898 877 3089 948 ὃρους;
3148 877 3244 929 Διά
3293 877 3346 928 τί
3396 876 3455 928 ἃ
3505 877 3601 928 καὶ
3651 877 3707 928 οὐ

2138 969 2451 1037 προσίενται
2482 969 2571 1021 τὸν
2602 967 2895 1038 ἐληλυθότα
2911 969 3165 1033 Χριστὸν,
3199 967 3706 1037 ἁποκρινέσθωσαν·

2134 1056 2247 1131 ἆρά
2285 1077 2348 1128 γε
2399 1059 2583 1131 ἐπειδὴ
2637 1060 2923 1124 πέπονθεν,
2951 1061 3137 1130 ἓτερον
3182 1061 3361 1113 τοίνυν
3405 1059 3710 1131 προσδοκᾷν

2136 1155 2332 1216 αὐτοὺς
2370 1154 2581 1223 ἀνάγκη
2627 1153 2791 1224 μηδὲν
2833 1152 3070 1207 τοιοῦτον
3107 1154 3288 1206 ὁποῖον
3332 1146 3489 1214 οὗτος
3529 1153 3712 1204 πεισό-

2139 1261 2337 1316 μενον;
2405 1246 2514 1298 Καὶ
2571 1246 2687 1308 πῶς
2748 1245 2814 1298 ἂν
2869 1245 3202 1316 πληρωθετεν
3262 1246 3316 1298 αἰ
3380 1248 3712 1315 προφητεῖαι

2134 1335 2360 1386 πλείστα
2407 1335 2510 1388 ὃσα
2561 1333 2754 1388 παθεῖν
2779 1333 2868 1386 τὸν
2901 1333 3136 1404 Χριστὸν
3168 1331 3262 1385 τοῦ
3313 1330 3474 1396 Θεοῦ,
3527 1331 3622 1384 καὶ
3653 1331 3712 1383 ἐν

2133 1426 2336 1497 ἑτέροις
2366 1426 2464 1496 μὲν
2498 1426 2760 1488 πλείοσιν,
2793 1427 2888 1495 οὐχ
2914 1427 3113 1495 ἥκιστα
3145 1425 3201 1476 δὲ
3237 1424 3328 1476 καὶ
3367 1425 3426 1475 ἐν
3463 1423 3542 1492 τῷ
3573 1423 3711 1493 μετά

2133 1521 2320 1587 χεῖρας
2367 1516 2730 1588 προλέγουσαι
2769 1516 3001 1585 ψαλμῴ;
3035 1513 3178 1586 Ἀρα
3216 1515 3272 1567 δὲ
3314 1515 3419 1584 χρὴ
3467 1512 3710 1584 νομίζειν

2130 1607 2282 1661 ἀθεεὶ
2332 1609 2431 1678 τὴν
2482 1608 2608 1680 περὶ
2666 1607 2758 1660 τοῦ
2825 1607 2932 1660 τῶν
2993 1607 3128 1660 ὅλων
3175 1606 3306 1660 Θεοῦ
3358 1605 3710 1658 διδασκαλίαν

2131 1700 2523 1771 ἐνεσπαρκέναι
2575 1699 2764 1752 τοῦτον
2808 1702 2874 1770 τῇ
2931 1699 3256 1769 οἰκουμένῃ’
3321 1697 3438 1750 ἐστι
3493 1698 3553 1750 δὲ
3607 1695 3709 1749 κᾶν

447 1789 583 1842 adeo
626 1790 880 1844 omnibus
927 1788 1141 1843 dilecta)
1185 1788 1614 1858 anteponerent?
1667 1786 1867 1842 Verum
1918 1804 2019 1842 non

2131 1791 2412 1861 ἐπινοῆσαι
2442 1790 2787 1862 ἀνθρωπίνην
2819 1790 2993 1862 ὁρμὴν
3023 1789 3115 1842 καὶ
3141 1789 3296 1860 ψιλὴν
3327 1789 3421 1841 τοῦ
3454 1789 3708 1858 τυχόντος

445 1881 641 1949 Opinor
699 1895 1022 1949 quemquam
1087 1895 1310 1942 eorum,
1364 1880 1456 1950 qui
1518 1889 1666 1935 recte
1727 1881 1793 1935 de
1865 1882 2019 1937 rebus

2134 1880 2388 1952 ἐπιϐολὴν
2421 1880 2672 1934 τοσοῦτον
2713 1881 2926 1949 ἰσχῦσαί
2957 1898 3016 1932 τε
3049 1883 3143 1934 καὶ
3184 1879 3497 1950 δυνηθῆναι,
3525 1879 3601 1942 ὡς
3623 1879 3708 1932 διὰ

446 1973 649 2026 sentire
715 1973 923 2034 volunt,
995 1983 1315 2040 negaturum
1388 1987 1511 2026 esse
1557 1973 1670 2026 haec
1713 1981 1862 2026 tanta
1930 1972 2022 2029 Dei

445 2078 548 2132 cpe
578 2071 631 2117 et
671 2063 807 2116 ultra
843 2064 1122 2116 hominum
1180 2061 1490 2118 facultatem
1541 2079 1637 2133 per
1685 2063 2023 2119 Salvatorem

445 2163 692 2210 nostrum
733 2155 1001 2210 evenisse.
1059 2154 1270 2221 Quibus
1313 2156 1473 2212 simul
1506 2155 1811 2209 ostenditur
1845 2156 2026 2209 incar-

444 2245 557 2298 nati
590 2243 802 2298 Domini
835 2245 1112 2309 divinitas,
1137 2244 1298 2299 simul
1325 2251 1378 2298 ct
1409 2252 1593 2312 aperte
1617 2243 2023 2297 demonstratur

444 2352 567 2390 enim
593 2337 867 2406 accepisse
893 2351 922 2389 a
952 2335 1110 2390 Patre
1150 2344 1368 2406 «gentes
1393 2335 1783 2398 haereditatem,
1809 2342 1862 2388 et
1894 2348 2022 2404 pos-

444 2427 744 2482 sessionem
771 2427 889 2495 ejus
934 2427 1198 2482 terminos
1241 2434 1419 2491 terrae,
1452 2445 1470 2478 ι
1500 2434 1862 2495 congruenter
1891 2441 2017 2480 cum

444 2522 722 2588 praccitata
778 2518 1080 2588 prophetia.
1146 2517 1515 2588 Quaecumque
1561 2518 1628 2572 de
1676 2517 1779 2572 hoc
1810 2519 2020 2588 psalmo

442 2608 670 2664 dicenda
717 2616 844 2664 sunt
877 2609 1156 2663 absolvere
1201 2617 1413 2679 tempus
1454 2617 1632 2672 vetat,
1671 2623 1795 2662 cum
1821 2609 1932 2678 jam
1964 2619 2020 2663 et

442 2697 693 2754 diﬂusius
722 2699 788 2753 de
816 2700 907 2755 illo
934 2700 1312 2755 disseruimus.

2135 1974 2302 2044 μόνης
2337 1974 2433 2044 τῆς
2475 1973 2638 2028 αὑτοῦ
2682 1972 3024 2036 διδασκαλίας
3057 1973 3184 2026 ἀνευ
3228 1971 3480 2042 θεότητος
3519 1987 3707 2040 συνερ-

2128 2062 2332 2133 γούσης
2376 2064 2722 2128 παντοδαπὰς
2762 2064 3045 2136 ἀκροατῶν
3073 2061 3334 2116 διαθεῖναι
3360 2061 3543 2131 ψυχὰς
3577 2062 3704 2131 περὶ

2125 2153 2217 2204 τὸν
2259 2152 2366 2204 τῶν
2416 2152 2554 2205 ὅλων
2584 2153 2714 2205 Θεὸν
2751 2152 2924 2206 ταῦτα
2970 2155 3153 2205 πεῖσαι
3201 2151 3365 2204 πάλαι
3414 2152 3699 2222 πρότερον,

2128 2248 2220 2299 καὶ
2251 2245 2420 2300 εἰσέτι
2451 2247 2547 2299 νῦν
2595 2245 2803 2300 πείθειν
2850 2245 3166 2298 καταλιπεῖν
3203 2244 3299 2314 μὲν
3334 2242 3428 2313 ἔθη
3477 2243 3700 2311 πάτρια,

2127 2336 2240 2406 βίον
2277 2355 2336 2390 τε
2367 2337 2620 2408 ἄθεσμον,
2658 2337 2750 2390 καὶ
2785 2339 3080 2409 ἀνήμερον,
3113 2338 3205 2391 καὶ
3230 2336 3552 2402 ἀκόλαστον,
3583 2335 3700 2388 θεο-

2125 2427 2312 2498 σεδεία
2346 2427 2402 2480 δὲ
2447 2427 2580 2498 μόνῃ
2615 2428 2919 2498 προσέχειν,
2960 2429 3053 2480 καὶ
3093 2427 3293 2498 ταύτην
3319 2427 3380 2478 ού
3415 2425 3574 2496 μόνον
3607 2426 3702 2494 τῆς

2124 2518 2473 2589 ὑπαρχούσης
2514 2519 2733 2582 ούσίας,
2780 2519 2916 2572 ἀλλὰ
2961 2520 3053 2571 καὶ
3090 2520 3156 2572 δι’
3213 2517 3378 2572 αὑτοῦ
3425 2517 3523 2570 τοῦ
3569 2519 3699 2570 πᾶσι

2125 2609 2495 2680 περιποθήτου
2535 2609 2634 2681 ζῇν
2676 2613 2982 2682 προτιμᾷνς
3031 2611 3171 2663 Ἀλλ’
3208 2612 3308 2664 οὐκ
3357 2609 3542 2680 οἴομαί
3579 2626 3699 2660 τινα

2122 2701 2232 2754 τῶν
2275 2699 2376 2756 κᾶν
2423 2701 2658 2772 μετρίως
2711 2703 3072 2772 εὐγνωμονεῖν
3120 2702 3415 2755 ἐθελόντων
3461 2701 3538 2770 μὴ
3579 2699 3700 2769 οὐχὶ

445 2792 820 2862 συνομολογεῖν
851 2793 919 2846 τὰ
983 2792 1283 2861 τηλικαῦτα
1354 2794 1492 2865 μετά
1527 2794 1895 2866 συνεργούσης
1939 2795 2090 2860 Θείας
2129 2796 2222 2851 καί
2276 2797 2416 2868 ὑπὲρ
2467 2797 2769 2869 ἀνθρώπων
2826 2798 3104 2870 δυνάμεως
3155 2797 3242 2850 διὰ
3297 2796 3394 2849 τοῦ
3443 2795 3695 2864 Σωτῆρος

443 2887 599 2960 ἡμῶν
645 2889 958 2958 γεγονέναι·
1013 2890 1073 2954 ἐξ
1117 2882 1192 2942 ὧν
1245 2889 1380 2960 ὁμοῦ
1439 2891 1534 2960 μὲν
1593 2892 1686 2943 καὶ
1741 2893 1773 2959 ἡ
1819 2891 2006 2961 θεότης
2043 2892 2432 2946 ἀποδείκνυται
2483 2891 2578 2944 τοῦ
2627 2892 3148 2963 ἐνανθρωπήσαντος
3188 2890 3417 2963 Κυρίου,
3457 2888 3594 2961 ὁμοῦ
3643 2888 3696 2940 δέ

441 2983 535 3036 καὶ
573 2983 641 3037 τὰ
681 2985 950 3054 τεκμήρια
991 2983 1178 3052 σαφῶς
1215 2983 1545 3055 παρίσταται
1589 2983 1685 3036 τοῦ
1736 2984 2014 3054 εἰληφέναι
2053 2985 2214 3039 αὑτὸν
2247 2985 2353 3038 ὑπὸ
2387 2985 2482 3038 τοῦ
2547 2984 2756 3056 [ἰατρὸς
2807 3005 2824 3036 ι
2857 2985 2924 3038 τὰ
2976 2985 3104 3054 ἔθνη
3153 2983 3544 3055 κληρονομίαν,
3605 2980 3695 3033 καὶ

441 3073 542 3146 τὴν
577 3074 902 3144 κατάσχεσιν
944 3073 1108 3128 αὐτοῦ
1161 3075 1229 3128 τά
1271 3077 1493 3147 πέρατα
1531 3075 1630 3145 τῆς
1671 3077 1795 3148 γῆς,
1866 3096 1884 3128 ι
1931 3077 2241 3142 ἀκολούθως
2306 3081 2371 3150 τῇ
2411 3078 2550 3150 μετὰ
2585 3081 2772 3150 χεῖρας
2812 3078 3137 3150 προφητεία.
3171 3077 3307 3131 Ὄλα
3335 3076 3393 3129 δέ
3425 3075 3499 3130 τά
3558 3074 3692 3128 κατὰ

438 3163 532 3217 τὸν
604 3163 818 3235 ψαλμὸν
868 3163 1168 3235 διηγεῖσθαι
1211 3166 1273 3220 ού
1339 3167 1434 3220 τοῦ
1487 3166 1756 3238 παρόντος
1812 3170 2069 3239 τυγχάνει
2119 3169 2347 3241 καιροῦ,
2422 3170 2654 3241 μάλιστα
2697 3173 2786 3224 ὅτε
2849 3169 3226 3241 πλήρεστάτής
3278 3170 3381 3240 ήδη
3427 3168 3688 3239 τετύχηκε

438 3259 759 3329 διηγήσεως.

2638 3379 3035 3434 ΚΕΦΑΛΛῘΟΝ
3076 3381 3153 3434 Γ’.

2727 3471 2976 3541 cum",
3013 3478 3082 3540 τ’.

1048 3377 1276 3433 CAPUT
1313 3377 1400 3435 Ill.
2036 3387 2078 3444 C

969 3467 1017 3521 Ε
1046 3471 1248 3537 psalmo
1290 3473 1463 3528 tertio.

512 3554 756 3613 Tertium
803 3574 1020 3629 quoque
1070 3564 1337 3631 psalmum
1389 3562 1545 3619 facile
1583 3572 1666 3619 est
1695 3562 1762 3620 de
1795 3562 2014 3618 Christo

2184 3564 2294 3617 Καὶ
2316 3563 2406 3616 τὸν
2441 3564 2624 3634 τρίτον
2656 3563 2868 3634 ψαλμὸν
2920 3562 3011 3614 ἐπὶ
3059 3562 3150 3616 τὸν
3205 3563 3442 3633 Χριστὸν
3488 3563 3682 3632 ἐκλαμ-

440 3649 824 3720 interpretari,
873 3661 1238 3721 congruenter
1279 3669 1403 3708 cum
1455 3655 1666 3710 insidiis
1720 3671 1840 3725 quae
1889 3665 2015 3710 ante

2124 3653 2296 3708 δάνειν
2323 3655 2562 3726 εὐχερὲς,
2587 3654 2894 3717 ἀκολούθως
2923 3657 3034 3718 τοῖς
3058 3653 3164 3723 πρὸ
3184 3653 3350 3707 αὑτοῦ
3374 3654 3679 3708 διδάσκοντα

439 3757 562 3796 etrn
592 3741 828 3806 fuerunt,
861 3743 1089 3797 insidias
1114 3743 1377 3800 adversus
1402 3763 1524 3799 eum
1545 3755 1765 3817 paratas
1791 3747 2015 3802 demon-

2124 3744 2182 3798 τά
2213 3747 2460 3816 περὶτῆς
2483 3745 2602 3798 κατ’
2625 3745 2788 3799 αὑτοῦ
2821 3744 3110 3815 ἐπιϐουλῆς
3169 3744 3257 3798 διὰ
3285 3745 3404 3807 τοῦ,
3435 3764 3455 3796 ι
3495 3746 3674 3815 Κύριε,

439 3841 620 3888 strans
646 3833 746 3888 hoc
774 3833 932 3887 modo
962 3853 974 3888 :
1015 3854 1032 3886 ι
1069 3833 1318 3898 Domine,
1345 3837 1475 3906 quid
1506 3839 1848 3909 multiplicati
1885 3847 2013 3894 sunt

2124 3836 2161 3888 τί
2191 3836 2604 3908 ὲπληθύνθησαν
2628 3838 2676 3888 οἰ
2703 3836 2972 3898 θλίϐοντες
3001 3853 3099 3906 με;
3160 3855 3181 3888 ι
3223 3838 3317 3890 καί
3345 3838 3416 3890 τὰ
3440 3839 3676 3910 περὶτῆς

436 3923 530 3993 qui
562 3924 824 3977 tribulant
855 3941 939 3980 me
967 3926 1048 3979 ‘°?
1078 3946 1095 3978 ι
1163 3927 1226 3980 Εἰ
1260 3945 1380 3997 quae
1411 3931 1861 3985 resurrectionem
1891 3932 2010 4001 ejus

436 4011 690 4078 inuuunt,
741 4013 826 4068 his
875 4015 1053 4071 verbis
1088 4036 1098 4069 :
1139 4036 1157 4068 ι
1198 4017 1309 4087 Ego
1339 4019 1592 4087 dormivi,
1637 4030 1690 4076 ct
1721 4033 2009 4091 soporatus

435 4118 590 4170 sum;
625 4113 678 4156 ct
711 4107 1017 4172 exsurrexi,
1050 4108 1174 4176 quia
1203 4108 1463 4166 Dominus
1490 4113 1728 4181 suscepit
1761 4128 1846 4167 me
1881 4113 1942 4164 ".
1984 4131 2001 4163 ι

433 4191 759 4248 Conveniret
787 4195 1005 4249 Christo
1034 4205 1086 4251 et
1119 4199 1349 4268 quisque
1383 4201 1543 4270 hujus
1578 4203 1771 4270 psalmi
1793 4218 2003 4268 versus,

432 4286 524 4350 qui
558 4283 714 4337 nobis
748 4286 1187 4355 interpretandus
1231 4297 1333 4344 est.
1393 4289 1513 4344 Non
1554 4291 1863 4346 inconsulto
1892 4301 2003 4348 ter-

431 4375 542 4429 tius
585 4374 672 4429 ille
704 4377 947 4445 psalmus
987 4376 1192 4435 Christi
1241 4384 1696 4438 resurrectionem
1746 4400 2003 4454 praenun-

430 4466 553 4531 tiat,
603 4479 965 4538 congruenter
1010 4487 1132 4526 cum
1177 4477 1472 4544 prazcitatis
1506 4479 1825 4547 prophetiis.
1887 4475 2006 4532 Pri-

427 4572 551 4613 mus
577 4559 742 4623 enim,
791 4561 935 4616 sicut
961 4563 1268 4628 retulimus,
1317 4565 1723 4636 integerrimam
1769 4571 1888 4639 ejus
1923 4573 2000 4626 vi-

423 4653 580 4714 tam,
635 4650 1049 4722 iniquitatisque
1104 4655 1399 4711 immunem
1455 4659 1667 4713 vivendi
1732 4663 1998 4718 rationem

2108 3927 2454 3992 ἀναστάσεως
2521 3927 2582 4000 (Γ.
2622 3929 2686 3982 l9
2712 3933 2788 3999 v°)
2831 3929 3015 3990 αὐτοῦ,
3049 3929 3085 3983 ἀ
3149 3932 3243 3984 καὶ
3295 3929 3555 4000 δηλοῦται
3595 3931 3674 3982 διὰ

2105 4015 2221 4078 τοῦ,
2257 4035 2274 4066 ι
2299 4017 2439 4084 Ἐγὼ
2468 4017 2765 4091 ἐκοιμήθην
2825 4017 2919 4069 καὶ
2953 4017 3197 4082 ῦπνωσα,
3245 4016 3570 4092 ἐξηγέρθην.
3601 4021 3672 4072 ὅτι

2106 4107 2310 4179 Κύριος
2348 4109 2693 4180 ἀντιλήψεται
2726 4125 2878 4178 μου.)
2920 4110 3201 4181 Ἀρμόσειε
3259 4111 3303 4163 δ’
3341 4112 3408 4164 ἂν
3435 4113 3514 4182 τῷ
3550 4111 3646 4181 Χρι

2108 4195 2218 4265 στῷ
2247 4197 2341 4250 καὶ
2371 4196 2600 4260 ἕκαστος
2621 4197 2714 4251 τοῦ
2731 4197 2944 4267 ψαλμοῦ
2970 4200 3150 4269 στίχος
3174 4200 3272 4270 τῆς
3299 4201 3672 4270 προσηκούσης

2105 4285 2282 4356 τυχὼν
2329 4285 2657 4358 ἐξηγήσεωςο
2694 4288 2804 4358 ἔχει
2841 4290 2897 4342 δὲ
2927 4289 3082 4358 λόγον
3122 4291 3299 4344 καὶτὸ
3319 4292 3504 4363 τρίτον
3528 4292 3672 4345 αὐτὸν

2103 4378 2432 4448 τεταγμένον
2485 4379 2556 4431 τὰ
2609 4381 2736 4452 περὶ
2783 4383 2881 4452 τῆς
2934 4383 3283 4447 ἀναστάσεως
3323 4383 3419 4437 τοῦ
3478 4385 3668 4455 Κυρίου

2105 4467 2382 4532 θεσπίζειν
2409 4470 2717 4534 ἀκολούθως
2745 4477 2864 4535 ταῖς
2891 4475 2997 4545 πρὸ
3051 4473 3214 4528 αὐτοῦ
3247 4477 3622 4547 προφητείαις·
3648 4478 3671 4528 ὁ

2107 4559 2205 4628 μὲν
2232 4559 2341 4631 γάρ
2371 4561 2603 4632 πρῶτος,
2639 4563 2821 4627 καθὼς
2850 4565 3296 4636 ἀποδεδώκαμεν,
3328 4568 3420 4620 τὸν
3444 4568 3672 4640 ἄληπτον

2105 4653 2215 4722 βίον
2237 4657 2330 4707 καὶ
2362 4656 2462 4726 τὴν
2488 4655 2614 4708 ἀνευ
2637 4658 2913 4727 ἁμαρτίας
2934 4657 3097 4710 αὐτοῦ
3116 4658 3389 4711 πολιτείαν
3417 4659 3668 4713 διδάσκει·

425 4741 692 4808 ostendit;
730 4745 1112 4815 secundusque
1155 4748 1501 4815 passionem;
1533 4759 1655 4820 apte
1683 4752 1850 4822 igitur
1894 4761 2002 4809 ter-

2124 4768 2128 4792 ι
2154 4743 2402 4816 δεύτερος
2425 4747 2490 4798 τὰ
2524 4748 2666 4800 κατὰ
2695 4747 2755 4800 τὸ
2803 4749 2993 4812 πάθος·
3027 4749 3234 4812 τούτοις
3268 4751 3561 4822 τοιγαροῦν
3590 4751 3674 4804 καὶ

425 4829 536 4886 tius
562 4835 1014 4891 resurrectionem
1044 4837 1165 4906 ejus
1189 4840 1534 4907 pramuutiat.

1029 5009 1260 5066 CAPUT
1301 5011 1391 5069 Π.

941 5098 988 5152 Ε
1013 5101 1216 5168 psalmo
1257 5113 1459 5156 octavo.

489 5187 677 5245 Octavi
713 5191 907 5262 psalmi
949 5192 1122 5261 prima
1162 5195 1327 5248 verba
1361 5214 1372 5248 :
1403 5214 1420 5247 ι
1453 5194 1680 5252 Domine
1714 5198 1855 5256 Deus
1900 5217 1993 5257 no-

421 5293 551 5344 ster,
577 5298 736 5352 quam
769 5283 1087 5338 admirabile
1129 5294 1213 5339 cst
1260 5301 1453 5342 nomen
1487 5295 1640 5343 tuum
1673 5291 1727 5343 in
1777 5293 1990 5348 univer-

2103 4839 2132 4890 ὁ
2181 4837 2362 4907 τρίτος
2416 4837 2544 4908 ἑξῆς
2608 4839 2678 4892 τὰ
2733 4842 2864 4912 περὶ

2100 4924 2360 4990 θεσπίζει,

2941 4841 3037 4912 τῆς
3098 4841 3449 4908 ἀναστάσεως
3519 4842 3671 4896 αὐτοῦ

2599 4999 3022 5075 ’ΚΕΦΑΛΑΙΟΝ
3067 5024 3142 5076 Δι.

2701 5112 2952 5181 Ψαλμοῦ
2991 5121 3042 5181 η’
3061 5157 3064 5166 .

2166 5195 2274 5248 Τοῦ
2300 5197 2484 5265 ὀγδόου
2511 5198 2724 5270 ψαλμοῦ
2764 5201 2834 5253 τά
2862 5203 2959 5271 μὲν
2988 5202 3179 5272 πρῶτα
3203 5203 3312 5256 ἀπὸ
3339 5203 3458 5270 τοῦ,
3479 5205 3666 5277 ιΚύριε

2091 5287 2120 5338 ὁ
2145 5286 2348 5358 Κύριος
2381 5289 2556 5360 ήμῶν,
2585 5290 2659 5353 ὡς
2698 5290 3006 5360 θαυμαστὸν
3033 5295 3092 5346 τὸ
3118 5295 3290 5364 δνομά
3326 5312 3422 5348 σου
3450 5299 3511 5349 ὲν
3531 5299 3666 5367 πάσῃ

420 5386 480 5425 sa
515 5378 657 5424 terra
693 5371 767 5424 “!
810 5392 827 5424 ι
873 5372 939 5427 de
983 5373 1220 5442 gentium
1263 5377 1552 5431 vocatione
1607 5379 1989 5448 prophetizare

2124 5385 2158 5452 ᾗ
2189 5386 2316 5454 γῇμ
2355 5385 2480 5456 περὶ
2511 5386 2609 5456 τῆς
2642 5386 2698 5452 ἐξ
2737 5387 2905 5441 ἐθνῶν
2961 5388 3204 5461 κλήσεως
3258 5391 3403 5446 ἔοικε
3463 5412 3664 5467 arm-

420 5461 634 5515 videtur
671 5478 877 5531 :quare
927 5464 1288 5521 inscribitur:
1327 5486 1345 5518 ι
1395 5483 1492 5536 pro
1541 5472 1929 5529 torcularibus.
1965 5494 1982 5526 ι

2129 5473 2366 5527 εύεσθαι·
2392 5475 2472 5528 διὸ
2503 5477 2597 5530 καὶ
2625 5477 3029 5551 ἐπιγέγραπται
3078 5500 3097 5532 ι
3118 5483 3259 5554 ὑπὲρ
3305 5485 3418 5538 τῶν
3439 5461 3656 5557 ληνῶνί»

422 5548 518 5605 Hic
549 5562 882 5621 usurpantur
911 5557 1204 5610 toreularia
1255 5573 1354 5628 pro
1391 5557 1654 5615 Ecclesiis
1695 5576 1816 5631 quae
1859 5572 1990 5619 sunt

489 5709 531 5738 ¹⁶
567 5705 712 5762 Psal.
746 5722 844 5772 ιιι,
872 5709 931 5765 2.
1004 5712 1044 5742 “
1085 5711 1215 5765 ibid.
1248 5711 1299 5766 6.
1379 5715 1419 5746 ¹¹
1459 5712 1604 5770 Psal.
1641 5730 1774 5781 vin,
1812 5715 1863 5772 ι.

2096 5563 2270 5634 ληνῶν
2303 5567 2604 5623 νοουμένων
2631 5569 2738 5622 τῶν
2771 5571 2875 5624 ἀνά
2923 5572 3020 5644 τὴν
3076 5576 3402 5648 οἰκουμένην
3447 5579 3658 5648 Ἐκκληι
