3826 6216
147 260 300 318 1097
350 268 363 279 ⁸

1182 260 1484 320 ΕοιοεΑς
1522 258 2006 319 PROPHETICE.
2047 287 2121 303 —
2158 255 2290 312 LIB.
2326 252 2398 312 Il.

3292 252 3433 310 {098

150 392 317 438 estw,
355 378 413 431 ἐν
443 372 662 449 αἷς·τ’ής
699 376 958 449 ἀληθινῆς
982 376 1229 449 ἀμπέλου
1250 376 1346 433 τοῦ
1371 376 1633 450 Χριστοῦ.
1656 379 1752 430 καὶ

1862 387 2018 444 super
2049 381 2274 435 terram,
2307 370 2365 424 in
2396 368 2601 442 quibus
2621 382 2764 423 verae
2788 366 2913 423 vitis
2935 364 3165 430 Christi,
3193 374 3247 422 et
3270 362 3431 438 quasi

149 465 267 520 τῶν
301 466 547 539 ὡσπερεὶ
578 465 871 538 κλημάτων
896 466 1063 521 αὐτοῦ
1089 467 1199 522 τῶν
1232 467 1393 542 ίερῶν
1416 468 1749 532 ἀποστόλων,

148 558 205 613 οῖ
233 557 447 628 λογικοὶ
475 558 699 629 βότρυες
728 558 1040 629 πιεζόμενοι
1068 559 1160 613 τὸν
1192 560 1302 614 ἀπὸ
1347 560 1458 614 τῶν
1491 559 1751 632 μαθημά-

151 666 270 703 των
298 647 481 702 αυτῶν
510 648 695 721 νοερὸν
727 650 821 702 καὶ
845 649 1028 720 πάσης
1075 649 1416 721 εὐφροσύνης
1471 650 1752 720 ποιητικὸν

152 741 306 796 οἶνον
331 742 680 813 παρέχουσιψ
716 740 893 806 ἄλλως
924 742 1035 814 γὰρ
1073 744 1135 796 οὐ
1155 743 1379 797 δυνατὸν
1414 745 1752 814 σωματικαῖς

153 832 347 905 ληνοῖς
382 834 691 906 ἐφαρμόσαι
717 832 789 887 τὰ
818 834 877 887 ἐν
938 834 1016 906 τῷ
1044 834 1244 906 ψαλμῷ
1286 835 1574 907 λεγόμενα·
1630 837 1752 889 ἐπεὶ

154 927 290 999 μηδ’
316 927 454 991 ὅλως
474 927 549 989 ὡς
588 929 646 980 ἐν
667 927 875 999 ἐτέροις
912 928 1030 1000 ἦτοι
1086 931 1216 1001 περὶ
1258 931 1506 1002 ἀμπέλου
1546 948 1751 1003 μεταροο

154 1018 352 1090 θείοης
374 1019 436 1084 ἐξ
464 1017 762 1087 Αἰγύπτου,
798 1018 830 1089 ἦ
863 1020 991 1092 περὶ
1027 1019 1351 1091 ἀμπελῶνος
1409 1022 1616 1092 Κυρίου
1649 1023 1753 1074 Σα-

155 1109 342 1174 ϐαὼθ,
374 1111 408 1182 ἦ
434 1128 596 1164 τινων
617 1109 894 1176 τοιούτων,
914 1110 1153 1165 διάνοιάν
1182 1128 1303 1165 τινα
1332 1113 1404 1168 τὰ
1437 1113 1534 1184 τῆς
1554 1112 1753 1179 λέξεως

156 1200 435 1272 περιέχει.
465 1199 545 1253 Τὰ
577 1200 622 1253 δ’
651 1199 760 1253 ἀπὸ
795 1199 913 1265 τοῦ,
972 1220 988 1252 ι
1021 1202 1086 1255 Τί
1119 1204 1265 1257 ἐστιν
1317 1201 1620 1274 ἄνθρωπος,
1670 1201 1751 1254 ὃτι

160 1293 453 1363 μιμνήσκῃ
482 1290 669 1356 αὐτοῦ,
724 1291 907 1363 ἢυίὸς
960 1293 1270 1365 ἀνθρώπου,
1328 1296 1407 1348 ὅτι
1448 1293 1751 1365 ἐπισκέπτῃ

155 1381 369 1447 αὑτόν;
414 1381 759 1446 Ἠλάττωσας
788 1383 950 1437 αὐτὸν
982 1383 1157 1455 βραχύ
1188 1403 1241 1438 τι
1299 1387 1428 1457 παρ’
1463 1385 1749 1454 ἀγγέλους,

155 1472 292 1547 δόξῃ
320 1471 417 1527 καὶ
441 1476 572 1545 τιμῇ
603 1475 990 1544 ἐστεφάνωσας
1011 1477 1227 1543 αὐτὸν,›
1263 1477 1360 1531 καὶ
1388 1476 1456 1531 τὰ
1487 1477 1634 1547 ἐξῆς,
1660 1476 1754 1529 ἐπὶ

156 1564 257 1618 τὸν
290 1565 523 1638 Σωτῆρα
549 1566 646 1620 καὶ
693 1567 899 1640 Κύριον
953 1567 1114 1640 ἡμῶν
1165 1567 1373 1639 Ἰησοῦν
1407 1569 1465 1621 ἐν
1512 1571 1579 1640 τῇ
1617 1568 1754 1640 πρὸς

169 1656 464 1731 Ἐϐραίους
506 1660 760 1732 ἐπιστολῇ
796 1660 1172 1732 μετείληπται,
1208 1659 1337 1715 ἔνθα
1363 1657 1459 1732 τῷ·
1502 1679 1521 1712 ι
1569 1661 1755 1714 Πάντα

158 1747 442 1815 ὑπέταξας
471 1750 731 1804 ὑποκάτω
778 1749 885 1804 τῶν
930 1749 1106 1804 ποδῶν
1133 1750 1321 1816 αὑτοῦ,
1364 1769 1384 1803 ›
1436 1750 1755 1822 ἐπιφέρεται

154 1841 244 1895 τό·
277 1861 299 1894 ι
330 1842 445 1895 Νῦν
477 1842 535 1897 δὲ
578 1842 792 1896 οὐδέπω
830 1840 1046 1914 ὁρῶμεν
1072 1841 1220 1914 αὐτῷ
1245 1841 1316 1896 τά
1361 1842 1540 1897 πάντα
1566 1845 1759 1897 ὑποτε-

155 1937 434 2007 ταγμένα.
458 1936 567 1990 Τὸν
594 1934 651 1990 δὲ
687 1934 858 2008 βραχύ
907 1954 961 1990 τι
1015 1936 1146 2008 παρ’
1188 1934 1456 2005 ἀγγέλους
1510 1934 1757 2006 ἠλαττω-

162 2029 332 2100 μένον
354 2024 623 2101 βλέπομεν
655 2029 886 2101 Ἰησοῦν,
912 2028 999 2083 διὰ
1025 2028 1084 2083 τὸ
1115 2029 1348 2099 πάθημα
1378 2026 1473 2081 τοῦ
1501 2026 1754 2093 Θανάτου,

156 2120 293 2195 δόξῃ
329 2121 425 2174 καὶ
454 2124 587 2193 τιμῇ
618 2121 1119 2191 ἐστεφανωμένον.»
1157 2118 1317 2173 Εἴποι
1358 2118 1403 2173 δ’
1448 2119 1512 2173 ἄν
1554 2137 1638 2182 τις
1682 2117 1756 2190 μὴ

162 2210 334 2282 μόνον
355 2209 445 2263 διὰ
475 2210 535 2263 τὸ
564 2209 795 2282 πάθημα
817 2208 909 2263 τοῦ
934 2210 1190 2269 θανάτου.
1218 2208 1353 2264 ἀλλὰ
1380 2209 1474 2263 καὶ
1504 2210 1571 2263 δι’
1589 2209 1757 2281 αὐτὴν

158 2301 267 2372 τὴν
296 2300 712 2375 ἐνανθρώπησιν
740 2301 907 2356 αὐτοῦ
946 2301 1288 2373 ὴλαττῶσθαι
1312 2301 1477 2356 αὐτὸν
1503 2300 1675 2372 βραχύ
1705 2319 1757 2355 τι

162 2395 301 2467 παρ’
329 2395 613 2464 ἀγγέλους·
674 2415 693 2447 ι
720 2395 870 2461 Ὅτε,
908 2394 966 2448 ἐν
1028 2396 1207 2467 μορφῇ
1258 2393 1393 2448 Θεοῦ
1463 2394 1755 2466 ὑπάρχων,

159 2485 267 2556 οὐχ
294 2484 589 2557 ἁρπαγμὸν
621 2479 968 2557 ἡγησάμενος
989 2484 1049 2540 τὸ
1090 2487 1180 2541 [σα
1205 2485 1324 2558 Θεῷ
1374 2481 1531 2549 εἶναι,
1562 2487 1760 2539 ἐκένω-

164 2594 262 2633 σεν
291 2577 485 2632 ἐαυτὸν
511 2579 728 2651 μορφὴν
757 2577 943 2631 δούλου
980 2576 1181 2643 λαϐὼν,
1222 2596 1242 2629 ι
1296 2578 1392 2632 καὶ
1443 2577 1537 2632 ἐπὶ
1565 2575 1756 2631 τοσοῦ-

159 2686 260 2724 τον
281 2669 615 2740 ἠλάττωσεν,
642 2669 718 2734 ὠς
766 2670 886 2724 ἀντὶ
941 2670 1036 2742 τῆς
1089 2671 1146 2723 ἐν
1201 2671 1381 2742 μορφῇ
1415 2668 1550 2722 Θεοῦ
1602 2669 1760 2741 δόξης

159 2759 430 2833 λεχθῆναι
459 2761 589 2834 περὶ¹
621 2760 784 2815 αὐτοῦ
836 2762 917 2816 τό·
961 2781 979 2813 ι
1022 2762 1250 2833 Εἰδομεν
1290 2762 1474 2826 αὐτὸν,
1526 2761 1620 2815 καὶ
1660 2763 1761 2816 οὐκ

163 2846 317 2926 εἶχεν
337 2848 475 2918 εἶδος
508 2854 630 2907 ούδέ
659 2853 874 2919 κάλλος,
917 2854 1032 2907 ἀλλ’
1052 2850 1121 2926 ἦν
1173 2855 1233 2908 τὸ
1271 2849 1410 2919 εἶδος
1449 2854 1612 2908 αὑτοῦ
1643 2854 1761 2909 ἀτι-

167 2966 296 3019 μον,
332 2947 428 3002 καὶ
450 2946 697 3001 ἐκλεῖπον
726 2948 876 3020 παρά
922 2949 1049 3011 τοὺς
1079 2948 1228 3011 υἱοὺς
1261 2946 1370 3001 τῶν
1399 2946 1755 3019 ἀνθρώπωψ»

165 3034 289 3090 ἀνθ’
322 3029 398 3089 ὧν
420 3036 781 3109 ἀμειϐόμενος
807 3038 836 3089 ό
870 3034 1080 3109 Πατὴρ,
1121 3057 1139 3090 ι
1168 3036 1294 3109 δόξῃ
1325 3038 1420 3092 καὶ
1446 3041 1577 3111 τιμῇ
1612 3040 1762 3093 ἐστε-

1850 479 2188 538 gemmarum
2222 463 2344 534 ejus
2373 470 2691 521 sanctorum
2729 459 3130 532 apostolorum,
3156 460 3432 530 spiritales

1850 557 2054 613 racemi
2101 556 2281 628 pressi
2322 553 2593 611 doctrinis
2652 553 2768 612 suis
2812 553 3058 625 spiritale
3108 568 3436 624 omnemque

1852 650 2179 707 suavitatem
2229 647 2471 705 etIiciens
2509 646 2697 702 vinum
2746 646 3012 719 praebent.
3057 643 3235 702 Aliter
3286 647 3433 701 enim

1852 741 2196 813 impossibile
2230 746 2380 795 esset
2402 739 2783 810 corporalibus
2816 737 3189 793 torcularibus
3225 752 3438 794 accom-

1851 833 2075 889 modare
2101 848 2224 904 qua;
2254 833 2309 887 in
2336 832 2441 886 hoc
2465 832 2677 902 psalmo
2697 830 2996 897 dicuntur;
3030 845 3156 886 cum
3185 828 3430 891 minime.

1851 932 1914 981 ut
1953 925 2010 980 in
2056 924 2292 990 caeteris,
2343 925 2459 980 sive
2501 923 2570 979 de
2600 924 2711 979 vite
2752 937 2873 994 quae
2919 939 2986 979 ex
3030 920 3267 995 Egypto
3309 936 3435 979 sur-

1851 1019 2014 1083 rexit,
2056 1018 2172 1074 sive
2211 1018 2279 1073 de
2312 1015 2526 1072 Domini
2572 1013 2812 1071 Sabaoth
2839 1015 2972 1081 vite,
3017 1015 3134 1072 sive
3175 1016 3244 1071 de
3286 1015 3438 1087 ejus«

1853 1111 2002 1168 modi
2037 1112 2160 1167 aliis
2197 1110 2362 1167 verba
2399 1111 2568 1181 hujus
2612 1109 2721 1165 loci
2769 1125 2937 1166 sensu
2980 1109 3176 1180 quovis
3206 1109 3436 1182 intelligi

1853 1205 2092 1277 possint.
2131 1203 2265 1272 Quae
2296 1220 2424 1260 vero
2464 1203 2533 1258 ab
2566 1203 2635 1259 iis
2662 1222 2674 1258 :
2709 1222 2727 1254 ι
2757 1201 2900 1269 Quid
2948 1209 3034 1258 est
3061 1187 3257 1269 homo,
3290 1203 3437 1273 quod

1852 1312 2064 1352 memor
2089 1312 2148 1352 es
2187 1296 2347 1365 ejus?
2374 1303 2469 1350 aut
2491 1292 2639 1350 ﬁlius
2668 1293 2931 1358 hominis,
2951 1293 3211 1364 quoniam
3241 1293 3437 1348 visitas

1851 1389 2013 1444 eum?
2047 1388 2295 1444 Minuisti
2328 1404 2453 1444 eum
2488 1386 2655 1458 paulo
2689 1385 2874 1442 minus
2903 1386 2973 1441 ab
2998 1385 3228 1458 angelis,
3262 1385 3437 1456 gloria

1852 1488 1908 1536 et
1932 1481 2144 1536 honore
2183 1479 2606 1535 coronastieum
2636 1477 2702 1545 ³³,
2738 1497 2757 1530 ι
2794 1487 2849 1533 et
2878 1477 3109 1547 reliqua,
3139 1476 3208 1531 ad
3249 1470 3439 1531 Salva-

1852 1580 2027 1629 torem
2055 1579 2111 1627 et
2152 1570 2442 1643 Dominum
2487 1576 2737 1626 nostrum
2763 1566 2949 1625 Jesum
2993 1570 3051 1624 in
3084 1566 3328 1640 Epistola
3368 1564 3438 1623 ad

1853 1664 2113 1721 Hebraeos
2150 1663 2488 1727 referuntur,
2532 1663 2627 1719 ubi
2653 1672 2780 1734 post
2807 1663 2923 1729 illa,
2954 1681 2973 1715 ι
3006 1662 3203 1719 Omnia
3252 1663 3437 1734 subje—

1856 1757 1981 1812 cisti
2015 1757 2120 1812 sub
2154 1755 2386 1827 pedibus
2415 1754 2537 1824 ejus
2566 1754 2632 1821 “,
2667 1773 2686 1807 ›
2724 1754 3059 1825 adjiciuntur
3087 1770 3151 1810 ea
3183 1772 3196 1810 :
3232 1774 3251 1807 ι
3278 1753 3437 1810 Nunc

1858 1856 2038 1904 autem
2085 1848 2318 1904 necdum
2359 1849 2610 1905 videmus
2661 1848 2847 1904 omnia
2891 1848 3139 1919 subjecta
3184 1847 3256 1904 ei.
3294 1846 3437 1904 Eum

1858 1948 2062 2008 autem,
2089 1940 2184 2011 qui
2212 1940 2429 1996 modico
2456 1954 2620 2010 quam
2661 1939 2841 2010 angeli
2876 1939 3184 1995 minoratus
3218 1947 3325 2005 est,
3355 1941 3439 1998 vi-

1857 2032 2051 2089 demus
2073 2030 2284 2095 Jesum,
2321 2037 2547 2101 propter
2580 2030 2893 2102 passionem
2928 2029 3144 2094 mortis,
3179 2028 3352 2100 gloria
3383 2036 3439 2086 et

1856 2124 2069 2180 honore
2097 2133 2421 2180 coronatum
2445 2125 2511 2179 ¹⁸.
2547 2143 2568 2176 ι
2605 2121 2721 2177 Dici
2747 2122 2948 2193 poterit
2981 2135 3090 2176 non
3124 2129 3335 2177 tantum
3367 2122 3438 2178 ob

1857 2215 2055 2271 mortis
2106 2215 2466 2286 passionem,
2514 2213 2611 2271 sed
2664 2215 2827 2269 etiam
2880 2213 2952 2268 oh
3000 2212 3438 2268 incarnationem

1858 2321 2015 2363 suam
2038 2321 2164 2363 eum
2200 2307 2532 2362 minoratum
2564 2306 2736 2362 fuisse
2764 2305 2930 2376 paulo
2966 2304 3147 2361 minus
3175 2305 3245 2361 ab
3275 2318 3440 2377 ange-

1857 2402 1962 2457 lis:
2005 2419 2025 2452 r
2055 2400 2191 2456 Cum
2220 2400 2275 2455 in
2309 2399 2483 2456 forma
2516 2397 2611 2456 Dei
2653 2407 2819 2465 esset,
2866 2412 2976 2454 non
3009 2399 3257 2469 rapinam
3290 2396 3441 2454 arbi-

1858 2500 2036 2549 tratus
2076 2501 2162 2549 est
2190 2508 2315 2549 esse
2362 2509 2423 2549 se
2461 2492 2724 2564 aequalem
2757 2488 2889 2558 Deo,
2934 2492 3029 2549 sed
3081 2491 3436 2563 semetipsum

1858 2584 2160 2642 exinanivit
2205 2583 2434 2640 formam
2466 2585 2612 2642 servi
2647 2584 2924 2654 accipiens
2948 2585 3012 2648 “,
3047 2604 3065 2636 ι
3099 2592 3263 2654 atque
3299 2582 3438 2641 adeo

1858 2676 2136 2732 imminuit
2169 2692 2250 2741 se,
2291 2683 2488 2732 utnon
2507 2676 2622 2747 jam
2658 2676 2717 2731 in
2760 2675 2935 2731 forma
2976 2674 3068 2732 Dei
3097 2676 3285 2747 gloriae
3312 2691 3438 2732 esse

1860 2765 2160 2832 diceretur,
2205 2766 2302 2824 sed
2330 2785 2343 2822 :
2377 2785 2395 2819 ι
2426 2763 2682 2824 Vidimus
2712 2781 2861 2832 eum,
2894 2773 2950 2822 et
2973 2781 3083 2820 non
3119 2770 3238 2821 erat
3276 2779 3437 2835 aspe-

1861 2869 1987 2917 ctus
2037 2876 2218 2931 neque
2259 2861 2448 2927 decor,
2482 2868 2539 2916 et
2579 2859 3013 2916 desideravimus
3049 2873 3199 2924 eum,
3245 2857 3441 2930 despe-

1860 2957 2035 3016 ctum,
2076 2958 2132 3007 et
2188 2950 2551 3007 novissimum
2602 2949 2847 3005 virorum
2874 2949 2993 3005 "si
3026 2947 3230 3004 Contra
3259 2956 3442 3003 autem

1861 3043 2202 3115 respondens
2250 3041 2416 3099 Pater
2440 3084 2456 3110 ,
2513 3061 2532 3094 ι
2565 3041 2737 3114 gloria
2791 3049 2846 3098 et
2892 3041 3104 3099 honore
3158 3041 3445 3097 coronavit

167 3127 426 3199 φάνωσεν
452 3128 634 3182 αὐτόν’
669 3128 1035 3202 ὑπερυψώσας
1064 3130 1159 3183 καὶ
1218 3130 1584 3203 χαρισάμενος
1611 3131 1761 3203 αὐτῷ

1862 3150 1987 3191 eum
2013 3134 2079 3199 “,
2111 3134 2372 3190 exaltavit
2404 3133 2559 3188 illum
2591 3139 2647 3189 et
2674 3131 2897 3188 donavit
2923 3132 3001 3186 illi
3029 3146 3252 3197 nomen,
3295 3130 3442 3202 quod

165 3221 233 3274 τὸ
257 3219 433 3291 ὄνομα
462 3218 523 3274 τὸ
550 3221 688 3294 ὑπὲρ
720 3222 827 3275 πᾶν
849 3221 1038 3292 όνομα·
1092 3222 1157 3276 ἵν’
1188 3224 1246 3278 ἐν
1276 3221 1352 3293 τῷ
1388 3222 1612 3294 ὀνόματι
1658 3224 1762 3295 ’1η-

169 3310 271 3365 σοῦ
305 3314 414 3366 πᾶν
436 3314 566 3382 γόνυ
597 3312 790 3386 κάμψῃ
837 3313 1198 3386 ἐπουρανίων,
1225 3317 1319 3368 καὶ
1352 3316 1631 3384 ἐπιγείων,
1666 3315 1762 3370 καὶ

167 3405 566 3476 καταχθονίων,
607 3407 700 3460 καὶ
726 3407 876 3461 πᾶσα
915 3407 1138 3476 γλῶσσα
1183 3407 1641 3482 ἐξομολογήσηται
1679 3410 1760 3464 ὅτι

142 3496 379 3570 ,Κύριος
411 3498 616 3571 Ἰησοῦς
641 3500 872 3572 Χριστὸς
890 3502 970 3565 είς
997 3499 1154 3565 δόξαν
1177 3500 1311 3556 Θεοῦ
1340 3501 1570 3575 Πατρός.
1586 3523 1605 3555 ι
1628 3504 1757 3558 Καί’

175 3612 197 3642 r
230 3590 553 3663 Κατέστησε
604 3592 650 3644 δ’
699 3592 862 3647 αὑτὸν
894 3592 987 3646 ἐπὶ
1029 3592 1097 3646 τὰ
1122 3592 1260 3665 ἔργα
1299 3594 1407 3648 τῶν
1436 3594 1635 3666 χειρῶν
1666 3596 1761 3649 αὐ-

169 3684 324 3739 τοῦ’»
360 3685 497 3756 ὅπερ
547 3686 642 3739 καὶ
690 3685 822 3738 αὐτὸ
850 3682 928 3756 τῷ
963 3686 1060 3756 μὲν
1092 3686 1185 3739 τοῦ
1207 3687 1461 3758 Σωτῆρος
1481 3687 1640 3759 ἡμῶν
1669 3688 1764 3760 ἀρ-

170 3776 414 3847 μόζοντα
443 3775 628 3848 (ζοιτο)
663 3774 941 3848 προσώπῳ
971 3775 1061 3830 διὰ
1092 3777 1183 3831 τὸν
1214 3779 1272 3831 ἐν
1315 3778 1464 3849 αὐτῷ
1506 3778 1596 3832 τὸν
1629 3779 1761 3834 Θεὸν

167 3867 369 3936 Λόγον,
401 3864 583 3921 οὐκέτι
621 3866 678 3920 δέ
714 3868 809 3921 καὶ
857 3867 935 3938 τῷ
966 3868 1201 3939 τυχόντι,
1230 3867 1285 3922 εί
1337 3887 1402 3939 γε
1432 3872 1488 3924 ἐν
1530 3873 1641 3934 τοῖς
1668 3870 1761 3926 τοῦ

171 3955 314 4014 Θεοῦ
343 3959 525 4031 ἔργοις
558 3959 797 4022 καὶτοὺς
822 3961 1084 4031 οὐρανοὺς
1116 3962 1473 4032 καταριθμεῖν
1503 3961 1623 4026 ἔθος
1646 3966 1762 4028 τοῖς

173 4050 347 4123 ἱεροῖς
376 4049 575 4119 λόγοις,
605 4051 747 4106 κατὰ
777 4051 858 4116 τὸ,
900 4070 919 4102 ι
943 4051 1053 4105 Καὶ
1106 4051 1243 4124 ἔργα
1278 4052 1384 4107 τῶν
1413 4052 1612 4126 χειρῶν
1669 4073 1760 4110 σου

170 4142 319 4196 εἰσὶν
338 4144 386 4195 oi
415 4142 688 4213 οὐρανοί.»
720 4143 865 4215 Πρὸς
889 4143 1120 4208 τούτοις·
1159 4163 1177 4195 ‹
1211 4144 1322 4198 Καὶ
1353 4145 1528 4199 πάντα
1558 4145 1762 4200 ὑπέτα-

174 4229 268 4298 ξεν
300 4233 408 4288 ὑπὸ
440 4235 565 4298 τοὺς
592 4234 755 4298 πόδας
778 4233 965 4299 αὐτοῦ,
1013 4234 1262 4307 πρόϐατα
1304 4238 1399 4291 καὶ
1436 4235 1564 4308 βόας
1617 4238 1762 4293 ἀπάα

177 4343 302 4391 σας,
339 4325 422 4379 ἐτι
442 4326 499 4379 δὲ
531 4327 624 4380 καὶ
653 4326 723 4382 τὰ
773 4328 942 4399 κτήνη
974 4327 1067 4380 τοῦ
1102 4326 1304 4392 πεδίου,
1345 4328 1414 4383 τὰ
1458 4327 1519 4399 (f.
1546 4327 1635 4399 20)
1667 4345 1764 4383 πε-

174 4417 335 4471 τεινά
364 4417 459 4470 τοῦ
492 4418 747 4490 ούρανοῦ,
777 4419 870 4472 καὶ
895 4419 1021 4482 τοὺς
1053 4416 1240 4489 ἰχθύας
1271 4420 1370 4492 τῆς
1399 4419 1697 4493 θαλάσσηςο
1738 4438 1758 4473 ›

1867 3233 1951 3282 est
1983 3240 2149 3296 super
2199 3240 2362 3280 omne
2401 3240 2625 3289 nomen,
2656 3234 2721 3279 ut
2764 3224 2820 3278 in
2865 3223 3086 3279 nomine
3108 3220 3237 3279 Jesu
3280 3236 3444 3279 omne

1868 3334 2011 3391 genu
2043 3315 2299 3373 ﬂectatur
2325 3317 2660 3381 caelestium,
2685 3316 3055 3383 terrestrium,
3103 3324 3160 3372 et
3198 3314 3442 3373 inferno-

1868 3425 2030 3479 rum;
2072 3418 2127 3466 et
2172 3410 2356 3466 omnis
2393 3410 2578 3481 lingua
2626 3409 2975 3474 conﬁteatur,
3019 3408 3148 3480 quia
3175 3407 3444 3465 Dominus

1866 3500 2028 3559 Jesus
2073 3501 2328 3558 Christus
2368 3501 2424 3557 in
2470 3500 2643 3572 gloria
2689 3508 2775 3557 est
2826 3499 2921 3556 Dei
2965 3498 3150 3555 Patris
3176 3501 3240 3554 ¹⁹.
3277 3520 3297 3552 ι
3329 3497 3443 3554 Et:

1873 3611 1895 3645 ι
1923 3590 2227 3648 Constituit
2251 3608 2377 3648 eum
2398 3606 2563 3662 super
2587 3606 2755 3663 opera
2778 3606 3041 3646 manuum
3077 3605 3299 3646 suarum
3320 3588 3388 3645 1'“.
3417 3607 3438 3643 ι

1869 3682 2001 3751 Quae
2040 3683 2263 3754 quidem
2318 3684 2621 3741 Salvatoris
2669 3684 2845 3739 nostri
2894 3696 3143 3754 personae
3180 3688 3328 3752 apta,
3373 3679 3445 3737 ob

1872 3773 2041 3834 Deum
2070 3775 2314 3833 Verbum
2345 3777 2494 3848 quod
2524 3778 2668 3833 inest
2696 3777 2750 3832 in
2781 3791 2868 3841 ea,
2900 3790 3013 3830 non
3048 3780 3229 3829 autem
3259 3773 3447 3829 huma-

1869 3886 1955 3926 nae
1983 3884 2255 3941 personae,
2305 3869 2352 3925 si
2388 3869 2609 3940 quidem
2655 3868 2712 3923 in
2748 3865 2844 3923 Dei
2887 3867 3145 3938 operibus
3188 3880 3447 3922 annume-

1870 3970 2063 4015 rantur
2099 3959 2249 4027 cmli,
2280 3968 2343 4014 ut
2386 3960 2442 4015 in
2493 3959 2667 4016 sacris
2719 3956 3023 4029 Scripturis
3063 3956 3222 4020 solet,
3255 3971 3448 4012 secun-

1869 4055 1999 4111 dum
2041 4053 2177 4110 illud
2213 4075 2226 4109 :
2264 4073 2283 4106 ι
2308 4053 2484 4125 Opera
2533 4067 2797 4107 manuum
2837 4050 2961 4121 ejus
2994 4059 3126 4106 sunt
3172 4048 3385 4106 cmli”.
3418 4066 3439 4102 ι

1868 4144 2001 4203 Post
2046 4147 2164 4202 haec
2197 4144 2423 4217 adjicit:
2461 4164 2480 4196 ι
2510 4141 2704 4199 Omnia
2757 4141 3042 4212 subjecisti
3088 4140 3191 4196 sub
3217 4137 3448 4212 pedibus

1870 4238 2012 4310 ejus,
2057 4253 2188 4293 oves
2232 4244 2287 4291 et
2336 4234 2507 4290 boves
2541 4233 2850 4297 universas,
2895 4231 3122 4300 insuper
3164 4235 3220 4284 et
3249 4238 3448 4299 pecora

1870 4329 2082 4399 campi;
2113 4329 2365 4383 volucres
2399 4325 2523 4382 cceli
2553 4334 2607 4381 et
2637 4322 2819 4396 pisces
2850 4323 3043 4386 maris,
3092 4321 3186 4392 qui
3228 4335 3449 4392 peram—

1868 4420 2064 4476 bulant
2099 4419 2327 4475 semitas
2358 4418 2528 4474 maris
2548 4417 2620 4472 ¹¹.
2650 4435 2679 4468 ι·
2702 4410 2801 4471 llis
2827 4413 3085 4470 videntur
3114 4414 3291 4484 magis
3320 4413 3451 4469 alle-

174 4509 244 4564 δι’
273 4502 350 4563 ὧν
378 4509 552 4563 ἔοικεν
586 4508 1089 4581 ἀλληγορικώτερον
1143 4509 1432 4581 δηλοῦσθαι
1481 4511 1592 4566 τῶν
1651 4513 1762 4567 ἀλο-

1870 4512 2055 4586 gorice
2107 4510 2320 4567 ostendi
2365 4510 2562 4565 anima:
2603 4507 2805 4573 stultae,
2860 4514 2915 4563 et
2938 4504 3450 4578 quodammodope-

175 4600 443 4672 γωτέρων
465 4601 669 4654 καὶτὸν
699 4600 898 4673 τρόπον
928 4600 1141 4673 κτηνῶν
1163 4601 1429 4675 δευτέρων
1478 4601 1685 4676 ψυχῶν,
1730 4602 1765 4675 ἢ

178 4693 279 4747 καὶ
308 4691 593 4764 δυνάμεων
624 4693 1034 4765 ἀντικειμένων,
1060 4694 1093 4761 ή
1118 4695 1225 4749 ὑπὸ
1242 4694 1332 4748 τὸν
1356 4695 1521 4765 ζυγὸν
1549 4695 1643 4750 καὶ
1669 4694 1767 4767 τὴν

178 4783 277 4837 τοῦ
308 4783 468 4838 λόγου
496 4783 738 4840 δουλείαν
758 4787 1026 4860 ὑποταγή.

719 4896 1115 4952 ΚΕΦΑΔΑῙΟΝ
1157 4899 1233 4955 E'.

805 5012 1056 5082 Ψαλμοῦ
1084 5015 1131 5068 θ’
1137 5054 1152 5067 .

266 5102 337 5157 Ἠ
368 5101 466 5158 τοῦ
494 5103 685 5158 ἐνάτου
706 5103 922 5175 ψαλμοῦ
943 5104 1225 5175 ἐπιγραφὴ
1243 5103 1466 5175 τοιαύτη
1489 5103 1575 5168 τίς
1595 5104 1761 5157 ἐστιν’

188 5216 209 5249 ι
237 5196 339 5259 Et;
358 5194 422 5249 τὸ
440 5194 593 5259 τέλος
608 5195 748 5268 ὑπὲρ
773 5195 881 5250 τῶν
902 5196 1168 5267 κρυφίων.
1184 5185 1416 5265 trahis;
1430 5194 1508 5266 τῷ
1547 5192 1728 5248 Δαυῖδ.
1742 5212 1762 5245 ι

196 5288 344 5344 ’Δνθ’
375 5282 455 5342 ὧν
480 5287 510 5341 ὁ
534 5286 828 5359 Σύμμαχος
885 5286 1200 5353 ἐκδέδωκεν,
1240 5302 1260 5337 ι
1296 5285 1591 5340 Ἐπινίκιον
1640 5285 1770 5356 ’περὶ¹

183 5381 286 5438 τοῦ
311 5381 545 5436 θανάτου
570 5380 665 5437 τοῦ
694 5381 836 5437 υἱοῦ.
872 5376 1064 5452 τᾼσμα
1095 5379 1189 5434 τοῦ
1219 5379 1433 5434 Δαυΐδ.»
1480 5377 1695 5448 Ὥσπερ
1722 5374 1767 5430 δ’

184 5470 284 5529 οὖν
309 5472 640 5543 καὶμᾶλλον
686 5472 862 5527 ἔοικεν
913 5471 1058 5543 ἔχειν
1117 5471 1180 5527 τὸ
1239 5470 1525 5544 Ἐϐραῖκδν
1582 5467 1772 5522 τοῦτον

252 5656 307 5722 εξ
341 5655 707 5719 Psal.vm,6,
744 5656 801 5711 7.
877 5656 921 5689 ιι
958 5656 1093 5711 ibid.
1126 5657 1180 5713 8.
1260 5655 1488 5712 "Hebr.
1526 5654 1664 5722 n.8,
1695 5654 1750 5710 9.
1830 5647 2111 5721 "Philipp

189 5729 237 5761 ⁸⁹
275 5718 515 5798 Philipp.
549 5718 627 5792 ιι,
657 5726 810 5782 9-H.

472 5820 747 5883 ΡΑτιιοι.
782 5823 899 5887 Gn.
942 5820 1148 5885 XXII.
1316 5823 1347 5826 “

1872 4605 2093 4661 corihus
2124 4602 2356 4670 similes,
2386 4601 2472 4656 vel
2502 4601 2745 4656 adversae
2773 4602 3094 4669 poteStates,
3124 4597 3227 4652 sub
3253 4595 3449 4668 iugum

1869 4697 1956 4752 vel
1988 4695 2218 4751 rationis
2245 4694 2509 4750 ditionem
2540 4690 2795 4748 redactae.

2487 4885 2721 4947 CAPUT
2761 4884 2829 4945 ν.

2424 5003 2472 5060 Ε
2498 5006 2704 5075 psalmo
2739 5021 2900 5059 nono.

1947 5096 2076 5155 Haec
2106 5104 2191 5155 est
2219 5098 2351 5153 noni
2385 5097 2583 5169 psalmi
2632 5095 2963 5167 inscriptio:
2997 5114 3017 5148 ι
3057 5090 3118 5151 In
3147 5093 3313 5150 linem
3351 5111 3453 5167 pro

1875 5186 2126 5243 occultis.
2154 5185 2408 5243 Psalmus
2444 5184 2615 5242 David
2634 5187 2701 5240 ".
2739 5206 2759 5239 ι
2800 5185 3164 5257 Symmachus
3191 5201 3323 5242 vero
3371 5186 3453 5241 sic

1874 5279 2085 5337 edidit:
2119 5299 2138 5332 ι
2173 5277 2430 5335 Victoria:
2461 5294 2683 5335 carmen
2706 5279 2775 5334 de
2807 5287 2985 5335 morte
3014 5277 3129 5333 filii.
3159 5277 3449 5333 Canticum

1876 5371 2070 5430 David.
2103 5392 2123 5426 ι
2151 5370 2321 5427 Nobis
2362 5373 2543 5443 potior
2582 5372 2798 5427 videtur
2837 5369 3104 5426 Hebraica
3146 5370 3311 5427 lectio
3348 5370 3453 5424 hoc

1877 5465 2073 5521 modo:
2110 5464 2448 5538 Δαμανασσή
2475 5463 2717 5537 ’Δλμαὺθ
2766 5464 2857 5536 βέν
2900 5464 3177 5537 μασμωρά
3198 5462 3380 5519 Δαυῖδ.

2117 5691 2131 5704 .
2171 5649 2307 5717 ιι,6,
2342 5650 2393 5706 ’1.
2473 5650 2514 5683 ⁸⁷
2550 5651 2656 5707 lsa.
2693 5663 2824 5714 ιιιι,
2857 5648 2990 5716 2,5.
3072 5647 3296 5707 “chr.
3314 5663 3376 5715 ιι,
3400 5648 3452 5704 7.

920 5728 965 5760 '°
1006 5725 1169 5783 Hebr.
1206 5742 1278 5791 ιι.
1317 5727 1370 5783 7.
1444 5728 1503 5800 θ’
1546 5718 1692 5782 Psal.
1727 5738 1803 5792 Cl,
1836 5722 1926 5778 26.
2006 5718 2260 5809 δ’,Ρε-οί.
2289 5737 2392 5808 ym
2447 5721 2481 5779 8
2528 5721 2582 5777 9.
2659 5722 2705 5754 "
2741 5718 2889 5777 Psal.
2925 5736 3003 5787 ix,
3042 5720 3094 5774 l.

3060 5813 3139 5876 35
