3840 6222
400 272 534 330 1099

1102 275 1373 333 EUSEBII
1411 272 1892 353 CASSABIENSIS
1925 271 2077 330 OPP.
2113 268 2295 327 PARS
2332 269 2420 325 Ill.
2460 300 2532 310 —
2570 267 2990 326 EXEGETICA.

3541 269 3688 325 "00

393 392 462 449 Et
490 390 780 465 pulchrum
812 392 1016 452 Iudaeis
1039 396 1132 466 qui
1160 396 1266 451 hoc
1308 403 1540 451 utuntur
1576 404 1754 464 textu,
1806 395 1962 450 incer

2145 389 2411 463 εριέχοντα
2460 388 2552 442 τὸν
2601 387 2823 460 τρόπον’
2887 385 3260 458 σΛαμανασσή
3315 384 3543 457 ἀλμαῦθ
3594 384 3689 455 βὲν

394 495 509 540 tum
540 486 740 541 habere
766 486 834 543 de
862 503 970 558 qua
1005 495 1180 544 morte
1216 496 1311 542 aut
1344 488 1412 544 de
1446 505 1558 561 quo
1589 488 1701 544 ﬁlio
1731 488 1977 559 psalmus

394 579 577 635 dictus
611 580 684 634 sit
715 579 927 635 Davidi.
975 579 1147 637 Nobis
1177 583 1399 652 quidem
1436 583 1725 654 perspicue
1753 590 1977 652 apparet

395 670 464 727 de
493 669 795 727 Salvatoris
835 675 1091 742 passione
1133 676 1539 745 prophetizare.
1581 674 1697 729 Hoc
1746 684 1800 729 et
1828 688 1979 729 arca-

394 778 526 817 num
558 764 850 819 obscurius
898 764 1173 837 designari
1219 765 1574 838 Septuaginta
1619 772 1969 837 putaverunt.

392 854 514 927 ipse
544 854 763 926 quidem
809 855 1007 928 Aquila
1036 858 1426 914 demonstrans
1458 874 1715 931 magnum
1766 858 1973 929 aliquid

396 948 608 1005 fortiter
634 957 869 1020 gestum,
923 951 990 1005 ad
1018 953 1329 1023 passionem
1376 951 1679 1007 Salvatoris
1721 951 1974 1006 attribuit

391 1037 585 1095 dicens
624 1057 637 1093 :
693 1058 712 1090 ‹
742 1039 967 1094 Auctori
1016 1042 1261 1097 victoriae
1308 1041 1423 1096 ﬁlii.
1496 1041 1667 1097 Melos
1721 1039 1918 1099 David.
1947 1058 1965 1091 ι

389 1129 590 1187 Omnia
621 1141 801 1189 autem
826 1135 1022 1204 psalmi
1054 1135 1223 1198 dicta.
1251 1136 1296 1192 si
1330 1136 1453 1207 quis
1482 1142 1687 1191 attente
1715 1150 1974 1206 perscru-

389 1232 558 1291 tetur,
594 1238 721 1296 apta
749 1235 878 1282 sunt
905 1226 1130 1282 Christo
1161 1245 1176 1294 ;
1211 1228 1543 1298 indigentem
1573 1234 1627 1282 et
1658 1226 1971 1281 mendicum

387 1326 516 1366 eum
554 1320 716 1367 vocat
747 1319 801 1366 et
835 1311 902 1366 de
929 1311 1051 1381 ejus
1074 1313 1487 1368 resurrectione
1518 1326 1547 1365 a
1581 1312 1817 1367 mortuis
1843 1326 1973 1381 pro-

386 1401 631 1472 pbetizat
661 1402 747 1457 his
777 1402 960 1457 verbis
987 1420 999 1455 :
1029 1420 1048 1453 (
1078 1401 1340 1458 Miserere
1374 1402 1502 1466 mei,
1554 1401 1804 1467 Domine,
1847 1402 1971 1457 vide

385 1492 755 1550 humilitatem
795 1509 972 1549 meam
1013 1494 1082 1548 de
1115 1494 1356 1550 inimicis
1409 1495 1580 1561 meis;
1625 1494 1721 1565 qui
1757 1495 1970 1551 exaltas

384 1601 473 1641 me
503 1585 573 1642 d‘e
602 1587 776 1659 portis
808 1589 1021 1652 mortis,
1073 1597 1134 1643 ut
1176 1589 1497 1643 annuntiem
1534 1603 1729 1644 omnes
1779 1589 1971 1643 lauda-

385 1677 564 1734 tiones
582 1686 704 1734 tuas
725 1680 780 1733 in
810 1681 982 1750 portis
1011 1680 1133 1735 tiliae
1155 1677 1288 1734 Sion
1318 1680 1386 1735 “.
1419 1698 1436 1732 ι
1463 1679 1637 1750 Cujus
1652 1695 1783 1736 vero
1807 1677 1962 1745 Sion,

2085 480 2362 553 μασμωρὰ
2389 480 2605 535 Δαυΐδ.»
2643 481 2755 534 Καὶ
2808 478 2973 533 καλὸν
3026 495 3091 547 γε
3118 481 3231 541 τοῖς
3260 480 3325 531 ἐκ
3366 476 3686 549 περιτομῆς

2079 572 2229 644 αὐτῷ
2260 573 2561 644 χρωμένοις
2604 573 2878 644 ἀπορῆσαι
2941 573 3069 642 περὶ
3124 570 3278 623 ποίου
3327 569 3599 635 θανάτου,
3653 569 3689 639 ἢ

2079 666 2207 737 περὶ
2224 665 2319 719 τοῦ
2349 666 2495 729 τίνος
2525 665 2642 718 υἱοῦ
2676 664 2936 735 ὁψαλμέις
2967 664 3183 736 εἴρηται
3215 663 3291 735 τῷ
3310 664 3500 716 Δαυῖδα
3545 665 3689 732 ἡμῖν

2081 758 2179 828 μὲν
2211 757 2321 829 γὰρ
2347 757 2533 825 σαφῶς
2560 757 2810 827 φαίνεται
2843 756 2973 827 περὶ
2998 756 3094 809 τοῦ
3120 756 3326 818 πάθους
3348 755 3447 808 τοῦ
3496 753 3689 823 Σωτῆο

2078 866 2169 921 ρος
2196 850 2657 922 προφητεύεσθαγ
2693 849 2850 904 τοῦτο
2878 850 2934 902 δὲ
2964 851 3057 902 καὶ
3092 851 3220 910 τοὺς
3257 850 3312 901 0⁸
3346 847 3687 917 νενοηκὸτας

2074 942 2513 1013 ἀπορῥητότερον
2540 940 2776 1013 ᾐνίχθαι⁵
2809 944 2837 994 ὁ
2866 941 3049 1009 μέντοι
3079 956 3143 1008 γε
3184 939 3419 1002 Ἀκύλας
3449 941 3551 993 καὶ
3579 938 3687 992 αῦ-

2072 1032 2164 1097 τὸς
2189 1034 2466 1105 ἐμφαίνων
2494 1034 2638 1105 μέγα
2684 1051 2737 1087 τι
2786 1034 3183 1106 ἀνδραγάθημα
3212 1033 3355 1086 κατὰ
3408 1032 3475 1085 τὸ
3501 1031 3688 1094 πάθος

2072 1125 2296 1195 γεγονὸς
2351 1125 2446 1179 τοῦ
2503 1126 2755 1197 Σωτῆρος
2822 1125 3085 1190 ἐξέδωκεν
3136 1123 3330 1191 εἰπὼν,
3385 1145 3406 1176 ι
3451 1125 3549 1196 Τῷ
3604 1144 3688 1179 vc-

2074 1217 2278 1290 κοποιῷ
2316 1217 2661 1290 νεανιάτητος
2687 1218 2780 1272 τοῦ
2807 1219 2948 1272 υἱοῦ.
2980 1218 3291 1289 Μελὼδημα
3319 1217 3414 1271 τοῦ
3447 1219 3678 1272 Δαυΐδ.»

2072 1310 2184 1363 Καὶ
2209 1311 2305 1364 ὅλα
2337 1310 2394 1365 δέ
2425 1310 2495 1363 τὰ
2517 1311 2656 1382 ῥητὰ
2674 1309 2769 1363 τοῦ
2793 1309 3010 1381 ψαλμοῦ
3032 1327 3114 1373 τις
3140 1310 3486 1380 ἐπιτηρήσας
3510 1312 3689 1381 ἐφαρ-

2074 1401 2291 1473 μόσειεν
2319 1403 2385 1457 ἂν
2407 1403 2485 1474 τῷ
2514 1403 2755 1475 Χριστῷ,
2800 1403 3011 1475 πένητα
3061 1404 3155 1455 καὶ
3218 1403 3438 1472 πτωχὸν
3480 1402 3685 1456 ἑαυτὸν

2069 1495 2449 1567 ὀνομάζοντος,
2502 1495 2596 1549 καὶ
2650 1495 2779 1567 περὶ
2805 1496 2906 1566 τῆς
2957 1496 3022 1548 ἐκ
3073 1496 3283 1567 νεκρῶν
3312 1497 3685 1559 ἀναστάσεως

2068 1587 2233 1641 αὐτοῦ
2266 1587 2721 1659 προφητεύοντος,
2776 1588 2835 1641 ἐν
2860 1586 2960 1658 τῷ,
2992 1606 3010 1637 ι
3057 1587 3309 1657 Ἐλέησόν
3349 1604 3442 1657 με,
3474 1588 3682 1659 Κύριε,

2071 1680 2146 1733 ἴδε
2174 1679 2274 1753 τὴν
2300 1679 2632 1733 ταπείνωσίν
2682 1696 2783 1751 μου
2810 1681 2873 1732 ἐκ
2900 1679 3008 1731 τῶν
3036 1678 3247 1749 ἐχθρῶν
3297 1696 3425 1749 μου*
3465 1681 3497 1733 ὁ
3520 1679 3684 1749 ὑψῶν

383 1767 527 1823 infra
559 1769 720 1825 nobis
741 1769 1073 1826 ostenditur.
1106 1770 1172 1825 Et
1194 1771 1262 1826 de
1284 1771 1540 1842 gentibus
1568 1772 1638 1827 ab
1661 1786 1727 1826 eo
1751 1771 1962 1826 salvan‘

2158 1774 2223 1825 ὲκ
2250 1774 2359 1826 τῶν
2388 1773 2573 1827 πυλῶν
2606 1771 2697 1826 τοῦ
2747 1772 3001 1836 Θανάτου,
3050 1772 3198 1834 ὅπως
3242 1771 3307 1824 ἂν
3362 1770 3686 1839 ἐξαγγείλαι

381 1859 490 1922 dis,
524 1862 685 1932 quasi
717 1861 784 1916 de
812 1862 1085 1917 mendicis
1112 1869 1166 1917 et
1198 1862 1492 1933 egentibus
1536 1861 1785 1932 quaedam
1825 1877 1967 1933 pra:-

382 1954 625 2019 nuntiat,
668 1954 813 2009 inter
846 1970 969 2024 quce
1013 1962 1069 2009 et
1119 1953 1255 2007 illa:
1293 1972 1312 2005 ι
1344 1953 1657 2017 Constitue,
1711 1951 1964 2017 Domine,

380 2047 750 2119 legislatorem
792 2062 959 2117 super
990 2061 1107 2111 eos,
1152 2054 1212 2101 ut
1257 2046 1436 2101 sciant
1481 2055 1670 2116 gentes
1704 2045 1966 2116 quoniam

381 2140 633 2207 homines
667 2149 794 2196 sunt
816 2142 884 2194 ".
925 2159 943 2192 ι
984 2138 1082 2194 Hic
1105 2146 1160 2195 et
1192 2139 1485 2194 ostendere
1516 2155 1695 2208 operte
1729 2139 1966 2210 pretium

379 2242 490 2303 est,
524 2234 801 2306 quomodo
837 2249 946 2288 non
980 2233 1091 2289 sint
1117 2240 1306 2305 gentes
1330 2231 1536 2303 Moysis
1574 2232 1678 2302 legi
1712 2231 1963 2287 subditae.

380 2326 517 2383 lllud
544 2326 933 2399 proferendum
978 2334 1063 2381 est
1093 2326 1304 2380 dictum
1349 2325 1697 2381 circumcisis
1734 2325 1964 2397 gentiles

379 2419 808 2477 criminantibus
855 2419 1004 2490 quod
1042 2418 1346 2474 secundum
1396 2416 1601 2488 Moysis
1638 2416 1811 2487 legem
1853 2432 1962 2473 non

379 2516 598 2580 vivunt,
629 2515 824 2586 eisque
857 2514 1351 2570 demonstrandum
1381 2511 1529 2583 quod
1562 2512 1807 2567 futurum
1842 2528 1965 2569 esse

379 2607 550 2661 alium
600 2622 630 2660 a
690 2605 877 2678 Moyse
924 2606 1295 2675 legislatorem
1352 2603 1597 2674 gentium
1644 2604 1963 2674 prophetica

368 2697 623 2754 ostendit
659 2695 975 2769 Scriptura;
1006 2712 1132 2751 cum
1166 2696 1300 2751 dicit
1338 2696 1393 2750 in
1445 2696 1736 2751 oratione:
1765 2713 1785 2746 ι
1818 2695 1966 2751 Con-

363 2791 571 2858 ~stitue,
606 2788 856 2855 Domine,
901 2790 1274 2861 legislatorem
1305 2803 1473 2859 super
1513 2803 1638 2854 eos,
1674 2807 1693 2841 ι
1742 2788 1966 2843 manife-

364 2891 459 2940 ste
506 2892 706 2955 gentes
755 2882 1085 2937 innuuntur.
1135 2880 1343 2951 Adjicit
1376 2882 1582 2953 igitur:
1615 2901 1634 2934 ι
1667 2880 1738 2937 Ut
1782 2882 1963 2939 sciant

374 2982 566 3047 gentes
597 2974 856 3046 quoniam
891 2974 1144 3029 homines
1175 2980 1341 3040 sunt;
1377 2992 1395 3024 ι
1423 2973 1585 3044 quasi
1612 2974 1842 3038 diceret,
1875 2964 1962 3028 ac1

372 3067 584 3138 cipiunt
626 3073 827 3137 gentes
885 3067 1166 3121 notionem
1227 3072 1282 3120 et
1343 3066 1631 3121 scientiam
1691 3067 1959 3136 spiritalis

2072 1867 2253 1930 πάσας
2272 1866 2373 1931 τὰς
2401 1866 2639 1930 αἰνέσεις
2668 1884 2760 1919 σου
2787 1868 2844 1919 ἐν
2889 1868 3009 1929 ταῖς
3036 1866 3232 1928 πύλαις
3270 1864 3369 1933 τῆς
3391 1865 3685 1932 θυγατρὸς

2069 1957 2261 2011 Σιών-ι
2301 1957 2460 2022 ποίας
2488 1959 2543 2012 δὲ
2577 1957 2736 2023 Σιὼν,
2771 1958 2952 2029 μικρῷ
2988 1956 3225 2028 πρόσθεν
3250 1958 3381 2026 ἡμῖν
3438 1955 3684 2027 δεδήλω-

2067 2067 2177 2104 ταισ
2216 2050 2312 2105 καὶ
2359 2053 2488 2122 περὶ
2518 2051 2626 2106 τῶν
2658 2051 2830 2104 ἐθνῶν
2863 2050 2922 2102 δὲ
2958 2049 3068 2103 τῶν
3116 2049 3183 2102 δι’
3207 2046 3375 2101 αὑτοῦ
3420 2048 3684 2118 σωθησο-

2072 2142 2270 2214 μένων,
2302 2143 2379 2207 ὡς
2403 2144 2532 2215 περὶ
2559 2142 2790 2214 πτωχῶν
2837 2144 2934 2196 καὶ
2973 2142 3219 2211 πενήτων
3255 2141 3313 2192 ἐν
3342 2138 3501 2209 αὐτῷ
3548 2157 3683 2192 τινα

2070 2235 2495 2307 προφητεύεται,
2549 2238 2608 2289 ἐν
2656 2231 2738 2299 οἷς
2790 2237 2908 2288 ἐστι
2937 2235 3033 2288 καὶ
3089 2233 3171 2297 τὸ,
3218 2251 3238 2284 r
3273 2233 3679 2301 Κατάστησον,

2067 2328 2262 2399 Κύριε,
2290 2327 2590 2399 νομοθέτην
2615 2326 2817 2389 αὐτοῖς·
2847 2325 3143 2395 γνώτωσαν
3166 2323 3293 2395 ἔθνη
3344 2324 3429 2377 ὅτι
3463 2323 3684 2394 ἄνθρω-

2068 2420 2160 2473 ποί
2194 2422 2385 2475 εἰσι-ω
2430 2419 2600 2473 Ἔνθα
2626 2421 2719 2473 καὶ⁵
2747 2420 3042 2490 ἐπιστῆσαι
3064 2418 3233 2481 ἄξιον,
3274 2416 3351 2479 ὼς
3389 2416 3496 2485 οὐχ
3534 2414 3683 2468 ὑπό-

2067 2530 2281 2567 κεινται
2310 2512 2377 2567 τὰ
2409 2512 2537 2583 ἔθνη
2567 2512 2644 2583 τῷ
2665 2513 2948 2573 Μωῢσέως
2975 2510 3145 2581 νόμῳ·
3203 2510 3299 2562 καὶ
3322 2507 3681 2580 προσακτέον

2066 2622 2131 2675 γε
2159 2608 2269 2667 τοῖς
2304 2606 2370 2659 ἐκ
2398 2606 2701 2677 περιτομῆς
2748 2603 2811 2657 τὸ
2861 2602 3028 2674 ῥητὸν
3080 2600 3373 2669 ἐγκαλοῦσι
3426 2601 3551 2663 sui;
3612 2597 3679 2665 ἐξ

2066 2698 2236 2752 ἐθνῶν
2260 2697 2347 2752 διὰ
2378 2698 2439 2751 τὸ
2494 2699 2569 2770 μὴ
2626 2696 2775 2768 βιοῦν
2823 2694 2965 2750 κατὰ
3025 2695 3117 2748 τὸν
3145 2692 3429 2757 Μωῦσέως
3474 2692 3676 2763 νόμον,

2065 2790 2306 2865 δεικτέον
2331 2808 2388 2843 τε
2417 2789 2493 2855 ὼς
2522 2789 2631 2862 ἄρα
2690 2788 2878 2860 ἕτερόν
2904 2805 3026 2841 τινα
3051 2784 3204 2857 παρὰ
3234 2784 3483 2840 Μωῦσέα
3498 2799 3679 2854 νομο-

2066 2881 2226 2955 θέτην
2259 2881 2477 2935 ἔσεσθαι
2540 2881 2650 2934 τῶν
2682 2879 2850 2933 ἐθνῶν
2908 2879 2937 2930 ὁ
2983 2876 3321 2949 προφητικὸς
3368 2875 3677 2929 ἐπίσταται

2064 2973 2241 3044 λόγος,
2266 2975 2341 3038 ὡς
2364 2976 2421 3026 ἐν
2448 2974 2579 3045 εὐχῇ
2615 2974 2841 3043 φάσκων
2867 2972 2948 3037 τὸ,
2982 2990 3000 3022 ι
3037 2972 3421 3040 Κατάστησον,
3465 2969 3675 3039 Κύριε,

2064 3066 2358 3137 νομοθέτην
2380 3068 2581 3131 αὐτοῖς,
2598 3086 2615 3118 ι
2645 3066 2804 3136 δῆλον
2832 3066 2975 3119 δ’ὄτι
3003 3068 3115 3127 τοῖς
3147 3063 3376 3117 ἔθνεσιν·
3405 3061 3676 3134 ἐπιφέρει

373 3159 695 3215 substantiae
716 3173 848 3224 sua,
877 3173 973 3229 per
1006 3158 1373 3229 legislatorem
1398 3158 1491 3228 qui
1517 3173 1682 3229 super
1698 3173 1794 3213 eos
1820 3173 1956 3212 con-

2145 3155 2228 3212 οὖν
2249 3158 2422 3229 τούτῳ
2450 3158 2531 3223 τὸ,
2587 3177 2605 3208 ι
2630 3157 2931 3211 Γνὼτωσαν
2960 3156 3086 3227 ἔθνη
3139 3156 3221 3209 ὅτι
3266 3154 3559 3226 ἄνθρωποί
3587 3155 3677 3207 εἱ-

374 3251 688 3307 ειίιιιθιιάιιδ
719 3257 825 3306 est.
858 3248 959 3305 Hic
989 3259 1171 3306 autem
1204 3259 1351 3305 esset
1388 3248 1664 3314 Christus,
1697 3250 1789 3321 qui
1814 3265 1958 3304 com-

370 3357 547 3397 mune
587 3340 748 3397 nobis
797 3348 1188 3396 testamentum
1241 3339 1415 3394 edixit
1473 3340 1707 3394 dicens:
1749 3357 1768 3390 ι
1801 3337 1956 3393 Dicta

372 3442 504 3488 sunt
526 3431 773 3503 antiquis
794 3432 910 3486 hanc
941 3439 996 3486 et
1018 3432 1145 3498 illa;
1171 3446 1273 3502 ego
1296 3438 1478 3485 autem
1500 3431 1626 3485 dico
1647 3431 1805 3486 vobis
1833 3432 1911 3500 ²⁶;
1934 3451 1951 3483 ι

372 3522 468 3594 qui
499 3522 687 3578 divina
718 3532 771 3576 et
800 3537 1003 3577 arcana
1041 3529 1311 3593 potestate
1354 3520 1618 3576 stabilivit
1648 3522 1796 3594 lcges
1824 3536 1956 3577 suas

371 3630 485 3670 non
516 3615 573 3670 in
610 3629 717 3669 una
748 3614 833 3669 vel
864 3615 1036 3668 altera
1074 3620 1255 3684 gente,
1288 3628 1397 3667 non
1422 3613 1476 3666 in
1511 3613 1748 3683 quadam
1783 3616 1956 3670 totius

370 3707 524 3764 orbis
562 3713 736 3778 parte,
770 3721 881 3760 non
908 3707 1146 3760 breviter
1172 3706 1542 3770 obsoleturas,
1569 3706 1666 3762 sed
1691 3717 1749 3761 ut
1770 3722 1958 3779 exspe-

369 3799 631 3856 ctandum
674 3806 759 3855 est
805 3798 874 3854 de
916 3798 1103 3853 divina
1148 3801 1348 3854 virtute
1395 3815 1492 3854 sua
1526 3800 1582 3853 in
1631 3807 1955 3870 perpetuum

370 3903 535 3964 atque
561 3893 706 3964 apud
738 3893 1027 3949 universas
1058 3899 1271 3964 gentes.
1307 3891 1440 3958 Quae
1463 3891 1539 3946 ita
1570 3908 1631 3949 se
1675 3892 1879 3948 habere
1907 3894 1956 3949 si

369 3985 500 4056 quis
525 3999 636 4040 non
664 3984 940 4051 admittat,
974 3983 1229 4042 ostendat
1266 3986 1517 4054 quemvis
1542 3985 1734 4050 alium,
1759 3995 1956 4055 praeter

360 4076 715 4134 .Salvatorem
747 4076 1147 4148 Dominumque
1169 4085 1419 4132 nostrum
1439 4074 1626 4132 Jesum
1649 4077 1951 4143 Christum,

370 4181 739 4242 congruenter
800 4184 926 4225 cum
971 4169 1075 4224 hac
1122 4171 1413 4241 prophetia
1461 4171 1832 4241 legislatorem
1885 4171 1956 4225 ab

368 4261 617 4316 omnium
643 4260 755 4317 Deo
783 4262 1146 4317 constitutum
1179 4263 1456 4332 gentibus,
1500 4261 1704 4317 factum
1736 4265 1953 4321 cunctis

366 4353 685 4411 hominibus
712 4354 933 4425 pietatis
967 4356 1290 4432 magistrum
1330 4370 1460 4426 erga
1494 4370 1677 4410 rerum
1704 4355 1951 4409 omnium

366 4446 705 4504 Creatorem.

2064 3267 2201 3315 σιν,›
2229 3250 2361 3304 ὡσεὶ
2418 3249 2625 3318 ἔλεγεν,
2660 3247 3091 3320 ἀναλαμϐανέτω
3144 3245 3215 3300 τὰ
3264 3244 3396 3317 ἔθνη
3458 3246 3679 3316 γνῶσιν

2061 3345 2156 3396 καὶ
2178 3344 2487 3414 ἐπιστήμην
2513 3342 2613 3412 τῆς
2642 3342 2864 3413 λογικῆς
2888 3340 3070 3394 αὐτῶν
3094 3340 3282 3402 οὐσίας
3301 3338 3391 3392 διὰ
3416 3337 3519 3394 τοῦ
3538 3339 3678 3410 μέλ-

2059 3434 2242 3499 λοντος
2268 3436 2453 3499 αὐτοῖς
2476 3433 2837 3488 καθίστασθαι
2867 3432 3182 3503 νομοθέτου·
3217 3427 3375 3495 οὗτος
3400 3430 3446 3484 δ’
3476 3431 3547 3487 ἂν
3578 3434 3673 3502 εἴη

2058 3529 2087 3581 ὀ
2120 3528 2376 3600 Χριστὸς,
2409 3530 2438 3581 ὁ
2466 3528 2565 3599 τὴν
2591 3526 2776 3599 κοινὴν
2802 3525 3172 3597 νομοθετήσας
3225 3526 3362 3595 ἡμῖν
3393 3523 3673 3596 διαθήκην

2058 3619 2137 3691 τῷ
2161 3619 2340 3689 λέγειν
2362 3637 2375 3650 ο
2409 3639 2427 3671 ι
2469 3619 2701 3691 Ἐρρέθη
2747 3622 2861 3684 τοῖς
2905 3618 3154 3690 ἀρχαίοις
3185 3602 3314 3671 τάδε
3364 3617 3514 3681 τινὰ,
3551 3614 3673 3686 ἐγὼ

2058 3713 2281 3783 δὲλέγω
2300 3712 2481 3767 τάδε-ι
2511 3712 2569 3775 ὃς
2594 3712 2689 3766 καὶ
2722 3710 2843 3782 θείᾳ
2874 3711 2967 3763 καὶ
3003 3711 3229 3783 ἀρρήτῳ
3257 3707 3494 3778 δυνάμει
3528 3724 3673 3780 apa-

2056 3804 2213 3859 τῦναι
2261 3808 2387 3870 τοὺς
2450 3804 2644 3857 ἐαυτοῦ
2705 3805 2907 3875 νόμους
2961 3803 3063 3856 οῦκ
3101 3801 3193 3854 ἐπὶ
3230 3800 3291 3854 ἓν
3331 3817 3390 3853 τι
3431 3799 3591 3863 ἔθνος
3630 3800 3668 3871 ἦ

2056 3898 2328 3969 δεύτερον,
2359 3897 2468 3951 οὐδ’
2490 3897 2584 3950 ἐπὶ
2614 3896 2778 3970 μέρος
2802 3913 2856 3949 τι
2888 3895 2988 3966 τῆς
3016 3895 3146 3965 ὅλης
3169 3893 3525 3966 οἰκουμένης,
3543 3893 3668 3948 ἀλλ’

2057 3990 2177 4044 οὐδὲ
2206 3992 2292 4043 ἐπ’
2308 3990 2489 4059 ὀλίγον
2510 3989 2632 4043 τινὰ
2668 3987 2954 4058 δεδύνηται
2999 3986 3213 4058 χρόνον,
3239 3985 3359 4038 ἀλλ’
3392 3986 3472 4049 ὡς
3514 3985 3669 4039 ἐστιν

2056 4083 2116 4148 ἐξ
2138 4083 2305 4154 αὐτῆς
2332 4082 2666 4155 παραλαϐεῖν
2717 4081 2820 4151 τῆς
2871 4080 3152 4152 ἐνεργείας
3181 4080 3263 4142 εἰς
3304 4078 3368 4132 τὺ
3408 4078 3670 4149 διηνεκὲς

2057 4176 2150 4228 καὶ
2172 4175 2264 4228 ἐπὶ
2298 4175 2477 4229 πάντα
2502 4174 2571 4227 τὰ
2597 4173 2747 4247 ἔθνη.
2775 4174 2836 4227 Et
2865 4173 2923 4226 δὲ
2954 4172 3030 4245 μὴ
3075 4170 3359 4244 προσίοιτό
3387 4187 3476 4235 τις
3501 4169 3664 4223 ταῦθ’

2055 4265 2228 4331 οὕτως
2255 4266 2417 4339 ἔχειν,
2448 4266 2710 4321 δεικνύτω
2739 4266 2861 4320 τίνα
2885 4265 2951 4319 ἂν
2970 4264 3130 4320 ἄλλον
3160 4263 3278 4336 εχοι
3305 4263 3492 4332 λέγειν
3511 4263 3667 4334 παρὰ

2055 4358 2147 4413 τὸν
2177 4360 2407 4433 Σωτῆρα
2429 4361 2524 4414 καὶ
2556 4359 2760 4432 Κύριον
2788 4358 2946 4430 ἡμῶν
2986 4356 3196 4429 Ἰησοῦν
3225 4356 3495 4429 Χριστὸν,
3532 4358 3666 4410 ἁκο-

2055 4450 2259 4517 λούθως
2283 4456 2348 4525 τῇ
2385 4452 2524 4524 μετὰ
2554 4456 2743 4525 χεῖρας
2772 4452 3081 4525 προφητείᾳ.
3108 4450 3414 4521 νομοθέτην
3436 4450 3548 4503 ὑπὸ
3565 4447 3662 4502 τοῦ

364 4540 474 4596 τῶν
502 4541 639 4597 ὅλων
663 4541 799 4597 Θεοῦ
835 4542 1241 4599 κατασταθέντα
1262 4547 1374 4609 τοῖς
1395 4543 1593 4609 ἔθνεσι,
1632 4542 1952 4597 διδάσκαλον
1988 4548 2354 4619 γεγενημένον
2390 4548 2595 4604 ἆπασιν
2617 4545 2929 4618 ἀνθρώποις
2984 4546 3086 4617 τῆς
3146 4546 3226 4609 εἰς
3250 4544 3341 4597 τὸν
3376 4542 3490 4596 τῶν
3520 4541 3661 4595 ὅλων

363 4632 705 4708 Δημιουργὺν
743 4636 1041 4721 εὐσεϐείας..

980 4753 1213 4811 CAPUT
1251 4754 1341 4809 VI.

841 4845 890 4899 E
921 4847 1129 4914 psalmo
1182 4847 1479 4904 undecimo.

436 4936 497 4993 In
530 4937 823 4994 undecimo
870 4938 1083 5008 psalmo
1131 4937 1397 4995 Dominus
1434 4938 1569 4994 dicit
1602 4959 1614 4994 :
1658 4956 1677 4990 ι
1721 4937 1952 5009 Propter
1982 4935 2027 4990 D

365 5028 646 5085 miseriam
679 5029 924 5100 inopum,
959 5035 1013 5083 et
1039 5028 1298 5098 gemitum
1326 5044 1649 5100 pauperum,
1674 5044 1823 5083 nunc
1852 5043 1950 5084 ex-

364 5136 611 5192 surgam,
635 5119 770 5176 dicit
798 5119 1086 5178 Dominus.
1115 5120 1321 5176 Ponam
1352 5122 1407 5176 iu
1435 5121 1689 5187 salutari,
1725 5119 1949 5174 ﬁducia-

365 5213 489 5268 liter
520 5227 679 5286 agam
708 5214 767 5268 in
806 5228 873 5269 eo
907 5214 975 5267 ’⁷.
1007 5232 1027 5266 ι
1090 5212 1458 5284 Exquiramus
1510 5230 1693 5270 annon
1740 5211 1945 5268 Christi

362 5320 615 5375 personae
638 5321 793 5364 suam
823 5320 855 5358 a
896 5305 1127 5362 mortuis
1169 5307 1633 5362 resurrectionem
1680 5320 1939 5376 praenun-

364 5397 522 5452 tianti
555 5398 670 5453 haec
691 5398 1329 5470 convenirent,quorum
1377 5400 1464 5453 hic
1513 5414 1712 5454 sensus
1759 5405 1943 5452 esset:

363 5502 584 5562 propter
614 5500 811 5562 gentes
833 5493 898 5546 'in
927 5492 1235 5561 iniquitatis
1254 5491 1476 5547 miseria
1510 5499 1692 5554 natas,
1725 5490 1938 5558 inopes-

362 5600 470 5656 que
508 5585 776 5656 probrose
799 5592 1045 5651 vocatas,
1072 5599 1138 5640 eo
1169 5585 1314 5654 quod
1353 5583 1447 5639 Dei
1477 5583 1694 5639 divitiis
1719 5585 1944 5654 privatae

435 5738 483 5773 ”
521 5737 648 5794 Psal
699 5756 777 5809 ιχ,
815 5738 913 5804 14,
952 5739 1039 5794 15.
1115 5741 1161 5771 ’³
1200 5739 1331 5795 ibid.
1364 5740 1455 5796 21.

2597 4747 2999 4803 ΚΕΦΑΛΑΙΟΝ
3027 4748 3118 4814 εῖν.

2536 4904 2541 4911 ν
2655 4840 2904 4911 Ψαείμοῦ
2942 4846 3035 4894 ια’.
3274 4886 3278 4891 ,

2145 4935 2299 4989 Ἐπεὶ
2331 4934 2390 4988 ὲν
2437 4932 2518 5005 τῷ
2576 4933 2850 5004 ἑνδεκάτῳ
2898 4929 3101 5002 ψαλμῷ
3135 4931 3163 4982 ὁ
3205 4928 3414 5001 Κύριός
3447 4947 3653 5002 φησιν·

2061 5049 2080 5081 ι
2112 5029 2338 5082 Ἕνεκεν
2369 5027 2470 5098 τῆς
2514 5025 2894 5098 ταλαιπωρίας
2951 5024 3061 5077 τῶν
3094 5022 3352 5094 πτωχῶν,
3409 5024 3505 5076 καὶ
3557 5022 3655 5078 τοῦ

2056 5118 2359 5190 στεναγμοῦ
2395 5117 2542 5190 (£20
2565 5118 2640 5187 νο)
2669 5116 2779 5170 τῶν
2804 5117 3056 5187 πενήτων
3095 5113 3193 5167 νῦν
3241 5114 3651 5184 ἁναστήσομαι,

2051 5208 2199 5279 λέγει
2255 5207 2479 5280 Κύριος·
2515 5206 2750 5278 θήσομαι
2788 5209 2846 5260 ἐν
2881 5204 3156 5276 σωτηρίῳ,
3190 5201 3653 5273 παρρησιάσομαι

2054 5305 2111 5357 ἐν
2138 5301 2340 5373 αύτῷ-ι
2381 5299 2705 5370 ἐξετάζομεν
2729 5298 2803 5370 μὴ
2833 5297 2961 5368 περὶ
2998 5294 3237 5367 Χριστοῦ
3267 5294 3552 5365 προσώπῳ
3580 5296 3652 5347 τὰ

2054 5395 2312 5467 περὶτῆς
2365 5394 2429 5446 ἐκ
2460 5391 2672 5464 νεκρῶν
2704 5390 3053 5450 ἀναστάσεως
3116 5385 3286 5440 αὑτοῦ
3338 5385 3647 5439 διδάσκοντι

2054 5491 2148 5542 καὶ
2165 5488 2339 5543 ταῦτα
2364 5487 2430 5541 ἂν
2456 5483 2707 5559 ἁρμόζοι,
2731 5482 2937 5538 τοιάνδε
2963 5482 3207 5535 διάνοιαν
3244 5480 3457 5550 ἔχοντα·
3481 5479 3652 5533 ἕνεκα

2051 5578 2162 5633 τῶν
2203 5580 2261 5633 ἐν
2289 5576 2636 5648 ταλαιπωρίᾳ
2660 5573 2856 5638 κακίας
2894 5571 3199 5643 γεγονότων
3250 5570 3442 5637 ἐθνῶν,
3497 5587 3649 5626 πτω-

1531 5742 1576 5773 "
1617 5739 1803 5797 Matth.
1838 5756 1893 5807 v,
1923 5736 2113 5794 21-44.
2191 5736 2235 5770 ⁸⁷
2274 5734 2420 5794 Psal.
2458 5750 2550 5801 χι,
2584 5734 2637 5790 6.
