3826 6216
157 284 301 341 1101

1196 283 1488 341 Εοιοοιιε
1529 282 2009 341 ΡΚΟΡΗΕΤΙΟᾸΞ.
2045 315 2116 326 -
2153 284 2280 339 LIB.
2323 285 2388 339 li.

3296 289 3433 345 1102

157 405 283 478 χῶν
319 404 737 475 ὀνομαζομένων
780 403 999 474 ψεκτῶς
1046 403 1135 458 διὰ
1188 404 1249 459 τὸ
1306 404 1631 477 ἐστερῆσθαι
1662 402 1749 459 τοῦ

1861 412 2009 470 sunt,
2044 402 2371 459 exinaniens
2408 402 2784 474 semetipsum,
2814 404 3114 459 certamine
3136 420 3311 476 usque
3362 410 3431 464 ad

157 498 315 553 κατὰ
340 497 474 551 Θεὸν
497 496 749 562 πλούτου,
809 498 1055 559 κενώσας
1101 498 1290 551 ἐαυτὸν
1309 536 1324 561 ,
1363 494 1756 566 ἀναδεξάμενός

155 603 227 641 τε
267 588 432 660 μέχρι
471 588 566 641 καὶ
602 586 832 641 θανάτου
888 588 979 641 τὸν
1028 588 1168 660 ὑπὲρ
1194 588 1372 640 αὐτῶν
1422 586 1629 655 ἀγῶνα,
1660 584 1754 639 νῦν

156 679 568 752 ἁναστήσομαι,
606 680 702 733 ml.
725 680 788 752 δὴ
819 679 996 734 λαϐὼν
1034 680 1133 752 τὴν
1163 679 1303 734 κατὰ
1363 678 1580 733 πάντων
1604 677 1753 745 ἐξου-

162 773 294 827 σίαν
321 772 475 844 παρὰ
508 772 604 826 τοῦ
636 772 868 843 Πατρὸς,
897 773 1102 836 πάντας
1134 774 1260 836 τοὺς
1305 774 1385 834 εἰς
1418 772 1516 843 ἐμὲ
1539 769 1753 824 πιστεύ-

159 883 375 930 σαντας
411 866 647 938 θήσομαι
696 867 777 930 εἰς
826 865 1120 938 σωτηρίαν,
1168 867 1263 918 καὶ
1304 863 1752 937 παρρησιάσομαι

159 957 228 1011 ἐν
259 955 431 1028 αὐτῷ,
454 957 573 1029 ἢτοι
596 956 675 1028 τῷ
705 957 901 1029 Πατρὶ,
934 956 965 1026 ἦ
999 956 1077 1028 τῷ
1120 957 1494 1029 πεπραγμένῳ
1530 972 1619 1026 μοι
1662 955 1755 1007 ἐπὶ

1862 503 2092 551 mortem
2136 511 2235 565 pro
2266 496 2374 552 illis
2425 502 2683 565 suscepto
2715 494 2783 561 ³⁸,
2815 509 2962 550 nunc
2994 511 3287 568 exsurgam
3339 515 3434 557 ac-

1861 588 2181 658 cipiensque
2211 602 2241 641 a
2272 586 2434 642 Patre
2464 587 2521 641 in
2546 587 2802 643 omnibus
2833 588 3285 655 dominationem,
3314 605 3434 645 om-

1860 696 1958 736 nes
1993 682 2085 750 qui
2117 682 2282 737 inme
2312 682 2555 743 credent,
2578 700 2596 731 ι
2623 696 2820 750 ponam
2855 682 2910 737 in
2932 684 3182 750 salutari,
3208 690 3263 739 et
3294 683 3434 739 ﬁdu-

1859 772 2071 826 cialiter
2104 785 2257 841 agam
2292 772 2346 825 in
2371 786 2458 836 eo,
2492 791 2511 824 ι
2534 772 2649 828 sive
2678 773 2731 825 in
2768 770 2952 837 Patre,
2978 773 3094 829 sive
3117 774 3168 827 in
3201 789 3266 829 eo
3287 773 3434 844 quod

1860 862 1962 917 feci
1994 861 2314 932 praeclarum
2352 860 2409 915 in
2447 876 2636 916 eorum
2670 862 2925 917 salutem.
2958 861 3057 917 Hic
3085 863 3251 934 igitur
3275 864 3435 920 nobis

1858 951 2076 1008 videtur
2111 952 2304 1023 psalmi
2344 967 2557 1008 sensus.
2604 952 2782 1007 Prima
2812 960 2993 1009 autem
3026 956 3191 1024 hujus
3220 955 3389 1011 verba
3417 974 3430 1010 :

162 1049 421 1121 σωτηρίᾳ
442 1048 553 1103 τῶν
584 1050 852 1104 τοσούτων
887 1049 1410 1120 ἀνδραγαθημάτων.
1451 1049 1561 1101 Kal.
1584 1051 1617 1119 ἡ
1657 1049 1749 1119 μὲν

1867 1061 1885 1094 ι
1929 1043 2148 1099 Salvum
2202 1060 2289 1099 me
2331 1043 2438 1110 fac,
2469 1043 2718 1111 Domine,
2749 1046 3007 1116 quoniam
3055 1046 3256 1103 defecit
3305 1062 3435 1103 san-

158 1140 265 1194 τοῦ
301 1140 467 1212 ῥητοῦ
498 1141 719 1212 τοιαύτη
753 1158 839 1204 τις
869 1140 935 1194 ἂν
964 1141 1048 1211 εἴη
1079 1139 1304 1193 διάνοια·
1348 1138 1416 1191 τὰ
1458 1138 1638 1209 μέντοι
1692 1156 1749 1208 γε

1862 1143 1985 1191 ctus
2014 1135 2082 1201 '9,
2114 1154 2133 1187 ›
2158 1142 2212 1191 et
2241 1135 2470 1206 reliqua,
2494 1151 2603 1207 quo
2641 1145 2884 1207 tempore
2921 1153 3119 1208 passus
3149 1139 3222 1195 sit
3250 1147 3436 1195 osten-

160 1229 369 1301 πρῶτα
382 1230 477 1283 τοῦ
505 1230 740 1304 ψαλμοῦ,
776 1252 793 1282 ι
824 1229 1002 1283 Σῶσόν
1034 1246 1123 1300 με,
1163 1229 1190 1281 6
1217 1227 1371 1291 Θεὸς,
1395 1247 1413 1280 ι
1439 1228 1749 1299 περιέχοντα

1862 1227 2021 1285 dunt.
2068 1226 2222 1282 Tunc
2262 1227 2407 1282 enim
2448 1247 2462 1283 :
2500 1246 2521 1280 ‹
2554 1227 2760 1284 Deiecit
2818 1238 3064 1297 sanctus,
3099 1239 3155 1289 et
3194 1233 3435 1289 diminu-

167 1341 190 1375 ‹
223 1324 310 1377 ὅτι
331 1322 642 1377 ἐκλέλοιπεν
668 1324 834 1387 ὅσιος,
849 1341 867 1374 ι
888 1322 983 1376 καὶ
995 1322 1063 1375 τὰ
1079 1322 1227 1392 ἑξῆς,
1252 1321 1341 1375 τὸν
1356 1321 1545 1392 καιρὸν
1562 1320 1682 1374 καθ’
1699 1318 1749 1375 ὃν

1864 1327 1934 1375 tae
1957 1329 2086 1377 sunt
2110 1319 2368 1375 veritates
2391 1335 2421 1373 a
2440 1319 2567 1377 (iliis
2590 1320 2870 1376 hominum
2895 1340 2910 1388 ;
2945 1340 3085 1379 vana
3106 1326 3272 1381 locuti
3305 1337 3434 1385 sunt

161 1415 439 1469 πέπονθεν
471 1414 651 1478 ὁποῖός
677 1432 760 1479 τις
791 1414 1005 1487 ὑπῆρχε
1042 1414 1208 1486 δηλοῖ·
1244 1432 1262 1464 ι
1288 1413 1617 1467 Ἐκλελοίπει
1644 1412 1749 1484 γὰρ

1865 1413 2242 1483 unusquisque
2286 1412 2352 1467 ad
2392 1412 2700 1483 proximum
2756 1430 2917 1471 suum
2944 1417 3011 1472 ³⁰.
3055 1436 3074 1471 ι
3122 1418 3249 1475 Haec
3284 1422 3432 1478 enim

159 1507 318 1570 ὅσιος
360 1526 380 1560 ι
414 1506 558 1572 τότε,
578 1506 670 1561 καὶ
708 1525 727 1558 ι
769 1504 1132 1577 Ὠλιγώθησαν
1162 1507 1216 1559 αἱ
1245 1504 1491 1576 ἀλήθειαι
1515 1502 1622 1557 ἀπὸ
1653 1501 1749 1555 τῶι

1866 1503 2070 1567 omnia,
2095 1510 2147 1558 et
2168 1517 2288 1573 quae
2310 1510 2637 1572 sequuntur,
2658 1504 2751 1560 illo
2774 1512 3016 1577 tempore
3041 1507 3260 1578 impleta
3282 1519 3430 1566 sunt.

160 1600 302 1653 υἱῶν
330 1599 438 1676 τῶν
464 1598 787 1672 ἀνθρώπων·
814 1600 1020 1672 μάταια
1051 1598 1308 1672 ἐλάλησεν
1330 1600 1567 1667 ἕκαστος
1619 1596 1756 1670 πρὸς
1791 1597 1881 1653 τὸν
1907 1598 2130 1669 πλησίον
2192 1596 2377 1651 αὑτοῦ·
2426 1618 2445 1652 ι
2481 1600 2575 1653 καὶ
2611 1599 2678 1655 τὰ
2702 1600 2909 1665 τούτοις
2944 1603 3002 1657 δὲ
3048 1587 3175 1676 ἑξῆς
3217 1605 3433 1662 ἅπαντα

161 1692 291 1748 κατ’
315 1675 521 1747 ἐκεῖνον
543 1692 867 1766 πεπλήρωτο
894 1691 986 1746 τόν
1020 1692 1229 1764 χρόνον.

703 1811 1098 1865 ΚΕΦΑΛΔΙΟΝ
1146 1812 1219 1864 Z'.

775 1900 1029 1969 Ψαλμοῦ
1079 1906 1163 1954 ιε’.

245 2012 267 2047 ι
285 1992 660 2067 -Προωρώμην
688 1993 779 2048 τὸν
810 1993 1014 2065 Κύριον
1042 1992 1272 2049 ἐνώπιόν
1300 2011 1398 2065 μου
1441 1994 1754 2059 διαπαντὸς,

157 2088 254 2143 ὅτι
286 2087 354 2140 ἐκ
378 2086 569 2153 δεξιῶν
605 2104 706 2158 μου
731 2086 887 2142 ἐστὶν
933 2087 1018 2140 ἵνα
1070 2086 1143 2159 μὴ
1183 2086 1444 2141 σαλευθῶ.
1471 2087 1570 2141 Διὰ
1600 2085 1759 2140 τοῦτο

161 2177 461 2251 ηὐφράνθη
486 2180 520 2250 ἠ
550 2178 751 2249 καρδία
784 2195 908 2250 μου,
938 2179 1032 2232 καὶ
1056 2178 1425 2248 ἠγαλλιάσατο
1456 2180 1490 2249 ὴ
1536 2177 1758 2247 γλῶσσά

164 2285 306 2339 μου,
342 2267 423 2322 ἐτι
449 2267 506 2321 δὲ
534 2268 627 2322 καὶ
652 2269 686 2339 ἡ
726 2268 862 2341 σάρξ
894 2286 994 2339 μου
1022 2268 1431 2340 κατασκηνώσει
1462 2269 1546 2322 ἐπ’
1560 2268 1754 2322 ἐλπίδι.

165 2362 303 2417 Ὀτι
337 2363 438 2417 οὐκ
470 2363 882 2434 ἐγκαταλείψεις
906 2364 1003 2435 τὴν
1024 2364 1201 2435 ψυχήν
1231 2381 1332 2435 μου
1365 2366 1444 2426 εἰς
1466 2361 1757 2434 ᾇδην,οὑδέ

162 2452 369 2517 δώσεις
398 2453 488 2508 τὸν
513 2454 659 2508 ὅσιόν
685 2472 776 2508 σου
804 2455 931 2509 ἰδεῖν
957 2455 1273 2527 διαφθοράν.
1309 2454 1641 2527 Ἐγνώρισάς
1667 2470 1756 2524 μοι

161 2543 330 2608 ὀδοὺς
387 2544 554 2616 ζωῆς,
612 2544 921 2618 πληρώσεις
971 2564 1037 2618 με
1064 2547 1403 2618 εὐφροσύνης
1467 2547 1606 2617 μετὰ
1660 2545 1755 2601 τοῦ

165 2635 471 2710 προσώπου
496 2655 610 2691 σου.
638 2656 657 2689 ›
681 2638 805 2692 ’Ότι
830 2639 887 2692 δέ
910 2639 1188 2693 καὶταῦτα
1209 2643 1288 2704 εἰς
1318 2641 1609 2713 πρόσωπον
1623 2641 1756 2694 ἁνα-

168 2730 409 2798 φέρεται
456 2730 694 2800 Χριστοῦ
734 2733 1003 2802 μαρτυρεῖ
1048 2733 1077 2785 ὁ
1134 2732 1342 2804 Πέτρος
1387 2735 1445 2787 ἐν
1473 2735 1591 2796 ταῖς
1647 2732 1756 2786 τῶν

164 2819 487 2874 ἀποστόλων
533 2819 794 2892 Πράξεσι,
830 2823 894 2876 δι’
920 2817 994 2876 ὦν
1032 2821 1205 2877 ταῦτά
1249 2839 1432 2894 φησιν·
1473 2840 1492 2874 ι
1551 2821 1757 2894 Ἰησοῦν

165 2910 265 2964 τὸν
294 2910 632 2983 Ναζωραῖον,
656 2912 825 2986 ἄνδρα
874 2913 1325 2986 ἀποδεδειγμένον
1359 2914 1439 2977 εἰς
1459 2914 1602 2985 ὑμᾶς
1644 2913 1755 2968 ἀπὸ

165 2999 313 3054 Θεοῦ
334 3000 593 3072 δυνάμεσι
618 3003 712 3056 καὶ⁵
743 3004 933 3074 τέρασι
969 3005 1062 3057 καὶ
1093 3004 1357 3075 σημείοις,
1387 2999 1469 3068 οἷς
1532 3003 1755 3074 ἐποίησε

164 3091 240 3145 δι’
273 3091 440 3145 αὐτοῦ
465 3095 494 3146 6
523 3092 655 3157 Θεὸς
682 3096 740 3147 ἐν
776 3094 926 3166 μέσῳ
959 3094 1134 3165 ὑμῶν,
1162 3094 1342 3159 καθὼς
1371 3096 1524 3149 αὐτοὶ
1555 3095 1752 3160 οἴδατε,

2446 1801 2675 1858 CAPUT
2728 1803 2842 1862 VII.

2274 1891 2323 1946 Ε
2349 1896 2553 1963 psalmo
2589 1898 2772 1966 quinto
2806 1898 3031 1956 decimo.
3405 1955 3409 1959 .

1936 2001 1954 2034 ι
1991 1981 2349 2039 Providebam
2390 1983 2680 2041 Dominum
2728 1988 2781 2043 in
2809 1999 3108 2061 conspectu
3140 2008 3262 2051 meo
3282 2013 3430 2054 sem-

1858 2090 1988 2147 per;
2020 2076 2277 2146 quoniam
2329 2092 2360 2131 a
2408 2077 2616 2133 dextris
2646 2088 2729 2134 est
2760 2080 2912 2147 mihi,
2949 2098 3019 2138 ne
3062 2098 3425 2148 commovear.

1856 2167 2085 2239 Propter
2114 2168 2219 2223 hoc
2246 2168 2484 2223 laetatum
2517 2178 2602 2225 est
2622 2184 2719 2224 cor
2735 2186 2914 2225 meum
2930 2180 2985 2227 et
3007 2175 3303 2232 exsultavit
3326 2179 3430 2235 lin-

1858 2274 1966 2332 gua
1993 2274 2111 2314 mea
2140 2275 2152 2310 :
2192 2259 2418 2329 insuper
2450 2266 2504 2314 et
2550 2274 2680 2315 caro
2730 2277 2851 2317 mea
2873 2258 3190 2335 requiescet
3228 2268 3286 2324 in
3309 2286 3426 2341 spe.

1858 2351 2127 2418 Quoniam
2172 2365 2283 2405 non
2313 2349 2662 2421 derelinques
2691 2352 2928 2406 animam
2963 2370 3141 2410 meam
3170 2356 3227 2412 in
3261 2359 3430 2417 infer—

1858 2457 1951 2510 no,
1978 2456 2079 2497 nec
2110 2436 2268 2496 dabis
2303 2450 2559 2497 sanctum
2594 2449 2750 2497 tuum
2779 2444 2965 2500 videre
2997 2450 3428 2520 corruptionem.

1856 2533 2027 2589 Notas
2060 2534 2193 2588 mihi
2239 2534 2418 2589 fecisti
2465 2534 2583 2591 vias
2611 2535 2758 2600 vita,
2783 2536 3106 2608 adimplebis
3135 2558 3221 2599 me
3241 2544 3430 2603 laetitia

1858 2638 1981 2679 cum
2011 2624 2165 2679 vultu
2206 2630 2303 2679 tuo
2330 2623 2397 2677 ³¹.
2437 2643 2458 2676 ι
2486 2622 2613 2679 Haec
2638 2641 2857 2697 quoque
2890 2628 2959 2683 ad
2997 2627 3204 2688 Christi
3242 2650 3434 2706 perso-

1857 2730 1984 2770 nam
2020 2723 2267 2785 spectare
2303 2723 2540 2772 testatur
2578 2715 2775 2774 Petrus
2805 2719 2861 2774 in
2890 2718 3122 2780 Actibus
3150 2729 3429 2797 apostolo-

1857 2823 2002 2872 rum,
2032 2807 2120 2863 his
2149 2808 2334 2865 verbis
2367 2828 2380 2863 :
2430 2827 2448 2859 ‹
2486 2808 2672 2864 Jesum
2707 2809 3057 2869 Nazarenum
3080 2854 3095 2881 ,
3127 2819 3304 2872 virum
3333 2835 3431 2891 ap-

1856 2901 2144 2970 probatum
2174 2914 2205 2953 a
2242 2899 2357 2956 Deo
2389 2901 2445 2955 in
2479 2901 2657 2967 vobis,
2694 2903 3012 2971 virtutibus,
3045 2915 3100 2962 et
3141 2911 3427 2983 prodigiis.

1857 3000 1911 3046 et
1958 2991 2151 3063 signis,
2186 3008 2309 3063 quae
2356 2992 2483 3048 fecit
2540 2992 2680 3051 Deus
2707 3010 2805 3066 per
2838 2997 2992 3052 illum
3037 3001 3091 3054 in
3123 3003 3303 3058 medio
3333 3022 3430 3061 ve-

1860 3084 1982 3151 stri,
2010 3084 2155 3139 sicut
2185 3095 2232 3142 et
2267 3101 2364 3142 vos
2396 3087 2552 3144 scitis
2582 3105 2597 3143 :
2634 3088 2781 3144 hunc
2814 3088 3038 3147 deﬁnito
3087 3096 3339 3164 consilio,
3375 3104 3430 3153 et

164 3182 362 3237 τοῦτον
399 3188 466 3257 τῇ
489 3185 769 3259 ὡρισμένῃ
803 3186 965 3259 βουλῇ
994 3188 1088 3242 καὶ
1117 3188 1424 3259 προγνώσει
1475 3189 1568 3242 τοῦ
1616 3189 1749 3243 Θεοῦ

1859 3174 2202 3244 ρτιεεοίεηιὶιι
2226 3175 2322 3232 Dei
2380 3179 2665 3244 traditum,
2720 3195 2819 3251 per
2881 3197 3076 3239 manus
3112 3186 3428 3257 iniquorum

166 3272 389 3327 ἔκδοτον
418 3273 691 3338 λαϐόντες,
735 3275 824 3330 διὰ
873 3276 1054 3346 χειρὸς
1090 3276 1305 3347 ἀνόμων
1338 3275 1751 3348 προσπήξαντες

165 3367 441 3423 ἀνείλατε·
476 3367 535 3422 6v
565 3370 594 3421 6
623 3368 756 3432 Θεὸς
809 3369 1093 3441 ἀνέστησε,
1116 3368 1286 3432 λύσας
1306 3369 1407 3433 τὰς
1433 3369 1628 3432 ὠδῖνας
1655 3367 1749 3422 τοῦ

166 3457 428 3525 θανάτου,
469 3458 589 3512 καθ’
620 3461 703 3513 ὅτι
727 3460 826 3512 οὐκ
866 3454 933 3531 ἦν
971 3459 1190 3514 δυνατὸν
1221 3459 1536 3532 κρατεῖσθαι
1591 3459 1752 3513 αὐτὸν

166 3550 266 3603 ὑπ’
292 3549 481 3604 αὐτοῦ.
510 3550 672 3604 Δαυῖδ
720 3551 829 3623 γὰρ
851 3551 1021 3621 λέγει,
1057 3551 1412 3624 Προωρώμην
1439 3551 1529 3609 τὸν
1549 3550 1752 3621 Κύριον

165 3638 404 3697 ἐνώπιόν
438 3659 542 3714 μου
595 3643 908 3709 διαπαντός.
953 3663 972 3696 ι
1027 3640 1161 3698 Εἶτά
1179 3660 1300 3697 τινα
1334 3641 1538 3714 μεταξὺ
1560 3640 1749 3707 εἰπὼν,

164 3734 430 3806 ἐπιφέρει
454 3735 625 3789 ταῦτα
664 3735 804 3789 κατὰ
847 3736 1014 3802 λέξιν·
1057 3754 1075 3786 ι
1121 3734 1347 3807 Ἀνδρες
1375 3734 1609 3803 ἀδελφοὶ,
1635 3732 1753 3798 ἐξὸν

163 3829 350 3881 εἶπεῖν
411 3827 549 3898 μετὰ
606 3827 919 3900 παρρησίας
954 3827 1092 3900 πρὸς
1141 3828 1285 3899 ὑμᾶς
1348 3828 1476 3899 περί¹
1517 3825 1611 3880 τοῦ
1644 3844 1751 3879 πα-

163 3920 436 3992 τριάρχου
454 3919 639 3982 Δαυῒδ,
679 3922 762 3974 ὅτι
796 3921 889 3974 καὶ
913 3919 1230 3991 ἐτελεύτησε
1284 3919 1378 3973 καὶ
1423 3920 1618 3990 ἐτάφη,
1658 3919 1753 3973 καί¹

161 4013 230 4067 τὸ
271 4014 463 4085 μνῆμα
483 4012 647 4067 αὑτοῦ
676 4015 823 4067 ἐστιν
846 4014 904 4066 ἐν
935 4010 1067 4085 ἡμῖν
1095 4012 1201 4076 ἓως
1237 4013 1336 4083 τῆς
1375 4012 1588 4084 ἡμέρας
1619 4010 1751 4064 ταύ-

162 4122 291 4177 της·
317 4107 603 4178 προφήτης
655 4101 747 4161 οὖν
779 4107 1060 4178 ὑπάρχων,
1120 4105 1216 4159 καὶ
1271 4103 1428 4169 είδὼς
1470 4105 1553 4158 ὄτι
1604 4104 1752 4176 ὅρκῳ

160 4194 385 4267 ὤμοσεν
408 4196 557 4269 αὐτῷ
590 4199 618 4251 6
645 4197 796 4262 Θεὸς,
829 4199 894 4251 ἐκ
946 4196 1160 4268 καρποῦ
1203 4197 1304 4267 τῆς
1335 4194 1534 4267 ὀσφύος
1588 4196 1749 4249 αὑτοῦ

165 4288 394 4343 καθίσαι
415 4288 509 4343 ἐπὶ
532 4289 624 4344 τὸν
648 4289 836 4360 θρόνον
862 4287 1048 4352 αὐτοῦ,
1098 4286 1333 4361 προϊδὼν
1364 4287 1592 4358 ἐλάλησε
1625 4288 1751 4357 περὶ

162 4381 646 4452 τῆςοὼαστάσεως
677 4380 770 4434 τοῦ
795 4380 1052 4452 Χριστοῦ,
1086 4381 1167 4435 ὅτι
1192 4379 1316 4434 οὔτε
1356 4377 1748 4449 ἐγκατελείφθη

164 4470 250 4533 είς
287 4467 441 4540 ᾅδην,
472 4467 597 4522 οὔτε
622 4471 655 4541 ἡ
684 4470 820 4542 σὰρξ
864 4469 1028 4524 αὑτοῦ
1088 4470 1163 4523 ἴδε
1223 4468 1540 4543 διαφθοράν.
1583 4488 1602 4520 ι
1637 4468 1744 4521 Τοῦ

160 4561 231 4632 δὴ
261 4533 471 4633 Ιίέτρου
497 4533 679 4616 τοίνυν
730 4533 1131 4627 ἀποδεδωκότος
1160 4567 1240 4628 είς
1266 4533 1357 4619 τὸν
1388 4533 1618 4635 έωτῆρα
1647 4563 1745 4633 τὴν
1777 4533 1823 4588 D

160 4650 271 4720 τῆς
320 4653 652 4724 προφητείας
680 4654 998 4727 ἐρμηνείαν,
1040 4655 1306 4727 παρέσται
1331 4654 1410 4727 τῷ
1443 4656 1516 4726 μὴ
1540 4655 1747 4726 πάρερ-

161 4761 265 4814 γον
289 4743 386 4816 τὴν
407 4745 611 4800 τούτων
658 4745 884 4818 ἔρευναν
925 4749 1252 4820 ποιουμένῳ,
1306 4749 1425 4820 ἦτοι
1476 4750 1563 4802 ἐπ’
1601 4747 1749 4818 αὑτῴ

162 4838 351 4891 πᾶσαν
375 4837 475 4908 τὴν
522 4839 582 4891 ἐν
614 4838 690 4909 τῷ
730 4838 930 4909 ψαλμῷ
976 4838 1120 4904 λέξιν
1160 4838 1470 4903 ἀκολούθως
1517 4838 1759 4910 ἐφαρμό-

160 4928 281 4995 ζειν
309 4923 392 4993 οἷς
420 4931 517 4983 καὶ
549 4931 578 4983 6
633 4931 836 5003 Πέτρος
879 4930 1180 5003 ἐξείληφεν,
1208 4931 1240 5003 ἢ
1286 4935 1399 4995 τοῖς
1439 4933 1527 5000 ὑφ’
1555 4932 1755 5002 ἐτέρων

156 5021 246 5084 είς
290 5018 384 5073 τὸν
439 5018 652 5091 ψαλμὸν
701 5020 1263 5092 ὑπομνηματισθεῖσιν
1307 5022 1569 5091 ἐντυχεῖν·
1625 5021 1755 5089 ἡμῖν

159 5110 278 5183 γὰρ
308 5112 338 5164 6
381 5113 580 5176 σκοπὸς
598 5112 748 5167 οὐδὲν
774 5112 955 5166 πλεῖον
982 5111 1091 5164 τῶν
1121 5112 1426 5184 εἰρημένων
1464 5110 1644 5178 λέγειν
1674 5111 1755 5172 είς

158 5206 293 5270 τοὺς
318 5204 516 5269 τόπους
549 5207 858 5277 ἐπιτρέπει.

694 5299 1093 5353 ΚΕΦΛΛΑῙΟΝ
1134 5296 1215 5350 H’.

756 5390 1005 5459 Ψαλμοῦ
1045 5389 1145 5454 ις’.

227 5479 344 5534 Καὶ
374 5479 436 5535 τὸ
465 5481 760 5555 λεγόμενον
794 5485 851 5536 ἐν
886 5483 1261 5553 ἑκκαιδεκάτῳ
1285 5478 1504 5553 ψαλμῷ,
1544 5496 1562 5530 ι
1599 5476 1745 5531 Ἐδο-

157 5569 403 5643 κίμασας
430 5573 531 5646 τὴν
557 5574 784 5648 καρδίαν
815 5592 938 5647 μου,
966 5575 1246 5646 ἐπισκὲψω
1290 5573 1504 5636 νυκτὸς,
1533 5569 1748 5641 ἐπύρω-

1855 3269 2134 3343 alIigentes
2162 3271 2515 3328 interemistis
2545 3290 2558 3325 :
2583 3270 2906 3343 quem‘Deus
2927 3276 3211 3333 suscitavit
3233 3278 3429 3337 solutis

1854 3361 2138 3418 doloribus
2186 3361 2408 3427 inferni,
2439 3365 2597 3432 juxta
2645 3363 2793 3434 quod
2828 3364 3164 3436 impossibile
3196 3375 3316 3423 erat
3349 3377 3430 3425 te-

1854 3455 1972 3510 neri
2003 3455 2158 3509 illum
2202 3453 2271 3508 ab
2304 3470 2390 3509 eo.
2430 3453 2598 3510 David
2626 3457 2771 3512 enim
2795 3456 2926 3512 dicit
2957 3458 3012 3513 in
3035 3473 3159 3513 eum
3187 3477 3201 3513 :
3239 3458 3432 3516 Provi-

1856 3547 2052 3602 debam
2111 3547 2402 3603 Dominum
2453 3548 2511 3603 in
2555 3558 2854 3621 conspectu
2900 3566 3020 3605 meo
3063 3566 3278 3621 semper
3302 3551 3367 3608 ⁸³.
3405 3570 3424 3604 ι

1857 3635 2077 3706 Aliquot
2102 3653 2232 3693 vero
2276 3637 2640 3708 interpositis,
2667 3640 2783 3700 haec
2825 3639 3050 3709 subjicit
3090 3639 3373 3711 Scriptura
3412 3661 3424 3694 :

1860 3747 1878 3779 ι
1932 3726 2044 3781 Viri
2093 3726 2314 3792 fratres,
2345 3728 2509 3783 liceat
2561 3728 2827 3784 a‘udenter
2877 3729 3061 3784 dicere
3116 3728 3183 3783 ad
3218 3745 3315 3784 vos
3360 3729 3431 3784 de

1853 3820 2166 3890 patriarcha
2198 3818 2387 3886 David,
2418 3822 2706 3893 quoniam}
2731 3820 3021 3876 defunctus
3049 3828 3135 3876 est
3162 3827 3215 3874 et
3246 3820 3426 3891 sepul-

1855 3918 1983 3967 tus:
2010 3918 2065 3968 et
2104 3912 2414 3981 sepulcrum
2452 3911 2574 3982 ejus
2599 3918 2685 3968 est
2719 3911 2862 3983 apud
2902 3926 3004 3967 nos
3033 3926 3209 3981 usque
3239 3910 3295 3965 in
3331 3911 3429 3966 ho-

1852 4001 2102 4057 diernum
2143 4002 2307 4058 diem.
2340 4002 2610 4073 Propheta
2642 4002 2808 4074 igitur
2835 4017 2959 4056 cum
2990 4008 3159 4067 esset,
3178 4009 3232 4056 ct
3260 4003 3428 4059 sciret

1854 4097 1981 4165 quia
2015 4094 2379 4165 jurejurando
2402 4094 2647 4165 jurassct
2674 4093 2751 4148 illi
2779 4092 2924 4150 Deus
2949 4094 3017 4148 de
3046 4093 3230 4149 fructu
3254 4094 3427 4148 lumbi

1852 4188 1975 4259 ejus
2020 4187 2215 4244 sedere
2253 4204 2419 4259 super
2459 4186 2640 4243 sedem
2670 4186 2834 4256 ejus;
2863 4187 3156 4258 providens
3212 4188 3428 4245 locutus

1853 4289 1939 4337 est
1959 4281 2028 4338 de
2055 4281 2462 4338 resurrectione
2489 4278 2715 4342 Christi,
2749 4278 2881 4349 quia
2915 4295 3090 4349 neque
3132 4276 3428 4336 derelictus

1851 4383 1938 4429 est
1990 4374 2049 4428 in
2104 4374 2343 4438 inferno,
2392 4387 2571 4442 neque
2606 4385 2738 4426 caro
2783 4370 2905 4441 ejus
2948 4371 3081 4425 vidit
3113 4372 3427 4442 corruptio-

1851 4477 1978 4518 nem
2004 4462 2070 4518 ⁸³.
2107 4481 2126 4515 ι
2166 4460 2329 4516 Petro
2353 4463 2515 4533 igitur
2546 4462 2684 4515 hanc
2728 4459 2799 4516 de
2836 4459 3058 4515 Christo
3085 4462 3427 4531 prophetiam

1850 4553 1971 4622 ipso
1993 4550 2408 4620 interpretante.
2432 4549 2708 4619 reliquum.
2723 4557 2808 4604 est
2828 4563 3296 4619 supervacaneam
3328 4550 3429 4604 ho-

1852 4658 1977 4700 rum
1998 4642 2401 4713 indagationem
2431 4656 2540 4695 non
2567 4640 2809 4706 facienti;
2834 4641 2919 4695 vel
2948 4639 2997 4695 ei
3028 4655 3243 4695 omnem
3278 4642 3429 4710 psal-

1856 4736 1933 4792 mi
1970 4741 2287 4792 contextum
2335 4740 2706 4803 congruenter
2747 4730 3164 4788 accommodare
3189 4748 3314 4787 cum
3361 4732 3431 4787 iis

1859 4843 1982 4899 qua:
2017 4826 2213 4883 Petrus
2251 4825 2489 4888 censuit,
2514 4825 2600 4879 vel
2633 4824 2866 4895 prolatis
2902 4824 2959 4878 in
2984 4824 3131 4878 hunc
3157 4825 3429 4894 psalmum

1858 4918 2269 4975 commentariis
2312 4916 2436 4973 aliis
2481 4915 2822 4971 incumbere.
2855 4912 3025 4971 Nobis
3053 4916 3197 4970 enim
3230 4931 3433 4987 propo-

1858 5011 2025 5066 situm
2054 5011 2166 5081 jam
2205 5010 2273 5065 de
2316 5009 2419 5063 hac
2450 5008 2677 5065 materia
2726 5003 2895 5062 dictis
2940 5005 3241 5079 quidquam
3288 5016 3435 5064 vetat

1859 5102 2111 5172 adjicere.

2449 5284 2676 5343 CAPUT
2714 5287 2846 5345 Vlll.

2281 5374 2331 5429 Ε
2356 5377 2564 5446 psalmo
2593 5382 2793 5436 decimo
2838 5389 3007 5435 sexto.

1926 5471 2042 5528 Hoc
2068 5473 2124 5527 in
2147 5471 2365 5530 decimo
2405 5483 2560 5531 sexto
2580 5475 2791 5546 psalmo
2822 5472 3030 5537 dictum
3064 5490 3079 5528 :
3127 5489 3147 5522 ι
3185 5469 3437 5527 Probasti

1855 5580 1953 5621 cor
1993 5580 2176 5621 meum
2215 5572 2274 5625 et
2304 5568 2540 5625 visitasti
2578 5575 2775 5623 nocte:
2809 5565 2935 5636 igne
2965 5578 3053 5619 me
3077 5564 3437 5628 examinasti,

228 5687 654 5767 ’1.Ρ1ιῑιίριι-ιι.
692 5694 830 5764 7,8.
906 5697 953 5730 η
993 5696 1139 5757 Psal.
1177 5695 1353 5763 me.
1429 5695 1474 5727 ιο
1514 5693 1648 5751 ibid.
1710 5691 1747 5747 ε

1859 5730 1868 5741 .
1946 5687 1987 5719 ³¹
2027 5685 2179 5748 Psal.
2241 5707 2331 5759 xv,
2365 5690 2518 5746 8-H.
2598 5691 2642 5724 ³²
2679 5690 2800 5744 Act.
2840 5703 2913 5756 ιι,
2950 5684 3139 5741 22-25.
3217 5682 3263 5715 ³⁸
3302 5682 3436 5738 ibid.

158 5756 349 5816 29-51.
