  <div class='ocr_page' id='page_1' title='image "/cluster/home/n/w/nwhite01/storage/ocr_20150623/22/nnc1.0046978372/607.png"; bbox 0 0 3840 6222; ppageno 0'>
   <div class='ocr_carea' id='block_1_1' title="bbox 422 283 562 340">
    <p class='ocr_par' dir='ltr' id='par_1_1' title="bbox 422 283 562 340">
     <span class='ocr_line' id='line_1_1' title="bbox 422 283 562 340; baseline -0.007 0"><span class='ocrx_word' id='word_1_1' title='bbox 422 283 562 340; x_wconf 76' lang='grc'><strong>1105</strong></span> 
     </span>
    </p>
   </div>
   <div class='ocr_carea' id='block_1_2' title="bbox 1127 277 3014 338">
    <p class='ocr_par' dir='ltr' id='par_1_2' title="bbox 1127 277 3014 338">
     <span class='ocr_line' id='line_1_2' title="bbox 1127 277 3014 338; baseline -0.002 0"><span class='ocrx_word' id='word_1_2' title='bbox 1127 279 1395 338; x_wconf 81' lang='lat' dir='ltr'><strong>EUSEBII</strong></span> <span class='ocrx_word' id='word_1_3' title='bbox 1431 278 1910 335; x_wconf 66' lang='lat' dir='ltr'><strong>CESARIENSIS</strong></span> <span class='ocrx_word' id='word_1_4' title='bbox 1946 277 2098 336; x_wconf 81' lang='grc' dir='ltr'><strong>ΟΡΡ.</strong></span> <span class='ocrx_word' id='word_1_5' title='bbox 2139 277 2322 334; x_wconf 83' lang='lat' dir='ltr'><strong>PARS</strong></span> <span class='ocrx_word' id='word_1_6' title='bbox 2363 279 2450 335; x_wconf 82' lang='lat' dir='ltr'><strong>Ill.</strong></span> <span class='ocrx_word' id='word_1_7' title='bbox 2497 311 2567 321; x_wconf 91' lang='lat'><strong>—-</strong></span> <span class='ocrx_word' id='word_1_8' title='bbox 2603 279 3014 337; x_wconf 78' lang='lat' dir='ltr'><strong>EXEGETICA.</strong></span> 
     </span>
    </p>
   </div>
   <div class='ocr_carea' id='block_1_3' title="bbox 3573 283 3714 338">
    <p class='ocr_par' dir='ltr' id='par_1_3' title="bbox 3573 283 3714 338">
     <span class='ocr_line' id='line_1_3' title="bbox 3573 283 3714 338; baseline 0.014 -2"><span class='ocrx_word' id='word_1_9' title='bbox 3573 283 3714 338; x_wconf 72' lang='grc'><strong>1104</strong></span> 
     </span>
    </p>
   </div>
   <div class='ocr_carea' id='block_1_4' title="bbox 414 395 1997 470">
    <p class='ocr_par' dir='ltr' id='par_1_4' title="bbox 414 397 1997 470">
     <span class='ocr_line' id='line_1_4' title="bbox 414 397 1997 470; baseline -0.004 -14"><span class='ocrx_word' id='word_1_10' title='bbox 414 405 475 456; x_wconf 70' lang='lat' dir='ltr'><strong>et</strong></span> <span class='ocrx_word' id='word_1_11' title='bbox 504 413 612 453; x_wconf 90' lang='lat' dir='ltr'><strong>non</strong></span> <span class='ocrx_word' id='word_1_12' title='bbox 638 404 723 454; x_wconf 83' lang='lat' dir='ltr'><strong>est</strong></span> <span class='ocrx_word' id='word_1_13' title='bbox 751 399 971 453; x_wconf 86' lang='lat' dir='ltr'><strong>inventa</strong></span> <span class='ocrx_word' id='word_1_14' title='bbox 990 397 1044 452; x_wconf 91' lang='lat' dir='ltr'><strong>in</strong></span> <span class='ocrx_word' id='word_1_15' title='bbox 1061 399 1426 470; x_wconf 88' lang='lat' dir='ltr'><strong>meiniquitas</strong></span> <span class='ocrx_word' id='word_1_16' title='bbox 1448 398 1513 465; x_wconf 75' lang='lat'><strong>“,</strong></span> <span class='ocrx_word' id='word_1_17' title='bbox 1557 415 1576 450; x_wconf 84' lang='grc'>›</span> <span class='ocrx_word' id='word_1_18' title='bbox 1610 397 1769 468; x_wconf 88' lang='lat' dir='ltr'><strong>quasi</strong></span> <span class='ocrx_word' id='word_1_19' title='bbox 1799 397 1997 453; x_wconf 88' lang='lat' dir='ltr'><strong>Christi</strong></span> 
     </span>
    </p>
   </div>
   <div class='ocr_carea' id='block_1_5' title="bbox 2104 395 3715 470">
    <p class='ocr_par' dir='ltr' id='par_1_5' title="bbox 2113 395 3715 470">
     <span class='ocr_line' id='line_1_5' title="bbox 2113 395 3715 470; baseline -0.002 -20"><span class='ocrx_word' id='word_1_20' title='bbox 2113 396 2212 460; x_wconf 89' lang='grc' dir='ltr'><strong>σάς</strong></span> <span class='ocrx_word' id='word_1_21' title='bbox 2245 414 2312 468; x_wconf 91' lang='grc' dir='ltr'><strong>με</strong></span> <span class='ocrx_word' id='word_1_22' title='bbox 2345 395 2409 467; x_wconf 79' lang='grc' dir='ltr'><strong>(ί.</strong></span> <span class='ocrx_word' id='word_1_23' title='bbox 2440 397 2554 468; x_wconf 79' lang='grc'><strong>21),</strong></span> <span class='ocrx_word' id='word_1_24' title='bbox 2595 398 2689 451; x_wconf 74' lang='grc' dir='ltr'><strong>καὶ</strong></span> <span class='ocrx_word' id='word_1_25' title='bbox 2721 397 2820 468; x_wconf 72' lang='grc' dir='ltr'>οὐχ</span> <span class='ocrx_word' id='word_1_26' title='bbox 2848 397 3049 470; x_wconf 81' lang='grc' dir='ltr'>εὑρέθη</span> <span class='ocrx_word' id='word_1_27' title='bbox 3077 398 3134 450; x_wconf 88' lang='grc' dir='ltr'><strong>ἐν</strong></span> <span class='ocrx_word' id='word_1_28' title='bbox 3163 396 3286 466; x_wconf 72' lang='grc' dir='ltr'>ἐμοὶ</span> <span class='ocrx_word' id='word_1_29' title='bbox 3321 397 3540 463; x_wconf 83' lang='grc' dir='ltr'>ἀδικία,</span> <span class='ocrx_word' id='word_1_30' title='bbox 3587 414 3609 446; x_wconf 74' lang='grc' dir='ltr'><strong>ι</strong></span> <span class='ocrx_word' id='word_1_31' title='bbox 3642 396 3715 459; x_wconf 80' lang='grc' dir='ltr'>ὡς</span> 
     </span>
    </p>
   </div>
   <div class='ocr_carea' id='block_1_6' title="bbox 412 489 1998 560">
    <p class='ocr_par' dir='ltr' id='par_1_6' title="bbox 412 489 1998 560">
     <span class='ocr_line' id='line_1_6' title="bbox 412 489 1998 560; baseline -0.001 -14"><span class='ocrx_word' id='word_1_32' title='bbox 412 500 559 546; x_wconf 68' lang='lat' dir='ltr'><strong>vace</strong></span> <span class='ocrx_word' id='word_1_33' title='bbox 582 491 851 560; x_wconf 87' lang='lat' dir='ltr'><strong>prolatum</strong></span> <span class='ocrx_word' id='word_1_34' title='bbox 882 490 1388 555; x_wconf 80' lang='lat' dir='ltr'><strong>animadvertimus,</strong></span> <span class='ocrx_word' id='word_1_35' title='bbox 1424 504 1549 545; x_wconf 91' lang='lat' dir='ltr'><strong>cum</strong></span> <span class='ocrx_word' id='word_1_36' title='bbox 1576 504 1687 545; x_wconf 91' lang='lat' dir='ltr'><strong>non</strong></span> <span class='ocrx_word' id='word_1_37' title='bbox 1716 491 1876 545; x_wconf 91' lang='lat' dir='ltr'><strong>aliter</strong></span> <span class='ocrx_word' id='word_1_38' title='bbox 1896 489 1998 544; x_wconf 35' lang='lat' dir='ltr'><strong>hu.-</strong></span> 
     </span>
    </p>
   </div>
   <div class='ocr_carea' id='block_1_7' title="bbox 413 580 2002 660">
    <p class='ocr_par' dir='ltr' id='par_1_7' title="bbox 413 580 2002 660">
     <span class='ocr_line' id='line_1_7' title="bbox 413 580 2002 660; baseline 0.002 -26"><span class='ocrx_word' id='word_1_39' title='bbox 413 589 598 635; x_wconf 77' lang='lat' dir='ltr'><strong>:mame</strong></span> <span class='ocrx_word' id='word_1_40' title='bbox 623 589 832 636; x_wconf 81' lang='lat' dir='ltr'><strong>natura:</strong></span> <span class='ocrx_word' id='word_1_41' title='bbox 855 581 958 636; x_wconf 92' lang='lat' dir='ltr'><strong>hoc</strong></span> <span class='ocrx_word' id='word_1_42' title='bbox 987 581 1171 637; x_wconf 81' lang='lat' dir='ltr'><strong>dicere</strong></span> <span class='ocrx_word' id='word_1_43' title='bbox 1189 583 1469 652; x_wconf 86' lang='lat' dir='ltr'><strong>proprium</strong></span> <span class='ocrx_word' id='word_1_44' title='bbox 1499 591 1663 660; x_wconf 81' lang='lat' dir='ltr'><strong>esset.</strong></span> <span class='ocrx_word' id='word_1_45' title='bbox 1689 580 2002 652; x_wconf 86' lang='lat' dir='ltr'><strong>Omnesque</strong></span> 
     </span>
    </p>
   </div>
   <div class='ocr_carea' id='block_1_8' title="bbox 415 672 1999 746">
    <p class='ocr_par' dir='ltr' id='par_1_8' title="bbox 415 672 1999 746">
     <span class='ocr_line' id='line_1_8' title="bbox 415 672 1999 746; baseline 0.001 -20"><span class='ocrx_word' id='word_1_46' title='bbox 415 672 588 744; x_wconf 66' lang='lat' dir='ltr'><strong>hujus</strong></span> <span class='ocrx_word' id='word_1_47' title='bbox 641 673 835 743; x_wconf 81' lang='lat' dir='ltr'><strong>psalmi</strong></span> <span class='ocrx_word' id='word_1_48' title='bbox 893 675 1178 729; x_wconf 66' lang='lat' dir='ltr'><strong>sententia:</strong></span> <span class='ocrx_word' id='word_1_49' title='bbox 1213 690 1306 729; x_wconf 89' lang='lat' dir='ltr'><strong>eas</strong></span> <span class='ocrx_word' id='word_1_50' title='bbox 1339 682 1596 730; x_wconf 74' lang='lat' dir='ltr'><strong>accurate</strong></span> <span class='ocrx_word' id='word_1_51' title='bbox 1643 674 1999 746; x_wconf 83' lang='lat' dir='ltr'><strong>perpendenti</strong></span> 
     </span>
    </p>
   </div>
   <div class='ocr_carea' id='block_1_9' title="bbox 415 763 1445 836">
    <p class='ocr_par' dir='ltr' id='par_1_9' title="bbox 415 763 1445 836">
     <span class='ocr_line' id='line_1_9' title="bbox 415 763 1445 836; baseline -0.002 -15"><span class='ocrx_word' id='word_1_52' title='bbox 415 773 678 836; x_wconf 62' lang='lat' dir='ltr'><strong>Spectare</strong></span> <span class='ocrx_word' id='word_1_53' title='bbox 705 765 772 820; x_wconf 89' lang='lat' dir='ltr'><strong>ad</strong></span> <span class='ocrx_word' id='word_1_54' title='bbox 801 763 1142 821; x_wconf 88' lang='lat' dir='ltr'><strong>Salvatorem</strong></span> <span class='ocrx_word' id='word_1_55' title='bbox 1167 766 1445 822; x_wconf 84' lang='lat' dir='ltr'><strong>videmur.</strong></span> 
     </span>
    </p>
   </div>
   <div class='ocr_carea' id='block_1_10' title="bbox 1020 898 1394 954">
    <p class='ocr_par' dir='ltr' id='par_1_10' title="bbox 1020 898 1394 954">
     <span class='ocr_line' id='line_1_10' title="bbox 1020 898 1394 954; baseline 0 0"><span class='ocrx_word' id='word_1_56' title='bbox 1020 898 1250 954; x_wconf 87' lang='lat' dir='ltr'><strong>CAPUT</strong></span> <span class='ocrx_word' id='word_1_57' title='bbox 1301 899 1394 954; x_wconf 81' lang='lat' dir='ltr'><strong>IX.</strong></span> 
     </span>
    </p>
   </div>
   <div class='ocr_carea' id='block_1_11' title="bbox 808 1033 1602 1108">
    <p class='ocr_par' dir='ltr' id='par_1_11' title="bbox 808 1033 1602 1108">
     <span class='ocr_line' id='line_1_11' title="bbox 808 1033 1602 1108; baseline 0.004 -19"><span class='ocrx_word' id='word_1_58' title='bbox 808 1033 857 1089; x_wconf 80' lang='grc' dir='ltr'><em>Ε</em></span> <span class='ocrx_word' id='word_1_59' title='bbox 881 1037 1088 1104; x_wconf 71' lang='lat' dir='ltr'><strong>psalmo</strong></span> <span class='ocrx_word' id='word_1_60' title='bbox 1116 1036 1318 1091; x_wconf 80' lang='lat' dir='ltr'><strong>decimo</strong></span> <span class='ocrx_word' id='word_1_61' title='bbox 1358 1039 1602 1108; x_wconf 74' lang='lat' dir='ltr'><strong>septimo.</strong></span> 
     </span>
    </p>
   </div>
   <div class='ocr_carea' id='block_1_12' title="bbox 488 1166 1997 1244">
    <p class='ocr_par' dir='ltr' id='par_1_12' title="bbox 488 1166 1997 1244">
     <span class='ocr_line' id='line_1_12' title="bbox 488 1166 1997 1244; baseline 0.006 -22"><span class='ocrx_word' id='word_1_62' title='bbox 488 1166 627 1224; x_wconf 88' lang='lat' dir='ltr'><strong>Cum</strong></span> <span class='ocrx_word' id='word_1_63' title='bbox 657 1171 950 1241; x_wconf 87' lang='lat' dir='ltr'><strong>septimum</strong></span> <span class='ocrx_word' id='word_1_64' title='bbox 988 1179 1042 1228; x_wconf 89' lang='lat' dir='ltr'><strong>et</strong></span> <span class='ocrx_word' id='word_1_65' title='bbox 1073 1171 1347 1228; x_wconf 90' lang='lat' dir='ltr'><strong>decimum</strong></span> <span class='ocrx_word' id='word_1_66' title='bbox 1383 1174 1651 1244; x_wconf 88' lang='lat' dir='ltr'><strong>psalmum</strong></span> <span class='ocrx_word' id='word_1_67' title='bbox 1687 1190 1795 1229; x_wconf 84' lang='lat' dir='ltr'><strong>non</strong></span> <span class='ocrx_word' id='word_1_68' title='bbox 1831 1176 1997 1231; x_wconf 86' lang='lat' dir='ltr'><strong>alium</strong></span> 
     </span>
    </p>
   </div>
   <div class='ocr_carea' id='block_1_13' title="bbox 419 1262 1999 1335">
    <p class='ocr_par' dir='ltr' id='par_1_13' title="bbox 419 1262 1999 1335">
     <span class='ocr_line' id='line_1_13' title="bbox 419 1262 1999 1335; baseline 0.003 -19"><span class='ocrx_word' id='word_1_69' title='bbox 419 1262 666 1330; x_wconf 82' lang='lat' dir='ltr'><strong>quemvis</strong></span> <span class='ocrx_word' id='word_1_70' title='bbox 702 1262 990 1334; x_wconf 79' lang='lat' dir='ltr'><strong>designare</strong></span> <span class='ocrx_word' id='word_1_71' title='bbox 1043 1264 1357 1319; x_wconf 88' lang='lat' dir='ltr'><strong>circumcisi</strong></span> <span class='ocrx_word' id='word_1_72' title='bbox 1393 1274 1622 1335; x_wconf 89' lang='lat' dir='ltr'><strong>putant,</strong></span> <span class='ocrx_word' id='word_1_73' title='bbox 1680 1267 1789 1322; x_wconf 87' lang='lat' dir='ltr'><strong>nisi</strong></span> <span class='ocrx_word' id='word_1_74' title='bbox 1824 1265 1999 1321; x_wconf 89' lang='lat' dir='ltr'><strong>Davi-</strong></span> 
     </span>
    </p>
   </div>
   <div class='ocr_carea' id='block_1_14' title="bbox 419 1351 2000 1425">
    <p class='ocr_par' dir='ltr' id='par_1_14' title="bbox 419 1351 2000 1425">
     <span class='ocr_line' id='line_1_14' title="bbox 419 1351 2000 1425; baseline 0.004 -19"><span class='ocrx_word' id='word_1_75' title='bbox 419 1351 574 1418; x_wconf 88' lang='lat' dir='ltr'><strong>dem,</strong></span> <span class='ocrx_word' id='word_1_76' title='bbox 603 1367 670 1408; x_wconf 91' lang='lat' dir='ltr'><strong>eo</strong></span> <span class='ocrx_word' id='word_1_77' title='bbox 702 1354 849 1424; x_wconf 92' lang='lat' dir='ltr'><strong>quod</strong></span> <span class='ocrx_word' id='word_1_78' title='bbox 883 1353 937 1408; x_wconf 91' lang='lat' dir='ltr'><strong>id</strong></span> <span class='ocrx_word' id='word_1_79' title='bbox 983 1354 1270 1425; x_wconf 77' lang='lat' dir='ltr'><strong>inscriptio</strong></span> <span class='ocrx_word' id='word_1_80' title='bbox 1301 1355 1546 1412; x_wconf 90' lang='lat' dir='ltr'><strong>indicare</strong></span> <span class='ocrx_word' id='word_1_81' title='bbox 1570 1355 1786 1412; x_wconf 86' lang='lat' dir='ltr'><strong>videtur</strong></span> <span class='ocrx_word' id='word_1_82' title='bbox 1807 1397 1822 1421; x_wconf 94' lang='lat'><strong>,</strong></span> <span class='ocrx_word' id='word_1_83' title='bbox 1867 1373 2000 1413; x_wconf 91' lang='lat' dir='ltr'><strong>con-</strong></span> 
     </span>
    </p>
   </div>
   <div class='ocr_carea' id='block_1_15' title="bbox 419 1439 1996 1520">
    <p class='ocr_par' dir='ltr' id='par_1_15' title="bbox 419 1439 1996 1520">
     <span class='ocr_line' id='line_1_15' title="bbox 419 1439 1996 1520; baseline 0.007 -24"><span class='ocrx_word' id='word_1_84' title='bbox 419 1439 710 1501; x_wconf 80' lang='lat' dir='ltr'><strong>fundemus</strong></span> <span class='ocrx_word' id='word_1_85' title='bbox 779 1461 874 1502; x_wconf 89' lang='lat' dir='ltr'><strong>eos</strong></span> <span class='ocrx_word' id='word_1_86' title='bbox 936 1447 1084 1502; x_wconf 90' lang='lat' dir='ltr'><strong>hunc</strong></span> <span class='ocrx_word' id='word_1_87' title='bbox 1147 1449 1328 1504; x_wconf 88' lang='lat' dir='ltr'><strong>locum</strong></span> <span class='ocrx_word' id='word_1_88' title='bbox 1403 1449 1542 1504; x_wconf 90' lang='lat' dir='ltr'><strong>tueri</strong></span> <span class='ocrx_word' id='word_1_89' title='bbox 1601 1460 1996 1520; x_wconf 84' lang='lat' dir='ltr'><strong>nequeuntes:</strong></span> 
     </span>
    </p>
   </div>
   <div class='ocr_carea' id='block_1_16' title="bbox 409 1529 2001 1615">
    <p class='ocr_par' dir='ltr' id='par_1_16' title="bbox 409 1529 2001 1615">
     <span class='ocr_line' id='line_1_16' title="bbox 409 1529 2001 1615; baseline 0.006 -26"><span class='ocrx_word' id='word_1_90' title='bbox 409 1531 442 1589; x_wconf 75' lang='grc' dir='ltr'><strong>ἰ</strong></span> <span class='ocrx_word' id='word_1_91' title='bbox 480 1529 693 1609; x_wconf 84' lang='lat' dir='ltr'><strong>Eripies</strong></span> <span class='ocrx_word' id='word_1_92' title='bbox 735 1554 821 1594; x_wconf 89' lang='lat' dir='ltr'><strong>me</strong></span> <span class='ocrx_word' id='word_1_93' title='bbox 869 1539 937 1595; x_wconf 91' lang='lat' dir='ltr'><strong>de</strong></span> <span class='ocrx_word' id='word_1_94' title='bbox 973 1543 1503 1598; x_wconf 74' lang='lat' dir='ltr'><strong>contradictionibus</strong></span> <span class='ocrx_word' id='word_1_95' title='bbox 1537 1544 1760 1615; x_wconf 87' lang='lat' dir='ltr'><strong>populi:</strong></span> <span class='ocrx_word' id='word_1_96' title='bbox 1793 1544 2001 1601; x_wconf 83' lang='lat' dir='ltr'><strong>consti-</strong></span> 
     </span>
    </p>
   </div>
   <div class='ocr_carea' id='block_1_17' title="bbox 418 1632 1994 1708">
    <p class='ocr_par' dir='ltr' id='par_1_17' title="bbox 418 1632 1994 1708">
     <span class='ocr_line' id='line_1_17' title="bbox 418 1632 1994 1708; baseline 0.006 -25"><span class='ocrx_word' id='word_1_97' title='bbox 418 1637 538 1685; x_wconf 87' lang='lat' dir='ltr'><strong>tues</strong></span> <span class='ocrx_word' id='word_1_98' title='bbox 569 1646 654 1686; x_wconf 89' lang='lat' dir='ltr'><strong>me</strong></span> <span class='ocrx_word' id='word_1_99' title='bbox 697 1632 753 1686; x_wconf 89' lang='lat' dir='ltr'><strong>in</strong></span> <span class='ocrx_word' id='word_1_100' title='bbox 800 1642 965 1702; x_wconf 91' lang='lat' dir='ltr'><strong>caput</strong></span> <span class='ocrx_word' id='word_1_101' title='bbox 1016 1636 1281 1704; x_wconf 82' lang='lat' dir='ltr'><strong>gentium.</strong></span> <span class='ocrx_word' id='word_1_102' title='bbox 1323 1634 1600 1705; x_wconf 88' lang='lat' dir='ltr'><strong>Populus,</strong></span> <span class='ocrx_word' id='word_1_103' title='bbox 1661 1651 1826 1708; x_wconf 89' lang='lat' dir='ltr'><strong>quem</strong></span> <span class='ocrx_word' id='word_1_104' title='bbox 1886 1651 1994 1692; x_wconf 91' lang='lat' dir='ltr'><strong>non</strong></span> 
     </span>
    </p>
   </div>
   <div class='ocr_carea' id='block_1_18' title="bbox 417 1721 1996 1790">
    <p class='ocr_par' dir='ltr' id='par_1_18' title="bbox 417 1721 1996 1790">
     <span class='ocr_line' id='line_1_18' title="bbox 417 1721 1996 1790; baseline 0.003 -15"><span class='ocrx_word' id='word_1_105' title='bbox 417 1721 685 1790; x_wconf 74' lang='lat' dir='ltr'><strong>cognovi,</strong></span> <span class='ocrx_word' id='word_1_106' title='bbox 736 1723 962 1778; x_wconf 82' lang='lat' dir='ltr'><strong>servivit</strong></span> <span class='ocrx_word' id='word_1_107' title='bbox 1009 1723 1179 1778; x_wconf 87' lang='lat' dir='ltr'><strong>mihi:</strong></span> <span class='ocrx_word' id='word_1_108' title='bbox 1219 1725 1274 1779; x_wconf 90' lang='lat' dir='ltr'><strong>in</strong></span> <span class='ocrx_word' id='word_1_109' title='bbox 1331 1726 1520 1780; x_wconf 89' lang='lat' dir='ltr'><strong>auditu</strong></span> <span class='ocrx_word' id='word_1_110' title='bbox 1570 1727 1720 1782; x_wconf 87' lang='lat' dir='ltr'><strong>auris</strong></span> <span class='ocrx_word' id='word_1_111' title='bbox 1754 1725 1996 1781; x_wconf 86' lang='lat' dir='ltr'><strong>obedivit</strong></span> 
     </span>
    </p>
   </div>
   <div class='ocr_carea' id='block_1_19' title="bbox 2104 487 3714 560">
    <p class='ocr_par' dir='ltr' id='par_1_19' title="bbox 2104 487 3714 560">
     <span class='ocr_line' id='line_1_19' title="bbox 2104 487 3714 560; baseline -0.002 -18"><span class='ocrx_word' id='word_1_112' title='bbox 2104 488 2212 542; x_wconf 86' lang='grc' dir='ltr'>ἀπὸ</span> <span class='ocrx_word' id='word_1_113' title='bbox 2237 487 2476 560; x_wconf 79' lang='grc' dir='ltr'><strong>Χριστοῦ</strong></span> <span class='ocrx_word' id='word_1_114' title='bbox 2516 488 2702 558; x_wconf 76' lang='grc' dir='ltr'>φωνῆς</span> <span class='ocrx_word' id='word_1_115' title='bbox 2727 489 2996 558; x_wconf 80' lang='grc' dir='ltr'><strong>τυγχάνον</strong></span> <span class='ocrx_word' id='word_1_116' title='bbox 3034 487 3500 558; x_wconf 83' lang='grc' dir='ltr'>ἐσημειωσάμεθα</span> <span class='ocrx_word' id='word_1_117' title='bbox 3525 527 3546 551; x_wconf 86' lang='grc'><strong>,</strong></span> <span class='ocrx_word' id='word_1_118' title='bbox 3592 487 3714 540; x_wconf 71' lang='grc' dir='ltr'>ἐπεὶ</span> 
     </span>
    </p>
   </div>
   <div class='ocr_carea' id='block_1_20' title="bbox 2106 582 3710 655">
    <p class='ocr_par' dir='ltr' id='par_1_20' title="bbox 2106 582 3710 655">
     <span class='ocr_line' id='line_1_20' title="bbox 2106 582 3710 655; baseline 0 -19"><span class='ocrx_word' id='word_1_119' title='bbox 2106 582 2180 654; x_wconf 84' lang='grc' dir='ltr'>μὴ</span> <span class='ocrx_word' id='word_1_120' title='bbox 2211 583 2386 646; x_wconf 77' lang='grc' dir='ltr'>ἄλλως</span> <span class='ocrx_word' id='word_1_121' title='bbox 2424 583 2740 655; x_wconf 76' lang='grc' dir='ltr'>ἀνθρωπεία</span> <span class='ocrx_word' id='word_1_122' title='bbox 2764 584 2926 653; x_wconf 84' lang='grc' dir='ltr'>φύσει</span> <span class='ocrx_word' id='word_1_123' title='bbox 2954 583 3116 637; x_wconf 84' lang='grc' dir='ltr'>τοῦτο</span> <span class='ocrx_word' id='word_1_124' title='bbox 3145 585 3375 653; x_wconf 83' lang='grc' dir='ltr'><strong>φάσκειν</strong></span> <span class='ocrx_word' id='word_1_125' title='bbox 3406 583 3710 654; x_wconf 78' lang='grc' dir='ltr'>ἁρμόττει·</span> 
     </span>
    </p>
   </div>
   <div class='ocr_carea' id='block_1_21' title="bbox 2101 675 3712 750">
    <p class='ocr_par' dir='ltr' id='par_1_21' title="bbox 2101 675 3712 750">
     <span class='ocr_line' id='line_1_21' title="bbox 2101 675 3712 750; baseline 0.002 -24"><span class='ocrx_word' id='word_1_126' title='bbox 2101 677 2195 728; x_wconf 63' lang='grc' dir='ltr'><strong>καὶ¹</strong></span> <span class='ocrx_word' id='word_1_127' title='bbox 2223 676 2423 738; x_wconf 89' lang='grc' dir='ltr'>πάντες</span> <span class='ocrx_word' id='word_1_128' title='bbox 2441 675 2498 728; x_wconf 81' lang='grc' dir='ltr'><strong>δὲ</strong></span> <span class='ocrx_word' id='word_1_129' title='bbox 2516 676 2565 728; x_wconf 85' lang='grc' dir='ltr'><strong>οί</strong></span> <span class='ocrx_word' id='word_1_130' title='bbox 2588 676 2648 727; x_wconf 85' lang='grc' dir='ltr'><strong>ἐν</strong></span> <span class='ocrx_word' id='word_1_131' title='bbox 2669 676 2744 746; x_wconf 79' lang='grc' dir='ltr'>τῷ</span> <span class='ocrx_word' id='word_1_132' title='bbox 2765 675 2963 748; x_wconf 74' lang='grc' dir='ltr'>ψαλμῷ</span> <span class='ocrx_word' id='word_1_133' title='bbox 2990 675 3138 746; x_wconf 76' lang='grc' dir='ltr'>λόγοι</span> <span class='ocrx_word' id='word_1_134' title='bbox 3156 675 3234 746; x_wconf 85' lang='grc' dir='ltr'>τῷ</span> <span class='ocrx_word' id='word_1_135' title='bbox 3250 676 3509 750; x_wconf 86' lang='grc' dir='ltr'>ἐνορῶντι</span> <span class='ocrx_word' id='word_1_136' title='bbox 3555 677 3712 748; x_wconf 67' lang='lat' dir='ltr'><strong>dupl-</strong></span> 
     </span>
    </p>
   </div>
   <div class='ocr_carea' id='block_1_22' title="bbox 2105 766 3677 840">
    <p class='ocr_par' dir='ltr' id='par_1_22' title="bbox 2105 766 3677 840">
     <span class='ocr_line' id='line_1_22' title="bbox 2105 766 3677 840; baseline 0.003 -23"><span class='ocrx_word' id='word_1_137' title='bbox 2105 766 2216 822; x_wconf 78' lang='grc' dir='ltr'>ϐὡς</span> <span class='ocrx_word' id='word_1_138' title='bbox 2245 766 2440 830; x_wconf 69' lang='grc' dir='ltr'>αὐτοὺς</span> <span class='ocrx_word' id='word_1_139' title='bbox 2473 768 2561 820; x_wconf 67' lang='grc' dir='ltr'><strong>ἐπὶ</strong></span> <span class='ocrx_word' id='word_1_140' title='bbox 2591 767 2684 820; x_wconf 82' lang='grc' dir='ltr'><strong>τὸν</strong></span> <span class='ocrx_word' id='word_1_141' title='bbox 2708 769 2937 840; x_wconf 78' lang='grc' dir='ltr'><strong>Σωτῆρα</strong></span> <span class='ocrx_word' id='word_1_142' title='bbox 2965 768 3341 840; x_wconf 77' lang='grc' dir='ltr'><strong>ἀναφέρεσθαι</strong></span> <span class='ocrx_word' id='word_1_143' title='bbox 3373 767 3677 822; x_wconf 76' lang='grc' dir='ltr'>δύνανται.</span> 
     </span>
    </p>
   </div>
   <div class='ocr_carea' id='block_1_23' title="bbox 2626 904 3142 961">
    <p class='ocr_par' dir='ltr' id='par_1_23' title="bbox 2626 904 3142 961">
     <span class='ocr_line' id='line_1_23' title="bbox 2626 904 3142 961; baseline 0.01 -5"><span class='ocrx_word' id='word_1_144' title='bbox 2626 904 3027 959; x_wconf 81' lang='grc' dir='ltr'><strong>ΚΕΦΑΛΑΙΟΝ</strong></span> <span class='ocrx_word' id='word_1_145' title='bbox 3065 907 3142 961; x_wconf 89' lang='grc' dir='ltr'><strong>Θ’.</strong></span> 
     </span>
    </p>
   </div>
   <div class='ocr_carea' id='block_1_24' title="bbox 2703 1035 3082 1126">
    <p class='ocr_par' dir='ltr' id='par_1_24' title="bbox 2703 1035 3082 1126">
     <span class='ocr_line' id='line_1_24' title="bbox 2703 1035 3082 1126; baseline -0.003 -34"><span class='ocrx_word' id='word_1_146' title='bbox 2703 1036 2956 1126; x_wconf 64' lang='grc' dir='ltr'>Ψαλμοῦ</span> <span class='ocrx_word' id='word_1_147' title='bbox 2994 1035 3060 1098; x_wconf 71' lang='grc' dir='ltr'><strong>ιζ’</strong></span> <span class='ocrx_word' id='word_1_148' title='bbox 3069 1079 3082 1091; x_wconf 91' lang='grc'><strong>.</strong></span> 
     </span>
    </p>
   </div>
   <div class='ocr_carea' id='block_1_25' title="bbox 2186 1167 3700 1244">
    <p class='ocr_par' dir='ltr' id='par_1_25' title="bbox 2186 1167 3700 1244">
     <span class='ocr_line' id='line_1_25' title="bbox 2186 1167 3700 1244; baseline 0.006 -23"><span class='ocrx_word' id='word_1_149' title='bbox 2186 1167 2339 1222; x_wconf 74' lang='grc' dir='ltr'>Ἐπεὶ</span> <span class='ocrx_word' id='word_1_150' title='bbox 2370 1167 2466 1221; x_wconf 68' lang='grc' dir='ltr'>καὶ</span> <span class='ocrx_word' id='word_1_151' title='bbox 2516 1169 2608 1222; x_wconf 85' lang='grc' dir='ltr'><strong>τὸν</strong></span> <span class='ocrx_word' id='word_1_152' title='bbox 2657 1170 3117 1224; x_wconf 79' lang='grc' dir='ltr'><strong>ἑπτακαιδέκατον</strong></span> <span class='ocrx_word' id='word_1_153' title='bbox 3156 1171 3368 1244; x_wconf 75' lang='grc' dir='ltr'>ψαλμὸν</span> <span class='ocrx_word' id='word_1_154' title='bbox 3397 1175 3499 1228; x_wconf 82' lang='grc' dir='ltr'><strong>οὐκ</strong></span> <span class='ocrx_word' id='word_1_155' title='bbox 3515 1175 3587 1240; x_wconf 85' lang='grc' dir='ltr'>ἐξ</span> <span class='ocrx_word' id='word_1_156' title='bbox 3618 1176 3700 1230; x_wconf 75' lang='grc' dir='ltr'>ἀλ-</span> 
     </span>
    </p>
   </div>
   <div class='ocr_carea' id='block_1_26' title="bbox 2101 1259 3709 1337">
    <p class='ocr_par' dir='ltr' id='par_1_26' title="bbox 2101 1259 3709 1337">
     <span class='ocr_line' id='line_1_26' title="bbox 2101 1259 3709 1337; baseline 0.004 -25"><span class='ocrx_word' id='word_1_157' title='bbox 2101 1259 2195 1313; x_wconf 88' lang='grc' dir='ltr'><strong>λου</strong></span> <span class='ocrx_word' id='word_1_158' title='bbox 2227 1259 2373 1324; x_wconf 81' lang='grc' dir='ltr'>τινδς</span> <span class='ocrx_word' id='word_1_159' title='bbox 2409 1259 2668 1330; x_wconf 86' lang='grc' dir='ltr'>λέγεσθαι</span> <span class='ocrx_word' id='word_1_160' title='bbox 2695 1261 2973 1332; x_wconf 79' lang='grc' dir='ltr'>νομιοῦσιν</span> <span class='ocrx_word' id='word_1_161' title='bbox 3005 1264 3054 1316; x_wconf 88' lang='grc' dir='ltr'>οἱ</span> <span class='ocrx_word' id='word_1_162' title='bbox 3090 1263 3155 1316; x_wconf 83' lang='grc' dir='ltr'><strong>ἐκ</strong></span> <span class='ocrx_word' id='word_1_163' title='bbox 3186 1266 3487 1337; x_wconf 80' lang='grc' dir='ltr'>περιτομῆς</span> <span class='ocrx_word' id='word_1_164' title='bbox 3521 1265 3564 1337; x_wconf 73' lang='grc' dir='ltr'>ἦ</span> <span class='ocrx_word' id='word_1_165' title='bbox 3611 1266 3709 1321; x_wconf 82' lang='grc' dir='ltr'><strong>τοῦ</strong></span> 
     </span>
    </p>
   </div>
   <div class='ocr_carea' id='block_1_27' title="bbox 2101 1351 3709 1427">
    <p class='ocr_par' dir='ltr' id='par_1_27' title="bbox 2101 1351 3709 1427">
     <span class='ocr_line' id='line_1_27' title="bbox 2101 1351 3709 1427; baseline 0.004 -23"><span class='ocrx_word' id='word_1_166' title='bbox 2101 1351 2285 1416; x_wconf 80' lang='grc' dir='ltr'>Δαυῒδ,</span> <span class='ocrx_word' id='word_1_167' title='bbox 2318 1352 2406 1406; x_wconf 84' lang='grc' dir='ltr'>διὰ</span> <span class='ocrx_word' id='word_1_168' title='bbox 2437 1352 2499 1406; x_wconf 79' lang='grc' dir='ltr'><strong>τὸ</strong></span> <span class='ocrx_word' id='word_1_169' title='bbox 2528 1355 2622 1407; x_wconf 77' lang='grc' dir='ltr'>καὶ</span> <span class='ocrx_word' id='word_1_170' title='bbox 2654 1353 2751 1424; x_wconf 80' lang='grc' dir='ltr'><strong>τὴν</strong></span> <span class='ocrx_word' id='word_1_171' title='bbox 2778 1354 3094 1427; x_wconf 83' lang='grc' dir='ltr'>ἐπιγραφὴν</span> <span class='ocrx_word' id='word_1_172' title='bbox 3124 1356 3290 1409; x_wconf 85' lang='grc' dir='ltr'>αὐτοῦ</span> <span class='ocrx_word' id='word_1_173' title='bbox 3321 1357 3484 1411; x_wconf 86' lang='grc' dir='ltr'>τοῦτο</span> <span class='ocrx_word' id='word_1_174' title='bbox 3517 1358 3709 1412; x_wconf 78' lang='grc' dir='ltr'>δοκεῖν</span> 
     </span>
    </p>
   </div>
   <div class='ocr_carea' id='block_1_28' title="bbox 2100 1444 3709 1520">
    <p class='ocr_par' dir='ltr' id='par_1_28' title="bbox 2100 1444 3709 1520">
     <span class='ocr_line' id='line_1_28' title="bbox 2100 1444 3709 1520; baseline 0.004 -22"><span class='ocrx_word' id='word_1_175' title='bbox 2100 1446 2402 1516; x_wconf 87' lang='grc' dir='ltr'>ἐμφαίνειν,</span> <span class='ocrx_word' id='word_1_176' title='bbox 2431 1444 2688 1517; x_wconf 79' lang='grc' dir='ltr'>θλίψομεν</span> <span class='ocrx_word' id='word_1_177' title='bbox 2717 1446 2912 1511; x_wconf 75' lang='grc' dir='ltr'>αὐτοὺς</span> <span class='ocrx_word' id='word_1_178' title='bbox 2934 1447 2993 1500; x_wconf 78' lang='grc' dir='ltr'>οὐ</span> <span class='ocrx_word' id='word_1_179' title='bbox 3015 1447 3346 1520; x_wconf 80' lang='grc' dir='ltr'>δυναμένους</span> <span class='ocrx_word' id='word_1_180' title='bbox 3376 1449 3584 1515; x_wconf 74' lang='grc' dir='ltr'>σώζειν</span> <span class='ocrx_word' id='word_1_181' title='bbox 3617 1453 3709 1505; x_wconf 78' lang='grc' dir='ltr'>ἐπ’</span> 
     </span>
    </p>
   </div>
   <div class='ocr_carea' id='block_1_29' title="bbox 2099 1537 3707 1615">
    <p class='ocr_par' dir='ltr' id='par_1_29' title="bbox 2099 1537 3707 1615">
     <span class='ocr_line' id='line_1_29' title="bbox 2099 1537 3707 1615; baseline 0.005 -26"><span class='ocrx_word' id='word_1_182' title='bbox 2099 1537 2266 1590; x_wconf 84' lang='grc' dir='ltr'>αὐτοῦ</span> <span class='ocrx_word' id='word_1_183' title='bbox 2293 1537 2372 1602; x_wconf 83' lang='grc' dir='ltr'><strong>τὸ,</strong></span> <span class='ocrx_word' id='word_1_184' title='bbox 2422 1556 2440 1590; x_wconf 82' lang='grc' dir='ltr'><strong>ι</strong></span> <span class='ocrx_word' id='word_1_185' title='bbox 2492 1537 2658 1610; x_wconf 77' lang='grc' dir='ltr'>Ῥύσῃ</span> <span class='ocrx_word' id='word_1_186' title='bbox 2692 1555 2759 1610; x_wconf 83' lang='grc' dir='ltr'><strong>με</strong></span> <span class='ocrx_word' id='word_1_187' title='bbox 2788 1539 2847 1606; x_wconf 87' lang='grc' dir='ltr'><strong>ἐξ</strong></span> <span class='ocrx_word' id='word_1_188' title='bbox 2877 1539 3182 1609; x_wconf 81' lang='grc' dir='ltr'>ἀντιλογίας</span> <span class='ocrx_word' id='word_1_189' title='bbox 3209 1540 3340 1595; x_wconf 84' lang='grc' dir='ltr'>λαοῦ</span> <span class='ocrx_word' id='word_1_190' title='bbox 3367 1584 3380 1606; x_wconf 98' lang='grc'><strong>,</strong></span> <span class='ocrx_word' id='word_1_191' title='bbox 3413 1545 3707 1615; x_wconf 77' lang='grc' dir='ltr'>καταστή-</span> 
     </span>
    </p>
   </div>
   <div class='ocr_carea' id='block_1_30' title="bbox 2102 1629 3704 1702">
    <p class='ocr_par' dir='ltr' id='par_1_30' title="bbox 2102 1629 3704 1702">
     <span class='ocr_line' id='line_1_30' title="bbox 2102 1629 3704 1702; baseline 0.005 -20"><span class='ocrx_word' id='word_1_192' title='bbox 2102 1646 2216 1694; x_wconf 90' lang='grc' dir='ltr'>σεις</span> <span class='ocrx_word' id='word_1_193' title='bbox 2240 1647 2306 1701; x_wconf 88' lang='grc' dir='ltr'><strong>με</strong></span> <span class='ocrx_word' id='word_1_194' title='bbox 2336 1633 2415 1694; x_wconf 86' lang='grc' dir='ltr'><strong>είς</strong></span> <span class='ocrx_word' id='word_1_195' title='bbox 2455 1631 2698 1702; x_wconf 85' lang='grc' dir='ltr'>κεφαλὴν</span> <span class='ocrx_word' id='word_1_196' title='bbox 2729 1629 2919 1685; x_wconf 82' lang='grc' dir='ltr'>ἐθνῶν·</span> <span class='ocrx_word' id='word_1_197' title='bbox 2945 1631 3092 1697; x_wconf 77' lang='grc' dir='ltr'>λαὸς,</span> <span class='ocrx_word' id='word_1_198' title='bbox 3117 1633 3175 1686; x_wconf 81' lang='grc' dir='ltr'>ὃν</span> <span class='ocrx_word' id='word_1_199' title='bbox 3199 1635 3298 1686; x_wconf 83' lang='grc' dir='ltr'><strong>οὐκ</strong></span> <span class='ocrx_word' id='word_1_200' title='bbox 3327 1634 3522 1702; x_wconf 75' lang='grc' dir='ltr'>ἔγνων,</span> <span class='ocrx_word' id='word_1_201' title='bbox 3541 1635 3704 1690; x_wconf 79' lang='grc' dir='ltr'>ἐδού-</span> 
     </span>
    </p>
   </div>
   <div class='ocr_carea' id='block_1_31' title="bbox 2099 1719 3706 1796">
    <p class='ocr_par' dir='ltr' id='par_1_31' title="bbox 2099 1719 3706 1796">
     <span class='ocr_line' id='line_1_31' title="bbox 2099 1719 3706 1796; baseline 0.006 -23"><span class='ocrx_word' id='word_1_202' title='bbox 2099 1719 2258 1774; x_wconf 86' lang='grc' dir='ltr'>λευσέ</span> <span class='ocrx_word' id='word_1_203' title='bbox 2281 1739 2404 1792; x_wconf 86' lang='grc' dir='ltr'>μοι,</span> <span class='ocrx_word' id='word_1_204' title='bbox 2457 1724 2538 1786; x_wconf 85' lang='grc' dir='ltr'><strong>είς</strong></span> <span class='ocrx_word' id='word_1_205' title='bbox 2564 1723 2734 1794; x_wconf 83' lang='grc' dir='ltr'>ἀκοὴν</span> <span class='ocrx_word' id='word_1_206' title='bbox 2768 1721 2930 1776; x_wconf 88' lang='grc' dir='ltr'>ώτίου</span> <span class='ocrx_word' id='word_1_207' title='bbox 2979 1725 3261 1795; x_wconf 79' lang='grc' dir='ltr'>ὑπήκουσέ</span> <span class='ocrx_word' id='word_1_208' title='bbox 3293 1743 3403 1796; x_wconf 88' lang='grc' dir='ltr'>μοι·</span> <span class='ocrx_word' id='word_1_209' title='bbox 3451 1728 3565 1781; x_wconf 74' lang='grc' dir='ltr'>υἱοὶ</span> <span class='ocrx_word' id='word_1_210' title='bbox 3607 1729 3706 1782; x_wconf 80' lang='grc' dir='ltr'>ἀλ-</span> 
     </span>
    </p>
   </div>
   <div class='ocr_carea' id='block_1_32' title="bbox 417 1811 1997 1892">
    <p class='ocr_par' dir='ltr' id='par_1_32' title="bbox 417 1812 1997 1883">
     <span class='ocr_line' id='line_1_32' title="bbox 417 1812 1997 1883; baseline 0.004 -16"><span class='ocrx_word' id='word_1_211' title='bbox 417 1813 570 1868; x_wconf 82' lang='lat' dir='ltr'><strong>mihi.</strong></span> <span class='ocrx_word' id='word_1_212' title='bbox 607 1812 729 1870; x_wconf 82' lang='lat' dir='ltr'><strong>Filii</strong></span> <span class='ocrx_word' id='word_1_213' title='bbox 766 1815 930 1871; x_wconf 86' lang='lat' dir='ltr'><strong>alieni</strong></span> <span class='ocrx_word' id='word_1_214' title='bbox 960 1818 1172 1872; x_wconf 86' lang='lat' dir='ltr'><strong>mentiti</strong></span> <span class='ocrx_word' id='word_1_215' title='bbox 1207 1825 1338 1873; x_wconf 90' lang='lat' dir='ltr'><strong>sunt</strong></span> <span class='ocrx_word' id='word_1_216' title='bbox 1377 1819 1533 1883; x_wconf 89' lang='lat' dir='ltr'><strong>mihi,</strong></span> <span class='ocrx_word' id='word_1_217' title='bbox 1581 1817 1675 1873; x_wconf 84' lang='lat' dir='ltr'><strong>ﬁlii</strong></span> <span class='ocrx_word' id='word_1_218' title='bbox 1709 1819 1870 1874; x_wconf 88' lang='lat' dir='ltr'><strong>alieni</strong></span> <span class='ocrx_word' id='word_1_219' title='bbox 1912 1820 1997 1873; x_wconf 87' lang='lat' dir='ltr'><strong>in-</strong></span> 
     </span>
    </p>
   </div>
   <div class='ocr_carea' id='block_1_33' title="bbox 2104 1811 3700 1892">
    <p class='ocr_par' dir='ltr' id='par_1_33' title="bbox 2104 1814 3700 1892">
     <span class='ocr_line' id='line_1_33' title="bbox 2104 1814 3700 1892; baseline 0.003 -25"><span class='ocrx_word' id='word_1_220' title='bbox 2104 1814 2302 1886; x_wconf 89' lang='grc' dir='ltr'>λότριοι</span> <span class='ocrx_word' id='word_1_221' title='bbox 2321 1814 2616 1884; x_wconf 79' lang='grc' dir='ltr'>ἐψεύσαντό</span> <span class='ocrx_word' id='word_1_222' title='bbox 2638 1834 2749 1886; x_wconf 85' lang='grc' dir='ltr'>μοι,</span> <span class='ocrx_word' id='word_1_223' title='bbox 2779 1816 2886 1870; x_wconf 71' lang='grc' dir='ltr'>υἱοὶ</span> <span class='ocrx_word' id='word_1_224' title='bbox 2911 1817 3182 1890; x_wconf 82' lang='grc' dir='ltr'>ἀλλότριοι</span> <span class='ocrx_word' id='word_1_225' title='bbox 3209 1819 3522 1892; x_wconf 87' lang='grc' dir='ltr'>ἐπαλαιώθη</span> <span class='ocrx_word' id='word_1_226' title='bbox 3533 1838 3700 1877; x_wconf 74' lang='grc' dir='ltr'>σαν.»</span> 
     </span>
    </p>
   </div>
   <div class='ocr_carea' id='block_1_34' title="bbox 417 1907 2003 1983">
    <p class='ocr_par' dir='ltr' id='par_1_34' title="bbox 417 1907 2003 1983">
     <span class='ocr_line' id='line_1_34' title="bbox 417 1907 2003 1983; baseline 0.004 -23"><span class='ocrx_word' id='word_1_227' title='bbox 417 1907 642 1962; x_wconf 81' lang='lat' dir='ltr'><strong>veterati</strong></span> <span class='ocrx_word' id='word_1_228' title='bbox 668 1917 797 1962; x_wconf 86' lang='lat' dir='ltr'><strong>sunt</strong></span> <span class='ocrx_word' id='word_1_229' title='bbox 827 1909 892 1963; x_wconf 77' lang='grc'><strong>³⁵.</strong></span> <span class='ocrx_word' id='word_1_230' title='bbox 928 1929 946 1961; x_wconf 71' lang='grc' dir='ltr'><strong>ι</strong></span> <span class='ocrx_word' id='word_1_231' title='bbox 1005 1909 1250 1976; x_wconf 83' lang='lat' dir='ltr'><strong>Quarum</strong></span> <span class='ocrx_word' id='word_1_232' title='bbox 1299 1910 1445 1965; x_wconf 90' lang='lat' dir='ltr'><strong>enim</strong></span> <span class='ocrx_word' id='word_1_233' title='bbox 1476 1914 1715 1982; x_wconf 80' lang='lat' dir='ltr'><strong>gentium</strong></span> <span class='ocrx_word' id='word_1_234' title='bbox 1750 1913 1803 1966; x_wconf 90' lang='lat' dir='ltr'><strong>in</strong></span> <span class='ocrx_word' id='word_1_235' title='bbox 1839 1920 2003 1983; x_wconf 85' lang='lat' dir='ltr'><strong>caput</strong></span> 
     </span>
    </p>
   </div>
   <div class='ocr_carea' id='block_1_35' title="bbox 410 1996 2002 2076">
    <p class='ocr_par' dir='ltr' id='par_1_35' title="bbox 410 1996 2002 2076">
     <span class='ocr_line' id='line_1_35' title="bbox 410 1996 2002 2076; baseline 0.006 -25"><span class='ocrx_word' id='word_1_236' title='bbox 410 1996 677 2054; x_wconf 83' lang='lat' dir='ltr'><strong>&#39;Davidem</strong></span> <span class='ocrx_word' id='word_1_237' title='bbox 711 2001 1072 2056; x_wconf 89' lang='lat' dir='ltr'><strong>constitutum</strong></span> <span class='ocrx_word' id='word_1_238' title='bbox 1125 2003 1414 2060; x_wconf 86' lang='lat' dir='ltr'><strong>ostendere</strong></span> <span class='ocrx_word' id='word_1_239' title='bbox 1457 2004 1678 2069; x_wconf 85' lang='lat' dir='ltr'><strong>valent,</strong></span> <span class='ocrx_word' id='word_1_240' title='bbox 1736 2013 1830 2059; x_wconf 91' lang='lat' dir='ltr'><strong>aut</strong></span> <span class='ocrx_word' id='word_1_241' title='bbox 1876 2006 2002 2076; x_wconf 91' lang='lat' dir='ltr'><strong>quis</strong></span> 
     </span>
    </p>
   </div>
   <div class='ocr_carea' id='block_1_36' title="bbox 416 2091 2004 2170">
    <p class='ocr_par' dir='ltr' id='par_1_36' title="bbox 416 2091 2004 2170">
     <span class='ocr_line' id='line_1_36' title="bbox 416 2091 2004 2170; baseline 0.006 -26"><span class='ocrx_word' id='word_1_242' title='bbox 416 2091 522 2146; x_wconf 86' lang='lat' dir='ltr'><strong>iste</strong></span> <span class='ocrx_word' id='word_1_243' title='bbox 553 2093 788 2163; x_wconf 90' lang='lat' dir='ltr'><strong>populus</strong></span> <span class='ocrx_word' id='word_1_244' title='bbox 808 2133 822 2157; x_wconf 90' lang='lat'><strong>,</strong></span> <span class='ocrx_word' id='word_1_245' title='bbox 857 2108 1018 2164; x_wconf 90' lang='lat' dir='ltr'><strong>quem</strong></span> <span class='ocrx_word' id='word_1_246' title='bbox 1053 2109 1162 2148; x_wconf 91' lang='lat' dir='ltr'><strong>non</strong></span> <span class='ocrx_word' id='word_1_247' title='bbox 1189 2105 1518 2166; x_wconf 81' lang='lat' dir='ltr'><strong>cOgnoverat</strong></span> <span class='ocrx_word' id='word_1_248' title='bbox 1549 2098 1702 2166; x_wconf 90' lang='lat' dir='ltr'><strong>prius</strong></span> <span class='ocrx_word' id='word_1_249' title='bbox 1731 2139 1744 2160; x_wconf 89' lang='lat'><strong>.</strong></span> <span class='ocrx_word' id='word_1_250' title='bbox 1801 2099 2004 2170; x_wconf 89' lang='lat' dir='ltr'><strong>quique</strong></span> 
     </span>
    </p>
   </div>
   <div class='ocr_carea' id='block_1_37' title="bbox 416 2186 2000 2258">
    <p class='ocr_par' dir='ltr' id='par_1_37' title="bbox 416 2186 2000 2258">
     <span class='ocr_line' id='line_1_37' title="bbox 416 2186 2000 2258; baseline 0.004 -20"><span class='ocrx_word' id='word_1_251' title='bbox 416 2193 596 2240; x_wconf 84' lang='lat' dir='ltr'><strong>tamen</strong></span> <span class='ocrx_word' id='word_1_252' title='bbox 625 2186 673 2240; x_wconf 85' lang='lat' dir='ltr'><strong>ei</strong></span> <span class='ocrx_word' id='word_1_253' title='bbox 703 2187 922 2249; x_wconf 88' lang='lat' dir='ltr'><strong>serviit,</strong></span> <span class='ocrx_word' id='word_1_254' title='bbox 963 2187 1018 2240; x_wconf 91' lang='lat' dir='ltr'><strong>in</strong></span> <span class='ocrx_word' id='word_1_255' title='bbox 1061 2186 1251 2242; x_wconf 87' lang='lat' dir='ltr'><strong>auditu</strong></span> <span class='ocrx_word' id='word_1_256' title='bbox 1283 2189 1431 2244; x_wconf 90' lang='lat' dir='ltr'><strong>auris</strong></span> <span class='ocrx_word' id='word_1_257' title='bbox 1463 2189 1725 2244; x_wconf 87' lang='lat' dir='ltr'><strong>obediens</strong></span> <span class='ocrx_word' id='word_1_258' title='bbox 1760 2191 1843 2245; x_wconf 84' lang='lat' dir='ltr'><strong>ei!</strong></span> <span class='ocrx_word' id='word_1_259' title='bbox 1897 2190 2000 2258; x_wconf 83' lang='lat' dir='ltr'><strong>Qui</strong></span> 
     </span>
    </p>
   </div>
   <div class='ocr_carea' id='block_1_38' title="bbox 415 2278 2003 2349">
    <p class='ocr_par' dir='ltr' id='par_1_38' title="bbox 415 2278 2003 2349">
     <span class='ocr_line' id='line_1_38' title="bbox 415 2278 2003 2349; baseline 0.004 -17"><span class='ocrx_word' id='word_1_260' title='bbox 415 2285 469 2332; x_wconf 85' lang='lat' dir='ltr'><strong>et</strong></span> <span class='ocrx_word' id='word_1_261' title='bbox 501 2278 713 2332; x_wconf 84' lang='lat' dir='ltr'><strong>mentiti</strong></span> <span class='ocrx_word' id='word_1_262' title='bbox 754 2279 802 2333; x_wconf 93' lang='lat' dir='ltr'><strong>ei</strong></span> <span class='ocrx_word' id='word_1_263' title='bbox 845 2279 940 2333; x_wconf 84' lang='lat' dir='ltr'><strong>ﬁlii</strong></span> <span class='ocrx_word' id='word_1_264' title='bbox 971 2280 1133 2334; x_wconf 91' lang='lat' dir='ltr'><strong>alieni</strong></span> <span class='ocrx_word' id='word_1_265' title='bbox 1162 2280 1441 2346; x_wconf 90' lang='lat' dir='ltr'><strong>dicuntur,</strong></span> <span class='ocrx_word' id='word_1_266' title='bbox 1485 2292 1538 2338; x_wconf 89' lang='lat' dir='ltr'><strong>et</strong></span> <span class='ocrx_word' id='word_1_267' title='bbox 1576 2284 1892 2349; x_wconf 84' lang='lat' dir='ltr'><strong>inveterati,</strong></span> <span class='ocrx_word' id='word_1_268' title='bbox 1949 2294 2003 2342; x_wconf 89' lang='lat' dir='ltr'><strong>et</strong></span> 
     </span>
    </p>
   </div>
   <div class='ocr_carea' id='block_1_39' title="bbox 415 2367 1996 2446">
    <p class='ocr_par' dir='ltr' id='par_1_39' title="bbox 415 2367 1996 2446">
     <span class='ocr_line' id='line_1_39' title="bbox 415 2367 1996 2446; baseline 0.006 -24"><span class='ocrx_word' id='word_1_269' title='bbox 415 2367 788 2426; x_wconf 77' lang='lat' dir='ltr'><strong>claudiCantes</strong></span> <span class='ocrx_word' id='word_1_270' title='bbox 818 2387 846 2426; x_wconf 92' lang='lat' dir='ltr'><strong>a</strong></span> <span class='ocrx_word' id='word_1_271' title='bbox 879 2371 1089 2427; x_wconf 87' lang='lat' dir='ltr'><strong>semitis</strong></span> <span class='ocrx_word' id='word_1_272' title='bbox 1113 2372 1268 2428; x_wconf 86' lang='lat' dir='ltr'><strong>suis?</strong></span> <span class='ocrx_word' id='word_1_273' title='bbox 1297 2375 1365 2427; x_wconf 82' lang='lat' dir='ltr'><strong>At</strong></span> <span class='ocrx_word' id='word_1_274' title='bbox 1396 2375 1551 2430; x_wconf 90' lang='lat' dir='ltr'><strong>nobis</strong></span> <span class='ocrx_word' id='word_1_275' title='bbox 1584 2377 1718 2429; x_wconf 88' lang='lat' dir='ltr'><strong>nihil</strong></span> <span class='ocrx_word' id='word_1_276' title='bbox 1753 2377 1913 2446; x_wconf 84' lang='lat' dir='ltr'><strong>plane</strong></span> <span class='ocrx_word' id='word_1_277' title='bbox 1935 2393 1996 2432; x_wconf 78' lang='lat' dir='ltr'><strong>ex</strong></span> 
     </span>
    </p>
   </div>
   <div class='ocr_carea' id='block_1_40' title="bbox 415 2461 2004 2538">
    <p class='ocr_par' dir='ltr' id='par_1_40' title="bbox 415 2461 2004 2538">
     <span class='ocr_line' id='line_1_40' title="bbox 415 2461 2004 2538; baseline 0.006 -24"><span class='ocrx_word' id='word_1_278' title='bbox 415 2461 483 2516; x_wconf 89' lang='lat' dir='ltr'><strong>iis</strong></span> <span class='ocrx_word' id='word_1_279' title='bbox 508 2475 627 2531; x_wconf 62' lang='lat' dir='ltr'><strong>quae</strong></span> <span class='ocrx_word' id='word_1_280' title='bbox 659 2463 716 2516; x_wconf 92' lang='lat' dir='ltr'><strong>in</strong></span> <span class='ocrx_word' id='word_1_281' title='bbox 748 2462 852 2518; x_wconf 89' lang='lat' dir='ltr'><strong>hoc</strong></span> <span class='ocrx_word' id='word_1_282' title='bbox 899 2463 1110 2533; x_wconf 84' lang='lat' dir='ltr'><strong>psalmo</strong></span> <span class='ocrx_word' id='word_1_283' title='bbox 1147 2463 1481 2530; x_wconf 85' lang='lat' dir='ltr'><strong>referuntur,</strong></span> <span class='ocrx_word' id='word_1_284' title='bbox 1509 2481 1538 2520; x_wconf 92' lang='lat' dir='ltr'><strong>a</strong></span> <span class='ocrx_word' id='word_1_285' title='bbox 1582 2483 1814 2538; x_wconf 87' lang='lat' dir='ltr'><strong>persona</strong></span> <span class='ocrx_word' id='word_1_286' title='bbox 1845 2470 2004 2524; x_wconf 87' lang='lat' dir='ltr'><strong>Chri-</strong></span> 
     </span>
    </p>
   </div>
   <div class='ocr_carea' id='block_1_41' title="bbox 415 2553 2001 2632">
    <p class='ocr_par' dir='ltr' id='par_1_41' title="bbox 415 2553 2001 2632">
     <span class='ocr_line' id='line_1_41' title="bbox 415 2553 2001 2632; baseline 0.004 -23"><span class='ocrx_word' id='word_1_287' title='bbox 415 2554 486 2609; x_wconf 85' lang='lat' dir='ltr'><strong>sti</strong></span> <span class='ocrx_word' id='word_1_288' title='bbox 521 2553 918 2610; x_wconf 88' lang='lat' dir='ltr'><strong>detrahendum</strong></span> <span class='ocrx_word' id='word_1_289' title='bbox 944 2596 959 2620; x_wconf 97' lang='lat'><strong>,</strong></span> <span class='ocrx_word' id='word_1_290' title='bbox 1016 2557 1108 2626; x_wconf 85' lang='lat' dir='ltr'><strong>qui</strong></span> <span class='ocrx_word' id='word_1_291' title='bbox 1163 2559 1218 2612; x_wconf 92' lang='lat' dir='ltr'><strong>in</strong></span> <span class='ocrx_word' id='word_1_292' title='bbox 1255 2560 1499 2629; x_wconf 86' lang='lat' dir='ltr'><strong>gentium</strong></span> <span class='ocrx_word' id='word_1_293' title='bbox 1541 2558 1799 2617; x_wconf 77' lang='lat' dir='ltr'><strong>Ecclesia:</strong></span> <span class='ocrx_word' id='word_1_294' title='bbox 1837 2570 2001 2632; x_wconf 87' lang='lat' dir='ltr'><strong>caput</strong></span> 
     </span>
    </p>
   </div>
   <div class='ocr_carea' id='block_1_42' title="bbox 415 2648 2003 2720">
    <p class='ocr_par' dir='ltr' id='par_1_42' title="bbox 415 2648 2003 2720">
     <span class='ocr_line' id='line_1_42' title="bbox 415 2648 2003 2720; baseline 0.004 -18"><span class='ocrx_word' id='word_1_295' title='bbox 415 2648 750 2702; x_wconf 75' lang='lat' dir='ltr'><strong>censtitutus</strong></span> <span class='ocrx_word' id='word_1_296' title='bbox 779 2658 902 2716; x_wconf 88' lang='lat' dir='ltr'><strong>est;</strong></span> <span class='ocrx_word' id='word_1_297' title='bbox 945 2649 1198 2720; x_wconf 86' lang='lat' dir='ltr'><strong>hancque</strong></span> <span class='ocrx_word' id='word_1_298' title='bbox 1253 2651 1595 2720; x_wconf 89' lang='lat' dir='ltr'><strong>prophetiam</strong></span> <span class='ocrx_word' id='word_1_299' title='bbox 1621 2695 1636 2717; x_wconf 91' lang='lat'><strong>,</strong></span> <span class='ocrx_word' id='word_1_300' title='bbox 1673 2655 1817 2708; x_wconf 86' lang='lat' dir='ltr'><strong>sicut</strong></span> <span class='ocrx_word' id='word_1_301' title='bbox 1857 2655 2003 2709; x_wconf 86' lang='lat' dir='ltr'><strong>acci—</strong></span> 
     </span>
    </p>
   </div>
   <div class='ocr_carea' id='block_1_43' title="bbox 415 2741 1998 2812">
    <p class='ocr_par' dir='ltr' id='par_1_43' title="bbox 415 2741 1998 2812">
     <span class='ocr_line' id='line_1_43' title="bbox 415 2741 1998 2812; baseline 0.004 -18"><span class='ocrx_word' id='word_1_302' title='bbox 415 2741 630 2811; x_wconf 89' lang='lat' dir='ltr'><strong>pimus,</strong></span> <span class='ocrx_word' id='word_1_303' title='bbox 683 2741 843 2812; x_wconf 89' lang='lat' dir='ltr'><strong>plane</strong></span> <span class='ocrx_word' id='word_1_304' title='bbox 888 2742 1165 2812; x_wconf 83' lang='lat' dir='ltr'><strong>impletam</strong></span> <span class='ocrx_word' id='word_1_305' title='bbox 1210 2744 1478 2799; x_wconf 89' lang='lat' dir='ltr'><strong>videmus.</strong></span> <span class='ocrx_word' id='word_1_306' title='bbox 1531 2744 1763 2800; x_wconf 86' lang='lat' dir='ltr'><strong>Eramus</strong></span> <span class='ocrx_word' id='word_1_307' title='bbox 1819 2747 1998 2811; x_wconf 87' lang='lat' dir='ltr'><strong>enim,</strong></span> 
     </span>
    </p>
   </div>
   <div class='ocr_carea' id='block_1_44' title="bbox 413 2832 2003 2900">
    <p class='ocr_par' dir='ltr' id='par_1_44' title="bbox 413 2832 2003 2900">
     <span class='ocr_line' id='line_1_44' title="bbox 413 2832 2003 2900; baseline 0.001 -14"><span class='ocrx_word' id='word_1_308' title='bbox 413 2847 636 2886; x_wconf 84' lang='lat' dir='ltr'><strong>eramus</strong></span> <span class='ocrx_word' id='word_1_309' title='bbox 687 2846 813 2886; x_wconf 88' lang='lat' dir='ltr'><strong>vere</strong></span> <span class='ocrx_word' id='word_1_310' title='bbox 857 2849 874 2881; x_wconf 82' lang='grc' dir='ltr'><strong>ι</strong></span> <span class='ocrx_word' id='word_1_311' title='bbox 924 2832 1143 2887; x_wconf 83' lang='lat' dir='ltr'><strong>alienati</strong></span> <span class='ocrx_word' id='word_1_312' title='bbox 1198 2848 1228 2887; x_wconf 93' lang='lat' dir='ltr'><strong>a</strong></span> <span class='ocrx_word' id='word_1_313' title='bbox 1281 2835 1642 2889; x_wconf 83' lang='lat' dir='ltr'><strong>conversione</strong></span> <span class='ocrx_word' id='word_1_314' title='bbox 1694 2832 1893 2900; x_wconf 86' lang='lat' dir='ltr'><strong>Israel,</strong></span> <span class='ocrx_word' id='word_1_315' title='bbox 1949 2843 2003 2890; x_wconf 89' lang='lat' dir='ltr'><strong>et</strong></span> 
     </span>
    </p>
   </div>
   <div class='ocr_carea' id='block_1_45' title="bbox 413 2923 2003 2997">
    <p class='ocr_par' dir='ltr' id='par_1_45' title="bbox 413 2923 2003 2997">
     <span class='ocr_line' id='line_1_45' title="bbox 413 2923 2003 2997; baseline 0.001 -17"><span class='ocrx_word' id='word_1_316' title='bbox 413 2925 662 2997; x_wconf 88' lang='lat' dir='ltr'><strong>hospites</strong></span> <span class='ocrx_word' id='word_1_317' title='bbox 680 2932 1132 2981; x_wconf 88' lang='lat' dir='ltr'><strong>testamentorum</strong></span> <span class='ocrx_word' id='word_1_318' title='bbox 1159 2925 1538 2994; x_wconf 85' lang='lat' dir='ltr'><strong>promissionis</strong></span> <span class='ocrx_word' id='word_1_319' title='bbox 1568 2923 1635 2992; x_wconf 77' lang='grc'><strong>³⁸,</strong></span> <span class='ocrx_word' id='word_1_320' title='bbox 1660 2944 1680 2978; x_wconf 73' lang='grc' dir='ltr'><strong>ι</strong></span> <span class='ocrx_word' id='word_1_321' title='bbox 1715 2934 1769 2980; x_wconf 92' lang='lat' dir='ltr'><strong>et</strong></span> <span class='ocrx_word' id='word_1_322' title='bbox 1798 2926 2003 2982; x_wconf 81' lang='lat' dir='ltr'><strong>idcirco</strong></span> 
     </span>
    </p>
   </div>
   <div class='ocr_carea' id='block_1_46' title="bbox 414 3017 2001 3090">
    <p class='ocr_par' dir='ltr' id='par_1_46' title="bbox 414 3017 2001 3090">
     <span class='ocr_line' id='line_1_46' title="bbox 414 3017 2001 3090; baseline 0.001 -18"><span class='ocrx_word' id='word_1_323' title='bbox 414 3018 576 3074; x_wconf 74' lang='lat' dir='ltr'><strong>Verbi</strong></span> <span class='ocrx_word' id='word_1_324' title='bbox 624 3017 719 3072; x_wconf 86' lang='lat' dir='ltr'><strong>Dei</strong></span> <span class='ocrx_word' id='word_1_325' title='bbox 766 3018 1079 3089; x_wconf 79' lang='lat' dir='ltr'><strong>cognitione</strong></span> <span class='ocrx_word' id='word_1_326' title='bbox 1124 3017 1376 3088; x_wconf 74' lang='lat' dir='ltr'><strong>indigni;</strong></span> <span class='ocrx_word' id='word_1_327' title='bbox 1422 3019 1517 3073; x_wconf 90' lang='lat' dir='ltr'><strong>sed</strong></span> <span class='ocrx_word' id='word_1_328' title='bbox 1557 3036 1576 3068; x_wconf 81' lang='grc' dir='ltr'><strong>ι</strong></span> <span class='ocrx_word' id='word_1_329' title='bbox 1620 3034 1769 3073; x_wconf 92' lang='lat' dir='ltr'><strong>nunc</strong></span> <span class='ocrx_word' id='word_1_330' title='bbox 1796 3021 2001 3090; x_wconf 77' lang='lat' dir='ltr'><strong>cogno-</strong></span> 
     </span>
    </p>
   </div>
   <div class='ocr_carea' id='block_1_47' title="bbox 414 3105 2002 3180">
    <p class='ocr_par' dir='ltr' id='par_1_47' title="bbox 414 3105 2002 3180">
     <span class='ocr_line' id='line_1_47' title="bbox 414 3105 2002 3180; baseline -0.003 -12"><span class='ocrx_word' id='word_1_331' title='bbox 414 3117 633 3168; x_wconf 77' lang='lat' dir='ltr'><strong>scentes</strong></span> <span class='ocrx_word' id='word_1_332' title='bbox 657 3108 850 3175; x_wconf 88' lang='lat' dir='ltr'><strong>Deum,</strong></span> <span class='ocrx_word' id='word_1_333' title='bbox 879 3109 990 3164; x_wconf 92' lang='lat' dir='ltr'><strong>imo</strong></span> <span class='ocrx_word' id='word_1_334' title='bbox 1024 3125 1053 3162; x_wconf 93' lang='lat' dir='ltr'><strong>a</strong></span> <span class='ocrx_word' id='word_1_335' title='bbox 1078 3105 1189 3165; x_wconf 91' lang='lat' dir='ltr'><strong>Deo</strong></span> <span class='ocrx_word' id='word_1_336' title='bbox 1219 3107 1422 3179; x_wconf 77' lang='lat' dir='ltr'><strong>cogniti</strong></span> <span class='ocrx_word' id='word_1_337' title='bbox 1461 3107 1501 3140; x_wconf 82' lang='grc'><strong>³⁷</strong></span> <span class='ocrx_word' id='word_1_338' title='bbox 1529 3127 1543 3178; x_wconf 90' lang='grc'><strong>;</strong></span> <span class='ocrx_word' id='word_1_339' title='bbox 1578 3109 1672 3179; x_wconf 91' lang='lat' dir='ltr'><strong>qui</strong></span> <span class='ocrx_word' id='word_1_340' title='bbox 1711 3109 2002 3180; x_wconf 84' lang='lat' dir='ltr'><strong>aliquando</strong></span> 
     </span>
    </p>
   </div>
   <div class='ocr_carea' id='block_1_48' title="bbox 2103 1906 3708 1982">
    <p class='ocr_par' dir='ltr' id='par_1_48' title="bbox 2103 1906 3708 1982">
     <span class='ocr_line' id='line_1_48' title="bbox 2103 1906 3708 1982; baseline 0.006 -23"><span class='ocrx_word' id='word_1_341' title='bbox 2103 1906 2280 1960; x_wconf 83' lang='grc' dir='ltr'>Ποίων</span> <span class='ocrx_word' id='word_1_342' title='bbox 2313 1908 2423 1980; x_wconf 77' lang='grc' dir='ltr'>γὰρ</span> <span class='ocrx_word' id='word_1_343' title='bbox 2446 1908 2615 1963; x_wconf 87' lang='grc' dir='ltr'>ἐθνῶν</span> <span class='ocrx_word' id='word_1_344' title='bbox 2643 1911 2723 1974; x_wconf 87' lang='grc' dir='ltr'><strong>είς</strong></span> <span class='ocrx_word' id='word_1_345' title='bbox 2762 1909 3003 1982; x_wconf 85' lang='grc' dir='ltr'>κεφαλὴν</span> <span class='ocrx_word' id='word_1_346' title='bbox 3033 1911 3380 1966; x_wconf 80' lang='grc' dir='ltr'>καταστάντα</span> <span class='ocrx_word' id='word_1_347' title='bbox 3403 1912 3498 1966; x_wconf 79' lang='grc' dir='ltr'><strong>τὸν</strong></span> <span class='ocrx_word' id='word_1_348' title='bbox 3529 1913 3708 1968; x_wconf 75' lang='grc' dir='ltr'><strong>Δαυῖδ</strong></span> 
     </span>
    </p>
   </div>
   <div class='ocr_carea' id='block_1_49' title="bbox 2101 1997 3702 2074">
    <p class='ocr_par' dir='ltr' id='par_1_49' title="bbox 2101 1997 3702 2074">
     <span class='ocr_line' id='line_1_49' title="bbox 2101 1997 3702 2074; baseline 0.006 -24"><span class='ocrx_word' id='word_1_349' title='bbox 2101 1997 2277 2068; x_wconf 75' lang='grc' dir='ltr'>ἔχοιεν</span> <span class='ocrx_word' id='word_1_350' title='bbox 2307 2001 2678 2072; x_wconf 79' lang='grc' dir='ltr'>παραστῆσαι,</span> <span class='ocrx_word' id='word_1_351' title='bbox 2717 2001 2750 2072; x_wconf 74' lang='grc' dir='ltr'>ἢ</span> <span class='ocrx_word' id='word_1_352' title='bbox 2783 2004 2935 2065; x_wconf 85' lang='grc' dir='ltr'>ποῖος</span> <span class='ocrx_word' id='word_1_353' title='bbox 2968 1997 3122 2066; x_wconf 66' lang='grc' dir='ltr'>οὗτος</span> <span class='ocrx_word' id='word_1_354' title='bbox 3145 2003 3292 2068; x_wconf 82' lang='grc' dir='ltr'>λαὸς,</span> <span class='ocrx_word' id='word_1_355' title='bbox 3316 2003 3374 2056; x_wconf 84' lang='grc' dir='ltr'><strong>δν</strong></span> <span class='ocrx_word' id='word_1_356' title='bbox 3395 2004 3495 2058; x_wconf 79' lang='grc' dir='ltr'><strong>οὐκ</strong></span> <span class='ocrx_word' id='word_1_357' title='bbox 3525 2005 3702 2074; x_wconf 86' lang='grc' dir='ltr'>ἐγνώ-</span> 
     </span>
    </p>
   </div>
   <div class='ocr_carea' id='block_1_50' title="bbox 2102 2089 3704 2168">
    <p class='ocr_par' dir='ltr' id='par_1_50' title="bbox 2102 2089 3704 2168">
     <span class='ocr_line' id='line_1_50' title="bbox 2102 2089 3704 2168; baseline 0.007 -28"><span class='ocrx_word' id='word_1_358' title='bbox 2102 2104 2188 2141; x_wconf 85' lang='grc' dir='ltr'><strong>κει</strong></span> <span class='ocrx_word' id='word_1_359' title='bbox 2223 2089 2321 2159; x_wconf 89' lang='grc' dir='ltr'><strong>μὲν</strong></span> <span class='ocrx_word' id='word_1_360' title='bbox 2352 2089 2514 2154; x_wconf 80' lang='grc' dir='ltr'>αὐτὸς</span> <span class='ocrx_word' id='word_1_361' title='bbox 2541 2089 2824 2164; x_wconf 85' lang='grc' dir='ltr'>πρότερον,</span> <span class='ocrx_word' id='word_1_362' title='bbox 2862 2093 3013 2164; x_wconf 84' lang='grc' dir='ltr'>ὅμως</span> <span class='ocrx_word' id='word_1_363' title='bbox 3032 2092 3087 2146; x_wconf 81' lang='grc' dir='ltr'>δὲ</span> <span class='ocrx_word' id='word_1_364' title='bbox 3116 2093 3430 2151; x_wconf 78' lang='grc' dir='ltr'>ἐδούλευσεν</span> <span class='ocrx_word' id='word_1_365' title='bbox 3449 2097 3704 2168; x_wconf 81' lang='grc' dir='ltr'>αῦτῷείς</span> 
     </span>
    </p>
   </div>
   <div class='ocr_carea' id='block_1_51' title="bbox 2101 2179 3701 2257">
    <p class='ocr_par' dir='ltr' id='par_1_51' title="bbox 2101 2179 3701 2257">
     <span class='ocr_line' id='line_1_51' title="bbox 2101 2179 3701 2257; baseline 0.008 -27"><span class='ocrx_word' id='word_1_366' title='bbox 2101 2179 2306 2249; x_wconf 79' lang='grc' dir='ltr'>ἀκουὴν</span> <span class='ocrx_word' id='word_1_367' title='bbox 2339 2179 2500 2233; x_wconf 81' lang='grc' dir='ltr'>ὠτίου</span> <span class='ocrx_word' id='word_1_368' title='bbox 2537 2181 2854 2246; x_wconf 82' lang='grc' dir='ltr'>ὑπακούσας</span> <span class='ocrx_word' id='word_1_369' title='bbox 2894 2180 3062 2253; x_wconf 82' lang='grc' dir='ltr'>αὐτῷ’</span> <span class='ocrx_word' id='word_1_370' title='bbox 3096 2184 3239 2250; x_wconf 88' lang='grc' dir='ltr'>τίνες</span> <span class='ocrx_word' id='word_1_371' title='bbox 3267 2184 3324 2238; x_wconf 83' lang='grc' dir='ltr'>δὲ</span> <span class='ocrx_word' id='word_1_372' title='bbox 3357 2186 3452 2239; x_wconf 80' lang='grc' dir='ltr'><strong>καὶ</strong></span> <span class='ocrx_word' id='word_1_373' title='bbox 3473 2187 3523 2240; x_wconf 85' lang='grc' dir='ltr'><strong>οί</strong></span> <span class='ocrx_word' id='word_1_374' title='bbox 3565 2188 3701 2257; x_wconf 62' lang='grc' dir='ltr'>ψευ-</span> 
     </span>
    </p>
   </div>
   <div class='ocr_carea' id='block_1_52' title="bbox 2101 2270 3696 2345">
    <p class='ocr_par' dir='ltr' id='par_1_52' title="bbox 2101 2270 3696 2345">
     <span class='ocr_line' id='line_1_52' title="bbox 2101 2270 3696 2345; baseline 0.007 -24"><span class='ocrx_word' id='word_1_375' title='bbox 2101 2270 2327 2340; x_wconf 89' lang='grc' dir='ltr'>σάμενοι</span> <span class='ocrx_word' id='word_1_376' title='bbox 2355 2270 2504 2342; x_wconf 84' lang='grc' dir='ltr'>αὑτῷ</span> <span class='ocrx_word' id='word_1_377' title='bbox 2527 2271 2632 2325; x_wconf 72' lang='grc' dir='ltr'>υίοὶ</span> <span class='ocrx_word' id='word_1_378' title='bbox 2654 2272 2920 2345; x_wconf 83' lang='grc' dir='ltr'>ἀλλότριοι</span> <span class='ocrx_word' id='word_1_379' title='bbox 2941 2274 3242 2344; x_wconf 81' lang='grc' dir='ltr'>λεγόμενοι,</span> <span class='ocrx_word' id='word_1_380' title='bbox 3267 2276 3362 2328; x_wconf 75' lang='grc' dir='ltr'>καὶ</span> <span class='ocrx_word' id='word_1_381' title='bbox 3379 2278 3428 2329; x_wconf 89' lang='grc' dir='ltr'><strong>οί</strong></span> <span class='ocrx_word' id='word_1_382' title='bbox 3450 2278 3696 2332; x_wconf 76' lang='grc' dir='ltr'>παλαιω</span> 
     </span>
    </p>
   </div>
   <div class='ocr_carea' id='block_1_53' title="bbox 2102 2358 3707 2436">
    <p class='ocr_par' dir='ltr' id='par_1_53' title="bbox 2102 2358 3707 2436">
     <span class='ocr_line' id='line_1_53' title="bbox 2102 2358 3707 2436; baseline 0.007 -25"><span class='ocrx_word' id='word_1_383' title='bbox 2102 2358 2285 2423; x_wconf 84' lang='grc' dir='ltr'>θέντες</span> <span class='ocrx_word' id='word_1_384' title='bbox 2315 2360 2409 2414; x_wconf 82' lang='grc' dir='ltr'>καὶ</span> <span class='ocrx_word' id='word_1_385' title='bbox 2439 2361 2780 2430; x_wconf 88' lang='grc' dir='ltr'>χωλάναντες</span> <span class='ocrx_word' id='word_1_386' title='bbox 2804 2364 2911 2416; x_wconf 78' lang='grc' dir='ltr'><strong>ἀπὸ</strong></span> <span class='ocrx_word' id='word_1_387' title='bbox 2928 2363 3038 2417; x_wconf 86' lang='grc' dir='ltr'><strong>τῶν</strong></span> <span class='ocrx_word' id='word_1_388' title='bbox 3062 2363 3269 2436; x_wconf 87' lang='grc' dir='ltr'>τρίϐων</span> <span class='ocrx_word' id='word_1_389' title='bbox 3302 2366 3518 2432; x_wconf 59' lang='lat' dir='ltr'><strong>auri-3v;</strong></span> <span class='ocrx_word' id='word_1_390' title='bbox 3555 2369 3707 2422; x_wconf 80' lang='grc' dir='ltr'>Ἀλλ’</span> 
     </span>
    </p>
   </div>
   <div class='ocr_carea' id='block_1_54' title="bbox 2101 2454 3705 2535">
    <p class='ocr_par' dir='ltr' id='par_1_54' title="bbox 2101 2454 3705 2535">
     <span class='ocr_line' id='line_1_54' title="bbox 2101 2454 3705 2535; baseline 0 -29"><span class='ocrx_word' id='word_1_391' title='bbox 2101 2455 2232 2523; x_wconf 76' lang='grc' dir='ltr'>ἡμῖν</span> <span class='ocrx_word' id='word_1_392' title='bbox 2264 2454 2374 2508; x_wconf 82' lang='grc' dir='ltr'>οὐδ’</span> <span class='ocrx_word' id='word_1_393' title='bbox 2398 2455 2537 2519; x_wconf 83' lang='grc' dir='ltr'>ὅλως</span> <span class='ocrx_word' id='word_1_394' title='bbox 2559 2473 2611 2510; x_wconf 87' lang='grc' dir='ltr'><strong>τι</strong></span> <span class='ocrx_word' id='word_1_395' title='bbox 2633 2457 2741 2510; x_wconf 89' lang='grc' dir='ltr'><strong>τῶν</strong></span> <span class='ocrx_word' id='word_1_396' title='bbox 2767 2459 2825 2512; x_wconf 84' lang='grc' dir='ltr'><strong>ἐν</strong></span> <span class='ocrx_word' id='word_1_397' title='bbox 2856 2458 2934 2530; x_wconf 81' lang='grc' dir='ltr'><strong>τῷ</strong></span> <span class='ocrx_word' id='word_1_398' title='bbox 2961 2459 3158 2531; x_wconf 79' lang='grc' dir='ltr'>ψαλμῷ</span> <span class='ocrx_word' id='word_1_399' title='bbox 3181 2461 3491 2533; x_wconf 79' lang='grc' dir='ltr'>λεγομένων</span> <span class='ocrx_word' id='word_1_400' title='bbox 3524 2481 3705 2535; x_wconf 73' lang='grc' dir='ltr'>προσ.</span> 
     </span>
    </p>
   </div>
   <div class='ocr_carea' id='block_1_55' title="bbox 2100 2545 3704 2622">
    <p class='ocr_par' dir='ltr' id='par_1_55' title="bbox 2100 2545 3704 2622">
     <span class='ocr_line' id='line_1_55' title="bbox 2100 2545 3704 2622; baseline 0.01 -25"><span class='ocrx_word' id='word_1_401' title='bbox 2100 2545 2255 2616; x_wconf 67' lang='grc' dir='ltr'>κόψει</span> <span class='ocrx_word' id='word_1_402' title='bbox 2281 2548 2345 2600; x_wconf 85' lang='grc' dir='ltr'><strong>ἐκ</strong></span> <span class='ocrx_word' id='word_1_403' title='bbox 2379 2548 2674 2620; x_wconf 84' lang='grc' dir='ltr'>προσώπου</span> <span class='ocrx_word' id='word_1_404' title='bbox 2705 2551 2801 2604; x_wconf 84' lang='grc' dir='ltr'><strong>τοῦ</strong></span> <span class='ocrx_word' id='word_1_405' title='bbox 2826 2553 3086 2622; x_wconf 84' lang='grc' dir='ltr'>Χριστοῦ,</span> <span class='ocrx_word' id='word_1_406' title='bbox 3123 2554 3218 2608; x_wconf 87' lang='grc' dir='ltr'><strong>τοῦ</strong></span> <span class='ocrx_word' id='word_1_407' title='bbox 3260 2556 3704 2621; x_wconf 79' lang='grc' dir='ltr'>κατασταθέντος</span> 
     </span>
    </p>
   </div>
   <div class='ocr_carea' id='block_1_56' title="bbox 2101 2639 3704 2719">
    <p class='ocr_par' dir='ltr' id='par_1_56' title="bbox 2101 2639 3704 2719">
     <span class='ocr_line' id='line_1_56' title="bbox 2101 2639 3704 2719; baseline 0.009 -29"><span class='ocrx_word' id='word_1_408' title='bbox 2101 2639 2180 2702; x_wconf 83' lang='grc' dir='ltr'><strong>είς</strong></span> <span class='ocrx_word' id='word_1_409' title='bbox 2206 2639 2448 2712; x_wconf 77' lang='grc' dir='ltr'>κεφαλὴν</span> <span class='ocrx_word' id='word_1_410' title='bbox 2473 2642 2573 2712; x_wconf 81' lang='grc' dir='ltr'>τῆς</span> <span class='ocrx_word' id='word_1_411' title='bbox 2597 2641 2656 2706; x_wconf 81' lang='grc' dir='ltr'><strong>ἐξ</strong></span> <span class='ocrx_word' id='word_1_412' title='bbox 2687 2642 2854 2698; x_wconf 86' lang='grc' dir='ltr'>ἐθνῶν</span> <span class='ocrx_word' id='word_1_413' title='bbox 2893 2643 3237 2716; x_wconf 82' lang='grc' dir='ltr'>Ἐκκλησίας,</span> <span class='ocrx_word' id='word_1_414' title='bbox 3256 2647 3352 2701; x_wconf 74' lang='grc' dir='ltr'><strong>καὶ</strong></span> <span class='ocrx_word' id='word_1_415' title='bbox 3364 2649 3574 2719; x_wconf 83' lang='grc' dir='ltr'>ταύτην</span> <span class='ocrx_word' id='word_1_416' title='bbox 3609 2651 3704 2704; x_wconf 83' lang='grc' dir='ltr'>ἐκ·</span> 
     </span>
    </p>
   </div>
   <div class='ocr_carea' id='block_1_57' title="bbox 2101 2729 3703 2816">
    <p class='ocr_par' dir='ltr' id='par_1_57' title="bbox 2101 2729 3703 2816">
     <span class='ocr_line' id='line_1_57' title="bbox 2101 2729 3703 2816; baseline 0.01 -35"><span class='ocrx_word' id='word_1_417' title='bbox 2101 2729 2436 2799; x_wconf 86' lang='grc' dir='ltr'>λαμϐάνουσι</span> <span class='ocrx_word' id='word_1_418' title='bbox 2467 2733 2565 2804; x_wconf 82' lang='grc' dir='ltr'>τὴν</span> <span class='ocrx_word' id='word_1_419' title='bbox 2597 2737 2932 2806; x_wconf 85' lang='grc' dir='ltr'>προφητείαν</span> <span class='ocrx_word' id='word_1_420' title='bbox 2948 2735 3214 2809; x_wconf 77' lang='grc' dir='ltr'>θεωροῦσι</span> <span class='ocrx_word' id='word_1_421' title='bbox 3242 2755 3304 2792; x_wconf 89' lang='grc' dir='ltr'><strong>τε</strong></span> <span class='ocrx_word' id='word_1_422' title='bbox 3334 2739 3508 2812; x_wconf 75' lang='grc' dir='ltr'>αὐτὴν</span> <span class='ocrx_word' id='word_1_423' title='bbox 3543 2745 3703 2816; x_wconf 85' lang='grc' dir='ltr'>ἐναρ-</span> 
     </span>
    </p>
   </div>
   <div class='ocr_carea' id='block_1_58' title="bbox 2102 2819 3700 2908">
    <p class='ocr_par' dir='ltr' id='par_1_58' title="bbox 2102 2819 3700 2908">
     <span class='ocr_line' id='line_1_58' title="bbox 2102 2819 3700 2908; baseline 0.011 -36"><span class='ocrx_word' id='word_1_424' title='bbox 2102 2819 2214 2888; x_wconf 86' lang='grc' dir='ltr'><strong>γῶς</strong></span> <span class='ocrx_word' id='word_1_425' title='bbox 2249 2823 2708 2895; x_wconf 85' lang='grc' dir='ltr'>πεπληρωμένην·</span> <span class='ocrx_word' id='word_1_426' title='bbox 2745 2821 2887 2898; x_wconf 73' lang='grc' dir='ltr'>ἦμεν</span> <span class='ocrx_word' id='word_1_427' title='bbox 2912 2827 3042 2897; x_wconf 83' lang='grc' dir='ltr'>γὰρ,</span> <span class='ocrx_word' id='word_1_428' title='bbox 3065 2823 3207 2901; x_wconf 78' lang='grc' dir='ltr'>ἦμεν</span> <span class='ocrx_word' id='word_1_429' title='bbox 3237 2831 3459 2904; x_wconf 84' lang='grc' dir='ltr'>ἀληθῶς</span> <span class='ocrx_word' id='word_1_430' title='bbox 3492 2836 3700 2908; x_wconf 75' lang='grc' dir='ltr'>«ἀπηλ-</span> 
     </span>
    </p>
   </div>
   <div class='ocr_carea' id='block_1_59' title="bbox 2102 2909 3701 2992">
    <p class='ocr_par' dir='ltr' id='par_1_59' title="bbox 2102 2909 3701 2992">
     <span class='ocr_line' id='line_1_59' title="bbox 2102 2909 3701 2992; baseline 0.013 -30"><span class='ocrx_word' id='word_1_431' title='bbox 2102 2909 2456 2984; x_wconf 83' lang='grc' dir='ltr'>λοτριωμένοι</span> <span class='ocrx_word' id='word_1_432' title='bbox 2483 2915 2583 2986; x_wconf 82' lang='grc' dir='ltr'>τῆς</span> <span class='ocrx_word' id='word_1_433' title='bbox 2615 2917 2890 2981; x_wconf 86' lang='grc' dir='ltr'>πολιτείας</span> <span class='ocrx_word' id='word_1_434' title='bbox 2914 2918 3007 2971; x_wconf 91' lang='grc' dir='ltr'><strong>τοῦ</strong></span> <span class='ocrx_word' id='word_1_435' title='bbox 3043 2919 3284 2992; x_wconf 83' lang='grc' dir='ltr'>Ἰσραὴλ,</span> <span class='ocrx_word' id='word_1_436' title='bbox 3308 2924 3404 2977; x_wconf 77' lang='grc' dir='ltr'>καὶ</span> <span class='ocrx_word' id='word_1_437' title='bbox 3423 2925 3567 2992; x_wconf 80' lang='grc' dir='ltr'>ξένοι</span> <span class='ocrx_word' id='word_1_438' title='bbox 3593 2927 3701 2982; x_wconf 82' lang='grc' dir='ltr'><strong>τῶν</strong></span> 
     </span>
    </p>
   </div>
   <div class='ocr_carea' id='block_1_60' title="bbox 2102 3001 3700 3091">
    <p class='ocr_par' dir='ltr' id='par_1_60' title="bbox 2102 3001 3700 3091">
     <span class='ocr_line' id='line_1_60' title="bbox 2102 3001 3700 3091; baseline 0.011 -36"><span class='ocrx_word' id='word_1_439' title='bbox 2102 3001 2376 3076; x_wconf 83' lang='grc' dir='ltr'>διαθηκῶν</span> <span class='ocrx_word' id='word_1_440' title='bbox 2401 3008 2502 3077; x_wconf 79' lang='grc' dir='ltr'>τῆς</span> <span class='ocrx_word' id='word_1_441' title='bbox 2533 3009 2885 3077; x_wconf 84' lang='grc' dir='ltr'>ἐπαγγελίας,</span> <span class='ocrx_word' id='word_1_442' title='bbox 2922 3030 2940 3062; x_wconf 75' lang='grc' dir='ltr'><strong>ι</strong></span> <span class='ocrx_word' id='word_1_443' title='bbox 2991 3013 3083 3066; x_wconf 73' lang='grc' dir='ltr'>καὶ</span> <span class='ocrx_word' id='word_1_444' title='bbox 3115 3013 3204 3066; x_wconf 81' lang='grc' dir='ltr'>διὰ</span> <span class='ocrx_word' id='word_1_445' title='bbox 3248 3015 3410 3070; x_wconf 86' lang='grc' dir='ltr'>τοῦτο</span> <span class='ocrx_word' id='word_1_446' title='bbox 3434 3019 3515 3091; x_wconf 67' lang='grc' dir='ltr'>μὴ</span> <span class='ocrx_word' id='word_1_447' title='bbox 3557 3020 3700 3087; x_wconf 72' lang='grc' dir='ltr'>ἄξιοι</span> 
     </span>
    </p>
   </div>
   <div class='ocr_carea' id='block_1_61' title="bbox 2102 3093 3699 3177">
    <p class='ocr_par' dir='ltr' id='par_1_61' title="bbox 2102 3093 3699 3177">
     <span class='ocr_line' id='line_1_61' title="bbox 2102 3093 3699 3177; baseline 0.01 -28"><span class='ocrx_word' id='word_1_448' title='bbox 2102 3093 2205 3164; x_wconf 77' lang='grc' dir='ltr'>τῆς</span> <span class='ocrx_word' id='word_1_449' title='bbox 2224 3096 2320 3150; x_wconf 87' lang='grc' dir='ltr'><strong>τοῦ</strong></span> <span class='ocrx_word' id='word_1_450' title='bbox 2348 3097 2508 3167; x_wconf 85' lang='grc' dir='ltr'>λόγου</span> <span class='ocrx_word' id='word_1_451' title='bbox 2532 3099 2626 3153; x_wconf 92' lang='grc' dir='ltr'><strong>τοῦ</strong></span> <span class='ocrx_word' id='word_1_452' title='bbox 2654 3100 2788 3156; x_wconf 81' lang='grc' dir='ltr'>Θεοῦ</span> <span class='ocrx_word' id='word_1_453' title='bbox 2824 3103 3099 3170; x_wconf 76' lang='grc' dir='ltr'>γνώσεωςο</span> <span class='ocrx_word' id='word_1_454' title='bbox 3134 3105 3270 3160; x_wconf 87' lang='grc' dir='ltr'><strong>ἀλλά</strong></span> <span class='ocrx_word' id='word_1_455' title='bbox 3304 3126 3320 3159; x_wconf 80' lang='grc' dir='ltr'><strong>ι</strong></span> <span class='ocrx_word' id='word_1_456' title='bbox 3345 3108 3444 3162; x_wconf 85' lang='grc' dir='ltr'><strong>νῦν</strong></span> <span class='ocrx_word' id='word_1_457' title='bbox 3476 3111 3699 3177; x_wconf 83' lang='grc' dir='ltr'>γνόντες</span> 
     </span>
    </p>
   </div>
   <div class='ocr_carea' id='block_1_62' title="bbox 413 3168 1997 3272">
    <p class='ocr_par' dir='ltr' id='par_1_62' title="bbox 413 3200 1997 3272">
     <span class='ocr_line' id='line_1_62' title="bbox 413 3200 1997 3272; baseline -0.003 -14"><span class='ocrx_word' id='word_1_458' title='bbox 413 3216 636 3259; x_wconf 86' lang='lat' dir='ltr'><strong>eramus</strong></span> <span class='ocrx_word' id='word_1_459' title='bbox 686 3202 881 3272; x_wconf 80' lang='lat' dir='ltr'><strong>longe,</strong></span> <span class='ocrx_word' id='word_1_460' title='bbox 919 3200 1048 3256; x_wconf 82' lang='lat' dir='ltr'><strong>facti</strong></span> <span class='ocrx_word' id='word_1_461' title='bbox 1091 3211 1282 3256; x_wconf 77' lang='lat' dir='ltr'><strong>Sumus</strong></span> <span class='ocrx_word' id='word_1_462' title='bbox 1335 3216 1503 3272; x_wconf 88' lang='lat' dir='ltr'><strong>prope</strong></span> <span class='ocrx_word' id='word_1_463' title='bbox 1534 3201 1599 3266; x_wconf 82' lang='grc'><strong>³³,</strong></span> <span class='ocrx_word' id='word_1_464' title='bbox 1639 3220 1657 3252; x_wconf 74' lang='grc' dir='ltr'><strong>ι</strong></span> <span class='ocrx_word' id='word_1_465' title='bbox 1694 3209 1747 3256; x_wconf 92' lang='lat' dir='ltr'><strong>et</strong></span> <span class='ocrx_word' id='word_1_466' title='bbox 1775 3201 1997 3257; x_wconf 87' lang='lat' dir='ltr'><strong>servivi-</strong></span> 
     </span>
    </p>
   </div>
   <div class='ocr_carea' id='block_1_63' title="bbox 2104 3168 3698 3272">
    <p class='ocr_par' dir='ltr' id='par_1_63' title="bbox 2104 3168 3698 3270">
     <span class='ocr_line' id='line_1_63' title="bbox 2104 3168 3698 3270; baseline 0.012 -31"><span class='ocrx_word' id='word_1_467' title='bbox 2104 3186 2256 3252; x_wconf 87' lang='grc' dir='ltr'>Θεὸν,</span> <span class='ocrx_word' id='word_1_468' title='bbox 2284 3189 2482 3259; x_wconf 82' lang='grc' dir='ltr'>μᾶλλον</span> <span class='ocrx_word' id='word_1_469' title='bbox 2498 3190 2555 3243; x_wconf 83' lang='grc' dir='ltr'>δὲ</span> <span class='ocrx_word' id='word_1_470' title='bbox 2576 3168 2910 3262; x_wconf 78' lang='grc' dir='ltr'>γνωσθέντες</span> <span class='ocrx_word' id='word_1_471' title='bbox 2942 3197 3033 3250; x_wconf 81' lang='grc' dir='ltr'>ὑπ’</span> <span class='ocrx_word' id='word_1_472' title='bbox 3054 3197 3242 3263; x_wconf 84' lang='grc' dir='ltr'>αὑτοῦ,</span> <span class='ocrx_word' id='word_1_473' title='bbox 3271 3217 3290 3250; x_wconf 83' lang='grc'>›</span> <span class='ocrx_word' id='word_1_474' title='bbox 3313 3201 3476 3270; x_wconf 80' lang='grc' dir='ltr'>ἡμεῖς</span> <span class='ocrx_word' id='word_1_475' title='bbox 3489 3168 3545 3256; x_wconf 71' lang='grc' dir='ltr'><strong>ὀί</strong></span> <span class='ocrx_word' id='word_1_476' title='bbox 3568 3168 3698 3257; x_wconf 72' lang='grc' dir='ltr'><strong>ποτέ</strong></span> 
     </span>
    </p>
   </div>
   <div class='ocr_carea' id='block_1_64' title="bbox 413 3293 2000 3365">
    <p class='ocr_par' dir='ltr' id='par_1_64' title="bbox 413 3293 2000 3365">
     <span class='ocr_line' id='line_1_64' title="bbox 413 3293 2000 3365; baseline 0 -16"><span class='ocrx_word' id='word_1_477' title='bbox 413 3310 540 3351; x_wconf 90' lang='lat' dir='ltr'><strong>mus</strong></span> <span class='ocrx_word' id='word_1_478' title='bbox 577 3309 680 3349; x_wconf 88' lang='lat' dir='ltr'><strong>nos</strong></span> <span class='ocrx_word' id='word_1_479' title='bbox 725 3293 854 3349; x_wconf 91' lang='lat' dir='ltr'><strong>olim</strong></span> <span class='ocrx_word' id='word_1_480' title='bbox 888 3307 997 3348; x_wconf 89' lang='lat' dir='ltr'><strong>non</strong></span> <span class='ocrx_word' id='word_1_481' title='bbox 1038 3294 1414 3365; x_wconf 80' lang='lat' dir='ltr'><strong>cognoscenti,</strong></span> <span class='ocrx_word' id='word_1_482' title='bbox 1445 3303 1500 3349; x_wconf 89' lang='lat' dir='ltr'><strong>et</strong></span> <span class='ocrx_word' id='word_1_483' title='bbox 1536 3293 1589 3348; x_wconf 90' lang='lat' dir='ltr'><strong>in</strong></span> <span class='ocrx_word' id='word_1_484' title='bbox 1622 3295 1810 3349; x_wconf 89' lang='lat' dir='ltr'><strong>auditu</strong></span> <span class='ocrx_word' id='word_1_485' title='bbox 1850 3293 2000 3349; x_wconf 89' lang='lat' dir='ltr'><strong>auris</strong></span> 
     </span>
    </p>
   </div>
   <div class='ocr_carea' id='block_1_65' title="bbox 413 3383 1996 3458">
    <p class='ocr_par' dir='ltr' id='par_1_65' title="bbox 413 3383 1996 3458">
     <span class='ocr_line' id='line_1_65' title="bbox 413 3383 1996 3458; baseline -0.003 -14"><span class='ocrx_word' id='word_1_486' title='bbox 413 3385 757 3444; x_wconf 88' lang='lat' dir='ltr'><strong>obedivimus</strong></span> <span class='ocrx_word' id='word_1_487' title='bbox 786 3387 857 3451; x_wconf 90' lang='lat' dir='ltr'><strong>ei,</strong></span> <span class='ocrx_word' id='word_1_488' title='bbox 885 3394 1110 3458; x_wconf 89' lang='lat' dir='ltr'><strong>accepto</strong></span> <span class='ocrx_word' id='word_1_489' title='bbox 1150 3388 1274 3442; x_wconf 89' lang='lat' dir='ltr'><strong>novi</strong></span> <span class='ocrx_word' id='word_1_490' title='bbox 1296 3383 1630 3444; x_wconf 88' lang='lat' dir='ltr'><strong>Testamenti</strong></span> <span class='ocrx_word' id='word_1_491' title='bbox 1659 3387 1781 3458; x_wconf 88' lang='lat' dir='ltr'><strong>ejus</strong></span> <span class='ocrx_word' id='word_1_492' title='bbox 1808 3387 1996 3451; x_wconf 75' lang='lat' dir='ltr'><strong>verbo,</strong></span> 
     </span>
    </p>
   </div>
   <div class='ocr_carea' id='block_1_66' title="bbox 414 3475 2000 3553">
    <p class='ocr_par' dir='ltr' id='par_1_66' title="bbox 414 3475 2000 3553">
     <span class='ocr_line' id='line_1_66' title="bbox 414 3475 2000 3553; baseline 0 -19"><span class='ocrx_word' id='word_1_493' title='bbox 414 3480 561 3552; x_wconf 91' lang='lat' dir='ltr'><strong>quod</strong></span> <span class='ocrx_word' id='word_1_494' title='bbox 591 3481 644 3534; x_wconf 93' lang='lat' dir='ltr'><strong>in</strong></span> <span class='ocrx_word' id='word_1_495' title='bbox 671 3495 774 3536; x_wconf 91' lang='lat' dir='ltr'><strong>nos</strong></span> <span class='ocrx_word' id='word_1_496' title='bbox 805 3479 1024 3534; x_wconf 83' lang='lat' dir='ltr'><strong>inludit.</strong></span> <span class='ocrx_word' id='word_1_497' title='bbox 1058 3475 1191 3536; x_wconf 85' lang='lat' dir='ltr'><strong>Mire</strong></span> <span class='ocrx_word' id='word_1_498' title='bbox 1219 3487 1399 3537; x_wconf 91' lang='lat' dir='ltr'><strong>autem</strong></span> <span class='ocrx_word' id='word_1_499' title='bbox 1430 3487 1555 3553; x_wconf 83' lang='lat' dir='ltr'><strong>post</strong></span> <span class='ocrx_word' id='word_1_500' title='bbox 1583 3479 1738 3544; x_wconf 89' lang='lat' dir='ltr'><strong>illud,</strong></span> <span class='ocrx_word' id='word_1_501' title='bbox 1771 3499 1788 3531; x_wconf 80' lang='grc' dir='ltr'><strong>ι</strong></span> <span class='ocrx_word' id='word_1_502' title='bbox 1826 3495 2000 3552; x_wconf 92' lang='lat' dir='ltr'><strong>popu-</strong></span> 
     </span>
    </p>
   </div>
   <div class='ocr_carea' id='block_1_67' title="bbox 413 3569 2000 3648">
    <p class='ocr_par' dir='ltr' id='par_1_67' title="bbox 413 3569 2000 3648">
     <span class='ocr_line' id='line_1_67' title="bbox 413 3569 2000 3648; baseline 0.004 -22"><span class='ocrx_word' id='word_1_503' title='bbox 413 3569 502 3626; x_wconf 92' lang='lat' dir='ltr'><strong>lus</strong></span> <span class='ocrx_word' id='word_1_504' title='bbox 533 3586 694 3643; x_wconf 82' lang='lat' dir='ltr'><strong>quem</strong></span> <span class='ocrx_word' id='word_1_505' title='bbox 723 3586 831 3627; x_wconf 90' lang='lat' dir='ltr'><strong>non</strong></span> <span class='ocrx_word' id='word_1_506' title='bbox 866 3573 1116 3643; x_wconf 80' lang='lat' dir='ltr'><strong>cognovi,</strong></span> <span class='ocrx_word' id='word_1_507' title='bbox 1151 3574 1376 3629; x_wconf 76' lang='lat' dir='ltr'><strong>servivit</strong></span> <span class='ocrx_word' id='word_1_508' title='bbox 1409 3575 1565 3643; x_wconf 89' lang='lat' dir='ltr'><strong>mihi,</strong></span> <span class='ocrx_word' id='word_1_509' title='bbox 1604 3595 1620 3627; x_wconf 80' lang='grc' dir='ltr'><strong>ι</strong></span> <span class='ocrx_word' id='word_1_510' title='bbox 1657 3584 1711 3632; x_wconf 90' lang='lat' dir='ltr'><strong>et</strong></span> <span class='ocrx_word' id='word_1_511' title='bbox 1742 3585 1867 3648; x_wconf 87' lang='lat' dir='ltr'><strong>post</strong></span> <span class='ocrx_word' id='word_1_512' title='bbox 1902 3593 2000 3632; x_wconf 87' lang='lat' dir='ltr'><strong>vo-</strong></span> 
     </span>
    </p>
   </div>
   <div class='ocr_carea' id='block_1_68' title="bbox 413 3665 1998 3738">
    <p class='ocr_par' dir='ltr' id='par_1_68' title="bbox 413 3665 1998 3738">
     <span class='ocr_line' id='line_1_68' title="bbox 413 3665 1998 3738; baseline 0.003 -18"><span class='ocrx_word' id='word_1_513' title='bbox 413 3666 684 3720; x_wconf 89' lang='lat' dir='ltr'><strong>cationem</strong></span> <span class='ocrx_word' id='word_1_514' title='bbox 714 3671 992 3730; x_wconf 90' lang='lat' dir='ltr'><strong>nostram,</strong></span> <span class='ocrx_word' id='word_1_515' title='bbox 1029 3671 1266 3720; x_wconf 83' lang='lat' dir='ltr'><strong>veterem</strong></span> <span class='ocrx_word' id='word_1_516' title='bbox 1308 3665 1648 3738; x_wconf 76' lang='lat' dir='ltr'><strong>Synagogam</strong></span> <span class='ocrx_word' id='word_1_517' title='bbox 1695 3669 1874 3723; x_wconf 90' lang='lat' dir='ltr'><strong>innuit</strong></span> <span class='ocrx_word' id='word_1_518' title='bbox 1911 3669 1998 3724; x_wconf 87' lang='lat' dir='ltr'><strong>his</strong></span> 
     </span>
    </p>
   </div>
   <div class='ocr_carea' id='block_1_69' title="bbox 411 3758 2000 3832">
    <p class='ocr_par' dir='ltr' id='par_1_69' title="bbox 411 3758 2000 3832">
     <span class='ocr_line' id='line_1_69' title="bbox 411 3758 2000 3832; baseline 0.002 -18"><span class='ocrx_word' id='word_1_519' title='bbox 411 3759 639 3815; x_wconf 77' lang='lat' dir='ltr'><strong>verbis:</strong></span> <span class='ocrx_word' id='word_1_520' title='bbox 679 3777 696 3809; x_wconf 81' lang='grc' dir='ltr'><strong>ι</strong></span> <span class='ocrx_word' id='word_1_521' title='bbox 744 3758 867 3813; x_wconf 86' lang='lat' dir='ltr'><strong>Filii</strong></span> <span class='ocrx_word' id='word_1_522' title='bbox 926 3758 1088 3813; x_wconf 88' lang='lat' dir='ltr'><strong>alieni</strong></span> <span class='ocrx_word' id='word_1_523' title='bbox 1149 3758 1361 3813; x_wconf 90' lang='lat' dir='ltr'><strong>mentiti</strong></span> <span class='ocrx_word' id='word_1_524' title='bbox 1423 3769 1550 3814; x_wconf 86' lang='lat' dir='ltr'><strong>sunt</strong></span> <span class='ocrx_word' id='word_1_525' title='bbox 1608 3760 1763 3824; x_wconf 88' lang='lat' dir='ltr'><strong>mihi,</strong></span> <span class='ocrx_word' id='word_1_526' title='bbox 1815 3779 1834 3813; x_wconf 73' lang='grc' dir='ltr'><strong>ι</strong></span> <span class='ocrx_word' id='word_1_527' title='bbox 1879 3777 2000 3832; x_wconf 72' lang='lat' dir='ltr'><strong>quae</strong></span> 
     </span>
    </p>
   </div>
   <div class='ocr_carea' id='block_1_70' title="bbox 412 3850 1997 3926">
    <p class='ocr_par' dir='ltr' id='par_1_70' title="bbox 412 3850 1997 3926">
     <span class='ocr_line' id='line_1_70' title="bbox 412 3850 1997 3926; baseline 0.002 -18"><span class='ocrx_word' id='word_1_528' title='bbox 412 3853 555 3908; x_wconf 90' lang='lat' dir='ltr'><strong>idem</strong></span> <span class='ocrx_word' id='word_1_529' title='bbox 586 3861 788 3907; x_wconf 92' lang='lat' dir='ltr'><strong>sonant</strong></span> <span class='ocrx_word' id='word_1_530' title='bbox 816 3866 897 3916; x_wconf 84' lang='lat' dir='ltr'><strong>ac,</strong></span> <span class='ocrx_word' id='word_1_531' title='bbox 943 3870 961 3902; x_wconf 76' lang='grc' dir='ltr'><strong>ι</strong></span> <span class='ocrx_word' id='word_1_532' title='bbox 1011 3850 1178 3906; x_wconf 84' lang='lat' dir='ltr'><strong>Filios</strong></span> <span class='ocrx_word' id='word_1_533' title='bbox 1216 3851 1452 3905; x_wconf 88' lang='lat' dir='ltr'><strong>enutrivi</strong></span> <span class='ocrx_word' id='word_1_534' title='bbox 1485 3858 1539 3907; x_wconf 86' lang='lat' dir='ltr'><strong>et</strong></span> <span class='ocrx_word' id='word_1_535' title='bbox 1577 3852 1810 3908; x_wconf 86' lang='lat' dir='ltr'><strong>exaltavi</strong></span> <span class='ocrx_word' id='word_1_536' title='bbox 1837 3894 1852 3918; x_wconf 94' lang='lat'><strong>,</strong></span> <span class='ocrx_word' id='word_1_537' title='bbox 1895 3855 1997 3926; x_wconf 88' lang='lat' dir='ltr'><strong>ipsi</strong></span> 
     </span>
    </p>
   </div>
   <div class='ocr_carea' id='block_1_71' title="bbox 410 3942 1995 4015">
    <p class='ocr_par' dir='ltr' id='par_1_71' title="bbox 410 3942 1995 4015">
     <span class='ocr_line' id='line_1_71' title="bbox 410 3942 1995 4015; baseline 0.003 -15"><span class='ocrx_word' id='word_1_538' title='bbox 410 3953 594 4000; x_wconf 88' lang='lat' dir='ltr'><strong>autem</strong></span> <span class='ocrx_word' id='word_1_539' title='bbox 648 3951 971 4015; x_wconf 86' lang='lat' dir='ltr'><strong>spreverunt</strong></span> <span class='ocrx_word' id='word_1_540' title='bbox 1011 3959 1096 3999; x_wconf 92' lang='lat' dir='ltr'><strong>me</strong></span> <span class='ocrx_word' id='word_1_541' title='bbox 1143 3943 1210 3998; x_wconf 83' lang='grc'><strong>³⁹.</strong></span> <span class='ocrx_word' id='word_1_542' title='bbox 1264 3963 1282 3995; x_wconf 84' lang='grc'>›</span> <span class='ocrx_word' id='word_1_543' title='bbox 1343 3942 1439 3998; x_wconf 85' lang='lat' dir='ltr'><strong>lsti</strong></span> <span class='ocrx_word' id='word_1_544' title='bbox 1492 3951 1672 4000; x_wconf 91' lang='lat' dir='ltr'><strong>autem</strong></span> <span class='ocrx_word' id='word_1_545' title='bbox 1713 3945 1995 4004; x_wconf 81' lang='lat' dir='ltr'><strong>inveterati</strong></span> 
     </span>
    </p>
   </div>
   <div class='ocr_carea' id='block_1_72' title="bbox 410 4036 1995 4103">
    <p class='ocr_par' dir='ltr' id='par_1_72' title="bbox 410 4036 1995 4103">
     <span class='ocr_line' id='line_1_72' title="bbox 410 4036 1995 4103; baseline -0.002 -8"><span class='ocrx_word' id='word_1_546' title='bbox 410 4051 542 4095; x_wconf 84' lang='lat' dir='ltr'><strong>sunt</strong></span> <span class='ocrx_word' id='word_1_547' title='bbox 563 4038 942 4094; x_wconf 86' lang='lat' dir='ltr'><strong>claudicantes</strong></span> <span class='ocrx_word' id='word_1_548' title='bbox 985 4038 1040 4092; x_wconf 91' lang='lat' dir='ltr'><strong>in</strong></span> <span class='ocrx_word' id='word_1_549' title='bbox 1072 4036 1284 4093; x_wconf 86' lang='lat' dir='ltr'><strong>semitis</strong></span> <span class='ocrx_word' id='word_1_550' title='bbox 1319 4037 1456 4103; x_wconf 89' lang='lat' dir='ltr'><strong>suis,</strong></span> <span class='ocrx_word' id='word_1_551' title='bbox 1489 4045 1543 4093; x_wconf 89' lang='lat' dir='ltr'><strong>et</strong></span> <span class='ocrx_word' id='word_1_552' title='bbox 1577 4036 1671 4094; x_wconf 91' lang='lat' dir='ltr'><strong>Dei</strong></span> <span class='ocrx_word' id='word_1_553' title='bbox 1715 4038 1995 4094; x_wconf 89' lang='lat' dir='ltr'><strong>Christum</strong></span> 
     </span>
    </p>
   </div>
   <div class='ocr_carea' id='block_1_73' title="bbox 410 4129 1995 4201">
    <p class='ocr_par' dir='ltr' id='par_1_73' title="bbox 410 4129 1995 4201">
     <span class='ocr_line' id='line_1_73' title="bbox 410 4129 1995 4201; baseline -0.001 -14"><span class='ocrx_word' id='word_1_554' title='bbox 410 4146 522 4187; x_wconf 90' lang='lat' dir='ltr'><strong>non</strong></span> <span class='ocrx_word' id='word_1_555' title='bbox 555 4131 926 4201; x_wconf 88' lang='lat' dir='ltr'><strong>accipientes:</strong></span> <span class='ocrx_word' id='word_1_556' title='bbox 979 4129 1070 4200; x_wconf 90' lang='lat' dir='ltr'><strong>qui</strong></span> <span class='ocrx_word' id='word_1_557' title='bbox 1119 4129 1187 4183; x_wconf 92' lang='lat' dir='ltr'><strong>ab</strong></span> <span class='ocrx_word' id='word_1_558' title='bbox 1227 4130 1308 4184; x_wconf 90' lang='lat' dir='ltr'><strong>eis</strong></span> <span class='ocrx_word' id='word_1_559' title='bbox 1357 4129 1624 4199; x_wconf 87' lang='lat' dir='ltr'><strong>rejectus,</strong></span> <span class='ocrx_word' id='word_1_560' title='bbox 1658 4137 1995 4186; x_wconf 88' lang='lat' dir='ltr'><strong>constitutus</strong></span> 
     </span>
    </p>
   </div>
   <div class='ocr_carea' id='block_1_74' title="bbox 409 4222 1993 4292">
    <p class='ocr_par' dir='ltr' id='par_1_74' title="bbox 409 4222 1993 4292">
     <span class='ocr_line' id='line_1_74' title="bbox 409 4222 1993 4292; baseline -0.001 -12"><span class='ocrx_word' id='word_1_561' title='bbox 409 4233 494 4280; x_wconf 85' lang='lat' dir='ltr'><strong>est</strong></span> <span class='ocrx_word' id='word_1_562' title='bbox 527 4240 555 4279; x_wconf 79' lang='grc' dir='ltr'><strong>ιι</strong></span> <span class='ocrx_word' id='word_1_563' title='bbox 578 4225 742 4279; x_wconf 89' lang='lat' dir='ltr'><strong>Patre</strong></span> <span class='ocrx_word' id='word_1_564' title='bbox 778 4224 834 4278; x_wconf 88' lang='lat' dir='ltr'><strong>in</strong></span> <span class='ocrx_word' id='word_1_565' title='bbox 859 4231 1022 4292; x_wconf 87' lang='lat' dir='ltr'><strong>caput</strong></span> <span class='ocrx_word' id='word_1_566' title='bbox 1046 4222 1423 4286; x_wconf 77' lang='lat' dir='ltr'><strong>servientium,</strong></span> <span class='ocrx_word' id='word_1_567' title='bbox 1453 4230 1508 4277; x_wconf 85' lang='lat' dir='ltr'><strong>et</strong></span> <span class='ocrx_word' id='word_1_568' title='bbox 1536 4223 1590 4277; x_wconf 92' lang='lat' dir='ltr'><strong>in</strong></span> <span class='ocrx_word' id='word_1_569' title='bbox 1615 4223 1804 4278; x_wconf 91' lang='lat' dir='ltr'><strong>auditu</strong></span> <span class='ocrx_word' id='word_1_570' title='bbox 1841 4226 1993 4280; x_wconf 86' lang='lat' dir='ltr'><strong>auris</strong></span> 
     </span>
    </p>
   </div>
   <div class='ocr_carea' id='block_1_75' title="bbox 409 4313 1991 4386">
    <p class='ocr_par' dir='ltr' id='par_1_75' title="bbox 409 4313 1991 4386">
     <span class='ocr_line' id='line_1_75' title="bbox 409 4313 1991 4386; baseline 0.001 -16"><span class='ocrx_word' id='word_1_571' title='bbox 409 4315 780 4372; x_wconf 83' lang='lat' dir='ltr'><strong>obedientium</strong></span> <span class='ocrx_word' id='word_1_572' title='bbox 832 4316 879 4370; x_wconf 89' lang='lat' dir='ltr'><strong>ei</strong></span> <span class='ocrx_word' id='word_1_573' title='bbox 939 4313 1182 4385; x_wconf 82' lang='lat' dir='ltr'><strong>gentium</strong></span> <span class='ocrx_word' id='word_1_574' title='bbox 1215 4354 1230 4379; x_wconf 87' lang='lat'><strong>,</strong></span> <span class='ocrx_word' id='word_1_575' title='bbox 1295 4315 1598 4370; x_wconf 89' lang='lat' dir='ltr'><strong>secundum</strong></span> <span class='ocrx_word' id='word_1_576' title='bbox 1647 4316 1991 4386; x_wconf 86' lang='lat' dir='ltr'><strong>prophetiam</strong></span> 
     </span>
    </p>
   </div>
   <div class='ocr_carea' id='block_1_76' title="bbox 409 4406 1992 4478">
    <p class='ocr_par' dir='ltr' id='par_1_76' title="bbox 409 4406 1992 4478">
     <span class='ocr_line' id='line_1_76' title="bbox 409 4406 1992 4478; baseline -0.001 -15"><span class='ocrx_word' id='word_1_577' title='bbox 409 4411 546 4464; x_wconf 85' lang='lat' dir='ltr'><strong>alias</strong></span> <span class='ocrx_word' id='word_1_578' title='bbox 574 4410 897 4464; x_wconf 85' lang='lat' dir='ltr'><strong>dicentem:</strong></span> <span class='ocrx_word' id='word_1_579' title='bbox 961 4426 980 4459; x_wconf 83' lang='grc' dir='ltr'><strong>ι</strong></span> <span class='ocrx_word' id='word_1_580' title='bbox 1036 4406 1296 4477; x_wconf 88' lang='lat' dir='ltr'><strong>Lapidem</strong></span> <span class='ocrx_word' id='word_1_581' title='bbox 1347 4422 1508 4477; x_wconf 88' lang='lat' dir='ltr'><strong>quem</strong></span> <span class='ocrx_word' id='word_1_582' title='bbox 1562 4408 1992 4478; x_wconf 88' lang='lat' dir='ltr'><strong>reprobaverunt</strong></span> 
     </span>
    </p>
   </div>
   <div class='ocr_carea' id='block_1_77' title="bbox 407 4498 2068 4575">
    <p class='ocr_par' dir='ltr' id='par_1_77' title="bbox 407 4498 2068 4575">
     <span class='ocr_line' id='line_1_77' title="bbox 407 4498 2068 4575; baseline -0.002 -17"><span class='ocrx_word' id='word_1_583' title='bbox 407 4501 761 4564; x_wconf 60' lang='lat' dir='ltr'><strong>aediﬁcantes,</strong></span> <span class='ocrx_word' id='word_1_584' title='bbox 781 4501 869 4554; x_wconf 88' lang='lat' dir='ltr'><strong>hic</strong></span> <span class='ocrx_word' id='word_1_585' title='bbox 883 4499 1061 4556; x_wconf 83' lang='lat' dir='ltr'><strong>factus</strong></span> <span class='ocrx_word' id='word_1_586' title='bbox 1076 4508 1159 4555; x_wconf 90' lang='lat' dir='ltr'><strong>est</strong></span> <span class='ocrx_word' id='word_1_587' title='bbox 1175 4500 1231 4554; x_wconf 90' lang='lat' dir='ltr'><strong>in</strong></span> <span class='ocrx_word' id='word_1_588' title='bbox 1245 4508 1407 4569; x_wconf 90' lang='lat' dir='ltr'><strong>caput</strong></span> <span class='ocrx_word' id='word_1_589' title='bbox 1420 4500 1602 4570; x_wconf 76' lang='lat' dir='ltr'><strong>anguli</strong></span> <span class='ocrx_word' id='word_1_590' title='bbox 1617 4500 1681 4554; x_wconf 75' lang='lat'><strong>‘°.</strong></span> <span class='ocrx_word' id='word_1_591' title='bbox 1698 4519 1714 4552; x_wconf 79' lang='grc' dir='ltr'><strong>ι</strong></span> <span class='ocrx_word' id='word_1_592' title='bbox 1733 4498 1872 4555; x_wconf 88' lang='lat' dir='ltr'><strong>Puto</strong></span> <span class='ocrx_word' id='word_1_593' title='bbox 1888 4516 1987 4555; x_wconf 85' lang='lat' dir='ltr'><strong>au-</strong></span> <span class='ocrx_word' id='word_1_594' title='bbox 2019 4514 2068 4575; x_wconf 81' lang='grc' dir='ltr'><strong>ι)</strong></span> 
     </span>
    </p>
   </div>
   <div class='ocr_carea' id='block_1_78' title="bbox 407 4587 1987 4658">
    <p class='ocr_par' dir='ltr' id='par_1_78' title="bbox 407 4587 1987 4658">
     <span class='ocr_line' id='line_1_78' title="bbox 407 4587 1987 4658; baseline 0.001 -15"><span class='ocrx_word' id='word_1_595' title='bbox 407 4597 517 4644; x_wconf 88' lang='lat' dir='ltr'><strong>tem</strong></span> <span class='ocrx_word' id='word_1_596' title='bbox 551 4587 893 4643; x_wconf 88' lang='lat' dir='ltr'><strong>divinitatem</strong></span> <span class='ocrx_word' id='word_1_597' title='bbox 932 4587 1246 4658; x_wconf 86' lang='lat' dir='ltr'><strong>Christique</strong></span> <span class='ocrx_word' id='word_1_598' title='bbox 1273 4587 1339 4641; x_wconf 87' lang='lat' dir='ltr'><strong>ad</strong></span> <span class='ocrx_word' id='word_1_599' title='bbox 1379 4589 1627 4644; x_wconf 91' lang='lat' dir='ltr'><strong>homines</strong></span> <span class='ocrx_word' id='word_1_600' title='bbox 1661 4587 1987 4646; x_wconf 86' lang='lat' dir='ltr'><strong>descensum</strong></span> 
     </span>
    </p>
   </div>
   <div class='ocr_carea' id='block_1_79' title="bbox 407 4680 1990 4754">
    <p class='ocr_par' dir='ltr' id='par_1_79' title="bbox 407 4680 1990 4754">
     <span class='ocr_line' id='line_1_79' title="bbox 407 4680 1990 4754; baseline 0.002 -20"><span class='ocrx_word' id='word_1_601' title='bbox 407 4683 602 4752; x_wconf 73' lang='lat' dir='ltr'><strong>primis</strong></span> <span class='ocrx_word' id='word_1_602' title='bbox 655 4681 853 4750; x_wconf 84' lang='lat' dir='ltr'><strong>psalmi</strong></span> <span class='ocrx_word' id='word_1_603' title='bbox 901 4680 1186 4735; x_wconf 86' lang='lat' dir='ltr'><strong>versiculis</strong></span> <span class='ocrx_word' id='word_1_604' title='bbox 1227 4681 1482 4747; x_wconf 86' lang='lat' dir='ltr'><strong>ostendi;</strong></span> <span class='ocrx_word' id='word_1_605' title='bbox 1532 4697 1653 4752; x_wconf 71' lang='lat' dir='ltr'><strong>qua:</strong></span> <span class='ocrx_word' id='word_1_606' title='bbox 1701 4683 1990 4754; x_wconf 84' lang='lat' dir='ltr'><strong>mysterio-</strong></span> 
     </span>
    </p>
   </div>
   <div class='ocr_carea' id='block_1_80' title="bbox 408 4772 1989 4844">
    <p class='ocr_par' dir='ltr' id='par_1_80' title="bbox 408 4772 1989 4844">
     <span class='ocr_line' id='line_1_80' title="bbox 408 4772 1989 4844; baseline -0.001 -16"><span class='ocrx_word' id='word_1_607' title='bbox 408 4773 528 4828; x_wconf 91' lang='lat' dir='ltr'><strong>sius</strong></span> <span class='ocrx_word' id='word_1_608' title='bbox 557 4772 704 4829; x_wconf 90' lang='lat' dir='ltr'><strong>dicta</strong></span> <span class='ocrx_word' id='word_1_609' title='bbox 746 4789 855 4827; x_wconf 93' lang='lat' dir='ltr'><strong>non</strong></span> <span class='ocrx_word' id='word_1_610' title='bbox 899 4773 1252 4828; x_wconf 84' lang='lat' dir='ltr'><strong>adventitiam</strong></span> <span class='ocrx_word' id='word_1_611' title='bbox 1309 4780 1363 4826; x_wconf 91' lang='lat' dir='ltr'><strong>et</strong></span> <span class='ocrx_word' id='word_1_612' title='bbox 1397 4773 1702 4828; x_wconf 87' lang='lat' dir='ltr'><strong>breviorem</strong></span> <span class='ocrx_word' id='word_1_613' title='bbox 1736 4774 1989 4844; x_wconf 79' lang='lat' dir='ltr'><strong>explana-</strong></span> 
     </span>
    </p>
   </div>
   <div class='ocr_carea' id='block_1_81' title="bbox 408 4866 1986 4938">
    <p class='ocr_par' dir='ltr' id='par_1_81' title="bbox 408 4866 1986 4938">
     <span class='ocr_line' id='line_1_81' title="bbox 408 4866 1986 4938; baseline 0 -18"><span class='ocrx_word' id='word_1_614' title='bbox 408 4868 611 4923; x_wconf 89' lang='lat' dir='ltr'><strong>tionem</strong></span> <span class='ocrx_word' id='word_1_615' title='bbox 643 4867 1042 4930; x_wconf 80' lang='lat' dir='ltr'><strong>desiderarent,</strong></span> <span class='ocrx_word' id='word_1_616' title='bbox 1091 4867 1392 4938; x_wconf 78' lang='lat' dir='ltr'><strong>praesertim</strong></span> <span class='ocrx_word' id='word_1_617' title='bbox 1428 4868 1484 4920; x_wconf 89' lang='lat' dir='ltr'><strong>in</strong></span> <span class='ocrx_word' id='word_1_618' title='bbox 1517 4868 1618 4920; x_wconf 87' lang='lat' dir='ltr'><strong>hoc</strong></span> <span class='ocrx_word' id='word_1_619' title='bbox 1648 4868 1805 4922; x_wconf 87' lang='lat' dir='ltr'><strong>loco:</strong></span> <span class='ocrx_word' id='word_1_620' title='bbox 1845 4885 1863 4918; x_wconf 74' lang='grc' dir='ltr'><strong>ι</strong></span> <span class='ocrx_word' id='word_1_621' title='bbox 1899 4866 1986 4920; x_wconf 86' lang='grc' dir='ltr'><strong>Ιη-</strong></span> 
     </span>
    </p>
   </div>
   <div class='ocr_carea' id='block_1_82' title="bbox 405 4957 1988 5028">
    <p class='ocr_par' dir='ltr' id='par_1_82' title="bbox 405 4957 1988 5028">
     <span class='ocr_line' id='line_1_82' title="bbox 405 4957 1988 5028; baseline 0 -15"><span class='ocrx_word' id='word_1_622' title='bbox 405 4958 633 5013; x_wconf 88' lang='lat' dir='ltr'><strong>clinavit</strong></span> <span class='ocrx_word' id='word_1_623' title='bbox 659 4959 828 5013; x_wconf 64' lang='lat' dir='ltr'><strong>caelos</strong></span> <span class='ocrx_word' id='word_1_624' title='bbox 866 4965 919 5012; x_wconf 85' lang='lat' dir='ltr'><strong>et</strong></span> <span class='ocrx_word' id='word_1_625' title='bbox 946 4958 1270 5022; x_wconf 84' lang='lat' dir='ltr'><strong>descendit,</strong></span> <span class='ocrx_word' id='word_1_626' title='bbox 1317 4967 1372 5012; x_wconf 91' lang='lat' dir='ltr'><strong>et</strong></span> <span class='ocrx_word' id='word_1_627' title='bbox 1412 4958 1588 5028; x_wconf 81' lang='lat' dir='ltr'><strong>caligo</strong></span> <span class='ocrx_word' id='word_1_628' title='bbox 1626 4957 1728 5012; x_wconf 84' lang='lat' dir='ltr'><strong>sub</strong></span> <span class='ocrx_word' id='word_1_629' title='bbox 1759 4958 1988 5028; x_wconf 89' lang='lat' dir='ltr'><strong>pedibus</strong></span> 
     </span>
    </p>
   </div>
   <div class='ocr_carea' id='block_1_83' title="bbox 406 5047 1990 5116">
    <p class='ocr_par' dir='ltr' id='par_1_83' title="bbox 406 5047 1990 5116">
     <span class='ocr_line' id='line_1_83' title="bbox 406 5047 1990 5116; baseline 0 -16"><span class='ocrx_word' id='word_1_630' title='bbox 406 5047 550 5116; x_wconf 80' lang='lat' dir='ltr'><strong>ejus,</strong></span> <span class='ocrx_word' id='word_1_631' title='bbox 577 5054 632 5102; x_wconf 91' lang='lat' dir='ltr'><strong>et</strong></span> <span class='ocrx_word' id='word_1_632' title='bbox 672 5047 920 5102; x_wconf 89' lang='lat' dir='ltr'><strong>ascendit</strong></span> <span class='ocrx_word' id='word_1_633' title='bbox 953 5063 1118 5116; x_wconf 85' lang='lat' dir='ltr'><strong>super</strong></span> <span class='ocrx_word' id='word_1_634' title='bbox 1137 5047 1435 5101; x_wconf 88' lang='lat' dir='ltr'><strong>Cberubim</strong></span> <span class='ocrx_word' id='word_1_635' title='bbox 1474 5055 1528 5102; x_wconf 92' lang='lat' dir='ltr'><strong>et</strong></span> <span class='ocrx_word' id='word_1_636' title='bbox 1555 5047 1756 5101; x_wconf 87' lang='lat' dir='ltr'><strong>volavit</strong></span> <span class='ocrx_word' id='word_1_637' title='bbox 1785 5066 1799 5103; x_wconf 91' lang='lat'><strong>:</strong></span> <span class='ocrx_word' id='word_1_638' title='bbox 1838 5049 1990 5103; x_wconf 88' lang='lat' dir='ltr'><strong>vola-</strong></span> 
     </span>
    </p>
   </div>
   <div class='ocr_carea' id='block_1_84' title="bbox 408 5135 1987 5207">
    <p class='ocr_par' dir='ltr' id='par_1_84' title="bbox 408 5135 1987 5207">
     <span class='ocr_line' id='line_1_84' title="bbox 408 5135 1987 5207; baseline 0.004 -21"><span class='ocrx_word' id='word_1_639' title='bbox 408 5137 488 5190; x_wconf 82' lang='lat' dir='ltr'><strong>vit</strong></span> <span class='ocrx_word' id='word_1_640' title='bbox 521 5151 687 5207; x_wconf 89' lang='lat' dir='ltr'><strong>super</strong></span> <span class='ocrx_word' id='word_1_641' title='bbox 714 5152 922 5204; x_wconf 85' lang='lat' dir='ltr'><strong>pennas</strong></span> <span class='ocrx_word' id='word_1_642' title='bbox 947 5145 1236 5191; x_wconf 87' lang='lat' dir='ltr'><strong>ventorum</strong></span> <span class='ocrx_word' id='word_1_643' title='bbox 1270 5136 1334 5189; x_wconf 75' lang='lat'><strong>“.</strong></span> <span class='ocrx_word' id='word_1_644' title='bbox 1371 5157 1387 5187; x_wconf 75' lang='grc' dir='ltr'><strong>ι</strong></span> <span class='ocrx_word' id='word_1_645' title='bbox 1425 5135 1556 5203; x_wconf 74' lang='lat' dir='ltr'><strong>Qua:</strong></span> <span class='ocrx_word' id='word_1_646' title='bbox 1580 5145 1885 5207; x_wconf 89' lang='lat' dir='ltr'><strong>sequuntur</strong></span> <span class='ocrx_word' id='word_1_647' title='bbox 1920 5137 1987 5192; x_wconf 92' lang='lat' dir='ltr'><strong>ad</strong></span> 
     </span>
    </p>
   </div>
   <div class='ocr_carea' id='block_1_85' title="bbox 408 5229 1068 5299">
    <p class='ocr_par' dir='ltr' id='par_1_85' title="bbox 408 5229 1068 5299">
     <span class='ocr_line' id='line_1_85' title="bbox 408 5229 1068 5299; baseline 0 -15"><span class='ocrx_word' id='word_1_648' title='bbox 408 5229 505 5286; x_wconf 87' lang='lat' dir='ltr'><strong>Dei</strong></span> <span class='ocrx_word' id='word_1_649' title='bbox 540 5231 772 5286; x_wconf 82' lang='lat' dir='ltr'><strong>Verbum</strong></span> <span class='ocrx_word' id='word_1_650' title='bbox 801 5238 1068 5299; x_wconf 82' lang='lat' dir='ltr'><strong>spectant.</strong></span> 
     </span>
    </p>
   </div>
   <div class='ocr_carea' id='block_1_86' title="bbox 481 5640 1743 5709">
    <p class='ocr_par' dir='ltr' id='par_1_86' title="bbox 481 5640 1743 5709">
     <span class='ocr_line' id='line_1_86' title="bbox 481 5640 1743 5709; baseline 0.005 -14"><span class='ocrx_word' id='word_1_651' title='bbox 481 5643 526 5676; x_wconf 71' lang='grc'>³⁸</span> <span class='ocrx_word' id='word_1_652' title='bbox 560 5640 707 5707; x_wconf 82' lang='lat' dir='ltr'><strong>Psal.</strong></span> <span class='ocrx_word' id='word_1_653' title='bbox 773 5660 918 5709; x_wconf 60' lang='grc' dir='ltr'>ενι,</span> <span class='ocrx_word' id='word_1_654' title='bbox 959 5645 1012 5698; x_wconf 77' lang='lat'><strong>5.</strong></span> <span class='ocrx_word' id='word_1_655' title='bbox 1091 5645 1133 5675; x_wconf 78' lang='grc'><strong>⁸⁵</strong></span> <span class='ocrx_word' id='word_1_656' title='bbox 1172 5643 1315 5698; x_wconf 86' lang='lat' dir='ltr'><strong>Psal.</strong></span> <span class='ocrx_word' id='word_1_657' title='bbox 1369 5660 1514 5709; x_wconf 85' lang='lat' dir='ltr'><strong>xvn,</strong></span> <span class='ocrx_word' id='word_1_658' title='bbox 1549 5645 1743 5701; x_wconf 62' lang='lat'><strong>44-46.</strong></span> 
     </span>
    </p>
   </div>
   <div class='ocr_carea' id='block_1_87' title="bbox 689 5645 2400 5720">
    <p class='ocr_par' dir='ltr' id='par_1_87' title="bbox 689 5645 2400 5720">
     <span class='ocr_line' id='line_1_87' title="bbox 689 5645 2400 5720; baseline 0.006 -25"><span class='ocrx_word' id='word_1_659' title='bbox 689 5683 730 5720; x_wconf 43' lang='grc' dir='ltr'>,Α</span> <span class='ocrx_word' id='word_1_660' title='bbox 773 5645 1032 5720; x_wconf 72' lang='lat' dir='ltr'><strong>x-vi_,_5._</strong></span> <span class='ocrx_word' id='word_1_661' title='bbox 1091 5645 1133 5675; x_wconf 78' lang='grc'><strong>⁸⁵</strong></span> <span class='ocrx_word' id='word_1_662' title='bbox 1172 5645 1329 5720; x_wconf 50' lang='grc' dir='ltr'><strong>Ρεει]ζ</strong></span> <span class='ocrx_word' id='word_1_663' title='bbox 1369 5645 1743 5720; x_wconf 11' lang='lat' dir='ltr'><strong>“pinu-746.</strong></span> <span class='ocrx_word' id='word_1_664' title='bbox 1850 5645 2134 5720; x_wconf 70' lang='lat' dir='ltr'><strong>“Ephes.</strong></span> <span class='ocrx_word' id='word_1_665' title='bbox 2198 5653 2400 5719; x_wconf 63' lang='lat'><strong>11,12.</strong></span> 
     </span>
    </p>
   </div>
   <div class='ocr_carea' id='block_1_88' title="bbox 414 5707 2084 5779">
    <p class='ocr_par' dir='ltr' id='par_1_88' title="bbox 414 5707 2084 5779">
     <span class='ocr_line' id='line_1_88' title="bbox 414 5707 2084 5779; baseline 0.006 -13"><span class='ocrx_word' id='word_1_666' title='bbox 414 5715 456 5746; x_wconf 74' lang='grc'><em>³³</em></span> <span class='ocrx_word' id='word_1_667' title='bbox 487 5713 593 5766; x_wconf 90' lang='lat' dir='ltr'><strong>lsa.</strong></span> <span class='ocrx_word' id='word_1_668' title='bbox 627 5727 665 5776; x_wconf 84' lang='grc' dir='ltr'><strong>ι,</strong></span> <span class='ocrx_word' id='word_1_669' title='bbox 700 5711 753 5764; x_wconf 71' lang='lat'><strong>2.</strong></span> <span class='ocrx_word' id='word_1_670' title='bbox 832 5714 876 5745; x_wconf 70' lang='lat'><strong>‘°</strong></span> <span class='ocrx_word' id='word_1_671' title='bbox 911 5707 1358 5778; x_wconf 67' lang='lat' dir='ltr'><strong>Psal.cxvn,22.</strong></span> <span class='ocrx_word' id='word_1_672' title='bbox 1437 5715 1479 5746; x_wconf 75' lang='lat'>“</span> <span class='ocrx_word' id='word_1_673' title='bbox 1503 5707 1666 5774; x_wconf 20' lang='lat' dir='ltr'><strong>’Psal.</strong></span> <span class='ocrx_word' id='word_1_674' title='bbox 1702 5733 1836 5779; x_wconf 69' lang='grc' dir='ltr'>πίνη,</span> <span class='ocrx_word' id='word_1_675' title='bbox 1876 5707 2084 5779; x_wconf 43' lang='lat' dir='ltr'><strong>10f“.</strong></span> 
     </span>
    </p>
   </div>
   <div class='ocr_carea' id='block_1_89' title="bbox 2101 3278 3699 3364">
    <p class='ocr_par' dir='ltr' id='par_1_89' title="bbox 2101 3278 3699 3364">
     <span class='ocr_line' id='line_1_89' title="bbox 2101 3278 3699 3364; baseline 0.009 -33"><span class='ocrx_word' id='word_1_676' title='bbox 2101 3278 2255 3343; x_wconf 74' lang='grc' dir='ltr'>ὄντες</span> <span class='ocrx_word' id='word_1_677' title='bbox 2277 3282 2494 3352; x_wconf 76' lang='grc' dir='ltr'>μακράν</span> <span class='ocrx_word' id='word_1_678' title='bbox 2524 3283 2864 3355; x_wconf 84' lang='grc' dir='ltr'>ἐγενήθημεν</span> <span class='ocrx_word' id='word_1_679' title='bbox 2891 3287 3077 3355; x_wconf 84' lang='grc' dir='ltr'>ἐγγὺς,</span> <span class='ocrx_word' id='word_1_680' title='bbox 3120 3307 3139 3339; x_wconf 77' lang='grc' dir='ltr'><strong>ι</strong></span> <span class='ocrx_word' id='word_1_681' title='bbox 3171 3288 3266 3341; x_wconf 79' lang='grc' dir='ltr'><strong>καὶ</strong></span> <span class='ocrx_word' id='word_1_682' title='bbox 3296 3290 3699 3364; x_wconf 84' lang='grc' dir='ltr'>ἐδουλεύσαμεν</span> 
     </span>
    </p>
   </div>
   <div class='ocr_carea' id='block_1_90' title="bbox 2101 3368 3696 3456">
    <p class='ocr_par' dir='ltr' id='par_1_90' title="bbox 2101 3368 3696 3456">
     <span class='ocr_line' id='line_1_90' title="bbox 2101 3368 3696 3456; baseline 0.009 -33"><span class='ocrx_word' id='word_1_683' title='bbox 2101 3368 2180 3441; x_wconf 81' lang='grc' dir='ltr'><strong>τῷ</strong></span> <span class='ocrx_word' id='word_1_684' title='bbox 2214 3371 2381 3425; x_wconf 90' lang='grc' dir='ltr'>πάλαι</span> <span class='ocrx_word' id='word_1_685' title='bbox 2411 3373 2487 3444; x_wconf 86' lang='grc' dir='ltr'>μὴ</span> <span class='ocrx_word' id='word_1_686' title='bbox 2515 3373 2696 3443; x_wconf 86' lang='grc' dir='ltr'>γνόντι</span> <span class='ocrx_word' id='word_1_687' title='bbox 2722 3377 2889 3446; x_wconf 80' lang='grc' dir='ltr'>ἡμᾶς,</span> <span class='ocrx_word' id='word_1_688' title='bbox 2923 3379 3020 3431; x_wconf 76' lang='grc' dir='ltr'><strong>καὶ</strong></span> <span class='ocrx_word' id='word_1_689' title='bbox 3043 3380 3124 3442; x_wconf 84' lang='grc' dir='ltr'><strong>είς</strong></span> <span class='ocrx_word' id='word_1_690' title='bbox 3147 3380 3317 3451; x_wconf 74' lang='grc' dir='ltr'>ἀκοὴν</span> <span class='ocrx_word' id='word_1_691' title='bbox 3347 3381 3516 3434; x_wconf 83' lang='grc' dir='ltr'>ὠτίου</span> <span class='ocrx_word' id='word_1_692' title='bbox 3550 3385 3696 3456; x_wconf 80' lang='grc' dir='ltr'>ὑπη-</span> 
     </span>
    </p>
   </div>
   <div class='ocr_carea' id='block_1_91' title="bbox 2102 3460 3694 3544">
    <p class='ocr_par' dir='ltr' id='par_1_91' title="bbox 2102 3460 3694 3544">
     <span class='ocr_line' id='line_1_91' title="bbox 2102 3460 3694 3544; baseline 0.009 -30"><span class='ocrx_word' id='word_1_693' title='bbox 2102 3460 2378 3533; x_wconf 83' lang='grc' dir='ltr'>κούσαμεν</span> <span class='ocrx_word' id='word_1_694' title='bbox 2402 3463 2569 3535; x_wconf 83' lang='grc' dir='ltr'>αὐτῷ,</span> <span class='ocrx_word' id='word_1_695' title='bbox 2600 3466 3032 3538; x_wconf 83' lang='grc' dir='ltr'>παραδεξάμενοι</span> <span class='ocrx_word' id='word_1_696' title='bbox 3067 3470 3157 3523; x_wconf 83' lang='grc' dir='ltr'><strong>τὸν</strong></span> <span class='ocrx_word' id='word_1_697' title='bbox 3197 3471 3298 3541; x_wconf 78' lang='grc' dir='ltr'>τῆς</span> <span class='ocrx_word' id='word_1_698' title='bbox 3338 3474 3535 3544; x_wconf 74' lang='grc' dir='ltr'>καινῆς</span> <span class='ocrx_word' id='word_1_699' title='bbox 3565 3478 3694 3528; x_wconf 83' lang='grc' dir='ltr'>Δια-</span> 
     </span>
    </p>
   </div>
   <div class='ocr_carea' id='block_1_92' title="bbox 2101 3551 3696 3634">
    <p class='ocr_par' dir='ltr' id='par_1_92' title="bbox 2101 3551 3696 3634">
     <span class='ocr_line' id='line_1_92' title="bbox 2101 3551 3696 3634; baseline 0.009 -29"><span class='ocrx_word' id='word_1_700' title='bbox 2101 3551 2274 3626; x_wconf 89' lang='grc' dir='ltr'>θήκης</span> <span class='ocrx_word' id='word_1_701' title='bbox 2304 3555 2469 3608; x_wconf 87' lang='grc' dir='ltr'>αὐτοῦ</span> <span class='ocrx_word' id='word_1_702' title='bbox 2497 3555 2671 3625; x_wconf 91' lang='grc' dir='ltr'>λόγον,</span> <span class='ocrx_word' id='word_1_703' title='bbox 2703 3558 2762 3612; x_wconf 80' lang='grc' dir='ltr'>ὃν</span> <span class='ocrx_word' id='word_1_704' title='bbox 2781 3559 3144 3633; x_wconf 80' lang='grc' dir='ltr'>διέθετο’πρὸς</span> <span class='ocrx_word' id='word_1_705' title='bbox 3168 3565 3335 3633; x_wconf 75' lang='grc' dir='ltr'>ἡμᾶς.</span> <span class='ocrx_word' id='word_1_706' title='bbox 3359 3563 3696 3634; x_wconf 69' lang='grc' dir='ltr'>Θαυμασίοις</span> 
     </span>
    </p>
   </div>
   <div class='ocr_carea' id='block_1_93' title="bbox 2099 3642 3688 3728">
    <p class='ocr_par' dir='ltr' id='par_1_93' title="bbox 2099 3642 3688 3728">
     <span class='ocr_line' id='line_1_93' title="bbox 2099 3642 3688 3728; baseline 0.008 -33"><span class='ocrx_word' id='word_1_707' title='bbox 2099 3642 2156 3695; x_wconf 88' lang='grc' dir='ltr'><strong>δέ</strong></span> <span class='ocrx_word' id='word_1_708' title='bbox 2192 3645 2330 3714; x_wconf 84' lang='grc' dir='ltr'><strong>μετά</strong></span> <span class='ocrx_word' id='word_1_709' title='bbox 2361 3646 2442 3711; x_wconf 81' lang='grc' dir='ltr'><strong>τὸ,</strong></span> <span class='ocrx_word' id='word_1_710' title='bbox 2479 3664 2497 3697; x_wconf 81' lang='grc' dir='ltr'><strong>ι</strong></span> <span class='ocrx_word' id='word_1_711' title='bbox 2536 3647 2683 3712; x_wconf 86' lang='grc' dir='ltr'>λαὸς,</span> <span class='ocrx_word' id='word_1_712' title='bbox 2727 3648 2786 3701; x_wconf 87' lang='grc' dir='ltr'><strong>ὃν</strong></span> <span class='ocrx_word' id='word_1_713' title='bbox 2815 3650 2914 3704; x_wconf 84' lang='grc' dir='ltr'><strong>οὐκ</strong></span> <span class='ocrx_word' id='word_1_714' title='bbox 2934 3649 3104 3718; x_wconf 77' lang='grc' dir='ltr'>ἔγνων</span> <span class='ocrx_word' id='word_1_715' title='bbox 3128 3695 3143 3719; x_wconf 96' lang='grc'><strong>,</strong></span> <span class='ocrx_word' id='word_1_716' title='bbox 3194 3653 3480 3709; x_wconf 80' lang='grc' dir='ltr'>ἐδούλευσέ</span> <span class='ocrx_word' id='word_1_717' title='bbox 3529 3676 3640 3728; x_wconf 87' lang='grc' dir='ltr'>μοι,</span> <span class='ocrx_word' id='word_1_718' title='bbox 3671 3677 3688 3707; x_wconf 74' lang='grc' dir='ltr'><strong>ι</strong></span> 
     </span>
    </p>
   </div>
   <div class='ocr_carea' id='block_1_94' title="bbox 2100 3737 3691 3818">
    <p class='ocr_par' dir='ltr' id='par_1_94' title="bbox 2100 3737 3691 3818">
     <span class='ocr_line' id='line_1_94' title="bbox 2100 3737 3691 3818; baseline 0.009 -29"><span class='ocrx_word' id='word_1_719' title='bbox 2100 3739 2195 3791; x_wconf 76' lang='grc' dir='ltr'>καὶ</span> <span class='ocrx_word' id='word_1_720' title='bbox 2220 3737 2316 3808; x_wconf 87' lang='grc' dir='ltr'><strong>τὴν</strong></span> <span class='ocrx_word' id='word_1_721' title='bbox 2334 3741 2461 3810; x_wconf 81' lang='grc' dir='ltr'>περὶ</span> <span class='ocrx_word' id='word_1_722' title='bbox 2483 3741 2640 3811; x_wconf 80' lang='grc' dir='ltr'>ἡμῶν</span> <span class='ocrx_word' id='word_1_723' title='bbox 2675 3742 2864 3813; x_wconf 84' lang='grc' dir='ltr'>κλῆσιν</span> <span class='ocrx_word' id='word_1_724' title='bbox 2895 3744 2962 3797; x_wconf 88' lang='grc' dir='ltr'>τὰ</span> <span class='ocrx_word' id='word_1_725' title='bbox 2988 3744 3119 3816; x_wconf 79' lang='grc' dir='ltr'>περὶ</span> <span class='ocrx_word' id='word_1_726' title='bbox 3141 3745 3243 3816; x_wconf 82' lang='grc' dir='ltr'>τῆς</span> <span class='ocrx_word' id='word_1_727' title='bbox 3264 3748 3544 3818; x_wconf 86' lang='grc' dir='ltr'>προτέρας</span> <span class='ocrx_word' id='word_1_728' title='bbox 3564 3751 3691 3802; x_wconf 86' lang='grc' dir='ltr'>Συν-</span> 
     </span>
    </p>
   </div>
   <div class='ocr_carea' id='block_1_95' title="bbox 2097 3829 3690 3910">
    <p class='ocr_par' dir='ltr' id='par_1_95' title="bbox 2097 3829 3690 3910">
     <span class='ocr_line' id='line_1_95' title="bbox 2097 3829 3690 3910; baseline 0.006 -26"><span class='ocrx_word' id='word_1_729' title='bbox 2097 3829 2319 3900; x_wconf 84' lang='grc' dir='ltr'>αγωγῆς</span> <span class='ocrx_word' id='word_1_730' title='bbox 2356 3831 2628 3885; x_wconf 84' lang='grc' dir='ltr'>ἐκτίθεται</span> <span class='ocrx_word' id='word_1_731' title='bbox 2669 3831 2756 3888; x_wconf 83' lang='grc' dir='ltr'>διὰ</span> <span class='ocrx_word' id='word_1_732' title='bbox 2805 3833 2922 3900; x_wconf 90' lang='grc' dir='ltr'>τοῦ,</span> <span class='ocrx_word' id='word_1_733' title='bbox 2982 3853 3001 3886; x_wconf 82' lang='grc' dir='ltr'><strong>ι</strong></span> <span class='ocrx_word' id='word_1_734' title='bbox 3054 3836 3172 3889; x_wconf 78' lang='grc' dir='ltr'>Υἱοὶ</span> <span class='ocrx_word' id='word_1_735' title='bbox 3221 3838 3493 3910; x_wconf 85' lang='grc' dir='ltr'>ἀλλότριοι</span> <span class='ocrx_word' id='word_1_736' title='bbox 3536 3841 3690 3910; x_wconf 63' lang='grc' dir='ltr'>ἐψεύ-</span> 
     </span>
    </p>
   </div>
   <div class='ocr_carea' id='block_1_96' title="bbox 2101 3920 3692 4003">
    <p class='ocr_par' dir='ltr' id='par_1_96' title="bbox 2101 3920 3692 4003">
     <span class='ocr_line' id='line_1_96' title="bbox 2101 3920 3692 4003; baseline 0.01 -32"><span class='ocrx_word' id='word_1_737' title='bbox 2101 3920 2260 3973; x_wconf 89' lang='grc' dir='ltr'>σαντό</span> <span class='ocrx_word' id='word_1_738' title='bbox 2289 3937 2399 3991; x_wconf 88' lang='grc' dir='ltr'>μοι,</span> <span class='ocrx_word' id='word_1_739' title='bbox 2440 3941 2458 3974; x_wconf 76' lang='grc' dir='ltr'><strong>ι</strong></span> <span class='ocrx_word' id='word_1_740' title='bbox 2511 3921 2867 3996; x_wconf 73' lang='grc' dir='ltr'>ἰσοδυναμοῦν</span> <span class='ocrx_word' id='word_1_741' title='bbox 2891 3925 2970 3997; x_wconf 83' lang='grc' dir='ltr'>τῷ</span> <span class='ocrx_word' id='word_1_742' title='bbox 2991 3967 3005 3991; x_wconf 91' lang='grc'><strong>,</strong></span> <span class='ocrx_word' id='word_1_743' title='bbox 3048 3945 3066 3978; x_wconf 79' lang='grc' dir='ltr'><strong>ι</strong></span> <span class='ocrx_word' id='word_1_744' title='bbox 3100 3928 3261 3993; x_wconf 82' lang='grc' dir='ltr'>Υίοὺς</span> <span class='ocrx_word' id='word_1_745' title='bbox 3300 3931 3572 4003; x_wconf 81' lang='grc' dir='ltr'>ἐγέννησα</span> <span class='ocrx_word' id='word_1_746' title='bbox 3597 3935 3692 3987; x_wconf 84' lang='grc' dir='ltr'><strong>καὶ</strong></span> 
     </span>
    </p>
   </div>
   <div class='ocr_carea' id='block_1_97' title="bbox 2099 4009 3690 4088">
    <p class='ocr_par' dir='ltr' id='par_1_97' title="bbox 2099 4009 3690 4088">
     <span class='ocr_line' id='line_1_97' title="bbox 2099 4009 3690 4088; baseline 0.008 -23"><span class='ocrx_word' id='word_1_747' title='bbox 2099 4009 2310 4080; x_wconf 78' lang='grc' dir='ltr'>ὖψωσα,</span> <span class='ocrx_word' id='word_1_748' title='bbox 2331 4014 2484 4067; x_wconf 81' lang='grc' dir='ltr'>αὐτοὶ</span> <span class='ocrx_word' id='word_1_749' title='bbox 2519 4015 2574 4068; x_wconf 88' lang='grc' dir='ltr'><strong>δέ</strong></span> <span class='ocrx_word' id='word_1_750' title='bbox 2602 4017 2974 4088; x_wconf 76' lang='grc' dir='ltr'>μεὴθέτησανο</span> <span class='ocrx_word' id='word_1_751' title='bbox 2997 4038 3015 4070; x_wconf 72' lang='grc' dir='ltr'><strong>ι</strong></span> <span class='ocrx_word' id='word_1_752' title='bbox 3038 4013 3180 4074; x_wconf 77' lang='grc' dir='ltr'>οὗτοι</span> <span class='ocrx_word' id='word_1_753' title='bbox 3205 4021 3263 4074; x_wconf 81' lang='grc' dir='ltr'>δὲ</span> <span class='ocrx_word' id='word_1_754' title='bbox 3293 4023 3386 4074; x_wconf 72' lang='grc' dir='ltr'><strong>καὶ</strong></span> <span class='ocrx_word' id='word_1_755' title='bbox 3419 4023 3690 4078; x_wconf 78' lang='grc' dir='ltr'>ἐπαλααῦ-</span> 
     </span>
    </p>
   </div>
   <div class='ocr_carea' id='block_1_98' title="bbox 2098 4102 3690 4187">
    <p class='ocr_par' dir='ltr' id='par_1_98' title="bbox 2098 4102 3690 4187">
     <span class='ocr_line' id='line_1_98' title="bbox 2098 4102 3690 4187; baseline 0.01 -31"><span class='ocrx_word' id='word_1_756' title='bbox 2098 4102 2267 4173; x_wconf 91' lang='grc' dir='ltr'>θησαν</span> <span class='ocrx_word' id='word_1_757' title='bbox 2297 4106 2637 4176; x_wconf 85' lang='grc' dir='ltr'>χωλάναντες</span> <span class='ocrx_word' id='word_1_758' title='bbox 2663 4109 2772 4163; x_wconf 85' lang='grc' dir='ltr'><strong>ἀπὸ</strong></span> <span class='ocrx_word' id='word_1_759' title='bbox 2801 4111 2908 4165; x_wconf 90' lang='grc' dir='ltr'><strong>τῶν</strong></span> <span class='ocrx_word' id='word_1_760' title='bbox 2925 4112 3128 4183; x_wconf 89' lang='grc' dir='ltr'>τρίϐων</span> <span class='ocrx_word' id='word_1_761' title='bbox 3151 4113 3351 4176; x_wconf 84' lang='grc' dir='ltr'>αὐτῶν,</span> <span class='ocrx_word' id='word_1_762' title='bbox 3370 4117 3466 4169; x_wconf 72' lang='grc' dir='ltr'><strong>καὶ</strong></span> <span class='ocrx_word' id='word_1_763' title='bbox 3494 4117 3572 4187; x_wconf 80' lang='grc' dir='ltr'><strong>μὴ</strong></span> <span class='ocrx_word' id='word_1_764' title='bbox 3595 4134 3690 4171; x_wconf 68' lang='grc' dir='ltr'>παν</span> 
     </span>
    </p>
   </div>
   <div class='ocr_carea' id='block_1_99' title="bbox 2100 4193 3689 4277">
    <p class='ocr_par' dir='ltr' id='par_1_99' title="bbox 2100 4193 3689 4277">
     <span class='ocr_line' id='line_1_99' title="bbox 2100 4193 3689 4277; baseline 0.009 -30"><span class='ocrx_word' id='word_1_765' title='bbox 2100 4193 2449 4265; x_wconf 81' lang='grc' dir='ltr'>ραδεξάμενοι</span> <span class='ocrx_word' id='word_1_766' title='bbox 2479 4197 2572 4252; x_wconf 84' lang='grc' dir='ltr'><strong>τὸν</strong></span> <span class='ocrx_word' id='word_1_767' title='bbox 2597 4197 2830 4271; x_wconf 83' lang='grc' dir='ltr'>Χριστὸν</span> <span class='ocrx_word' id='word_1_768' title='bbox 2859 4202 2954 4256; x_wconf 91' lang='grc' dir='ltr'><strong>τοῦ</strong></span> <span class='ocrx_word' id='word_1_769' title='bbox 2978 4203 3210 4268; x_wconf 83' lang='grc' dir='ltr'>Θεοῦ,ὃς</span> <span class='ocrx_word' id='word_1_770' title='bbox 3229 4205 3689 4277; x_wconf 75' lang='grc' dir='ltr'>ἀποδοκιμασθεὶς</span> 
     </span>
    </p>
   </div>
   <div class='ocr_carea' id='block_1_100' title="bbox 2096 4287 3688 4370">
    <p class='ocr_par' dir='ltr' id='par_1_100' title="bbox 2096 4287 3688 4370">
     <span class='ocr_line' id='line_1_100' title="bbox 2096 4287 3688 4370; baseline 0.008 -32"><span class='ocrx_word' id='word_1_771' title='bbox 2096 4287 2187 4339; x_wconf 83' lang='grc' dir='ltr'>ὑπ’</span> <span class='ocrx_word' id='word_1_772' title='bbox 2217 4287 2394 4342; x_wconf 81' lang='grc' dir='ltr'>αὐτῶν</span> <span class='ocrx_word' id='word_1_773' title='bbox 2441 4289 2744 4364; x_wconf 86' lang='grc' dir='ltr'>κατεστάθη</span> <span class='ocrx_word' id='word_1_774' title='bbox 2785 4293 2890 4346; x_wconf 83' lang='grc' dir='ltr'>ὑπὸ</span> <span class='ocrx_word' id='word_1_775' title='bbox 2927 4295 3024 4349; x_wconf 85' lang='grc' dir='ltr'><strong>τοῦ</strong></span> <span class='ocrx_word' id='word_1_776' title='bbox 3070 4295 3284 4366; x_wconf 86' lang='grc' dir='ltr'>Πατρὸς</span> <span class='ocrx_word' id='word_1_777' title='bbox 3327 4299 3409 4362; x_wconf 85' lang='grc' dir='ltr'><strong>είς</strong></span> <span class='ocrx_word' id='word_1_778' title='bbox 3448 4299 3688 4370; x_wconf 73' lang='grc' dir='ltr'>κεφαλὴν</span> 
     </span>
    </p>
   </div>
   <div class='ocr_carea' id='block_1_101' title="bbox 2092 4377 3690 4458">
    <p class='ocr_par' dir='ltr' id='par_1_101' title="bbox 2092 4377 3690 4458">
     <span class='ocr_line' id='line_1_101' title="bbox 2092 4377 3690 4458; baseline 0.009 -28"><span class='ocrx_word' id='word_1_779' title='bbox 2092 4377 2200 4431; x_wconf 85' lang='grc' dir='ltr'><strong>τῶν</strong></span> <span class='ocrx_word' id='word_1_780' title='bbox 2228 4379 2631 4436; x_wconf 85' lang='grc' dir='ltr'>δουλευσάντων</span> <span class='ocrx_word' id='word_1_781' title='bbox 2651 4425 2664 4449; x_wconf 96' lang='grc'><strong>,</strong></span> <span class='ocrx_word' id='word_1_782' title='bbox 2713 4386 2806 4438; x_wconf 76' lang='grc' dir='ltr'><strong>καὶ</strong></span> <span class='ocrx_word' id='word_1_783' title='bbox 2833 4387 2912 4449; x_wconf 79' lang='grc' dir='ltr'><strong>είς</strong></span> <span class='ocrx_word' id='word_1_784' title='bbox 2951 4387 3118 4458; x_wconf 82' lang='grc' dir='ltr'>ἀκοὴν</span> <span class='ocrx_word' id='word_1_785' title='bbox 3147 4388 3309 4442; x_wconf 83' lang='grc' dir='ltr'>ὠτίου</span> <span class='ocrx_word' id='word_1_786' title='bbox 3349 4391 3690 4447; x_wconf 79' lang='grc' dir='ltr'>ὑπακουσάν-</span> 
     </span>
    </p>
   </div>
   <div class='ocr_carea' id='block_1_102' title="bbox 2092 4471 3689 4553">
    <p class='ocr_par' dir='ltr' id='par_1_102' title="bbox 2092 4471 3689 4553">
     <span class='ocr_line' id='line_1_102' title="bbox 2092 4471 3689 4553; baseline 0.008 -31"><span class='ocrx_word' id='word_1_787' title='bbox 2092 4486 2201 4524; x_wconf 89' lang='grc' dir='ltr'><strong>των</strong></span> <span class='ocrx_word' id='word_1_788' title='bbox 2238 4471 2386 4543; x_wconf 80' lang='grc' dir='ltr'>αὺτῷ</span> <span class='ocrx_word' id='word_1_789' title='bbox 2426 4473 2627 4538; x_wconf 86' lang='grc' dir='ltr'>ἐθνῶν,</span> <span class='ocrx_word' id='word_1_790' title='bbox 2652 4476 2792 4530; x_wconf 75' lang='grc' dir='ltr'>κατὰ</span> <span class='ocrx_word' id='word_1_791' title='bbox 2825 4479 2922 4548; x_wconf 78' lang='grc' dir='ltr'>τὴν</span> <span class='ocrx_word' id='word_1_792' title='bbox 2950 4479 3174 4549; x_wconf 78' lang='grc' dir='ltr'>ἑτέρωθι</span> <span class='ocrx_word' id='word_1_793' title='bbox 3206 4479 3526 4549; x_wconf 79' lang='grc' dir='ltr'>φάσκουσαν</span> <span class='ocrx_word' id='word_1_794' title='bbox 3562 4501 3689 4553; x_wconf 84' lang='grc' dir='ltr'>προ-</span> 
     </span>
    </p>
   </div>
   <div class='ocr_carea' id='block_1_103' title="bbox 2095 4562 3687 4644">
    <p class='ocr_par' dir='ltr' id='par_1_103' title="bbox 2095 4562 3687 4644">
     <span class='ocr_line' id='line_1_103' title="bbox 2095 4562 3687 4644; baseline 0.011 -33"><span class='ocrx_word' id='word_1_795' title='bbox 2095 4562 2342 4630; x_wconf 82' lang='grc' dir='ltr'>φητείαν,</span> <span class='ocrx_word' id='word_1_796' title='bbox 2373 4581 2392 4614; x_wconf 79' lang='grc' dir='ltr'><strong>ι</strong></span> <span class='ocrx_word' id='word_1_797' title='bbox 2423 4563 2604 4628; x_wconf 89' lang='grc' dir='ltr'>Λίθον,</span> <span class='ocrx_word' id='word_1_798' title='bbox 2645 4565 2704 4619; x_wconf 82' lang='grc' dir='ltr'>ὃν</span> <span class='ocrx_word' id='word_1_799' title='bbox 2737 4567 3150 4638; x_wconf 86' lang='grc' dir='ltr'>ἀπεδοκίμασαν</span> <span class='ocrx_word' id='word_1_800' title='bbox 3171 4573 3219 4624; x_wconf 88' lang='grc' dir='ltr'><strong>οί</strong></span> <span class='ocrx_word' id='word_1_801' title='bbox 3252 4571 3687 4644; x_wconf 70' lang='grc' dir='ltr'>οἰκοδομοῦντες,</span> 
     </span>
    </p>
   </div>
   <div class='ocr_carea' id='block_1_104' title="bbox 2092 4647 3688 4734">
    <p class='ocr_par' dir='ltr' id='par_1_104' title="bbox 2092 4647 3688 4734">
     <span class='ocr_line' id='line_1_104' title="bbox 2092 4647 3688 4734; baseline 0.01 -29"><span class='ocrx_word' id='word_1_802' title='bbox 2092 4647 2246 4718; x_wconf 74' lang='grc' dir='ltr'>οὗτος</span> <span class='ocrx_word' id='word_1_803' title='bbox 2275 4655 2504 4729; x_wconf 86' lang='grc' dir='ltr'>ἐγενήθη</span> <span class='ocrx_word' id='word_1_804' title='bbox 2540 4660 2621 4721; x_wconf 79' lang='grc' dir='ltr'><strong>είς</strong></span> <span class='ocrx_word' id='word_1_805' title='bbox 2648 4660 2888 4732; x_wconf 77' lang='grc' dir='ltr'>κεφαλὴν</span> <span class='ocrx_word' id='word_1_806' title='bbox 2914 4662 3136 4730; x_wconf 87' lang='grc' dir='ltr'>γωνίας.</span> <span class='ocrx_word' id='word_1_807' title='bbox 3168 4682 3188 4715; x_wconf 82' lang='grc'><strong>›</strong></span> <span class='ocrx_word' id='word_1_808' title='bbox 3219 4660 3386 4734; x_wconf 81' lang='grc' dir='ltr'>Οἶμαι</span> <span class='ocrx_word' id='word_1_809' title='bbox 3419 4665 3476 4719; x_wconf 82' lang='grc' dir='ltr'>δὲ</span> <span class='ocrx_word' id='word_1_810' title='bbox 3501 4669 3598 4720; x_wconf 77' lang='grc' dir='ltr'><strong>καὶ</strong></span> <span class='ocrx_word' id='word_1_811' title='bbox 3625 4669 3688 4721; x_wconf 77' lang='grc' dir='ltr'>τὰ</span> 
     </span>
    </p>
   </div>
   <div class='ocr_carea' id='block_1_105' title="bbox 2093 4746 3689 4828">
    <p class='ocr_par' dir='ltr' id='par_1_105' title="bbox 2093 4746 3689 4828">
     <span class='ocr_line' id='line_1_105' title="bbox 2093 4746 3689 4828; baseline 0.01 -31"><span class='ocrx_word' id='word_1_812' title='bbox 2093 4762 2160 4797; x_wconf 88' lang='grc' dir='ltr'><strong>πε</strong></span> <span class='ocrx_word' id='word_1_813' title='bbox 2169 4747 2221 4814; x_wconf 73' lang='lat' dir='ltr'><strong>pl.</strong></span> <span class='ocrx_word' id='word_1_814' title='bbox 2252 4746 2353 4817; x_wconf 80' lang='grc' dir='ltr'>τῆς</span> <span class='ocrx_word' id='word_1_815' title='bbox 2381 4747 2630 4820; x_wconf 83' lang='grc' dir='ltr'>θεότητος</span> <span class='ocrx_word' id='word_1_816' title='bbox 2652 4753 2746 4805; x_wconf 76' lang='grc' dir='ltr'><strong>καὶ</strong></span> <span class='ocrx_word' id='word_1_817' title='bbox 2774 4753 2873 4822; x_wconf 83' lang='grc' dir='ltr'>τῆς</span> <span class='ocrx_word' id='word_1_818' title='bbox 2890 4757 2971 4818; x_wconf 86' lang='grc' dir='ltr'><strong>είς</strong></span> <span class='ocrx_word' id='word_1_819' title='bbox 2986 4754 3309 4828; x_wconf 84' lang='grc' dir='ltr'>ἀνθρώπους</span> <span class='ocrx_word' id='word_1_820' title='bbox 3333 4758 3689 4822; x_wconf 81' lang='grc' dir='ltr'>καταϐάσεως</span> 
     </span>
    </p>
   </div>
   <div class='ocr_carea' id='block_1_106' title="bbox 2093 4838 3687 4923">
    <p class='ocr_par' dir='ltr' id='par_1_106' title="bbox 2093 4838 3687 4923">
     <span class='ocr_line' id='line_1_106' title="bbox 2093 4838 3687 4923; baseline 0.01 -33"><span class='ocrx_word' id='word_1_821' title='bbox 2093 4838 2259 4892; x_wconf 85' lang='grc' dir='ltr'>αὐτοῦ</span> <span class='ocrx_word' id='word_1_822' title='bbox 2288 4842 2345 4893; x_wconf 89' lang='grc' dir='ltr'><strong>ἐν</strong></span> <span class='ocrx_word' id='word_1_823' title='bbox 2374 4844 2485 4904; x_wconf 82' lang='grc' dir='ltr'>τοῖς</span> <span class='ocrx_word' id='word_1_824' title='bbox 2526 4843 2762 4914; x_wconf 89' lang='grc' dir='ltr'>πρώτοις</span> <span class='ocrx_word' id='word_1_825' title='bbox 2786 4845 3080 4917; x_wconf 80' lang='grc' dir='ltr'>δηλοῦσθαι</span> <span class='ocrx_word' id='word_1_826' title='bbox 3106 4849 3200 4903; x_wconf 76' lang='grc' dir='ltr'><strong>τοῦ</strong></span> <span class='ocrx_word' id='word_1_827' title='bbox 3243 4850 3467 4922; x_wconf 67' lang='grc' dir='ltr'>ψαλμοῦ</span> <span class='ocrx_word' id='word_1_828' title='bbox 3493 4868 3507 4880; x_wconf 81' lang='lat'><strong>&#39;</strong></span> <span class='ocrx_word' id='word_1_829' title='bbox 3548 4853 3687 4923; x_wconf 75' lang='grc' dir='ltr'>ἅπερ</span> 
     </span>
    </p>
   </div>
   <div class='ocr_carea' id='block_1_107' title="bbox 2091 4929 3689 5014">
    <p class='ocr_par' dir='ltr' id='par_1_107' title="bbox 2091 4929 3689 5014">
     <span class='ocr_line' id='line_1_107' title="bbox 2091 4929 3689 5014; baseline 0.014 -35"><span class='ocrx_word' id='word_1_830' title='bbox 2091 4929 2153 4980; x_wconf 78' lang='grc' dir='ltr'><strong>οὐ</strong></span> <span class='ocrx_word' id='word_1_831' title='bbox 2175 4929 2275 4999; x_wconf 80' lang='grc' dir='ltr'>τῆς</span> <span class='ocrx_word' id='word_1_832' title='bbox 2317 4931 2375 4982; x_wconf 88' lang='grc' dir='ltr'><strong>ἐν</strong></span> <span class='ocrx_word' id='word_1_833' title='bbox 2409 4933 2674 5005; x_wconf 85' lang='grc' dir='ltr'>παρέργῳ</span> <span class='ocrx_word' id='word_1_834' title='bbox 2713 4936 2808 4988; x_wconf 73' lang='grc' dir='ltr'>καὶ</span> <span class='ocrx_word' id='word_1_835' title='bbox 2848 4935 3170 5010; x_wconf 73' lang='grc' dir='ltr'>παραδρομῇ</span> <span class='ocrx_word' id='word_1_836' title='bbox 3202 4941 3364 4994; x_wconf 84' lang='grc' dir='ltr'>δέοιτ’</span> <span class='ocrx_word' id='word_1_837' title='bbox 3395 4942 3466 4996; x_wconf 83' lang='grc' dir='ltr'>ἂν</span> <span class='ocrx_word' id='word_1_838' title='bbox 3496 4943 3689 5014; x_wconf 77' lang='grc' dir='ltr'>ἐξηγή-</span> 
     </span>
    </p>
   </div>
   <div class='ocr_carea' id='block_1_108' title="bbox 2095 5020 3686 5097">
    <p class='ocr_par' dir='ltr' id='par_1_108' title="bbox 2095 5020 3686 5097">
     <span class='ocr_line' id='line_1_108' title="bbox 2095 5020 3686 5097; baseline 0.011 -28"><span class='ocrx_word' id='word_1_839' title='bbox 2095 5035 2233 5082; x_wconf 88' lang='grc' dir='ltr'>σεως</span> <span class='ocrx_word' id='word_1_840' title='bbox 2251 5020 2393 5093; x_wconf 80' lang='grc' dir='ltr'>ἀπορ</span> <span class='ocrx_word' id='word_1_841' title='bbox 2401 5022 2589 5092; x_wconf 82' lang='grc' dir='ltr'>ρητότε</span> <span class='ocrx_word' id='word_1_842' title='bbox 2598 5041 2688 5094; x_wconf 90' lang='grc' dir='ltr'><strong>ρον</strong></span> <span class='ocrx_word' id='word_1_843' title='bbox 2705 5027 2751 5078; x_wconf 85' lang='grc' dir='ltr'><strong>εί</strong></span> <span class='ocrx_word' id='word_1_844' title='bbox 2760 5042 2824 5097; x_wconf 91' lang='grc' dir='ltr'><strong>ρη</strong></span> <span class='ocrx_word' id='word_1_845' title='bbox 2835 5026 2988 5096; x_wconf 81' lang='grc' dir='ltr'>μένά”</span> <span class='ocrx_word' id='word_1_846' title='bbox 3005 5023 3094 5082; x_wconf 75' lang='grc' dir='ltr'>οἷά</span> <span class='ocrx_word' id='word_1_847' title='bbox 3107 5031 3252 5082; x_wconf 85' lang='grc' dir='ltr'>ἐστιν</span> <span class='ocrx_word' id='word_1_848' title='bbox 3270 5031 3380 5084; x_wconf 74' lang='grc' dir='ltr'><strong>ἀπὸ</strong></span> <span class='ocrx_word' id='word_1_849' title='bbox 3395 5033 3493 5086; x_wconf 80' lang='grc' dir='ltr'><strong>τοῦ</strong></span> <span class='ocrx_word' id='word_1_850' title='bbox 3503 5073 3518 5094; x_wconf 90' lang='grc'><strong>,</strong></span> <span class='ocrx_word' id='word_1_851' title='bbox 3548 5053 3568 5084; x_wconf 78' lang='grc' dir='ltr'><strong>ι</strong></span> <span class='ocrx_word' id='word_1_852' title='bbox 3580 5035 3686 5089; x_wconf 74' lang='grc' dir='ltr'>Καὶ</span> 
     </span>
    </p>
   </div>
   <div class='ocr_carea' id='block_1_109' title="bbox 2091 5103 3685 5191">
    <p class='ocr_par' dir='ltr' id='par_1_109' title="bbox 2091 5103 3685 5191">
     <span class='ocr_line' id='line_1_109' title="bbox 2091 5103 3685 5191; baseline 0.014 -34"><span class='ocrx_word' id='word_1_853' title='bbox 2091 5103 2301 5162; x_wconf 81' lang='grc' dir='ltr'>ἔκλινεν</span> <span class='ocrx_word' id='word_1_854' title='bbox 2331 5112 2592 5182; x_wconf 75' lang='grc' dir='ltr'>οὐρανοὺς</span> <span class='ocrx_word' id='word_1_855' title='bbox 2636 5117 2727 5168; x_wconf 77' lang='grc' dir='ltr'><strong>καὶ</strong></span> <span class='ocrx_word' id='word_1_856' title='bbox 2760 5117 2964 5190; x_wconf 85' lang='grc' dir='ltr'>κατέϐη</span> <span class='ocrx_word' id='word_1_857' title='bbox 2986 5160 3000 5183; x_wconf 91' lang='grc'><strong>,</strong></span> <span class='ocrx_word' id='word_1_858' title='bbox 3037 5120 3132 5172; x_wconf 80' lang='grc' dir='ltr'>καὶ</span> <span class='ocrx_word' id='word_1_859' title='bbox 3179 5123 3378 5191; x_wconf 68' lang='grc' dir='ltr'>γνόφος</span> <span class='ocrx_word' id='word_1_860' title='bbox 3414 5124 3526 5176; x_wconf 81' lang='grc' dir='ltr'><strong>ὑπὸ</strong></span> <span class='ocrx_word' id='word_1_861' title='bbox 3562 5128 3685 5189; x_wconf 73' lang='grc' dir='ltr'>τοὺς</span> 
     </span>
    </p>
   </div>
   <div class='ocr_carea' id='block_1_110' title="bbox 2093 5200 3680 5287">
    <p class='ocr_par' dir='ltr' id='par_1_110' title="bbox 2093 5200 3680 5287">
     <span class='ocr_line' id='line_1_110' title="bbox 2093 5200 3680 5287; baseline 0.013 -35"><span class='ocrx_word' id='word_1_862' title='bbox 2093 5200 2258 5264; x_wconf 90' lang='grc' dir='ltr'>πόδας</span> <span class='ocrx_word' id='word_1_863' title='bbox 2283 5202 2471 5257; x_wconf 80' lang='grc' dir='ltr'>αὐτοῦ’</span> <span class='ocrx_word' id='word_1_864' title='bbox 2508 5207 2600 5259; x_wconf 74' lang='grc' dir='ltr'><strong>καὶ</strong></span> <span class='ocrx_word' id='word_1_865' title='bbox 2628 5207 2796 5280; x_wconf 80' lang='grc' dir='ltr'>ἐπέϐη</span> <span class='ocrx_word' id='word_1_866' title='bbox 2825 5210 2917 5263; x_wconf 73' lang='grc' dir='ltr'><strong>ἐπὶ</strong></span> <span class='ocrx_word' id='word_1_867' title='bbox 2943 5211 3207 5283; x_wconf 82' lang='grc' dir='ltr'>Χερουϐὶν</span> <span class='ocrx_word' id='word_1_868' title='bbox 3241 5215 3338 5267; x_wconf 78' lang='grc' dir='ltr'>καὶ</span> <span class='ocrx_word' id='word_1_869' title='bbox 3368 5217 3680 5287; x_wconf 82' lang='grc' dir='ltr'>ἐπετάσθη,</span> 
     </span>
    </p>
   </div>
   <div class='ocr_carea' id='block_1_111' title="bbox 2095 5292 3680 5371">
    <p class='ocr_par' dir='ltr' id='par_1_111' title="bbox 2095 5292 3680 5371">
     <span class='ocr_line' id='line_1_111' title="bbox 2095 5292 3680 5371; baseline 0.016 -29"><span class='ocrx_word' id='word_1_870' title='bbox 2095 5292 2370 5362; x_wconf 86' lang='grc' dir='ltr'>ἐπετὰσθη</span> <span class='ocrx_word' id='word_1_871' title='bbox 2414 5295 2506 5348; x_wconf 81' lang='grc' dir='ltr'><strong>ἐπὶ</strong></span> <span class='ocrx_word' id='word_1_872' title='bbox 2538 5297 2826 5368; x_wconf 86' lang='grc' dir='ltr'>πτερύγων</span> <span class='ocrx_word' id='word_1_873' title='bbox 2875 5301 3112 5371; x_wconf 69' lang='grc' dir='ltr'>ἀνέμωνο</span> <span class='ocrx_word' id='word_1_874' title='bbox 3153 5322 3171 5354; x_wconf 74' lang='grc' dir='ltr'><strong>ι</strong></span> <span class='ocrx_word' id='word_1_875' title='bbox 3209 5305 3306 5357; x_wconf 76' lang='grc' dir='ltr'><strong>καὶ</strong></span> <span class='ocrx_word' id='word_1_876' title='bbox 3324 5304 3435 5357; x_wconf 76' lang='grc' dir='ltr'>’ὅσα</span> <span class='ocrx_word' id='word_1_877' title='bbox 3473 5306 3680 5368; x_wconf 78' lang='grc' dir='ltr'>τούτοις</span> 
     </span>
    </p>
   </div>
   <div class='ocr_carea' id='block_1_112' title="bbox 2099 5386 3586 5467">
    <p class='ocr_par' dir='ltr' id='par_1_112' title="bbox 2099 5386 3586 5467">
     <span class='ocr_line' id='line_1_112' title="bbox 2099 5386 3586 5467; baseline 0.011 -32"><span class='ocrx_word' id='word_1_878' title='bbox 2099 5386 2492 5456; x_wconf 85' lang='grc' dir='ltr'>παραπλησίως</span> <span class='ocrx_word' id='word_1_879' title='bbox 2519 5391 2611 5442; x_wconf 75' lang='grc' dir='ltr'><strong>ἐπὶ</strong></span> <span class='ocrx_word' id='word_1_880' title='bbox 2637 5391 2729 5444; x_wconf 79' lang='grc' dir='ltr'><strong>τὸν</strong></span> <span class='ocrx_word' id='word_1_881' title='bbox 2750 5392 2842 5446; x_wconf 88' lang='grc' dir='ltr'><strong>τοῦ</strong></span> <span class='ocrx_word' id='word_1_882' title='bbox 2872 5393 3007 5446; x_wconf 82' lang='grc' dir='ltr'>Θεοῦ</span> <span class='ocrx_word' id='word_1_883' title='bbox 3032 5395 3202 5464; x_wconf 89' lang='grc' dir='ltr'>Λόγον</span> <span class='ocrx_word' id='word_1_884' title='bbox 3225 5397 3586 5467; x_wconf 85' lang='grc' dir='ltr'>ἀναφέρεται.</span> 
     </span>
    </p>
   </div>
   <div class='ocr_carea' id='block_1_113' title="bbox 2515 5654 3667 5732">
    <p class='ocr_par' dir='ltr' id='par_1_113' title="bbox 2515 5654 3667 5732">
     <span class='ocr_line' id='line_1_113' title="bbox 2515 5654 3667 5732; baseline 0.007 -21"><span class='ocrx_word' id='word_1_885' title='bbox 2515 5655 2558 5688; x_wconf 87' lang='grc'>³⁷</span> <span class='ocrx_word' id='word_1_886' title='bbox 2601 5654 2781 5713; x_wconf 88' lang='lat' dir='ltr'><strong>Galat.</strong></span> <span class='ocrx_word' id='word_1_887' title='bbox 2846 5658 3009 5725; x_wconf 74' lang='lat' dir='ltr'><strong>1v,-9.</strong></span> <span class='ocrx_word' id='word_1_888' title='bbox 3089 5661 3134 5693; x_wconf 86' lang='grc'><em>³³</em></span> <span class='ocrx_word' id='word_1_889' title='bbox 3172 5660 3382 5732; x_wconf 81' lang='lat' dir='ltr'><strong>Ephes.</strong></span> <span class='ocrx_word' id='word_1_890' title='bbox 3441 5678 3522 5730; x_wconf 79' lang='lat' dir='ltr'><strong>It.</strong></span> <span class='ocrx_word' id='word_1_891' title='bbox 3589 5666 3667 5722; x_wconf 74' lang='lat' dir='ltr'><strong>i3.</strong></span> 
     </span>
    </p>
   </div>
  </div>
