3826 6216
99 378 262 437 “05

677 489 1074 545 ΚΕΦΛΑΑΙΟΝ
1116 489 1172 547 l'.

721 601 970 672 Ψαλμοῦ
1015 601 1110 670 ιη’.

188 737 216 774 σ
250 721 368 775 Ούκ
393 721 499 774 εἰσὶ
525 718 708 772 λαλια)⁴
731 719 853 772 οὐδὲ
885 718 1056 786 λόγοι,
1087 711 1162 773 ὧν
1185 718 1306 789 οὐχὶ
1335 718 1621 772 ἀκούονται
1657 718 1713 771 αἰ

103 815 300 885 φωναὶ
333 813 534 868 αὐτῶν.
561 813 656 875 Εἰς
685 813 866 864 πᾶσαν
888 810 986 882 τὴν
1017 811 1120 880 γῆν
1155 809 1378 881 ἐξῆλθεν
1411 813 1440 864 ό
1479 810 1712 880 φθόγγος

105 905 324 971 αὐτῶν,
361 905 456 960 καὶ
482 906 563 969 εἰς
593 904 662 958 τὰ
694 903 908 974 πέρατα
935 903 1036 973 τῆς
1057 903 1384 975 οἰκουμένης
1413 903 1480 956 τὰ
1498 904 1714 974 ῥήματα

107 998 327 1052 αὐτῶν.
376 1017 394 1048 ι
428 995 708 1067 Ζητοῦμεν
736 995 897 1049 τίνων
925 996 1004 1060 εἰς
1030 997 1208 1048 πᾶσαν
1231 994 1329 1068 τὴν
1361 997 1464 1065 γῆν
1494 995 1713 1066 ἐξῆλθεν

102 1092 136 1142 ό
171 1088 442 1158 φθόγγος,
473 1086 568 1140 καί⁵
597 1086 666 1140 τά
696 1087 918 1160 ῥήματα
953 1086 1059 1150 ἓως
1090 1085 1200 1140 τῶν
1232 1087 1485 1158 περάτων
1515 1085 1708 1158 τῆςιίῖ.

114 1181 223 1245 21,
243 1182 320 1252 νο)
347 1180 691 1252 οἰκουμένης,
716 1180 792 1244 ὡς
820 1181 894 1252 μὴ
920 1180 1338 1250 καταλελεῖφθαι
1353 1179 1543 1250 λόγους
1565 1181 1715 1252 παρά

105 1289 233 1326 τισι
258 1272 355 1326 καὶ
382 1271 573 1335 λαλιὰς
603 1271 735 1342 παρ’
765 1266 846 1335 οἷς
878 1273 980 1325 οὐκ
1014 1270 1364 1343 ὴκούσθησαν
1387 1272 1481 1325 καὶ
1509 1273 1566 1324 αἰ
1593 1271 1715 1324 τού-

106 1381 231 1416 των
261 1363 457 1431 φωναί·
511 1361 623 1416 ἀλλ’
671 1363 771 1415 οὐκ
823 1362 890 1416 ἂν
928 1362 1040 1432 ἔχοι
1079 1365 1162 1426 τις
1194 1363 1414 1434 ἑτέρους
1451 1363 1713 1428 ἐπιδεῖξαι

108 1455 230 1508 τῶν
259 1458 303 1508 is
313 1455 423 1527 ρῶν
446 1455 777 1522 ἀποστόλων,
809 1456 889 1519 εἰς
911 1455 1008 1518 οὓς
1032 1456 1064 1525 ἡ
1092 1455 1396 1526 προφητεία
1425 1457 1716 1529 πεπλήρωο

108 1564 212 1600 ται
238 1547 528 1617 διαϐοήτου
557 1546 656 1617 τῆς
686 1546 813 1617 περί
847 1545 940 1598 τοῦ
976 1544 1214 1616 Χριστοῦ
1242 1544 1590 1608 διδασκαλίας
1615 1546 1713 1598 αὐ-

109 1641 234 1694 τῶν
268 1643 351 1704 εἰς
383 1639 564 1694 πᾶσαν
586 1639 684 1711 τὴν
714 1640 804 1692 ὑπ’
830 1637 1057 1710 οὐρανὸν
1076 1639 1394 1710 γενομένης,
1420 1639 1510 1692 ὅτε
1535 1642 1716 1693 ἐνεπι-

108 1736 180 1805 δη
191 1733 426 1806 μοῦντες
447 1732 527 1804 τῷ
552 1733 649 1804 βίῳ
674 1733 811 1804 μετά
831 1733 932 1802 τῆς
957 1726 1325 1804 συνεργούσης
1346 1733 1528 1798 αὐτοῖς
1551 1734 1713 1788 δυνά-

114 1843 274 1896 μεως
303 1825 456 1888 θείας
489 1825 595 1879 ἀνά
621 1827 800 1878 πᾶσαν
829 1824 926 1895 τὴν
948 1826 1270 1897 οἰκουμένην
1300 1827 1602 1921 ὲκήῃρυσσον
1617 1825 1716 1896 τὴν
1751 1864 1792 1921 Β

111 1921 200 1982 εἰς
230 1919 327 1972 τὸν
360 1916 592 1989 Χριστὸν
635 1917 731 1974 τοῦ
769 1916 905 1971 Θεοῦ
940 1917 1151 1971 πίστιν·
1200 1917 1328 1989 περὶ
1359 1909 1420 1969 06
1456 1917 1592 1987 μετὰ
1616 1919 1716 1990 τήν

112 2012 434 2083 πρόρρησιν
480 2012 574 2065 τοῦ
619 2012 728 2065 τῶν
782 2011 1093 2066 ἀποστόλων
1148 2010 1310 2063 αὑτοῦ
1363 2009 1715 2082 κηρύγματος

110 2103 250 2175 ἑξῆς
285 2107 316 2158 ό
349 2105 505 2172 λόγος
537 2104 798 2167 διδάσκει,
824 2104 898 2167 ὡς
928 2104 1036 2175 ἄρα
1071 2123 1089 2155 ι
1126 2105 1184 2156 ἐν
1208 2101 1286 2173 τῷ
1311 2102 1445 2174 ήλίῳ
1475 2103 1625 2157 ἔθετο
1654 2105 1716 2158 τὸ

116 2200 394 2267 σκήνωμα
431 2194 598 2249 αὑτοῦ
621 2212 632 2224 ο
676 2215 693 2247 ι
728 2196 882 2266 ήλίου
906 2195 1193 2265 νοουμένου
1220 2194 1318 2265 τῆς
1341 2195 1614 2266 θεότητος,
1637 2197 1718 2259 εἰς

113 2289 185 2360 ἣν
217 2288 321 2359 τὴν
352 2287 545 2342 ἑαυτοῦ
585 2286 750 2359 μονὴν
792 2287 888 2342 καὶ
943 2287 1042 2357 τὴν
1090 2286 1250 2340 οἰονεί
1301 2287 1716 2357 κατασκήνωσιν

115 2375 299 2439 ἔθετο,
352 2376 516 2446 ἢκαὶ
562 2377 700 2448 ὅπερ
747 2377 812 2429 ὲκ
853 2375 954 2446 τῆς
1002 2375 1280 2448 Παρθένου
1330 2374 1486 2428 ἔλαϐε
1539 2375 1716 2446 σῶμα,

118 2469 265 2540 ὅπερ
293 2463 362 2537 ἦν
395 2469 638 2540 ὠσπερεί
671 2469 936 2539 σκήνωμα
965 2467 1064 2538 τῆς
1110 2469 1169 2520 ἐν
1199 2467 1350 2539 αύτῷ
1382 2467 1719 2537 καταμενού-

117 2577 226 2631 σης
251 2559 406 2623 θείας
429 2560 730 2630 δυνάμεως
764 2552 916 2624 οὗτος
940 2559 996 2612 δὲ
1028 2560 1121 2612 καὶ
1148 2559 1364 2630 (ὥσπερ
1380 2559 1611 2629 νυμφίος
1635 2561 1721 2613 ὲκ-

116 2653 492 2726 ποριιυόμενος
515 2655 578 2707 ἐκ
601 2653 806 2708 παστοῦ
842 2653 1030 2716 αὐτοῦ,
1068 2652 1430 2722 ἠγαλλιάσατο
1452 2652 1525 2716 ὡς
1557 2652 1718 2720 γίγας

117 2749 357 2820 δραμεῖν
380 2749 520 2803 ὁδόν·
547 2742 662 2803 »οἶα
675 2749 782 2820 γάρ
805 2767 886 2812 τις
913 2749 1146 2819 νυμφίος
1167 2748 1254 2801 διὰ
1278 2749 1375 2820 τὴν
1401 2748 1564 2802 αὑτοῦ
1581 2747 1642 2803 νύ
1651 2767 1717 2818 μ-

122 2859 237 2912 φην
269 2841 373 2911 τὴν
413 2842 737 2912 Ἐκκλησίαν
768 2843 833 2894 έκ
846 2840 954 2894 τῶν
979 2840 1261 2912 πατρικῶν
1276 2841 1567 2904 διαναστὰς
1597 2841 1717 2894 κόλ-

123 2951 268 2998 πων,
306 2934 402 2989 καὶ
440 2936 598 2989 ὁποῖά
643 2951 726 2998 τις
770 2933 931 3003 γίγας
965 2932 1206 3003 ἀνδρεῖος
1243 2933 1336 2985 καὶ
1384 2931 1598 3003 ἰσχυρὸς
1625 2931 1716 2984 τὸν

120 3028 320 3098 ἀγῶνα
341 3029 435 3082 τὸν
464 3028 820 3100 προκείμενον
859 3026 1008 3098 αύτῷ
1053 3027 1342 3098 διαθλήσας
1360 3067 1374 3092 ,
1405 3029 1631 3099 νικήσας
1656 3043 1715 3079 τε

122 3123 227 3176 καὶ
249 3122 766 3192 καταγωνισάμενος
807 3120 931 3183 τοὺς
964 3119 1291 3182 ἀντιπάλους
1309 3161 1324 3183 ,
1351 3120 1716 3189 ἠγαλλιάσατο

1162 377 1245 436 EC
1260 378 1466 438 ωοΕ
1509 377 1998 436 ΡΒΟΡΗΕΤΙΟᾸΞ.
2040 409 2108 420 σ-
2146 378 2275 437 LIB.
2313 376 2397 446 il.{

1743 510 1791 567 Α

3256 373 3396 434 H06

2457 485 2686 546 CAPUT
2726 487 2770 546 Χ

2233 605 2282 661 Ε
2314 605 2522 674 psalmo
2558 615 2742 661 octauo
2774 602 2993 661 decimo.

1893 739 1911 771 ε
1951 720 2065 774 Non
2092 729 2215 776 sunt
2239 721 2503 790 loquelae,
2555 734 2732 788 neque
2780 731 3058 774 sermones
3087 755 3100 779 ,
3159 729 3392 785 quorum

1816 831 1925 869 non
1987 813 2282 868 audiantur
2329 828 2489 868 voces
2537 827 2746 868 eorum.
2802 811 2864 864 In
2924 823 3142 864 onmem
3192 815 3394 863 terra

1815 906 1982 962 exivit
2014 921 2185 962 sonus
2232 920 2444 967 eorum,
2471 911 2526 961 et
2577 905 2632 958 in
2661 903 2796 960 ﬁnes
2838 902 2990 958 orbis
3017 909 3174 958 terra:
3228 898 3392 954 verba

1815 1014 2004 1054 eorum
2039 997 2104 1050 κ’.
2144 1017 2162 1049 ›
2193 996 2500 1062 Quaerimus
2539 1011 2770 1066 quorum
2822 996 2876 1050 in
2919 1008 3136 1050 omnem
3191 999 3393 1048 terram

1816 1091 1982 1146 exivit
2009 1105 2200 1154 sonus,
2227 1091 2502 1159 verbaque
2539 1090 2594 1142 in
2626 1088 2760 1143 ﬁnes
2806 1087 2956 1142 orbis
2981 1083 3180 1150 terrae,
3213 1099 3282 1140 ne
3310 1099 3392 1140 re-

1817 1184 2135 1253 linquantur
2165 1180 2495 1253 quihusdant
2550 1182 2777 1251 loquelae
2809 1188 2862 1236 et
2904 1193 3186 1235 sermones
3213 1217 3229 1244 ,
3272 1175 3380 1246 qui-

1817 1277 1920 1332 bus
1967 1292 2077 1331 non
2118 1275 2318 1330 auditae
2373 1276 2484 1331 sint
2531 1275 2763 1330 istorum
2805 1287 2989 1328 voces.
3036 1271 3220 1341 Neque
3252 1271 3394 1325 ullos

1818 1368 1953 1424 alios
1985 1368 2292 1422 invenimus
2341 1382 2406 1422 ac
2439 1374 2660 1422 sanctos
2704 1365 3015 1435 apostolos,
3057 1363 3256 1434 quibus
3293 1362 3393 1417 im-

1817 1459 1994 1530 pletur
2049 1458 2335 1529 prophetia
2369 1498 2383 1523 ,
2450 1457 2766 1527 pervulgata
2829 1455 2885 1509 in
2929 1469 3148 1509 omnem
3190 1460 3394 1508 terram

1816 1566 2003 1607 eorum
2039 1551 2108 1606 de
2141 1550 2366 1606 Christo
2391 1550 2673 1610 doctrina,
2722 1563 2847 1603 cum
2877 1547 3028 1602 omni
3055 1547 3168 1602 vita
3216 1560 3374 1616 perer

1816 1653 2022 1710 rantes,
2048 1643 2340 1714 adjuvante
2367 1659 2461 1699 eos
2515 1650 2783 1712 potestate
2822 1640 3029 1704 divina,
3061 1654 3158 1710 per
3179 1638 3397 1694 univer-

1817 1753 1938 1794 sum
1961 1738 2148 1794 orbem
2180 1745 2450 1793 terrarum
2477 1735 2635 1791 ﬁdem
2670 1736 2725 1788 in
2761 1733 3040 1788 Christum
3079 1729 3176 1787 Dei
3204 1728 3397 1801 praedi-

1817 1838 2100 1886 caverunt.
2153 1829 2228 1886 Dc
2262 1846 2372 1900 quo
2423 1835 2546 1900 post
2598 1827 2978 1898 praavisionem
3028 1823 3398 1896 apostolorum

1819 1923 1938 1993 ejus
1972 1921 2394 1991 praedicationis,
2423 1919 2688 1976 continuo
2722 1917 3008 1987 Scriptura
3054 1915 3234 1979 docet,
3253 1912 3399 1984 quod

1823 2033 1842 2068 ‹
1883 2014 1940 2070 in
1971 2015 2085 2070 sole
2123 2013 2308 2086 posuit
2344 2011 2760 2071 tabernaculum
2793 2025 2952 2068 suum
2978 2008 3064 2076 ";
3104 2027 3122 2060 ι
3155 2006 3238 2063 sol
3284 2004 3401 2061 dei-

1817 2116 1981 2164 tatem
2013 2107 2214 2171 innuit,
2241 2107 2297 2163 in
2323 2121 2430 2176 qua
2461 2104 2643 2161 sedem
2675 2118 2838 2161 suam
2875 2108 2928 2158 et
2953 2101 3114 2173 quasi
3148 2101 3402 2158 taberna-

1817 2201 2002 2256 culum
2036 2199 2238 2270 posuit,
2268 2200 2356 2254 vel
2383 2196 2530 2268 quod
2559 2213 2622 2256 ex
2656 2195 2882 2267 Virgine
2906 2193 3141 2264 sumpsit
3179 2207 3399 2262 corpus.

1817 2293 1962 2364 quod
1997 2293 2156 2363 quasi
2187 2291 2601 2347 tabernaculum
2632 2295 2750 2346 erat
2795 2289 2996 2344 divina:
3028 2287 3317 2358 potestatis
3346 2285 3403 2342 iu

1817 2399 1882 2440 eo
1919 2386 2310 2455 permanentis.
2357 2382 2459 2438 Hic
2490 2389 2544 2438 et
2581 2399 2600 2432 ι
2639 2389 2897 2450 tanquam
2925 2394 3164 2450 sponsus
3212 2391 3401 2448 proco-~

1817 2476 1954 2534 deus
1981 2477 2050 2533 de
2081 2477 2322 2534 thalamo
2371 2491 2506 2541 suo;
2545 2474 2840 2530 exsultavit
2885 2483 2945 2530 ut
2979 2473 3132 2543 gigas
3175 2470 3244 2525 ad
3275 2484 3405 2528 cur-

1818 2570 2046 2625 rendam
2069 2569 2212 2624 viam
2243 2567 2309 2624 “.
2346 2587 2366 2621 ι
2408 2567 2479 2623 Ut
2525 2567 2673 2623 enim
2727 2579 2964 2636 sponsus
3018 2563 3108 2618 ob'
3140 2577 3402 2633 sponsam

1819 2663 1992 2734 ipsius
2023 2661 2321 2718 Ecciesiam
2353 2676 2383 2716 e
2409 2661 2589 2730 patrio
2612 2657 3074 2734 exsurgenssinu
3098 2695 3113 2718 ,
3158 2664 3213 2710 et
3243 2653 3403 2723 quasi

1817 2731 1994 2812 virilis
2030 2756 2400 2825 robustusque
2432 2753 2585 2824 gigas
2626 2758 2904 2808 certamen
2927 2731 3034 2805 sibi
3063 2747 3403 2818 propositum

1817 2848 2090 2912 certavit,
2124 2851 2440 2917 victorque,
2494 2855 2547 2902 et
2581 2845 2873 2916 prostratis
2907 2842 3267 2904 adversariis,
3306 2857 3405 2897 ex-

1817 2941 2042 2998 sultavit
2084 2941 2190 2995 tori
2226 2941 2430 2996 sociam
2477 2953 2844 3010 sponsamque
2888 2935 3187 3004 excipiens.
3237 2931 3406 2990 Fatua

1817 3043 1901 3092 est
1930 3042 2111 3091 autem
2143 3053 2162 3087 ι
2213 3050 2242 3090 a
2275 3051 2492 3089 summo
2521 3035 2662 3094 caelo
2702 3032 2948 3104 egressio
2988 3029 3111 3098 ejus
3151 3027 3236 3090 ";
3295 3046 3314 3078 ι
3349 3034 3405 3082 et

1818 3143 2054 3183 rursus:
2091 3145 2110 3179 ι
2172 3125 2240 3182 Et
2281 3142 2548 3184 occursus
2601 3126 2722 3197 ejus
2775 3139 2948 3194 usque
3000 3121 3067 3177 ad
3129 3133 3404 3178 summum

119 3211 228 3282 τὴν
254 3210 422 3265 αὑτοῦ
463 3211 694 3279 σύζυγόν
734 3228 792 3264 τε
829 3211 922 3264 καὶ
953 3209 1171 3281 νύμφην
1208 3210 1514 3266 ἀπολαϐώνο
1554 3214 1711 3281 γεγέ-

1825 3219 1933 3288 ejus
1963 3219 2009 3252 ⁸⁸
2034 3238 2049 3286 ;
2091 3239 2111 3274 ι
2141 3227 2196 3275 et
2235 3239 2246 3274 :
2284 3239 2301 3272 ι
2330 3220 2500 3276 Nemo
2524 3219 2665 3274 alius
2698 3217 2942 3274 ascendit
2971 3215 3024 3269 in
3054 3212 3276 3277 coelum,
3295 3208 3405 3268 nisi

121 3323 292 3377 νηται
313 3306 369 3359 δὲ
387 3306 553 3360 αύτοῦ
581 3306 674 3360 καὶ
703 3326 719 3357 ι
743 3308 775 3378 ή
799 3305 974 3372 ἔξοδος
996 3307 1090 3360 ἀπ’
1106 3308 1273 3378 ἄκρου
1301 3304 1395 3358 τοῦ
1420 3305 1704 3378 οὐρανοῦ»

121 3400 226 3454 καὶ
239 3399 422 3454 πάλιν·
460 3398 564 3452 «Τὸ
589 3399 910 3470 κατάντημα
937 3398 1101 3453 αὐτοῦ
1134 3399 1238 3461 ἕως
1262 3398 1432 3470 ἄκρου
1461 3399 1626 3454 αὑτοῦ
1645 3418 1660 3432 ο
1686 3420 1706 3453 ι

122 3490 252 3543 ἐπεὶ
291 3509 312 3542 ι
347 3491 424 3562 μὴ
453 3490 498 3543 δ’
530 3484 608 3555 εἷς
631 3491 786 3555 ἄλλος
811 3490 1149 3563 ἀναϐέϐηκεν
1174 3492 1253 3555 εἰς
1284 3491 1374 3546 τὸν
1395 3492 1644 3564 οὐρανόν,
1665 3496 1712 3547 εἰ

127 3583 210 3654 μὴ
240 3585 269 3636 ὁ
290 3584 352 3636 ἐκ
381 3581 474 3638 τοῦ
498 3583 726 3654 ούρανοῦ
759 3581 1022 3649 καταϐὰς,
1040 3585 1068 3637 ό
1099 3582 1226 3646 Υίδς
1247 3583 1340 3637 τοῦ
1365 3584 1673 3658 ἀνθρώπου·
1690 3607 1708 3639 ι

126 3675 228 3729 καὶ
244 3675 430 3728 πάλιν⁸
454 3695 472 3727 ι
496 3677 553 3730 Ὀ
574 3675 840 3741 καταϐὰς,
854 3675 1015 3740 αὐτός
1036 3677 1151 3730 ἐστι
1170 3677 1260 3731 καὶ
1279 3677 1307 3730 ό
1329 3677 1534 3743 ἀναϐὰς
1551 3680 1718 3752 ὑπερ-

127 3769 244 3822 άνω
277 3767 495 3821 πάντων
513 3767 621 3822 τῶν
668 3767 970 3840 ούρανῶν,ι
993 3768 1134 3822 κατά
1162 3769 1253 3822 τὸν
1275 3769 1417 3840 ἱερὸν
1461 3771 1716 3826 Ἀπόστο-

126 3861 238 3914 λον·
278 3859 417 3913 ἀλλά
443 3879 460 3911 ι
484 3859 594 3913 Καὶ
614 3861 715 3914 οὐκ
745 3860 889 3914 ἐστιν
910 3861 969 3924 ὃς
1002 3860 1444 3933 ἀποκρυϐήσεται
1473 3862 1570 3931 τὴν
1593 3861 1716 3934 θέρ-

133 3967 242 4021 μην
278 3948 468 4004 αὑτοῦ·
496 3968 515 4000 ι
559 3951 688 4022 περὶ
711 3945 779 4022 ἧς
812 3950 908 4004 καὶ
937 3949 1099 4014 αὐτὸς
1127 3945 1278 4004 εἶπεν
1310 3951 1390 4014 τὸ,
1438 3970 1457 4001 ι
1481 3951 1599 4024 Πῦρ
1621 3949 1717 4022 ἦλ-

1818 3312 1912 3382 qui
1943 3311 2228 3368 descendit
2278 3314 2344 3368 de
2366 3312 2539 3376 coelo,
2574 3310 2742 3369 Filius
2782 3305 3024 3363 hominis
3053 3305 3130 3372 ‘7;
3170 3323 3190 3357 ι
3242 3308 3408 3371 atquc

1819 3403 2017 3461 iterum
2047 3423 2058 3458 :
2103 3424 2120 3455 ι
2171 3402 2276 3470 Qui
2311 3403 2636 3466 descendit,
2684 3403 2800 3472 ipse
2834 3408 2917 3456 est
2945 3409 3001 3456 et
3021 3398 3114 3468 qui
3154 3391 3407 3452 ascendit

1821 3510 1987 3566 super
2012 3510 2201 3551 omnes
2221 3496 2416 3562 cmlos,
2445 3503 2505 3551 ut
2532 3495 2779 3565 impleret
2817 3491 3023 3554 omnia,
3057 3509 3079 3544 ι
3103 3485 3404 3546 secundum

1821 3596 2076 3643 sanctum
2122 3586 2446 3657 Apostolnm
2477 3588 2544 3641 ⁸⁸.
2583 3586 2690 3644 Sed
2722 3596 2776 3644 et
2831 3603 2849 3637 ι
2900 3583 3020 3643 Non
3069 3589 3154 3638 est
3201 3579 3296 3649 qui
3344 3593 3407 3634 so

1821 3679 2125 3736 abscondat
2155 3697 2186 3736 a
2222 3683 2405 3737 calore
2442 3681 2564 3751 ejus
2592 3680 2669 3747 i';
2707 3698 2727 3731 ι
2761 3678 2829 3734 de
2851 3691 2960 3748 quo
2995 3681 3050 3730 et
3081 3674 3199 3745 ipse
3225 3670 3363 3725 dixit
3393 3685 3401 3707 ι

1823 3791 1842 3823 ι
1882 3773 2062 3844 Ignem
2093 3775 2214 3830 veni
2247 3776 2466 3831 mittere
2499 3775 2553 3830 in
2591 3783 2812 3836 terram,
2846 3779 2903 3829 et
2935 3767 3067 3839 quid
3107 3765 3251 3831 vnio,
3295 3763 3401 3822 nisi

1819 3873 1878 3919 ut
1910 3867 2244 3924 accendatur
2272 3868 2318 3900 ⁸ο
2342 3868 2365 3920 ?
2392 3889 2410 3921 ι
2451 3865 2634 3923 Facile
2663 3863 2838 3920 cuivis
2869 3863 2971 3919 erit
2997 3858 3205 3929 reliqua
3239 3854 3404 3924 hujus

1819 3961 2014 4030 psalmi
2040 3961 2107 4016 ad
2137 3961 2419 4017 Christum
2449 3959 2701 4016 similiter
2729 3954 2956 4011 referre.

130 4043 224 4098 θον
253 4043 439 4114 βαλεῖν
461 4045 553 4098 ἐπὶ
582 4046 681 4116 τὴν
708 4045 832 4116 γῆν,
853 4047 947 4100 καὶ
973 4046 1025 4099 τί
1080 4045 1220 4100 θέλω
1250 4049 1297 4100 εί
1324 4046 1424 4118 ἤδη
1459 4048 1707 4121 ἀνήφθη;
1756 4071 1774 4106 ι
1819 4055 2075 4131 Εύχερῶς
2111 4058 2155 4113 δ’
2181 4059 2248 4115 ἀν
2268 4075 2352 4122 τις
2367 4054 2543 4128 ὲαυτῷ
2571 4053 2779 4117 τούτοις
2811 4041 3087 4118 ἀναλόγως
3115 4043 3405 4118 ἐξεργάσερ

129 4156 220 4196 ται
254 4139 326 4194 τὰ
355 4138 499 4200 κατὰ
528 4141 621 4193 τὸν
635 4141 818 4196 τόπον.

664 4252 1062 4309 ΚΕΦΑΛΑΙΟΝ
1080 4253 1180 4306 IA'.

736 4367 988 4437 Ψαλμοῦ
1022 4367 1112 4422 ιϐ’.

110 4511 119 4518 -
198 4477 276 4531 Τδ
304 4478 360 4529 ὲν
390 4477 467 4550 τῷ
496 4479 956 4533 ὲννεακαιδεκάτω
988 4479 1188 4552 ψαλμῷ
1216 4481 1526 4552 λεγόμενον,
1561 4501 1579 4534 ‹
1602 4483 1715 4538 Νῦν

2439 4254 2666 4313 CAPUT
2705 4251 2797 4310 XI.

2245 4371 2296 4425 Ε
2332 4373 2537 4443 psalmo
2581 4370 2782 4424 decimo
2822 4383 2979 4422 nono.

1894 4463 2024 4530 Quae
2051 4464 2105 4519 in
2136 4463 2350 4519 decimo
2391 4478 2539 4518 nono
2591 4460 2804 4532 psalmo
2839 4457 3137 4514 dicuntur:
3177 4475 3195 4509 ι
3249 4455 3405 4513 Nunc

130 4571 306 4640 ἔγνων
327 4572 410 4625 ὅτι
442 4548 614 4625 ἔσωσε
637 4571 840 4643 Κύριος
869 4573 961 4625 τὸν
989 4548 1222 4645 Χριάτδν
1251 4548 1437 4638 αύτοῦ,
1458 4595 1476 4627 ι
1515 4575 1712 4646 ἐμφαί-

1825 4557 2050 4626 cognovi
2084 4556 2341 4627 quoniam
2387 4556 2595 4610 salvum
2651 4553 2780 4608 fecit
2819 4551 3083 4608 Dominus
3126 4548 3405 4606 Christum

128 4668 356 4725 νεῖτ’-..ως
381 4663 472 4716 τοῦ
497 4663 745 4735 Σωτῆρος
768 4663 923 4735 ήμῶν
960 4663 1135 4736 Ἰησοῦ
1153 4665 1389 4737 Χριστοῦ
1412 4666 1509 4738 τὴν
1536 4668 1600 4720 ὲκ
1620 4665 1716 4720 τοῦ

132 4755 370 4809 θανάτου
402 4756 692 4828 σωτηρίανο
727 4756 874 4827 αὐτῷ
903 4756 1010 4829 γὰρ
1027 4755 1240 4829 εἴρηται
1263 4759 1456 4822 καὶτὸ,
1485 4778 1502 4809 ι
1527 4758 1719 4827 Ἀγαλ-

128 4847 448 4920 λιασὼμεθα
477 4849 534 4902 ἐν
563 4848 641 4919 τῷ
675 4847 924 4921 σωτηρίῳ
959 4867 1071 4903 006'
1108 4871 1125 4903 ι
1158 4851 1249 4904 καὶ
1270 4851 1364 4904 ὅλα
1396 4851 1452 4904 δὲ
1482 4851 1548 4904 τὰ
1581 4852 1718 4903 κατά

126 4939 221 4992 τὸν
253 4939 418 4992 τόπον
445 4939 814 5012 ὲφαρμοσθείη
842 4941 907 4994 ἂν
934 4940 1081 5014 αύτῷ
1104 4942 1202 5012 τῆς
1229 4941 1605 5013 προσηκούσης
1628 4958 1719 4993 τυ-

130 5030 299 5102 χόντα
334 5030 666 5101 ἐξηγήσεως.

671 5143 1062 5197 ΚΕΦΛΛΑῘΟΝ
1087 5143 1188 5198 IB’.

749 5257 998 5325 Ψαλμοῦ
1025 5257 1098 5310 κ’.

199 5349 277 5403 Τδ
312 5349 438 5418 μέν’
473 5368 492 5400 ι
518 5349 712 5420 Κύριε,
736 5351 794 5401 ἐν
813 5351 879 5419 τῇ
906 5349 1133 5419 δυνάμει
1167 5364 1258 5400 σου
1282 5345 1716 5418 εὐφρανθήσεται

130 5441 160 5492 ὁ
197 5439 472 5509 βασιλεὺς,
499 5458 519 5492 ι
547 5441 641 5493 καὶ
660 5440 729 5492 τὰ
756 5439 901 5510 ἑξῆς,
936 5438 1078 5491 εἴποι
1107 5439 1172 5493 ἀν
1194 5455 1279 5501 τις
1311 5437 1402 5490 ἐπὶ
1431 5437 1522 5490 τὸν
1554 5435 1718 5489 Δαυῒδ

132 5533 798 5605 ἀναφέρεσθαιδύνασθαι’
825 5533 886 5586 τό
911 5548 974 5600 γε
1005 5531 1125 5601 μὲν,
1149 5547 1168 5581 ι
1193 5531 1347 5600 Ζωὴν
1368 5527 1606 5600 ᾑτήσατό
1634 5544 1714 5591 σε,

127 5627 225 5681 καὶ
262 5625 471 5690 ἔδωκας
501 5625 652 5698 αὐτῷ
700 5625 1015 5697 μακρότητα
1049 5620 1268 5694 ἡμερῶν
1292 5623 1372 5685 εἰς
1401 5620 1572 5674 αἰῶνα
1620 5619 1717 5672 καὶ

207 5802 253 5834 ⁸⁸
293 5799 438 5855 Psal.
469 5817 638 5858 xvnt.
698 5802 764 5860 4,
801 5800 854 5855 5.

135 5872 178 5903 ³⁸
219 5870 365 5927 Psal.
404 5887 570 5931 xvnt.
607 5872 656 5925 7.
732 5871 781 5902 '°
818 5860 1094 5936 Lua-an,
1129 5868 1216 5924 49.
1297 5868 1344 5900 ⁵⁸
1381 5866 1524 5924 Psal.
1563 5883 1686 5932 XIX,
1735 5867 1784 5921 7.

1824 4658 1982 4698 suum
2017 4643 2085 4707 ⁵⁸,
2123 4663 2141 4695 ι
2179 4644 2476 4699 ostendunt
2515 4643 2789 4714 quomodo
2825 4640 3077 4695 Salvator
3105 4646 3291 4694 noster
3316 4636 3406 4695 Je-

1825 4749 1920 4788 sus
1982 4733 2234 4789 Christus
2297 4751 2328 4788 a
2391 4743 2568 4790 morte
2621 4735 2694 4791 sit
2749 4744 3020 4790 servatus.
3072 4729 3210 4786 Huic
3259 4733 3404 4788 enim

1827 4825 2089 4880 dicuntur
2117 4835 2172 4882 et
2207 4828 2334 4883 illa:
2376 4847 2394 4878 ‹
2433 4827 2764 4883 Laetabimur
2795 4829 2849 4882 in
2883 4828 3110 4883 salutari
3139 4835 3235 4881 tuo
3259 4825 3339 4893 ";
3381 4844 3400 4876 ι

1829 4923 2120 4990 caeterique
2140 4921 2303 4989 hujus
2336 4921 2531 4991 psalmi
2559 4921 2813 4976 versiculi
2849 4935 2974 4975 cum
3002 4920 3106 4975 hac
3138 4912 3424 4989 interpre-'

1823 5015 2029 5070 latione
2058 5015 2262 5085 optime
2298 5022 2630 5086 congruunt.

2425 5125 2654 5181 CAPUT
2688 5125 2799 5180 XII.

2328 5241 2370 5295 Ε
2397 5241 2602 5310 psalmo
2641 5240 2905 5294 vicesimo.

1897 5335 2032 5391 illud
2057 5335 2275 5406 quidem
2306 5354 2318 5388 :
2355 5353 2374 5384 ι
2411 5330 2659 5394 Domine,
2697 5331 2751 5384 in
2780 5331 2984 5384 virtute
3018 5334 3111 5381 tua
3135 5319 3407 5380 laetabitur

1827 5446 1921 5486 rex
1951 5429 2021 5494 ⁸³,
2061 5448 2079 5481 ι
2113 5437 2168 5483 et
2189 5433 2385 5482 caetera
2406 5464 2420 5491 ,
2470 5431 2718 5496 spectare
2748 5421 2816 5476 ad
2853 5419 3107 5474 Davidem
3132 5421 3404 5488 possunt;

1829 5523 1944 5576 haec
1975 5537 2144 5577 vero:
2191 5538 2210 5570 ‹
2252 5517 2428 5572 Vitam
2458 5516 2612 5587 petiit
2644 5530 2676 5569 a
2718 5522 2793 5578 te,
2830 5521 2884 5568 et
2919 5509 3159 5568 tribuisti
3190 5507 3238 5564 ei
3288 5507 3408 5561 ion-

1825 5613 2122 5686 gitudinem
2152 5610 2361 5666 dierum
2390 5609 2444 5663 in
2473 5607 2754 5671 saaculum,
2779 5611 2832 5662 et
2884 5604 2940 5658 in
2991 5601 3252 5659 saeculum
3301 5612 3405 5654 saec

933 5799 978 5831 ⁸³
1015 5799 1148 5854 ibid.
1181 5798 1236 5851 θ.
1313 5797 1358 5828 ⁸⁵
1398 5796 1528 5852 ibid.
1605 5796 1650 5827 "
1687 5796 1712 5848 il

1875 5794 1925 5848 7.
2002 5793 2047 5824 ⁸⁸
2088 5791 2218 5846 ibid.
2297 5789 2341 5820 ‘7
2379 5784 2538 5843 Joan.
2577 5801 2672 5850 ιιι,
2714 5785 2796 5840 15.
2871 5782 2916 5816 ⁵⁸
2953 5781 3155 5853 Ephcs.
3189 5795 3262 5845 tv,
3315 5776 3403 5834 10.

1863 5867 1906 5898 ⁸³
1948 5864 2075 5921 ibid,
2111 5864 2162 5916 6.
2241 5862 2285 5893 "
2320 5858 2464 5915 Psal.
2502 5875 2600 5926 xx,
2634 5856 2690 5912 2.
