3826 6216
410 396 548 452 “0'7
1114 389 1388 447 EUSEBII
1426 381 1909 444 CAESARIENSIS
1947 382 2101 440 OPP.
2135 380 2317 436 PARS
2354 378 2442 435 III.
2472 411 2541 421 ——-
2564 375 2976 433 EXEGETICA.
3556 370 3699 418 ιιυδ

406 510 517 567 culi
545 508 615 576 ³⁸,
649 526 670 561 ι
711 523 819 564 non
850 508 962 577 jam
998 504 1189 560 Davidi
1236 506 1604 568 conveniunt,
1656 503 1815 574 cujus
1846 517 1995 556 mors

2133 499 2179 561 ἰς
2207 496 2375 551 αἰῶνα
2418 495 2639 559 αἰῶνος,
2670 514 2688 545 ι
2723 493 2907 546 οὐκέτι
2940 489 3019 562 τῷ
3045 488 3205 543 Δαυῒδ
3235 485 3462 559 ἁρμοζει
3502 485 3600 570 gul
3633 485 3697 539 τὸ

407 609 687 673 comperta
715 608 818 664 est,
853 600 1085 670 vitatque
1113 606 1330 669 tempus
1360 613 1468 653 non
1521 598 1695 650 multo
1724 611 1993 651 annorum

2127 592 2198 646 [αἱ
2228 590 2327 661 τὴν
2357 589 2613 660 τελευτὴν
2644 586 2811 643 αὑτοῦ
2846 583 3207 657 ἐμφαίνεσθαι
3248 583 3342 636 καί
3368 581 3461 635 τὸν
3491 580 3697 652 χρόνον

408 672 639 750 numero
684 692 1187 761 circumscriptum.
1245 689 1389 761 Ergo
1423 690 1606 761 agitur
1638 688 1705 743 de
1739 686 1991 753 Christo,

2127 682 2198 751 ἧς
2224 680 2371 752 ζωῆς
2393 680 2581 742 αὐτοϋ,
2644 674 2715 750 ἦς
2745 679 2807 732 ού
2839 677 3006 730 πολὺν
3035 676 3223 748 χρόνον
3257 673 3395 728 ἐτῶν
3421 672 3697 744 περιωρί-

407 784 500 855 qui
532 799 625 839 rex
680 799 710 836 a
760 782 920 837 Patre
976 782 1043 837 ad
1104 782 1438 852 regnandum
1490 796 1656 852 super
1713 781 1994 835 caelestem

2127 774 2245 829 τθαι.
2273 776 2372 845 Είη
2389 773 2455 828 ἂν
2482 770 2574 827 οὖν
2600 775 2629 826 6
2654 770 2888 844 Χριστὸς
2910 771 2938 822 6
2968 766 3337 839 βασιλεῦςὺπὺ
3361 764 3457 819 τοῦ
3472 764 3697 855 Ha.th

409 854 648 932 montem
675 874 806 931 Sion
832 877 1167 932 constitutus
1194 882 1309 940 est;
1340 873 1435 944 qui
1482 882 1538 928 et
1563 874 1731 926 vitam
1759 871 1914 942 petiit
1961 887 1993 926 a

2127 866 2404 921 ιασιλεύειν
2430 868 2523 920 ἐπὶ
2570 864 2707 918 Σιὼν
2740 863 2866 935 ὅρος
2905 862 2965 915 τὸ
2999 861 3323 930 ἐπουράνιον
3364 854 3657 918 καταστάς
3678 873 3695 885 ·

407 967 569 1023 Patre
594 1008 610 1033 ,
642 982 754 1021 non
803 966 1024 1023 sibimet
1053 965 1178 1036 ipsi,
1209 965 1327 1035 ipse
1373 964 1519 1021 enim
1551 964 1660 1018 vita
1689 973 1846 1029 erat,
1896 965 1991 1020 sed

2127 981 2155 1027 ς
2178 963 2273 1016 καὶ
2290 962 2434 1032 ζωὴν
2465 962 2707 1033 ᾐτήσατο
2742 957 2835 1012 τὸν
2864 956 3084 1027 Πατέρα
3112 953 3233 1023 οὐχὶ
3276 950 3482 1022 ἑαυτῷ,
3527 948 3699 1012 αὐτὸς

406 1060 665 1115 omnibus
696 1060 750 1114 in
790 1074 914 1113 eum
958 1059 1310 1114 credentibus
1334 1059 1415 1126 ";
1445 1058 1706 1129 deditque
1735 1059 1785 1115 ei
1830 1075 1995 1131 posse

2127 1056 2206 1129 ’ὰρ
2237 1052 2304 1127 ἦν
2334 1057 2368 1125 ἡ
2405 1053 2539 1125 ζωὴ,
2573 1050 2709 1106 ἀλλὰ
2739 1052 2873 1104 πᾶσι
2910 1052 3021 1112 τοῖς
3060 1050 3140 1112 είς
3176 1047 3338 1101 αὑτὸν
3369 1042 3700 1097 πιστεύσου-

407 1169 601 1210 omnes
650 1153 704 1207 in
754 1169 813 1209 se
841 1153 1129 1208 credentes
1159 1153 1395 1209 educere
1437 1168 1469 1208 e
1522 1160 1701 1209 morte
1733 1152 1791 1208 in
1824 1154 1993 1208 vitam

2127 1164 2170 1200 ἰ’
2202 1146 2299 1200 καὶ
2338 1144 2540 1197 ἔδωκεν
2580 1140 2729 1211 αὐτῷ
2791 1140 2869 1203 ὡς
2912 1137 3121 1200 πάντας
3158 1133 3417 1187 δύνασθαι
3446 1131 3583 1193 τοὺς
3618 1131 3699 1192 είς

406 1254 664 1303 :eternam
693 1248 762 1311 ",
792 1255 846 1301 et
878 1246 932 1300 in
958 1246 1354 1317 longitudinem
1384 1245 1529 1317 apud
1551 1244 1722 1301 Deum
1754 1246 1991 1313 dierum,

2127 1238 2257 1292 ,ύτὸν
2297 1236 2699 1299 πιστεύσαντας
2736 1232 3083 1305 μεταϐαίνειν
3114 1231 3177 1283 ὲκ
3218 1227 3313 1280 τοῦ
3341 1225 3582 1280 θανάτου
3618 1224 3697 1286 είς

406 1357 529 1413 qua:
558 1348 687 1396 sunt
707 1341 762 1395 in
792 1340 1051 1395 saeculum
1080 1346 1136 1395 et
1162 1340 1214 1394 in
1258 1341 1518 1396 saeculum
1549 1339 1756 1395 saeculi.
1783 1338 1993 1395 Caetera

407 1448 537 1491 vero
560 1433 726 1513 hujus
758 1432 955 1503 psalmi
985 1432 1144 1503 quasi
1176 1432 1244 1488 de
1282 1448 1407 1504 rege
1440 1430 1627 1504 gloriae
1647 1432 1825 1499 dicta,
1866 1448 1992 1487 eum

409 1539 583 1594 pauca
604 1539 713 1579 non
746 1525 859 1580 sint
883 1565 899 1590 ,
938 1524 1135 1579 melius
1158 1523 1402 1588 Christo,
1427 1524 1474 1579 si
1510 1522 1807 1595 prudenter
1829 1523 1992 1579 intel-

409 1618 674 1690 liguntur,
702 1632 867 1689 quam
900 1615 1090 1673 Davidi
1114 1617 1492 1673 convenirent.

992 1902 1227 1965 CAPUT
1270 1900 1410 1959 XIII.

797 2014 848 2070 Ε
880 2016 1088 2086 psalmo
1125 2018 1368 2071 vicesimo
1404 2016 1596 2084 primo.

483 2106 742 2166 Omnium
772 2124 1045 2166 consensu
1076 2109 1306 2166 lideliter
1333 2109 1387 2163 in
1430 2108 1714 2164 Christum
1757 2104 1989 2161 creden-

414 2201 552 2258 tium
581 2208 799 2258 constat
826 2202 1056 2271 hujusce
1090 2201 1284 2272 psalmi
1330 2200 1511 2265 initia,
1541 2200 1598 2254 in
1628 2199 1832 2271 quibus
1874 2198 1990 2253 haec

408 2284 573 2351 sunt:
604 2313 623 2345 ι
664 2293 824 2361 Deus,
850 2292 991 2348 Deus
1015 2308 1191 2352 meus.
1222 2293 1433 2363 respice
1456 2292 1511 2347 in
1534 2306 1659 2361 me;
1692 2308 1865 2364 quare
1904 2308 1992 2348 me

409 2385 751 2456 dereliquisti
807 2384 889 2438 '7?
928 2405 945 2437 ι
1006 2385 1074 2439 ab
1132 2400 1198 2439 eo
1228 2384 1502 2455 passionis
1546 2392 1803 2456 tempore
1844 2383 1991 2439 dicta

408 2478 600 2535 fuisse.
654 2476 771 2533 Hoc
824 2477 969 2533 enim
1022 2477 1262 2533 ostendit
1306 2485 1362 2532 et
1414 2477 1470 2531 in
1520 2491 1684 2533 cruce
1738 2476 1987 2531 clamor:

413 2591 433 2625 ‹
476 2570 617 2636 Eloi,
654 2569 794 2635 Eloi,
825 2571 967 2625 lama
1018 2570 1378 2626 sabachthani
1409 2571 1501 2625 “1
1534 2589 1554 2623 ι
1600 2569 1800 2625 Verum
1834 2578 1990 2626 ante»

412 2678 576 2735 quam
596 2663 789 2735 psalmi
806 2663 1142 2734 prophetiam
1156 2664 1222 2719 de
1236 2679 1302 2719 eo
1316 2665 1756 2735 interpretemur,
1776 2662 1994 2720 Iudaeos

413 2755 733 2826 rogabimus
749 2757 873 2827 quis
896 2755 1062 2825 hujus
1087 2756 1280 2827 psalmi
1296 2756 1462 2811 verba
1477 2756 1695 2811 dixerit.
1711 2754 1830 2810 Non
1848 2755 1994 2811 enim

410 2850 640 2920 quilibet
680 2859 898 2914 caetera,
929 2858 1093 2920 atque
1136 2849 1252 2905 haec
1276 2849 1480 2905 dixisse
1513 2850 1760 2904 videtur:
1792 2868 1811 2900 ι
1842 2848 1993 2915 Quo-

411 2943 555 2997 niam
576 2949 637 2997 tu
652 2958 735 3004 es,
761 2944 852 3012 qui
882 2941 1165 2999 extraxisti
1184 2957 1271 2996 me
1295 2942 1363 2995 de
1389 2948 1607 2997 ventre:
1634 2957 1760 3012 spes
1782 2956 1901 2997 mea
1927 2940 1996 2995 ab

414 3034 677 3091 uberibus
702 3035 898 3090 matris
932 3050 1083 3089 meae.
1110 3032 1167 3087 ln
1189 3041 1242 3089 te
1263 3034 1544 3105 projcclus
1577 3050 1697 3089 sum
1728 3048 1793 3089 ex
1817 3040 1993 3098 utero,

412 3131 480 3183 ile
503 3136 692 3183 ventre
723 3128 918 3182 matris
951 3142 1087 3181 mea:
1118 3125 1386 3183 Dominus
1418 3125 1562 3183 Deus
1586 3141 1743 3181 meus
1769 3142 1830 3183 es
1864 3136 1994 3181 tu...

2094 1331 2194 1403 τὴν
2228 1329 2375 1401 ζωὴν
2406 1329 2506 1399 τὴν
2535 1326 2772 1392 αἰώνιον,
2801 1325 2896 1379 καὶ¹
2924 1327 3003 1388 είς
3041 1322 3359 1395 μακρότητα
3386 1319 3496 1371 τῶν
3535 1316 3697 1385 παρὰ

2094 1423 2214 1494 Θεῷ
2237 1421 2300 1493 (I'.
2329 1421 2420 1491 22)
2447 1420 2689 1493 ἡμερῶν.
2720 1418 2786 1472 αἴ
2806 1420 2946 1471 εἰσιν
2966 1418 3046 1480 είς
3070 1414 3243 1469 αἰῶνα
3271 1411 3366 1465 καὶ
3399 1412 3481 1474 εἰς
3514 1408 3699 1463 αἰῶνα

2095 1517 2310 1581 αἰῶνος·
2336 1515 2429 1569 καὶ
2460 1514 2531 1569 τὰ
2558 1513 2721 1567 λοιπὰ
2744 1512 2802 1565 δὲ
2827 1511 2895 1564 τὰ
2924 1512 2981 1564 ὲν
3006 1507 3085 1580 τῷ
3104 1504 3304 1578 ψαλμῷ
3329 1504 3405 1567 ὡς
3432 1502 3570 1574 περὶ
3596 1499 3699 1570 τῆς

2092 1606 2188 1662 τοῦ
2226 1605 2497 1678 βασιλέως
2525 1604 2685 1675 δόξης
2733 1601 3036 1672 λεγόμενα,
3075 1599 3137 1651 οὗ
3187 1595 3361 1668 μικρὰ
3387 1594 3559 1655 ὄντα,
3599 1593 3697 1661 ἁρ-

2101 1700 2287 1772 μόττοι
2318 1698 2384 1753 ἂν
2408 1696 2485 1768 τῷ
2518 1694 2741 1768 Χριστῷ
2782 1693 2982 1766 μᾶλλον
3010 1692 3045 1762 ἦ
3078 1689 3156 1761 τῷ
3182 1687 3367 1752 Δαυῖδ,
3402 1688 3505 1757 τῆς
3536 1683 3699 1749 ἀξίας

2096 1792 2327 1864 τυχόντα
2352 1789 2673 1861 σαφηνείας.

2630 1903 3026 1958 ΚΕΦΔΛΑΙΟΝ
3057 1903 3160 1956 Il".

2694 2018 2946 2089 Ψαλμοῦ
2984 2018 3095 2074 κα¹.

2169 2112 2365 2184 Σαφῶς
2411 2112 2827 2185 ἀνωμολόγηται
2874 2109 3029 2181 παρὰ
3066 2110 3201 2162 πᾶσι
3230 2108 3344 2169 τοῖς
3393 2104 3573 2174 ὑγιῶς
3618 2106 3700 2168 εἰς

2097 2205 2329 2280 Χριστὸν
2356 2203 2797 2268 πεπιστευκόσιν,
2829 2201 2959 2272 ὡςὴ
2986 2198 3235 2271 καταρχὴ
3276 2196 3369 2250 τοῦ
3412 2195 3554 2267 μετὰ
3586 2198 3700 2266 χεῖ.

2101 2315 2199 2371 ρας
2230 2296 2446 2368 ψαλμοῦ
2472 2294 2661 2349 τοῦτον
2678 2293 2877 2365 ἔχουσα
2898 2293 2992 2346 τὸν
3019 2292 3242 2364 τρόπον,
3272 2308 3292 2341 ι
3331 2290 3388 2341 '0
3413 2288 3551 2351 Θεὸς
3569 2303 3699 2357 μου,

2097 2392 2128 2444 ό
2156 2389 2287 2451 Θεός
2311 2406 2434 2461 μου,
2459 2388 2697 2461 πρόσχες
2724 2404 2835 2458 μοι,
2859 2386 2948 2439 ἵνα
2966 2384 3020 2438 τί
3044 2381 3402 2453 ἐγκατέλιπές
3425 2397 3525 2451 με;
3562 2400 3583 2432 ι
3603 2377 3699 2432 6:"

2099 2483 2265 2540 αὑτοῦ
2286 2484 2429 2538 κατὰ
2457 2484 2549 2537 τὸν
2578 2481 2768 2553 καιρὸν
2788 2480 2882 2534 τοῦ
2907 2477 3113 2542 πάθους
3141 2476 3376 2547 εἷρηταν
3399 2474 3565 2527 τοῦτο
3586 2471 3700 2544 γὰρ

2100 2579 2288 2650 ἐδήλου
2316 2577 2459 2649 καὶὴ
2479 2577 2571 2630 ἐπὶ
2595 2575 2688 2629 τοῦ
2707 2572 2940 2645 σταυροῦ
2963 2571 3113 2642 φωνὴ
3128 2574 3185 2642 ή,
3207 2589 3225 2620 ι
3250 2568 3456 2631 Ἐλωεὶ,
3483 2566 3698 2627 Ἐλωεὶ,

2100 2670 2249 2739 λαμὰ
2275 2669 2622 2740 σαϐαχθανεῖ;
2661 2687 2678 2719 ι
2719 2666 2881 2719 Ἀλλὰ
2916 2665 3026 2737 γὰρ
3056 2664 3185 2735 πρὶν
3212 2659 3511 2733 ἀρξώμεθα
3538 2660 3600 2711 ὲν
3621 2656 3699 2727 τῷ

2100 2762 2300 2834 ψαλμῴ
2323 2761 2659 2833 προφητείαν
2676 2760 2751 2824 ὼς
2778 2761 2864 2813 ἐπ’
2891 2757 3053 2811 αὐτὸν
3082 2753 3549 2827 μεταλαμόάνειν,
3568 2767 3700 2803 πευ-

2105 2855 2309 2925 σόμεθα
2348 2855 2457 2907 τῶν
2489 2853 2590 2925 τὴν
2628 2850 2928 2922 περιτομὴν
2958 2848 3269 2919 αὐχούντων
3291 2887 3306 2911 ,
3342 2846 3427 2909 τίς
3460 2843 3527 2897 ἂν
3558 2845 3645 2922 εἴη
3669 2844 3699 2894 ὁ

2105 2946 2329 3016 φάσκων
2366 2945 2434 2998 τὰ
2470 2945 2527 2997 ὲν
2559 2942 2640 3013 τῷ
2664 2940 2883 3012 ψαλμῷ·
2913 2940 3011 3010 οὐχ
3048 2941 3076 2992 6
3107 2937 3284 3008 τυχὼν
3310 2936 3419 3007 γάρ
3443 2951 3529 2997 τις
3556 2929 3700 2986 εἶναι

2105 3041 2355 3110 φαίνεται
2380 3037 2451 3091 τά
2488 3054 2547 3090 τε
2579 3034 2713 3089 ἀλλὰ
2743 3034 2838 3087 καὶ
2868 3031 3041 3085 ταῦτα
3080 3030 3286 3098 λέγων,
3328 3047 3347 3079 ι
3381 3028 3506 3079 Ὅτι
3537 3025 3607 3077 σὺ
3650 3019 3702 3076 εἶ

2103 3128 2132 3187 6
2165 3132 2447 3195 ὲκσπάσας
2487 3148 2553 3201 με
2578 3131 2641 3181 ἐκ
2667 3126 2921 3196 γαστρός·
2953 3127 2986 3195 ἡ
3018 3122 3172 3185 ἐλπίς
3202 3138 3302 3192 μου
3338 3119 3448 3174 ἀπὸ
3475 3115 3702 3188 μαστῶν

413 3218 662 3275 Narrabo
691 3234 891 3275 nomen
925 3228 1081 3274 tuum
1115 3218 1380 3274 fratribus
1410 3219 1569 3282 meis,
1604 3219 1661 3273 in
1691 3219 1870 3274 medio
1894 3217 1995 3274 Ec-

2127 3226 2198 3297 ’ῆς
2230 3222 2434 3296 μητρός
2477 3236 2600 3289 μου·
2637 3218 2729 3271 ἐπὶ
2760 3217 2820 3269 σὲ
2867 3216 3172 3287 ὲπερῤίφην
3224 3215 3287 3265 ἐκ
3336 3212 3549 3282 μήτρας
3575 3226 3591 3239 ο
3628 3209 3699 3259 ἐκ

413 3312 599 3366 clesiae
629 3309 864 3365 laudabo
884 3316 941 3366 te
960 3310 1026 3365 ".
1068 3330 1087 3362 ι
1131 3308 1198 3363 Ει
1222 3310 1417 3365 τυτὲιιε
1451 3326 1466 3364 :
1503 3327 1523 3361 ‹
1551 3308 1663 3364 Nec
1684 3300 1881 3364 avertit
1910 3310 1993 3362 la-

415 3403 554 3456 ciem
580 3416 738 3457 suam
755 3415 786 3455 a
815 3416 920 3465 me,
941 3407 1130 3456 etcum
1147 3401 1441 3456 clamarem
1460 3401 1529 3456 ad
1551 3417 1700 3467 eum,
1719 3401 1996 3458 exaudivit

417 3509 525 3550 me.
559 3493 713 3562 Apud
762 3500 816 3549 te
852 3494 974 3549 laus
1011 3508 1162 3561 mea;
1203 3493 1503 3549 conﬁtebor
1540 3494 1638 3549 tibi
1667 3495 1723 3549 in
1749 3493 1997 3549 Ecclesia

320 3613 324 3617 -
419 3601 612 3656 magna
660 3603 672 3639 :
709 3594 836 3639 vota
872 3600 994 3640 mea
1021 3584 1245 3642 reddam
1272 3586 1328 3640 in
1361 3593 1661 3657 conspectu
1689 3586 1995 3640 timentium

419 3693 542 3735 eum
560 3678 625 3734 “.
650 3697 668 3730 ι
686 3676 818 3734 Post
846 3677 981 3742 haec,
999 3689 1302 3749 caeteraque
1322 3678 1486 3747 hujus
1511 3677 1725 3749 psalmi,
1744 3678 1930 3733 dicant
1951 3678 1998 3734 si

417 3771 669 3842 quemvis
691 3779 1005 3827 sanctorum
1024 3771 1268 3826 virorum
1290 3771 1527 3828 habeant
1545 3772 1634 3826 cui
1648 3772 1763 3826 haec
1782 3787 2001 3827 accom-

420 3861 663 3916 modent.
680 3859 816 3927 Quis
829 3861 975 3916 enim
994 3861 1118 3915 talis
1135 3861 1464 3932 eritqualem
1483 3860 1770 3931 Scriptura
1786 3861 2000 3917 descri-

420 3953 499 4007 bit
526 3972 540 4009 :
573 3972 593 4005 ι
633 3951 837 4009 Omnes
858 3953 1109 4010 videntes
1134 3969 1219 4010 me
1242 3998 1256 4021 ,
1289 3955 1602 4009 deriserunt
1629 3969 1717 4010 me
1740 3954 1818 4021 “;
1853 3973 1873 4006 ι
1916 3954 2003 4008 vel

419 4046 489 4101 de
515 4060 646 4115 quo,
684 4062 704 4096 ι
733 4043 925 4099 Locuti
975 4052 1104 4100 sunt
1156 4045 1337 4111 labiis,
1367 4053 1422 4099 et
1473 4050 1762 4099 moverunt
1814 4050 2000 4114 caput,

419 4135 688 4199 dicentes,
718 4134 969 4205 Speravit
991 4136 1048 4189 in
1082 4134 1331 4200 Domino,
1362 4135 1561 4204 eripiat
1598 4150 1747 4199 eum,
1790 4134 2002 4191 salvum

2097 3318 2306 3380 κοιλίας
2332 3314 2540 3387 μητρός
2563 3330 2665 3385 μου
2688 3309 2821 3374 Θεός
2851 3326 2952 3380 μου
2969 3302 3023 3361 εἴ
3049 3307 3137 3360 σύ³
3162 3306 3257 3359 καὶ
3279 3303 3563 3373 ἐπιφέρων
3583 3300 3699 3370 διη-

2096 3414 2337 3483 γήσομαι
2364 3408 2423 3461 τὸ
2449 3406 2621 3476 ὄνομά
2638 3420 2731 3458 σου
2756 3405 2870 3467 τοῖς
2902 3400 3149 3469 ἀδελφοῖς
3176 3413 3299 3468 μου,
3328 3397 3384 3449 ὲν
3418 3392 3699 3483 μέσῳ

2098 3502 2327 3574 κλησίας
2357 3500 2582 3571 ὑμνήσω
2600 3514 2681 3551 σε·
2718 3515 2736 3549 ι
2770 3496 2865 3549 καὶ
2885 3493 3069 3548 πάλιν·
3108 3510 3128 3543 ι
3158 3491 3272 3544 Ούκ
3308 3484 3619 3558 ἀπέστρεψε
3638 3482 3700 3537 τὸ

2100 3594 2387 3666 πρόσωπον
2416 3589 2580 3646 αὑτοῦ
2612 3588 2705 3642 ἀπ’
2738 3584 2872 3658 ἐμοῦ
2896 3625 2912 3651 ,
2943 3585 3036 3637 καὶ
3064 3584 3121 3634 ὲν
3148 3580 3228 3651 τῷ
3261 3577 3597 3649 κεκραγέναι
3632 3590 3697 3645 ps

2101 3686 2239 3757 πρὸς
2271 3684 2432 3739 αὐτὸν
2465 3677 2751 3752 εἰσήκουσέ
2786 3692 2909 3748 μου⁸
2940 3673 3093 3744 παρὰ
3121 3672 3216 3725 σοῦ
3243 3672 3271 3724 6
3300 3668 3522 3731 ἔπαινός
3569 3682 3693 3737 μουδ

2102 3780 2160 3831 ὲν
2188 3776 2455 3847 ἐκκλησίᾳ
2492 3771 2705 3845 μεγάλῃ
2740 3763 3212 3840 ἐξομολογησομαί
3247 3780 3329 3816 σοι
3350 3779 3363 3791 ’
3394 3759 3499 3823 τὰς
3532 3758 3694 3829 εὐχάς

2107 3889 2208 3943 μου
2235 3866 2500 3922 ἀποδώσω
2526 3863 2754 3918 ἐνώπιον
2784 3861 2895 3915 τῶν
2912 3856 3262 3930 φοϐουμένων
3285 3853 3470 3906 αὐτόν.
3511 3870 3532 3903 ι
3574 3850 3698 3904 Ἐπὶ

2102 3959 2315 4023 τούτοις
2336 3958 2393 4011 δὲ
2422 3957 2517 4010 καλ⁸
2548 3954 2619 4008 τὰ
2648 3952 2783 4008 ἄλλα
2819 3950 2890 4004 τὰ
2917 3952 2975 4003 ὲν
3013 3947 3092 4020 τῷ
3124 3944 3323 4018 ψαλμῷ
3364 3942 3694 4012 λεγέτωσαν,

2106 4053 2155 4105 εί
2179 4050 2354 4122 ἐχοιέν
2384 4066 2489 4102 τινι
2518 4045 2626 4100 τῶν
2645 4044 2814 4114 ἁγίων
2838 4042 3047 4113 ἀνδρῶν
3072 4036 3424 4110 ἐφαρμόζειν
3452 4033 3577 4087 τίνα
3592 4032 3695 4103 γὰρ

2104 4121 2353 4196 τοιοῦτον
2378 4137 2672 4208 γενόμενον
2698 4129 2808 4187 οἷον
2834 4128 3235 4203 προδιέγραψεν
3261 4128 3291 4180 6
3313 4125 3496 4194 λόγος,
3529 4121 3695 4175 (Πάν-

423 4228 587 4283 Iaciat
637 4243 786 4292 eum,
847 4228 1105 4297 quoniam
1162 4228 1278 4283 vult
1319 4243 1442 4283 eum
1461 4228 1588 4281 “ii
1648 4226 1821 4295 Quem
1874 4244 1995 4285 vero

2127 4253 2199 4299 τες
2223 4237 2271 4287 οί
2305 4229 2636 4302 θεωροῦντές
2663 4247 2729 4300 με
2755 4228 3227 4296 ἐξεμυκτήρισαν;
3257 4240 3275 4272 i
3309 4220 3344 4291 ἢ
3370 4220 3503 4290 περὶ
3531 4217 3690 4279 τίνος*

428 4340 447 4374 ι
486 4320 640 4376 vituli
670 4319 845 4384 multi,
893 4341 911 4374 ι
959 4328 1014 4376 et
1038 4320 1196 4391 cujus
1232 4330 1464 4388 naturae,
1501 4341 1520 4373 ι
1550 4336 1715 4379 canes
1757 4331 1812 4378 et
1861 4322 2005 4378 tauri

423 4413 657 4485 pingues
683 4413 1196 4481 circumdederunt;
1222 4422 1556 4484 aperuerunt
1589 4431 1755 4485 super
1789 4432 1915 4471 eum
1942 4432 2007 4472 os

424 4518 607 4568 suum.
624 4503 766 4558 sicut
796 4503 880 4558 leo
910 4505 1126 4574 rapiens
1147 4520 1201 4559 et
1226 4506 1449 4575 rugiens
1473 4506 1555 4561 3’?
1581 4526 1600 4559 ›
1623 4509 1700 4560 Ac
1722 4519 2005 4578 praeterea,

2115 4348 2134 4381 ι
2156 4326 2455 4397 Ἐλάλησαν
2483 4325 2540 4377 ὲν
2564 4321 2817 4393 χείλεσιν,
2835 4318 3094 4388 ἐκίνησαν
3124 4313 3389 4386 κεφαλὴν,
3427 4311 3692 4380 λέγοντες,

2113 4419 2377 4473 Ἥλπισεν
2411 4415 2503 4469 ἐπὶ
2531 4412 2756 4484 Κύριον,
2782 4409 3035 4481 ῥυσάσθω
3064 4408 3244 4468 αὑτὸν,
3274 4403 3506 4458 σωσάτω
3519 4401 3691 4460 αὐτὸν,

2113 4515 2197 4568 ὅτι
2225 4511 2367 4565 θέλει
2391 4507 2588 4571 αύτὸν;
2627 4526 2647 4559 ι
2673 4507 2795 4559 τίνα
2824 4500 2880 4557 δέ
2910 4503 3097 4575 μόσχοι
3133 4498 3319 4553 πολλοὶ
3344 4496 3439 4550 καὶ
3470 4493 3692 4548 ποταποὶ

429 4610 593 4667 quem
629 4613 646 4646 ι
683 4596 979 4649 concilium
1016 4596 1430 4667 nialignanlium
1462 4596 1699 4664 obsedit,
1724 4575 1807 4653 ita
1834 4608 1894 4653 ut
1932 4598 1995 4655 fol

2127 4604 2214 4676 τὴν
2248 4603 2431 4672 φύσιν,
2467 4619 2485 4651 ι
2516 4600 2693 4661 Κύνες
2712 4613 2771 4649 τε
2805 4594 2900 4649 καὶ
2921 4593 3116 4664 ταῦροι
3136 4590 3316 4652 πίονες
3334 4585 3690 4660 περιεκύκλω-

422 4685 619 4740 derent
669 4701 866 4741 manus
922 4694 977 4741 et
1036 4686 1200 4757 pedes
1258 4687 1420 4757 ejus,
1473 4697 1527 4744 et
1599 4690 1995 4751 dinumerareni

2127 4715 2235 4752 σαψ
2274 4694 2491 4769 ἣνοιξάν
2522 4709 2584 4745 τε
2624 4690 2797 4761 στόμα
2840 4687 2927 4740 ἐπ’
2960 4686 3144 4747 αὑτὸν,
3171 4684 3248 4746 ὡς
3274 4682 3413 4735 λέων
3444 4679 3692 4753 ἁρπάζων

424 4777 611 4832 omnia
641 4791 769 4833 ossa
810 4777 967 4847 ejus;
998 4779 1305 4836 diviserunt
1354 4781 1458 4836 sibi
1505 4782 1834 4840 vestimenta
1865 4785 1995 4854 ejus

2127 4790 2210 4845 καὶ
2234 4768 2581 4858 ὠρυόμενος;
2609 4802 2628 4835 ι
2664 4782 2758 4835 καὶ
2778 4783 2871 4832 ἐπὶ
2900 4778 3134 4841 τούτοις
3163 4794 3182 4826 ι
3203 4775 3385 4843 Τίναή
3413 4768 3692 4840 συναγωγὴ

426 4878 482 4926 et
511 4886 680 4942 super
709 4879 916 4927 vestem
956 4872 1077 4942 ejus
1124 4873 1395 4929 miserunt
1447 4885 1650 4930 sortem
1678 4863 1772 4932 “‘2
1803 4897 1822 4930 ι
1857 4877 1995 4934 Tali:

2127 4882 2224 4939 τῶν
2251 4878 2698 4951 πονηρευομένων
2730 4871 3042 4944 περιέσχενο
3074 4869 3167 4921 καὶ
3200 4866 3493 4938 περιέσχεν
3509 4863 3692 4924 οῦτως,

428 4964 575 5020 enim
621 4961 769 5018 fatur
817 4964 865 5019 is
909 4979 1071 5034 quem
1121 4966 1367 5036 psalmus
1398 4967 1631 5034 inducit,
1663 4978 1850 5041 totque
1896 4987 1995 5042 per

2127 4977 2193 5041 ὣς
2228 4975 2323 5029 καὶ
2348 4970 2540 5044 ὀρύξαι
2584 4967 2752 5024 αὐτοῦ
2784 4967 2972 5037 χεῖρας
3015 4963 3111 5016 καὶ
3139 4960 3328 5022 πόδας,
3380 4958 3479 5011 καὶ
3531 4956 3692 5009 πάντα

428 5058 629 5128 pessis,
674 5056 863 5125 adjicit
892 5057 1057 5111 etiam
1089 5077 1102 5112 :
1136 5078 1152 5109 ι
1180 5058 1430 5115 Narrabo
1459 5077 1661 5117 nomen
1705 5072 1858 5120 tuum
1902 5066 1995 5121 fra-

2127 5067 2286 5123 αὐτοῦ
2357 5061 2718 5136 ἐξαριθμῆσαι
2785 5057 2854 5111 τὰ
2927 5056 3103 5118 ὀστᾶ,
3165 5047 3593 5123 διαμερίσασθαί
3644 5062 3693 5100 τε

428 5151 608 5206 tribus
663 5150 824 5211 meis.
880 5150 936 5204 in
982 5151 1163 5206 medio
1223 5150 1486 5210 Ecclesia!
1534 5156 1771 5213 laudabo
1805 5167 1859 5214 te
1880 5160 1946 5211 “.
1987 5179 1995 5211 ι

2127 5164 2334 5224 ἑαυτοῖς
2360 5158 2526 5213 αὐτοῦ
2567 5156 2635 5210 τὰ
2665 5154 2876 5225 ἱμάτια,
2914 5148 3205 5221 βάλλοντας
3235 5143 3442 5215 κλῆρον
3488 5142 3584 5195 ἐπὶ
3617 5139 3695 5192 τὺτ

428 5241 868 5312 Interpretentur
917 5250 1099 5297 autem
1158 5242 1271 5298 hazc
1319 5245 1412 5300 isti
1464 5247 1629 5302 simul
1683 5257 1738 5304 et
1797 5250 1995 5327 reliqua

2127 5251 2412 5327 ἱματισμὸν
2456 5246 2648 5313 αύτοῦ;
2672 5266 2688 5297 ι
2732 5241 2970 5298 Τοιαῦτα
3008 5238 3115 5312 γάρ
3146 5236 3269 5290 τινά
3297 5252 3433 5307 φησι
3547 5230 3693 5302 ὲντεῖ

428 5337 648 5408 psalmi,
681 5336 985 5405 praesertim
1014 5337 1082 5391 ab
1108 5336 1211 5391 hoc
1233 5338 1355 5393 loco
1391 5360 1403 5395 :
1441 5359 1460 5392 ε
1488 5324 1932 5398 Reminiscentur
1957 5360 1995 5400 ei

2127 5324 2320 5416 ψαλμῴ
2344 5341 2633 5410 πρόσωπον
2653 5377 2666 5401 ,
2696 5335 2724 5388 ὃ
2751 5335 2847 5388 καὶ
2871 5331 3007 5404 μετὰ
3034 5331 3094 5383 τὸ
3120 5327 3359 5383 τοσαῦτα
3384 5324 3582 5416 παθεῖν
3602 5326 3685 5376 ὲπι

429 5437 820 5485 convertentur
851 5428 922 5483 ad
950 5427 1243 5485 Dominum
1284 5433 1528 5491 universi
1578 5434 1715 5491 lines
1747 5445 1934 5502 terrm,
1961 5452 1991 5492 e

2127 5415 2281 5510 ιρέρει
2304 5433 2477 5501 λέγων
2497 5470 2511 5494 ,
2542 5449 2561 5480 ‹
2589 5427 2928 5499 Διηγήσομαι
2947 5424 3009 5477 τὸ
3030 5421 3202 5493 ὄνομά
3222 5437 3317 5473 σου
3336 5420 3452 5480 τοῖς

430 5522 741 5575 adorabunt
774 5520 830 5574 in
856 5528 1154 5593 conspectu
1181 5521 1302 5592 ejus
1331 5525 1604 5582 universae
1635 5526 1853 5582 familiae
1879 5543 1995 5599 gen-

2128 5507 2228 5601 μου
2246 5568 2259 5592 ,
2296 5528 2354 5579 ὲν
2384 5522 2532 5593 μέσῳ
2571 5516 2897 5590 Ἑκκλησίας
2926 5516 3157 5586 ὑμνήσω
3181 5529 3242 5565 σε
3260 5528 3273 5541 ·
3303 5530 3323 5561 ι
3355 5507 3691 5601 λυέτωσανᾷ

432 5611 658 5673 tium“,
700 5632 717 5664 ι
777 5627 955 5683 usque
1000 5612 1069 5666 ad
1123 5614 1275 5669 illum
1310 5635 1323 5670 :
1365 5635 1385 5669 ι
1435 5617 1867 5676 Annuntiabitur
1910 5619 1995 5675 Do

2127 5599 2279 5675 ταῦθ’
2311 5617 2426 5687 ἅμα
2448 5614 2540 5667 καὶ
2568 5612 2637 5665 τὶι
2665 5609 2826 5663 λοιπὰ
2845 5607 2938 5662 τοῦ
2959 5604 3175 5677 ψαλμοῦ
3199 5603 3585 5675 διηγούμενοι,
3610 5599 3686 5670 μά-

506 5726 552 5757 ’⁸⁸
578 5724 993 5805 ,ἰξείιωεηξομ
1018 5730 1068 5805 ff
1108 5730 1277 5805 19am,
1302 5736 1492 5799 πιεῖν.
1571 5738 1618 5770 "
1652 5737 1811 5797 Joan.
1846 5757 1898 5805 ν,
1934 5740 2025 5794 24.
2099 5741 2144 5773 ’τ
2183 5739 2329 5797 Psal.
2367 5730 2604 5805 xxu2-_
2658 5730 2702 5805 ‘f
2722 5720 3263 5805 -513‘}.h:.¥’5v"_:.‘§:.
3318 5718 3681 5805 "..P.S?!-.‘§L

440 5797 539 5875 io.
573 5796 633 5873 ii
660 5832 675 5857 ,
705 5783 827 5849 es.‘
857 5783 919 5827 ’σο
959 5799 1089 5857 ibid.
1115 5783 1354 5870 aerea:
1367 5783 1380 5799 '
1405 5783 1492 5839 "'7'
1515 5783 1995 5866 ibid.'§:"'""iii'il

439 5865 486 5920 ἐ
527 5862 661 5921 ibid:
696 5863 787 5919 28.

2153 5783 2330 5867 9-775
2369 5783 2501 5865 ibid.
2530 5783 2637 5867 "1'3,
2678 5800 2763 5855 id.
2842 5798 2887 5830 εδ
2924 5796 3060 5852 ibid.
3103 5791 3285 5849 r749.
3366 5792 3412 5826 ει
3454 5789 3585 5846 ibid.
3613 5783 3680 5841 εδ·
