3826 6216
170 300 339 358 1109

1234 300 1532 358 Εοιοαδι
1572 300 2059 358 PROPHETICE.
2101 330 2169 342 —-
2205 299 2336 357 LIB.
2378 298 2444 358 ll.

3342 295 3480 351 1110

169 417 357 472 λιστα
387 418 495 472 ὰπὸ
521 415 616 472 τοῦ
634 458 648 480 ,
684 437 703 470 ι
724 419 1144 490 Μνησθήσονται
1169 421 1262 474 καὶ
1287 421 1762 494 ἐπιστραφήσοντα

1889 420 2043 475 mino
2106 419 2389 493 generatio
2468 424 2744 475 ventura:
2781 423 2836 474 et
2883 413 3292 472 annuntiabunt
3345 412 3474 467 θαιιὶ

170 509 333 582 πρὸς
358 511 562 582 Κύριον
586 511 764 565 πάντα
790 511 858 565 τὰ
892 512 1105 585 πέρατα
1139 513 1238 584 τῆς
1264 514 1393 583 γῆς·
1425 515 1520 568 καὶ
1553 532 1792 587 προσκυ-

168 604 450 677 νήσουσιν
471 606 699 661 ἐνώπιον
726 608 888 662 αὐτοῦ
913 611 1083 662 πᾶσαι
1106 610 1162 663 αἱ
1190 610 1417 680 πατριαὶ
1436 608 1543 663 τῶν
1564 611 1784 677 ἐθνῶν,ι

172 697 366 772 μέχρι
391 699 506 763 τοῦ,
547 719 565 751 ι
589 700 1046 772 Ἀναγγελήσεται
1069 701 1148 772 τῷ
1178 704 1369 775 Κυρίῳ
1389 703 1551 772 γενεὰ
1579 706 1612 774 ἡ
1638 707 1793 776 ἐρχο-

172 790 333 864 μένη
353 834 371 858 ,
394 793 488 845 καὶ
506 793 867 862 ἁναγγελοῦσι
893 794 991 866 τὴν
1014 794 1361 867 δικαιοσύνην
1385 797 1550 850 αὑτοῦ
1575 796 1689 868 λαῷ
1712 798 1791 870 τῷ

168 881 608 955 τεχθησομένῳ,
638 883 696 937 ὂν
730 874 984 955 ἐποίησεν
1016 887 1043 938 ό
1074 886 1299 958 Κύριος.
1324 907 1341 939 ι
1364 888 1791 961 Παριστάτωσαν

167 973 310 1045 γὰρ
338 973 438 1046 τὴν
472 975 592 1028 τότε
628 975 725 1046 μὲν
762 975 838 1047 μὴ
874 976 1224 1049 ὑπάρχουσάν
1260 998 1345 1032 πω
1379 980 1573 1049 γενεὰν
1594 1020 1608 1045 ,
1641 980 1790 1053 ἥξειν

169 1062 247 1117 δὲ
270 1066 358 1128 εἱς
386 1064 648 1136 μέλλοντα
677 1067 869 1137 χρόνον
896 1069 1410 1142 προφητευομένην·
1437 1071 1532 1125 καὶ
1554 1071 1646 1124 τὸν
1668 1072 1793 1144 πρό-

169 1173 349 1228 τερον
388 1158 487 1235 μὲν
521 1158 745 1230 μηδέπω
777 1160 907 1213 ὄντα
936 1159 1086 1225 λαὸν,
1117 1161 1476 1235 τεχθήσεσθαι
1509 1163 1566 1217 δὲ
1594 1165 1651 1217 ἐν
1676 1167 1790 1229 τοϊς

176 1249 491 1319 μετέπειτα
524 1252 738 1322 χρόνοις
764 1251 1147 1325 προορώμενον
1165 1270 1180 1286 ο
1217 1253 1527 1325 λεγέτωσαν
1552 1274 1612 1310 τε
1639 1258 1691 1311 τί
1722 1256 1789 1311 ἂν

171 1340 400 1394 εἴποιεν
415 1343 655 1414 περὶτῆς
674 1342 764 1396 διὰ
811 1342 968 1414 Ιησοῦ
986 1342 1223 1415 Χριστοῦ
1246 1344 1340 1398 τοῦ
1359 1346 1609 1417 Σωτῆρος
1631 1348 1663 1418 ἡ
1672 1346 1787 1418 μῶν

173 1433 472 1503 συστάσης
496 1435 560 1487 ἐκ
584 1435 804 1489 πάντων
823 1434 930 1488 τῶν
955 1435 1124 1489 ἐθνῶν
1158 1435 1514 1509 Ἐκκλησίας’
1543 1433 1651 1510 ἆρα
1679 1439 1788 1510 γὰρ

172 1527 282 1580 ἐπὶ
316 1531 432 1593 τοῖς
469 1529 746 1592 τοσούτοις
781 1527 1012 1598 πλήθεσι
1042 1529 1151 1583 τῶν
1184 1529 1271 1584 διὰ
1302 1528 1394 1584 τοῦ
1428 1530 1665 1601 Χριστοῦ
1696 1532 1787 1586 τὸν

169 1620 295 1676 τῶν
319 1620 459 1675 ὅλων
487 1620 620 1674 Θεὸν
647 1620 1041 1686 ὲπεγνωκότων
1068 1619 1132 1691 (f.
1163 1621 1234 1676 2‘2
1257 1638 1285 1675 v
1303 1622 1346 1694 °)
1375 1623 1476 1676 οὐκ
1504 1622 1569 1677 ἂν
1593 1623 1786 1695 ὁμολο-

171 1712 421 1782 γήσαιεν
450 1710 842 1782 πεπληρῶσθαι
877 1711 972 1778 τὸ,
1029 1712 1488 1785 ιΜνησθήσονται
1531 1715 1624 1768 καὶ
1664 1717 1787 1769 ἐπι-

1891 511 2165 585 justitiam
2195 512 2317 583 ejus
2347 511 2549 583 populo
2578 510 2676 582 qui
2705 518 2988 575 nascetur,
3020 521 3185 578 quem
3210 503 3339 560 fecit
3369 502 3480 559 Do-

1894 606 2077 659 minus
2098 605 2164 659 ".
2199 623 2217 656 ι
2272 602 2581 660 Ostendant
2635 603 2783 658 enim
2853 601 3302 674 generationem,
3356 611 3480 668 qua:

1852 699 2139 753 -nondum
2191 698 2502 762 exstiterat,
2560 696 2721 768 quasi
2785 702 3075 751 venturam
3126 696 3185 748 in
3234 690 3479 746 futurum

1894 792 2283 863 prophetizari,
2301 800 2649 862 veteremque
2670 790 2765 862 qui
2788 789 3029 845 nondum
3053 793 3173 844 erat
3191 783 3477 857 populum,

1893 886 2240 941 nasciturum
2266 885 2323 939 in
2354 884 2760 956 posterioribus
2781 885 2913 938 aevis
2947 878 3259 953 praevideri.
3285 876 3481 932 Dicant

1892 977 2023 1048 quid
2043 976 2239 1033 afferre
2263 979 2481 1048 possint
2506 977 2573 1033 de
2600 975 2849 1032 Ecclesia
2868 990 2967 1046 per
2985 973 3173 1030 Jesum
3197 970 3479 1027 ChriStum

1895 1068 2237 1124 Salvatorem
2288 1076 2540 1124 nostrum
2582 1068 2842 1124 omnibus
2906 1065 3165 1138 gentibus
3218 1059 3475 1118 conﬂata.

1891 1157 2146 1215 Profecto
2180 1159 2326 1215 enim
2352 1160 2408 1215 in
2439 1166 2590 1214 tanta
2629 1174 2821 1215 eorum
2845 1156 3203 1213 multitudine
3230 1154 3347 1225 qui,
3379 1166 3478 1223 per

1890 1247 2192 1314 Christum,
2231 1255 2512 1305 auctorem
2566 1249 2812 1303 omnium
2862 1248 3033 1304 Deum
3079 1252 3472 1319 cognoverunt,

1890 1343 2001 1396 n‘on
2054 1350 2281 1413 possent
2316 1357 2427 1397 non
2477 1342 2727 1397 confiteri
2772 1342 2906 1397 illud
2957 1340 3240 1411 impletum
3285 1337 3475 1404 fuisse,

1891 1432 2121 1498 scilicet,
2163 1450 2182 1483 ι
2207 1430 2658 1488 Reminiscentur
2686 1439 2742 1486 et
2775 1435 3171 1484 convertentur
3199 1426 3269 1481 ad
3293 1423 3479 1479 Domi-

1890 1540 2023 1579 num
2063 1539 2255 1581 omnes
2289 1524 2426 1579 fines
2450 1532 2648 1590 terrae;
2690 1541 2709 1574 ι
2771 1537 2875 1577 nec
2924 1536 3059 1586 non,
3099 1538 3119 1572 ι
3151 1517 3477 1573 Adorabunt

1889 1617 1945 1670 in
1976 1624 2278 1687 conspectu
2307 1615 2428 1687 ejus
2459 1616 2730 1671 universa:
2770 1613 2995 1669 familiae
3022 1611 3289 1684 gentium.
3327 1628 3345 1661 ι
3380 1608 3478 1664 Ve-

1894 1710 2298 1763 rumenimvero
2353 1708 2489 1765 hora
2551 1715 2633 1763 est
2680 1707 2771 1771 iis,
2799 1707 2893 1777 qui
2926 1714 3075 1761 recte
3130 1718 3325 1775 sapere
3381 1717 3478 1756 vo-

174 1802 594 1874 στραφήσονται
616 1802 753 1874 πρὸς
771 1802 973 1874 Κύριον
990 1802 1167 1856 πάντα
1184 1803 1251 1857 τὰ
1274 1805 1486 1876 πέρατα
1505 1805 1603 1876 τῆς
1623 1808 1745 1877 γῆς·

1890 1800 2029 1868 lunt,
2074 1801 2418 1871 prophetiam
2486 1798 2645 1855 fateri
2696 1800 2764 1853 ab
2816 1798 2923 1852 alio
2972 1796 3126 1852 nullo
3170 1795 3473 1866 inpletam,

174 1891 283 1946 καὶ
337 1892 430 1957 τὸ,
471 1891 992 1964 ιῐῐροσκυνήσουσιν
1038 1892 1270 1947 ἐνώπιον
1312 1894 1479 1949 αὐτοῦ
1522 1897 1695 1951 πᾶσαι
1728 1900 1784 1952 αἱ

174 1984 421 2057 πατριαὶ
450 1984 559 2039 τῶν
592 1985 780 2040 ἐθνῶν.
806 2005 824 2037 ι
873 1986 1033 2041 Ἀλλὰ
1073 1986 1182 2060 γὰρ
1208 1987 1326 2061 ὥρα
1363 1992 1475 2053 τοῖς
1505 1991 1785 2063 εὐγνωμο-

175 2079 302 2129 νεῖν
335 2076 608 2131 εθέλουσιν
627 2119 641 2141 ,
684 2078 785 2131 οὐκ
818 2079 905 2131 ἐπ’
940 2080 1100 2134 ἄλλου
1131 2081 1275 2145 τινὸς
1304 2081 1336 2153 ἦ
1371 2082 1466 2135 ἐπὶ
1499 2083 1660 2154 μόνου
1690 2083 1784 2137 τοῦ

170 2170 395 2240 Κυρίου
425 2171 521 2223 καὶ
549 2171 799 2241 Σωτῆρος
830 2172 986 2243 ἡμῶν
1024 2173 1198 2243 Ἰησοῦ
1231 2174 1469 2247 Χριστοῦ
1501 2177 1785 2247 ὁμολογεῖν

170 2260 582 2332 πεπληρῶσθαι
634 2263 735 2335 τὴν
770 2263 1136 2335 προφητείαν,
1185 2258 1246 2320 οῦ
1277 2266 1417 2321 κατὰ
1446 2266 1546 2339 τὴν
1579 2283 1786 2340 παρου-

174 2352 309 2438 σίαν
342 2351 506 2406 αὑτοῦ
534 2353 679 2425 καὶὴ
709 2354 819 2410 τῶν
843 2355 1014 2410 ἐθνῶν
1044 2358 1347 2429 ἐπιστροφὴ
1372 2358 1657 2428 γίγνεσθαι
1686 2361 1784 2432 ἡρ-

171 2443 315 2509 ξατο
330 2486 344 2503 ,
369 2447 818 2519 παραγενομένης
836 2446 935 2518 τῆς
957 2448 1427 2521 προφητευθείσης
1448 2452 1662 2518 γενεᾶς,
1687 2451 1782 2504 καὶ

169 2536 275 2590 τοῦ
310 2535 442 2591 λαοῦ
480 2539 576 2592 τοῦ
620 2539 980 2611 τεχθήσεσθαι
1014 2541 1073 2594 ού
1114 2542 1274 2612 μόνον
1308 2541 1543 2595 ἐνταῦθα
1576 2542 1779 2615 προδη-

172 2627 447 2698 λουμενου
468 2670 483 2695 ,
510 2628 645 2683 ἀλλὰ
677 2631 770 2683 καὶ
797 2632 853 2683 ἐν
885 2631 1161 2702 ἑκατόστῳ
1195 2631 1395 2703 πρώτῳ
1428 2631 1629 2704 ψαλμῷ
1649 2673 1663 2697 ,
1692 2634 1780 2688 διὰ

171 2717 277 2773 τοῦ
296 2757 314 2782 ,
353 2738 372 2771 ι
401 2720 671 2792 Γραφήτω
703 2719 842 2793 αῦτη
872 2723 952 2786 εἰς
982 2722 1176 2791 γενεὰν
1215 2723 1431 2795 ἑτέραν·
1476 2725 1569 2778 καὶ
1598 2725 1725 2789 λαὸς
1752 2727 1781 2777 ό

176 2810 503 2882 κτιζόμενος
519 2812 721 2865 αἰνέσει
749 2813 841 2865 τὸν
871 2814 1093 2884 Κύριον.
1112 2833 1128 2865 ι
1162 2807 1331 2877 Οὗτος
1354 2815 1411 2868 δέ
1438 2817 1555 2869 ἐστι
1572 2817 1700 2888 περὶ
1718 2808 1780 2869 οὗ

176 2904 278 2957 καὶ
302 2904 360 2957 ἑν
393 2902 463 2968 ιζ’
488 2903 675 2976 εἴρητο
694 2944 708 2968 ,
741 2923 758 2955 ι
776 2894 926 2968 Aab;
951 2905 1010 2958 ὃν
1035 2906 1134 2959 οὐκ
1151 2906 1321 2975 ἔγνων
1345 2907 1625 2961 ἐδούλευσέ
1655 2925 1743 2979 μοι
1761 2924 1777 2941 ο

177 2997 264 3059 εἰς
293 2994 467 3067 ἀκοὴν
493 2995 654 3049 ὠτίου
685 2997 965 3068 ὑπήκουσέ
996 3015 1117 3067 μου.
1146 3017 1165 3049 ι
1197 2998 1394 3052 Τοῦτον
1421 2994 1512 3053 οὖν
1540 2999 1631 3052 τὸν
1665 3001 1779 3053 Σωο

171 3089 326 3161 τῆρα
355 3094 450 3143 καὶ
474 3090 677 3163 Κύριον
700 3093 732 3163 ἡ
740 3091 879 3162 μῶν,
900 3093 1078 3163 σάρκα
1105 3093 1442 3148 ἀναλαϐόντα
1473 3094 1567 3148 καὶ
1587 3093 1654 3147 δι’
1679 3095 1777 3147 αὑ-

176 3180 283 3254 τὴν
331 3200 350 3233 ι
379 3180 639 3254 σκώληκα
660 3201 679 3235 ι
737 3201 841 3255 χρη
852 3183 1152 3253 ματίσαντα
1172 3225 1186 3249 ,
1230 3205 1247 3236 ι
1277 3186 1518 3250 Ὄνειδός
1583 3204 1642 3239 τε
1675 3188 1772 3242 ἀνι

175 3273 417 3346 θρώπων
458 3276 747 3346 γενόμενον
789 3260 884 3329 καὶ
922 3275 1261 3348 ἐξοιιδένωμα
1289 3276 1420 3331 λαοῦ
1442 3317 1457 3342 ,
1492 3278 1694 3342 πάντες
1725 3278 1775 3332 οἱ

175 3366 513 3438 θεωροῦντες
550 3384 618 3439 με
659 3367 1127 3440 ἐξεμυκτήρισαν,
1152 3390 1171 3424 ι
1230 3371 1463 3443 μάλιστα
1514 3371 1654 3426 κατά
1682 3371 1774 3425 τὸν

177 3459 372 3531 καιρὸν
402 3457 497 3513 τοῦ
531 3459 770 3525 πάθους,
805 3462 893 3515 ὅτε
939 3462 1048 3517 τῶν
1089 3463 1148 3515 ἐν
1186 3465 1251 3535 τῇ
1284 3461 1591 3535 προφητεία
1624 3464 1776 3529 τέλος

180 3550 442 3621 ἰσχόντων
464 3553 513 3604 oi
547 3553 1054 3625 παραπορευόμενοι
1076 3552 1462 3626 ἐϐλασφήμουν
1492 3554 1653 3608 αὐτὸν
1679 3556 1775 3609 καὶ

178 3643 548 3716 ὲμυκτήριζον
566 3644 815 3713 λέγοντες
838 3685 853 3709 ,
881 3665 898 3698 ι
915 3645 1142 3709 Ἀλλους
1165 3645 1358 3712 ἔσωσε,
1396 3646 1627 3701 σωσάτω
1646 3648 1773 3701 ἐαυ-

176 3737 298 3790 τόν’
326 3754 345 3788 ι
375 3737 498 3790 τότε
519 3737 577 3791 δὲ
601 3739 697 3792 καὶ
723 3758 741 3790 ι
766 3739 1065 3812 Ἑλάλησαν
1088 3741 1146 3792 ἐν
1171 3739 1374 3810 χείλεσι
1400 3743 1494 3795 καὶ
1515 3741 1774 3812 ἐκίνησαν

180 3828 424 3900 κεφαλὴν
446 3848 466 3880 ι
498 3830 708 3884 ἑαυτῶν
735 3832 855 3887 κατ’
884 3831 1048 3886 αὑτοῦ
1066 3848 1079 3863 ·
1113 3832 1296 3897 αὐτοῖς
1331 3834 1568 3906 ῥήμασιν
1594 3836 1775 3891 εἰπόν-

177 3936 271 3984 τες
288 3919 372 3982 τὸ,
409 3939 429 3971 ι
456 3920 723 3975 ’Ἥλπισεν
740 3923 833 3976 ἐπὶ
854 3924 1081 3996 Κύριον,
1109 3924 1364 3995 ῥυσάσθω
1387 3926 1571 3991 αὑτὸν,
1600 3928 1775 3982 σωσά-

178 4028 256 4064 τω
283 4011 466 4080 αὑτὸν,
498 4013 740 4068 ὄτιθέλει
769 4015 932 4068 αὐτόν
950 4032 962 4046 ·
987 4035 1006 4067 ι
1039 4014 1180 4069 αὐτὰ
1208 4016 1317 4088 γὰρ
1343 4016 1407 4089 δὴ
1436 4018 1610 4073 ταῦτα
1631 4018 1775 4073 κατὰ

178 4104 239 4158 τὸ
265 4103 439 4168 πάθος
463 4105 712 4177 εἰρῆσθαι
742 4107 829 4159 ἐπ’
848 4106 997 4178 αὐτῷ
1030 4108 1088 4161 ἐν
1114 4110 1228 4172 τοῖς
1262 4109 1616 4178 Εύαγγελίοις
1642 4112 1774 4165 ἀνα-

179 4193 507 4268 γέγραπται.
570 4196 758 4267 Τούτῳ
790 4193 883 4251 οὖν
921 4198 1017 4251 καὶ
1066 4198 1211 4269 μόνῳ
1254 4199 1390 4269 πρὸς
1432 4201 1524 4254 τὸν
1554 4200 1774 4273 Πατέρα

180 4286 360 4358 λέγειν
380 4288 612 4361 ἁρμόζει
639 4308 657 4340 ι
673 4291 794 4342 Ὅτι
820 4291 885 4343 σὺ
909 4286 1001 4342 εἷὸ
1023 4289 1307 4355 ἐκσπάσας
1336 4308 1403 4363 με
1419 4293 1483 4346 ὲκ
1503 4295 1737 4365 γαστρός
1754 4313 1767 4326 ·

180 4381 212 4451 ἡ
236 4379 391 4445 ἐλπίς
413 4398 514 4451 μου
533 4382 641 4436 ἀπὸ
666 4383 886 4454 μαστῶν
906 4383 1006 4454 τῆς
1034 4383 1240 4455 μητρός
1257 4400 1358 4455 μου
1379 4402 1392 4415 ·
1415 4386 1508 4438 ἐπὶ
1530 4385 1590 4439 σὲ
1613 4388 1779 4458 ἐπερ-

182 4472 347 4544 ρίφην
387 4474 452 4528 ὲκ
501 4476 744 4546 μήτραςο
784 4476 848 4528 ἐκ
879 4474 1085 4539 κοιλίας
1122 4476 1326 4548 μητρός
1361 4494 1462 4547 μου
1495 4476 1629 4542 Θεός
1663 4497 1767 4551 μου

1889 1894 1996 1948 nisi
2027 1909 2059 1947 a
2090 1894 2208 1950 solo
2242 1892 2475 1948 Domino
2507 1899 2561 1947 et
2590 1891 2876 1946 Salvatore
2920 1898 3114 1945 nostro
3145 1886 3275 1943 Jesu
3310 1885 3475 1942 Chri«

1888 1993 2000 2051 sto,
2029 1986 2188 2057 cujus
2216 1974 2313 2055 per
2339 1985 2776 2039 incarnationem
2811 1983 3018 2053 incepit
3065 1980 3308 2052 gentium
3338 1994 3474 2034 con-

1889 2079 2090 2143 versio,
2161 2077 2586 2149 superveniente
2646 2076 3014 2149 praenuntiata
3080 2073 3472 2145 generatione.

1886 2187 1989 2226 nec
2041 2186 2152 2226 non
2218 2172 2421 2242 populo
2476 2172 2570 2242 qui
2623 2170 2941 2227 nasciturus
2988 2182 3097 2221 non
3140 2167 3318 2221 solum
3382 2165 3474 2220 hic

1886 2265 2186 2337 przedictus
2214 2271 2320 2328 est,
2355 2264 2452 2320 sed
2487 2270 2542 2318 et
2588 2263 2644 2317 in
2675 2261 2978 2316 centesimo
3021 2260 3198 2331 primo
3236 2259 3469 2329 psalmo,

1886 2358 1974 2414 his
1992 2356 2176 2413 verbis
2209 2374 2222 2411 :
2262 2374 2281 2408 ι
2320 2354 2651 2411 Scribantur
2671 2355 2787 2409 haec
2813 2353 2868 2407 in
2896 2351 3253 2424 generatione
3272 2353 3467 2416 altera,

1883 2457 1937 2504 et
1968 2449 2225 2521 populus,
2258 2447 2353 2519 qui
2388 2448 2690 2509 creabitur,
2736 2444 2985 2499 laudabit
3021 2443 3314 2500 Dominum
3336 2444 3401 2500 ⁸⁸.
3443 2463 3464 2497 ι

1880 2539 1985 2596 Hic
2046 2547 2132 2597 est
2186 2539 2254 2595 de
2317 2554 2428 2610 quo
2474 2547 2531 2596 et
2574 2541 2630 2595 in
2670 2541 2884 2598 decimo
2932 2540 3166 2610 septimo
3217 2537 3465 2593 dicitur:

1889 2651 1908 2685 ι
1947 2631 2217 2704 Populus,
2249 2647 2416 2703 quem
2467 2649 2578 2687 non
2611 2634 2886 2705 cognovi,
2936 2631 3164 2689 servivit
3194 2630 3328 2686 mihi
3364 2650 3378 2685 :
3409 2631 3468 2686 in

1882 2724 2075 2780 auditu
2118 2725 2271 2781 auris
2323 2724 2565 2780 obedivit
2618 2726 2838 2782 mihi".
2871 2745 2890 2778 ι
2939 2724 3098 2780 Hunc
3150 2724 3316 2795 igitur
3349 2721 3471 2778 Sal-

1881 2827 2123 2873 vatorem
2140 2823 2195 2873 et
2224 2816 2513 2872 Dominum
2543 2828 2818 2881 nostrum,
2836 2832 3002 2873 carne
3018 2823 3297 2888 suscepta,
3323 2814 3469 2870 ideo~

1881 2928 1989 2983 que
2019 2928 2246 2967 vermem
2282 2910 2956 2982 vocatum,topprobrium
2980 2892 3266 2966 hominum
3296 2918 3352 2967 et
3379 2908 3482 2969 ab-~

1876 3005 2173 3076 jectionem
2204 3004 2381 3075 plebis
2415 3023 2426 3057 :
2458 3018 2653 3059 omnes
2704 3003 2956 3058 videntes
2996 3018 3104 3065 me,
3156 3001 3469 3068 deriserunt

1883 3114 1969 3154 me
1989 3098 2059 3161 ⁷ο,
2094 3118 2115 3151 ι
2150 3096 2460 3167 praesertim
2505 3095 2559 3150 in
2591 3096 2869 3166 passionis
2912 3105 3176 3165 tempore,
3199 3109 3327 3155 cum
3350 3093 3466 3160 isti,

1879 3191 1974 3260 qui
2003 3190 2142 3244 hanc
2164 3190 2526 3261 impleverunt
2549 3189 2914 3261 prophetiam,
2941 3194 3290 3247 transeuntes
3313 3187 3464 3254 blas-~

1884 3280 2218 3352 phemabant
2269 3296 2394 3336 eum
2437 3290 2507 3336 et-
2545 3279 2868 3334 deridebant
2910 3277 3198 3334 dicentes:
3251 3295 3267 3327 ι
3314 3274 3467 3332 Alios

1880 3375 2060 3431 salvos
2093 3374 2241 3438 fecit,
2288 3389 2347 3431 se
2393 3374 2608 3429 salvum
2639 3370 2888 3436 faciat",
2925 3389 2944 3423 ι
2992 3379 3123 3426 tunc
3155 3376 3212 3425 et
3243 3389 3262 3421 ι
3295 3369 3465 3431 locuti

1879 3477 2009 3523 sunt
2033 3467 2196 3521 labiis
2230 3475 2286 3522 et
2331 3470 2627 3523 moverunt
2660 3463 2895 3533 caput“
2931 3481 2949 3515 ι
2987 3477 3150 3520 suum
3199 3462 3466 3529 adversus

1877 3576 2042 3625 eum;
2077 3559 2258 3616 verbis
2320 3549 2514 3614 iisdem
2555 3556 2802 3613 dicentes
2831 3574 2891 3620 ;,‹
2929 3554 3181 3626 Speravit
3238 3553 3292 3608 in
3356 3553 3465 3608 Do-

1879 3652 2051 3716 mino,
2088 3650 2431 3722 eripiateum
2464 3669 2477 3705 :
2509 3651 2723 3705 salvum
2777 3648 2945 3703 faciat
2994 3662 3121 3704 eum
3147 3686 3162 3711 ,
3201 3644 3460 3717 quoniam

1875 3743 1992 3797 vult
2022 3757 2146 3797 eum
2166 3742 2233 3796 ⁷³.
2273 3760 2291 3792 ι
2329 3739 2467 3795 lluic
2516 3738 2685 3810 igitur
2752 3739 2853 3800 soli
2901 3737 2969 3792 ad
3021 3737 3238 3794 Patrem
3279 3736 3462 3798 dicere

1878 3834 2157 3899 convenit,
2192 3853 2210 3885 ι
2248 3832 2518 3900 Quoniam
2543 3841 2607 3910 \tu
2635 3848 2696 3887 es
2717 3872 2732 3896 ,
2760 3818 2870 3903 qui.
2893 3829 3184 3895 extraxisti
3252 3844 3339 3884 me
3394 3827 3464 3883 de

1875 3935 2106 3981 ventre:
2144 3940 2271 3995 spes
2298 3941 2417 3981 mea
2467 3925 2537 3980 ab
2580 3924 2848 3985 uberibus
2890 3922 3085 3978 matris
3123 3935 3275 3976 meae.
3314 3919 3376 3974 In
3406 3926 3462 3975 te

1877 4017 2155 4087 projectus
2177 4031 2297 4074 sum
2320 4032 2387 4072 ex
2410 4024 2568 4072 utero
2591 4035 2607 4071 ι
2630 4014 2698 4071 de
2719 4023 2909 4073 ventre
2937 4014 3129 4079 matris
3160 4029 3291 4077 mea:
3318 4013 3462 4069 Deus

1876 4124 2033 4164 meus
2071 4123 2132 4164 es
2162 4115 2220 4161 tu
2238 4106 2305 4162 7".
2348 4127 2367 4160 ι
2408 4105 2683 4163 Praeterea
2708 4107 2869 4163 docet
2911 4121 3014 4161 nos
3044 4104 3289 4179 psalmus
3312 4102 3460 4174 quod

1875 4201 2124 4272 quaedam
2173 4201 2528 4272 nequissimae
2554 4209 2609 4257 et
2636 4201 2764 4256 ferae
2790 4208 3090 4271 potestates
3129 4197 3359 4254 insidias
3408 4197 3461 4253 ei

1876 4301 2217 4359 struxerunt,
2243 4294 2310 4350 de
2340 4295 2542 4364 quibus
2571 4294 2708 4350 dicit
2737 4313 2753 4353 :7
2785 4312 2803 4345 ι
2833 4291 3330 4357 circumdederunt
3371 4305 3462 4344 me

1874 4386 2029 4441 vituli
2062 4386 2243 4451 multi,
2272 4387 2419 4442 tauri
2454 4387 2687 4457 pingues
2732 4384 3069 4441 obsederunt
3092 4399 3177 4437 me
3199 4383 3276 4449 7';
3321 4398 3339 4434 ι
3375 4380 3462 4436 di-

1874 4478 1950 4533 cit
2009 4477 2175 4533 etiam
2225 4476 2294 4533 de
2338 4477 2793 4533 circumcisorum
2855 4473 3142 4547 Synagoga
3195 4473 3459 4528 adversus

180 4561 232 4619 εἴ
256 4566 342 4619 σύ.
371 4586 390 4618 ι
425 4566 569 4637 Πλὴν
598 4567 692 4620 ἐπὶ
722 4567 932 4630 τούτοις
959 4570 989 4621 ό
1018 4567 1176 4637 λόγος
1204 4570 1351 4639 ἡμᾶς
1386 4568 1654 4635 παιδεύει,
1688 4571 1762 4636 ὡς

1881 4587 1995 4627 eum
2021 4571 2297 4625 concitata
2328 4586 2340 4622 :
2374 4589 2391 4622 ι
2431 4568 2926 4626 Circumdederunt
2947 4584 3033 4623 me
3057 4582 3224 4622 canes
3248 4565 3407 4621 multi
3441 4583 3455 4618 :

181 4655 286 4724 ipa
316 4656 410 4708 καὶ
450 4655 708 4727 δυνάμεις
738 4658 971 4730 πονηραί
996 4674 1141 4722 τινες
1169 4660 1264 4712 καὶ
1289 4658 1573 4734 θηριώδεις
1602 4662 1765 4733 ἐνήρ-

185 4765 354 4820 γησαν
374 4749 475 4819 τὴν
514 4753 633 4803 κατ’
659 4750 824 4804 αὐτοῦ
858 4751 1148 4824 ἐπιϐουλὴν
1167 4792 1183 4817 ,
1225 4753 1293 4807 δι’
1318 4753 1384 4818 εις
1410 4755 1506 4808 καὶ
1533 4754 1761 4824 ἔφασκε,

186 4841 679 4913 «Περιεκύκλωσάν
721 4861 788 4915 με
835 4843 1025 4916 μόσχοι
1073 4847 1295 4901 πολλοί·
1340 4846 1533 4919 ταῦροι
1579 4848 1764 4912 πίονες

182 4935 466 5007 περιέσχον
518 4953 615 5005 με⁹
641 4955 660 4987 ι
714 4937 808 4990 καὶ
842 4940 970 5009 περὶ
1004 4939 1103 5009 τῆς
1146 4939 1516 5010 ἐπισυστάσης
1549 4939 1607 4992 δὲ
1641 4940 1760 4996 κατ’

184 5027 340 5082 αὐτοῦ
364 5031 428 5082 ἐκ
447 5031 747 5102 περιτομῆς
770 5031 1101 5102 Συναγωγῆς
1123 5049 1287 5104 φησιν
1306 5033 1427 5095 ,·ὃτι
1456 5052 1474 5084 ι
1499 5032 1765 5089 Ἑκύκλω-

184 5120 279 5175 σάν
310 5138 378 5191 με
405 5120 566 5185 κύνες
598 5123 780 5177 πολλοί
800 5142 814 5155 °
852 5123 1145 5195 συναγωγὴ
1177 5123 1630 5196 πονηρευομένων
1662 5141 1762 5179 πε-

184 5210 391 5284 ριέσχον
433 5228 521 5283 με’
549 5208 696 5269 οὗτοι
721 5215 778 5268 δὲ
796 5217 889 5269 καὶ
916 5215 1131 5288 ὤρυξαν
1158 5216 1219 5268 οὐ
1252 5216 1439 5287 μόνονι
1460 5215 1558 5279 τὰς
1574 5219 1762 5287 χεῖρας

186 5302 529 5375 ιύτοῦηάλλὰ
577 5308 825 5369 καὶτοὺς
854 5309 1040 5372 πόδας
1078 5328 1098 5362 ι
1128 5308 1185 5381 ἢ,
1224 5309 1367 5364 κατὰ
1380 5308 1473 5361 τὸν
1507 5309 1758 5373 Ἀκύλαν,

189 5396 460 5468 «ᾔσχυναν
478 5437 494 5461 ,
521 5418 538 5448 ι
571 5399 818 5469 φήσαντα
838 5439 853 5463 ,
890 5420 908 5452 ι
933 5402 1174 5472 ᾔσχυναν
1198 5403 1389 5474 χεῖράς
1417 5419 1517 5474 μου
1542 5403 1637 5456 καὶ
1664 5403 1762 5456 πό-

187 5488 274 5553 δας
302 5506 405 5560 μου
422 5506 434 5519 ·
464 5508 482 5541 ι
513 5489 543 5542 ὃ
565 5491 658 5544 καὶ
694 5491 913 5563 ἀληθῶς
934 5493 1192 5565 ἐτελέσθη
1217 5534 1232 5559 ,
1269 5495 1359 5548 ὅτε
1384 5495 1761 5567 κρεμάσαντες

1872 4664 2166 4719 concilium
2221 4661 2640 4734 malignantinm
2696 4661 2913 4717 obsedit
2957 4676 3085 4715 me:
3125 4657 3381 4714 foderunt
3434 4679 3453 4710 ι

1873 4773 1984 4814 ιιοιι
2047 4764 2262 4810 tantum
2319 4774 2338 4807 ι
2396 4770 2595 4811 manus
2663 4769 2856 4817 meas,
2894 4772 2913 4804 ι
2968 4753 3062 4808 sed
3117 4770 3135 4804 ι
3174 4759 3228 4806 et
3291 4751 3460 4823 pedes

1871 4850 2118 4916 meos";
2155 4868 2173 4901 ι
2211 4849 2315 4912 vel,
2364 4847 2666 4904 secundum
2693 4847 2945 4918 Aquilam
2974 4885 2990 4909 ,
3031 4864 3049 4896 ι
3091 4843 3458 4900 dedecorave-

1870 4948 2020 5005 runt,
2055 4961 2079 4994 »ς
2111 4940 2210 5006 ait,
2255 4961 2274 4993 ι
2305 4940 2777 4996 dedecoraverunt
2825 4953 3023 4993 manus
3040 4952 3190 4993 meas
3212 4943 3266 4992 et
3289 4934 3457 5007 pedes

1870 5051 2022 5091 meos
2049 5055 2064 5092 :
2094 5055 2116 5090 ι
2158 5033 2303 5106 quod
2330 5042 2386 5088 et
2415 5047 2543 5087 vere
2573 5031 2828 5086 effectum
2862 5037 2970 5096 est,
3009 5044 3136 5084 cum
3169 5028 3318 5099 ligno
3349 5024 3458 5080 affi-

1868 5136 2061 5201 gentes
2084 5143 2207 5183 eum
2253 5127 2424 5182 clavis
2453 5126 2575 5196 ejus
2605 5138 2913 5192 manusque
2951 5121 3230 5192 pedesque
3276 5119 3456 5191 perfo-

1871 5228 2152 5289 raverunt,
2202 5227 2258 5275 et
2292 5218 2582 5289 pulchrum
2620 5215 2870 5287 quidem,
2911 5212 2960 5269 si
2998 5212 3126 5283 quis
3172 5217 3455 5281 expeteret

1868 5319 1931 5368 ut
1962 5310 2245 5381 Scriptura
2288 5308 2616 5379 probaretur
2653 5302 2802 5375 quod
2836 5300 3092 5357 Christus
3134 5303 3471 5393 crucisupn

1871 5404 2091 5474 plicium
2141 5416 2410 5472 passurus
2458 5398 2755 5470 praedictus
2789 5403 2898 5464 est,
2940 5395 3084 5450 inter
3130 5393 3237 5448 alia
3281 5392 3454 5448 docu-

1869 5501 2051 5549 menta
2072 5500 2127 5549 et
2155 5492 2288 5548 illud
2310 5490 2506 5548 afferre
2532 5510 2545 5546 :
2579 5509 2598 5543 ι
2638 5487 3085 5551 Perforaverunt,
3119 5506 3138 5538 ι
3167 5491 3222 5541 et
3245 5486 3450 5556 potius.

253 5671 295 5703 ⁸⁷
333 5671 618 5739 Psal.xxt,
644 5674 732 5729 5'2.
811 5675 856 5707 ⁸⁸
897 5673 1042 5731 Psal.
1078 5689 1163 5739 cr,
1201 5674 1289 5731 19.
1366 5672 1411 5704 ⁶¹⁹
1447 5668 1764 5740 Ρξςιι-,ινιιν
1799 5671 1891 5728 45.
1968 5674 2013 5705 ⁷⁸
2052 5671 2198 5728 Psal.
2236 5689 2325 5729 xxI
2349 5713 2362 5740 ,
2402 5674 2453 5740 7,
2485 5674 2537 5729 8.
2614 5672 2657 5704 '“
2700 5669 2834 5727 Luc.
2872 5683 3043 5734 mu,
3081 5665 3152 5724 33
3196 5705 3211 5723 .
3249 5662 3451 5723 "Psa'.

189 5756 305 5808 nt,
339 5743 393 5800 8.
470 5744 518 5776 ⁷⁸
559 5736 689 5801 ibid.
720 5746 773 5802 9.
852 5745 898 5778 ⁷⁸
939 5745 1073 5802 ibid.
1110 5736 1212 5806 10.
1253 5744 1341 5801 11.
1419 5740 1477 5809 ⁷⁸,
1505 5736 1644 5796 ibid.
1682 5739 1762 5796 13.

1881 5743 1895 5776 ⁵
1933 5742 2068 5801 ibid.
2109 5743 2199 5800 18.
