3840 6222
365 339 496 398 HM

1073 339 1339 395 EUSEBII
1377 340 1852 397 CAESARIENSIS
1891 340 2042 397 OPP.
2084 341 2266 396 PARS
2304 342 2392 396 lll.
2433 375 2504 384 —
2541 340 2952 398 EXEGETICA.

3509 347 3662 394 1112

366 479 387 514 ι
421 460 894 518 dedecoraverunt
952 475 1148 517 manus
1192 477 1344 518 meas
1389 467 1444 516 et
1490 462 1655 534 pedes
1685 477 1874 519 meos:
1917 482 1935 514 ι

2058 463 2207 516 ιύτὸν
2249 462 2342 516 ἐπὶ⁵
2385 461 2480 515 τοῦ
2522 461 2694 534 ίκρίου
2736 461 2883 532 ἥλοις
2924 459 3087 513 αὐτοῦ
3115 462 3211 523 τάς
3238 476 3296 512 τε
3322 459 3524 530 χεῖρας
3559 458 3663 510 καὶ

361 554 562 628 quibus
609 556 863 622 protinus
913 553 1180 609 additur:
1216 572 1234 606 ι
1268 554 1582 612 Diviserunt
1631 554 1737 611 sibi
1785 554 1944 610 vesti-

363 655 545 700 menta
575 659 718 709 mea,
748 654 801 700 et
825 660 991 714 super
1016 654 1224 700 vestem
1277 661 1454 701 meam
1512 647 1782 702 miserunt
1821 662 1941 701 sor-

363 746 470 790 tem
492 734 573 803 7';
615 754 633 786 ι
678 734 826 806 quod
873 735 1094 806 quidem
1125 735 1322 807 Aquila
1375 737 1456 794 sic
1497 737 1708 794 edidit:
1739 758 1756 790 ι
1795 737 1942 795 Divi-

361 831 501 889 dent'
513 832 617 889 sibi
641 834 1026 891 vestimentum
1060 850 1264 898 meum,
1282 843 1336 890 et
1357 851 1522 905 super
1543 843 1749 890 vestem
1764 849 1941 889 meam

362 923 578 978 mittent
611 931 856 992 sortem;
900 943 919 976 ι
957 923 1321 996 Symmachus
1348 941 1499 990 vero,
1538 945 1556 977 ι
1595 924 1790 980 Partiti
1812 932 1942 981 sunt

363 1015 687 1072 vestimenta
708 1030 829 1071 mea
856 1016 998 1072 inter
1029 1033 1109 1080 se,
1150 1025 1204 1072 et
1228 1018 1296 1074 de
1321 1028 1471 1074 veste
1519 1033 1640 1073 mea
1683 1017 1940 1087 conjece-

364 1117 492 1162 ruut
518 1113 744 1162 sortem.
775 1127 794 1160 ›
820 1105 957 1162 Illud
983 1123 1203 1178 quoque
1224 1109 1280 1164 in
1309 1109 1564 1179 passione
1585 1109 1940 1178 adimpletum

363 1205 466 1262 est,
497 1210 622 1250 cum
650 1197 745 1268 qui
767 1196 1155 1252 cruciﬁxerant
1185 1213 1332 1263 eum,
1363 1218 1382 1250 ι
1416 1205 1748 1269 acceperunt
1783 1197 1944 1253 vcsti-

362 1295 545 1342 menta
582 1289 722 1358 ejus,
753 1296 806 1343 et
831 1287 1080 1343 fecerunt
1110 1297 1344 1360 quatuor
1377 1299 1598 1361 partes,
1645 1290 1944 1360 unicuique

363 1379 521 1434 militi
549 1390 785 1452 partem,
809 1389 864 1436 et
889 1381 1150 1437 tunicam.
1177 1382 1307 1438 Erat
1333 1394 1513 1439 autem
1542 1383 1727 1439 tunica
1757 1383 1943 1437 incon-

363 1473 570 1538 sutilis,
611 1473 849 1544 desuper
883 1482 1140 1531 contexta
1164 1490 1262 1545 per
1291 1484 1484 1531 totum.
1519 1475 1784 1532 Dixerunt
1812 1493 1943 1548 ergo

362 1564 430 1619 ad
457 1564 691 1620 invicem
727 1581 740 1616 :
776 1562 894 1620 Non
921 1564 1239 1621 scindamus
1268 1580 1410 1627 eam,
1433 1565 1528 1620 sed
1559 1567 1853 1620 sortiamur
1875 1567 1944 1622 de

363 1655 454 1708 illa
476 1655 638 1725 cujus
672 1656 744 1711 sit
760 1656 828 1711 "°.
872 1677 891 1710 ι
929 1655 1143 1724 Quibus
1179 1655 1371 1727 adjicit
1403 1659 1734 1728 evangelista
1768 1678 1780 1714 :
1815 1677 1834 1710 ι
1871 1657 1943 1713 Ut

363 1744 652 1816 Scriptura
709 1747 1029 1817 impleretur
1081 1744 1270 1802 dicens
1303 1766 1318 1801 :
1350 1745 1546 1800 Partiti
1592 1755 1721 1802 sunt
1774 1749 1942 1803 vesti-

2047 559 2175 620 τούς
2195 557 2360 618 πόδας
2384 557 2773 628 περιέπειραν·
2802 556 2895 608 καὶ
2922 554 3086 608 καλόν
3106 570 3168 622 γε
3191 555 3237 606 εί
3269 551 3539 620 ἀπαιτοίη
3571 566 3664 612 τις

2047 652 2156 704 ἀπὸ
2187 651 2410 724 Γραφῆς
2443 651 2794 726 παραστῆσαι
2815 694 2828 714 ,
2872 649 2947 713 ὡς
2978 650 3087 722 ἄρα
3122 649 3212 702 καὶ
3243 665 3477 718 σταυρον
3513 647 3662 698 ὐπο-

2051 746 2230 814 μεῖναι
2253 746 2281 796 6
2310 742 2542 816 Χριστὸς
2570 743 2880 816 προείρητο,
2908 743 3043 814 μετὰ
3070 742 3165 796 καὶ
3189 740 3359 794 ἄλλων
3380 740 3496 792 τῶν
3522 738 3660 791 τού-

2045 853 2140 888 του
2173 836 2595 907 παραστατικῶν
2619 837 2712 889 καὶ
2740 835 2800 888 τὸ
2833 855 2850 886 ι
2877 835 3131 904 Ὠρυξαν,
3159 853 3177 884 ι
3200 833 3292 886 καὶ
3321 831 3534 902 μᾶλλον
3563 831 3655 891 τὸ,

2053 947 2070 977 ι
2099 927 2337 998 ᾔσχυναν
2364 928 2553 1000 χεῖράς
2581 945 2681 998 μου
2714 929 2806 981 καὶ
2840 927 3006 990 πόδας
3039 944 3139 996 μου
3159 966 3172 984 ,
3190 941 3220 977 ⁸)
3258 922 3652 995 παραθέσθαι·

2045 1015 2127 1080 οἷς
2156 1019 2280 1088 ἑξῆς
2303 1017 2620 1089 ἐπιφέρεται
2641 1017 2720 1079 τὸ,
2758 1037 2777 1068 ι
2803 1017 3190 1089 Διεμερίσαντο
3216 1014 3284 1068 τὰ
3307 1012 3503 1084 ἱμάτιά
3540 1029 3654 1081 μου

2050 1111 2281 1173 ἑαυτοῖς,
2316 1111 2407 1162 καὶ
2442 1111 2535 1162 ἑπὶ
2562 1110 2654 1162 τὸν
2687 1108 2980 1179 ἱματισμόν
3009 1125 3110 1178 μου
3137 1107 3326 1160 ἔϐαλον
3349 1105 3562 1174 κλῆρον
3585 1120 3601 1132 ·
3626 1121 3647 1154 ι

2047 1201 2184 1272 ὅπερ
2203 1203 2231 1253 6
2257 1200 2354 1270 μὲν
2373 1199 2599 1262 Ἀκύλας
2621 1199 2790 1262 οὕτως
2815 1198 3097 1262 ἐξέδωκεν,
3125 1215 3143 1246 ι
3163 1195 3482 1267 Μερίσουσιν
3512 1192 3654 1262 ἱμάν-

2048 1293 2158 1345 τιόν
2178 1309 2277 1362 μου
2297 1293 2532 1356 ἑαυτοῖς,
2552 1292 2644 1344 καὶ
2659 1292 2751 1344 ἐπὶ
2768 1290 2886 1343 ἕνδυ
2896 1290 2976 1342 σίν
3003 1307 3104 1360 μου
3127 1287 3344 1358 βαλοῦσι
3364 1286 3608 1356 κλῆρσν-
3624 1304 3645 1336 ι

2047 1388 2076 1438 6
2106 1385 2162 1438 δὲ
2193 1385 2509 1456 Σύμμαχος,
2551 1404 2568 1435 ι
2595 1384 2910 1454 Διενέμοντο
2943 1383 3010 1436 τά
3042 1381 3233 1454 ἱμάτιά
3267 1397 3368 1452 μου
3399 1380 3646 1440 ἑαυτοῖς,

2049 1478 2142 1532 κα)⁸
2173 1478 2298 1549 περὶ
2323 1477 2550 1546 ἐσθῆτος
2579 1493 2679 1547 μου
2703 1476 2998 1546 ἐλάγχανον
3018 1492 3030 1504 ο
3059 1495 3076 1525 ι
3103 1474 3131 1526 ὃ
3159 1474 3252 1527 καὶ
3283 1471 3416 1526 αὐτὸ
3438 1471 3562 1542 ἃμα
3584 1487 3646 1524 τε

2047 1567 2125 1638 τῷ
2167 1569 2326 1622 πάθει
2369 1569 2756 1638 πεπλήρωται,
2793 1569 2882 1621 ὅτε
2926 1569 2974 1619 οἱ
3024 1563 3436 1636 σταυρώσαντες
3470 1561 3644 1615 αὐτὸν

2054 1680 2072 1710 ι
2097 1659 2350 1722 λαϐόντες
2381 1661 2448 1714 τά
2477 1661 2668 1731 ἱμάτια
2694 1655 2854 1713 αὐτοῦ
2886 1657 3147 1727 ἐποίησαν
3179 1657 3419 1725 τέσσαρα
3455 1653 3603 1724 μέρη
3624 1693 3640 1715 ,

2049 1750 2262 1820 ἑκάστῳ
2289 1749 2593 1822 στρατιώτῃ
2625 1749 2790 1820 μέρος
2813 1791 2826 1813 ,
2857 1751 2951 1800 καὶ
2981 1747 3071 1800 τὸν
3093 1746 3323 1816 χιτῶναο
3357 1741 3425 1815 ἦν
3453 1745 3509 1797 δὲ
3540 1745 3645 1814 ᾰρ-

363 1845 544 1892 mcnta
581 1851 702 1892 mea
728 1837 857 1904 sibi,
886 1845 939 1892 et
964 1838 1019 1890 in
1046 1844 1257 1892 vestem
1296 1833 1471 1890 meam
1520 1836 1791 1891 miserunt
1821 1851 1942 1890 sor-

2058 1843 2214 1910 5αφος
2233 1881 2247 1904 ,
2279 1843 2342 1893 ἑκ
2364 1840 2471 1892 τῶν
2495 1841 2700 1894 ἄνωθεν
2727 1839 2959 1908 ὑφαντὸς
2983 1838 3048 1891 δι’
3075 1839 3195 1890 ὅλου
3217 1877 3234 1900 ,
3255 1836 3336 1890 διὸ
3358 1836 3453 1889 καὶ
3473 1831 3644 1890 εἶπαν

363 1937 470 1984 tem
494 1931 564 1985 τ’.
604 1949 622 1982 ι
655 1928 781 1984 Haec
826 1929 1048 2000 quidem
1093 1928 1378 1998 prophetia
1416 1928 1484 1982 de
1531 1944 1596 1984 eo
1638 1929 1980 1985 secundum.

365 2020 694 2077 Hebraicum
719 2022 862 2079 sicut
905 2023 1034 2076 ἐννᾶ
1061 2021 1342 2087 continet;
1369 2029 1704 2090 quapropter
1750 2021 1944 2089 adjici-

363 2121 453 2167 tur
481 2122 536 2169 et
571 2114 630 2169 in
661 2113 874 2184 psalmo
906 2111 1370 2182 quemadmodum
1405 2119 1459 2166 et
1502 2111 1557 2165 in
1589 2110 1898 2180 Evangeliis
1924 2149 1940 2175 ,

367 2224 386 2257 ‹
423 2201 752 2260 Benedictus
781 2205 874 2274 qui
898 2204 1048 2259 venit
1075 2205 1130 2258 in
1164 2205 1387 2258 nomine
1416 2201 1630 2257 Domini
1657 2203 1724 2270 ⁸ο,
1750 2221 1768 2254 ι
1795 2203 1943 2272 quod

363 2295 585 2368 quidem
641 2296 776 2350 mihi
825 2295 1140 2367 signiﬁcare
1179 2296 1398 2351 videtur
1429 2313 1442 2348 :
1475 2293 1636 2351 Salva
1663 2337 1678 2363 ,
1714 2295 1941 2350 benedi-

363 2397 506 2452 ctus,
549 2388 646 2459 qui
675 2389 830 2445 venis
879 2388 936 2444 in
976 2389 1198 2445 nomine
1230 2387 1466 2454 Domini,
1512 2387 1694 2444 Patris
1740 2396 1796 2444 et
1843 2387 1938 2444 Dei

363 2497 628 2538 omnium.

2044 1934 2179 2005 πρὸς
2219 1933 2510 2003 ἀλλήλους’
2557 1933 2648 2004 Μὴ
2678 1933 2951 2003 σχίσωμεν
2989 1931 3152 1984 αὐτὸν
3172 1973 3186 1996 ,
3218 1928 3355 1982 ἀλλὰ
3380 1928 3645 1998 λάχωμεν

2044 2026 2170 2095 περὶ
2201 2025 2364 2078 αὐτοῦ
2387 2067 2400 2086 ,
2425 2026 2568 2088 τίνος
2591 2026 2773 2078 ἔσται’
2801 2046 2818 2076 ι
2847 2019 2929 2087 οἷς
2954 2024 3205 2094 ἑπινρέρει
3227 2023 3399 2090 λέγων
3425 2024 3454 2074 6
3477 2021 3649 2088 εὐαγ-

2042 2117 2323 2188 γελιστὴς,
2363 2137 2382 2168 1
2409 2119 2526 2171 Ἵνα
2556 2120 2588 2187 ἡ
2619 2117 2808 2188 Γραφὴ
2841 2115 3129 2186 πληρωθῇ,
3158 2114 3218 2167 τὸ
3249 2112 3648 2184 Διεμερίσαντο

2045 2209 2113 2262 τὰ
2138 2209 2327 2279 ἱμάτιά
2353 2227 2452 2280 μου
2475 2210 2706 2272 ἑαυτοῖς,
2731 2210 2824 2262 καὶ
2845 2209 2937 2261 ἐπὶ
2957 2207 3047 2261 τὸν
3070 2205 3364 2277 ἱματισμόν
3393 2223 3493 2275 μου
3518 2204 3644 2256 ἔϐα-

2045 2300 2136 2352 λον
2169 2301 2390 2372 κλῆρον.
2414 2321 2430 2352 ι
2462 2301 2570 2354 Kal
2591 2299 2761 2353 ταῦτα
2787 2299 2850 2370 (f.
2876 2300 2967 2369 23)
2995 2299 3092 2369 μὲν
3117 2301 3148 2368 ἠ
3181 2297 3486 2368 προφητεία
3510 2297 3644 2366 περὶ

2048 2392 2212 2445 αὐτοῦ
2233 2393 2293 2445 τὸ
2328 2393 2612 2465 Ἐϐραῖκὺν
2642 2394 2773 2481 dies}
2797 2390 2945 2447 ἐννᾶ
2971 2391 3233 2463 περιέχει’
3259 2383 3302 2457 ᾧ
3329 2388 3644 2452 ἀκολούθως

2049 2483 2368 2554 ἐπιφέρεται
2408 2485 2502 2539 καὶ
2539 2487 2596 2539 ἑν
2637 2485 2714 2556 τῷ
2755 2483 2956 2555 ψαλμῷ
2988 2483 3176 2554 ὥσπερ
3207 2482 3272 2553 δὴ
3309 2483 3405 2533 καὶ
3436 2481 3494 2532 ἐν
3524 2483 3643 2542 τοῖς

364 2571 736 2644 Εὐαγγελίοις,
769 2576 832 2629 τὸ
867 2595 886 2626 ι
923 2576 1302 2648 Εὐλογημένος
1357 2579 1386 2630 6
1427 2577 1720 2649 ἐρχόμενος
1759 2576 1816 2628 ἐν
1880 2572 2104 2646 ὀνόματι
2139 2576 2379 2648 Κυρίου·
2419 2597 2436 2628 ι
2479 2578 2618 2649 ὅπερ
2661 2578 2899 2632 τοιοῦτόν
2940 2579 2993 2631 τί
3029 2596 3119 2649 μοι
3175 2576 3368 2648 δηλοῦν
3430 2575 3638 2628 ἔοικεν·

363 2666 543 2722 Σῶσον
563 2668 649 2741 δὴ,
675 2669 1057 2741 εὐλογημένος,
1080 2672 1108 2723 6
1127 2669 1417 2741 ἐρχόμενος
1438 2672 1495 2724 ἐν
1513 2671 1734 2742 ὀνόματι
1761 2668 1986 2740 Κυρίου,
2026 2668 2118 2723 τοῦ
2151 2670 2364 2741 Πατρὸς
2392 2672 2484 2724 καὶ
2504 2670 2638 2724 Θεοῦ
2673 2670 2779 2724 τῶν
2805 2671 2962 2725 ὅλων.

947 2761 1178 2818 CAPUT
1212 2762 1352 2818 XIV.

610 2851 658 2906 Ε
674 2853 881 2922 psalmo
914 2853 1196 2908 centesimo
1227 2855 1492 2908 tricesimo
1521 2855 1712 2925 primo.

440 2959 459 2984 σ
498 2939 713 2997 Juravit
743 2941 1006 2998 Dominus
1036 2942 1206 2998 David
1250 2945 1555 3011 veritatem,
1581 2955 1636 3002 et
1673 2963 1783 3003 non
1821 2949 1908 3005 fru

365 3031 635 3086 strahitur
667 3048 790 3088 eum
825 3052 836 3087 :
871 3034 939 3090 de
975 3035 1155 3090 fructu
1185 3037 1391 3092 ventris
1419 3039 1498 3092 tui
1544 3054 1742 3110 ponam
1779 3060 1948 3117 super

368 3124 555 3180 sedem
613 3127 848 3182 tuam“.
889 3148 907 3180 ι
961 3127 1026 3182 Ει
1079 3144 1276 3185 rursus
1317 3150 1330 3184 :
1376 3150 1395 3182 ι
1451 3130 1588 3189 Illuc
1638 3137 1940 3205 producam

2577 2765 2973 2819 ΚΕΦΑΛΑΙΟΝ
3009 2766 3114 2818 1Δ¹.

2623 2856 2874 2926 Ψαλμοῦ
2904 2860 3068 2924 p.1a'.

2128 2967 2146 2999 ι
2170 2949 2372 3019 Ὤμοσε
2393 2947 2598 3022 Κύριος
2620 2949 2697 3019 τῷ
2716 2947 2878 3000 Δαυῒδ
2903 2946 3183 3017 ἀλήθειαν,
3209 2947 3302 2999 καὶ
3329 2945 3391 2998 οὐ
3417 2945 3492 3015 μὴ
3514 2943 3642 2996 ἀθε-

2047 3041 2203 3112 τήσει
2225 3041 2406 3106 αὐτὸν,
2441 3041 2536 3095 Ἐκ
2567 3041 2783 3113 καρποῦ
2805 3042 2904 3111 τῆς
2927 3039 3135 3102 κοιλίας
3165 3055 3258 3090 σου
3285 3036 3520 3108 θήσομαι
3545 3037 3644 3088 ἐπὶ

2045 3132 2137 3185 τὸν
2167 3131 2352 3204 θρόνον
2383 3151 2530 3186 σου.»
2564 3134 2672 3186 Kal
2702 3132 2884 3193 πάλιν,
2918 3152 2935 3183 ι
2960 3132 3110 3184 Ἐκεῖ
3137 3129 3441 3194 ἐξανατελῶ
3470 3129 3644 3199 κέρας

366 3228 541 3268 cornu
594 3213 787 3281 David,
830 3219 1017 3287 paravi
1073 3219 1352 3276 lucernam
1385 3221 1610 3280 Christo
1647 3243 1788 3285 meo.
1833 3231 1944 3286 Ini-

2058 3221 2128 3292 τῷ
2154 3221 2338 3283 Δαυῒδ,
2371 3222 2640 3294 ἡτοίμασα
2663 3222 2854 3292 λύχνον
2880 3221 2958 3292 τῷ
2987 3220 3206 3292 Χριστῷ
3239 3237 3359 3290 μου.
3389 3220 3528 3280 Τοὺς
3551 3220 3643 3288 ἑχ-

367 3308 542 3364 micos
569 3308 688 3376 ejus
718 3310 941 3364 induam
973 3311 1294 3368 confusione
1320 3333 1333 3368 :
1367 3330 1532 3386 super
1556 3318 1736 3389 ipsum
1763 3330 1946 3379 autem

367 3396 635 3453 einorebit
665 3400 1027 3456 sanctiﬁcatio
1061 3417 1180 3458 mea
1201 3403 1410 3460 ".iHic
1435 3408 1724 3464 manifeste
1754 3410 1946 3468 Davidi

369 3503 496 3543 cum
526 3489 886 3560 jurejurando
916 3506 946 3545 a
974 3491 1085 3547 Deo
1104 3494 1396 3562 promissio
1418 3495 1486 3550 de
1513 3496 1734 3553 Christo
1762 3500 1944 3568 datur,

371 3582 529 3653 quasi
568 3600 598 3638 e
627 3585 837 3640 semine
878 3585 1000 3654 ejus
1050 3587 1355 3654 nascituro,
1401 3589 1632 3662 ejusque
1687 3592 1945 3648 thronum

369 3687 762 3730 conscensum.
789 3677 1014 3732 Multam
1067 3676 1155 3730 hic
1187 3678 1342 3734 locus
1381 3681 1818 3750 explanationem
1852 3685 1948 3740 de-

371 3762 660 3828 sideraret,
701 3779 826 3818 cum
877 3781 987 3820 non
1018 3765 1268 3821 videatur
1296 3771 1661 3839 corporaliter
1690 3771 1947 3830 Christus

372 3868 538 3922 super
569 3851 792 3910 Davidis
823 3856 1022 3910 solium
1055 3856 1288 3927 ejusque
1313 3873 1542 3929 regnum
1577 3861 1896 3918 consedisse
1929 3881 1944 3930 ;

370 3945 519 4016 quod
550 3961 680 4001 vero
725 3947 1149 4016 praeteribimus,
1189 3964 1313 4004 cum
1363 3965 1392 4003 a
1431 3951 1714 4021 proposito
1757 3962 1948 4008 nostro

373 4037 612 4092 alienum
651 4037 724 4092 sit
782 4038 947 4108 hujus
994 4041 1190 4110 psalmi
1245 4040 1682 4112 interpretationi
1729 4059 1945 4101 vacare.

371 4133 677 4190 Prudenter
716 4136 863 4190 enim
922 4150 1147 4192 necesse
1192 4145 1276 4192 est
1318 4153 1429 4192 non
1490 4154 1601 4193 uno
1652 4136 1949 4210 Scriptura:

371 4227 516 4290 loco,
562 4225 608 4279 si
640 4239 750 4280 non
774 4225 951 4295 possit
979 4227 1250 4296 corporali
1281 4243 1447 4282 sensu
1477 4227 1696 4284 Christo
1732 4244 1950 4285 accom-

371 4319 605 4382 modari,
656 4333 780 4388 quae
844 4319 1032 4374 multis
1067 4320 1202 4374 locis
1263 4320 1551 4376 manifeste
1582 4321 1650 4377 de
1689 4337 1755 4377 eo
1802 4322 1949 4378 dicta

372 4418 503 4467 sunt
545 4413 794 4482 rejicere.
835 4410 1122 4466 Sincerum
1163 4412 1331 4482 igitur
1376 4413 1603 4468 verbum
1632 4423 1945 4484 sequentes,

335 4548 345 4556 .
371 4511 427 4559 et
458 4505 563 4573 ipsi
603 4504 804 4558 divinae
837 4504 1056 4560 innixos
1111 4503 1430 4575 Scripturae,
1461 4507 1744 4562 attendere
1771 4507 1945 4569 decet,

369 4593 520 4664 quod
538 4593 740 4649 alicubi
759 4595 938 4664 ipsum
964 4593 1274 4649 mendicum
1290 4595 1601 4666 quemdam,
1621 4604 1674 4649 et
1695 4595 1878 4660 vilem,
1898 4605 1953 4651 et

371 4687 686 4761 ignobilem,
707 4703 883 4758 neque
907 4689 1141 4758 speciem
1166 4688 1458 4742 habentem
1479 4704 1656 4758 neque
1671 4688 1948 4754 decorem,

370 4789 664 4835 venturum
691 4796 815 4837 esse
840 4782 1193 4851 praenuntiat,
1210 4781 1346 4836 alias
1367 4797 1500 4838 vero
1525 4797 1706 4853 regem
1729 4782 1950 4851 conspi-

371 4889 538 4928 cuum
563 4871 844 4944 praedicat.
881 4872 1125 4939 Quorum
1155 4874 1400 4943 quasdam
1425 4874 1644 4943 quidem
1674 4882 1728 4930 et
1756 4889 1953 4945 corpo-

370 4966 562 5021 raliter
577 4965 798 5036 impleta
815 4980 938 5020 esse
951 4964 1459 5034 possunt.quaedam
1478 4979 1633 5029 vero,
1651 4965 1958 5019 solummo-

370 5057 441 5112 do
467 5055 770 5112 secundum
794 5054 1136 5124 spiritualem
1160 5051 1459 5123 Scripturaa
1493 5070 1740 5120 sensum,
1775 5055 1831 5108 in
1862 5069 1949 5108 se-

370 5149 553 5205 cundo
585 5149 705 5218 ejus
741 5146 976 5201 adventu
1008 5145 1284 5216 implenda
1309 5145 1756 5201 existimandum.
1802 5147 1953 5199 Atta-

372 5259 500 5298 men
532 5259 626 5297 rex
662 5240 981 5295 Iudaeorum
1014 5247 1242 5294 vocatus
1277 5247 1361 5294 est
1391 5236 1658 5295 Dominus
1683 5249 1870 5296 noster
1893 5239 1951 5294 in

373 5336 551 5405 primo
588 5335 708 5404 ejus
746 5333 1006 5396 adventu,
1044 5347 1155 5386 non
1186 5338 1246 5385 ut
1288 5331 1492 5386 factum
1539 5340 1624 5386 est
1657 5330 1834 5385 Pilato
1857 5331 1949 5407 ju:

374 5431 537 5484 bente
565 5427 720 5482 cruci
747 5427 870 5496 ejus
901 5423 1130 5487 Graecis,
1164 5422 1429 5480 Romanis
1461 5433 1514 5479 et
1543 5423 1829 5479 Hebraicis
1863 5424 1953 5478 lito

373 5519 508 5574 teris
535 5518 760 5573 inscribi
787 5533 800 5569 :
835 5516 935 5570 Hic
973 5525 1052 5570 est
1082 5530 1174 5569 rex
1197 5514 1509 5570 Judworum
1527 5516 1589 5567 ⁸³.

2052 3311 2214 3384 θρούς
2247 3329 2340 3365 σου
2375 3311 2579 3365 ἐνδύσω
2610 3311 2872 3383 αἰσχύνην
2893 3352 2907 3375 ,
2945 3313 3037 3364 ἐπὶ
3063 3311 3119 3363 δὲ
3151 3310 3312 3362 αὐτὸν
3351 3308 3642 3381 ἐξανθήσει

2050 3404 2111 3456 τὸ
2140 3405 2388 3475 ἀγίασμά
2420 3422 2541 3476 μου.
2570 3424 2587 3456 ι
2616 3406 2726 3458 Kal
2745 3402 2976 3456 ἐνταῦθα
3008 3403 3192 3472 σαφῶς
3221 3401 3297 3472 τῷ
3326 3400 3491 3454 Δαυῖὃ
3517 3400 3640 3470 μεθ’

2051 3496 2214 3564 ὅρκου
2248 3495 2352 3547 ὑπὸ
2381 3493 2473 3548 τοῦ
2504 3494 2638 3547 Θεοῦ
2670 3493 2971 3562 ἐπαγγελία
3012 3494 3142 3564 περὶ
3172 3491 3266 3544 τοῦ
3295 3490 3532 3561 Χριστοῦ
3562 3489 3641 3541 δί-

2051 3584 2232 3648 δοται,
2263 3585 2339 3648 ὼς
2373 3585 2439 3637 ἂν
2472 3587 2536 3637 ἐκ
2561 3584 2874 3654 σπέρματος
2897 3580 3058 3634 αὐτοῦ
3084 3578 3478 3649 γενηθήσεσθαι
3514 3575 3641 3646 μέλ·

2051 3677 2233 3741 λοντος
2253 3716 2266 3741 ,
2304 3678 2399 3731 καλ⁹
2428 3676 2747 3742 καθέξοντος
2776 3675 2939 3728 αὐτοῦ
2974 3675 3064 3728 τὸν
3091 3673 3297 3744 θρόνον.
3354 3669 3562 3740 Πολλῆς
3593 3668 3642 3721 δ’

2053 3769 2351 3836 ἐξετάσεως
2390 3770 2580 3842 χρῄζοι
2620 3769 2685 3824 ἂν
2714 3770 2782 3822 τά
2813 3768 2952 3821 κατὰ
2988 3767 3114 3828 τούς
3145 3766 3343 3827 τόπους
3363 3805 3377 3826 ,
3410 3763 3532 3817 ἐπεὶ
3563 3763 3641 3834 μὴ

2051 3861 2181 3934 δοκῇ
2218 3861 2544 3931 σωματικῶς
2575 3862 2603 3913 6
2631 3858 2864 3931 Χριστὸς
2895 3857 2986 3910 ἐπὶ
3013 3856 3104 3908 τὸν
3141 3856 3328 3926 θρόνον
3351 3853 3445 3907 τοῦ
3475 3852 3644 3905 Acuta}

2053 3955 2147 4007 καὶ
2177 3954 2276 4023 τὴν
2305 3951 2580 4023 βασιλείαν
2601 3949 2764 4004 αὐτοῦ
2794 3948 3142 4003 κεκαθικέναι
3164 3988 3178 4011 ,
3213 3947 3249 4000 ἃ
3278 3943 3373 4000 καὶ
3401 3946 3641 4017 ὑπερθη-

2055 4045 2260 4116 σόμεθα
2297 4045 2385 4098 διὰ
2422 4043 2482 4097 τὸ
2523 4044 2598 4114 μὴ
2637 4043 2738 4112 τῆς
2777 4040 3059 4113 παρούσης
3087 4037 3228 4094 εἶναι
3255 4038 3640 4110 πραγματείας

2055 4139 2205 4210 παρὰ
2236 4139 2327 4191 τὸν
2374 4136 2734 4208 προκείμενον
2767 4133 2968 4186 σκοπὸν
3002 4131 3352 4204 κατατρίϐειν
3382 4131 3484 4188 τὴν
3515 4146 3641 4198 σχο-

2052 4228 2152 4298 λὴν
2185 4227 2277 4279 ἐπὶ
2301 4219 2398 4297 τῆν
2423 4224 2522 4277 τοῦ
2545 4223 2760 4294 ψαλμοῦ
2786 4222 3037 4295 διήγησιν
3056 4240 3069 4254 ⁸
3096 4221 3458 4291 εὐγνωμόνως
3478 4219 3539 4272 δέ
3560 4237 3642 4274 τοι

2053 4320 2158 4391 Χρὴ
2196 4320 2268 4390 μὴ
2299 4318 2407 4372 ἀπὸ
2439 4319 2566 4389 μιᾶς
2592 4317 2814 4388 Γραφῆς
2833 4357 2846 4381 ,
2875 4317 2924 4368 εἰ
2953 4315 3027 4386 μὴ
3060 4314 3146 4386 εἴη
3180 4314 3379 4385 δυνατὴ
3408 4313 3552 4366 κατὰ
3580 4313 3642 4366 τὸ

2055 4411 2364 4482 σωματικὸν
2385 4409 2714 4481 ἐφαρμόζειν
2729 4407 2807 4479 τῷ
2831 4407 3048 4478 Χριστῷ
3066 4450 3079 4470 ,
3097 4407 3165 4460 τὰ
3186 4405 3428 4476 πολλαχῆ
3454 4405 3641 4473 σαφῶς

1985 4539 2026 4594 D
2056 4504 2185 4575 περὶ
2227 4502 2390 4556 αὐτοῦ
2430 4501 2694 4573 εἰρημένα
2732 4498 3208 4571 παρακρούεσθαι·
3245 4499 3546 4568 ἑπομένους
3577 4512 3642 4565 γε

2061 4597 2165 4667 μὴν
2207 4594 2398 4665 ἀληθεῖ
2431 4594 2600 4664 λόγῳ,
2637 4594 2730 4646 καὶ
2762 4595 2899 4663 αὐτῇ
2941 4594 3006 4663 τῇ
3044 4591 3163 4663 θείᾳ
3203 4591 3642 4662 παριπαμένθυς

2057 4691 2244 4760 Γραφῇ
2267 4727 2280 4749 ,
2305 4687 2586 4756 ἐφίσταναι
2610 4685 2875 4756 προσήκει
2899 4724 2913 4746 ,
2937 4683 2994 4747 ὃς
3024 4684 3156 4736 ποτέ
3181 4684 3280 4753 μὲν
3299 4682 3463 4734 αὐτὸν
3490 4699 3640 4735 πτω-

2059 4780 2150 4850 χόν
2183 4796 2305 4832 τινα
2331 4779 2424 4832 καὶ
2452 4777 2644 4847 εὐτελῆ
2673 4778 2767 4830 καὶ
2796 4775 3010 4846 ἄτιμον,
3033 4776 3107 4847 μὴ
3135 4775 3330 4845 ἔχοντα
3354 4769 3496 4838 εἶδος
3529 4791 3636 4845 μη-

2056 4873 2112 4926 δὲ
2141 4872 2334 4934 κάλλος
2354 4911 2368 4933 ,
2391 4869 2706 4924 ἐλεύσεσθαι
2737 4868 3088 4940 προφητεύει,
3119 4867 3305 4922 ἄλλοτε
3332 4867 3389 4919 δὲ
3417 4865 3642 4936 βασιλέα

2059 4965 2272 5036 ἔντιμον
2300 4963 2462 5017 αὐτόν
2491 4979 2682 5032 φησιν·
2711 4955 2785 5014 ὧν
2807 4961 2878 5012 τὰ
2911 4961 3010 5029 μὲν
3037 4961 3130 5013 καὶ
3155 4958 3486 5029 σωματικῶς
3510 4959 3640 5010 ἀπο-

2059 5054 2448 5126 πεπληρῶσθαι
2477 5053 2718 5116 δύναται,
2752 5052 2892 5106 τὰδὲ
2921 5051 3063 5105 κατὰ
3091 5050 3251 5120 μόνον
3277 5049 3370 5101 τὸν
3397 5066 3633 5118 πνευμα-

2057 5148 2208 5200 τικὸν
2253 5147 2350 5217 τῆς
2388 5145 2610 5215 Γραφῆς
2652 5142 2811 5207 νοῦν,
2862 5142 2962 5212 ἤδη
3007 5141 3063 5193 δέ
3093 5157 3211 5193 τινα
3245 5139 3516 5193 καὶκατὰ
3544 5141 3640 5209 τὴν

2056 5239 2314 5308 δευτέραν
2362 5234 2526 5290 αὐτοῦ
2574 5231 2875 5304 παρουσίαν
2919 5228 3374 5300 πληρωθήσεσθαι
3412 5228 3635 5299 προσδο-

2059 5327 2271 5395 κητέον.
2313 5325 2458 5394 Πλὴν
2491 5325 2585 5376 καὶ
2615 5321 2869 5392 βασιλεὺς
2913 5320 3183 5373 Ἰουδαίων
3213 5319 3588 5388 ἐχρημάτισεν
3611 5321 3638 5369 ό

2057 5420 2262 5491 Κύριος
2281 5422 2312 5489 ἡ
2322 5419 2438 5489 μῶν
2469 5416 2611 5470 κατὰ
2632 5416 2732 5486 τὴν
2759 5415 2980 5486 πρώτην
3005 5413 3167 5466 αὐτοῦ
3197 5411 3524 5482 παρουσίαν,
3547 5412 3636 5478 οὐχ

2057 5511 2131 5573 ὼς
2154 5511 2307 5580 ἔτυχε
2329 5526 2424 5562 του
2447 5509 2679 5561 Πιλάτου
2703 5505 3059 5567 κελεύσαντος
3083 5502 3460 5574 ἐπιγραφῆναι
3477 5501 3637 5556 αὐτοῦ

371 5612 450 5682 τῷ
473 5611 689 5682 σταυρῷ
710 5609 1032 5680 γράμμασιν
1061 5607 1388 5678 Ἑλληνικοῖς
1404 5607 1498 5662 καὶ
1526 5608 1854 5678 Ῥωμαϊκοῖς
1876 5604 2290 5677 καὶἙὸραῖκοῖς
2311 5599 2593 5668 τὸ,οὗτός
2611 5602 2782 5654 ἐστιν
2805 5598 3147 5664 ὁβασιλεὺς
3159 5595 3278 5649 τῶν
3310 5595 3634 5650 Ἰουδαίων-ο

343 5741 346 5748 ’
444 5730 488 5762 ⁷⁷
528 5727 674 5786 Psal.
705 5744 820 5789 xxi,
848 5727 933 5782 19.
1009 5727 1055 5757 ⁷⁸
1091 5724 1250 5781 Joan.
1290 5743 1402 5791 xix,
1437 5727 1529 5796 ΞΖ),
1559 5727 1654 5786 24.
1727 5729 1771 5760 ⁷⁹
1815 5726 1944 5781 ibid.

2058 5767 2066 5780 .
2147 5725 2191 5756 ⁸ο
2226 5723 2414 5779 Matth.
2448 5739 2538 5776 xxi
2595 5723 2650 5776 9.

377 5801 461 5864 17,
505 5801 590 5856 18.
665 5799 710 5831 ⁸³
751 5795 937 5852 Matth.
978 5811 1161 5858 xxvn,
1198 5796 1287 5850 '57.

2762 5722 2801 5753 ⁸⁸
2844 5718 2987 5774 Psal.
3025 5732 3210 5784 cxxxi,
3256 5716 3340 5770 11.
3420 5716 3466 5746 ⁸⁸
3510 5713 3635 5768 ibid.
