3826 6216
137 332 297 387 1H5

691 455 1087 511 ΚΕΦΔΛΑῘΟΝ
1128 458 1230 512 ιε’.

738 567 992 638 Ψαλμοῦ
1017 567 1177 639 pya’.

219 655 341 710 Καὶ
374 656 437 711 τὸ
471 655 659 712 ἐνθάδε
709 658 1001 730 λεγόμενον
1024 700 1039 723 ,
1074 680 1091 712 ι
1142 662 1272 733 Ἐμέ
1312 662 1641 734 ὑπομενοῦσι
1689 665 1757 718 δί-

142 765 303 802 καιοι
329 749 444 813 ἕως
478 744 539 804 οῦ
580 750 897 836 ἀνταποδῷς
928 768 1039 822 μοι,
1082 771 1101 803 ι
1136 751 1313 805 ἔοικεν
1352 754 1416 806 ἐκ
1461 753 1754 824 προσώπου

143 837 415 905 λέγεσθαι
454 839 549 893 τοῦ
581 839 851 912 Σωτῆροςθ
899 841 1022 894 τίνα
1072 840 1181 914 γὰρ
1220 841 1378 897 ἄλλον
1427 844 1755 914 ὑπομενοῦσι

141 931 361 986 δίκαιοι
404 932 509 996 ἕως
558 924 619 986 οῦ
661 931 942 1004 ἀνταποδῷ
989 932 1139 1005 αὑτῷ
1182 934 1210 986 ὁ
1255 934 1405 999 Θεὸς,
1443 935 1476 1006 ἢ
1527 936 1753 1002 τοῦτον;

151 1018 329 1076 Ἐπεὶ
362 1022 545 1088 καθὼς
575 1024 795 1097 εἴρηταί
846 1042 951 1078 που
989 1025 1117 1097 περὶ
1159 1025 1268 1078 τῶν
1301 1026 1468 1080 πάλαι
1506 1027 1753 1094 δικαίων,

143 1115 231 1179 ὡς
263 1116 378 1186 ἄρα
415 1135 434 1168 ι
473 1116 931 1188 Μαρτυρηθέντες
961 1117 1062 1171 οὐκ
1104 1118 1430 1188 ἐκομίσαντο
1457 1121 1555 1183 τὰς
1585 1124 1757 1191 ἐπαγ-

148 1207 374 1277 γελίας,
396 1205 493 1261 τοῦ
519 1206 655 1261 Θεοῦ
689 1207 938 1279 κρεῖττόν
956 1226 1010 1261 τι
1046 1209 1172 1280 περὶ
1199 1211 1232 1280 ἡ
1241 1209 1356 1279 μῶν
1382 1210 1759 1283 προϐλεψαμέ-

147 1315 245 1352 νου
273 1299 368 1352 ἵνα
403 1298 478 1369 μὴ
520 1300 691 1370 χωρὶς
728 1297 887 1370 ήμῶν
928 1299 1309 1354 τελειωθῶσιν.
1352 1322 1372 1354 ι
1400 1302 1570 1372 Δῆλον
1600 1303 1644 1357 δ’
1672 1304 1754 1357 ὅτι

144 1390 325 1444 αὐτὸν
353 1391 455 1461 ὁρᾷ
489 1390 552 1443 τὸ
596 1390 759 1463 ῥητὸν
785 1391 894 1445 άπὸ
918 1390 1012 1444 τοῦ
1058 1392 1153 1445 καὶ
1192 1391 1263 1445 τὰ
1296 1394 1437 1447 κατά
1479 1393 1541 1447 τὸ
1584 1394 1756 1458 πάθος

144 1480 327 1535 αὐτοῦ
363 1484 421 1535 ὲν
456 1481 534 1552 τῷ
561 1482 766 1554 ψαλμῷ
819 1482 1130 1548 ἀκολούθως
1154 1487 1273 1548 ταῖς
1318 1484 1507 1549 ἄλλαις
1539 1502 1754 1557 προφη-

144 1574 335 1639 τείαις
383 1572 889 1648 προσημαίνεσθαι·
954 1577 1264 1649 γέγραπται
1288 1577 1441 1646 γοῦν,
1479 1597 1499 1628 ε
1550 1578 1754 1649 Ἐκχεῶ

146 1666 395 1722 ἐνώπιον
435 1666 598 1721 αὐτοῦ
630 1666 730 1739 τὴν
782 1667 964 1740 δέησίν
1001 1686 1122 1741 μου,
1158 1668 1257 1740 τὴν
1296 1668 1474 1740 θλίψιν
1519 1686 1619 1740 μου
1670 1672 1753 1723 ἐν-

146 1758 334 1813 ώπιον
359 1758 523 1813 αὑτοῦ
545 1759 863 1828 ἀπαγγελῶ.
898 1761 985 1812 Ἐν
1012 1760 1090 1831 τῷ
1115 1760 1387 1814 ἐκλείπειν
1430 1759 1490 1826 ἐξ
1530 1760 1664 1832 ἐμοῦ
1688 1761 1752 1814 τὸ

147 1851 383 1922 πνεῦμά
417 1869 539 1922 μου,
572 1851 668 1904 καὶ
708 1852 773 1905 σὺ
803 1851 976 1921 ἔγνως
1007 1853 1105 1917 τὰς
1137 1852 1356 1925 τρίϐους
1392 1871 1491 1925 μου
1513 1871 1526 1883 ·
1553 1857 1609 1907 ἐν
1649 1853 1754 1924 ὁδῷ

152 1941 360 2014 ταύτῃ,
482 1943 849 2014 ἐπορευόμην,
896 1942 1141 2014 ἔκρυψαν
1188 1944 1391 2013 παγίδα
1445 1961 1569 2014 μοι·
1602 1965 1620 1997 ι
1660 1945 1754 1998 καὶ

154 2039 346 2104 πάλιν,
369 2059 388 2091 t
419 2039 609 2094 Ῥῦσαί
629 2058 695 2112 με
713 2042 779 2095 ἐκ
796 2040 905 2094 τῶν
924 2042 1368 2096 καταδιωκόντων
1392 2062 1480 2112 με.
1503 2046 1517 2107 (
1527 2044 1561 2096 l'.
1588 2044 1659 2098 “25
1677 2048 1750 2115 νο)

149 2134 237 2187 ὅτι
292 2133 749 2205 ἐκραταιώθησαν
802 2135 942 2206 ὑπὲρ
1000 2136 1120 2206 ἐμέ.
1166 2155 1183 2187 ι
1218 2136 1442 2199 Τούτοις
1488 2138 1615 2208 ἑξῆς
1658 2138 1754 2190 καὶ

149 2221 289 2297 ἐερὶ
334 2225 435 2295 τῆς
485 2226 549 2279 ἐκ
591 2226 802 2299 νεκρῶν
848 2227 1197 2292 ἀναστάσεως
1247 2229 1412 2283 αὐτοῦ
1462 2230 1754 2300 εὐχόμενός

149 2333 348 2387 φησιν·
380 2334 400 2368 α
444 2315 707 2385 Ἐξάγαγε
740 2317 803 2369 ἐκ
846 2316 1095 2387 φυλακῆς
1144 2317 1242 2388 τὴν
1276 2316 1454 2388 ψυχήν
1503 2335 1624 2388 μου,
1658 2317 1752 2371 τοῦ

150 2406 659 2479 ἐξομολογήσασθαι
688 2406 768 2479 τῷ
795 2408 1020 2479 ὀνόματί
1055 2424 1148 2461 σου
1174 2424 1188 2437 ·
1230 2428 1248 2460 ι
1286 2403 1368 2471 οἷς
1400 2408 1750 2481 ἐπιφέρειτὸ,

156 2515 180 2551 ι
229 2497 373 2568 Ἐμὲ
432 2496 763 2569 ὑπομένουσι
804 2498 1000 2551 δίκαιοι
1047 2496 1152 2561 ἕως
1205 2497 1521 2569 ἀνταποδῷς
1580 2515 1688 2568 μοι.
1728 2517 1746 2549 ι

161 2589 507 2661 ’Υπέμειναν
556 2585 650 2643 οὖν
682 2588 775 2643 τὸν
818 2589 1051 2659 Χριστὸν
1102 2589 1300 2654 πάντες
1344 2592 1542 2644 ἐκεῖνοι
1580 2593 1627 2643 οἱ
1671 2590 1748 2643 δί-

152 2700 310 2736 καιοι
371 2682 477 2746 ’ἕως
528 2674 590 2735 οὗ
643 2680 927 2753 ἀνταποδῷ
987 2681 1136 2752 αὐτῴ
1177 2683 1206 2735 ὁ
1252 2682 1474 2754 Πατὴρ,
1518 2682 1636 2736 ἀνθ’
1677 2676 1754 2736 ὧν

157 2795 179 2827 σ
213 2777 487 2831 ἐκένωσεν
532 2775 750 2847 ἐαυτὸν,
780 2774 1022 2847 ὑπήκοος
1064 2774 1212 2845 αὐτῷ
1257 2776 1548 2847 γενόμενος
1593 2777 1752 2849 μέχρι

152 2869 416 2923 θανάτου.
462 2887 482 2920 ι
507 2868 641 2921 Τίνα
673 2866 730 2920 δὲ
752 2867 1034 2938 ἀνταποδῷ
1066 2866 1216 2938 αὐτῷ
1241 2866 1273 2937 ἢ
1315 2887 1333 2919 ι
1363 2868 1432 2921 τὰ
1463 2867 1590 2939 ἔθνη
1624 2867 1754 2938 κληετ

157 2958 440 3030 ρονομίαν,
484 2959 577 3012 κοιλ⁹
606 2958 707 3028 τὴν
738 2959 1065 3029 κατάσχεσιν
1099 2958 1262 3012 αὐτοῦ
1308 2956 1376 3012 τὰ
1404 2958 1618 3029 πέρατα
1651 2962 1753 3032 τῆς

154 3053 293 3122 γῆς’
336 3068 356 3101 ι
387 3051 456 3105 ἶν’
485 3052 612 3105 ὅταν
639 3051 701 3104 τὸ
727 3050 1001 3123 πλήρωμα
1027 3051 1135 3105 τῶν
1164 3051 1334 3105 ἐθνῶν
1357 3048 1594 3124 εἰσέλθῃ,
1628 3052 1751 3104 τότε

1188 334 1482 391 Εειοςβ
1523 334 2010 395 ΡΒΟΡΗΕΤΙΌΕ.
2053 370 2125 382 --
2161 339 2293 397 LIB.
2331 341 2399 396 ll.

1791 462 1836 520 Δ

3301 345 3441 398 HM

2458 458 2688 515 CAPUT
2719 458 2833 514 XV.

2022 574 2071 628 E
2101 573 2310 645 psalmo
2339 574 2623 628 centesimo
2652 570 3062 644 quadragesimo
3089 569 3284 639 primo.

1928 664 2060 733 Quae
2096 667 2186 720 hic
2213 666 2474 720 dicuntur
2503 681 2518 718 :
2559 682 2579 716 t
2616 662 2701 718 Me
2733 669 3054 733 exspectant
3077 661 3238 732 justi,
3266 661 3442 717 donec

1856 756 2133 812 retribuas
2169 756 2405 811 mihi”:
2441 776 2459 806 ι
2496 757 2563 810 de
2597 754 2900 810 Salvatoris
2947 767 3184 825 persona
3222 752 3334 807 dici
3358 751 3447 808 vi-

1857 849 2074 904 dentur.
2106 846 2280 915 Quem
2316 849 2461 903 enim
2504 848 2673 902 alium
2696 846 3109 918 exspectabunt
3151 844 3312 915 justi,
3342 843 3444 899 do-

1855 959 1958 998 nec
1987 942 2132 998 Deus
2162 942 2429 997 retribuat
2456 941 2530 1005 ei,
2558 940 2666 996 nisi
2692 940 2840 994 hunc
2877 938 3098 1010 ipsum?
3126 936 3278 991 Sicut
3294 936 3442 992 enim

1855 1035 2065 1089 dictum
2095 1044 2182 1088 est
2210 1033 2278 1088 de
2310 1032 2592 1103 prioribus
2637 1031 2833 1102 justis,
2873 1048 2892 1081 ι
2933 1028 3000 1083 Ει
3034 1028 3089 1082 hi
3122 1043 3313 1085 omnes
3361 1034 3445 1082 te-

1857 1128 2117 1184 stimonio
2146 1126 2269 1182 ﬁdei
2291 1125 2528 1196 probati,
2565 1139 2673 1178 non
2700 1118 3444 1194 acceperuntrepromissio-

1855 1237 2004 1283 nem,
2048 1220 2158 1275 Deo
2189 1234 2288 1291 pro
2332 1218 2493 1274 nobis
2525 1217 2722 1273 melius
2755 1215 2964 1286 aliquid
3008 1213 3348 1285 providente,
3379 1219 3440 1266 ut

1854 1330 1969 1371 non
2006 1315 2125 1369 sine
2167 1313 2329 1368 nobis
2380 1318 2904 1366 consummarentur
2926 1310 2994 1373 ⁸³,
3043 1327 3063 1361 ι
3099 1313 3247 1378 patet
3291 1305 3438 1376 quod

1853 1422 1982 1461 eum
2016 1406 2222 1461 indicat
2255 1404 2503 1474 psalmus
2532 1416 2629 1472 per
2656 1401 2931 1471 passionis
2961 1407 3180 1470 tempus
3198 1406 3253 1454 et
3278 1398 3346 1453 ab
3373 1412 3440 1452 eo

1856 1506 2100 1568 tempore
2150 1497 2366 1552 ostendi
2423 1495 2679 1551 similiter
2737 1508 2801 1547 ac
2852 1493 2907 1546 in
2957 1492 3081 1545 aliis
3114 1489 3437 1561 prophetiis.

1859 1587 2139 1658 Scriptum
2186 1592 2272 1642 est
2303 1586 2470 1657 igitur
2499 1605 2512 1638 :
2553 1601 2575 1634 ι
2610 1580 2860 1636 Etl‘undo-
2881 1580 2938 1633 in
2984 1586 3288 1647 conspectu
3320 1577 3440 1646 ejus

1856 1681 2162 1736 orationem
2211 1692 2414 1741 meam,
2447 1683 2497 1730 et
2533 1674 2945 1729 tribulationem
2988 1683 3171 1724 meam
3210 1674 3337 1722 ante
3366 1668 3441 1738 ip-

1857 1790 1977 1831 sum
2035 1773 2357 1844 pronuntio.
2423 1769 2483 1824 ιη
2541 1766 2846 1823 deiicienda
2902 1779 2970 1818 ex
3034 1777 3124 1818 me
3184 1762 3443 1831 spiritum

1857 1881 2062 1934 meum,
2098 1872 2153 1921 et
2185 1874 2241 1919 tu
2294 1860 2602 1933 cognovisti
2645 1859 2872 1914 semitas
2916 1870 3087 1911 meas.
3123 1852 3180 1908 in
3212 1854 3299 1908 via
3339 1853 3443 1907 hac

1857 1976 1963 2028 qua
1991 1957 2365 2019 ambulabam,
2412 1952 2825 2009 absconderant
2860 1950 3117 2018 laqueum
3159 1945 3383 2013 mihi“;
3414 1964 3435 1998 ι

1856 2061 1910 2106 et
1956 2066 2152 2105 rursus
2196 2069 2207 2103 :
2267 2067 2284 2099 ε
2330 2046 2524 2101 Libera
2573 2060 2661 2099 me
2711 2057 2743 2097 a
2786 2038 3248 2111 persec‘jttetttibus
3289 2052 3377 2093 me
3421 2052 3435 2089 :

1855 2142 1984 2212 quia
2015 2137 2308 2194 confortati
2343 2143 2472 2192 sunt
2502 2149 2671 2204 super
2702 2149 2788 2188 me
2803 2131 2870 2186 εγ.
2907 2151 2926 2184 ι
2951 2129 3085 2185 Post
3113 2130 3230 2185 haec
3259 2127 3439 2183 conti-

1858 2248 1967 2287 nuo
2005 2230 2074 2286 de
2113 2245 2213 2285 sua
2244 2245 2274 2283 a
2323 2228 2555 2282 mortuis
2604 2223 3015 2279 resurrectione
3050 2237 3218 2277 orans
3247 2220 3384 2276 dicit
3422 2241 3436 2275 :

1861 2346 1880 2379 ε
1926 2325 2080 2380 Educ
2108 2324 2177 2379 de
2206 2323 2458 2379 custodia
2493 2321 2730 2375 animam
2757 2333 2934 2373 meam
2966 2317 3035 2372 ad
3065 2316 3446 2373 conﬁtendum

1854 2415 2067 2471 nomini
2097 2424 2194 2468 tuo
2227 2429 2241 2467 :
2268 2427 2355 2468 me
2402 2415 2726 2480 exspectant
2756 2404 2915 2478 justi,
2948 2407 3127 2462 donec
3162 2407 3446 2462 retribuas

1855 2505 2071 2561 mihi”.
2101 2525 2120 2558 ι
2156 2504 2632 2574 Exspectaverunt
2661 2500 2830 2571 igitur
2856 2515 3050 2555 omnes
3090 2499 3145 2553 hi
3171 2499 3315 2569 justi
3340 2497 3441 2553 do-

1855 2612 1957 2652 nec
1984 2596 2034 2652 ei
2059 2597 2329 2653 retribuat
2354 2594 2535 2661 Pater,
2568 2609 2637 2650 eo
2653 2592 2805 2663 quod
2823 2610 2844 2643 ι
2883 2591 3209 2647 exinaniens
3241 2599 3435 2647 semet-

1855 2691 2056 2761 ipsum,
2128 2690 2392 2745 obediens
2455 2689 2506 2744 ei
2564 2687 2742 2742 factus
2797 2695 2882 2742 est
2941 2699 3117 2755 usque
3160 2683 3233 2738 ad
3286 2698 3441 2738 mor-

1855 2791 1965 2840 tem
1980 2783 2049 2842 ".
2089 2803 2109 2837 ι
2139 2781 2274 2850 Qum
2322 2798 2458 2839 vero
2496 2782 2761 2838 retribuet
2799 2780 2871 2846 ei,
2917 2779 3027 2833 nisi
3060 2797 3079 2830 ι
3111 2783 3305 2848 gentes
3328 2777 3443 2832 hae.

1853 2877 2163 2943 reditatem,
2195 2886 2250 2931 et
2274 2875 2659 2947 possessiones
2691 2873 2813 2942 ejus
2837 2871 3106 2927 terminos
3137 2868 3382 2935 terra";
3414 2888 3435 2919 ι

1856 2974 1936 3033 ut,
1968 2982 2095 3022 cum
2124 2968 2526 3023 consummatio
2560 2965 2802 3037 gentium
2833 2963 3066 3028 eveniet,
3089 2969 3222 3015 tunc
3247 2968 3307 3016 et
3323 2974 3437 3015 om—

1854 3057 1942 3112 nis
1970 3057 2136 3114 Israel
2165 3059 2427 3122 salvetur,
2463 3057 2761 3127 omniaque
2790 3070 2918 3125 quas
2940 3055 2994 3108 in
3049 3054 3260 3124 psalmo
3290 3051 3443 3106 dicta

154 3146 251 3199 Λα).
283 3147 313 3199 ὁ
336 3148 447 3207 πᾶς
486 3142 698 3217 Ἰσραὴλ
732 3143 899 3215 σωθῇ,
930 3145 1025 3198 καὶ
1054 3144 1151 3197 ὅλα
1176 3144 1232 3197 δὲ
1266 3143 1332 3197 τὰ
1362 3146 1420 3196 ἐν
1452 3143 1530 3212 τῷ
1552 3142 1734 3214 ψαλμιξ

1861 3156 2007 3214 sunt,
2040 3148 2109 3204 ad
2141 3148 2267 3219 ejus
2307 3149 2747 3204 incarnationem
2777 3147 2836 3201 in
2876 3160 2991 3218 qua
3029 3144 3272 3202 insidiati
3309 3150 3445 3199 sunt

154 3238 475 3311 ἐφαρμόσαι
502 3237 568 3292 ἂν
605 3236 683 3307 τῷ
718 3234 963 3309 Χριστῷ,
995 3235 1064 3288 τὰ
1093 3234 1234 3289 κατὰ
1266 3234 1362 3305 τὴν
1403 3233 1752 3306 ἐνανθρώπη-

155 3347 243 3385 σιν
278 3326 468 3392 αὑτοῦ,
503 3326 622 3381 καθ’
657 3327 724 3398 ἢν
754 3326 1142 3396 ἐπεϐουλεύθη,
1177 3327 1519 3399 περιέχοντα.

682 3441 1079 3496 ΚΕΦΑΛΑΙΟΝ
1123 3442 1203 3509 ις,-
1220 3440 1257 3493 '.

746 3532 997 3602 Ψαλμθῦ
1015 3538 1167 3601 ,ομγίο

241 3627 334 3680 Ἐν
371 3626 473 3697 μὲν
501 3624 579 3696 τῷ
611 3623 751 3697 μετά
782 3627 971 3696 χεῖρας
1006 3623 1208 3695 ψαλμῷ
1238 3624 1476 3694 λέγεται,
1507 3644 1524 3675 ι
1553 3622 1755 3695 Κύριε,

1855 3240 1929 3306 ei,
1968 3239 2300 3296 referantur.

2453 3434 2683 3493 CAPUT
2720 3434 2859 3489 XVI.

2032 3530 2082 3585 E
2108 3531 2314 3600 psalmo
2339 3531 2622 3585 centesimo
2646 3528 3058 3600 quadragesimo
3091 3524 3265 3580 tertio.

1926 3623 1986 3680 In
2022 3625 2127 3680 hoc
2153 3623 2364 3695 psalmo
2393 3622 2637 3677 dicitur:
2679 3638 2698 3671 ι
2741 3619 2987 3685 Domine,
3016 3615 3231 3671 inclina
3267 3613 3440 3669 celos

159 3720 338 3775 κλῖνον
369 3720 633 3790 οὐρανοὺς
671 3718 765 3772 καὶ
785 3716 1074 3789 κατάϐηθι,
1112 3736 1130 3767 ι
1174 3718 1231 3770 ὲν
1250 3716 1308 3769 δὲ
1339 3715 1418 3787 τῷ
1453 3713 1541 3779 ιζ’,
1578 3734 1596 3766 t
1642 3716 1734 3770 Καὶ

1861 3726 1982 3774 tuos
2020 3726 2076 3773 et
2109 3715 2384 3772 descende
2403 3716 2487 3781 ἐς
2528 3735 2546 3766 ›
2580 3722 2631 3769 et
2670 3714 2725 3767 in
2756 3713 2969 3767 decimo
2998 3709 3237 3780 septimo
3264 3721 3283 3759 :
3313 3723 3335 3757 ‹
3357 3704 3421 3760 In

160 3810 369 3866 ἐκλινεν
389 3812 653 3884 οὐρανοὺς
680 3810 776 3864 καὶ
802 3808 1027 3879 κατέϐη.
1061 3828 1080 3861 2
1124 3808 1616 3879 Ἐσημειωσάμεθα
1645 3808 1745 3879 μὲν

161 3898 257 3959 σῦν
283 3904 447 3958 κάκεῖ
477 3905 571 3956 καὶ
597 3902 659 3956 τὸ
695 3902 878 3974 ῥητὸν,
913 3902 1007 3955 καὶ
1038 3900 1272 3955 ἐνταῦθα
1305 3901 1363 3954 δέ
1395 3901 1587 3955 ταυτὸν
1631 3918 1751 3953 ποι-

161 3991 348 4055 οῦντες
369 3992 496 4063 περὶ
519 3991 612 4044 τοῦ
639 3991 816 4059 Λόγου
851 3989 947 4043 τοῦ
976 3989 1112 4043 Θεοῦ
1133 3990 1307 4044 ταῦτα
1327 3990 1581 4060 λέγεσθαι
1608 3992 1708 4043 ὑπε
1718 4008 1754 4043 ι-

162 4084 435 4155 λήφαμεν.
479 4083 680 4149 Κλίνας
718 4084 826 4155 γὰρ
877 4084 1139 4156 οὐρανοὺς
1172 4082 1251 4154 τῷ
1287 4083 1523 4137 κενῶσαι
1560 4083 1753 4137 ἐαυτὸν

163 4178 263 4248 τῆς
288 4178 613 4248 ἐπουρανίου
643 4179 739 4232 καὶ
770 4181 826 4231 ἐν
854 4179 1037 4249 μορφῇ
1059 4174 1196 4229 Θεοῦ
1228 4174 1410 4247 δόξης,
1444 4177 1523 4239 εἰς
1547 4175 1616 4229 τὰ
1652 4193 1752 4229 κα-

165 4267 375 4340 τώτερα
409 4268 511 4339 τῆς
560 4268 665 4338 γῆς
700 4267 1033 4338 κατελήλυθε
1074 4266 1139 4320 δι’
1170 4266 1239 4336 ἢν
1280 4266 1566 4331 ἀνεδέξατο
1609 4268 1753 4340 ὑπὲρ

163 4358 258 4430 τῆς
291 4356 597 4429 ἀνθρώπων
639 4357 910 4430 σωτηρίας
956 4357 1294 4428 οἱκονομίαν’
1336 4356 1459 4411 ὅθεν
1505 4356 1612 4429 πρὸ
1656 4356 1756 4411 τοῦ

164 4450 475 4514 ἐκτεθέντος
514 4450 676 4522 ῥητοῦ
711 4449 1107 4521 ἀποθαυμάσας
1142 4451 1170 4502 ὁ
1195 4448 1351 4517 λόγος
1384 4449 1517 4519 φησί
1541 4466 1554 4479 ι
1590 4466 1607 4498 ι
1638 4448 1753 4502 Κύ-

165 4562 269 4617 ριε,
309 4544 362 4598 τί
398 4545 546 4597 ἐστιν
575 4542 859 4613 ἄνθρωπος
902 4543 983 4596 ὅτι
1027 4539 1306 4613 ἐγνώσθης
1356 4539 1524 4611 αὐτῷ,
1566 4540 1599 4613 ἦ
1638 4541 1754 4604 υἱὸς

1790 4516 1835 4569 D

1853 3812 2079 3869 clinavit
2109 3812 2280 3867 cmlos
2307 3817 2362 3866 et
2392 3808 2762 3865 descendit".
2794 3825 2812 3858 ι
2842 3804 3198 3861 Ostendimus
3226 3799 3362 3870 jam,
3384 3806 3433 3855 et

1852 3922 2002 3962 nunc
2045 3905 2244 3959 iterum
2282 3903 2399 3957 haec
2431 3901 2499 3956 de
2524 3899 2702 3955 Verbo
2735 3897 2829 3952 Dei
2888 3890 3308 3951 commemorari
3339 3887 3434 3945 de-

1854 4002 2247 4053 monstramus.
2272 3992 2551 4048 lnclinans
2574 3990 2721 4046 enim
2753 3989 2944 4050 caelos,
2977 4000 3102 4041 cum
3135 3983 3435 4046 caelestem,

1852 4097 1909 4146 et
1942 4088 2038 4144 Dei
2074 4087 2260 4159 gloriae
2307 4085 2541 4140 formam
2589 4089 2833 4145 exueret,
2874 4081 2931 4135 in
2991 4074 3426 4150 profundissima

1854 4189 2016 4237 terra:
2047 4177 2334 4234 descendit
2379 4191 2444 4231 ea
2478 4172 2661 4244 specie
2700 4186 2865 4243 quam
2907 4185 3007 4241 pro
3033 4166 3318 4222 hominum
3350 4177 3431 4217 sa-

1854 4273 1967 4327 lute
1997 4270 2224 4339 accepit.
2255 4266 2411 4322 Unde
2437 4278 2563 4320 ante
2592 4265 2708 4319 haec
2764 4277 2887 4333 quae
2932 4258 3223 4315 retulimus
3249 4254 3432 4312 verba-

1853 4365 2107 4437 psalmus
2138 4362 2417 4417 admirans
2447 4359 2581 4414 dicit
2613 4377 2625 4412 :
2670 4375 2687 4408 ι
2728 4355 2977 4417 Domine,
3002 4350 3133 4423 quid
3161 4356 3247 4405 est
3275 4348 3435 4402 homo

1858 4456 1988 4527 quia
2020 4454 2310 4510 innotuisti
2350 4452 2424 4516 ei,
2458 4459 2553 4507 aut
2576 4450 2724 4506 ﬁlius
2764 4446 3024 4512 hominis,
3052 4445 3182 4515 quia
3214 4448 3435 4512 reputas

1857 4567 1982 4607 eum
2000 4549 2047 4583 ⁸³
2074 4549 2099 4604 ?
2136 4569 2154 4601 ι
2180 4547 2465 4602 Inclinatis
2492 4559 2644 4616 ergo,
2672 4543 2815 4598 sicut
2840 4540 3104 4602 diximus,
3131 4535 3307 4602 cmlis,
3328 4534 3425 4588 de-

164 4635 451 4708 ἀνθρὼπου
476 4636 558 4688 ὅτι
586 4633 778 4707 λογίζῃ
818 4632 1012 4701 αὐτόν;
1048 4650 1067 4684 ι
1100 4632 1193 4695 El;
1228 4631 1385 4684 τοῦτο
1415 4630 1525 4702 γὰρ
1566 4630 1734 4693 κλίνας

1861 4641 2079 4697 scendit
2116 4638 2211 4695 Dei
2252 4636 2519 4701 Verbum,
2563 4641 2621 4689 ut
2664 4633 2917 4705 cognitus
2943 4630 3095 4686 ﬁeret
3119 4627 3432 4681 incarnatus

165 4731 289 4792 τοὺς
320 4725 648 4796 λεγομένους
696 4725 958 4796 οὐρανοὺς
993 4722 1359 4795 κατελήλυθεν
1403 4722 1433 4774 ὁ
1477 4721 1570 4777 τοῦ
1612 4721 1734 4775 Θεοί

1861 4733 2140 4787 hominum
2182 4729 2391 4801 generi,
2413 4727 2562 4799 quod
2588 4726 2742 4794 prius
2762 4722 3054 4797 ignorabat
3078 4734 3232 4786 eum;
3261 4731 3433 4787 neque

168 4821 358 4889 Λόγος,
380 4819 456 4883 ὡς
484 4819 551 4873 ἂν
577 4817 845 4887 γνωσθείη
876 4815 1303 4889 ἐνανθρωπήσας
1320 4814 1396 4886 τῷ
1416 4814 1524 4868 τῶν
1546 4813 1644 4867 ἀνθ
1654 4813 1751 4886 ρώ-

168 4928 283 4966 πων
311 4911 458 4980 γένει
494 4909 757 4980 πρότερον
793 4907 1155 4980 ἀγνοούμενος
1177 4906 1325 4977 αὑτῷ
1349 4923 1362 4936 ·
1398 4909 1493 4961 καὶ
1507 4907 1569 4961 οὺ
1590 4922 1749 4978 περι-

1852 4823 2183 4895 contempsit
2224 4822 2490 4893 parvique
2554 4819 2711 4875 duxit
2741 4818 2910 4872 lilium
2952 4812 3226 4874 hominis,
3262 4809 3316 4865 id
3355 4818 3432 4864 est

1856 4931 2074 4972 omnem
2114 4914 2415 4984 spiritalem
2445 4918 2501 4967 et
2528 4912 2595 4965 ad
2626 4909 2918 4980 imaginem
2957 4904 3050 4960 Dei
3091 4902 3289 4958 factam
3316 4899 3427 4954 ani-

167 5004 463 5075 εφρόνησεν
511 5003 638 5073 παρ’
696 5000 849 5055 οὐδὲν
913 5000 1259 5071 ἡγησάμενος
1310 5000 1403 5052 τὸν
1461 5000 1734 5071 γενόμενοπ

1861 5023 2024 5063 mam.
2055 5005 2290 5076 Reliqua
2325 5018 2457 5059 vero
2491 5001 2693 5073 psalmi
2730 4997 3053 5071 spiritaliter
3086 4991 3423 5063 intelligenti

167 5095 280 5150 υἱὸν
319 5091 632 5164 ἀνθρώπου,
677 5089 822 5145 τοῦτ’
851 5089 965 5143 ἐστι
1016 5091 1196 5143 πᾶσαν
1233 5088 1332 5160 τὴν
1380 5087 1605 5160 λογικὴν
1656 5089 1734 5142 xa‘

1861 5102 1962 5157 bus
1989 5099 2279 5172 perspicua
2301 5105 2482 5153 erunt.

168 5186 285 5239 κατ’
318 5184 506 5238 εἰκόνα
540 5181 675 5235 Θεοῦ
708 5180 1007 5253 γενομένην
1038 5179 1235 5251 ψυχήν·
1277 5179 1370 5233 καὶ
1403 5179 1474 5232 τὰ
1506 5179 1671 5233 λοιπά
1694 5179 1752 5233 δὲ

169 5275 260 5331 τοῦ
293 5273 509 5346 ψαλμοῦ
544 5271 930 5345 πνευματικῶς
951 5272 1309 5343 ἐκλαμϐάνων
1335 5273 1607 5343 νοήσειας.

690 5386 1088 5441 ΚΕΦΑΛΑΙΟΝ
1127 5387 1223 5439 lZ'.

752 5479 1000 5549 Ψαλμσῦ
1023 5477 1169 5549 ρμζ’.

238 5577 347 5631 Καὶ
371 5574 454 5643 τὸ,
483 5594 501 5627 ς
553 5576 611 5630 ὐ
652 5573 998 5629 ἀποστέλλων
1029 5572 1090 5626 τὸ
1132 5571 1310 5641 λόγιον
1348 5567 1511 5624 αὑτοῦ
1558 5572 1624 5641 τῇ
1656 5572 1749 5641 γῇ,

2425 5381 2656 5440 CAPUT
2685 5380 2850 5436 XVII.

1994 5476 2039 5531 E
2072 5476 2278 5546 psalmo
2308 5476 2591 5531 centesimo
2617 5471 3031 5546 quadragesimo
3060 5470 3306 5539 septimo.

1937 5587 1956 5621 ι
1997 5568 2103 5635 Qui
2149 5567 2350 5623 emittit
2403 5567 2680 5639 eloquium
2723 5578 2884 5619 suum
2940 5571 3123 5628 terrm,
3175 5558 3427 5616 velociter

244 5731 293 5765 ⁸⁸
318 5732 464 5789 Psal.
499 5749 648 5799 ωειλ,
683 5734 738 5789 8.
813 5732 862 5764 ⁸⁸
898 5730 1063 5786 Hebr.
1102 5745 1179 5793 XI,
1215 5729 1306 5794 39,
1335 5728 1426 5799 ω.
1490 5727 1547 5799 ί⁸⁶
1580 5725 1728 5784 Psal.

1868 5725 2120 5799 usus,
2159 5723 2355 5779 ετίυίά.
2393 5724 2450 5799 7_.
2524 5724 2570 5757 ιε
2605 5722 2738 5781 ibid.
2773 5723 2826 5779 8.
2907 5720 2952 5754 ιν
2978 5717 3217 5791 Philipp.
3277 5713 3426 5780 11,3.

170 5805 216 5839 "
252 5804 397 5862 Psal.
436 5820 509 5873 tt,
541 5804 595 5861 8.
636 5793 716 5838 ’³⁸
755 5801 900 5860 Psal.
931 5818 1130 5867 cum,
1167 5800 1220 5856 5.
1296 5801 1341 5833 ³³
1381 5798 1525 5854 Psal.
1563 5813 1711 5863 xvu,

1913 5795 1959 5828 ”
1998 5793 2144 5852 Psal.
2179 5810 2346 5851 cunt
2369 5835 2384 5859 ,
2417 5794 2471 5849 5.
