3840 6222
411 326 549 383 HIS
1119 322 1393 379 EUSEBII
1432 321 1916 379 CAESARIENSIS
1951 322 2105 380 OPP.
2140 322 2322 377 PARS
2359 321 2447 377 Ill.
2485 353 2556 364 —
2590 321 3013 379 EXEGETICA.
3572 324 3718 379 H16

408 437 583 496 currit
612 451 794 492 sermo
822 435 1027 506 ejus“.
1068 455 1089 489 ι
1123 436 1237 492 Hoc
1277 438 1691 508 intelligendum
1724 437 1924 493 videtui

2229 437 2430 508 τάχους
2473 437 2761 509 δραμεῖται
2809 440 2839 492 6
2867 437 3026 507 λόγος
3064 436 3253 502 αὐτοῦ,
3291 457 3311 489 ι
3344 453 3716 511 παρασημει-

407 529 565 601 quasi
602 528 834 583 docente
860 527 965 582 hoc
994 527 1116 583 loco
1153 526 1440 598 Scriptura
1486 528 1694 600 aliquid
1732 530 1920 584 substa

2202 529 2341 582 ισθαι
2367 528 2565 595 ἔδοξεν,
2589 529 2665 593 ὡς
2685 528 3045 600 διδασκούσης
3067 531 3162 583 καὶ
3180 529 3414 584 ἐνταῦθα
3436 532 3547 601 τῆς
3571 530 3718 603 Γρα-

407 622 612 676 tialiter
643 636 766 676 esse
792 619 887 674 Dei
919 619 1184 682 Verbum,
1205 636 1329 675 cum
1354 622 1425 676 sit
1454 623 1597 683 alius
1618 637 1682 676 ac
1704 621 1869 677 Pater
1899 640 1923 691 q

2202 637 2206 676 Γ
2237 619 2313 683 ὼς
2345 620 2453 690 ἄρα
2487 620 2791 674 ύπόστατόν
2824 639 2877 675 τι
2914 623 3148 692 πρᾶγμα
3177 624 3205 675 ὁ
3231 622 3323 675 τοῦ
3349 622 3487 676 Θεοῦ
3530 622 3718 691 Λόγος

407 714 557 769 misit
590 728 738 767 eum.
777 711 1009 767 Attende
1048 714 1325 782 quomodo
1355 724 1729 784 congruenter
1760 714 1923 784 adjici

2203 712 2375 781 χάνει,
2412 711 2600 780 ἕτερος
2632 712 2709 765 ὢν
2755 713 2908 785 παρὰ
2963 714 3055 766 τὸν
3105 714 3506 768 ἀποστέλλοντα
3558 714 3718 785 αὐτῷ

407 812 538 859 tur:
578 826 596 856 ι
636 804 816 859 Donec
881 805 1141 860 velociter
1210 806 1384 859 currit
1423 821 1606 860 sermo
1636 806 1775 875 ejus.
1828 825 1845 857 ι
1881 806 1923 859 H

2202 804 2349 871 τέραο
2379 804 2482 876 ὅρα
2509 804 2567 857 δὲ
2595 805 2714 868 πῶς
2745 806 2871 877 ἑξῆς
2900 807 3222 878 ἐπιφέρεται
3256 806 3335 871 τὺ,
3374 827 3393 859 ι
3435 809 3595 871 Ἕως
3619 808 3718 861 τά·

408 897 761 967 adimpletum
796 898 982 952 videre
1008 905 1093 951 est
1127 906 1251 967 post
1277 899 1712 954 incarnationem
1743 899 1924 954 Cbrisl

2201 912 2228 957 ς
2268 896 2557 966 δραμεῖται
2586 899 2615 950 ό
2657 897 2815 966 λόγος
2848 898 3044 951 αὐτοῦ·
3081 917 3100 949 ι
3130 899 3160 951 ὃ
3186 898 3281 951 καὶ
3317 899 3450 951 αὐτὸ
3487 898 3716 970 πεπλη-

406 987 544 1044 adeo
583 988 914 1045 brevissimo
947 989 1212 1060 temporis
1254 989 1452 1058 Spatio,
1487 1000 1652 1058 atque
1690 988 1744 1042 in
1775 1004 1922 1044 omne

2197 985 2342 1040 ιένον
2378 987 2527 1041 ἔστιν
2576 988 2703 1043 ἰδεῖν
2747 989 2886 1059 μετὰ
2933 990 3035 1061 τὴν
3079 989 3317 1061 Χριστοῦ
3369 990 3713 1061 παρουσίαν,

406 1085 607 1136 terram
640 1083 829 1150 paucis
859 1083 1019 1137 aunis
1049 1097 1223 1152 usque
1270 1081 1336 1135 ad
1390 1080 1658 1134 terminos
1696 1087 1856 1135 terra:
1888 1079 1920 1134 d

2197 1096 2239 1130 ω
2278 1079 2337 1131 ἐν
2373 1079 2577 1150 σφόδρα
2616 1079 2808 1152 βραχεῖ
2838 1080 3015 1152 χρόνῳ
3042 1080 3467 1152 διαδραμούσης,
3494 1082 3604 1135 καὶ
3628 1083 3713 1144 εἰς

408 1168 529 1226 fusa
561 1171 680 1242 ejus
700 1172 1010 1244 disciplina.

2195 1187 2279 1222 ταν
2309 1171 2409 1242 τὴν
2462 1172 2565 1242 γῆν
2592 1173 2651 1224 ἐν
2691 1172 2751 1225 οὐ
2789 1172 3004 1236 πολλοῖς
3042 1172 3187 1225 ἔτεσι
3245 1172 3407 1245 μέχρι
3444 1172 3544 1225 καὶ
3596 1173 3711 1226 τῶν

2098 1263 2349 1334 περάτων
2397 1263 2496 1334 τῆς
2543 1263 2871 1335 οἰκουμένης
2919 1264 3329 1335 κεκρατηκυίας
3382 1262 3555 1317 αὑτοῦ
3611 1264 3713 1334 τῆς

2096 1352 2335 1437 διδαχῆς.

971 1434 1201 1490 CAPUT
1235 1435 1421 1490 XVlll.
2146 1434 2155 1437 ⁷

2146 1434 2155 1437 ⁷
2620 1466 3021 1519 ΚΕΦΑΛΑΙΟΝ
3053 1464 3158 1518 ur.

548 1546 597 1601 Ε
627 1548 834 1619 psalmo
865 1550 1147 1604 centesimo
1180 1549 1587 1619 quadragesimo
1623 1556 1826 1603 octavo.

1623 1556 1826 1603 octavo.
2668 1557 2922 1626 Ψαλμοῦ
2953 1555 3112 1628 ρμη’.

472 1643 609 1710 Quae
649 1645 739 1699 hic
782 1645 1090 1700 dicuntur:
1126 1665 1144 1697 ι
1180 1644 1431 1699 Laudent
1486 1659 1685 1697 nomen
1736 1642 1987 1707 Domini,

2188 1651 2278 1703 (ai.
2309 1650 2369 1702 τὸ
2401 1649 2590 1703 ἐνθάδε
2620 1649 2934 1720 λεγόμενον,
2966 1669 2985 1700 ι
3017 1650 3399 1703 Αἰνεσάτωσαν
3432 1647 3494 1702 τὸ
3522 1648 3704 1719 ὄνομα

401 1737 531 1806 quia
549 1737 665 1805 ipse
679 1736 837 1801 dixit,
860 1744 913 1791 et
931 1736 1072 1791 facta
1092 1745 1241 1797 sunt,
1267 1737 1383 1805 ipse
1401 1735 1699 1799 mandavit,
1730 1745 1783 1789 et
1806 1749 1917 1789 crez

2187 1740 2324 1812 ρίου,
2356 1741 2439 1793 ὅτι
2472 1740 2634 1805 αὐτὸς
2678 1737 2831 1795 εἶπεν
2871 1741 2966 1795 καὶ
3012 1740 3369 1813 ἐγενήθησαν,
3409 1741 3579 1803 αὐτὸς
3616 1743 3703 1793 ἐν-

404 1830 616 1892 suut",
658 1848 678 1879 ι
713 1829 767 1883 in
795 1830 1128 1884 testimoniis
1157 1829 1225 1886 de
1256 1828 1349 1881 Dei
1368 1826 1546 1882 Verbo
1576 1827 1630 1880 in
1663 1827 1821 1880 initio
1846 1842 1920 1896 api

2188 1832 2334 1885 ίλατο
2360 1832 2455 1885 καὶ
2490 1831 2839 1902 ἐκτίσθησαν,
2880 1851 2898 1884 ι
2936 1834 2994 1885 ἐν
3026 1835 3138 1896 τοῖς
3171 1833 3298 1902 περὶ
3327 1831 3424 1885 τοῦ
3458 1834 3517 1885 ἐν
3549 1833 3700 1903 ἀρχῇ

403 1919 573 1975 Deum
604 1921 717 1990 jam
740 1922 1051 1979 retulimus.
1087 1920 1181 1975 Dei
1214 1919 1477 1982 Verbum,
1510 1934 1821 1989 nomenque
1868 1921 1915 1988 ej

2182 1925 2231 1986 ὗς
2259 1924 2349 1975 τὸν
2391 1923 2524 1976 Θεὸν
2558 1923 2692 1976 Θεοῦ
2726 1924 2900 1993 Λόγου
2937 1923 3259 1995 μαρτυρίοις
3291 1920 3698 1992 ἀνελεξάμεθα,

402 2013 640 2084 quadam
691 2012 1142 2067 denominatione
1194 2011 1263 2065 de
1314 2027 1379 2065 eo
1425 2011 1785 2081 cogitationes
1843 2011 1918 2065 de:

2213 2014 2308 2066 τοῦ
2356 2013 2491 2067 Θεοῦ
2527 2014 2723 2083 Λόγον,
2760 2015 2855 2067 καί
2897 2015 3071 2085 δνομα
3119 2014 3284 2069 αὑτοῦ
3327 2012 3698 2087 χρηματίζειν

397 2120 572 2177 gnare
592 2112 932 2174 compertum
962 2104 1246 2160 habentes.
1278 2106 1415 2158 Cum
1443 2104 1608 2173 igitur
1630 2102 1838 2158 dictum
1864 2120 1913 2159 es

2182 2106 2472 2176 ιαθηκότες
2510 2106 2655 2160 κατά
2688 2124 2812 2161 τινα
2862 2108 3235 2179 προσηγορίαν
3280 2106 3389 2161 τῶν
3427 2107 3563 2177 περὶ
3595 2107 3698 2159 αύ-

406 2216 427 2248 ι
468 2195 712 2250 Laudate
746 2195 1035 2250 Dominum
1054 2197 1122 2261 ³⁸,
1165 2217 1183 2248 ι
1216 2197 1421 2267 passim
1444 2203 1810 2266 congruenter
1830 2196 1922 2265 jub

2205 2195 2457 2249 ἐπινοιῶν
2477 2212 2493 2228 ο
2525 2196 2662 2267 μετὰ
2695 2196 2826 2265 γοῦν
2858 2196 2919 2250 τὸ
2961 2199 3267 2268 προειπεῖν,
3303 2215 3322 2247 ι
3359 2182 3579 2249 Αἰνεῖτέ
3603 2198 3696 2251 τὸν

399 2286 643 2358 Spiritus
677 2286 894 2341 Patrem
940 2287 1182 2351 laudare,
1216 2287 1438 2342 nomine
1476 2287 1596 2356 ejus
1649 2302 1915 2342 commem

2177 2308 2312 2363 ριον,
2356 2310 2375 2343 ι
2413 2290 2539 2344 τάδε
2585 2291 2681 2343 καὶ
2721 2289 2846 2343 τάδε
2889 2289 3202 2352 ἀκολούθως
3248 2288 3693 2359 παρακελεύεται

399 2387 542 2442 rato,
577 2397 595 2429 ι
634 2381 894 2448 quoniam
928 2379 1045 2449 ipse
1070 2378 1209 2432 dixit
1241 2386 1295 2432 et
1331 2377 1475 2432 facta
1505 2386 1655 2443 sunt,
1682 2380 1799 2451 ipse
1833 2396 1915 2433 ma

2179 2381 2403 2453 Πνεῦμα
2432 2383 2602 2435 αἰνεῖν
2636 2381 2699 2451 (f.
2734 2380 2824 2452 24)
2856 2380 2994 2452 μετὰ
3022 2380 3112 2435 τὸν
3146 2381 3388 2452 Πατέρα,
3423 2379 3487 2432 τὸ
3514 2380 3692 2451 ὄνομα

396 2470 550 2525 ὼνίι
578 2481 631 2525 et
654 2480 838 2525 creata
872 2480 1021 2527 sunt.
1066 2491 1085 2524 ι
1128 2472 1299 2541 Igitur
1332 2472 1654 2541 prmeipiens
1681 2482 1846 2542 atque
1880 2473 1912 2526 ii

2174 2471 2249 2525 τοῦ
2276 2472 2561 2541 ἐπιλέγων,
2598 2491 2616 2522 ι
2641 2474 2729 2536 Ὠς
2762 2473 2870 2544 ἄρα
2899 2472 3063 2535 αὐτὸς
3092 2468 3267 2536 εἶπεν,
3307 2473 3400 2525 καὶ
3423 2464 3690 2543 ἐγενήθη-

398 2576 601 2632 perans
631 2575 778 2620 esset
807 2566 1054 2619 omnium
1083 2565 1225 2620 Deus
1245 2573 1298 2619 et
1328 2563 1513 2630 Pater,
1546 2564 1914 2620 subministra:

2172 2582 2205 2626 ρ,
2246 2564 2406 2627 αὐτὸς
2430 2563 2753 2627 ἐνετείλατο,
2789 2565 2883 2618 καὶ
2924 2562 3276 2633 ἐκτίσθησαν.
3311 2585 3329 2616 s
3374 2565 3431 2617 ’0
3460 2564 3562 2634 μὲν
3595 2560 3688 2617 οὖν

395 2669 527 2710 vero
556 2655 651 2711 Dei
685 2657 945 2721 Verbum,
975 2665 1031 2712 et
1062 2657 1252 2727 patria
1298 2656 1566 2710 voluntati
1619 2656 1881 2712 obediens

2172 2658 2436 2710 οστάττων
2460 2657 2554 2709 καὶ
2580 2656 2956 2727 ἐντελλόμενος
2985 2654 3071 2726 εἴη
3100 2656 3166 2709 ἂν
3189 2660 3218 2711 6
3255 2657 3365 2710 τῶν
3393 2657 3537 2711 ὅλων
3554 2654 3688 2720 Θεδς

394 2764 579 2803 rerum
635 2750 879 2803 omnium
926 2752 1224 2804 creatione.
1275 2748 1837 2804 Animadvertendum
1894 2766 1910 2805 ε

2171 2786 2175 2798 .
2204 2746 2412 2818 Πατὴρ,
2445 2750 2474 2801 6
2505 2747 2551 2799 δ’
2577 2747 2912 2819 ὑπουργῶνό
2938 2748 3031 2801 τοῦ
3057 2747 3194 2801 Θεοῦ
3223 2750 3394 2818 Λόγος
3413 2749 3687 2820 ἐξυπηρε-

394 2840 512 2895 haec
545 2840 734 2895 eadem
773 2840 827 2894 in
869 2840 1154 2895 tricesimo
1176 2840 1422 2895 secundo
1462 2840 1673 2910 psalmo
1719 2856 1910 2911 expres

2169 2854 2340 2906 ,μενος
2361 2835 2440 2907 τῷ
2488 2836 2742 2908 πατρικῴ
2787 2836 3051 2907 θελήματι
3082 2838 3217 2907 πρὸς
3378 2835 3492 2888 τῶν
3523 2852 3685 2904 γενη-

387 2929 496 2985 dici
530 2950 543 2986 :
577 2949 596 2982 ι
637 2932 757 3002 Ipse
785 2932 942 2997 dixit,
985 2942 1039 2987 et
1072 2931 1216 2986 facta
1252 2939 1404 2997 sunt,
1445 2932 1561 3001 ipse
1589 2932 1889 2998 mandavit,

2169 2947 2185 2980 ι
2206 2927 2590 2998 δημιουργίαν.
2633 2926 2911 2998 Τηρητέον
2951 2928 2997 2979 δ’
3030 2930 3113 2981 ὅτι
3153 2928 3248 2981 καὶ
3281 2930 3340 2980 ἐν
3367 2926 3446 2980 λ6’
3479 2925 3685 2997 ψαλμῷ

386 3009 575 3076 creata
613 3024 824 3076 sunt".
857 3043 876 3076 ο
919 3022 1026 3079 Sed
1077 3023 1152 3079 ibi
1197 3023 1419 3093 quidem
1465 3031 1612 3078 terra
1666 3033 1902 3094 terramq

2168 3018 2219 3070 τὰ
2247 3017 2388 3082 λέξιν
2412 3018 2711 3089 ἐμφέρεται
2738 3018 2817 3082 τὸ,
2844 3036 2862 3067 ι
2898 3019 3070 3082 Αὐτὸς
3098 3014 3271 3083 εἶπεν,
3300 3018 3398 3071 καὶ
3418 3018 3684 3090 ἐγενήθη-

387 3110 762 3168 inhabitantes
804 3113 1200 3183 designantur;
1232 3113 1322 3167 hic
1370 3127 1500 3167 vero
1551 3127 1673 3183 quae
1712 3114 1767 3167 in
1818 3128 1903 3168 cae

2166 3130 2199 3173 ν,
2233 3109 2397 3173 αὐτὸς
2441 3109 2765 3171 ἐνετείλατο,
2798 3109 2891 3161 καὶ
2939 3108 3299 3179 ἐκτίσθησαν·
3344 3131 3363 3160 ι
3399 3107 3519 3161 ἀλλ’
3564 3110 3682 3162 ἐκεῖ

388 3210 539 3269 sunt,
571 3205 937 3259 excelsissimi
971 3205 1151 3275 angeli
1176 3214 1231 3260 et
1262 3213 1581 3276 potestates,
1610 3204 1713 3265 sol,
1739 3212 1791 3258 et
1820 3205 1904 3258 Iun

2166 3220 2178 3254 ο
2210 3202 2339 3274 περὶ
2365 3202 2464 3272 τῆς
2486 3205 2590 3272 γῆς
2619 3201 2715 3254 καὶ
2740 3200 2847 3253 τῶν
2872 3202 3271 3254 κατοικούντων
3302 3201 3404 3269 τὴν
3429 3200 3682 3271 οἰκουμό-

384 3298 441 3344 et
475 3292 676 3359 sidera,
706 3303 761 3349 et
794 3297 978 3350 omnia
1008 3313 1130 3367 quze
1160 3313 1320 3352 sacra
1351 3305 1639 3353 enumerat
1666 3296 1900 3366 Scriptui

2164 3313 2171 3340 ν
2201 3294 2436 3364 εἴρηται,
2460 3292 2647 3346 ἐνθάδε
2679 3292 2736 3344 δὲ
2764 3292 2892 3363 περί
2918 3292 3026 3344 τῶν
3066 3294 3125 3345 ἐν
3161 3293 3412 3364 οὐρανοῖς
3440 3292 3537 3345 καὶ
3570 3292 3680 3345 τῶν

383 3378 586 3435 docent
618 3399 719 3437 nos
754 3385 901 3454 quod
932 3401 1025 3455 per
1054 3384 1318 3450 Verbum,
1345 3395 1403 3440 ut
1448 3387 1525 3441 ait
1568 3394 1794 3442 sanctus
1825 3389 1899 3457 Ap

2160 3387 2379 3457 νομένων
2413 3390 2470 3440 ἐν
2496 3385 2740 3455 ὑψίστοις
2769 3385 3015 3452 ἀγγέλων
3039 3403 3097 3438 τε
3125 3388 3218 3439 καὶ
3244 3386 3554 3456 δυνάμεων,
3595 3385 3676 3439 ἐτι

385 3473 582 3538 stolus,
624 3492 644 3526 ι
675 3476 893 3530 condita
925 3485 1054 3531 sunt
1084 3480 1341 3532 universa
1366 3478 1419 3531 in
1439 3478 1616 3541 cmlis,
1636 3486 1689 3532 et
1717 3478 1770 3531 in
1799 3488 1901 3532 terr

2157 3478 2298 3549 ἡλίου
2322 3478 2414 3530 καὶ
2437 3478 2667 3549 σελήνης
2688 3476 2783 3528 καὶ
2802 3476 3037 3546 ἄστρων,
3056 3481 3152 3531 καὶ
3171 3479 3389 3531 πάντων
3410 3478 3521 3530 τῶν
3543 3476 3673 3545 ἑῆς

382 3563 618 3619 visibilia
652 3574 706 3622 et
739 3567 1057 3632 invisibilia,
1120 3570 1234 3624 sive
1257 3570 1461 3631 throni,
1494 3569 1609 3623 sive
1639 3568 1898 3622 dominati

2157 3569 2637 3639 (κατειλεγμένων,
2683 3568 3042 3638 διδασκούσης
3085 3572 3235 3640 ἡμᾶς
3291 3571 3392 3640 τῆς
3419 3568 3573 3631 θείας
3614 3569 3673 3621 ἐν

383 3665 505 3714 nes,
540 3653 655 3708 sive
698 3656 1061 3726 principatus.
1105 3658 1222 3712 sive
1249 3665 1551 3727 potestates
1594 3675 1607 3710 :
1650 3656 1833 3711 omnia
1866 3674 1899 3727 p

2154 3659 2277 3724 ἱτοις
2306 3660 2550 3731 Γραφῆς,
2575 3660 2650 3722 ὡς
2670 3658 2778 3728 ἄρα
2800 3657 2889 3710 διὰ
2910 3658 3003 3710 τοῦ
3028 3660 3203 3729 Λόγου
3234 3661 3378 3713 κατὰ
3406 3660 3498 3712 τὸν
3524 3657 3670 3727 ἱερὸν

382 3736 563 3806 ipsum
608 3749 662 3796 et
705 3743 761 3797 in
796 3745 916 3815 ipso
955 3758 1137 3802 creata
1164 3747 1393 3817 eunti”:
1427 3755 1483 3802 et
1526 3747 1646 3803 sine
1672 3748 1790 3817 ipso
1822 3747 1898 3801 nil

2151 3752 2400 3806 πόστολον
2435 3771 2454 3803 ι
2508 3751 2762 3821 Ἑκτίσθη
2811 3750 2877 3803 τὰ
2912 3752 3091 3805 πάντα
3121 3752 3190 3805 τά
3216 3770 3277 3805 τε
3321 3755 3381 3805 ἐν
3412 3753 3529 3813 τοῖς
3571 3748 3667 3800 οὗ·

381 3831 587 3887 l'actum
629 3844 714 3890 est
736 3838 826 3892 ⁸⁸⁸.
873 3858 892 3890 ι
2069 3847 2249 3915 ρανοῖς
2283 3844 2376 3899 καὶ
2403 3845 2471 3898 τὰ
2508 3845 2599 3897 ἐπὶ
2624 3844 2724 3914 τῆς
2757 3842 2881 3912 γῆς.
2922 3841 3035 3895 εἴτε
3063 3844 3252 3915 ὁρατὰ,
3292 3843 3406 3897 είτε
3433 3843 3666 3915 ἀόρατα,

377 3922 487 3976 εἴτε
517 3924 716 3995 θρόνοι,
764 3929 876 3983 εἴτε
916 3932 1258 4004 κυριότητες,
1299 3931 1409 3985 εἴτε
1439 3932 1627 4003 ἀρχαὶ,
1672 3933 1780 3988 εἴτε
1824 3931 2100 3998 ἐξουσίαιο
2162 3937 2232 3993 τὰ
2269 3939 2447 3994 πάντα
2478 3940 2546 3994 δι’
2585 3942 2749 3996 αὑτοῦ
2786 3943 2880 3996 καὶ
2913 3943 2971 3997 ἐν
3017 3943 3166 4013 αὐτῷ
3242 3942 3508 3995 ἔκτισταιο
3567 3942 3664 3993 καὶ

376 4019 547 4090 χωρίς
571 4021 735 4075 αὑτοῦ
776 4023 994 4092 ἐγένετο
1025 4025 1146 4078 οὐδὲ
1171 4025 1249 4078 ἓν.
1291 4044 1309 4077 ι

449 4110 574 4165 Haec
619 4121 807 4167 nostra
837 4114 891 4167 in
916 4112 1165 4169 Psalmos
1195 4114 1530 4183 explanatio.
1560 4111 1691 4167 Post
1729 4112 1951 4167 brevius

2144 4110 2381 4166 Γοσαῦτα
2426 4113 2525 4184 μὲν
2547 4113 2610 4185 δὴ
2640 4113 2710 4168 τὰ
2743 4116 2853 4170 ἀπὸ
2881 4116 2990 4170 τῶν
3019 4117 3298 4189 Ψαλμῶν·
3340 4121 3572 4193 μετρίαν
3604 4120 3660 4176 Gs

372 4210 430 4259 et
462 4206 742 4274 proposito
763 4206 1017 4261 idoneum
1046 4207 1439 4270 summarium,
1471 4214 1697 4261 cmteras
1724 4207 1778 4260 in
1821 4222 1888 4276 po

2142 4203 2418 4275 ιαύτάρκη
2446 4203 2540 4257 τοῦ
2565 4205 2720 4274 λόγου
2754 4209 3103 4280 περιγραφὴν
3126 4209 3433 4279 εἰληφότος,
3466 4210 3529 4276 ἐξ
3547 4212 3658 4265 ἐτέ-

371 4293 515 4349 ticos
552 4293 747 4361 libros,
778 4297 1063 4369 primoque
1089 4298 1146 4352 in
1176 4297 1469 4368 prophetas
1497 4297 1717 4367 eclogas
1751 4311 1887 4368 aggr‘

2140 4311 2161 4356 ς
2193 4294 2367 4364 ἀρχῆς
2400 4294 2498 4358 τὰς
2544 4295 2652 4347 ἀπὸ
2682 4295 2790 4349 τῶν
2822 4296 3023 4351 λοιπῶν
3067 4299 3344 4369 στιχηρῶν
3384 4302 3482 4353 καὶ
3530 4301 3656 4372 ἑξῆς

371 4384 608 4443 diemur.
2055 4383 2155 4451 τὰς
2184 4387 2293 4439 ἀπὸ
2314 4386 2421 4440 τῶν
2453 4388 2747 4459 προφητῶν
2781 4389 3011 4459 ἐκλογὰς
3045 4392 3409 4462 ποιησόμεθα.

369 4685 545 4761 11έὲζῖ
566 4686 1879 4761 ιένῖξιζτζο-ΡΒΟΡΗΕΠΟΑΒΠΜΡΕΟΗΒ

2143 4690 2227 4742 ΔΕ
2273 4690 2606 4743 ΕΝΕΣΤΙΝ
2653 4692 2758 4744 ΕΝ
2811 4693 2894 4759 Τῼ
2934 4692 2998 4743 Γ¹
3039 4693 3227 4761 ΤΟΜῼ
3281 4695 3425 4745 ΤΩΝ
3463 4696 3649 4751 ΠΕΡΙ

400 4754 542 4815 STO
582 4756 1026 4814 ECLOGARUM
1064 4760 1286 4816 ιωηο
1326 4759 1900 4817 CONTINENTUR.

2139 4763 2223 4814 ΤΟ
2237 4762 2281 4812 Υ
2316 4761 2586 4813 ΧΡΙΣΤο
2600 4762 2647 4813 Υ
2679 4754 3164 4815 ΠΡΟΦΗΤΙΚΩΝ
3191 4754 3347 4817 ἘΚΛ
3357 4766 3573 4818 υΓΩΝ.

962 4875 1005 4928 Ε
1035 4875 1361 4930 Proverbiis.

2504 4872 2648 4926 Ἀπὸ
2681 4870 2801 4926 τῶν
2836 4871 3190 4942 Παροιμιῶν.

366 4984 446 5039 De
482 4984 580 5040 Dei
610 4984 792 5041 .Verbo
825 4988 980 5047 quasi
1006 4987 1070 5040 de
1094 4986 1364 5056 Sapientia
1385 4986 1815 5041 substantialiter
1846 5004 1882 5041 ε.

2124 4984 2180 5053 ρὶ
2211 4985 2341 5056 τοῦ⁸
2372 4982 2520 5037 Θεοῦ
2550 4984 2746 5056 Acron
2777 4985 2866 5056 ὡς
2897 4985 3034 5056 περί
3069 4986 3297 5053 Συρίας
3328 4987 3640 5055 οὐσιωδῶς

434 5057 648 5109 sistente
668 5067 714 5110 et
752 5066 871 5111 ante
894 5057 1091 5130 stecula
1120 5052 1292 5130 a'Deo
1310 5071 1514 5130 creata,
1543 5058 1854 5130 diversaque
1873 5057 1939 5111 ab

2121 5052 2475 5130 bsceqtdianc
2508 5053 2608 5130 {ea}
2640 5052 2753 5123 πρὸ
2797 5053 2915 5106 τῶν
2939 5052 3454 5130 ἀζώνωνίῠπόᾐτοῦ
3487 5052 3637 5113 Θεοῦ

430 5141 511 5192 eo,
547 5136 597 5181 et
629 5142 748 5179 cum
771 5144 830 5181 eo
858 5128 1115 5181 universis
1144 5128 1296 5182 rebus
1331 5128 1653 5182 consulente.
1767 5121 1778 5130 ’

2119 5121 2463 5194 κτισθείσης
2502 5121 2710 5194 ἐτέρας
2750 5141 2814 5176 τε
2859 5124 2994 5193 παρ’
3037 5125 3227 5178 αὑτὸν
3264 5126 3493 5194 οὔσης,
3537 5130 3635 5182 καὶ

2112 5194 2235 5247 σὺν
2263 5191 2423 5257 αὐτῷ
2452 5191 2571 5244 τῶν
2603 5193 2762 5246 ὅλων
2787 5191 3221 5262 ἐπιμελόμενος
3251 5196 3394 5264 (sic).

428 5281 506 5336 De
538 5282 750 5338 Christo
781 5286 936 5356 quasi
953 5284 1103 5357 Regis
1131 5284 1273 5341 Filio
1295 5298 1343 5341 et
1368 5288 1432 5341 de
1450 5289 1564 5354 eius
1596 5289 1873 5356 apostolis.

2113 5283 2180 5352 :pl
2225 5283 2354 5357 τοῦ.
2380 5282 2637 5357 Χριστοῦ
2671 5283 2764 5357 ⁸ὡς
2803 5283 2935 5357 περὶ
2989 5284 3128 5357 ὶςὶοῦ
3176 5286 3491 5351 Βασιλέως
3533 5286 3629 5341 ml

2109 5351 2239 5421 περὶ
2282 5351 2401 5405 τῶν
2444 5353 2804 5406 ἀποστόλων
2847 5353 3057 5408 αὑτοῦ.

358 5433 434 5490 De
464 5433 676 5513 Christo
708 5441 861 5513 quasi
888 5440 1020 5513 viro,
1046 5450 1097 5513 et
1142 5441 1206 5495 de
1245 5443 1359 5509 eius
1383 5445 1439 5513 in
1464 5444 1619 5499 caelos
1653 5444 1874 5499 ascensu

2105 5442 2178 5511 api
2205 5440 2311 5495 τοῦ
2339 5440 2611 5513 ,Χριστοῦ
2639 5441 2721 5504 ὡς
2772 5441 2907 5509 περὶ
2953 5441 3338 5513 ἀνδρὸς-,ᾐκιιί
3380 5444 3494 5513 τῆς
3538 5446 3621 5513 εὶς

425 5521 489 5559 ne
518 5520 536 5558 :
562 5505 626 5560 de
662 5505 894 5577 gentium
921 5505 1308 5569 dominatione.
1383 5508 1388 5513 ’

2105 5505 2408 5580 οὐρανοὺς(
2424 5509 2773 5574 ἀναϐάσεως
2792 5505 2979 5565 αὑτοῦ
2995 5528 3008 5541 ’
3034 5505 3132 5565 zeal
3151 5505 3269 5583 τῆς
3291 5514 3413 5568 τῶν
3435 5505 3618 5570 ἓθνῶὖ

2105 5578 2617 5645 κατακρατήσεως.

2288 5596 2617 5650 ρατησεως.

433 5720 483 5753 ⁸⁸
499 5718 935 5798 Ρεο1.οιι.γιι,4.
1010 5728 1219 5786 "Psal.
1254 5736 1557 5804 cxr.vm,l,
1597 5736 1649 5791 5.
1726 5739 1771 5770 "
1804 5688 1935 5793 ibid.

2091 5736 2293 5794 "Psal.
2330 5754 2512 5803 xxxii,
2552 5739 2605 5794 9.
2683 5738 3146 5805 "Coloss;t,l6.
3236 5739 3478 5799 "'Joan.
3500 5742 3607 5806 1,3.
