3840 6222
210 318 357 375 ΗΠ

621 433 753 488 Ἀπὸ
780 434 887 489 τοῦ
916 435 1416 504 Ἐκκλησιαστοῦ.

208 525 357 596 Περὶ
400 525 509 602 τοῦ
548 527 818 602 Χριστοῦ
840 528 921 593 ὡς
958 528 1090 602 περὶ
1139 531 1401 602 πένητος
1437 532 1661 602 σοφοῦ·
1710 531 1808 585 καὶ

290 597 429 667 περὶ
472 597 578 651 τοῦ
619 596 903 652 διαϐόλου
948 600 1047 653 καὶ
1087 601 1194 655 τοῦ
1232 596 1661 672 Ἀντιχρίοῖτου.

207 688 357 758 Περὶ
405 688 800 763 τοῦᾲΧριστοῦ
839 691 920 755 ὠς
968 690 1101 763 περὶ
1141 692 1403 763 πένητος
1434 694 1632 763 σοφοῦ
1656 710 1669 723 ⁸
1708 692 1809 747 καὶ

284 760 422 830 περὶ
446 759 554 814 τοῦ
582 760 886 826 διαϐόλου,
916 761 1014 816 καὶ
1042 759 1174 831 περὶ
1200 762 1313 833 τῆς
1355 759 1734 833 Ἐκκλησίας.

700 873 833 927 Ἀπὸ
866 875 973 928 τοῦ
1006 876 1329 946 Ι’ᾼσματος.

208 964 359 1038 Περὶ
380 965 488 1038 τοῦ
526 965 784 1034 Χριστοῦ
806 966 905 1038 ,ὡς
931 968 1063 1036 περὶ
1096 970 1383 1038 νυμφίου,
1424 968 1521 1023 καὶ
1546 968 1657 1037 τῆς
1688 967 1810 1038 τῶν

285 1037 488 1108 ᾁτίων,
521 1037 888 1103 Ἐκκλησίας
935 1038 1016 1104 ὡς
1055 1037 1315 1108 νύμφης,
1364 1040 1461 1093 καὶ
1507 1041 1641 1108 περὶ
1689 1037 1811 1095 τῶν

286 1107 361 1160 ἐν
389 1105 517 1172 τοῖς
538 1109 744 1171 τόποις
787 1105 1311 1179 ἐπικεκρυμμένων
1329 1105 1697 1181 μυστηρίων.

783 1216 919 1271 Ἀπὸ
947 1218 1057 1272 τοῦ
1104 1216 1242 1272 Ἰὼϐ.

212 1307 361 1377 Περὶ
392 1307 501 1362 τοῦ
526 1306 785 1376 Χριστοῦ
812 1308 894 1372 ὠς
916 1307 1439 1377 περιπατήσαντος
1467 1308 1568 1362 ἐπὶ
1594 1307 1810 1365 θαλάτ-

285 1396 422 1447 της,
452 1378 552 1432 καὶ
584 1378 648 1431 τὸ
684 1377 835 1448 μέγα
865 1377 1050 1447 κῆτος
1071 1379 1537 1449 χειρωσαμένου.

212 1469 361 1539 Περὶ
404 1466 516 1536 τῆς
558 1470 646 1532 είς
682 1466 793 1521 τὸν
844 1468 1039 1539 ᾍδην
1075 1470 1183 1523 τοῦ
1220 1470 1480 1538 Χριστοῦ
1525 1470 1805 1526 καθόδου.

213 1560 304 1634 (F.
322 1561 488 1687 νο)
508 1560 649 1629 Περὶ
674 1559 786 1629 τῆς
806 1560 914 1616 τοῦ
938 1561 1220 1616 διαϐόλου
1249 1562 1400 1631 πρὸς
1425 1563 1534 1619 τὸν
1552 1563 1813 1633 Χριστὸν

290 1646 338 1685 π
422 1650 517 1700 ης.

761 1744 895 1799 Ἀπὸ
928 1743 1034 1797 τοῦ
1073 1744 1269 1813 Ὠσηέ.

397 1837 537 1906 Περὶ
574 1837 681 1892 τοῦ
714 1837 973 1907 Χριστοῦ
1006 1838 1087 1903 ὡς
1122 1837 1256 1907 περὶ
1300 1838 1629 1908 πανθῆρος.

217 1928 363 1998 Περὶ
392 1928 506 1997 τῆς
530 1928 638 1983 τοῦ
680 1928 921 1998 Ἰσραὴλ
946 1928 1275 1997 ἀποϐολῆς,
1302 1929 1399 1983 καὶ
1424 1929 1537 1999 τῆς
1565 1930 1674 1985 τοῦ
1696 1931 1813 1995 βα-

289 2000 542 2071 σιλείου
564 1998 764 2053 αὐτῶν
795 2000 1250 2071 καταπαύσεως,
1282 2000 1395 2069 τῆς
1433 2018 1498 2054 τε
1539 2001 1648 2056 τοῦ
1676 2005 1812 2071 Χρι-

291 2070 447 2124 στοῦ
484 2069 556 2135 ἐξ
587 2071 892 2141 Αἰγύπτου
914 2069 1364 2139 μετακλήσεως.

231 2163 333 2229 Ὦς
374 2166 408 2217 ό
450 2162 594 2228 Θεὸς
636 2163 828 2234 Λόγος
884 2163 1031 2231 Θεὸς
1087 2163 1537 2234 ὀνομαζόμενος,
1594 2166 1814 2234 Κύριον

304 2234 591 2303 ὁμολογεῖ
610 2232 721 2287 τὸν
731 2232 996 2303 Πατέρα.

765 2348 900 2402 Ἀπὸ
933 2349 1040 2403 τοῦ
1078 2348 1276 2419 Ἇμῶς.

235 2437 338 2503 Ὠς
366 2439 400 2490 ό
424 2436 592 2510 Θεὸς
629 2440 831 2510 Λόγος
873 2441 1092 2508 Κύριος
1133 2437 1566 2510 ὀνομαζόμενος
1608 2438 1815 2510 ἕτερον

297 2508 436 2577 παρ’
467 2508 686 2562 ἑαυτὸν
724 2506 879 2564 εἶναι
905 2506 1013 2564 τὸν
1040 2506 1275 2580 Πατέρα
1303 2506 1598 2565 διδάσκει.

210 2597 367 2669 Περὶ
393 2596 507 2667 τῆς
541 2601 629 2664 είς
655 2598 1009 2668 ἀνθρώπους
1035 2599 1355 2669 ἐπιδημίας
1381 2599 1489 2654 τοῦ
1528 2598 1811 2669 Χριστοῦ.

726 2715 861 2769 Ἀπὸ
895 2714 1003 2770 τοῦ
1040 2714 1316 2769 Ἆϐδειοῦ.

232 2804 336 2871 Ὠς
362 2807 396 2858 ό
429 2803 574 2870 Θεὸς
603 2806 795 2873 Λόγος
830 2806 1047 2873 Κύριος
1074 2805 1171 2860 καὶ
1213 2803 1359 2871 Θεὸς
1386 2800 1817 2874 ὀνομαζόμενος

295 2874 619 2944 ἀκηκοέναι
648 2877 783 2929 τινὰ
819 2876 982 2945 παρὰ
1027 2876 1245 2945 Κυρίου
1300 2874 1598 2946 ὁμολογεῖ.

773 2990 907 3045 Ἀπὸ
954 2990 1062 3045 τοῦ
1103 2989 1283 3046 Ἰωνᾶ.

1244 321 1541 381 ECLOGA]
1577 322 2064 382 PROPHETICE.
2103 356 2174 366 —
2202 324 2334 381 LIB.
2375 324 2461 381 Ill.

1838 447 1886 505 A

3353 325 3492 383 HIS

2447 439 2532 494 En:
2556 437 2956 496 Ecclesiastico.

1911 529 2228 656 De‘CIhrisfo
2257 533 2414 604 quasi
2444 533 2591 601 inopi
2619 533 2855 602 sapiente
2898 549 2916 586 :
2950 530 3014 586 de
3049 529 3264 587 diabolo
3288 537 3342 587 et
3378 529 3494 584 An-

2006 618 2053 656 ic
2092 619 2166 656 ris
2194 619 2246 656 ο.
3349 636 3357 643 ~

2006 618 2246 658 ιεηνιειο.
3349 636 3357 643 ~

1910 692 1989 748 De
2014 691 2235 819 [Christo
2257 694 2412 763 quasi
2436 694 2579 764 inopi
2616 695 2854 766 sapiente
2886 711 2905 751 :
2932 693 2998 748 de
3042 692 3256 749 diabolo
3282 700 3334 748 et
3390 690 3494 745 Ec-

1984 781 2010 818 c
2034 781 2166 819 esia.

1984 781 2166 820 ειεειίι.

2544 876 2590 931 Ε
2614 876 2859 933 Cantica.

1910 965 1991 1021 De
2020 967 2234 1024 Christo
2262 969 2418 1038 quasi
2460 984 2672 1037 sponso,
2704 979 2754 1024 et
2803 968 2866 1022 de
2908 978 3215 1024 sanctorum
3251 965 3494 1022 Ecclesia

1980 1040 2137 1121 quasi
2183 1055 2400 1109 sponsa,
2431 1040 2496 1094 de
2524 1040 2850 1095 absconditis
2880 1040 2936 1094 in
2967 1040 3065 1095 hoc
3121 1039 3257 1092 libro
3298 1047 3494 1110 myste-

1983 1125 2101 1163 τιιδ.

2590 1219 2672 1274 Ex
2724 1219 2849 1276 Job.

1912 1309 1990 1365 De
2014 1310 2227 1367 Christo
2265 1313 2421 1383 quasi
2449 1327 2607 1381 super
2635 1328 2784 1367 mare
2804 1311 3111 1367 ambulante
3154 1319 3206 1366 et
3245 1324 3493 1383 magnum

1982 1392 2089 1436 cete
2121 1383 2439 1439 devincente.
3102 1404 3107 1407 ·

1910 1472 1991 1527 De
2026 1472 2229 1528 Christi
2251 1475 2305 1526 in
2336 1473 2603 1543 infernum
2631 1472 2905 1529 descensu.

1912 1564 1990 1618 De
2017 1563 2222 1619 diaboli
2258 1565 2316 1618 in
2348 1563 2621 1621 Christum
2652 1567 2960 1623 certamine.

2562 1747 2647 1802 Eae
2687 1747 2841 1804 Osee.

1843 1804 1884 1859 Β
1914 1839 1993 1895 De
2021 1840 2233 1895 Christo
2257 1842 2413 1913 quasi
2434 1842 2713 1911 panthera.

1912 1930 2211 2002 Deilsrael
2255 1934 2496 2002 repudio.
2529 1933 2594 1987 de
2615 1933 2763 2002 regni
2802 1949 2983 1988 eorum
3027 1934 3313 1999 eversione,
3344 1940 3397 1989 et
3433 1932 3498 1988 de

1984 2001 2188 2058 Christi
2213 2019 2279 2058 ea:
2308 2001 2543 2075 rEgypm
2574 2001 2925 2059 revocatione.

1915 2159 2194 2227 Quomodo
2229 2159 2367 2215 Deus
2422 2159 2652 2216 Verbum
2683 2162 2821 2217 Deus
2852 2161 3160 2216 nominatus
3209 2160 3498 2215 Dominum

1984 2242 2133 2289 uocat
2160 2231 2396 2287 Patrem.

2554 2345 2640 2400 Ex
2669 2346 2854 2402 Amos.

1916 2438 2195 2506 Quomodo
2226 2438 2364 2494 Deus
2409 2439 2636 2495 Verbum
2664 2440 2926 2494 Dominus
2977 2440 3284 2496 nominatus
3331 2439 3500 2497 otium

1985 2527 2049 2564 ac
2077 2526 2132 2565 se
2157 2527 2270 2565 esse
2304 2513 2521 2565 Patrem
2551 2514 2720 2566 docet.

1915 2602 1995 2658 De
2020 2600 2223 2659 Christi
2255 2602 2398 2672 apud
2431 2602 2666 2657 homines
2690 2603 3124 2658 commoratione.

2555 2716 2641 2770 Ea:
2676 2716 2871 2773 Abdia.

1920 2809 2197 2879 Quomodo
2235 2808 2372 2863 Deus
2409 2807 2635 2862 Verbum
2675 2808 2931 2879 Dominus
2973 2816 3022 2860 et
3074 2806 3215 2860 Deus
3252 2806 3504 2879 nomina-

1991 2893 2096 2950 tus,
2119 2879 2307 2935 audita
2335 2880 2501 2949 fuisse
2526 2880 2771 2947 qutedam
2800 2896 2832 2932 a
2866 2878 3096 2932 Domino
3129 2877 3431 2948 conﬁtetur.

2519 3043 2522 3047 .
2592 2991 2643 3046 E
2664 2992 2826 3047 Jona.

238 3082 353 3157 Ὡς.
375 3081 414 3149 ἠ
449 3081 580 3157 περὶ
623 3082 733 3157 τὸν
772 3081 973 3157 ’Ῑωνᾶν
1013 3084 1339 3157 οἰκονομία
1360 3081 1427 3157 τὸ
1475 3078 1667 3148 πάθος
1707 3082 1815 3138 τοῦ

1946 3088 2200 3157 Quomodo
2228 3086 2383 3143 Jome
2410 3087 2636 3141 historia
2669 3084 2871 3157 Christi
2891 3086 3192 3153 passionem
3224 3085 3442 3156 ejusque
3470 3100 3504 3138 α

300 3147 583 3224 Χριστοῦ,
628 3152 729 3206 καὶ
768 3152 883 3221 τὴν
919 3155 990 3207 ἐκ
1034 3147 1263 3223 νεκρῶν
1310 3147 1655 3210 ἀνάστασιν
1704 3170 1817 3224 ση-

1946 3147 1964 3157 ’
1992 3162 2215 3214 mortuis
2246 3159 2682 3214 resurrectionem
2713 3147 2933 3211 indicat.

296 3223 520 3295 μαίνει.

753 3332 888 3388 Ἀπὸ
916 3334 1025 3388 τοῦ
1057 3334 1302 3404 Μιχαία.

230 3422 374 3492 Περὶ
414 3422 526 3497 τῆς
563 3422 849 3497 δευτέρας
884 3426 992 3480 τοῦ
1032 3426 1290 3495 Χριστοῦ
1332 3428 1692 3497 παρουσίας,
1738 3426 1822 3494 ὡς

302 3494 436 3563 περὶ
465 3496 707 3563 Κυρίου.

232 3584 509 3659 Περὶ-τῆς
532 3586 962 3659 -τοῦλπροτέρου
990 3588 1144 3644 λαοῦ
1174 3588 1270 3642 καὶ
1304 3588 1415 3658 τῆς
1450 3589 1686 3659 Ἰσραὴλ
1720 3589 1821 3644 καὶ

303 3604 373 3654 ξρι
399 3604 509 3654 της
541 3604 648 3641 του
673 3604 962 3710 προτεὲου
990 3604 1144 3644 λαου
1174 3604 1270 3642 και
1304 3606 1415 3658 της
1454 3604 1686 3659 Ἰσραὴλ
1720 3604 1821 3644 και

303 3656 414 3731 τοῦ
454 3655 605 3731 Σιὼν
632 3656 810 3731 ὄρους
866 3659 1106 3731 ρημίας,
1140 3660 1240 3731 καί
1281 3661 1413 3728 περὶ
1455 3660 1567 3728 τῆς
1609 3662 1822 3730 ἐπιφα-

306 3726 473 3800 νείας
500 3728 607 3800 τοῦ
638 3728 897 3796 Χριστοῦ
925 3726 1167 3800 ὧςμπερὶ
1199 3726 1397 3800 ὄρους,
1429 3726 1685 3799 καὶπερὶ
1710 3726 1823 3800 τῆς

305 3794 426 3872 τῶν
449 3796 639 3872 ἐθνῷν
664 3794 1061 3872 προσαγωγῆς
1078 3794 1242 3872 (καί
1255 3794 1365 3855 τοῦ
1385 3794 1607 3856 ίκαινοῦ
1622 3794 1821 3872 νόμόυ

305 3867 413 3922 τοῦ
446 3867 599 3922 κατὰ
634 3867 751 3937 τὴν
774 3867 994 3937 καινὴν
1021 3870 1341 3939 Διαθήκην.

235 3957 697 4048 Περί-Αῃθλεὲμ
733 3960 847 4048 ναξ
900 3959 1043 4048 τῆς.
1067 3961 1157 4040 ἐν.
1188 3960 1343 4048 αὑτῇ
1401 3964 1532 4048 τοῦ.
1560 3964 1822 4048 Χριστοῦ

305 4029 632 4169 ἷὲινέἕεὲςο
680 4030 778 4084 καὶ
815 4032 897 4098 ὡς
936 4032 1050 4100 πρὸ
1083 4030 1203 4087 τῶν
1241 4029 1472 4088 αἰώνων
1498 4037 1532 4089 ό
1566 4029 1824 4104 Χριστὸς

472 4118 511 4170 χ
587 4139 601 4153 .

708 4211 845 4266 Ἀπὸ
888 4191 994 4266 τοῦ
1038 4213 1294 4282 Σοφονίε
1304 4232 1360 4269 ι·.

238 4298 383 4371 Περί
399 4299 512 4368 τῆς
545 4299 942 4371 ἀναστάσεως
971 4300 1079 4355 τοῦ
1111 4301 1395 4369 Χριστοῦ,
1426 4300 1524 4356 καὶ
1562 4300 1692 4371 περὶ
1713 4300 1827 4371 τῆς

310 4368 430 4425 τῶν
459 4368 651 4451 ἐθνῶν
695 4370 990 4439 κλήσεως.

743 4481 878 4535 Ἀπὸ
912 4481 1017 4536 τοῦ
1041 4482 1328 4552 Ζαχαρία.

251 4573 344 4645 ’.Ως
373 4574 407 4627 ό
432 4572 574 4639 Θεὸς
612 4573 803 4645 Λόγος
835 4573 1054 4643 Κύριος
1091 4573 1516 4645 παντοκράτωρ
1540 4572 1825 4645 όνομαζό-

256 4643 284 4650 "
304 4660 491 4715 μενος
520 4643 641 4715 ὑπὸ
674 4644 899 4711 Κυρίου
943 4643 1426 4714 παντοκράτορος
1456 4643 1565 4699 τοῦ
1595 4644 1827 4714 Πατρός

307 4712 682 4770 ἀπεστάλθαι
711 4715 896 4785 λέγει.

253 4808 401 4878 Ὠςίό
428 4806 573 4872 Θεὸς
605 4808 797 4877 Λόγος
819 4808 1034 4877 Κύριος
1058 4806 1491 4878 ὀνομαζόμενος
1526 4807 1699 4875 ἥξειν
1728 4806 1828 4861 ἐπὶ

308 4877 426 4946 τὴν
468 4878 856 4949 Ἰερουσαλὴμ
890 4877 1172 4948 προλέγει
1206 4879 1280 4932 τὰ
1313 4879 1460 4949 ἔθνη
1500 4879 1595 4932 ἐπ’
1639 4878 1830 4933 αὑτὸν

307 4947 786 5021 καταφεύξεσθαι
811 4947 1273 5021 ἀπεσταλμένον
1294 4947 1650 5018 ὐπὸΚυρίου
1679 4964 1830 5002 παν-

309 5018 688 5090 τοκράτορος.

244 5111 521 5185 Περὶᾼτοῦ
553 5111 811 5185 Χριστοῦ
851 5113 933 5185 ᾡς
961 5109 1111 5185 ’περὶ
1147 5112 1342 5185 Ἰησοῦ
1375 5113 1483 5167 τοῦ
1521 5111 1824 5185 ’Ῑωσεδέκζ

312 5181 413 5238 imi
458 5182 546 5238 ὅτι
578 5181 947 5253 ἀὺτὸςάνὴρ
990 5182 1272 5253 Ἀνατολὴ
1302 5183 1490 5253 ὄνομα
1521 5181 1699 5248 αὐτῷ,
1728 5182 1825 5237 καὶ

227 5292 236 5359 ἰ
313 5253 448 5323 περὶ
484 5254 596 5326 τῆς
624 5252 946 5323 οἰκοδομῆς
972 5252 1086 5321 τῆς
1131 5252 1511 5322 Ἑκκλησίας.

231 5345 382 5418 inept
409 5349 516 5405 τοῦ
541 5348 799 5418 Χριστοῦ
823 5347 906 5418 ὡς
938 5346 1077 5418 περί
1103 5345 1414 5418 Βασιλέως
1445 5346 1704 5414 ἥξοντος
1729 5345 1828 5418 ἐπὶ

231 5406 242 5466 δ
311 5406 614 5494 ὗποζυγίρξ
630 5419 729 5494 καὶ
753 5406 951 5494 πρλὶρ,
986 5406 1096 5494 οἷαί
1115 5406 1694 5494 ρλοθρεύσοντοςτὸ
1719 5415 1831 5494 πά-

310 5493 415 5543 λαι
448 5486 658 5544 οὶᾶιοῦν
683 5491 754 5545 έν
796 5486 1189 5557 Ἰερουσαλὴμ
1234 5486 1353 5541 τῶν
1403 5487 1693 5541 1ουδαίων
1731 5491 1830 5557 ίπ-

312 5560 495 5625 πικόν
553 5577 616 5613 τε
663 5559 763 5614 καὶ
814 5555 1162 5613 όπλιτικόνλ
1220 5558 1318 5612 καὶ
1366 5557 1501 5626 περὶ
1543 5556 1655 5628 τῆς
1710 5555 1831 5611 τῶν

312 5627 507 5683 ἐθνῶν
541 5630 748 5705 είρήνη
755 5649 805 5695 ς.

259 5719 351 5784 Ὠς
382 5722 422 5791 ό
464 5718 609 5786 Θεὸς
639 5722 830 5791 Λόγος
865 5720 1081 5789 Κύριος
1113 5718 1564 5791 ὀνομαζόμενος,
1607 5719 1830 5789 Κυρίου

316 5789 424 5847 τοῦ
470 5791 700 5859 Πατρὸς
733 5789 1046 5860 μέμνηται.

1855 4509 1902 4565 D

2550 3333 2601 3388 E
2628 3333 2681 3388 Μ
2691 3334 2880 3390 ichwa.

1919 3427 1999 3484 De
2025 3427 2253 3484 secundo
2278 3428 2479 3484 Christi
2502 3426 2749 3490 adventu,
2779 3426 2936 3498 quasi
2970 3424 3217 3482 Domino.

1922 3592 2000 3649 De
2038 3599 2204 3647 vetere
2232 3591 2445 3662 populo.
2486 3590 2551 3643 de
2596 3587 3120 3662 Israel,_montisque
3152 3585 3282 3662 Sion
3314 3583 3507 3662 solitu-

1993 3664 2136 3723 dine.
2170 3657 2242 3716 de'
2276 3657 2710 3730 manifestatione
2768 3660 2970 3730 Christi
3019 3657 3174 3729 quasi
3205 3657 3423 3730 montis,
3451 3662 3503 3708 et

1992 3735 2058 3788 de
2085 3733 2319 3805 gentium
2346 3726 2721 3796 institutione;
2756 3729 2820 3785 de
2860 3746 2995 3784 nova
3032 3726 3146 3800 lege
3176 3736 3227 3781 et
3264 3726 3331 3782 de
3372 3741 3504 3780 nouo

1996 3806 2355 3861 Testamento.

1926 3956 2004 4015 De
2035 3958 2338 4015 Bethlehem
2355 3969 2406 4015 et
2440 3963 2505 4015 de
2526 3958 2729 4016 Christi
2759 3959 2813 4012 in
2837 3975 2901 4012 ea
2933 3956 3251 4020 nativitate;
3294 3963 3345 4009 et
3370 3967 3507 4025 quo-

1995 4031 2155 4086 modo
2185 4042 2308 4086 ante
2335 4031 2536 4087 swcula
2565 4029 2812 4086 Christus
2838 4029 3152 4084 exsistebat.

2542 4205 2591 4260 E
2620 4204 2915 4275 Sophonia.

1935 4300 2014 4357 De
2042 4300 2245 4357 Christi
2271 4301 2655 4356 resurrectione
2683 4308 2733 4352 et
2754 4297 2818 4350 de
2849 4295 3084 4366 gentium
3107 4294 3402 4349 vocatione.

2540 4474 2584 4529 E
2608 4474 2900 4531 Zacharia.

1931 4570 2206 4640 Quomodo
2228 4572 2396 4627 Deum
2431 4571 2653 4627 Verbum
2679 4571 2963 4624 Dominum
2990 4569 3394 4640 omnipotentem
3418 4583 3510 4621 no-

2001 4646 2283 4704 minatum.
2324 4661 2359 4698 a
2392 4644 2619 4698 Domino
2673 4642 3025 4710 omnipotente
3077 4638 3244 4694 Patre
3293 4639 3511 4694 missum

1890 4776 1894 4779 _
1995 4715 2161 4784 fuisse
2189 4715 2337 4770 dicit.

1931 4806 2210 4873 Quomodo
2240 4807 2381 4862 Deus
2420 4807 2645 4860 Verbum
2672 4806 2928 4861 Dominus
2957 4806 3287 4873 nominatus,
3332 4808 3510 4857 ventu-

2002 4895 2120 4932 rum
2142 4895 2255 4932 esse
2285 4879 2352 4931 ad
2382 4877 2682 4932 Jerusalem
2713 4876 2975 4947 praedicit,
3002 4884 3177 4947 gentes
3219 4872 3289 4928 ad
3335 4874 3511 4943 ipsum

2003 4966 2057 5004 se
2081 4966 2420 5004 concessuros
2457 4953 2679 5003 missum
2713 4946 2745 5002 a
2781 4946 3013 5001 Domino
3036 4946 3409 5015 omnipotente.

1930 5106 2010 5162 De
2039 5108 2250 5165 Christo
2280 5110 2434 5179 quasi
2462 5108 2592 5163 Jesu
2622 5108 2741 5179 [ilio
2758 5106 2980 5162 Josedec
2996 5122 3016 5172 ,'
3045 5114 3093 5179 et
3114 5104 3256 5179 quod
3282 5106 3393 5173 ipse
3434 5103 3512 5159 uir

2005 5180 2195 5237 Oriens
2221 5177 2408 5235 nomen
2435 5181 2503 5246 ei,
2529 5179 2664 5233 etde
2698 5178 2949 5234 Ecclesia:
2979 5177 3351 5247 wdiﬁcatione.

1933 5343 2011 5400 De
2037 5344 2252 5401 Christo
2298 5343 2453 5414 quasi
2482 5341 2617 5412 Rege
2667 5350 2881 5397 venturo
2931 5341 3082 5414 inea
3115 5356 3235 5410 qua:
3265 5337 3361 5393 sub
3387 5337 3512 5414 jugo

2001 5428 2080 5471 est
2112 5427 2161 5469 et
2193 5417 2247 5469 in
2275 5410 2422 5482 pullo
2450 5410 2587 5484 ejus,
2623 5424 2673 5467 et
2698 5429 2941 5467 eversuro
2969 5410 3303 5484 ,ίιιιίιιθονιιιηΔ
3322 5410 3512 5484 equites

2001 5497 2051 5541 et
2081 5478 2317 5540 armatos
2345 5486 2435 5555 qui
2462 5478 2592 5539 olim
2637 5484 2951 5539 habitabant
2992 5484 3049 5536 in
3081 5480 3425 5546 Jerusalem;
3453 5478 3511 5534 ds

2002 5573 2130 5627 pace
2151 5557 2406 5628 gentium.

1936 5715 2212 5786 Quomodo
2238 5714 2380 5770 Deus
2431 5713 2656 5769 Verbum
2687 5712 2943 5770 Dominus
2977 5713 3308 5779 nominatus,
3333 5708 3506 5765 Domi-

2006 5805 2134 5844 num
2164 5787 2385 5844 Patrem
2409 5786 2670 5841 meminit.
