3826 6216
163 304 300 359 H3!

1147 303 1440 361 ECLOGA?
1481 303 1965 362 PROPHETlCiE.
2006 338 2075 347 —
2114 305 2241 362 LlB.
2283 305 2372 364 ῐῐΙ.

3307 307 3448 360 “'22

162 417 274 470 τῶν
314 416 579 472 ἀνέκαθεν
610 418 909 490 προφητῶν
951 418 1050 482 τὰς
1096 421 1225 491 περὶ
1252 421 1418 474 αὑτοῦ
1453 424 1750 493 πιστουμές

1868 423 1984 478 inde
2005 438 2116 478 non
2145 425 2420 477 immerito
2445 421 2877 492 exprobraretur
2907 419 3133 482 Iudaeis.
3161 421 3255 492 qui
3287 422 3447 477 Chri-

164 525 272 562 νων
321 507 646 572 ἀποδείξεις.
697 507 859 561 Ὅθεν
910 509 1134 573 εἰκότως
1163 511 1229 564 ἄν
1261 529 1345 574 τις
1393 513 1668 578 Ἰουδαίοις
1702 532 1759 568 τε

165 597 244 668 μὴ
274 597 367 650 τὸν
401 597 634 667 Χριστὸν
657 597 1144 670 παραδεξαμένοις,
1168 601 1262 654 καὶ
1285 603 1397 664 τοῖς
1421 603 1521 665 τὰς
1548 620 1762 674 προφη-

160 693 320 752 τείας
367 688 624 742 ἀθετοῦσι
651 688 1002 760 αἱρεσιώταις
1029 692 1446 762 καταμέμψοιτο
1493 696 1572 757 εἰς
1627 695 1760 748 ἀσύ-

161 797 342 834 στατα
371 781 858 852 περιτρεπομένοις
878 799 892 811 ·
917 785 967 835 οἱ
999 784 1096 852 μὲν
1117 783 1225 854 γὰρ
1244 784 1318 847 Co;
1340 784 1475 837 Θεοῦ
1499 785 1598 849 τὰς
1629 803 1762 858 προ-

159 873 399 945 φητείας
428 874 839 944 ἀποδεχόμενοι,
870 874 1070 937 ταύτας
1109 875 1325 945 ψευδεῖς
1367 877 1761 947 ἀπελέγχουσιν

159 963 382 1027 ἀτελεῖς
410 965 577 1028 αὑτὰς
600 964 1041 1028 καταλείποντες,
1069 966 1152 1018 ὅτι
1185 965 1258 1036 μὴ
1282 966 1383 1029 τὰς
1413 969 1492 1030 είς
1519 967 1607 1020 τὸν
1631 969 1764 1038 Χρι-

161 1056 298 1108 στὸν
325 1056 543 1126 ἀποπλη
555 1055 820 1126 ρωθείσας
839 1057 950 1110 τῶν
980 1057 1326 1128 προφητειῶν
1373 1059 1628 1122 ἐκϐάσεις
1658 1054 1760 1112 οἷοί

162 1147 230 1200 τέ
259 1148 369 1200 είσι
399 1147 804 1220 παραδέξασθαι
825 1165 838 1178 ⁸
874 1152 923 1201 οἱ
955 1150 1012 1202 δὲ
1037 1151 1127 1203 τὸν
1154 1150 1386 1222 Χριστὸν
1433 1151 1759 1222 ὁμολογοῦν-

165 1255 262 1303 τες
296 1239 599 1294 ἀσύστατον
631 1242 724 1294 καὶ
752 1241 1141 1296 ἀναπόδεικτον
1162 1245 1260 1314 τὴν
1282 1246 1360 1307 εἰς
1391 1245 1555 1299 αὑτὸν
1581 1246 1760 1300 πίστιν

167 1334 515 1406 περιέπουσι,
553 1335 627 1408 μὴ
661 1338 774 1400 τοῖς
805 1335 1132 1406 θαυμασίοις
1163 1337 1257 1390 τοῦ
1284 1337 1422 1390 Θεοῦ
1457 1340 1761 1409 προφήταις

161 1425 240 1479 τὰ
257 1427 392 1498 περ).
412 1426 576 1480 αὑτοῦ
603 1429 1146 1500 προμαρτυρομένοις
1168 1429 1542 1501 συγχρώμενοι
1567 1433 1760 1502 ’ἡμεῖς

167 1518 234 1585 γέ
257 1534 362 1570 τοι·
393 1518 493 1582 τὰς
536 1518 717 1588 μέντοι
749 1520 1083 1591 προφητείας
1123 1521 1210 1574 διὰ
1245 1523 1342 1592 τῆς
1378 1521 1472 1575 τοῦ
1523 1523 1760 1595 Χριστοῦ

168 1609 499 1682 παρουσίας,
535 1610 742 1682 ταύτην
759 1612 815 1664 δὲ
842 1613 931 1666 διὰ
961 1613 1072 1666 τῶν
1095 1614 1437 1685 προφητειιῖΝ
1467 1617 1764 1687 πιστούμε-

165 1719 276 1768 vos,
316 1703 378 1756 τὸ
407 1702 574 1771 φανὸν
622 1703 716 1756 καὶ
750 1705 975 1776 στερρὸν
1025 1705 1126 1774 τῆς
1172 1705 1430 1777 ἀληθείας
1479 1707 1763 1780 ἀνεξελέγ-

163 1812 326 1860 κτοις
383 1795 688 1859 ἀποδείξεσι
743 1797 1118 1869 παριστῶμεν.
1179 1798 1364 1852 Ταῦτα
1420 1799 1518 1871 μὲν
1569 1801 1645 1865 ὡς
1699 1804 1756 1857 ὲν

167 1888 448 1960 προοιμίῳ
467 1906 480 1918 ·
511 1889 680 1958 ἴωμεν
703 1888 759 1942 δὲ
785 1890 877 1942 ἐπὶ
904 1889 963 1942 τὸ
995 1891 1377 1962 προκείμενον.

705 2003 1104 2056 ΚΕΦΑΛΑΙΟΝ
1158 2005 1240 2058 Αυ.

649 2119 781 2172 Ἄπό
815 2118 936 2172 τῶν
958 2119 1314 2188 Παροιμιῶν.

241 2233 405 2285 Πᾶσα
451 2233 548 2304 μὲν
581 2234 613 2302 ἡ
649 2232 829 2302 βίϐλος
860 2230 968 2285 τῶν
1005 2232 1324 2302 Παροιμιῶν
1357 2234 1420 2285 ἐκ
1471 2233 1763 2305 προσώπου

165 2324 431 2392 λέγεσθαι
453 2324 553 2393 τῆς
585 2324 784 2392 Σοφίας
807 2323 970 2391 ἔοικε,
998 2325 1072 2395 πῆ
1106 2325 1206 2394 μὲν
1239 2326 1330 2378 τὸν
1366 2326 1554 2396 ἠθικὸν
1582 2327 1767 2382 ὑποτι-

169 2417 412 2488 θεμένης
466 2415 598 2486 βίον,
646 2417 723 2487 πῆ
753 2418 812 2470 δὲ
852 2418 1378 2488 προσωποποιούσης
1429 2420 1633 2491 ἐτέρων
1679 2419 1767 2473 λό-

99 2541 101 2544 ‹
166 2525 342 2579 γους’
378 2508 473 2562 καὶ
507 2509 635 2562 ποτὲ
669 2509 769 2578 μὲν
803 2509 1099 2578 αἰνίγματα
1133 2508 1598 2580 προϐαλλομένης,
1634 2511 1764 2564 ποτὲ

161 2603 216 2657 δ’
253 2598 324 2656 αὖ
360 2601 492 2674 ’περὶ¹
517 2603 688 2674 αὑτῆς
717 2618 838 2655 τινα
869 2601 1244 2672 διδασκούσης,
1276 2603 1371 2655 καὶ
1411 2603 1481 2656 τὰ
1516 2605 1643 2674 περὶ
1669 2603 1764 2657 τοῦ

167 2696 378 2765 ἑαυτῆς
431 2693 613 2748 ὲνθέου
665 2693 976 2766 ἀξιώματος
1038 2693 1417 2764 παιδευούσης.
1475 2695 1694 2748 Τούτων
1720 2696 1764 2748 δ’

165 2786 549 2858 ἀναλεξάμεθα
581 2786 645 2839 δι’
679 2779 754 2840 ὧν
813 2784 1154 2857 μανθάνομεν
1202 2786 1283 2838 ὅτι
1340 2786 1404 2858 δὴ
1454 2785 1590 2850 ζῶον
1624 2788 1765 2842 θεῖον

167 2881 271 2934 καὶ
302 2880 478 2950 πάντη
509 2880 606 2950 τὴν
638 2878 798 2948 φύσιν
834 2879 1088 2950 ἐνάρετον
1133 2880 1166 2949 ἡ
1201 2879 1370 2947 Σοφία
1418 2880 1699 2950 τυγχάνει,
1729 2884 1762 2952 ή

167 2973 314 3046 αὑτὴ
356 2969 490 3026 οὖσα
544 2971 622 3042 τῷ
653 2971 789 3043 μετά
837 2971 928 3024 τὸν
956 2969 1172 3042 πρῶτον
1225 2970 1357 3023 Θεὸν
1389 2970 1626 3042 δευτέρῳ
1657 2971 1765 3024 τῶν

163 3067 313 3122 ὅλων
369 3063 528 3135 αἰτίῳ
551 3102 566 3128 ,
615 3064 694 3135 τῷ
743 3080 804 3116 τε
839 3067 861 3114 l
899 3065 957 3116 ὲν
990 3065 1132 3134 ἀρχῇ
1163 3061 1300 3133 πρὸς
1338 3062 1430 3116 τὸν
1466 3062 1599 3116 Θεὸν
1647 3062 1766 3134 Θεῷ

166 3157 354 3228 Λόγῳ,
391 3175 409 3208 ι
443 3158 536 3210 καὶ
560 3159 626 3227 τῇ
654 3155 932 3226 διοικούσῃ
975 3154 1070 3207 καὶ
1120 3153 1480 3226 οἱκονομούσῃ
1511 3154 1577 3206 τὰ
1627 3154 1765 3226 σύμ-

167 3255 378 3312 Μντά,
408 3247 502 3300 καὶ
534 3247 694 3318 μέχρι
720 3246 827 3300 τῶν
855 3247 948 3300 ἐπὶ
969 3246 1074 3317 γῆς
1117 3245 1458 3316 πραγμάτων
1489 3245 1764 3318 φθανούσῃ
1795 3258 1835 3313 C

167 3339 405 3413 προνοίᾳ
430 3339 525 3394 τοῦ
565 3340 723 3406 Θεοῦ,
757 3341 792 3411 ἢ
842 3340 937 3394 καὶ
967 3340 1074 3410 πρὸ
1103 3339 1287 3409 πάσης
1319 3339 1508 3404 οὐσίας
1563 3357 1623 3393 τε
1672 3342 1766 3393 καὶ

167 3435 528 3497 ὑποστάσεως
555 3432 824 3498 ἔκτισται,
855 3431 996 3504 ἀρχὴ
1037 3431 1173 3486 ὁδῶν
1202 3426 1336 3485 οὖσα
1370 3432 1468 3502 τῆς
1501 3432 1628 3504 ὅλης
1669 3433 1765 3504 δη-

171 3524 492 3597 μιουργίας.
528 3524 609 3577 Τὰ
633 3523 690 3576 δὲ
727 3522 866 3595 ρητά
889 3523 967 3585 ὡς
996 3521 1058 3586 ἐξ
1083 3521 1254 3592 αὑτῆς
1276 3521 1378 3590 τῆς
1413 3522 1614 3591 Σοφίας
1643 3521 1767 3574 τοῦ-

166 3635 262 3673 τον
285 3604 541 3671 λέλεκται
580 3616 673 3670 τὸν
699 3615 899 3688 τρόπον
923 3629 935 3643 ⁸
977 3633 995 3666 ι
1031 3612 1174 3683 Ἐγὼ
1221 3614 1452 3686 ἡΣοφία
1492 3615 1765 3686 κατεσκή-

166 3727 320 3764 νωσα
359 3707 557 3778 βουλὴν
590 3709 684 3761 καὶ
712 3706 934 3782 γνῶσιν,
973 3703 1066 3759 καὶ
1096 3703 1303 3756 ἔννοιαν
1342 3703 1455 3771 ἐγὼ
1509 3705 1767 3758 ἐπεκαλε-

169 3803 382 3874 σάμην.
439 3797 606 3866 Φόϐος
659 3799 864 3871 Κυρίου
919 3799 1068 3870 μισεῖ
1111 3796 1326 3861 κακίαν,
1383 3795 1540 3868 ὕϐριν
1573 3815 1631 3850 τε
1670 3797 1765 3851 καὶ

167 3893 559 3966 ὑπερηφανίαν
597 3892 690 3945 καὶ
740 3891 892 3955 ὁδοὺς
929 3890 1214 3963 πονηρῶν,
1275 3888 1513 3960 ἐμίσησα
1557 3889 1612 3942 δὲ
1655 3890 1765 3959 ἐγὼ

164 3984 614 4056 διεστραμμένας
648 3982 800 4046 ὁδοὺς
830 3981 1038 4035 κακῶν.
1071 3983 1208 4052 Ἐμὴ
1249 3979 1410 4052 βουλὴ
1450 3982 1547 4033 καὶ
1584 3981 1763 4051 ἀσφά-

167 4079 322 4134 λεια·
360 4077 476 4146 ἐγὼ
508 4077 753 4139 σύνεσις,
795 4075 902 4146 ὲμὴ
937 4076 994 4129 δὲ
1022 4076 1192 4146 ἰσχύς.
1235 4077 1313 4128 Δι’
1348 4075 1482 4145 ἐμοῦ
1527 4075 1764 4146 βασιλεῖς

167 4171 559 4242 βασιλεύουσι,
633 4169 727 4222 καὶ
798 4171 846 4222 οἱ
897 4169 1155 4222 δυνάσται
1224 4169 1496 4240 γράφουσι
1555 4168 1762 4222 δικαιο-

169 4266 368 4336 σύνην.
393 4264 472 4314 Δι’
513 4262 646 4333 ἐμοῦ
695 4263 1018 4333 μεγιστᾶνες
1077 4261 1490 4331 μεγαλύνονται,
1538 4260 1630 4313 καὶ
1668 4259 1762 4313 τύ-

172 4375 360 4429 ραννοι
401 4355 470 4409 δι’
525 4355 659 4426 ἐμοῦ
697 4353 962 4425 κρατοῦσι
991 4353 1112 4424 γῆς’
1160 4354 1299 4422 Ἐγὼ
1347 4355 1472 4417 τοὺς
1516 4353 1616 4423 ἐμὲ
1678 4371 1764 4422 φι-

166 4449 403 4510 λοῦντας
479 4445 698 4514 ἀγαπῶ,
752 4446 801 4499 οἱ
844 4444 902 4498 δὲ
950 4445 1051 4512 ἐμὲ
1113 4442 1408 4514 ζητοῦντες
1474 4443 1762 4514 εὑρήσουσι

167 4547 355 4614 χάριν.
389 4539 627 4601 Πλοῦτος
656 4539 748 4593 καὶ
797 4538 923 4604 δόξα
969 4539 1093 4608 ἐμοὶ
1146 4538 1412 4608 ὑπάρχει,
1447 4537 1541 4590 καὶ
1571 4539 1761 4607 κτῆσις

169 4633 389 4689 πολλῶν
442 4632 536 4686 καὶ
574 4631 912 4701 δικαιοσύνη.
964 4631 1183 4684 Βέλτιον
1241 4630 1342 4700 ἐμὲ
1397 4629 1761 4700 καρπίζεσθαι

167 4727 320 4798 ὑπὲρ
355 4725 578 4797 χρυσίον
636 4725 732 4779 καὶ
788 4723 935 4776 λίθον
992 4723 1170 4794 τίμιον
1205 4722 1403 4776 πολύν·
1433 4721 1502 4776 τά
1551 4723 1606 4776 δὲ
1653 4722 1762 4792 ὲμά

167 4819 492 4890 γεννήματα
523 4817 761 4889 κρείσσω
789 4815 1053 4888 ἀργυοίου
1081 4815 1360 4869 ἐκλεκτοῦ.
1431 4816 1518 4869 Ἐν
1544 4813 1625 4884 (F.
1655 4813 1761 4884 26)

167 4912 314 4975 ὁδοῖς
364 4909 712 4979 δικαιοσύνης
766 4908 1082 4979 περιπατῶ,
1119 4908 1212 4961 καὶ
1237 4907 1509 4978 ἀναμέσον
1560 4908 1760 4978 τρίϐων

167 5001 543 5072 δικαιώματος
608 4999 1053 5070 ἀναστρέφομαι·
1108 4999 1194 5050 ἵνα
1248 4999 1462 5068 μερίσω
1503 5001 1616 5061 τοῖς
1661 4997 1760 5067 ἐμὲ

167 5093 466 5164 ἀγαπῶσιν
501 5090 756 5163 ὓπαρξιν,
789 5085 881 5144 καὶ
909 5091 1035 5152 τοὺς
1076 5089 1384 5160 θησαυροὺς
1429 5088 1609 5141 αὑτῶν
1659 5090 1760 5158 ἐμ·

171 5187 374 5258 πλήσω
404 5184 654 5254 ἀγαθῶνο
691 5182 786 5236 ἐὰν
815 5182 1123 5250 ἀναγγείλω
1147 5184 1272 5253 ὑμῖν
1300 5181 1370 5234 τὰ
1398 5181 1519 5234 καθ’
1546 5180 1758 5252 ἡμέραν

168 5279 459 5350 γινόμενα,
488 5279 846 5350 μνημονεύσω
865 5278 935 5330 τὰ
977 5276 1036 5343 ἐξ
1063 5275 1258 5337 αἰῶνος
1293 5271 1614 5344 ἀριθμῆσαι.
1655 5271 1762 5324 Κύ-

173 5388 293 5443 ριος
317 5369 497 5423 ἔκτισε
523 5386 589 5440 με
609 5370 782 5441 ἀρχὴν
807 5367 941 5422 ὁδῶν
972 5366 1136 5420 αὑτοῦ
1169 5368 1247 5429 εἰς
1272 5365 1410 5436 ἔργα
1442 5363 1630 5428 αὑτοῦ,
1656 5365 1761 5436 πρὸ

167 5460 270 5516 τοῦ
293 5461 488 5524 αἰῶνος
510 5460 836 5532 ὲθεμελίωσέ
863 5477 950 5529 με,
978 5461 1035 5512 ὲν
1063 5460 1203 5529 ἀρχῇ
1252 5458 1359 5527 πρὸ
1395 5455 1489 5508 τοῦ
1528 5455 1626 5524 τὴν
1659 5457 1761 5526 γῆν

169 5554 421 5624 ποιῆσαι,
449 5554 544 5606 καὶ
576 5553 683 5625 πρό
706 5552 801 5604 τοῦ
829 5552 928 5614 τάς
949 5550 1217 5613 ἀϐύσσους
1251 5550 1495 5619 ποιῆσαι,
1531 5547 1637 5618 πρὸ
1665 5545 1758 5598 τοῦ

169 5646 353 5702 ἐλθεῖν
385 5646 483 5711 τὰς
516 5647 699 5716 πηγὰς
747 5645 854 5699 τῶν
906 5645 1111 5698 ὑδάτων
1131 5661 1144 5674 ·
1189 5643 1293 5713 πρὸ
1338 5639 1431 5694 τοῦ
1465 5640 1566 5711 ὅρη
1596 5641 1758 5710 ἐδρα-

171 5736 395 5808 σθῆναι,
446 5737 552 5809 πρὸ
576 5737 633 5790 δὲ
685 5736 901 5790 πάντων
937 5735 1159 5806 βουνῶν,
1190 5734 1354 5804 γεννᾷ
1419 5747 1505 5802 με.
1552 5728 1762 5800 Κύριος

246 5857 293 5891 ⁸⁸
333 5854 490 5911 Joan.
529 5869 584 5910 ι.
623 5853 675 5911 1.

1868 524 2014 571 stum
2044 532 2154 570 non
2185 515 2504 579 admittunt,
2535 530 2636 570 nec
2660 529 2774 569 non
2824 514 3097 570 haereticis
3134 515 3450 584 prophetias

1868 609 2268 677 rejicientibus,
2321 608 2466 678 quod
2524 609 2580 662 in
2629 607 3124 662 contradictionem
3174 607 3446 662 incidunt.

1867 702 1947 756 Illi
1969 702 2115 755 enim
2144 703 2294 756 velut
2325 717 2354 755 a
2384 700 2494 755 Deo
2519 700 2840 771 prophetias
2885 699 3186 770 accipiunt,
3220 699 3450 754 menda-

1867 795 1938 848 cii
1961 805 2139 850 autem
2164 811 2258 850 eas
2280 803 2538 864 arguunt,
2568 795 2694 848 dum
2721 792 3068 863 imperfectas
3092 808 3216 846 esse
3237 792 3445 854 sinunt,

1867 886 1924 939 in
1947 886 2167 941 Christo
2190 895 2630 942 consummatum
2662 884 2832 940 fuisse
2853 884 3260 954 prophetiarnm
3279 899 3446 937 even-

1868 985 1984 1030 tum
2033 993 2330 1048 agnoscere
2353 987 2723 1046 nequeuntes;
2751 976 2807 1029 hi
2856 991 3007 1039 vero,
3038 975 3130 1045 qui
3163 975 3447 1029 Christum

1868 1069 2219 1132 conﬁtentur,
2250 1070 2545 1125 absurdam
2573 1077 2755 1123 tamen
2792 1084 2969 1138 nequc
2999 1071 3164 1123 certis
3201 1067 3446 1120 fulcitam

1867 1161 2217 1218 documentis
2258 1162 2420 1219 (idem
2458 1163 2580 1232 ejus
2635 1161 3000 1223 contendunt,
3049 1159 3448 1214 admirabiliter

1868 1253 1963 1310 Dei
1998 1256 2317 1325 prophetas,
2350 1256 2444 1325 qui
2477 1256 2857 1310 testimonium
2906 1255 3035 1308 olim
3084 1252 3152 1307 de
3203 1267 3268 1305 eo
3319 1249 3448 1304 red-

1867 1349 2147 1416 diderunt,
2171 1364 2281 1402 non
2310 1356 2692 1418 agnoscentes.
2723 1346 2865 1412 Quid
2894 1361 3024 1400 vero
3054 1345 3188 1399 nos?
3214 1342 3451 1411 Prophe-

1868 1441 1974 1496 tias
2009 1441 2231 1511 quidem
2270 1450 2493 1512 propter
2545 1441 2752 1496 Christi
2809 1439 3124 1502 adventum,
3157 1437 3303 1490 hunc
3349 1450 3444 1490 au-

1867 1539 1977 1588 tem
2014 1547 2236 1605 propter
2278 1536 2594 1605 prophetias
2642 1535 2939 1597 credimus,
2982 1549 3048 1586 ac
3113 1531 3446 1587 evidentiam

1875 1631 2164 1701 roburque
2189 1632 2435 1687 veritatis
2469 1629 2798 1685 arctissimis
2832 1628 3185 1683 ostendemus
3221 1625 3447 1680 demon-

1870 1722 2253 1777 strationibus.
2281 1722 2387 1777 S'ed
2419 1723 2551 1777 satis
2579 1721 2646 1776 de
2674 1719 2971 1792 procemio;
2992 1718 3106 1788 jam
3146 1716 3213 1770 ad
3249 1727 3448 1786 propo-

1864 1814 2027 1870 situm
2070 1822 2434 1871 transeamus.

2504 2015 2734 2074 CAPUT
2772 2016 2814 2072 Ι.

2465 2129 2514 2184 Ε
2543 2129 2866 2185 Prorerbiis.

1937 2244 2110 2300 Totus
2134 2243 2555 2300 Proverbiorum
2579 2245 2717 2301 liber
2739 2245 2806 2300 de
2828 2243 3132 2317 Sapientia,
3155 2244 3200 2301 si
3224 2244 3288 2300 ad
3311 2244 3448 2300 titu-

1866 2338 1980 2392 lum
2030 2338 2320 2408 respicias,
2349 2345 2591 2391 tractare
2631 2338 2878 2401 videtur;
2911 2352 3057 2392 nunc
3089 2337 3339 2392 moribus
3368 2339 3450 2390 vi-

1865 2438 1978 2486 tam
2012 2432 2256 2497 instruit,
2300 2446 2448 2485 nunc
2489 2430 2628 2485 alios
2671 2431 2958 2500 loquentes
3005 2430 3260 2484 inducit:
3305 2445 3450 2484 non-

1867 2539 2146 2593 nunquam
2183 2523 2440 2592 proponit
2487 2523 2810 2592 aenigmata;
2846 2522 3020 2591 ipsam
3073 2521 3349 2576 interdum
3379 2521 3452 2575 de

1867 2646 1926 2686 se
1955 2630 2202 2701 quaedam
2231 2629 2574 2691 edocentem,
2604 2629 2884 2697 multaque
2907 2627 2975 2681 de
3005 2628 3189 2681 divina
3223 2628 3446 2681 suimet-

1868 2723 2043 2793 ipsius
2101 2722 2371 2791 dignitate
2421 2720 2821 2774 ostendentem.
2873 2719 3116 2785 Quorum
3167 2735 3231 2773 ea
3296 2720 3451 2788 prius

1866 2813 2186 2882 colligemus
2212 2811 2414 2880 quibus
2446 2820 2783 2879 compertum
2829 2811 3094 2864 habemus
3125 2810 3333 2880 aliquid
3365 2808 3450 2864 di-

1865 2907 2052 2960 vinum
2082 2920 2204 2958 esse
2229 2903 2551 2973 sapientiam
2579 2912 2632 2957 et
2659 2911 2853 2957 natura
2874 2904 3098 2956 omnino
3128 2904 3449 2973 praecellen-

1867 3005 2000 3061 tem,
2035 2997 2320 3066 ipsamque
2351 2995 2672 3062 secundam,
2710 3003 2835 3065 post
2865 2995 3103 3066 priorem
3138 2995 3329 3060 Deum,
3364 3012 3450 3052 re.

1867 3120 1990 3159 rum
2047 3104 2430 3159 universarum
2484 3117 2732 3169 causam,
2766 3119 2884 3173 quae
2929 3104 3149 3173 quidem
3196 3119 3319 3158 cum
3377 3105 3452 3160 sit

1877 3217 1896 3250 ι
1934 3199 1988 3253 in
2029 3199 2303 3269 principio
2326 3202 2467 3271 apud
2493 3199 2660 3254 Deum
2695 3197 2838 3254 Deus
2863 3196 3186 3260 Verbum",
3211 3217 3230 3251 ι
3267 3197 3448 3252 omnia

1871 3307 2068 3361 regens
2115 3299 2279 3362 atque
2306 3292 2592 3355 ordinans,
2623 3299 2676 3345 et
2698 3290 2794 3345 Dei
2823 3290 3168 3360 providentia
3193 3290 3451 3344 omnibus

1869 3399 1990 3452 qua:
2040 3391 2170 3438 sunt
2225 3398 2390 3453 super
2431 3391 2630 3438 terram
2680 3383 2998 3446 consulens,
3047 3390 3174 3460 ante
3232 3395 3447 3436 omnem

1868 3476 2164 3530 essentiam
2231 3484 2284 3530 et
2339 3474 2706 3529 substantiam
2778 3484 3094 3544 procreata,
3159 3473 3453 3543 omnisque

1869 3568 2166 3621 creationis
2189 3567 2402 3620 viarum
2431 3566 2782 3636 principium.
2811 3565 2936 3620 llaec
2975 3580 3103 3620 vero
3136 3580 3258 3634 qua:
3291 3564 3448 3634 quasi

1868 3671 1933 3725 de
1966 3687 2025 3726 se
2058 3672 2174 3740 ipsa
2202 3670 2480 3741 Sapientia
2509 3672 2642 3727 dicit
2675 3687 2688 3723 :
2727 3690 2746 3722 ι
2788 3669 2901 3740 Ego
2948 3668 3225 3739 Sapientia
3261 3669 3452 3723 habito

1868 3765 1923 3818 in
1980 3765 2236 3828 consilio,
2274 3772 2330 3819 et
2384 3763 2617 3820 eruditis
2681 3765 2945 3817 intersum
2997 3761 3443 3831 cogitationibus.

1867 3856 2056 3912 Timor
2078 3857 2288 3912 Domini
2315 3859 2430 3913 odit
2461 3859 2664 3913 malum
2697 3877 2710 3909 :
2745 3855 3139 3924 arrogantiam,
3169 3862 3224 3910 et
3257 3869 3444 3923 super-

1865 3949 2034 4014 biam,
2081 3958 2136 4005 et
2189 3952 2333 4004 viam
2381 3965 2628 4020 pravam,
2676 3959 2725 4004 et
2775 3964 2837 4004 os
2883 3949 3125 4019 bilingue
3179 3947 3442 4002 detestor.

1865 4041 2044 4098 Meum
2075 4051 2164 4098 est
2191 4043 2504 4105 consilium,
2536 4050 2589 4096 et
2619 4041 2849 4111 aaquitas
2875 4057 2889 4107 ;
2926 4055 3044 4094 mea
3094 4048 3178 4093 est
3204 4038 3446 4108 pruden-

1867 4136 1982 4202 tia;
2021 4150 2140 4189 mea
2173 4141 2259 4189 est
2300 4132 2581 4187 fortitudo.
2614 4130 2719 4185 Per
2758 4148 2845 4186 me
2897 4145 3055 4200 reges
3105 4135 3356 4200 regnant,
3387 4133 3444 4181 et

1867 4229 2049 4297 legum
2094 4225 2408 4280 conditores
2449 4223 2601 4292 justa
2659 4221 2996 4288 decernunt;
3040 4235 3136 4290 per
3171 4235 3258 4273 me
3287 4218 3440 4288 prin-

1866 4319 2016 4389 cipes
2087 4318 2379 4388 imperant,
2445 4325 2499 4370 et
2559 4315 2774 4386 tyranni
2842 4321 3000 4369 terra:
3058 4313 3438 4367 dominantur.

1865 4409 1979 4481 Ego
2001 4410 2290 4480 diligentes
2327 4426 2415 4465 me
2451 4410 2619 4479 diligo
2679 4426 2692 4460 :
2729 4416 2782 4462 et
2809 4407 2904 4476 qui
2934 4421 3094 4460 mane
3119 4405 3347 4475 vigilant
3374 4404 3444 4460 ad

1867 4530 1973 4579 me,
2008 4514 2287 4568 invenient
2315 4529 2430 4567 me.
2467 4513 2675 4568 Mecum
2727 4519 2857 4567 sunt
2899 4509 3120 4569 divitiae.
3147 4515 3202 4562 et
3248 4505 3440 4576 gloria,

1796 4615 1838 4666 ι)
1867 4622 2000 4677 opes
2037 4607 2307 4676 superbae.
2340 4614 2394 4661 et
2431 4607 2668 4676 justitia.
2699 4603 2890 4658 Melior
2923 4610 3006 4656 est
3039 4601 3183 4656 enim
3230 4597 3444 4652 fructus

1867 4716 2022 4755 meus
2074 4715 2229 4764 auro,
2267 4707 2322 4754 et
2373 4697 2552 4768 lapide
2594 4697 2854 4768 pretioso,
2887 4701 2940 4750 et
2999 4691 3274 4764 genimina
3323 4703 3444 4746 mea

1865 4799 2095 4860 argento
2135 4792 2329 4846 eiecto.
2383 4791 2437 4844 In
2497 4791 2600 4845 viis
2640 4788 2870 4858 iustitiae
2894 4785 3136 4848 ambulo,
3179 4783 3233 4837 in
3260 4780 3446 4836 medio

1865 4885 2185 4940 semitarum
2213 4883 2428 4953 judicii,
2474 4889 2532 4936 ut
2569 4881 2736 4936 ditem
2771 4880 3060 4948 diligentes
3100 4891 3207 4939 me,
3242 4883 3296 4928 et
3325 4873 3444 4926 the—

1865 4991 2059 5032 sauros
2110 4991 2298 5031 eorum
2357 4976 2617 5046 repleam.
2659 4972 2922 5026 Dominus
2965 4965 3210 5039 possedit
3252 4981 3338 5019 me
3384 4965 3444 5019 in

1864 5070 2024 5126 initio
2053 5069 2263 5124 viarum
2306 5083 2552 5135 suarum,
2589 5073 2880 5134 antequam
2911 5059 3208 5132 quidquam
3239 5057 3442 5111 faceret

1867 5191 1899 5230 a
1923 5175 2212 5246 principio.
2265 5174 2350 5229 Ab
2380 5184 2586 5229 mterno
2617 5171 2866 5226 ordinata
2907 5183 3028 5223 sum
3050 5205 3064 5230 ,
3099 5172 3154 5220 et
3195 5179 3262 5218 ex
3298 5160 3441 5215 anti-

1867 5268 1991 5338 quis
2021 5276 2312 5338 antequam
2352 5276 2496 5322 terra
2522 5265 2694 5320 ﬁeret.
2742 5260 2992 5316 Nondum
3043 5262 3199 5312 erant
3233 5252 3438 5324 abyssi,

1867 5373 1922 5420 et
1943 5379 2043 5434 ego
2072 5363 2184 5431 jam
2236 5372 2500 5431 concepta
2545 5374 2731 5422 eram;
2775 5355 3005 5410 necdum
3060 5350 3238 5403 fontes
3271 5361 3446 5415 aqua—

1867 5471 1989 5512 rum
2020 5462 2348 5524 eruperant;
2392 5451 2624 5508 necdum
2670 5457 2886 5503 montes
2918 5442 3066 5514 gravi
3140 5439 3282 5493 mole
3308 5452 3443 5490 con-

1870 5549 2122 5604 stiterant
2151 5564 2162 5598 :
2193 5554 2318 5600 ante
2344 5546 2513 5600 colles
2562 5558 2663 5614 ego
2715 5537 3078 5612 parturiebar.
3112 5531 3305 5585 Adhuc
3332 5535 3448 5582 ter-

1865 5655 1985 5695 ram
2035 5655 2147 5693 non
2206 5638 2432 5702 fecerat,
2472 5645 2526 5691 et
2587 5634 2834 5694 ﬂumina,
2878 5637 2934 5684 et
2983 5624 3234 5681 cardines
3289 5619 3442 5675 orbis

1865 5739 2046 5787 terrm.
2081 5730 2313 5797 Quando
2342 5727 2682 5801 praeparabat
2710 5724 2902 5788 ctelos,
2937 5720 3189 5783 aderam;
3219 5711 3446 5784 quando

2477 5993 2495 6020 ἱ
