3840 6222
402 290 542 348 H23

1088 286 1358 344 EUSEBII
1395 282 1876 345 CESARIENS‘S
1912 281 2064 339 OPP.
2104 280 2289 338 PARS
2328 280 2418 339 Ill.
2457 310 2531 322 —
2565 280 2980 338 EXEGETICA.

3524 283 3668 339 1128

394 422 547 467 certa
578 409 717 479 lege,
746 414 802 464 et
829 422 962 480 gyro
991 407 1225 463 vallabat
1255 407 1504 479 abyssos,
1531 405 1751 476 quando
1775 404 1965 459 aethera

2078 401 2302 472 ἐποίησε
2330 400 2514 472 χώρας
2566 402 2661 455 καὶ
2702 402 3008 474 ἀοικήτους,
3054 404 3150 457 καὶ
3180 404 3324 474 ἄκρα
3362 404 3668 474 οἰκούμενα

397 500 658 558 ﬁrmabat
721 517 968 562 sursum.
1020 507 1074 555 et
1136 500 1371 555 librabat
1429 498 1610 554 fontes
1674 514 1973 569 aquarum;

400 596 622 666 quando
644 593 1023 649 circumdabat
1054 593 1192 647 mari
1222 593 1515 647 terminum
1540 608 1699 646 suum
1719 600 1774 647 et
1803 592 1974 661 legem

398 690 638 758 ponebat
679 687 858 757 aquis,
908 702 979 741 ne
1034 688 1334 743 transirent
1383 686 1518 741 ﬁnes
1544 701 1714 743 suos:
1752 685 1974 755 quando

399 780 741 850 appendehat
788 779 1145 833 fundamenta
1192 787 1388 846 terrae;
1419 795 1542 834 cum
1574 795 1640 833 eo
1659 793 1808 832 eram
1837 793 1975 831 cun-

399 880 487 925 cta
529 886 865 940 componens
899 889 912 925 :
948 878 1003 924 et
1043 871 1356 925 delectabar
1410 886 1506 939 per
1560 871 1809 940 singulos
1831 871 1971 933 dies,

397 962 593 1017 ludens
636 977 824 1015 coram
881 977 947 1015 eo
993 961 1142 1016 omni
1191 970 1465 1031 tempore;
1516 960 1710 1015 ludens
1753 962 1809 1014 in
1841 961 1974 1016 orbe

396 1060 712 1108 terrarum:
745 1058 800 1106 et
849 1051 1059 1106 deliciae
1105 1067 1258 1115 meae,
1293 1066 1417 1106 esse
1458 1066 1581 1105 cum
1626 1052 1751 1105 ﬁliis
1797 1051 1973 1105 homi-

396 1160 527 1200 num
553 1146 593 1197 ¹.
633 1162 652 1196 ι
686 1141 813 1197 Haec
837 1143 1056 1212 quidem
1107 1142 1174 1197 de
1208 1158 1268 1198 se
1312 1144 1429 1212 ipsa
1460 1141 1741 1212 Sapientia
1775 1157 1787 1191 :
1823 1157 1971 1211 qure-

395 1252 522 1292 nam
549 1250 680 1291 vero
704 1235 822 1304 ipsa
870 1236 962 1297 sit,
1006 1240 1232 1288 sanctus
1255 1232 1554 1304 Apostolus
1598 1233 1840 1287 ostendit
1887 1232 1972 1286 di-

401 1342 536 1383 cens
567 1345 580 1380 :
619 1344 638 1378 1
667 1324 925 1380 Christus
955 1324 1050 1379 Dei
1078 1325 1255 1380 virtus
1283 1332 1338 1379 et
1368 1323 1461 1378 Dei
1493 1323 1825 1393 Sapientia’;
1857 1345 1875 1377 ι
1914 1330 1970 1378 et

396 1434 590 1474 rursus
621 1437 635 1473 :
675 1437 693 1469 ι
727 1416 831 1484 Qui
865 1418 1043 1472 factus
1071 1425 1156 1471 est
1195 1417 1354 1471 nobis
1380 1416 1660 1486 Sapientia
1692 1431 1722 1469 a
1746 1416 1855 1470 Deo
1876 1416 1917 1470 ³.
1942 1434 1961 1468 ι

395 1508 541 1580 Ergo
557 1509 812 1564 Christus
833 1518 919 1564 est
946 1509 1037 1578 qui
1066 1508 1292 1577 przefata
1316 1508 1567 1563 elocutus
1593 1515 1712 1573 est;
1738 1506 1968 1577 Sapien-

394 1600 469 1653 tia
504 1610 558 1654 et
590 1598 829 1655 Verbum
869 1608 954 1654 est
1009 1599 1123 1664 Dei,
1151 1614 1182 1652 a
1231 1612 1341 1668 quo
1387 1599 1573 1652 omnia
1620 1598 1763 1652 facta
1814 1606 1963 1653 sunt.

2075 492 2177 561 τῆς
2210 492 2303 546 ὑπ’
2331 493 2578 563 οὐρανόν.
2617 493 2810 546 Ἡνίκα
2835 492 3099 565 ἡτοίμαζε
3120 494 3212 547 τὸν
3239 495 3493 566 οὐρανὸν,
3521 513 3668 566 συμ-

2076 584 2340 654 παρήμην
2362 584 2531 655 αὐτῷ,
2556 584 2721 655 ἡνίκα
2748 584 2993 657 ἀφώριζε
3019 585 3109 638 τὸν
3133 587 3327 640 ἐαυτοῦ
3355 587 3550 659 θρόνον
3576 588 3666 642 ἐπ’

2075 673 2311 744 ἀνέμων.
2353 674 2548 729 Ἠνίκα
2570 674 2767 747 ἰσχυρὰ
2791 676 2963 728 ἐποίει
2987 677 3055 732 τά
3083 677 3196 731 ἄνω
3240 676 3371 748 νέφη
3397 719 3413 743 ,
3457 679 3561 730 καὶ
3588 676 3667 741 ὡς

2074 764 2340 833 ἀσφαλεῖς
2365 766 2531 819 ἐτίθει
2574 768 2756 836 πηγάς
2788 767 2889 835 τῆς
2913 768 3003 821 ὐπ’
3042 768 3291 840 οὐρανὸν,
3326 771 3384 821 ἐν
3409 768 3489 839 τῷ
3514 767 3669 823 τιθέ-

2074 873 2163 908 ναι
2192 856 2354 910 αὑτὸν
2382 859 2448 928 τῇ
2473 858 2714 931 Θαλάσσῃ
2738 858 3078 930 άκριδασμὸν
3126 859 3292 912 αὑτοῦ
3316 899 3333 921 ,
3368 862 3462 912 καί
3485 859 3669 915 ὕδατα

2073 949 2134 1001 οὐ
2161 947 2586 1020 παρελεύσονται
2614 951 2791 1020 στόμα
2820 951 2983 1005 αὐτοῦ
3005 967 3020 981 ·
3052 952 3216 1022 ἡνίκα
3243 953 3441 1022 ἰσχυρὰ
3479 953 3666 1007 ἐποίει

2071 1038 2142 1093 τὰ
2174 1040 2398 1110 θεμέλια
2441 1041 2542 1111 τῆς
2579 1043 2683 1113 γῆς
2705 1083 2720 1106 ,
2756 1044 2905 1114 ήμην
2946 1044 3077 1114 παρ’
3106 1044 3256 1113 αὐτῷ
3303 1044 3660 1115 ἁρμόζουσα·

2072 1130 2184 1199 ἐγὼ
2219 1131 2397 1203 ήμην,
2511 1133 2839 1205 προσέχαιρε
2872 1132 2995 1186 καθ’
3016 1134 3250 1206 ἡμέραν,
3283 1135 3663 1209 εὐφραινόμην

2070 1220 2127 1275 δέ
2156 1224 2213 1276 ἐν
2238 1222 2514 1295 προσώπῳ
2542 1224 2709 1277 αὐτοῦ
2745 1227 2803 1277 ἐν
2845 1226 3009 1277 παντὶ
3046 1224 3227 1296 καιρῷ
3247 1242 3261 1255 ⁸
3304 1227 3393 1279 ὅτε
3422 1229 3663 1298 εὐφραί-

2070 1331 2190 1367 νετο
2211 1315 2308 1386 τὴν
2340 1316 2668 1387 οἰκουμένην
2695 1317 3037 1381 συντελέσας,
3086 1317 3180 1370 καὶ
3228 1318 3555 1388 εὐφραίνετο
3601 1323 3663 1375 ἐν

2072 1409 2205 1470 υἱοῖς
2228 1408 2335 1459 τῶν
2367 1406 2688 1477 ἀνθρώπων.
2719 1426 2738 1458 ι
2778 1408 2961 1461 Ταῦτα
2990 1409 3087 1479 μὲν
3115 1404 3209 1462 οὖν
3250 1410 3492 1464 διδάσκει
3526 1415 3663 1484 περὶ

2069 1500 2268 1571 ἐαυτῆς
2298 1501 2331 1570 ἡ
2360 1498 2527 1567 Σοφία
2548 1517 2562 1529 ’
2592 1499 2677 1563 τίς
2702 1499 2758 1552 δέ
2786 1500 2934 1553 ἐστιν
2963 1500 3125 1571 αῦτη,
3147 1503 3176 1553 6
3209 1502 3353 1572 ἱερὸς
3400 1503 3663 1558 ’Λπόστο-

2067 1589 2158 1655 λος
2187 1590 2431 1643 παιδεύει
2453 1590 2648 1659 λέγων,
2678 1609 2697 1642 1
2721 1591 2956 1662 Χριστὸς
2981 1591 3116 1645 Θεοῦ
3146 1592 3376 1663 δύναμις
3396 1596 3493 1649 καὶ
3517 1596 3659 1650 Θεοῦ

397 1710 418 1743 ‹
459 1690 519 1745 ln
548 1693 820 1762 principio
862 1702 982 1748 erat
1024 1692 1287 1757 Verbum,
1319 1701 1373 1749 et
1401 1692 1639 1747 Verbum
1673 1699 1792 1746 erat
1820 1691 1964 1761 apud

2078 1681 2232 1750 σοφία
2254 1699 2269 1712 ο
2306 1700 2325 1733 ι
2359 1682 2453 1735 καὶ
2485 1683 2648 1736 πάλιν
2669 1723 2684 1747 ,
2739 1701 2759 1733 1
2798 1684 2894 1746 Ὃς
2917 1683 3145 1755 ἐγενήθη
3177 1686 3347 1753 Σοφία
3386 1688 3517 1757 ἡμῖν
3549 1689 3661 1742 ἀπὸ

393 1760 585 1848 Deum,
621 1792 675 1839 et
707 1760 850 1840 Deus
906 1792 1027 1840 erat
1085 1782 1348 1840 Verbum.
1390 1782 1585 1838 Omnia
1637 1799 1734 1853 per
1786 1760 1964 1852 ipsum

2078 1772 2226 1853 Θεοῦ.
2265 1793 2283 1824 ι
2318 1774 2553 1845 Χριστὸς
2578 1770 2670 1827 οὖν
2698 1774 2845 1827 ἐστιν
2865 1776 2893 1828 6
2917 1773 2985 1827 τὰ
3008 1777 3381 1847 προειρημένα
3401 1777 3656 1846 φάσκωνο

393 1874 537 1930 facta
566 1884 695 1930 sunt
718 1876 783 1943 ²’;
822 1895 843 1927 ι
874 1884 968 1930 et:
1008 1895 1024 1927 ι
1060 1875 1116 1930 ln
1143 1877 1263 1946 ipso
1285 1877 1503 1930 condita
1529 1884 1657 1929 sunt
1691 1876 1967 1941 universa,

390 1965 482 2021 inc
499 1967 622 2022 telis
650 1974 705 2021 et
734 1967 787 2019 in
817 1966 1621 2037 terra,visibiliajetinvisibilia
1644 1965 1687 2029 ⁵,
1716 1984 1735 2016 ι
1773 1982 1965 2022 secun-

390 2058 520 2112 dum
571 2058 915 2128 Apostolnm.
969 2057 1139 2123 Quem
1204 2059 1349 2113 enim
1405 2058 1471 2111 ad
1537 2057 1759 2110 modum
1826 2071 1964 2126 quo-

388 2147 511 2202 dam
527 2164 690 2203 sensu
705 2147 941 2203 Verbum
965 2147 1057 2206 Dei
1083 2147 1342 2216 loquitur,
1362 2146 1468 2199 alio
1485 2152 1662 2197 autem
1689 2162 1708 2194 ι
1732 2144 1840 2196 vita
1858 2142 1923 2207 δ’,
1938 2161 1958 2194 ι

387 2245 443 2293 et
459 2253 705 2302 rursus,1
730 2237 955 2294 veritas’
967 2257 985 2289 ›
1004 2244 1057 2291 et
1073 2255 1091 2287 ι
1115 2238 1206 2291 lux
1220 2250 1343 2291 vera
1358 2236 1425 2300 “,
1439 2242 1519 2289 iet
1541 2235 1747 2304 reliqua
1763 2232 1964 2303 quibus

389 2344 513 2384 eum
537 2331 948 2385 vocantdivinm
976 2329 1297 2399 Scriptura,
1327 2327 1408 2383 sic
1432 2342 1654 2397 quoque
1678 2326 1960 2395 Sapientia

389 2420 558 2485 fatur,
588 2420 736 2475 Patri
767 2420 1193 2477 suliministrans
1221 2420 1278 2473 in
1305 2419 1548 2473 omnium
1571 2432 1753 2472 rerum
1786 2416 1966 2485 provi-

387 2508 576 2562 dentia
601 2516 655 2563 et
685 2509 1184 2563 administratione.

2127 1864 2300 1933 Σοφία
2329 1864 2423 1917 καὶ
2454 1864 2626 1933 Λόγος
2655 1866 2773 1918 ἐστὶ
2796 1865 2933 1918 Θεοῦ
2952 1907 2969 1933 ,
2996 1866 3062 1918 δι’
3094 1860 3156 1919 οὗ
3181 1866 3248 1920 τά
3284 1869 3464 1923 πάντα
3493 1872 3663 1939 γεγέ-

2067 1972 2255 2027 νηται·
2291 1973 2310 2006 1
2365 1958 2453 2009 ’Ev
2482 1958 2623 2029 ἀρχῇ
2659 1957 2769 2029 γὰρ
2800 1954 2868 2028 ἦν
2889 1961 2918 2012 6
2948 1960 3120 2028 Λόγος
3140 2002 3155 2027 ,
3190 1962 3284 2014 καὶ
3314 1964 3344 2015 6
3370 1964 3547 2031 Λόγος
3589 1960 3660 2037 ἦν

2070 2048 2206 2116 πρὸς
2229 2047 2324 2102 τὸν
2343 2048 2495 2115 Θεὸν,
2527 2052 2623 2104 καὶ
2654 2050 2787 2113 Θεὸς
2805 2047 2874 2125 ἦν
2891 2054 2919 2088 ό
2951 2052 3141 2120 Λόγος.
3174 2054 3359 2106 Πάντα
3388 2054 3458 2107 δι’
3484 2054 3657 2108 αὐτοῦ

2069 2138 2286 2205 ἐγένετο
2304 2155 2320 2168 ο
2360 2158 2379 2190 ι
2420 2142 2533 2205 καὶ,
2565 2160 2582 2191 1
2621 2142 2709 2195 Ἐν
2734 2142 2883 2212 αὑτῷ
2906 2142 3132 2212 ἐκτίσθη
3156 2144 3225 2197 τὰ
3255 2145 3456 2207 πάντα,
3496 2145 3571 2198 τὰ
3599 2146 3660 2200 ἐν

2068 2233 2181 2292 τοῖς
2210 2230 2459 2301 οὐρανοῖς
2508 2233 2603 2286 καὶ
2635 2232 2706 2286 τὰ
2735 2234 2827 2286 ἐπὶ
2853 2234 2954 2304 τῆς
2978 2236 3116 2304 γῆς,
3152 2236 3261 2288 εἴτε
3290 2235 3486 2307 ὁρατὰ,
3542 2237 3659 2290 εἴτε

2068 2321 2325 2391 ἀόρατα,ι
2353 2324 2494 2377 κατὰ
2518 2324 2609 2377 τὸν
2644 2325 2963 2379 Ἀπόστολον
2981 2345 2996 2359 ’
3024 2328 3191 2399 ὅνπερ
3217 2327 3275 2380 δὲ
3296 2329 3496 2398 τρόπον
3512 2329 3662 2383 κατά

2066 2429 2187 2465 τινα
2213 2413 2458 2467 ἐπίνοιαν
2487 2414 2660 2483 Λόγος
2680 2416 2815 2470 Θεοῦ
2846 2418 3207 2489 χρηματίζει,
3251 2420 3348 2473 καὶ
3378 2418 3502 2472 καθ’
3537 2420 3660 2473 ἐτέ-

2071 2521 2172 2575 ραν
2203 2523 2222 2555 1
2264 2505 2397 2576 ζωὴ,
2437 2525 2455 2557 ι
2482 2507 2577 2561 καὶ
2607 2508 2790 2574 πάλιν,
2831 2528 2849 2560 1
2878 2510 3103 2579 ἀλήθεια
3136 2530 3156 2562 ι
3194 2512 3291 2564 καὶ
3328 2529 3349 2562 ‹
3377 2511 3495 2575 φῶς
3521 2511 3662 2581 ἁλη-

387 2600 555 2668 θινὸν,
605 2618 626 2654 :
668 2602 762 2656 καὶ
817 2601 882 2655 τὰ
910 2600 1073 2654 λοιπὰ
1120 2600 1295 2654 ὁπόσα
1358 2601 1523 2667 φασὶν
1555 2598 1715 2653 αὐτὸν
1752 2599 1811 2652 αἱ
1854 2597 1996 2651 θεῖαι
2031 2596 2265 2670 Γραφαὶ,
2312 2599 2404 2653 τὸν
2439 2601 2600 2653 αὐτὸν
2630 2601 2693 2673 δὴ
2713 2602 2911 2674 τρόπον
2942 2605 3037 2657 καὶ
3085 2604 3252 2673 Σοφία
3280 2607 3659 2677 προσηγόρευ“

384 2707 497 2758 ται,
523 2693 803 2766 ὑπηρέτης
847 2698 1191 2764 τυγχάνουσα
1219 2693 1313 2746 τοῦ
1343 2692 1558 2764 Πατρὸς
1585 2693 1665 2771 είς
1699 2691 1798 2761 τὴν
1826 2690 1963 2743 ὅλων
2001 2688 2259 2760 πρόνοιάν
2284 2708 2342 2743 τε
2364 2692 2457 2745 καὶ
2481 2694 2813 2765 οἰκονομίαν.

996 2809 1231 2865 CAPUT
1270 2807 1341 2866 ll.

966 2921 1017 2977 E
1056 2922 1377 2979 Proverbiis.

2593 2809 2992 2864 ΚΕΦΛΛΑῘΟΝ
3043 2812 3118 2867 B’.

2602 2918 2725 2974 Τῶν
2766 2920 3117 2991 Παροιμιῶν.

459 3053 482 3088 σ
516 3033 578 3090 In
629 3035 752 3091 luce
793 3033 889 3089 ﬁlii
936 3036 1080 3105 regis
1101 3035 1225 3089 vita:
1263 3054 1276 3090 :
1312 3033 1609 3090 familiares
1660 3041 1842 3089 autem
1913 3032 1964 3088 ei

2145 3050 2165 3083 ι
2234 3032 2307 3087 Εν
2340 3031 2479 3102 φωτὶ
2521 3033 2638 3086 υἱοῦ
2682 3033 2942 3104 βασιλέως
2958 3036 3080 3107 ιξωή
3104 3053 3117 3065 ·
3144 3038 3197 3089 οἱ
3228 3036 3287 3090 δέ
3331 3038 3663 3110 προσδεκτοὶ

384 3127 542 3197 quasi
565 3124 740 3179 imber
778 3125 1052 3180 serotinus
1071 3125 1113 3182 ‘.
1147 3143 1167 3176 ι
1202 3124 1375 3193 Cujus
1423 3125 1565 3178 alius
1599 3124 1742 3193 regis
1787 3121 1881 3177 lilii
1906 3123 1962 3177 in

384 3219 508 3273 luce
529 3219 639 3273 vita
669 3225 775 3283 est,
809 3217 914 3272 nisi
940 3218 994 3271 in
1028 3216 1122 3271 Dei
1156 3215 1358 3283 Verbo,
1394 3217 1485 3286 qui
1525 3215 1688 3287 Regis
1716 3215 1963 3270 omnium

384 3309 480 3366 Dei
512 3308 685 3364 Filius
711 3309 833 3364 est?
856 3307 979 3379 Ipse
1020 3309 1165 3365 enim
1194 3317 1279 3363 est
1332 3328 1350 3360 1
1389 3308 1505 3363 Lux
1535 3324 1663 3363 vera
1692 3322 1813 3378 quae
1839 3308 1965 3361 illu--

384 3402 564 3455 minat
608 3415 824 3480 omnem
875 3401 1151 3454 hominem
1198 3401 1507 3455 venientem
1543 3400 1599 3454 in
1628 3400 1773 3454 hunc
1802 3414 1963 3453 mun-

318 3498 323 3503 ’
387 3492 518 3553 dum
541 3494 595 3558 ";
628 3511 648 3545 ι
679 3486 733 3545 ἰη
767 3507 875 3562 quo
904 3493 1110 3548 lumine
1156 3493 1269 3547 vita
1331 3501 1435 3558 est,
1471 3493 1773 3549 secundum
1828 3492 1964 3547 illud

384 3584 667 3655 Evangelii
699 3586 925 3640 verbum
961 3604 975 3641 :
1010 3604 1028 3637 ι
1062 3587 1120 3641 ln
1158 3587 1278 3657 ipso
1307 3588 1419 3640 vita
1457 3594 1595 3650 erat,
1622 3596 1677 3641 et
1705 3586 1815 3641 vita
1846 3593 1965 3640 erat

385 3676 482 3731 lux
512 3676 799 3731 hominum
823 3677 867 3732 ⁸.
910 3696 929 3729 1
967 3675 1143 3747 Hujus
1169 3692 1301 3731 vero
1340 3677 1658 3741 familiares,
1684 3693 1823 3747 quos
1851 3677 1967 3732 exi-

385 3764 678 3819 stimamus
717 3778 842 3819 esse
890 3765 1014 3834 ejus
1067 3766 1348 3834 apostolos
1380 3771 1435 3819 et
1467 3765 1793 3835 discipulos,
1832 3764 1965 3819 facti

384 3862 516 3910 sunt
536 3873 559 3905 ι
579 3856 736 3925 quasi
755 3855 930 3910 imber
962 3857 1238 3911 serotinus
1265 3874 1283 3907 ι
1322 3857 1375 3911 in
1396 3856 1710 3911 novissimis
1726 3855 1961 3922 dierum,

382 3952 439 4002 et
463 3947 520 4002 in
548 3949 1026 4003 consummatione
1058 3947 1265 4010 saeculi,
1294 3948 1567 4003 desertam
1601 3948 1733 4002 olim
1765 3947 1966 4003 sitien-

382 4049 604 4111 temque
648 4051 873 4105 terram,
908 4040 961 4095 id
1013 4048 1098 4096 est
1146 4042 1390 4111 gentium
1445 4039 1769 4106 Ecclesiam,
1798 4039 1965 4112 spiri-

383 4131 480 4187 tali
506 4133 609 4205 piae
633 4132 898 4192 doctrina:
928 4148 1051 4189 rore
1084 4136 1393 4205 irrigantee.

996 4415 1226 4472 CAPUT
1260 4417 1349 4475 Ill.

969 4536 1017 4590 E
1053 4536 1372 4592 Proverbiis.

458 4646 479 4681 ι
514 4626 643 4685 Haec
675 4629 810 4686 dicit
837 4629 924 4684 vir
945 4630 1001 4684 in
1033 4629 1203 4684 Deum
1229 4628 1603 4695 credentibus,
1628 4637 1682 4683 et
1709 4628 1957 4699 quiesco.

386 4721 760 4779 Stultissimus
793 4724 942 4777 enim
994 4739 1115 4778 sum
1173 4724 1440 4785 virorum,
1473 4732 1528 4776 et
1559 4721 1831 4792 sapientia
1861 4721 1961 4777 ho-

383 4814 596 4869 minum
623 4830 734 4869 non
765 4821 850 4869 est
882 4828 1118 4869 mecum.
1140 4812 1284 4869 Deus
1314 4820 1496 4868 autem
1519 4813 1707 4869 docuit
1739 4829 1829 4870 me
1867 4828 1959 4868 sa-

386 4907 648 4977 pientiam
675 4946 690 4972 ,
730 4912 785 4962 et
814 4906 1102 4961 scientiam
1154 4916 1471 4963 sanctorum
1524 4898 1627 4976 ego
1651 4907 1799 4961 novi.
1830 4904 1964 4972 Quis

385 4998 635 5054 ascendit
659 4998 716 5053 in
745 4999 947 5053 caelum
977 5005 1141 5068 atque
1164 4999 1492 5054 descendit?
1525 4996 1660 5064 Quis
1694 4997 1966 5052 continuit

387 5099 579 5146 ventos
603 5090 659 5144 in
689 5089 853 5154 sinu?
879 5088 1015 5155 Quis
1065 5092 1344 5162 colligavit
1388 5105 1559 5160 aquas
1587 5090 1747 5161 quasi
1778 5091 1835 5144 in
1866 5106 1964 5146 ve—

386 5184 693 5239 stimento?
729 5183 865 5250 Quis
895 5186 1184 5241 suscitavit
1243 5201 1435 5242 omnes
1477 5187 1739 5242 terminos
1768 5185 1965 5242 terrae?

385 5272 541 5339 Quod
575 5289 775 5329 nomen
800 5283 885 5330 est
910 5276 1070 5346 ejus?
1095 5277 1309 5347 etquod
1337 5294 1536 5333 nomen
1570 5278 1695 5334 ﬁliis
1722 5279 1842 5348 ejus
1866 5281 1887 5312 ’
1905 5279 1957 5332 ?1

387 5363 524 5430 Quis
546 5365 688 5422 alius
707 5366 790 5422 vir
813 5367 929 5423 haec
958 5368 1182 5431 diceret,
1206 5370 1315 5425 nisi
1346 5371 1666 5427 incarnatus
1696 5370 1962 5426 Dominus

386 5463 598 5525 noster,
634 5458 751 5515 sive
806 5469 1032 5534 pr0pter
1079 5465 1374 5520 amentiam
1400 5473 1671 5531 nostram,
1699 5479 1862 5535 quam
1901 5465 1958 5518 in

2067 3124 2215 3194 αὐτῷ
2250 3124 2441 3195 ὥσπερ
2472 3125 2632 3195 νέφος
2663 3126 2879 3197 ὄψιμον.
2923 3146 2942 3178 ι
2978 3128 3092 3181 Καὶ
3130 3130 3276 3192 τίνος
3308 3130 3473 3184 ἄλλου
3506 3131 3663 3202 βασι-

2064 3213 2199 3279 λέως
2227 3214 2345 3268 υἱοῦ
2395 3217 2454 3268 ἐν
2490 3217 2630 3285 φωτὶ
2675 3216 2788 3289 ζωὴ
2818 3219 3099 3287 τυγχάνει,
3134 3220 3167 3290 ἣ
3201 3223 3259 3273 ἐν
3280 3221 3359 3291 τῷ
3395 3222 3494 3276 τοῦ
3519 3224 3663 3278 Θεοῦ

2064 3307 2245 3378 Λόγῳ,
2269 3305 2387 3359 υἱοῦ
2426 3309 2786 3378 τυγχάνοντος
2810 3307 2903 3361 τοῦ
2934 3309 3153 3364 πάντων
3178 3311 3454 3377 Βασιλέως
3480 3313 3622 3367 Θεοῦ
3644 3334 3660 3347 ·

2064 3398 2228 3462 αὐτὸς
2247 3398 2354 3470 γάρ
2372 3401 2520 3451 ἐστιν
2542 3399 2601 3451 τὸ
2624 3418 2642 3449 ι
2668 3398 2788 3461 Φῶς
2806 3399 2867 3451 τὸ
2893 3400 3146 3471 ἀληθινὸν
3172 3402 3200 3454 δ
3226 3402 3452 3471 φωτίζει
3478 3404 3663 3459 πάντα

2064 3490 2350 3562 ἄνθρωπον
2372 3490 2665 3561 ἐρχόμενον
2689 3492 2769 3554 εἱς
2794 3492 2885 3545 τὸν
2914 3493 3121 3564 κόσμον
3140 3510 3153 3522 ·
3188 3514 3207 3545 ι
3234 3497 3292 3547 ὲν
3312 3489 3356 3562 ᾧ
3377 3498 3521 3565 φωτὶ
3544 3495 3664 3568 ζωὴ

2063 3584 2323 3653 τυγχάνει
2371 3583 2513 3636 κατὰ
2546 3582 2637 3635 τὸν
2681 3585 2934 3654 φήσαντα
2969 3586 3066 3639 τοῦ
3104 3586 3440 3656 Εὐαγγελίου
3476 3588 3661 3657 λόγον,

2072 3693 2091 3726 ι
2129 3675 2217 3728 Ἐν
2234 3674 2382 3745 αὐτῷ
2402 3675 2516 3747 ζωὴ
2548 3670 2637 3746 ἦν,
2657 3677 2753 3729 καὶ
2787 3679 2820 3747 ἡ
2857 3677 2969 3749 ζωὴ
3003 3673 3072 3748 ἦν
3094 3679 3153 3731 τὸ
3188 3680 3304 3746 φῶς
3320 3680 3431 3733 τῶν
3447 3680 3663 3753 ἀνθρώ-

2065 3781 2213 3820 πωνο
2253 3786 2271 3818 ι
2310 3766 2502 3838 τούτου
2535 3767 2593 3821 δὲ
2636 3769 2733 3821 καὶ⁷
2770 3770 2820 3822 οἱ
2862 3758 3205 3841 προσδεκτοὶ,
3232 3770 3328 3834 οὒς
3371 3772 3664 3841 ἡγούμεθα

2064 3854 2205 3912 εἶναι
2224 3859 2351 3922 τοὺς
2378 3859 2710 3923 ἀποστόλους
2740 3858 2906 3913 αὐτοῦ
2935 3861 3029 3914 καὶ
3065 3860 3332 3932 μαθητὰς,
3369 3864 3663 3932 γεγόνασιν

2064 3948 2254 4021 ὥσπερ
2292 3969 2310 4002 ι
2343 3951 2504 4020 νέφος
2530 3950 2727 4021 θψιμον
2760 3970 2778 4002 ι
2804 3951 2892 4005 ἐπ’
2916 3953 3147 4023 ἐσχάτου
3177 3953 3286 4007 τῶν
3311 3955 3537 4025 ἡμερῶν
3565 3955 3665 4009 καὶ

2065 4042 2161 4094 ἐπὶ
2190 4042 2470 4114 συντελείᾳ
2501 4041 2597 4098 τοῦ
2629 4044 2845 4109 αἰῶνος.
2886 4045 2985 4116 τὴν
3020 4046 3227 4118 ἔρημόν
3268 4064 3400 4099 ποτε
3433 4048 3539 4115 γῆν
3565 4050 3664 4101 καὶ

2064 4134 2315 4207 ἄνυδρον,
2344 4134 2591 4189 τουτέστι
2618 4136 2717 4206 τὴν
2745 4136 2853 4190 τῶν
2884 4135 3056 4190 ἐθνῶν
3086 4137 3437 4208 Ἐκκλησίαν,
3462 4137 3661 4210 ἁρδεύ-
3726 4164 3737 4175 ο

2067 4243 2260 4291 σαντες
2313 4225 2392 4297 τῷ
2442 4227 2800 4299 πνευματικῷ
2855 4228 2957 4299 τῆς
2996 4229 3258 4294 εὐσεϐοῦς
3305 4230 3663 4295 διδασκαλίας

2065 4318 2215 4389 αὐτῷ
2240 4316 2397 4390 ὑετῷ.

2598 4434 2994 4487 ΚΕΦΛΛΔῘΟΝ
3039 4434 3093 4487 1'"
3100 4477 3113 4489 .

2610 4546 2732 4603 πᾶν
2761 4548 3120 4618 Παροιμιῶν.

2147 4657 2166 4690 1
2206 4638 2345 4693 Τάδε
2374 4637 2523 4707 λέγει
2545 4639 2685 4711 ἀνὴρ
2714 4642 2827 4703 τοῖς
2857 4639 3173 4693 πιστεύουσι
3201 4640 3342 4712 Θεῷ,
3360 4642 3458 4695 καὶ
3491 4641 3664 4697 παύο-

2072 4747 2188 4801 μαι.
2240 4730 2666 4800 Ἀφρονέστατος
2692 4730 2801 4801 γάρ
2822 4731 2936 4800 είμι
2965 4730 3182 4784 πάντων
3207 4731 3539 4803 ἀνθρώπων,
3570 4735 3665 4788 καὶ

2071 4821 2335 4893 φρόνησις
2365 4821 2670 4894 ἀνθρώπων
2695 4821 2796 4873 οὑκ
2828 4819 2976 4874 ἔστιν
3014 4824 3073 4876 ἐν
3099 4823 3243 4893 ἐμοί.
3294 4823 3432 4887 Θεὸς
3476 4825 3523 4877 δ’
3551 4826 3665 4879 ἐδί-

2070 4912 2228 4978 δαξέν
2276 4930 2342 4985 με
2378 4913 2593 4982 σοφίαν,
2646 4914 2742 4966 καὶ
2792 4910 2995 4979 γνῶσιν
3048 4914 3220 4981 ἁγίων
3258 4913 3373 4982 ἐγὼ
3421 4914 3663 4983 ἔγνωκα.

2072 5006 2170 5071 Τίς
2191 5005 2356 5078 ἀνέϐη
2390 5010 2471 5070 είς
2493 5007 2585 5061 τὸν
2606 5007 2833 5077 οὐρανὸν
2856 5006 2875 5077 (
2897 5004 2937 5059 f.
2973 5005 3043 5059 26
3074 5007 3156 5076 v°)
3193 5008 3289 5059 καὶ
3311 5008 3522 5079 κατέϐη
3544 5026 3559 5073 ;
3581 5009 3665 5073 τίς

2073 5098 2378 5168 συνήγαγεν
2408 5097 2643 5168 ἀνέμους
2666 5099 2724 5151 ἐν
2754 5097 2974 5167 κόλπῳ;
3001 5097 3085 5160 τίς
3116 5098 3481 5170 συνέστρεψεν
3521 5101 3664 5172 ὕδωρ

2073 5188 2131 5240 ἐν
2160 5187 2391 5259 ίματίῳ;
2425 5189 2512 5252 τίς
2542 5190 2813 5261 ἐκράτησε
2843 5190 2955 5245 τῶν
3005 5191 3191 5261 ἄκρων
3248 5191 3350 5261 τῆς
3397 5192 3506 5261 γῆς
3535 5210 3552 5259 ;
3612 5191 3665 5245 τί

2071 5278 2242 5349 ὄνομα
2275 5278 2459 5350 αὐτῷ;
2496 5280 2530 5353 ἢ
2580 5282 2633 5333 τί
2665 5280 2837 5352 ὄνομα
2871 5284 2984 5345 τοῖς
3023 5282 3236 5346 τέκνοις
3276 5284 3473 5351 αὑτοῦ;
3504 5304 3524 5336 ι
3554 5286 3662 5339 Καὶ

2069 5371 2154 5435 τίς
2181 5371 2248 5425 ἂν
2269 5370 2354 5443 εἴη
2385 5371 2542 5437 ἄλλος
2570 5374 2711 5445 ἀνὴρ
2731 5376 2760 5426 6
2786 5373 2961 5428 ταῦτα
2989 5374 3235 5443 φάσκων,
3265 5376 3299 5446 ἢ
3336 5378 3364 5429 6
3397 5377 3658 5449 ἑνανθρυ

2068 5466 2250 5537 πήσας
2289 5465 2497 5538 Κύριος
2527 5466 2710 5538 ἡμῶν,
2738 5468 2855 5539 ἤτοι
2883 5467 2973 5522 διὰ
3006 5469 3104 5533 τὰς
3130 5472 3164 5540 η
3173 5469 3290 5540 μῶν
3319 5471 3654 5543 ἀφροσύνας,

463 5641 688 5719 [Pi-0v:
716 5659 845 5719 ym,
880 5646 1065 5719 ιε-ξιι.
1108 5646 1215 5719 ,⁸ᾉί
1247 5646 1376 5703 Cor.
1415 5664 1463 5713 1,
1496 5646 1586 5719 Ξί-
1667 5647 1691 5719 ἶ
1724 5646 1857 5719 ibid.
1896 5646 1965 5700 50

2078 5648 2105 5677 "
2146 5646 2304 5719 Joan.
2342 5663 2395 5709 1,
2431 5649 2494 5717 l,
2528 5648 2584 5704 2.
2661 5649 2685 5682 δ
2720 5646 2932 5705 Coloss.
2970 5666 3011 5715 1,
3048 5650 3135 5706 l6.
3211 5650 3425 5711 "Joan,
3467 5650 3652 5719 x1v,6.

390 5713 413 5746 '
441 5713 573 5770 ibid.
646 5712 868 5772 "Joan.
899 5731 939 5783 1,
966 5715 1020 5771 9.
1099 5717 1120 5749 ⁸
1155 5715 1318 5774 Prov.
1355 5712 1467 5786 xvi,
1505 5718 1594 5774 15.
1670 5718 1691 5751 ⁷
1725 5715 1884 5773 Joan.
1920 5732 1965 5784 ι,

2139 5718 2161 5749 ⁸
2196 5718 2331 5775 ibid.
2366 5719 2420 5774 4.
2479 5712 2519 5752 ’⁸
2557 5719 2722 5778 Prov.
2758 5736 2897 5782 xxx.
2925 5712 3050 5779 LI.
