3814 6220
136 324 165 379 Ι
178 324 292 381 125
1205 323 1530 416 ECLOGA)T
1545 323 2031 416 PROPHETICE.
2054 324 2265 383 —LIB.
2306 325 2396 387 Ill.
3299 332 3442 387 i126

136 442 213 506 ἃς
258 442 348 507 εἰς
389 441 582 498 ἐαυτὸν
633 442 942 510 ἀνεδέξατο,
991 444 1025 517 ἢ
1070 443 1158 499 διὰ
1188 445 1289 516 τὴν
1329 463 1349 497 ι
1391 446 1607 517 μωρίαν
1657 444 1748 499 τοῦ

1873 445 2041 516 seipso
2071 447 2326 520 sumpsit,
2359 447 2476 503 sive
2522 454 2748 520 propter
2788 466 2808 500 ε
2844 447 3134 505 stultitiam
3167 452 3440 522 pradica-

137 536 530 610 κηρύγματος,
560 557 580 591 ι
604 540 921 611 σοφωτέραν
954 539 1048 592 καὶ
1078 538 1436 612 ἰσχυροτέραν
1466 534 1631 592 οὖσαν
1650 538 1748 609 τῆς

1873 533 2024 589 ,ionis
2056 534 2134 598 ¹⁰,
2179 554 2198 587 ι
2250 535 2642 607 sapientiorem
2701 535 3100 609 fortioremque
3152 539 3437 594 hominum

137 629 260 684 τῶν
286 630 596 702 ἀνθρώπων
624 632 849 702 σοφίας;
884 631 1072 687 ἐνθάδε
1101 632 1201 703 μὲν
1235 631 1485 700 φάσκων,
1525 650 1543 683 ι
1578 632 1748 703 ἀφρο-

1873 626 2167 696 sapientia?
2199 626 2301 682 Hic
2330 628 2476 683 enim
2495 628 2708 693 dicens,
2737 647 2756 681 ι
2783 631 3144 687 stultissimus
3169 647 3291 686 sum
3322 646 3443 685 om-

136 723 409 787 νέστατος
455 723 565 794 γάρ
614 726 731 796 ειμι
782 726 1002 778 πάντων
1051 723 1388 797 ἀνθρώπων·
1432 742 1450 775 ι
1484 726 1543 777 ἐν
1582 723 1640 776 δέ
1673 722 1748 795 ξη¹

1878 719 2011 772 nium
2041 719 2308 785 virorum,
2351 739 2372 772 ι
2423 729 2478 776 et
2507 722 2563 775 in
2604 725 2950 792 sexagesimo
2981 735 3176 779 octavo
3204 725 3440 796 psalmo,

135 811 373 884 ψαλμῷ,
412 830 432 863 ι
471 813 543 867 Σὺ
578 812 749 882 ἔγνως
784 815 884 884 τὴν
915 812 1227 885 ἀφροσύνην
1271 829 1393 883 pou:
1438 831 1456 864 ›
1495 811 1660 882 φησὶν
1695 811 1748 863 δὲ

1873 829 1880 861 l
1910 810 1993 864 Tu
2014 812 2127 866 scis
2156 811 2525 883 insipientiam
2558 830 2731 869 meam
2753 816 2818 880 “,
2845 835 2863 867 ι
2900 818 3057 887 quasi
3079 819 3150 872 ob
3179 833 3444 888 generose

136 904 253 968 ὅτι,
294 923 316 956 ι
352 905 463 958 Καὶ
492 905 757 977 φρόνησις
782 904 1085 978 ἀνθρώπων
1122 905 1222 958 οὐκ
1263 903 1409 957 ἔστιν
1442 905 1499 957 ἐν
1545 903 1695 975 ἐμοὶ,
1725 922 1743 955 ι

1873 902 2063 958 "actum
2113 904 2453 975 gloriﬁcatur
2498 908 2644 978 quod
2696 909 2901 962 nullam
2932 925 3161 980 prorsus
3204 909 3431 981 pruden-

137 995 347 1070 ὥσπερ
392 998 478 1051 ἐπ’
520 996 977 1069 άνδραγαθήματι
1016 997 1483 1070 λαμπρυνάμενος
1529 997 1624 1051 ἐπὶ
1673 997 1748 1069 τῷ

1873 998 1989 1052 .iam
2017 998 2216 1052 habeat
2242 1013 2432 1054 eorum
2496 1001 2589 1071 qui
2644 1003 2940 1071 pecoribus
2969 1012 3025 1059 et
3056 1005 3442 1074 insipientibus

146 1089 431 1161 μηδεμίαν
452 1091 743 1161 ἐσχηκέναι
769 1090 1031 1162 φρόνησιν
1048 1089 1155 1144 τῶν
1178 1089 1748 1161 παρασυμϐληθέντων

1873 1091 2180 1161 equiparati
2213 1100 2363 1155 sunt,
2396 1093 2477 1147 vel
2505 1093 2822 1151 istiusmodi
2886 1096 3191 1161 hominum,
3221 1097 3441 1166 etquod

138 1184 265 1246 τοῖς
307 1183 529 1254 κτήνεσι
574 1186 688 1247 τοῖς
715 1170 985 1257 ἀνοῆτοις,
1032 1183 1126 1238 καί¹
1159 1183 1536 1255 ὁμοιωθέντων
1569 1184 1748 1248 αὐτοῖς

1878 1181 2120 1236 nsanivit
2179 1182 2484 1237 secundum
2540 1184 2867 1254 sapientiam
2927 1200 3118 1239 eorum
3169 1184 3262 1254 qui
3303 1184 3441 1239 nihil

139 1274 480 1348 ἀνθρώπων·
510 1276 544 1347 ἢ
581 1269 656 1330 ὧν
686 1277 786 1348 τὴν
815 1278 1007 1347 σοφίαν
1050 1275 1332 1347 ἐμώρανεν
1362 1276 1391 1328 ὁ
1416 1275 1548 1339 Θεὸς
1586 1276 1748 1347 μηδὲν

1873 1274 1968 1331 nisi
1994 1276 2300 1340 terrestria,
2335 1276 2576 1330 carnalia
2600 1283 2655 1331 et
2686 1276 2991 1332 materialia
3026 1278 3269 1348 sapiunt.
3309 1274 3442 1332 Inde

1856 1369 2163 1440 prudentia:
2184 1369 2446 1424 indicium
2474 1376 2559 1424 est
2606 1369 2661 1423 in
2693 1370 3045 1440 generatione
3068 1385 3190 1433 sua,
3231 1371 3278 1426 si
3317 1378 3442 1425 tan-

1856 1461 2142 1518 tummodo
2172 1477 2294 1532 qua:
2321 1469 2450 1517 sunt
2495 1478 2661 1526 super
2691 1472 2892 1516 terram
2918 1464 3223 1533 requirant,
3251 1469 3305 1518 et
3323 1476 3444 1533 qua’

143 1368 322 1423 πλέον
346 1369 688 1441 φρονούντων
710 1369 779 1422 τά
818 1370 911 1423 ἐπὶ
943 1370 1042 1441 τῆς
1064 1370 1187 1439 γῆς,
1228 1370 1331 1423 ὅσα
1377 1368 1588 1438 πέφυκε
1621 1385 1755 1440 σαρ-

142 1461 266 1515 κῶν
290 1479 350 1514 τε
388 1462 483 1516 καὶ
520 1461 654 1532 ὕλης
692 1464 897 1515 οίκεῖα⁸
937 1461 1059 1516 ὅθεν
1090 1461 1155 1533 δὴ
1179 1462 1273 1517 καὶ⁵
1304 1461 1754 1533 μεμαρτύρηνται

144 1556 207 1609 ἐν
232 1558 305 1627 τῇ
335 1557 499 1627 γενεᾷ
544 1555 726 1609 αὐτῶν
774 1557 1026 1629 φρόνιμοι
1072 1552 1234 1622 εἶναι,
1258 1556 1319 1609 τὸ
1340 1555 1463 1627 (τῷ)
1498 1557 1635 1628 μόνα
1683 1555 1748 1609 τὰ

1873 1568 2025 1622 prava
2057 1562 2188 1610 sunt
2214 1554 2446 1623 juvenili
2479 1553 2695 1621 sapiant
2728 1551 3021 1623 imperitia.
3045 1552 3294 1606 Humana
3322 1552 3418 1622 qui

142 1645 243 1698 ἐπὶ
274 1646 379 1717 γῆς
408 1644 592 1715 ζητεῖν
630 1648 725 1700 καὶ⁸
760 1646 1091 1700 διανοεῖσθαι
1124 1648 1189 1699 ἐκ
1217 1646 1469 1718 νεότητος
1498 1646 1590 1699 ἐπὶ
1626 1645 1748 1717 (ἔτι)

1873 1643 1981 1699 lem
2014 1659 2140 1698 cum
2164 1645 2392 1699 minime
2436 1643 2491 1696 in
2540 1643 2823 1712 prmcitato
2872 1643 3098 1698 homine
3131 1642 3443 1697 inveniatur

137 1736 215 1790 τά
245 1740 486 1811 πονηρά*
511 1738 825 1811 ἀνθρωπεία
861 1739 958 1810 μὲν
989 1738 1243 1811 οὐδαμῶς
1270 1735 1338 1811 ἦν
1368 1741 1426 1792 ἐν
1456 1738 1536 1810 τῷ
1568 1756 1748 1811 προει-

1873 1736 2173 1805 prudentia,
2204 1736 2425 1791 divinus
2465 1736 2538 1791 sit
2567 1744 2621 1790 et
2649 1734 2868 1789 homine
2895 1736 3072 1806 major
3095 1752 3322 1792 necesse
3337 1742 3444 1791 est.

143 1805 578 1903 pqpé‘ltpnd‘ﬁpi
611 1805 894 1904 φρόνησις,
927 1831 1087 1903 δῆλον
1205 1805 1408 1886 ὄτι-καὶ
1436 1805 1555 1886 θεία
1583 1805 1748 1903 ὑπερ-

1873 1828 2042 1897 Quare
2075 1829 2267 1900 adjicit
2300 1828 2622 1900 Scriptura:
2659 1847 2678 1880 ι
2713 1828 2855 1884 Deus
2887 1805 3183 1885 docuitme
3226 1831 3445 1901 sapien-

140 1921 473 1994 ἅνθρωπος·
508 1923 576 1976 δι’
611 1923 641 1976 ὃ
679 1924 775 1978 καὶ
814 1923 1065 1994 ἐπιφέρει
1104 1923 1299 1993 λέγων,
1338 1941 1357 1975 ι
1385 1923 1516 1988 Θεὸς
1562 1921 1606 1976 δ’
1643 1922 1748 1975 ἐδί-

1873 1924 1994 1976 liam
2027 1961 2042 1986 ,
2085 1928 2139 1977 et
2200 1921 2487 1977 scientiam
2539 1928 2855 1978 sanctorum
2919 1937 3020 1991 ego
3064 1922 3215 1977 novi.
3255 1941 3274 1974 ι
3309 1919 3444 1976 Dein

136 2015 279 2083 δαξέ
321 2032 391 2086 με
432 2016 651 2086 σοφίαν,
692 2017 787 2070 καὶ
815 2016 1019 2085 γνῶσιν
1055 2016 1229 2085 ἁγίων
1271 2014 1383 2084 ἐγὼ
1430 2014 1675 2083 ἔγνωκα·
1731 2033 1748 2066 ι

1873 2014 2284 2083 ηηιειετοεοιοτίε
2313 2013 2476 2068 dicit:
2505 2031 2524 2064 ι
2553 2013 2689 2079 Quis
2710 2012 3029 2069 ascenditin
3060 2015 3259 2068 coelum
3282 2023 3445 2084 atque

137 2104 271 2163 εἶτα
295 2108 727 2181 ἐρωτηματικῶς
782 2126 939 2181 φησι,
976 2128 993 2160 ι
1032 2107 1127 2170 Τίς
1160 2106 1327 2177 ἀνέϐη
1362 2110 1441 2171 εἰς
1472 2107 1566 2160 τὸν
1591 2107 1748 2179 οὐρα·

1873 2101 2257 2157 descendit?»
2313 2101 2424 2158 Nos
2477 2103 2729 2158 videlicet
2790 2104 3116 2160 adhortatus
3166 2104 3235 2159 ad
3296 2105 3446 2160 illius

141 2201 240 2255 νὺν
281 2201 379 2255 καὶ
404 2201 644 2272 κατέϐη;
676 2221 694 2253 ι
728 2201 891 2255 οἱονεὶ
922 2201 1203 2271 διεγείρων
1227 2200 1376 2271 ἡμᾶς
1403 2199 1497 2252 ἐπὶ
1524 2197 1748 2271 ζήτησιν

1873 2193 2339 2263 investigationem
2394 2194 2487 2264 qui
2533 2195 2663 2248 talia
2695 2193 2763 2249 de
2797 2210 2855 2249 se
2908 2196 3030 2265 ipso
3080 2196 3261 2252 docet.
3317 2195 3449 2264 Qua

141 2293 243 2348 τοῦ
275 2294 348 2348 τὰ
374 2293 680 2365 τηλικαῦτα
726 2295 851 2366 περὶ
888 2292 1082 2348 ἐαυτοῦ
1130 2293 1497 2358 διδάσκοντος,
1526 2293 1654 2364 περὶ
1695 2286 1748 2346 οἶ

1873 2296 2197 2355 sequuntur,
2257 2287 2533 2356 peculiare
2590 2290 3048 2342 commentarium
3108 2286 3445 2345 desiderant.

1861 2378 2091 2434 Divinus
2114 2379 2280 2449 igitur
2295 2379 2594 2449 Apostolus
2619 2379 2687 2433 de
2710 2395 2773 2434 eo
2804 2396 2905 2434 nos
2940 2381 3146 2436 docens
3180 2386 3318 2439 aitzc
3344 2382 3448 2450 Qui

1863 2466 2171 2530 descendit,
2201 2467 2318 2538 ipse
2350 2477 2435 2523 est
2455 2475 2509 2522 et
2534 2468 2628 2538 qui
2653 2468 2899 2523 ascendit
2928 2485 3095 2539 super
3122 2485 3315 2527 omnes
3337 2486 3448 2527 cm-

1860 2559 1943 2615 los
1972 2560 2037 2614 ¹².
2069 2577 2088 2609 ι
2122 2557 2280 2613 Hunc
2313 2558 2458 2613 enim
2493 2559 2738 2615 vicissim
2784 2559 3140 2617 descendisse
3167 2571 3223 2618 et
3249 2579 3450 2619 ascen-

1859 2650 2013 2705 disse
2036 2664 2342 2718 rursusque
2368 2649 2758 2716 descendisse;
2786 2654 2984 2707 etenim
3001 2668 3127 2708 cum
3160 2668 3189 2707 a
3220 2657 3449 2712 mortuis

1861 2739 2215 2802 surrexisset,
2251 2738 2435 2793 Mariae
2464 2740 2635 2795 dixit:
2658 2740 2816 2795 «Noli
2847 2754 3187 2813 metangere,
3207 2745 3450 2801 nondum

1860 2833 2007 2888 enim
2058 2832 2285 2887 ascendi
2319 2833 2384 2887 ad
2414 2831 2629 2887 Patrem
2665 2849 2847 2889 meum
2885 2835 2950 2889 ".
2989 2854 3008 2888 ι
3039 2834 3241 2892 Postea
3280 2839 3443 2894 disci-

1858 2923 2006 2993 pulis
2040 2923 2157 2978 suis
2189 2923 2343 2979 visus
2368 2931 2453 2978 est
2482 2939 2580 2994 per
2611 2924 2728 2980 dies
2776 2927 3162 2998 quadraginta,
3216 2929 3274 2984 in
3332 2947 3449 2988 me-

1860 3015 1952 3072 dio
2002 3032 2191 3073 eorum
2247 3017 2664 3087 congressus“.
2704 3015 2958 3073 Profecto
2994 3018 3063 3073 ad
3090 3018 3307 3075 Patrem
3335 3020 3449 3093 jam

1862 3124 2140 3175 reversus,
2174 3110 2373 3164 iterum
2402 3109 2475 3164 ad
2507 3124 2603 3165 eos
2651 3109 3021 3167 instituendos
3056 3112 3450 3176 descendebat.

1861 3197 2021 3255 Unde
2052 3209 2107 3254 et
2137 3198 2346 3253 dictum
2379 3205 2464 3253 est
2501 3216 2514 3252 :
2558 3216 2576 3249 ι
2615 3197 2933 3254 Ascendens
2957 3199 3011 3253 in
3037 3200 3206 3253 altum
3228 3239 3243 3266 ,
3277 3202 3450 3270 capti-

1858 3308 1980 3346 vam
2012 3290 2169 3346 duxit
2198 3291 2570 3362 captivitatem
2608 3309 2623 3345 :
2657 3290 2966 3347 deditdona
2992 3292 3310 3349 hominibus
3344 3294 3446 3350 ⁸⁸.»

1860 3382 1992 3451 Qua:
2020 3393 2224 3447 autem,
2250 3382 2357 3438 nisi
2383 3379 2620 3453 Spiritus
2654 3383 2833 3437 sancti
2863 3398 3112 3446 munera,
3143 3399 3265 3453 qua:
3288 3399 3319 3439 e
3337 3399 3450 3439 ca:-

1859 3477 1928 3531 lis
1953 3474 2365 3531 demisit?ldeo
2420 3483 2476 3530 et
2521 3476 2665 3544 apud
2698 3474 2954 3545 Aquilam
2987 3475 3231 3531 dicitur:
3263 3494 3282 3526 ι
3313 3475 3449 3543 Quis

1859 3564 2107 3621 ascendit
2128 3566 2184 3621 in
2216 3550 2418 3621 cmlum
2451 3572 2505 3620 et
2535 3565 2807 3621 demisit?
2853 3563 3000 3621 idem
3033 3568 3126 3637 qui
3176 3568 3449 3623 altissima

1858 3663 2021 3735 terrae
2065 3658 2368 3727 superavit,
2410 3658 2486 3712 ita
2532 3666 2592 3712 ut
2642 3658 2697 3712 in
2738 3672 2955 3712 omnem
3016 3665 3220 3712 terram
3276 3660 3449 3716 exiret

1860 3766 2032 3806 sonus
2076 3751 2220 3821 ejus,
2244 3758 2300 3805 et
2345 3750 2401 3804 in
2435 3750 2572 3805 ﬁnes
2597 3750 2748 3805 orbis
2794 3758 2954 3805 terra:
2977 3750 3139 3804 verba
3171 3750 3295 3821 ejus
3325 3751 3388 3805 ιθ.
3422 3771 3443 3805 ι

1858 3842 1959 3899 Cui
1991 3859 2123 3898 vero
2151 3843 2340 3898 datum
2408 3851 2494 3899 est
2529 3842 2759 3898 verbum
2810 3843 3077 3905 scientiae,
3120 3842 3211 3897 hic
3233 3844 3448 3899 noverit

1858 3936 2137 4007 quomodo
2177 3935 2529 4007 intelligenda
2572 3935 2683 3991 sint
2740 3942 2937 3991 caetera
2964 3935 3129 4006 hujus
3152 3936 3280 3991 loci.
3332 3936 3446 3993 Nos

1858 4028 2023 4099 igitur
2056 4027 2321 4084 admonet
2341 4038 2399 4083 ut
2432 4042 2746 4099 quaeramus
2776 4027 2925 4097 quod
2967 4028 3040 4082 sit
3090 4027 3162 4093 ei,
3214 4025 3445 4098 ejusque

1860 4121 1985 4178 ﬁliis
2033 4137 2253 4178 nomen.
2309 4119 2423 4176 Hac
2452 4120 2599 4176 enim
2632 4118 3055 4189 investigatione
3097 4118 3261 4173 nobis
3291 4133 3443 4175 Cum-

1856 4226 2072 4290 pertum
2106 4217 2217 4281 ﬁet,
2249 4216 2380 4271 huic
2408 4230 2605 4271 nomen
2631 4230 2755 4270 esse
2771 4212 2985 4280 Iesum,
3008 4213 3154 4284 quod
3175 4212 3270 4267 Dei
3292 4213 3441 4268 salus

141 2387 247 2439 καὶ
298 2385 368 2439 τά
414 2386 544 2457 ἑξῆς
588 2384 806 2458 εἴρηται
844 2386 982 2449 ἰδίας
1028 2385 1259 2455 δεόμενα
1309 2385 1523 2457 σχολῆς.
1564 2385 1622 2439 ὐ
1659 2385 1757 2457 μὲν

138 2474 403 2542 οὗιέθείος
418 2477 745 2541 Ἀπόστολος
767 2494 832 2529 πε
841 2479 895 2549 pi.
919 2476 1083 2529 αὐτοῦ
1111 2476 1378 2530 διδάσκων
1400 2477 1546 2548 ἡμᾶς
1572 2493 1756 2546 φησιν,

150 2591 171 2623 ι
223 2572 288 2623 '0
316 2570 565 2635 καταϐὰς
593 2572 673 2634 είς
702 2569 772 2623 τὰ
812 2569 1099 2643 κατώτερα
1134 2569 1276 2641 μέρη
1313 2570 1412 2639 τῆς
1438 2570 1561 2640 γῆς,
1595 2568 1759 2633 αὑτός

139 2665 304 2717 ἐστιν
329 2662 425 2717 καὶ
451 2665 480 2716 ό
503 2662 711 2726 ἀναϐὰς
746 2664 1003 2736 ὑπεράνω
1037 2661 1147 2715 τῶν
1175 2661 1450 2735 οὐρανῶν·
1493 2682 1511 2714 ι
1557 2663 1760 2734 προτά-

145 2752 250 2819 ξας
272 2754 336 2807 τὸ
377 2752 999 2824 κατεληλυθέναιαύτὸν,
1024 2748 1121 2805 εἶτ’
1158 2754 1524 2820 ἐπαναγαγὼν
1557 2751 1618 2804 τὸ
1664 2752 1759 2805 ἀν-

147 2844 479 2917 εληλυθέναι
498 2846 681 2917 φησὶν,
702 2845 889 2899 ἔπειτα
911 2844 1353 2918 κατεληλυθέναι⁸
1372 2832 1602 2915 ἐπείπερ
1623 2842 1760 2913 μετά

142 2937 251 3010 τὴν
288 2941 353 2991 ἐκ
398 2937 608 3010 νεκρῶν
650 2939 950 2993 ἀνάστασιν
998 2938 1170 2993 εἰπὼν
1217 2941 1284 3010 τῇ
1323 2936 1575 3009 Μαριὰμ,
1609 2956 1627 2989 ι
1664 2938 1755 3009 Μή

149 3047 258 3103 μου
305 3028 499 3095 ἆπτου,
541 3030 696 3083 οὔπω
728 3030 837 3103 γὰρ
866 3030 1186 3103 ἀναϐέϐηκα
1223 3030 1360 3103 πρὸς
1400 3028 1493 3082 τὸν
1527 3028 1752 3100 Πατέρα

148 3138 292 3196 μου’
333 3142 352 3174 ι
390 3122 531 3194 μετά
553 3122 725 3176 ταῦτα
756 3122 910 3195 ὤφθη
946 3126 1057 3188 τοῖς
1093 3123 1362 3195 μαθηταῖς
1394 3121 1487 3174 ἐπὶ
1516 3120 1751 3193 ἡμέραις
1784 3152 1826 3209 c

145 3214 567 3287 τεσσαράκοντα
585 3214 1039 3287 συναυλιζόμενος
1059 3216 1243 3279 αὐτοῖς
1260 3233 1273 3246 ·
1303 3211 1645 3285 ἀνεληλυθώς
1666 3212 1759 3285 δη-

142 3305 289 3379 λαδὴ
316 3305 456 3378 πρὸς
484 3310 576 3359 τὸν
596 3307 837 3378 Πατέρα,
871 3307 965 3359 καὶ
986 3302 1143 3369 αὖθις
1170 3305 1237 3358 δι’
1259 3303 1324 3375 ἣν
1354 3302 1596 3355 ἐπετέλει
1622 3303 1760 3355 οίκο-

142 3396 348 3469 νομίαν
374 3395 775 3466 κατεληλυθώς.
825 3397 917 3450 Διὸ
946 3397 1041 3451 καὶ
1066 3395 1280 3468 εἴρηται
1310 3412 1323 3425 ο
1353 3412 1372 3445 ι
1418 3392 1651 3457 Ἀναϐὰς
1678 3393 1759 3458 είς

142 3488 291 3560 ὕψος
339 3489 763 3561 ᾐχμαλώτευσεν
798 3489 1197 3561 αἰχμαλωσίαν,
1245 3487 1414 3542 ἔδωκε
1457 3486 1668 3558 δόματα
1699 3488 1757 3540 ἐν

142 3579 487 3652 ἀνθρώποις.
522 3598 541 3631 ι
578 3580 713 3633 Τίνα
743 3579 799 3632 δέ
823 3578 997 3633 ταῦτα
1027 3578 1059 3648 ἦ
1082 3578 1149 3631 τὰ
1170 3577 1258 3630 διὰ
1277 3577 1371 3630 τοῦ
1408 3576 1563 3645 ἁγίου
1589 3574 1759 3628 Πνεύ-

151 3688 327 3742 ματος
372 3670 708 3742 χαρίσματα,
738 3671 884 3740 ειπερ
927 3668 989 3734 ἐξ
1017 3668 1250 3741 οὐρανοῦ
1274 3666 1637 3732 κατεϐίϐασε;
1667 3666 1758 3719 Διὸ

148 3763 249 3816 καὶ
278 3762 517 3815 ἐνταῦθα
546 3761 697 3833 παρά
747 3760 827 3830 τῷ
865 3759 1068 3831 Ἀκύλᾳ
1108 3760 1343 3830 εἴρηται·
1386 3777 1404 3809 ι
1466 3757 1562 3820 Τίς
1589 3756 1757 3828 ἀνέϐη

144 3858 230 3919 εἰς
259 3854 361 3909 τὸν
380 3854 608 3925 οὐρανὸν
637 3856 731 3909 καὶ
758 3852 1115 3907 κατεϐίϐασεν
1140 3869 1154 3918 ;
1176 3852 1347 3906 Αὐτὸς
1377 3849 1434 3903 δὲ
1469 3850 1563 3904 καὶ
1589 3848 1759 3920 ἐκρά-

146 3964 288 4019 τησε
331 3946 441 4000 τῶν
472 3947 656 4017 ἄκρων
687 3946 791 4017 τῆς
829 3946 955 4015 γῆς,
988 3944 1130 3998 ὣστε
1158 3946 1260 4007 ἐἰς
1296 3946 1477 3998 πᾶσαν
1509 3943 1609 4015 τὴν
1650 3942 1757 4013 γῆν

142 4037 391 4107 ἐξελθεῖν
432 4038 524 4092 τὸν
554 4038 709 4106 λόγον
736 4036 925 4102 αὑτοῦ,
971 4036 1065 4089 καὶ
1106 4037 1188 4099 εἰς
1214 4036 1282 4090 τὰ
1314 4035 1527 4107 πέρατα
1549 4033 1650 4105 τῆς
1676 4036 1757 4088 οί-

149 4132 430 4204 κουμένης
477 4130 549 4185 τά
600 4133 823 4203 ῥήματα
871 4129 1057 4185 αὑτοῦ.
1095 4149 1114 4182 ι
1151 4123 1221 4200 ᾯ
1261 4128 1319 4181 δέ
1352 4128 1557 4182 δέδοται
1600 4126 1758 4196 λόγος

146 4225 431 4295 γνώσεως,
464 4218 620 4288 οὗτος
653 4224 859 4279 εἴσεται
880 4225 1028 4288 ὅπως
1049 4222 1114 4277 ἂν
1139 4221 1359 4294 νοηθείη
1389 4221 1484 4273 καὶ
1501 4219 1570 4272 τὰ
1591 4218 1757 4273 λοιπά

146 4317 263 4372 τῶν
301 4316 447 4372 κατά
488 4317 580 4371 τὸν
620 4317 816 4371 τόπον·
855 4316 1156 4387 προτρέπει
1183 4314 1239 4367 δὲ
1277 4313 1426 4385 ἡμᾶς
1452 4311 1545 4365 ἐπὶ
1572 4310 1633 4363 τὸ
1658 4309 1757 4381 ζη-

146 4412 320 4483 τῆσαι
344 4412 397 4465 τί
418 4411 590 4483 ὄνομα
615 4410 767 4482 αὑτῷ
798 4428 859 4464 τε
889 4411 984 4464 καὶ
1012 4412 1126 4473 τοῖς
1162 4408 1375 4470 τέκνοις
1406 4405 1593 4459 αὐτοῦ’
1618 4405 1755 4478 πρὸς

1859 4309 2273 4380 interpretatur,
2338 4307 2485 4379 quod
2522 4314 2576 4363 et
2604 4313 2864 4378 parentes
2893 4306 3035 4374 ejus,
3092 4319 3123 4359 a
3183 4305 3438 4361 Gabriele

1858 4403 2147 4467 admoniti,
2175 4403 2561 4471 imposuerunt
2619 4400 2692 4467 ei,
2736 4399 2898 4454 istius
2926 4414 3150 4454 causam
3194 4398 3446 4454 denomi-

146 4505 315 4559 τοῦτο
338 4504 383 4557 δ’
413 4502 836 4574 ύπακουσϐμεθα
876 4503 941 4555 ἐκ
970 4503 1068 4573 τῆς
1094 4499 1375 4573 ἐνεργείας
1420 4498 1748 4568 παρειληφό-

1873 4494 2104 4550 sationis
2135 4493 2330 4564 angelo
2367 4493 2490 4563 ipso
2532 4492 2898 4562 signiﬁcante.
2935 4508 2954 4541 ι
2980 4490 3100 4561 Ipse
3132 4490 3301 4553 enim,
3359 4490 3446 4544 in-

147 4615 267 4662 τες,
311 4597 462 4668 αὐτῷ
498 4598 595 4668 μὲν
634 4597 901 4667 ὑπάρχειν
929 4595 1101 4665 ὄνομα
1148 4591 1375 4664 Ἰησοῦς,
1402 4592 1541 4663 ὅπερ
1578 4591 1753 4662 ἑρμη-

146 4690 375 4744 νεύεται
412 4689 559 4744 Θεοῦ
588 4689 871 4757 σωτηρίαο
900 4687 929 4740 ὃ
953 4687 1047 4740 καὶ
1078 4687 1127 4738 οἱ
1162 4684 1304 4738 κατὰ
1342 4683 1523 4755 σάρκα
1578 4697 1752 4753 προσ-

146 4786 384 4854 ήκοντες
418 4781 562 4836 κατά
586 4781 677 4834 τὸν
710 4781 805 4834 τοῦ
844 4778 1083 4852 Γαϐριὴλ
1132 4775 1518 4849 χρηματισμὸν
1568 4774 1753 4826 ἐπιτε-

147 4876 402 4930 θείκασιν
431 4872 601 4944 αὐτῷ,
628 4871 966 4943 ὑποθεμένου
994 4872 1090 4924 καὶ
1121 4870 1218 4940 τὴν
1248 4867 1427 4923 αἰτίαν
1461 4866 1556 4921 τοῦ
1587 4865 1755 4936 ἀγγέ-

147 4968 247 5022 λου
285 4967 390 5039 τῆς
424 4965 679 5036 τοιαύτης
713 4963 1105 5036 προσηγορίας,
1146 4981 1165 5013 ι
1206 4960 1377 5026 Αὐτὸς
1420 4960 1530 5032 γὰρ
1564 4959 1748 5023 σώσει,

150 5061 314 5133 φησὶ,
348 5060 438 5113 τὸν
474 5058 601 5111 λαὸν
656 5055 821 5110 αὑτοῦ
857 5056 967 5109 ἀπὸ
1000 5054 1110 5108 τῶν
1160 5053 1450 5126 ἁμαρτιῶν
1484 5052 1685 5106 αὐτῶν.
1725 5070 1743 5103 ι

1860 4588 2001 4659 quit,
2057 4587 2271 4642 salvum
2321 4584 2486 4639 faciet
2511 4584 2773 4655 populum
2807 4599 2968 4639 suum
3019 4598 3049 4636 a
3079 4583 3323 4654 peccatis
3351 4597 3444 4639 eo-

1859 4695 1980 4734 rum
2020 4679 2083 4733 ".
2126 4698 2144 4730 ι
2202 4675 2410 4731 Nomen
2463 4691 2594 4731 vero
2655 4673 2892 4729 ﬁliorum
2933 4687 3181 4738 suorum,
3243 4674 3445 4744 quibus

1860 4770 2000 4825 dixit
2027 4789 2039 4824 :
2067 4787 2085 4820 ι
2112 4766 2318 4831 Filioli,
2346 4766 2529 4821 adhuc
2562 4764 2839 4820 modicum
2875 4765 3159 4820 vobiscum
3202 4764 3440 4826 511111⁸⁸.»

1860 4876 2162 4932 eorumque
2215 4861 2308 4929 qui
2338 4866 2463 4929 post
2490 4873 2585 4914 eos
2618 4858 2675 4911 in
2707 4858 2968 4913 omnibus
3023 4856 3288 4913 Ecclesiis
3340 4871 3444 4911 na-

1862 4963 2083 5010 scentur
2106 4951 2368 5016 ﬁliorum,
2396 4958 2449 5004 et
2475 4957 2835 5020 pronepotum
2853 4964 3045 5005 eorum
3070 4989 3084 5013 ,
3120 4949 3266 5018 quod
3295 4948 3443 5003 aliud

1857 5058 2024 5111 esset,
2056 5046 2163 5102 nisi
2198 5044 2547 5100 benedictum
2574 5042 2710 5097 illud
2735 5042 3097 5097 christianum
3133 5039 3376 5095 nomen?

150 5157 228 5211 Τὸ
258 5156 319 5210 δὲ
348 5156 459 5210 τῶν
505 5156 709 5210 τέκνων
768 5153 934 5209 αὐτοῦ
971 5152 1163 5223 ὄνομα,
1196 5145 1277 5215 οἷς
1312 5150 1487 5219 ἔλεγε,
1521 5168 1539 5201 ι
1574 5147 1805 5213 Τεκνία,
1830 5145 1910 5199 ἔτι
1947 5143 2142 5216 μικρὸν
2176 5140 2238 5211 (f.
2279 5139 2372 5212 27)
2400 5139 2592 5212 χρόνον
2637 5137 2756 5209 μεθ’
2786 5137 2941 5208 ὑμῶν
2970 5138 3105 5207 εἰμι,
3145 5152 3165 5186 ι
3193 5137 3290 5189 καὶ
3335 5134 3442 5189 τῶν

152 5256 275 5327 μετ’
304 5253 547 5315 ἐκείνους
571 5253 629 5307 ὲν
649 5250 888 5315 άπάσαις
914 5251 1030 5313 ταῖς
1070 5247 1418 5319 Ἐκκλησίαις
1454 5245 1586 5299 υἱῶν
1626 5261 1686 5298 τε
1738 5240 1903 5297 αὐτοῦ
1945 5241 2041 5294 καὶ
2082 5237 2290 5292 υίωνῶν
2332 5237 2429 5290 καλ⁸
2466 5233 2781 5303 ἀπογόνων,
2818 5233 2873 5286 τί
2908 5231 2975 5286 ἂν
3005 5230 3133 5285 ἄλλο
3182 5229 3267 5301 εἴη
3305 5228 3446 5299 fier

148 5347 518 5420 εὐλογημένον
541 5346 854 5419 χριστιανὸν
883 5346 1053 5417 ὄνομα
1075 5361 1090 5411 ;

703 5438 1101 5493 ΚΕΦᾹΛΑΙΟΝ
1138 5437 1211 5492 A'.

537 5531 683 5586 Ἀπὸ
709 5530 815 5584 τοῦ
864 5526 1369 5597 Ἐκκλησιαστοῦ.

302 5622 531 5694 Ἅγαθὸς
579 5626 710 5687 παῖς
759 5622 929 5694 πένης
977 5620 1070 5675 καὶ
1114 5618 1277 5689 σοφὸς
1324 5616 1466 5689 ὑπὲρ
1524 5614 1748 5686 βασιλέα

230 5758 278 5790 ¹⁶
313 5758 329 5811 Ι
364 5759 491 5815 Cor.
528 5756 703 5822 1,.21.
779 5756 819 5788 ¹¹
861 5752 1006 5810 Ρείιι.
1042 5769 1246 5815 uvnl,
1284 5751 1337 5806 6.
1379 5808 1385 5813 ,

154 5841 245 5894 ιν,
293 5827 347 5884 8.
447 5829 495 5861 ¹⁶
533 5826 679 5885 Psal.
716 5840 882 5892 xvnt,
916 5826 970 5881 4.
1067 5826 1109 5857 ⁸⁷
1151 5822 1440 5891 Matth.“
1476 5822 1567 5877 Si.

1420 5751 1464 5782 ¹¹
1502 5748 1701 5811 Ephes.
1738 5763 1827 5811 Iv,
1866 5745 1954 5801 10.
2034 5743 2077 5776 ⁸³
2111 5741 2273 5797 Joan.
2310 5756 2410 5809 xx,
2440 5739 2570 5811 H7.

1549 5765 1701 5821 pnes.
1738 5765 1827 5811 ιν,
1866 5765 1954 5801 ιυ.
2034 5765 2077 5776 --
2111 5765 2273 5797 man.
2310 5765 2410 5809 xx,
2442 5765 2459 5814 ξ

1554 5861 1567 5875 .
1684 5819 1728 5853 ¹⁸
1760 5817 1918 5874 Joan.
1954 5814 2215 5876 xnt.'35.

2467 5417 2699 5475 CAPUT
2730 5415 2820 5469 IV.

1968 5580 1979 5593 _
2412 5511 2496 5565 Ex
2535 5510 2878 5565 Ecclesiaste.

1931 5628 1950 5661 ι
1988 5608 2176 5664 Melior
2226 5615 2309 5663 est
2342 5620 2475 5677 puer
2506 5618 2714 5676 pauper
2737 5611 2791 5658 et
2813 5599 3038 5671 sapiens
3070 5614 3198 5671 rege
3233 5614 3367 5656 sene
3385 5606 3442 5655 et

2648 5737 2693 5770 ¹⁸
2728 5736 2849 5793 Act.
2916 5751 2969 5802 ι,
3001 5734 3057 5791 5.
3152 5734 3198 5768 ¹⁸
3233 5732 3434 5806 Ephes.
