3840 6222
379 289 516 345 “27
1102 284 1372 340 EUSEBII
1411 282 1889 342 CJESARIENSlS
1925 282 2076 340 OPP.
2115 280 2300 336 PARS
2326 279 2414 335 Ill.
2453 311 2528 324 -—-
2560 277 2974 334 EXEGETICA.
3533 268 3676 321 1125

378 403 568 466 stulto,
605 401 700 473 qui
733 401 916 458 nescit
944 402 1244 472 praevidere
1292 404 1347 456 in
1376 409 1680 472 posterum.
1709 401 1867 467 Quod
1889 400 1960 454 de

2101 398 2436 471 ῖρεσϐὑτερον
2466 399 2560 450 καὶ
2589 398 2820 467 ἄφρονα,
2850 395 2910 458 ὃς
2937 394 3040 446 οὐκ
3077 391 3218 459 ἔγνω
3241 389 3339 444 τοῦ
3373 387 3677 460 προσέχειν

377 508 602 547 carcere
657 495 975 563 catenisque
1023 493 1299 547 interdum
1346 494 1473 563 quis
1526 493 1844 563 egrediatur
1890 494 1959 548 ad

2101 508 2163 546 ct.
2203 492 2324 544 ’Ότι
2357 491 2416 556 ἐξ
2437 488 2591 541 οἴκου
2623 486 2858 557 δεσμίων
2893 483 3236 549 ἐξελεύσεται
3271 481 3370 534 τοῦ
3409 477 3660 551 βασιλεῦ-

380 599 611 655 regnum
640 604 652 638 :
681 593 735 639 et
769 585 910 640 alius
941 592 1105 639 natus
1136 584 1190 637 in
1223 599 1415 654 regno,
1449 585 1633 654 inopia
1667 599 1962 640 consuma-

2101 601 2175 645 αι,
2205 583 2289 635 ὅτι
2325 581 2416 634 καί
2459 596 2522 649 γε
2566 581 2623 632 ἐν
2668 578 2916 649 βασιλείᾳ
2958 575 3125 630 αὑτοῦ
3175 572 3416 644 ἐγενήθη
3477 571 3679 641 πένης.

379 687 488 732 tur.
530 676 654 731 Vidi
681 686 914 732 cunctos
949 678 1215 736 viventes.
1257 677 1352 746 qui
1385 677 1666 731 ambulant
1713 677 1817 732 sub
1846 678 1963 733 sole

2101 672 2216 728 ἰῖδον
2251 674 2572 744 σύμπαντας
2613 672 2739 734 τοὺς
2789 669 2999 734 ζῶντας
3045 668 3172 730 τοὺς
3223 662 3683 748 περιπατοῦντας

381 785 507 824 cum
553 769 903 824 adolescente
955 771 1221 834 secundo,
1253 771 1348 840 qui
1386 778 1685 841 consurget
1727 787 1827 840 pro
1874 787 1962 828 eo.

381 861 632 918 lntinitus
663 877 927 917 numerus
973 869 1056 916 est
1086 862 1272 933 p0puli
1304 863 1548 916 omnium
1573 901 1589 928 ,
1612 863 1704 933 qui
1742 863 1964 918 fuerunt

383 962 512 1009 ante
548 969 672 1008 eum
708 972 722 1009 :
757 955 920 1024 etqui
961 961 1151 1024 postea
1182 953 1352 1008 futuri
1384 963 1534 1018 sunt,
1561 970 1669 1009 non
1700 955 1965 1009 laetabun-

385 1051 473 1096 tur
525 1043 579 1097 in
641 1058 727 1096 eo.
775 1043 882 1096 Sed
939 1044 995 1096 in
1047 1043 1171 1107 hoc,
1203 1044 1421 1099 vanitas
1463 1051 1520 1098 ct
1550 1043 1771 1098 atilictio
1801 1045 1966 1114 spiri-

382 1143 475 1188 tus
503 1136 567 1190 ¹⁹.
611 1133 785 1188 »Ευῐη
816 1133 1090 1197 Christus,
1123 1136 1215 1202 qui
1254 1153 1271 1186 ‹
1309 1136 1578 1204 sapientia
1606 1136 1704 1190 Dei
1735 1136 1780 1167 ²⁰
1815 1155 1834 1188 ι
1856 1143 1964 1203 est,

385 1240 484 1295 pro
515 1223 672 1278 nobis
706 1223 1063 1287 mendicavit,
1095 1224 1250 1280 dives
1300 1225 1447 1287 licet,
1478 1226 1611 1280 mihi
1645 1227 1862 1281 videtur
1900 1228 1968 1282 de

386 1331 452 1372 eo
475 1317 622 1370 dici:
669 1334 686 1366 ι
735 1315 924 1370 Melior
965 1325 1048 1370 est
1087 1332 1221 1387 puer
1255 1332 1462 1386 pauper
1500 1327 1553 1370 et
1591 1319 1811 1387 sapiens
1842 1334 1969 1389 rege

385 1425 520 1466 sene
558 1419 610 1463 et
661 1410 854 1471 stulto,
891 1428 908 1460 ι
943 1424 1105 1478 quem
1141 1424 1341 1463 censeo
1373 1409 1816 1478 antiquissimum
1853 1425 1971 1464 ma-

386 1499 565 1554 lorum
595 1499 806 1552 dierum
837 1514 960 1552 esse
977 1498 1275 1552 diabolum.
1306 1497 1405 1551 Hic
1427 1514 1620 1568 nempe
1644 1500 1712 1554 iis
1739 1515 1832 1554 rex
1857 1507 1967 1564 est,

387 1593 482 1663 qui
511 1600 738 1662 peccato
769 1606 864 1660 per
885 1606 1009 1645 eum
1043 1591 1097 1644 in
1121 1592 1253 1646 orbe
1287 1591 1486 1646 diﬂ'uso
1519 1601 1808 1662 reguntur;
1839 1595 1973 1648 stul-

385 1692 480 1740 tus
515 1700 645 1738 vero
675 1723 690 1749 ,
731 1692 790 1736 ut
822 1683 912 1753 qui
948 1684 1155 1752 optima
1186 1689 1490 1737 secundum
1530 1682 1702 1739 Deum
1733 1687 1974 1755 pruden-

2064 765 2170 817 ὑπὸ
2196 763 2287 817 τὸν
2317 763 2466 833 ἥλιον
2512 760 2648 832 μετὰ
2693 757 2790 812 τοῦ
2834 759 3117 812 νεανίσκου
3152 757 3244 810 τοῦ
3295 754 3590 825 δευτέρου,
3619 751 3684 813 ὃς

2063 858 2430 928 ἀναστήσεται
2451 857 2569 908 ἀντ’
2594 853 2780 908 αὐτοῦ.
2807 854 2922 906 Οὐκ
2949 852 3062 905 ἐστι
3087 850 3372 922 περασμος
3513 848 3682 900 παντὶ

2066 950 2181 1020 λαῷ
2211 953 2323 1013 τοῖς
2355 951 2543 1013 πᾶσιν,
2579 949 2693 1002 ὅσοι
2715 947 2966 1016 ἐγένοντο
2996 944 3306 1016 ἔμπροσθεν
3333 942 3549 996 αὐτῶν·
3583 944 3685 995 καί

2066 1060 2130 1112 γε
2153 1045 2204 1095 οί
2240 1043 2456 1112 ἔσχατοι
2497 1041 2599 1094 οὐκ
2643 1038 3115 1110 εὐφρανθήσονται
3152 1039 3210 1088 ἐν
3240 1035 3413 1105 αὐτῷ,
3446 1037 3540 1088 ὅτι
3584 1035 3684 1087 καί

2068 1154 2132 1206 γε
2187 1136 2348 1188 τοῦτο
2404 1134 2709 1206 ματαιότης
2747 1133 2842 1186 καὶ
2895 1131 3218 1202 προαίρεσις
3267 1128 3605 1198 πνεύματος.
3657 1147 3681 1176 ι

2081 1228 2232 1281 Ἐπεὶ
2261 1227 2495 1298 Χριστὸς
2525 1245 2542 1276 ι
2579 1225 2740 1293 σοφία
2764 1223 2900 1277 Θεοῦ
2933 1244 2950 1275 ι
2969 1221 3066 1286 ὣν,
3087 1221 3154 1274 δι’
3181 1223 3328 1292 ἡμᾶς
3349 1219 3684 1289 ἐπτώχευσε

2071 1321 2326 1383 πλούσιος
2354 1318 2452 1384 ὢν,
2481 1315 2636 1389 οἶμαι
2670 1317 2797 1388 περὶ
2827 1316 2990 1370 αὑτοῦ
3023 1315 3281 1384 λέγεσθαι
3310 1314 3390 1377 τὸ,
3425 1331 3449 1362 τι
3507 1315 3682 1380 Ἀγα-

2072 1412 2164 1476 θὸς
2188 1415 2318 1475 παῖς
2352 1413 2520 1481 πένης
2554 1411 2648 1462 καὶ
2672 1410 2835 1479 σοφὸς
2852 1409 2996 1480 ὑπὲρ
3037 1407 3258 1478 βασιλέα
3293 1405 3682 1478 πρεσϐύτερον

2072 1506 2167 1558 καὶ
2213 1504 2443 1575 ἄφρονα
2494 1521 2512 1554 ι
2549 1502 2607 1555 ὃν
2640 1501 2844 1572 νομίζω
2892 1495 3033 1554 εἶναι
3083 1500 3176 1552 τὸν
3214 1498 3684 1568 πεπαλαιωμένον

2074 1595 2295 1666 ἡμερῶν
2327 1594 2511 1648 κακῶν
2551 1594 2796 1648 διάϐολον
2817 1610 2832 1625 ο
2866 1593 2924 1656 ὃς
2958 1591 3209 1663 βασιλεὺς
3254 1592 3351 1660 μέν
3395 1592 3516 1644 ἐστι
3565 1588 3684 1642 τῶι)

2077 1687 2508 1758 βασιλευομένων
2523 1687 2628 1739 ὑπὸ
2650 1686 2751 1754 τῆς
2769 1684 3168 1755 ἐνεργουμένης
3193 1683 3284 1736 ὑπ’
3303 1681 3469 1736 αὑτοῦ
3493 1683 3684 1752 ἀμαρι

387 1778 464 1830 tia
513 1784 717 1832 careat.
759 1775 854 1830 llle
892 1784 1073 1829 autem
1110 1775 1426 1845 praecitatus
1464 1794 1482 1826 ι
1532 1792 1666 1846 puer
1691 1793 1897 1848 pauper
1919 1786 1972 1833 et

2101 1781 2213 1844 πίας,
2243 1780 2432 1852 ἄφρων
2465 1798 2528 1849 γε
2563 1779 2667 1850 μὴν
2701 1779 2789 1831 διὰ
2825 1779 2887 1831 τὸ
2915 1777 3241 1850 ἐστερῆσθαι
3267 1776 3369 1844 τῆς
3407 1775 3686 1845 ἐναρέτου

389 1871 611 1941 sapiens
637 1870 704 1924 de
733 1884 974 1933 carcere,
1007 1888 1028 1919 ι
1057 1869 1175 1923 sive
1207 1868 1273 1924 de
1299 1871 1404 1925 hoc
1435 1871 1689 1926 terrestri
1719 1872 1863 1934 loco,
1896 1872 1971 1926 si-

389 1979 454 2018 ve
477 1963 546 2016 de
565 1963 802 2028 inferno,
833 1976 864 2014 a
893 1963 1126 2018 mortuis
1147 1977 1438 2033 resurgens
1465 1978 1722 2033 egressus
1748 1971 1833 2018 est
1857 1961 1968 2018 Rex

390 2071 422 2111 ε
444 2055 607 2110 Patre
636 2070 804 2124 super
836 2055 1116 2110 cmiestem
1140 2055 1272 2110 Sion
1301 2065 1540 2111 montem
1576 2054 1673 2111 Dei
1701 2057 1974 2111 constitu-

391 2157 483 2204 tus
506 2149 572 2211 “,
613 2157 668 2202 et
718 2149 775 2202 in
826 2149 946 2218 ipso
1005 2163 1175 2218 regno
1217 2149 1340 2219 ejus
1380 2149 1561 2205 factus
1607 2158 1693 2204 est
1743 2165 1969 2220 panper,

399 2261 420 2294 ς
459 2257 569 2296 non
593 2241 837 2310 rapinam
870 2241 1168 2296 arbitratus
1187 2258 1312 2298 esse
1349 2257 1408 2298 se
1433 2243 1697 2312 aequalem
1724 2241 1920 2306 Deo“,
1947 2262 1966 2294 ›

393 2333 489 2388 sed
519 2334 760 2403 seipsum
797 2333 1120 2397 humilians,
1154 2343 1209 2389 et
1239 2335 1306 2389 de
1337 2335 1604 2390 altissima
1635 2334 1973 2390 descendens

389 2423 589 2494 gloria,
622 2433 844 2494 propter
887 2438 984 2478 eos
1015 2425 1111 2494 qui
1165 2426 1449 2494 sapientia:
1490 2425 1614 2494 ejus
1657 2426 1970 2483 divitiarum

392 2516 691 2586 participes
715 2531 823 2571 non
852 2523 1028 2572 erant.
1051 2515 1154 2582 Qui
1189 2526 1370 2571 autem
1401 2516 1668 2572 adversus
1690 2533 1816 2572 eum
1849 2531 1974 2573 sur-

393 2609 604 2664 rexisse
644 2608 846 2664 dicitur
896 2611 1173 2665 secundus
1214 2609 1556 2673 adolescens,
1599 2609 1973 2665 Antichristus

393 2715 519 2758 esse
559 2702 688 2756 mihi
737 2702 974 2767 videtur,
1009 2717 1248 2772 quocum
1281 2716 1472 2756 omnes
1501 2703 1605 2758 sub
1646 2703 1760 2757 sole
1785 2703 1976 2757 viven-

395 2801 482 2847 tes
507 2800 562 2847 et
593 2793 936 2848 ambulantes
984 2793 1191 2847 vidisse
1222 2793 1358 2846 dicit
1399 2791 1705 2862 Scriptura.
1737 2791 1973 2858 Quinam

395 2887 529 2939 vero
557 2885 648 2940 isti
676 2892 828 2949 sunt,
856 2885 965 2940 nisi
993 2892 1369 2954 quotcunque,
1418 2898 1541 2952 quae
1573 2885 1680 2939 sub
1709 2884 1825 2938 sole
1853 2895 1976 2938 esse

397 2969 623 3037 dicitur,
660 2989 679 3022 ι
718 2970 1022 3027 vanitatem
1058 2970 1364 3023 vanitatum
1391 2987 1409 3019 ι
1445 2969 1680 3039 amplexi
1708 2970 1884 3024 sunt?

1030 3242 1257 3299 CAPUT
1302 3243 1367 3299 V.

968 3337 1052 3390 Ex
1073 3337 1414 3393 Ecclesiaste.

479 3450 500 3486 ι
532 3429 682 3485 lianc
711 3445 930 3500 quoque
970 3430 1073 3484 sub
1113 3431 1228 3484 sole
1253 3430 1366 3484 vidi
1397 3429 1744 3500 sapientiam,
1773 3437 1827 3485 et
1854 3445 1982 3500 pro-

401 3524 528 3580 bavi
555 3523 870 3576 maximam.
908 3519 1118 3575 Civitas
1143 3535 1330 3590 parva,
1359 3528 1415 3574 et
1451 3524 1610 3590 pauci
1641 3523 1696 3574 in
1729 3537 1794 3575 ea
1831 3521 1934 3578 viri
1966 3540 1977 3574 :

404 3615 555 3670 venit
585 3620 778 3667 contra
810 3627 930 3666 eam
975 3628 1068 3666 rex
1106 3627 1358 3682 magnus,
1391 3619 1444 3666 et
1473 3613 1695 3668 vallavit
1716 3629 1857 3677 eain,
1885 3630 1982 3670 ex—

405 3707 716 3775 struxitque
767 3705 1102 3758 munitiones
1147 3720 1243 3775 per
1291 3720 1505 3775 gyrum,
1533 3715 1586 3759 et
1632 3705 1874 3775 perfecta
1901 3714 1984 3762 est

403 3801 640 3856 obsidio.
666 3799 1034 3868 lnventusque
1051 3808 1134 3854 est
1159 3799 1215 3851 in
1231 3814 1294 3854 ea
1319 3798 1400 3852 vir
1424 3813 1629 3868 pauper
1656 3808 1710 3853 et
1736 3801 1980 3870 sapiens,

404 3901 459 3948 et
490 3894 741 3947 liberavit
785 3891 974 3945 urbem
1007 3905 1105 3959 per
1133 3889 1456 3960 sapientiam
1490 3905 1668 3955 suam,
1704 3901 1758 3946 et
1803 3893 1983 3950 nullus

407 3985 667 4054 deinceps
697 3983 1019 4037 recordatus
1044 3989 1130 4036 est
1174 3981 1411 4036 hominis
1443 3982 1590 4037 illius
1614 3984 1890 4053 pauperis.
1920 3985 1986 4038 Et

406 4077 655 4132 dicebam
684 4091 786 4146 ego
813 4076 1092 4129 meliorem
1118 4090 1242 4130 esse
1269 4075 1590 4144 sapientiam
1623 4074 1941 4132 fortitudine
1969 4097 1980 4132 :

407 4169 686 4238 quomodo
709 4185 840 4240 ergo
866 4169 1138 4239 sapientia
1173 4171 1432 4241 pauperis
1469 4179 1783 4241 contempta
1805 4181 1908 4236 est,
1931 4180 1986 4227 et

409 4265 576 4320 verba
606 4263 726 4332 ejus
757 4278 863 4316 non
885 4272 1014 4318 sunt
1046 4263 1231 4318 audita
1255 4265 1324 4317 '3?
1361 4283 1379 4314 ι
1413 4261 1517 4329 Qui
1547 4263 1633 4316 hic
1666 4263 1802 4318 bella
1825 4265 1985 4333 gerit,

409 4373 506 4412 rex
537 4355 774 4422 dicitur;
801 4355 966 4423 etqui
991 4355 1061 4409 ab
1105 4370 1172 4410 eo
1208 4365 1570 4424 expugnatam
1612 4355 1816 4408 salvam
1859 4355 1986 4408 fecit

410 4449 626 4514 urbem,
650 4447 734 4502 vir
762 4419 969 4518 pauper
1006 4455 1061 4501 et
1089 4419 1421 4517 sapiens;in
1443 4444 1770 4514 praecedenti
1806 4453 1984 4500 autem
2019 4419 2061 4472 θ

412 4538 593 4608 capite
619 4555 665 4591 ει
690 4536 876 4592 Melior
897 4544 983 4592 est
1000 4553 1137 4608 puer
1164 4551 1370 4607 pauper
1393 4544 1447 4591 et
1471 4536 1689 4606 sapiens
1705 4553 1830 4607 rege
1859 4553 1989 4592 sene

415 4638 471 4686 et
493 4631 686 4695 stulto,
719 4649 738 4682 ι
779 4629 926 4700 quod
948 4629 1294 4699 interpretati
1319 4644 1512 4684 sumus
1538 4628 1764 4683 stultum
1806 4643 1988 4698 regem

413 4739 539 4780 esse
575 4722 872 4785 diabolum,
898 4736 1193 4792 pauperem
1242 4735 1394 4784 vero,
1444 4721 1857 4791 sapientemque
1904 4736 1991 4780 se-

417 4817 598 4886 ipsum
656 4816 976 4871 exinaniens
1010 4814 1431 4884 mendicumque
1488 4823 1709 4883 propter
1771 4830 1873 4871 nos
1909 4814 1991 4868 fa-

419 4922 566 4967 ctum
620 4911 714 4966 Dei
758 4911 1019 4966 Verbum.
1070 4907 1283 4963 Idcirco
1336 4907 1501 4977 priori
1553 4907 1990 4979 interpretationi

420 5012 622 5061 nostra
647 5010 1035 5075 congruenter,
1062 5017 1175 5056 non
1213 5000 1378 5054 alium
1404 5014 1526 5054 esse
1548 4998 1840 5068 Opinamur
1870 4998 1987 5052 bel-

421 5096 586 5149 licum
626 5094 719 5164 qui
773 5093 862 5147 hic
887 5090 1220 5149 describitur
1249 5104 1454 5161 regem,
1485 5104 1549 5142 ac
1604 5089 1756 5143 illum
1810 5105 1990 5159 regem

422 5188 673 5241 stultum.
728 5182 990 5239 Similiter
1019 5184 1113 5253 qui
1159 5183 1376 5254 propria
1408 5181 1674 5250 sapientia
1717 5195 1995 5251 expugna-

419 5289 529 5332 tam
557 5286 742 5334 servat
764 5277 977 5339 urbem,
993 5277 1135 5330 idem
1153 5287 1236 5330 est
1259 5291 1321 5329 ac
1343 5275 1433 5329 ille
1450 5289 1656 5344 pauper
1678 5281 1731 5329 et
1747 5277 1989 5343 sapiens,

420 5385 583 5439 quem
616 5369 854 5423 diximus
901 5383 1024 5424 esse
1079 5367 1384 5422 Christum.
1430 5365 1536 5433 Qui
1579 5369 1724 5420 enim
1768 5381 1991 5436 parvam

423 5465 638 5530 urbem,
671 5463 816 5517 hunc
839 5463 1051 5517 scilicet
1080 5468 1399 5515 terrestrem
1431 5461 1636 5523 locum,
1675 5460 1720 5514 si
1745 5473 1869 5512 cum
1901 5473 1993 5512 or-

421 5554 489 5609 be
515 5553 771 5610 universo
800 5553 1078 5620 conferas,
1096 5553 1506 5618 brevissimum,
1539 5565 1842 5621 omnesque
1871 5565 1992 5604 eam

493 5707 541 5744 *ν’
577 5712 760 5765 Eccte.
796 5726 872 5770 tv.
911 5708 1098 5766 1346.
1176 5710 1222 5744 ”
1260 5707 1281 5762 ι
1315 5707 1444 5765 (ἶοτο
1483 5722 1539 5776 ³ο
1570 5707 1663 5763 2"
1739 5707 1785 5739 ’¹
1810 5704 1955 5762 Ρ⁵³¹⁶

2101 5703 2150 5762 Β.
2227 5705 2271 5738 ”
2292 5693 2532 5772 Philipp.
2570 5719 2644 5770 ιι,
2679 5713 2732 5760 b’.

2074 1875 2166 1927 καὶ
2199 1873 2341 1927 κατὰ
2368 1873 2500 1926 Θεὸν
2534 1875 2870 1944 φρονήσεως·
2903 1873 2934 1924 ὁ
2965 1871 3024 1924 δέ
3047 1868 3443 1942 προειρημένος
3465 1886 3488 1919 ι
3531 1869 3685 1935 ἀγα·-

2075 1965 2166 2028 θὸς
2210 1965 2309 2019 καὶ
2354 1966 2515 2034 σοφὸς
2552 1968 2700 2029 παῖς,
2746 1964 2804 2032 ἐξ
2844 1964 2996 2017 οἴκου
3050 1963 3310 2034 δεσμίων,
3347 1980 3368 2014 ο
3407 1961 3530 2031 ἦτοι
3579 1959 3684 2012 τοῦ

2077 2059 2353 2131 περιγείου
2384 2061 2572 2124 τόπου,
2600 2061 2716 2130 ἦτοι
2737 2058 2846 2111 τῶν
2894 2060 2952 2110 ἐν
2977 2057 3116 2129 ’ᾼδῃ
3146 2055 3377 2127 χωρίων,
3403 2052 3553 2106 κατὰ
3578 2052 3685 2124 τὴν

2072 2154 2140 2206 ἐκ
2167 2151 2376 2223 νεκρῶν
2396 2153 2691 2206 ἀνάστασιν
2719 2147 2997 2222 προελθὼν
3020 2147 3282 2208 Βασιλεὺς
3308 2145 3417 2199 ὑπὸ
3443 2143 3543 2198 τοῦ
3569 2146 3683 2196 Πα-

2073 2244 2202 2315 τρὸς
2228 2244 2320 2296 ἐπὶ
2347 2242 2487 2296 Σιὼν
2513 2242 2574 2296 τὸ
2603 2242 2926 2313 ἐπουράνιον
2954 2241 3080 2312 ὄρος
3116 2239 3211 2292 τοῦ
3239 2237 3374 2291 Θεοῦ
3401 2237 3682 2306 κατέστη,

2076 2337 2170 2390 καὶ
2196 2338 2252 2389 ἐν
2280 2337 2417 2407 αὐτῇ
2438 2339 2503 2406 τῇ
2549 2335 2796 2406 βασιλείᾳ
2827 2333 2995 2387 αὐτοῦ
3029 2329 3259 2402 ἐγενήθη
3287 2330 3480 2399 πένης,
3514 2347 3535 2378 ι
3580 2329 3681 2396 οὐχ

2075 2429 2370 2499 ἁρπαγμὸν
2395 2427 2699 2498 ἡγούμενος
2727 2428 2788 2479 τὸ
2821 2421 2958 2506 εἶναι
2991 2424 3080 2478 ἴσα
3105 2421 3248 2493 Θεῷ,
3279 2442 3299 2475 ι
3479 2420 3682 2474 ἐαυτὸν

2075 2520 2345 2575 ταπεινῶν
2374 2519 2589 2586 καὶτῆς
2619 2519 2878 2571 ἀνωτάτω
2903 2517 3066 2587 δόξης
3109 2513 3572 2568 ὑποκαταϐαίνων
3591 2513 3682 2566 διὰ

2075 2613 2202 2675 τοὺς
2229 2613 2302 2683 μὴ
2325 2609 2633 2683 χωροῦντας
2662 2603 2827 2663 αὑτοῦ
2854 2612 2945 2662 τὸν
2972 2609 3074 2678 τῆς
3097 2608 3286 2677 σοφίας
3308 2605 3566 2660 πλοῦτονν
3587 2605 3684 2658 τὸν

2075 2705 2120 2758 δ’
2153 2705 2274 2757 ἀντὶ
2303 2703 2492 2756 τούτου
2519 2703 2810 2774 λεγόμενον
2845 2699 3243 2772 ἀναστήσεσθαι
3276 2699 3536 2771 δεύτερον
3555 2714 3684 2752 ναι-

2077 2795 2279 2860 νίσκον,
2315 2795 2406 2848 τὸν
2444 2795 2810 2866 Ἀντίχριστον
2853 2790 2995 2848 εἶναι
3034 2792 3422 2865 ὑπολαμϐάνω,
3457 2789 3583 2862 μεθ’
3617 2782 3686 2842 οὗ

2080 2886 2405 2957 σύμπαντας
2453 2888 2580 2950 τοὺς
2608 2886 2714 2940 ὑπὸ
2751 2887 2842 2940 τὸν
2874 2886 3025 2957 ἥλιον
3058 2885 3269 2950 ζῶντας
3312 2884 3407 2938 καὶ
3441 2899 3684 2954 περιπα-

2077 2980 2302 3043 τοῦντας
2325 2981 2629 3049 ἑωρακέναι
2658 2979 2823 3050 φησιν
2845 2981 2874 3032 ὁ
2901 2978 3079 3047 λόγος·
3108 2979 3256 3042 τίνες
3284 2979 3330 3032 δ’
3354 2978 3421 3031 ἂν
3450 2974 3565 3031 εἷεν
3597 2973 3686 3034 οὗ-

2008 3074 2051 3131 C
2084 3089 2184 3134 τοι,
2209 3071 2242 3142 ἢ
2272 3071 2473 3135 πάντες
2497 3071 2549 3123 oi
2576 3071 2930 3141 περιέποντες
2957 3069 3056 3142 τὴν
3085 3071 3192 3123 ὑπὸ
3217 3070 3309 3123 τὸν
3345 3071 3502 3140 ἥλιον
3533 3070 3686 3140 λεγο

2085 3163 2252 3235 μένην
2290 3182 2308 3213 c
2350 3164 2703 3232 Ματαιότητα
2738 3163 3146 3233 ματαιοτήτων;
3197 3181 3216 3213 ι

2611 3257 3009 3312 ΚΕΦΑΔΑΙΟΝ
3059 3255 3138 3308 Ε’.

2480 3351 2582 3404 Ἐκ
2624 3349 2731 3403 τοῦ
2778 3347 3284 3416 Ἐκκλησιαστοῦ.

2157 3461 2177 3492 ι
2227 3442 2335 3494 Καί
2380 3459 2443 3509 γε
2491 3441 2649 3494 τοῦτο
2679 3436 2819 3493 εἶδον
2863 3440 3057 3509 σοφίαν
3090 3439 3195 3492 ὑπὸ
3240 3439 3332 3492 τὸν
3370 3440 3544 3509 ἣλιον,
3590 3440 3688 3494 καὶ

2087 3532 2294 3604 μεγάλη
2351 3533 2469 3585 ἐστὶ
2509 3532 2646 3603 πρὸς
2697 3531 2784 3602 μέ.
2818 3532 2980 3595 Πόλις
3033 3533 3204 3603 μικρὰ
3260 3533 3356 3586 καὶ
3396 3533 3594 3604 ἄνδρες
3631 3538 3688 3588 έν

2082 3627 2219 3696 αὐτῇ
2251 3624 2444 3693 ὀλίγοι,
2481 3625 2573 3676 καὶ
2607 3622 2737 3696 ἔλθῃ
2762 3626 2842 3687 είς
2871 3623 3040 3694 αὐτὴν
3067 3624 3316 3694 βασιλεὺς
3346 3625 3544 3694 μέγας,
3592 3628 3686 3678 καὶ

2085 3716 2355 3771 κυκλώσει
2384 3718 2576 3785 αὐτὴν,
2611 3715 2708 3768 καὶ
2741 3715 3085 3787 οἰκοδομήσει
3112 3717 3198 3768 ἐπ’
3237 3716 3408 3787 αὐτὴν
3432 3718 3686 3788 χάρακας

2089 3813 2362 3884 μεγάλους
2383 3828 2395 3840 ·
2437 3812 2532 3863 καὶ
2569 3809 2706 3881 εὕρῃ
2742 3812 2800 3861 ἐν
2828 3810 2967 3880 αὐτῇ
3001 3809 3172 3879 ἄνδρα
3215 3808 3424 3880 πένητα
3470 3809 3564 3861 καὶ
3599 3826 3687 3862 σο-

2086 3907 2206 3974 φὸν,
2236 3906 2330 3958 καὶ
2369 3903 2626 3958 διασώσει
2660 3903 2824 3966 αὐτὸς
2867 3902 2964 3973 τὴν
2992 3901 3147 3955 πόλιν
3186 3904 3244 3955 ἐν
3271 3904 3336 3973 τῇ
3377 3903 3543 3974 σοφίᾳ
3583 3905 3686 3956 αὐ-

2085 3995 2201 4059 τοῦ,
2243 3997 2338 4048 καὶ
2363 3993 2650 4066 ἄνθρωπος
2691 3993 2793 4044 οὐκ
2814 3992 3060 4063 ἐμνήσθη
3102 3991 3196 4044 τοῦ
3226 3993 3420 4064 ἀνδρὸς
3449 3993 3557 4046 τοῦ
3586 3994 3684 4048 ﬁ-

2086 4105 2245 4158 νητος
2287 4087 2520 4140 ἐκείνου.
2573 4085 2682 4139 Καὶ
2713 4081 2844 4137 εἶπα
2883 4083 3015 4152 ἐγὼ,
3075 4083 3278 4155 Ἀγαθὴ
3325 4085 3490 4154 σοφία
3541 4086 3686 4156 ὑπὲρ

2086 4179 2333 4250 δύναμιψ
2367 4179 2462 4232 καὶ
2504 4177 2668 4246 σοφία
2707 4176 2802 4229 τοῦ
2854 4177 3084 4246 πένητος
3123 4177 3551 4248 ἐξουδενωμένη,
3590 4179 3684 4231 καὶ

2087 4271 2233 4340 λόγοι
2279 4267 2443 4323 αὐτοῦ
2489 4269 2590 4322 οὐκ
2632 4269 2773 4322 εἰσὶν
2799 4269 3139 4338 ἀκουόμενοι.
3182 4288 3201 4320 ι
3248 4269 3402 4322 Ἐπεὶ
3447 4271 3546 4322 καὶ
3598 4271 3684 4322 ἐν·

2089 4360 2263 4413 ταῦθα
2299 4362 2328 4412 ὁ
2359 4359 2457 4430 μὲν
2485 4359 2554 4413 τὰ
2579 4360 2672 4412 τοῦ
2705 4359 2946 4429 πολέμου
2981 4358 3221 4430 ἐνεργῶν
3255 4358 3515 4429 βασιλεὺς
3541 4355 3683 4414 εἶναι

2091 4456 2326 4524 λέγεται,
2354 4455 2383 4506 ὁ
2409 4453 2466 4506 δέ
2511 4452 2788 4516 διασώζων
2821 4453 2921 4520 τὴν
2964 4451 3070 4504 ὑπὸ
3118 4451 3310 4504 τούτου
3359 4451 3683 4522 πολιορκουο

2096 4547 2264 4616 μένην
2288 4546 2442 4598 πόλιν
2471 4544 2612 4615 ἀνὴρ
2636 4545 2804 4614 πένης
2841 4544 2935 4596 καὶ
2965 4543 3148 4613 σοφός’
3182 4543 3477 4614 λεγομένου
3508 4545 3568 4597 δὲ
3589 4544 3684 4597 καὶ

2091 4639 2150 4688 ἐν
2183 4635 2264 4706 τῷ
2295 4635 2401 4707 πρὸ
2429 4635 2619 4689 τούτου
2651 4633 2932 4704 κεφαλαίῳ
2968 4633 3085 4712 τοῦ,
3130 4633 3358 4702 Ἀγαθὸς
3384 4634 3559 4704 πένης
3591 4633 3684 4687 καὶ

2095 4727 2254 4796 σοφὸς
2265 4727 2410 4798 ὑπὲρ
2422 4726 2644 4797 βασιλέα
2671 4724 3041 4796 πρεσϐύτερον
3067 4726 3159 4778 καὶ
3180 4726 3254 4794 ἀφ
3263 4741 3411 4795 ρονα,
3433 4744 3452 4775 ι
3468 4725 3563 4777 τὸν
3587 4725 3683 4794 μὲν

2093 4821 2304 4891 ἄφρονα
2355 4818 2582 4889 βασιλέα
2621 4818 2712 4871 τὸν
2749 4817 2996 4872 διάϐολον
3046 4817 3432 4888 ἐξειλήφαμεν,
3482 4818 3578 4870 τὸν
3626 4817 3681 4869 δὲ

2095 4913 2300 4982 πένητα
2331 4913 2425 4965 καὶ
2455 4910 2619 4979 σοφὸν
2645 4910 2735 4962 τὸν
2759 4910 2824 4962 δι’
2848 4910 2995 4980 ἡμᾶς
3023 4909 3216 4962 ἑαυτὸν
3245 4909 3568 4964 κενώσαντα
3593 4911 3683 4965 γε)

2095 5002 2490 5073 πτωχεύσαντα
2535 5002 2628 5056 τοῦ
2663 5003 2797 5056 Θεοῦ
2842 5003 3044 5071 Λόγον
3075 5002 3268 5055 τούτου
3292 5002 3358 5072 δὴ
3388 5003 3555 5075 χάριν
3591 5003 3682 5059 καὶ

2096 5097 2164 5151 τὰ
2198 5096 2536 5167 προκείμενα
2574 5092 3054 5166 ἐσημειωσάμεθα,
3085 5094 3186 5146 οὑκ
3221 5093 3385 5147 ἄλλον
3428 5090 3574 5148 εἶναι
3609 5110 3682 5147 νο-

2102 5187 2345 5258 μίζοντες
2377 5187 2467 5239 τὸν
2506 5185 2692 5239 ἐνθάδε
2725 5185 3156 5255 διαγραφόμενον
3206 5183 3504 5253 πολεμικὸν
3537 5183 3680 5254 βασι-

2098 5279 2193 5332 λέα
2225 5280 2286 5347 (ί.
2319 5279 2387 5331 27
2423 5279 2498 5348 v°)
2533 5278 2626 5331 τοῦ
2657 5279 2774 5330 ἐκεῖ
2799 5277 3091 5348 λεγομένου
3121 5276 3387 5347 βασιλέως
3426 5277 3678 5347 ἄφρονος·

2098 5369 2357 5432 ὡσαύτως
2379 5369 2436 5422 δὲ
2466 5369 2556 5422 τὸν
2586 5369 2819 5422 ἐνταῦθα
2847 5366 3181 5430 διασώζοντα
3209 5370 3276 5438 τῇ
3306 5367 3504 5421 ἑαυτοῦ
3525 5367 3675 5437 σοφίᾳ

2099 5459 2195 5530 τὴν
2223 5461 2691 5532 πολιορκουμένην
2720 5460 2874 5514 πόλιν
2905 5460 2999 5513 τοῦ
3035 5463 3152 5514 ἐκεῖ
3187 5462 3417 5530 πένητος
3457 5461 3552 5513 καὶ
3593 5473 3673 5511 σο-

2100 5549 2223 5620 φοῦ,
2253 5549 2311 5602 ὃν
2342 5549 2598 5620 ἐλέγομεν
2643 5546 2781 5604 εἶναι
2823 5551 2915 5604 τὸν
2951 5551 3214 5628 Χριστόν·
3249 5549 3307 5614 ὃς
3335 5551 3437 5624 τὴν
3484 5547 3674 5623 μικρὰν

2844 5705 2889 5738 ¹³
2917 5703 3100 5764 Eccle.
3134 5718 3209 5763 Ix.
3241 5706 3428 5762 i346.
