3840 6222
170 327 322 383 “'29

1201 329 1498 388 ECLOGIE
1539 328 2022 388 PROPHETICIE.
2063 361 2134 372 ——
2170 329 2297 386 LIB.
2340 330 2430 386 Ill.

3305 338 3441 394 “‘50

173 442 358 507 πόλιν,
404 440 651 496 τουτέστι
689 440 780 494 τὸν
819 441 1094 513 περίγειον
1135 443 1298 496 τόπον
1352 444 1632 516 συγκρίσει
1672 445 1761 498 τοῦ

1871 442 2197 507 incolentes,
2245 459 2357 513 prae
2399 442 2644 498 omnium
2679 443 3039 501 animantium
3070 447 3420 505 multitudine

173 533 385 596 παντὸς
427 534 632 604 κόσμου
669 534 1002 606 βραχύτατον
1043 537 1191 598 ὄντα,
1222 538 1316 590 καὶ
1355 540 1482 601 τοὺς
1517 539 1575 590 ἐν
1606 539 1767 609 αὐτῇ,

170 625 257 688 ὡς
281 626 340 681 ἐν
389 627 688 696 παραθέσει
718 631 818 700 τῆς
848 629 956 682 τῶν
986 628 1221 697 λογικῶν
1247 629 1502 683 ἁπάντων
1527 628 1768 698 πληθύος

171 717 399 786 ὀλίγους
437 717 597 783 ὄντας
628 719 722 773 ἐπὶ
758 721 937 775 πάντα
967 721 1035 775 τά
1071 721 1221 792 ἔθνη,
1251 723 1326 785 di;
1367 721 1581 790 σταγών
1620 724 1768 776 ἐστιν

172 809 290 863 ἀπὸ
319 809 504 874 κάδου,
528 809 873 884 ἐλυτρώσατο
897 813 1384 885 πολιορκουμένους
1411 814 1519 868 ἀπὸ
1551 817 1652 886 τῆς
1671 815 1766 868 τοῦ

171 900 428 955 διαϐόλου
453 901 748 972 βασιλείας,
776 903 1040 958 πάντοθεν
1060 904 1152 958 τὸν
1176 905 1452 976 περίγειον
1474 903 1650 976 χῶρον
1674 905 1770 958 καὶ

171 992 310 1055 τοὺς
341 994 399 1046 ἐν
431 991 580 1062 αὐτῷ
602 992 950 1058 κυκλοῦντος,
971 993 1378 1064 οίκοδομοῦντός
1407 1009 1465 1045 τε
1497 992 1584 1046 ἐπ’
1605 991 1767 1045 αὐτὸν

172 1082 433 1154 χάρακας
458 1083 746 1155 μεγάλους,
771 1102 790 1135 ι
808 1083 906 1148 τὰς
925 1083 1124 1156 ἀρχὰς,
1141 1083 1357 1147 καὶτὰς
1383 1083 1651 1151 ἐξουσίας,
1669 1087 1766 1138 καὶ

170 1176 308 1238 τοὺς
329 1175 775 1247 κοσμοκράτορας
797 1175 891 1230 τοῦ
918 1175 1142 1240 σκότους
1164 1175 1376 1239 τούτου,
1404 1175 1583 1230 καὶτὰ
1604 1194 1770 1230 πνευ-

178 1264 391 1335 ματικά
415 1267 514 1336 τῆς
545 1264 829 1338 πονηρίας.
869 1283 889 1316 ι
923 1264 1124 1318 Τοῦτον
1165 1259 1258 1318 οὖν
1287 1265 1388 1318 οὐκ
1424 1263 1582 1328 ἄλλος
1618 1280 1701 1326 τις
1732 1263 1765 1334 ἢ

177 1355 345 1426 μόνος
370 1357 617 1410 καθεῖλεν
641 1359 669 1410 6
703 1356 870 1426 πένης
897 1356 992 1410 καὶ
1022 1355 1184 1426 σοφὸς
1215 1356 1375 1427 ἀνὴρ,
1402 1357 1430 1408 6
1452 1353 1644 1426 Σωτὴρ
1674 1355 1766 1407 καὶ

174 1447 386 1518 Κύριος
410 1449 586 1518 ἡμῶν,
617 1447 862 1512 κενώσας
893 1447 1086 1501 ἑαυτὸν
1116 1447 1210 1500 καὶ
1241 1447 1307 1500 δι’
1337 1449 1486 1519 ἡμᾶς
1515 1445 1764 1516 πτωχεύ-

174 1555 283 1602 σας
314 1541 372 1593 ἐν
403 1538 482 1609 τῷ
526 1539 743 1610 πλούτῳ
785 1538 880 1592 τοῦ
925 1537 1118 1592 ἐαυτοῦ
1159 1536 1361 1601 ἐλέους,
1399 1536 1494 1590 καὶ
1523 1534 1766 1589 καθελὼν

172 1629 436 1685 διέσωσεν
478 1633 537 1685 ἐν
581 1633 648 1702 τῇ
702 1631 864 1702 σοφίᾳ
891 1629 1055 1684 αὐτοῦ
1090 1629 1188 1700 τὴν
1236 1627 1440 1700 μικρὰν
1472 1627 1645 1691 πόλιν,
1689 1627 1764 1690 ώς

176 1723 330 1786 εἰκὸς
359 1722 456 1794 τὴν
498 1722 821 1793 Ἐκκλησίαν
852 1722 972 1776 καθ’
1009 1721 1201 1794 ἑτέραν
1237 1720 1484 1792 ἐκδοχὴν,
1517 1719 1610 1773 καὶ
1641 1718 1766 1781 τοὺς

1870 549 2175 605 perpaucos
2206 543 2373 607 atque
2395 537 2539 592 inter
2573 551 2766 594 omnes
2793 546 2982 608 gentes
3006 541 3164 610 quasi
3195 549 3348 612 gutta
3371 544 3440 598 -i-n

1869 641 2066 697 magna
2097 627 2384 698 amphora,
2407 638 2750 700 expugnatas
2780 629 3033 686 liberavit
3074 645 3105 685 a
3133 630 3337 687 diaboli
3361 633 3446 688 di-

1869 717 2038 782 tione,
2063 719 2158 788 qui
2189 719 2337 774 hunc
2365 727 2681 775 terrestrem
2724 721 2906 776 locum
2955 721 3188 794 ejusque
3235 723 3444 780 incolas

1867 809 2019 864 omni
2065 825 2132 866 ex
2184 817 2338 882 parte
2384 811 2704 877 vallaverat,
2739 811 3185 885 munitionesque
3218 831 3445 888 magnas

1867 917 1966 973 per
2005 917 2200 973 gyrum
2243 908 2614 967 exstruxerat,
2655 921 2674 954 ι
2712 903 2990 974 principes
3031 924 3050 957 ι
3093 906 3305 963 scilicet
3331 927 3350 960 ι
3390 917 3446 963 et

1868 1000 2188 1064 potestates,
2222 992 2411 1048 mundi
2467 1004 2710 1050 rectores
2756 996 3108 1050 tenebrarum
3139 997 3357 1066 harum,
3391 1008 3446 1054 et

1869 1086 2177 1156 spiritualia
2194 1086 2454 1157 nequitiae
2483 1086 2550 1143 “.
2589 1106 2608 1138 ι
2643 1086 2803 1142 Hunc
2837 1088 3002 1155 igitur
3026 1103 3135 1144 non
3157 1091 3296 1147 alius
3323 1093 3446 1162 qui-

1866 1176 1950 1231 vis
1983 1176 2092 1232 nisi
2149 1177 2302 1232 solus
2333 1176 2559 1232 sustulit
2589 1192 2796 1249 pauper
2822 1184 2877 1232 et
2926 1179 3145 1248 sapiens
3183 1179 3290 1242 vir,
3324 1178 3446 1235 Sal-

1866 1272 2044 1329 vator,
2085 1263 2454 1335 Dominusque
2480 1275 2690 1332 noster,
2713 1268 3036 1324 exinaniens
3065 1271 3442 1340 semetipsum.

1867 1364 1924 1410 et
1963 1364 2189 1426 propter
2214 1371 2318 1412 nos
2352 1357 2514 1427 inops
2559 1355 2740 1413 factus
2785 1357 2844 1412 in
2895 1360 3289 1416 misericordias
3332 1376 3445 1417 sua:

1867 1446 2098 1511 divitiis,
2133 1455 2189 1501 et
2232 1448 2326 1502 illo
2361 1448 2600 1513 sublato,
2638 1450 2904 1520 sapientia
2939 1467 3037 1506 sua
3059 1468 3282 1523 parvam
3311 1455 3446 1509 civi-

1868 1546 2033 1592 tatem
2069 1538 2275 1593 salvam
2313 1537 2465 1606 fecit,
2490 1539 2607 1594 sive
2642 1538 2945 1595 Ecclesiam
2980 1541 3087 1593 alia
3117 1541 3444 1613 interpreta-

1867 1629 2041 1692 tione,
2075 1643 2394 1700 paucosque
2422 1630 2516 1700 qui
2540 1637 2669 1685 sunt
2714 1631 2770 1685 in
2805 1646 2888 1686 ea.
2920 1630 3133 1686 Etenim
3163 1649 3182 1682 ι
3215 1641 3445 1703 angusta

1870 1726 2028 1788 porta
2054 1725 2110 1772 et
2141 1726 2292 1773 arcta
2322 1719 2410 1773 via
2437 1727 2521 1775 est
2557 1737 2679 1791 qua:
2705 1721 2857 1776 ducit
2891 1721 2956 1776 ad
3007 1722 3198 1789 vitam,
3230 1731 3284 1778 et
3311 1739 3448 1794 pau-

174 1814 238 1867 ἐν
258 1815 396 1886 αὐτῇ
426 1814 640 1883 ὀλίγους
655 1814 813 1878 ὄντας
829 1832 844 1845 ·
871 1815 1057 1886 ἐπειδὴ
1080 1833 1099 1866 ι
1135 1815 1293 1886 στενὴ
1317 1815 1410 1867 καὶ
1429 1813 1761 1885 τεθλιμμένη

1869 1812 1920 1865 ci
1975 1819 2123 1875 sunt,
2153 1813 2245 1883 qui
2297 1813 2586 1869 inveniunt
2618 1828 2734 1868 eam
2763 1815 2831 1868 ”.
2868 1834 2888 1867 ι
2943 1813 3067 1870 Haec
3120 1816 3445 1872 mirabiliter

170 1906 211 1973 ἢ
240 1905 362 1969 ὁδὸς
407 1905 441 1976 ή
469 1906 758 1974 ἀπάγουσα
788 1907 868 1969 είς
893 1905 994 1978 τὴν
1017 1904 1182 1978 ζωὴν,
1209 1905 1305 1959 καὶ
1336 1904 1505 1972 ὀλίγοι
1550 1905 1688 1958 εἰσὶν
1713 1906 1764 1958 οί

173 1998 405 2062 διιόντες
433 1999 622 2068 αὐτήν.
662 2016 681 2051 ›
703 1999 840 2051 Φασὶ
870 1998 914 2050 δ’
947 2000 995 2052 oi
1034 1998 1135 2068 τὴν
1175 1997 1506 2068 τηλικαύτην
1531 1997 1766 2070 ὁρῶντες

172 2090 493 2161 οἰκονομίαν
509 2090 590 2153 τὸ,
615 2109 633 2141 ι
657 2089 860 2161 Ἀγαθὴ
895 2089 1058 2157 σοφία
1074 2089 1213 2159 ὑπὲρ
1227 2088 1476 2160 δύναμιν
1498 2109 1515 2140 ι
1539 2089 1766 2159 δύναμιν

168 2179 234 2234 δὲ
251 2179 410 2250 δῆλον
433 2180 516 2233 ὅτι
534 2180 633 2252 τὴν
649 2179 756 2233 τῶν
782 2179 1056 2249 πολεμίων
1071 2195 1084 2208 ·
1103 2176 1239 2232 ἀλλά
1254 2178 1367 2240 καὶ,
1391 2197 1409 2228 ι
1425 2177 1762 2247 Ἀνθρωπος,

175 2271 364 2344 φησὶν,
389 2273 490 2325 οὐκ
518 2269 762 2343 ἐμνήσθη
780 2269 874 2324 τοῦ
891 2270 1082 2342 ἀνδρὸς
1108 2269 1202 2323 τοῦ
1227 2269 1453 2340 πένητος
1475 2269 1682 2322 ἐκείνου
1701 2286 1716 2300 ο
1742 2287 1760 2320 ι

173 2362 314 2428 Θεὸς
354 2364 453 2435 μὲν
491 2364 601 2435 γὰρ
628 2363 696 2435 ἦν
736 2364 765 2416 6
805 2362 892 2416 διά
921 2363 1030 2416 τῶν
1068 2361 1365 2436 προφητῶν
1413 2359 1766 2431 μνημονεύων

179 2454 371 2520 αὐτοῦ,
403 2457 500 2510 καὶ
523 2454 918 2528 προκηρύττων
943 2453 1011 2508 τὰ
1045 2454 1172 2526 περὶ
1207 2453 1309 2524 τῆς
1340 2455 1418 2516 είς
1446 2449 1767 2523 ἀνθρώπους

174 2547 474 2618 ἐπιδημίας
505 2547 693 2601 αὐτοῦ·
719 2546 828 2600 τῶν
859 2546 904 2599 δ’
939 2545 1044 2598 ὑπὸ
1070 2546 1169 2616 τῆς
1201 2543 1392 2613 σοφίας
1432 2542 1541 2596 τῶν
1566 2542 1766 2615 ἀρχόν-

176 2656 291 2693 των
310 2639 500 2692 τούτου
523 2637 616 2692 τοῦ
642 2638 838 2702 αίῶνος
865 2636 1268 2709 ἐνεργηθέντων
1300 2636 1420 2690 οὐδὲ
1441 2631 1522 2699 εἷς
1545 2634 1764 2688 πώποτε

175 2731 452 2804 ἐμνήσθη,
482 2732 604 2785 ἐπεὶ
636 2731 756 2803 μηδ’
775 2725 880 2789 οἷοί
918 2748 978 2784 τε
999 2726 1140 2802 ἦσαν
1163 2729 1361 2783 εἰδέναι
1384 2728 1444 2781 τὺ
1467 2729 1766 2799 μυστήριον

173 2820 240 2875 τὺ
270 2823 760 2894 ἀποκεκρυμμένον
789 2821 896 2890 πρὸ
938 2821 1049 2874 τῶν
1094 2820 1304 2874 αἰώνων
1355 2820 1454 2891 τῆς
1495 2818 1638 2873 κατὰ
1665 2820 1766 2890 τὴν

176 2913 591 2986 ἐνανθρώπησιν
635 2914 944 2984 οἰκονομίας
978 2912 1072 2966 τοῦ
1101 2913 1275 2981 Λόγου
1307 2913 1401 2966 τοῦ
1435 2911 1589 2966 Θεοῦ.
1620 2911 1766 2983 Πρὸς

174 3007 389 3070 τούτοις
409 3006 628 3075 λέγεται
657 3006 738 3060 ὅτι
771 3024 790 3056 ι
829 3006 924 3059 καὶ
967 3006 1127 3075 σοφία
1168 3004 1264 3059 τοῦ
1295 3005 1524 3074 πένητος
1551 3004 1763 3069 ἐξουδε-

176 3095 418 3169 νωμένηο
458 3115 477 3169 ι
513 3096 608 3150 καὶ
649 3096 756 3169 γὰρ
791 3096 1080 3166 εὐδόκησεν
1104 3099 1133 3150 6
1176 3094 1307 3159 Θεὸς
1345 3114 1364 3146 ι
1401 3095 1488 3148 διὰ
1521 3095 1622 3166 τῆς
1653 3113 1765 3166 μω-

175 3188 304 3262 ρίας
327 3187 422 3240 τοῦ
452 3188 807 3259 κηρύγματος
831 3188 1001 3240 σῶσαι
1025 3189 1149 3250 τοὺς
1170 3186 1542 3250 πιστεύονταςο
1577 3205 1596 3238 ›
1626 3186 1762 3241 ἀλλά

177 3295 203 3329 ι
239 3277 332 3331 καὶ
353 3280 400 3330 οἱ
431 3278 576 3347 λόγοι
606 3278 791 3342 αὐτοῦ,
825 3279 1010 3350 φησὶν,
1045 3278 1144 3332 οὐκ
1187 3278 1325 3331 εἰσὶν
1356 3278 1696 3348 ἀκουόμενοι·
1737 3298 1756 3330 ι

173 3373 238 3426 οὐ
276 3373 494 3426 πάντων
529 3373 638 3444 γάρ
671 3375 817 3427 ἐστιν
854 3371 1085 3426 ἀκοῦσαι
1119 3371 1227 3425 τῶν
1255 3371 1350 3424 τοῦ
1393 3372 1644 3442 Σωτῆρος
1673 3370 1762 3423 λό-

1870 1903 2009 1958 facta
2057 1905 2303 1960 videnles
2338 1905 2649 1960 exclamant
2683 1924 2696 1959 :
2737 1923 2756 1956 ι
2806 1903 2998 1961 Melior
3041 1913 3126 1961 est
3180 1908 3445 1976 sapientia

1871 1994 2214 2059 fortitudine,
2255 2015 2274 2048 ι
2312 1994 2634 2052 fortitudine
2685 1996 2898 2053 scilicet
2949 1997 3208 2052 hostium.
3251 1993 3357 2053 Sed
3391 2007 3445 2053 et

1873 2106 1893 2139 ι
1923 2088 2132 2154 nullus,
2164 2089 2260 2152 ait,
2299 2089 2621 2145 recordatus
2667 2098 2753 2146 est
2800 2089 3040 2145 hominis
3074 2091 3221 2146 illius
3243 2106 3448 2162 paupe-

1869 2179 1970 2235 ris.
2010 2198 2030 2230 ›
2065 2177 2211 2234 Deus
2240 2179 2386 2234 enim
2415 2188 2534 2235 erat
2561 2181 2656 2252 qui
2697 2181 2784 2236 sui
2809 2196 2906 2252 per
2932 2181 3226 2252 prophetas
3257 2181 3447 2236 admo—

1870 2269 2057 2332 nebat,
2094 2283 2365 2338 suumque
2400 2268 2544 2324 inter
2590 2269 2840 2324 homines
2869 2269 3162 2323 adventum
3191 2268 3448 2338 praedica-

1869 2361 1983 2415 bat.
2011 2360 2106 2415 lsti
2135 2376 2288 2426 vero,
2318 2361 2484 2431 hujus
2507 2361 2695 2417 saeculi
2721 2360 3031 2431 principum
3071 2361 3340 2431 sapientia
3366 2359 3449 2413 af-
3493 2379 3503 2388 ο

1868 2452 2002 2518 flati,
2029 2469 2378 2525 nequaquam
2426 2453 2547 2522 ejus
2584 2454 2855 2508 recordati
2910 2460 3061 2518 sunt,
3094 2453 3188 2524 qui
3238 2463 3445 2524 myste-

1868 2547 2011 2600 rium
2042 2556 2168 2601 ante
2198 2546 2394 2602 sazcula
2430 2545 2818 2601 absconditum
2864 2543 2959 2600 Dei
2991 2544 3156 2600 Verbi
3199 2545 3448 2598 incarna-

1869 2637 2036 2692 tionis
2070 2636 2294 2692 minime
2319 2636 2632 2707 perspicere
2664 2636 2937 2692 valebant.
2965 2634 3041 2690 De
3078 2635 3279 2706 quibus
3307 2635 3446 2689 dici-

1867 2735 2009 2783 tur:
2067 2747 2086 2780 ι
2130 2727 2410 2799 Sapientia
2471 2729 2728 2798 pauperis
2765 2733 3097 2795 contempta.
3160 2746 3180 2778 ι
3230 2725 3442 2780 Etenim

1873 2840 1893 2874 ι
1935 2821 2045 2876 Deo
2069 2821 2276 2892 placuit
2309 2819 2718 2892 praedicationis
2757 2819 2988 2875 stultitia
3016 2817 3304 2872 credentes
3334 2819 3446 2872 sal-

1867 2929 1967 2970 vos
2001 2913 2184 2968 facere
2217 2914 2286 2944 ⁹⁸⁹
2311 2932 2327 2974 ;
2368 2933 2387 2965 ι
2416 2912 2510 2967 sed
2537 2931 2555 2963 ι
2589 2913 2752 2966 verba
2781 2909 2924 2980 ejus,
2946 2910 3043 2972 ait,
3069 2895 3179 2963 noli
3206 2916 3325 2964 sunt
3353 2923 3446 2962 au-

1867 3006 1999 3061 dita.
2044 3025 2064 3058 ›
2099 3004 2210 3060 Nec
2232 3005 2376 3059 enim
2409 3004 2652 3060 omnium
2692 3012 2777 3059 est
2810 3001 3111 3056 Sa'lvatoris
3145 3001 3312 3056 verba
3347 3015 3447 3053 au-

1867 3097 2008 3161 dire,
2045 3097 2154 3152 nisi
2180 3096 2527 3152 solummodo
2552 3110 2742 3151 eorum
2769 3092 2862 3165 qui
2885 3107 3046 3148 aures
3072 3091 3328 3146 audiendi
3355 3091 3446 3144 ba—

1866 3191 2017 3245 bent.
2041 3189 2286 3260 Namque
2315 3187 2519 3244 Christi
2547 3185 2900 3256 Evangelium
2926 3184 3308 3240 absconditum
3335 3193 3445 3248 est,

1869 3281 1940 3335 iis
1971 3281 2183 3337 scilicet
2212 3281 2305 3350 qui
2336 3295 2444 3334 non
2479 3287 2608 3334 sunt
2640 3278 2760 3348 ejus
2787 3275 3076 3347 discipuli;
3109 3295 3127 3327 ι
3157 3277 3212 3331 in
3251 3275 3320 3332 iis
3352 3276 3443 3348 qui

1868 3381 2100 3440 pereunt
2132 3378 2218 3426 est
2245 3380 2496 3439 opertum
2517 3370 2584 3423 ’³.
2614 3387 2634 3420 ›

174 3485 311 3538 γων,
358 3470 408 3522 εί
437 3468 511 3540 μὴ
544 3471 703 3540 μόνον
741 3468 850 3521 τῶν
888 3468 1119 3539 ἐχόντων
1150 3461 1265 3520 ῶτα
1304 3469 1384 3530 είς
1428 3466 1490 3519 τὸ
1546 3467 1782 3520 ἀκούειν·
1837 3466 1930 3519 καὶ
1989 3465 2098 3538 γὰρ
2144 3464 2207 3518 τὸ
2249 3463 2576 3533 Εὐαγγέλιον
2613 3461 2707 3517 τοῦ
2754 3456 2990 3533 Χριστοῦ
3037 3457 3444 3530 κεκαλυμμένον

177 3566 346 3632 ἐοτὶν,
377 3565 511 3636 πλὴν
539 3566 598 3618 ού
620 3567 733 3629 τοῖς
761 3564 925 3617 αὐτοῦ
952 3563 1238 3636 μαθηταῖς,
1274 3581 1294 3614 ι
1322 3564 1432 3626 τοῖς
1455 3562 1562 3633 γὰρ
1588 3561 1987 3634 ἀπολλυμένοις
2015 3562 2163 3614 ἐστὶν
2191 3557 2624 3630 κεκαλυμμένον.
2665 3577 2682 3610 ι

706 3685 1100 3740 ΚΕΦΑΛΑΙΟΝ
1145 3687 1234 3752 εῖν.

502 3780 612 3834 Τοῦ
645 3781 712 3850 ’ᾼ
720 3794 948 3849 σματος
983 3777 1105 3834 τῶν
1136 3779 1438 3850 ᾀσμάτων.

248 3871 410 3930 Ὀλον
434 3875 496 3927 τὸ
525 3873 725 3944 βιϐλίον
751 3873 1005 3926 ὑπόθεσιν
1034 3872 1146 3942 ἔχει
1177 3871 1396 3944 νύμφης
1417 3871 1595 3944 ἔρωτα
1627 3871 1764 3943 πρὸς

177 3970 430 4040 νυμφίον,
447 3968 814 4040 ὁμολογούσης
843 3966 1147 4039 τετρῶσθαι
1177 3969 1243 4038 τῇ
1273 3967 1409 4038 πρὸς
1423 3967 1586 4022 αὐτὸν
1623 3967 1762 4035 ἀγά-

179 4079 279 4135 πῃ,
311 4063 407 4116 καὶ
434 4061 598 4116 αὑτοῦ
622 4061 784 4115 πάλιν
812 4059 1200 4131 ὁμολογοῦντος
1241 4059 1412 4131 αὐτὴν
1457 4060 1625 4131 μόνην
1652 4061 1762 4112 ἀπὸ

185 4156 447 4209 πλειόνων
479 4154 746 4226 ὑπάρχειν
795 4151 943 4223 αὐτῷ
979 4151 1191 4205 τελείαν
1242 4153 1571 4223 περιστερὰν
1614 4152 1766 4223 παρά

177 4247 277 4310 τὰς
297 4246 594 4317 λεγομένας
615 4244 891 4316 βασιλίδας
905 4245 1000 4298 καὶ⁵
1020 4243 1353 4308 παλλακίδας
1377 4245 1470 4297 καὶ
1495 4243 1762 4306 νεάνιδας.

177 4341 244 4394 0i
277 4340 375 4410 μὲν
403 4334 496 4392 οὖν
530 4340 595 4391 ἐκ
642 4335 946 4408 περιτομῆς
977 4336 1104 4408 μίαν
1131 4332 1271 4391 εἶναι
1314 4335 1423 4388 τῶν
1471 4352 1763 4389 πεπιστευο

185 4430 364 4500 μένων
393 4429 523 4500 παρ’
557 4427 740 4491 αὐτοῖς
768 4425 862 4480 δύο
889 4425 984 4480 καὶ
1015 4425 1188 4479 εἴκοσι
1228 4422 1598 4479 θεοπνεύστων
1627 4441 1764 4497 γρα-

183 4519 300 4589 φῶν
330 4517 683 4589 πεπεισμένοι
715 4516 810 4571 καὶ
834 4514 1037 4587 ταύτην
1069 4513 1167 4586 τὴν
1192 4513 1436 4587 Γραφὴν,
1465 4514 1565 4568 οὐκ
1591 4507 1684 4566 οἷδ’
1712 4515 1761 4566 εί
1792 4553 1837 4608 D

179 4613 351 4684 ἔχοιεν
386 4611 534 4678 ἄξιόν
578 4627 632 4664 τι
660 4609 809 4673 θείας
853 4605 1140 4670 ἐπιπνοίας
1180 4606 1471 4676 λεγόμενον
1520 4607 1578 4658 ἐν
1621 4606 1755 4676 αὐτῇ

179 4703 547 4776 παραστῆσαι,
571 4701 646 4774 μὴ
673 4701 834 4754 πλέον
860 4718 913 4754 τι
931 4700 1028 4774 τῆς
1057 4699 1349 4770 προχείρου
1372 4697 1598 4770 ἐκδοχῆς
1616 4699 1759 4753 κατὰ

178 4798 302 4862 τοὺς
348 4797 545 4860 τόπους
597 4792 1018 4864 φανταζόμενον
1063 4793 1092 4845 6
1126 4791 1185 4844 δέ
1224 4789 1444 4854 δυνατὸς
1489 4788 1552 4861 (f.
1577 4789 1668 4859 28)
1697 4791 1760 4843 τδ

185 4890 284 4962 μὶν
316 4888 660 4960 ἐπικείμενον
703 4886 798 4940 καὶ
832 4885 1007 4959 ταύτῃ
1031 4887 1098 4956 τῇ
1131 4885 1322 4956 Γραφῇ
1365 4883 1626 4953 κάλυμμα
1658 4899 1758 4936 πε-

181 4982 398 5055 ριελεῖν,
449 4979 772 5051 ἐπιστρέψαι
826 4977 883 5031 δὲ
923 4979 1061 5050 πρὸς
1104 4976 1308 5048 Κύριον
1355 4977 1493 5047 ὅπερ
1541 4975 1656 5028 ἐστὶ
1698 4974 1761 5027 τὸ

182 5073 418 5146 πνεῦμα,
459 5075 554 5127 καί
587 5068 1089 5141 ἀνακεκαλυμμένῳ
1133 5068 1411 5142 προσώπῳ
1441 5069 1541 5139 τὴν
1575 5067 1669 5121 καὶ
1700 5067 1760 5121 ἐν

182 5167 388 5230 τούτοις
413 5165 569 5231 δόξαν
611 5164 706 5219 τοῦ
735 5163 939 5236 Κυρίου
969 5161 1442 5234 κατοπτρίζεσθαι,
1488 5161 1758 5232 θεωρήσει

183 5262 241 5313 ἐν
270 5259 406 5330 αὐτῇ
435 5256 509 5312 τὰ
538 5256 679 5312 κατὰ
700 5255 799 5326 τὴν
838 5252 1212 5324 πνευματικὴν
1249 5251 1489 5322 νύμφην,
1524 5250 1680 5322 δῆλον
1706 5249 1755 5302 δ’

183 5351 263 5404 ὅτι
299 5349 400 5421 τὴν
437 5347 760 5418 Ἐκκλησίαν
802 5345 898 5400 τοῦ
931 5343 1189 5416 Χριστοῦ,
1239 5344 1532 5414 μυστήρια,
1567 5341 1660 5395 καὶ
1687 5339 1756 5395 τὰ

183 5442 446 5512 λεγόμενα
472 5440 602 5512 περὶ
639 5440 734 5493 τοῦ
774 5438 978 5493 τελείου
1002 5439 1100 5508 τῆς
1125 5435 1332 5489 τοιασόὶ
1369 5434 1587 5504 νύμφης
1618 5450 1755 5502 νυμ-

186 5535 304 5605 φίου
358 5533 452 5586 καὶ
498 5532 602 5603 τῆς
651 5529 761 5584 τῶν
814 5529 1096 5601 βασιλίδων
1135 5526 1296 5581 αὑτοῦ
1359 5526 1453 5580 καὶ
1490 5523 1754 5578 παλλακί-

2477 3676 2708 3736 CAPUT
2737 3676 2825 3732 Vl.

2304 3771 2353 3826 E
2381 3771 2603 3828 Cantica
2633 3772 2982 3825 canticorum.

1939 3866 2246 3938 Exponitur
2302 3865 2357 3920 in
2410 3870 2527 3919 toto
2570 3863 2713 3918 libro
2743 3875 2957 3932 sponsae
3003 3871 3133 3930 erga
3178 3872 3442 3929 sponsum

1867 3977 2042 4028 amor,
2073 3975 2196 4031 quze
2223 3960 2574 4027 semetipsam
2616 3969 2802 4010 amore
2843 3953 2990 4008 illius
3037 3951 3279 4007 sauciam
3310 3949 3443 4004 fate-

1865 4066 1979 4121 tur,
2021 4055 2150 4110 dum
2200 4053 2292 4108 ille
2345 4049 2588 4105 vicissim
2635 4061 2755 4102 eam
2795 4060 2826 4100 e
2878 4044 3067 4100 multis
3100 4046 3272 4100 solam
3319 4057 3443 4098 esse

1870 4146 1976 4203 sibi
2021 4143 2316 4216 perfectam
2356 4139 2665 4194 columbam
2713 4137 2784 4201 ⁸⁷,
2833 4135 2978 4190 inter
3028 4135 3265 4206 reginas,
3304 4148 3441 4188 con-

1867 4238 2101 4294 cubinas
2132 4243 2187 4291 et
2235 4231 2673 4288 adolescentulas
2699 4229 2745 4260 ³⁸
2791 4228 3068 4298 praedicat.
3116 4226 3288 4282 Judaei
3318 4227 3443 4297 qui-

1866 4332 1991 4387 dem
2014 4343 2180 4384 unam
2211 4340 2336 4381 esse
2364 4338 2431 4378 ex
2460 4321 2676 4377 duabus
2705 4327 2762 4375 et
2789 4319 2982 4390 viginti
3014 4334 3153 4390 quas
3180 4318 3440 4373 divinitus

1863 4424 2161 4494 inspiratas
2219 4418 2488 4481 credunt,
2538 4415 2680 4468 hanc
2731 4413 3074 4482 Scripturam
3138 4418 3436 4481 reputant;

1865 4514 2055 4570 nescio
2118 4527 2189 4566 an
2239 4507 2539 4579 quidquam
2608 4504 2663 4558 in
2718 4503 2801 4559 eis
2849 4502 3033 4556 divina
3083 4501 3440 4571 inspiratione

1865 4605 2091 4676 dignum
2135 4599 2425 4657 ostendere
2468 4604 2693 4667 queant,
2727 4594 2775 4650 si
2822 4593 2960 4648 nihil
3007 4593 3231 4648 litterali
3278 4606 3441 4648 acce-

1865 4697 2054 4768 ptione
2077 4692 2258 4762 majus
2289 4690 2380 4744 hic
2413 4687 2742 4757 excogitent.
2775 4683 2878 4751 Qui
2929 4691 3110 4740 autem
3141 4683 3440 4738 obductum

1864 4789 2007 4844 valet
2048 4786 2180 4841 huic
2229 4782 2532 4852 Scriptum
2578 4779 2758 4835 velum
2803 4783 3069 4848 retegere,
3123 4783 3443 4830 convertere

1864 4880 1933 4935 ad
1983 4878 2276 4933 Dominum
2333 4876 2478 4949 quod
2518 4883 2602 4932 est
2653 4875 2901 4944 spiritus,
2943 4881 2996 4929 et
3051 4882 3240 4944 aperto
3287 4874 3441 4928 vultu

1866 4969 2086 5027 Domini
2137 4971 2366 5042 gloriam
2404 4969 2508 5025 sub
2552 4967 2641 5022 bis
2681 4965 2870 5037 ﬁguris
2916 4957 3174 5021 lateritem
3227 4967 3441 5037 perspi-

1867 5078 2016 5130 cere,
2045 5060 2336 5117 manifeste
2365 5060 2620 5130 diSpiciet
2652 5061 2708 5112 in
2741 5072 2804 5111 ea
2833 5056 3040 5111 Christi
3072 5054 3370 5111 Ecclesiam
3409 5073 3440 5112 a

1867 5154 2139 5225 spirituali
2194 5166 2393 5223 sponsa
2429 5150 2660 5222 mystice
2709 5147 3009 5217 designari,
3043 5154 3098 5202 et
3130 5162 3252 5216 quae
3293 5147 3440 5202 dicta

1863 5255 1994 5303 sunt
2029 5247 2097 5303 de
2137 5246 2377 5318 perfecto
2416 5244 2540 5300 talis
2588 5255 2805 5313 sponsae
2837 5255 3064 5311 sponso,
3101 5249 3158 5295 et
3205 5240 3273 5294 de
3298 5255 3441 5310 reg:-

1863 5355 2059 5394 narum
2116 5341 2257 5409 ejus,
2311 5336 2746 5393 concubinarum
2803 5339 2859 5388 et
2911 5333 3438 5388 adolescentularum

1863 5431 2200 5497 discrimine,
2231 5446 2333 5486 nec
2379 5445 2489 5485 non
2518 5442 2857 5498 quaecunque
2895 5439 3093 5479 arcana
3129 5425 3182 5478 in
3218 5425 3322 5478 hoc
3369 5426 3439 5477 li-

1864 5523 1966 5578 bro
2009 5523 2328 5579 abscondita
2367 5528 2497 5578 sunt
2549 5520 2896 5586 documenta,
2937 5524 3084 5573 recte
3131 5516 3438 5587 intelliget;

253 5695 296 5766 ’ξ
335 5693 535 5766 Ephes.
589 5709 650 5766 τι
668 5692 806 5766 ,12.
883 5692 930 5724 "
956 5690 1145 5746 Matth.
1183 5707 1290 5756 vn,
1331 5689 1416 5746 Η.
1497 5687 1602 5742 ⁸⁵Ἰ
1643 5686 1761 5744 Cor

1885 5687 1974 5743 2|.
2053 5689 2100 5721 "
2144 5685 2184 5742 ll
2211 5685 2340 5744 Cor.
2377 5701 2452 5753 iv,
2489 5684 2544 5739 5.
2622 5683 2666 5715 ³⁷
2706 5681 2866 5736 Cant.
2907 5695 2982 5745 ll,
3026 5679 3121 5745 10,
3160 5679 3348 5748 M;v,
3380 5677 3437 5737 2.

191 5765 235 5799 ³³
270 5764 426 5820 Cant.
462 5782 550 5832 vi,
587 5765 640 5830 7,
673 5764 706 5819 8

620 5885 891 5944 PATBOL.
934 5881 1049 5941 (in.
1099 5879 1305 5941 XXII.

3089 5862 3169 5923 36
