3814 6220
368 340 497 394 1151

1073 323 1344 381 EUSEBII
1387 314 1867 377 CESABIENSIS
1904 311 2055 370 OPP.
2094 306 2279 365 PARS
2313 304 2406 362 Ill.
2449 335 2518 346 -—
2549 301 2958 359 EXEGETICA.

3500 295 3648 357 {£32

368 469 490 527 quae
516 462 570 509 et
617 451 818 505 multas
860 448 971 519 jam
1020 442 1417 499 elucidationes
1457 442 1754 493 consecuta
1801 439 1952 496 sunt,

2136 444 2160 479 ν
2198 425 2290 481 καὶ
2333 423 2584 477 νεανίδων
2623 421 2918 491 διαφορᾶς,
2964 415 3056 470 καὶ
3102 416 3201 469 ὅσα
3252 412 3384 467 ἄλλα
3429 414 3649 465 ἐναπο-

2425 516 2451 527 n-
2493 511 2599 527 θοι-κ
2698 512 2709 527 2
2811 511 2823 527 ι
2851 513 2862 527 Ι
2916 507 3098 527 71---.x
3133 505 3415 527 -__ﬂ.L-_.__..
3475 502 3509 527 .-
3548 503 3646 527 ---Ἵι

342 526 423 604 et
455 546 525 602 ab
552 540 925 615 impigerrimo
965 538 1274 593 divinarum
1333 528 1748 602 Scripturarum
1779 526 1944 581 inter-

369 648 521 711 prete
558 633 967 694 commentariis
994 631 1265 685 illustrata
1292 632 1443 681 sunt.

965 896 1194 954 CAPUT
1219 892 1337 949 'Vll.

1052 1011 1101 1066 E
1128 1009 1253 1066 Job.

443 1131 592 1186 lnter
622 1129 727 1184 alia
758 1127 861 1184 Job
882 1126 1006 1182 haec
1048 1125 1117 1182 de
1147 1123 1380 1181 Domino
1409 1117 1542 1176 dicit
1574 1137 1588 1174 :
1627 1135 1646 1168 ι
1681 1115 1786 1183 Qui
1816 1128 1955 1186 pra:-

373 1228 507 1298 cipit
540 1225 667 1289 soli,
699 1231 754 1278 et
793 1237 906 1277 non
939 1220 1160 1276 oritur:
1210 1224 1265 1273 et
1308 1212 1495 1271 stellas
1541 1209 1745 1266 claudit
1795 1205 1955 1277 quasi

375 1320 478 1375 sub
508 1316 790 1390 signaculo
817 1334 830 1369 :
862 1314 955 1385 qui
988 1310 1235 1368 extendit
1280 1307 1472 1369 celos,
1505 1312 1559 1359 et
1586 1300 1834 1373 graditur
1865 1314 1957 1355 su-

376 1426 474 1481 per
492 1424 642 1463 mare
658 1416 917 1477 tanquam
941 1418 1104 1473 super
1123 1400 1491 1472 pavimentum
1508 1396 1573 1449 υ.
1599 1414 1615 1445 ι
1638 1390 1703 1446 Et
1719 1405 1913 1446 rursus
1939 1408 1952 1443 :

380 1518 401 1552 ι
424 1498 531 1566 Qui
568 1512 827 1569 magnum
859 1501 978 1549 cete
1007 1491 1382 1546 debellaturus
1410 1485 1571 1541 est”.
1596 1504 1613 1536 ι
1635 1482 1771 1538 Cum
1792 1481 1959 1552 igitur

378 1592 472 1649 Dei
492 1591 733 1647 omnium
756 1585 1207 1658 magnanimitate
1223 1580 1502 1651 indignum
1521 1578 1612 1642 sit,
1630 1591 1755 1630 eum
1781 1573 1959 1643 suspi-

381 1686 533 1749 cari,
565 1682 931 1753 complentem
968 1676 1181 1741 omnia,
1208 1672 1571 1728 ambulavisse
1616 1683 1781 1738 super
1810 1679 1961 1721 mare

381 1784 549 1831 tantas
567 1786 737 1844 capax
754 1766 1167 1840 magnitudinis.
1184 1772 1434 1835 superest
1470 1770 1533 1816 ut
1559 1760 1626 1815 de
1642 1757 1820 1813 Verbo
1845 1756 1960 1811 haec

381 1868 703 1937 cogitemus.
720 1861 895 1931 Cujus
911 1861 1112 1914 virtute
1131 1855 1319 1920 Josue,
1337 1852 1482 1907 filius
1497 1849 1668 1913 Nave,
1683 1849 1775 1918 qui
1795 1847 1959 1916 hujus

384 1966 503 2014 erat
537 1957 731 2027 figura,
774 1953 876 2010 soli
912 1949 1202 2022 imperavit
1249 1954 1302 2001 et
1345 1944 1494 2001 stetit
1529 1943 1583 1995 in
1622 1939 1847 1995 Gabaon
1872 1938 1914 1970 ³¹
1944 1955 1958 2004 ;

378 2064 442 2102 ac
492 2041 932 2117 ejusepassionis
971 2047 1237 2108 tempore,
1280 2034 1468 2089 divino
1526 2031 1675 2085 velut
1725 2027 1962 2117 quodam

380 2142 559 2213 jussu,
590 2138 673 2195 sol
710 2136 1023 2191 universam
1058 2137 1263 2183 terram
1295 2124 1590 2195 complevit
1628 2121 1871 2176 tenebris
1894 2106 1959 2172 "'.

380 2233 482 2288 Hic
519 2238 607 2287 est
648 2247 676 2280 ν(
737 2226 829 2298 qui
879 2221 1126 2279 extendit
1182 2219 1352 2274 cozlos
1394 2225 1448 2272 et
1499 2214 1748 2287 graditur
1801 2224 1966 2282 super

381 2338 532 2379 mare
557 2321 602 2353 ⁸⁸
647 2318 806 2391 quasi
860 2329 1024 2385 super
1068 2312 1461 2384 pavimentum,
1526 2326 1545 2359 ι
1607 2320 1732 2360 cum
1787 2303 1966 2358 factus

382 2416 549 2471 homo
578 2410 842 2467 miracula
868 2412 1048 2478 patrat
1069 2420 1191 2473 quae
1221 2404 1276 2456 in
1307 2398 1618 2471 Evangeliis
1644 2401 1964 2451 narrantur.

383 2505 541 2573 Quod
563 2492 618 2560 si.
649 2503 873 2558 omnino
908 2500 975 2556 ad
1004 2498 1101 2555 Dci
1149 2495 1381 2552 Verbum
1417 2498 1628 2563 spectat
1671 2490 1761 2545 hic
1789 2490 1965 2554 locus,

384 2598 453 2653 de
480 2613 547 2653 eo
580 2592 935 2665 intelligenda
972 2600 1100 2647 sunt
1140 2605 1247 2645 non
1280 2595 1491 2642 tantum
1522 2599 1645 2655 quae
1668 2583 1780 2653 jam
1820 2587 1971 2635 retu-

384 2688 573 2751 limus,
610 2684 704 2741 sed
735 2694 791 2739 et
817 2682 1003 2739 omnia
1040 2682 1095 2735 in
1125 2679 1230 2735 hoc
1256 2677 1561 2749 fragmento
1589 2690 1620 2728 a
1649 2672 1755 2729 Job
1799 2671 1969 2726 dicta.

385 2776 601 2831 Etenim
653 2788 911 2844 magnum
963 2778 1146 2827 cetum
1198 2770 1350 2825 solus
1415 2765 1715 2837 superavit,
1777 2761 1972 2818 solutis

390 2867 587 2923 mortis
635 2866 894 2931 vinculis,
942 2873 996 2918 et
1046 2877 1245 2933 magno
1292 2874 1420 2915 vere
1467 2857 1707 2912 dracone
1754 2855 1974 2911 diabolo

390 2964 690 3028 prostrato,
734 2955 827 3026 qui
876 2953 1152 3025 quondam
1203 2950 1484 3005 hominum
1533 2947 1743 3002 animas
1784 2945 1976 3001 absor-

392 3052 589 3106 buerat
624 3049 839 3113 fortior,
900 3045 1005 3101 ceti
1053 3045 1230 3100 instar
1265 3041 1462 3097 Jonam
1498 3039 1746 3095 vorantis
1776 3038 1841 3105 ",
1871 3053 1976 3093 nu-

2049 517 2356 586 κέκρυπται
2390 516 2455 584 τῇ
2493 511 2659 582 βίϐλῳ
2687 507 3102 581 ἀπορρητότερα
3129 505 3441 576 μαθήματα,
3472 502 3514 555 ἃ
3548 503 3652 554 καὶ

2049 603 2426 676 πληρεστάτης
2449 602 2549 672 ήδη
2585 598 2881 670 σαφηνείας
2917 596 3124 666 ἔτυχεν,
3154 598 3209 646 ὲν
3246 588 3325 657 οἷς
3352 597 3380 646 6
3407 592 3651 661 φιλοπο-

2049 697 2288 759 νώτατος
2338 694 2447 748 τῶν
2496 693 2655 747 θείων
2706 688 2936 761 Γραφῶν
2982 688 3248 759 ἐξηγητὴς
3301 687 3653 755 ὑπεμνημά-

2050 787 2256 839 τίσατο.

2583 889 2977 948 ΚΕΦΔΛΑΙΟΝ
3017 890 3088 942 Ζ’.

2617 1004 2759 1059 Ἀπὸ
2791 1004 2896 1057 τοῦ
2940 1001 3074 1055 Ἰώὸ.

2136 1124 2195 1178 '0
2238 1121 2356 1177 Ἰὼϐ
2383 1122 2529 1174 ἐστιν
2556 1119 2586 1173 6
2611 1116 2836 1188 φάσκων
2868 1112 2994 1182 περὶ
3015 1110 3109 1164 τοῦ
3138 1104 3340 1181 Κυρίου
3376 1105 3521 1178 μετὰ
3549 1105 3658 1159 καὶ

2054 1216 2277 1287 ἐτέρων,
2308 1234 2327 1267 ι
2369 1216 2427 1267 '0
2451 1212 2626 1280 λέγων
2648 1208 2725 1280 τῷ
2752 1206 2886 1280 ἡλίῳ
2919 1204 3013 1258 καὶ
3041 1205 3141 1256 οὐκ
3172 1199 3469 1260 ἀνατέλλει,
3498 1197 3659 1250 κατά

2054 1309 2111 1363 δὲ
2144 1308 2359 1381 ἄστρων
2414 1299 2875 1374 κατασφραγίζει·
2914 1300 2943 1352 6
2993 1294 3228 1358 τανύσας
3272 1293 3363 1346 τὸν
3409 1291 3658 1362 οὐρανὸν

2060 1403 2238 1473 μόνος,
2262 1400 2358 1453 καὶ
2382 1396 2694 1469 περιπατῶν
2716 1394 2791 1456 ὡς
2806 1392 2905 1445 ἐπὶ
2927 1390 3152 1458 ἐδάφους
3177 1387 3268 1440 ἐπὶ
3293 1383 3597 1451 θαλάσσης·
3628 1398 3652 1432 ι

2057 1494 2152 1547 καὶ
2180 1491 2362 1559 πάλιν,
2391 1509 2409 1541 ι
2452 1491 2510 1543 '0
2534 1488 2741 1560 μέλλων
2764 1485 2824 1538 τὸ
2857 1484 2999 1555 μέγα
3020 1482 3184 1551 κῆτος
3209 1474 3599 1550 χειρώσασθαι.
3626 1490 3653 1525 ι

2071 1584 2227 1639 Ἐπεὶ
2252 1584 2431 1637 τοίνυν
2462 1582 2563 1634 οὑκ
2584 1579 2777 1649 ἔχεται
2799 1578 2898 1648 τῆς
2930 1574 3060 1646 περὶ
3082 1572 3174 1626 τοῦ
3203 1569 3308 1624 τῶν
3335 1569 3472 1626 ὅλων
3506 1565 3660 1625 Θεοῦ

2064 1674 2412 1749 μεγαλονοίας
2461 1672 2545 1737 τὸ¹
2572 1668 2972 1741 ὑπολαμϐάνειν
3023 1663 3184 1718 αὐτὸν
3231 1662 3298 1714 τὰ
3354 1658 3665 1728 σύμπαντα

1990 1808 2034 1863 Β
2062 1766 2369 1840 πληροῦντα
2416 1765 2510 1818 ἐπὶ
2554 1762 2798 1835 θαλάσσῃ
2847 1759 2956 1831 (ης)
2989 1757 3304 1837 περιπατεῖν
3359 1751 3663 1824 χωρούσης

2063 1859 2228 1913 αὑτοῦ
2262 1859 2322 1912 τὸ
2348 1855 2505 1910 τοσοῦ
2528 1854 2594 1926 (?)
2630 1852 2877 1925 μέγεθος,
2914 1849 3157 1904 λείπεται
3196 1846 3321 1917 περὶ
3342 1844 3433 1897 τοῦ
3469 1844 3665 1909 Λόγου

2061 1949 2234 2004 ταῦτα
2255 1951 2393 2003 νοεῖν
2414 1964 2427 1979 ο
2455 1941 2515 2000 οὗ
2544 1947 2610 2017 τῇ
2647 1942 2895 2014 δυνάμει,
2929 1938 3099 2003 τύπος
3137 1935 3300 1991 αὑτοῦ
3335 1934 3664 2003 τυγχάνων,

2062 2046 2091 2098 6
2124 2042 2216 2097 τοῦ
2262 2041 2416 2110 Ναυὴ
2455 2037 2662 2109 Ἰησοῦς
2712 2031 2862 2089 εἶπεν
2901 2032 2981 2103 τῷ
3021 2029 3158 2103 ἡλίῳ
3208 2027 3302 2082 καὶ
3333 2026 3462 2095 ἔστη
3510 2021 3670 2077 κατὰ

2064 2135 2311 2199 Γαϐαὼν,
2346 2132 2481 2187 ἀλλὰ
2502 2133 2594 2186 καὶ
2617 2128 2759 2185 κατὰ
2780 2128 2869 2181 τὸν
2895 2125 3083 2197 καιρὸν
3103 2121 3198 2176 τοῦ
3228 2119 3429 2181 πάθους
3454 2114 3669 2175 αὐτοῦ,

2065 2226 2304 2297 ὡσπερεὶ
2325 2223 2445 2295 θείᾳ
2469 2222 2574 2276 τινὶ
2603 2218 2915 2292 προστάξει,
2937 2218 2967 2269 6
2987 2216 3137 2286 ἥλιος
3161 2213 3253 2265 ἐπὶ
3288 2212 3468 2263 πᾶσαν
3502 2205 3670 2259 ἐσκό-

2066 2335 2227 2371 τασεν
2273 2316 2372 2386 τὴν
2405 2315 2530 2385 γῆν.
2574 2310 2745 2375 Αὐτὸς
2780 2309 2838 2363 δέ
2877 2310 3024 2362 ἐστιν
3058 2324 3077 2357 ι
3114 2308 3142 2358 6
3169 2301 3403 2364 τανύσας
3440 2297 3673 2351 τὺνσοῦ-

2071 2406 2251 2479 ρανὺν,
2280 2407 2308 2458 6
2341 2405 2434 2458 ml
2461 2402 2838 2475 περιπατήσας
2858 2400 2933 2463 ὼς
2965 2399 3050 2451 ἐπ’
3080 2395 3309 2464 ἐδάφους
3336 2391 3428 2445 ἐπὶ
3453 2389 3673 2443 θαλάσ-

2070 2478 2189 2570 σης,
2221 2518 2239 2550 ι
2269 2496 2505 2567 ὁπηνίκα
2526 2493 2957 2565 ὲνανθρωπήσας
2985 2489 3233 2543 ἀπετέλει
3263 2484 3332 2537 τὰ
3354 2478 3670 2551 παράδοξα,
3730 2526 3739 2531 -

2071 2589 2254 2654 καθὼς
2282 2592 2340 2642 ὲν
2361 2591 2476 2651 τοῖς
2499 2585 2849 2655 Εὑαγγελίοις
2893 2582 3191 2653 ἱστόρηται.
3229 2579 3292 2631 Εἰ
3318 2576 3362 2630 δ’
3392 2575 3533 2636 ὅλως
3567 2574 3675 2625 ὲπι

2069 2682 2160 2735 τὸν
2191 2681 2284 2734 τοῦ
2322 2678 2459 2734 Θεοῦ
2493 2679 2665 2747 Λόγον
2705 2676 2775 2730 τά
2804 2674 2946 2730 κατὰ
2974 2673 3099 2736 τοὺς
3136 2672 3332 2733 τόπους
3372 2665 3672 2735 ἀναφέροι,

2072 2774 2133 2827 τὸ
2181 2772 2311 2842 ἑξῆς
2338 2771 2404 2825 ἂν
2435 2771 2519 2843 εἴη
2554 2771 2628 2841 μὴ
2676 2768 2814 2838 μόνα
2862 2766 3005 2836 άπερ
3051 2761 3345 2833 ὲξεθέμεθα
3399 2756 3543 2829 ῥητά
3583 2756 3677 2820 εἰς

2076 2865 2237 2919 αὐτὸν
2270 2862 2652 2934 ἐκλαμϐάνειν,
2684 2858 2818 2914 ἀλλὰ
2858 2857 2953 2911 καὶ
2990 2856 3168 2910 πάντα
3199 2853 3266 2906 τὰ
3298 2854 3355 2904 ὲν
3392 2853 3458 2921 τῇ
3504 2863 3675 2917 πρι-

2077 2959 2219 3028 κοπῇ
2251 2955 2356 3009 ὑπὸ
2384 2954 2478 3008 τοῦ
2521 2952 2642 3007 Ἰὼϐ
2673 2952 2972 3021 λεγόμενα·
3038 2946 3131 3000 καὶ
3161 2944 3272 3014 γὰρ
3298 2941 3393 2995 καὶ
3429 2940 3494 2993 τὸ
3523 2937 3682 3010 μέγα.

2078 3026 2242 3120 κῆτος
2274 3047 2429 3118 μόνος
2465 3046 2625 3109 αὐτὸς
2654 3041 3005 3114 ἐχειρώσατο,
3031 3037 3200 3099 λύσας
3227 3033 3324 3097 τὰς
3346 3032 3547 3094 ὠδῖνας
3572 3026 3678 3082 τοῦ

394 3141 633 3211 perrime
679 3154 811 3193 vero
859 3137 928 3192 ab
977 3134 1297 3191 adversario
1348 3146 1450 3188 suo
1499 3130 1748 3187 devictus
1775 3168 1789 3193 ,
1836 3143 1971 3200 quos

2136 3140 2331 3203 ινάτου,
2359 3140 2453 3193 καὶ
2476 3138 2567 3191 τὸν
2592 3136 2763 3208 μέγαν
2792 3136 2867 3198 ὡς
2899 3130 3114 3202 άληθῶς
3141 3128 3409 3199 δράκοντα
3437 3124 3535 3177 τὸν
3558 3122 3685 3177 διὰ-

396 3233 527 3285 οὶίηι
558 3230 849 3285 sorbuerat
896 3227 1102 3289 emisit,
1132 3221 1595 3295 quemadmodum
1632 3220 1970 3276 incolumem

397 3329 707 3377 monstrum
746 3319 939 3374 Jonam
975 3316 1252 3382 reddidit;
1288 3315 1368 3370 sic
1409 3313 1630 3384 impleta
1667 3311 1973 3383 prophetia,

2075 3230 2229 3285 δολον
2264 3230 2635 3302 καταργήσας,
2671 3226 2730 3290 ὃς
2761 3225 2929 3279 πάλαι
2965 3223 3062 3294 μὲν
3092 3220 3195 3289 τὰς
3228 3216 3339 3270 τῶν
3364 3214 3684 3284 ἀνθρώπων

2074 3321 2251 3392 ψυχάς
2275 3320 2563 3374 κατέπινεν
2590 3317 2835 3389 ἰσχύσας,
2860 3316 3016 3388 δίκην
3035 3312 3127 3367 τοῦ
3153 3312 3245 3365 τὸν
3280 3309 3466 3364 Ἰωνᾶν
3498 3322 3682 3360 κατα-

398 3414 459 3468 in
487 3428 597 3484 qua
629 3411 837 3465 dictum
869 3415 991 3463 est:
1032 3426 1051 3459 ι
1105 3404 1426 3475 Absumpsit
1474 3418 1623 3458 mors
1658 3401 1871 3467 fortior,
1922 3410 1971 3457 et

2136 3406 2394 3476 επωκότος
2447 3414 2665 3483 κήτους,
2727 3406 3011 3481 χειρωθεὶς
3042 3405 3087 3459 δ’
3138 3404 3365 3474 ὕστερον
3414 3398 3528 3453 ὑπὸ
3581 3395 3685 3449 τοῦ

396 3506 608 3561 auferet
632 3503 897 3559 Dominus
935 3500 1078 3557 Deus
1108 3501 1405 3570 lacrymam
1433 3496 1502 3552 ab
1532 3496 1680 3551 omni
1703 3495 1921 3551 facie”.
1954 3514 1971 3547 ι

2136 3522 2218 3558 ιτα
2241 3503 2603 3566 παλαίσαντος
2630 3501 2813 3565 αὑτὸν,
2850 3500 3164 3570 προήγαγεν
3195 3489 3350 3556 αὖθις
3378 3490 3474 3553 οὓς
3508 3488 3687 3542 πάλαι

397 3599 556 3666 Quod
582 3608 636 3655 et
664 3597 901 3653 dicimus
928 3601 1150 3665 propter
1196 3606 1343 3653 eum,
1375 3592 1758 3665 quilmagnum
1797 3594 1971 3642 cetum

2136 3597 2494 3664 ιταπεταῖικει,
2536 3594 2737 3667 ὁμοίως
2771 3592 2849 3664 τῷ
2877 3592 2967 3644 τὸν
3004 3590 3189 3642 Ἱωνᾶν
3234 3586 3373 3639 σῶον
3402 3581 3686 3636 ἀποδεδω-

398 3689 489 3744 hic
529 3688 875 3758 designatum
909 3684 1228 3756 prostravit,
1284 3679 1623 3735 Salvatorem
1659 3676 1971 3732 Dominum-

2136 3690 2202 3743 5τι
2227 3690 2434 3762 θηρίῳ·
2491 3685 2870 3759 πληρουμένης
2911 3685 2969 3736 ὲν
3001 3680 3173 3750 τούτῳ
3201 3676 3544 3749 προφητείας
3576 3689 3688 3740 φα·

400 3795 506 3851 que
539 3786 808 3836 nostrum.

2136 3783 2343 3853 ιοεὲσης,
2382 3800 2400 3831 ι
2438 3778 2713 3834 Κατέπιεν
2753 3779 2781 3830 6
2812 3775 3037 3837 θάνατος
3087 3772 3333 3843 ἰσχύσας,
3385 3767 3483 3821 καὶ
3517 3764 3686 3818 πάλιν

401 3877 618 3947 ἀφεῖλεν
645 3878 674 3931 ὁ
704 3875 836 3939 θεδς
858 3875 965 3928 πᾶν
990 3873 1222 3944 δάκρυον
1250 3868 1357 3924 ἀπὸ
1388 3868 1588 3929 ’παντὸς
1612 3865 1923 3936 προσώπου’
1954 3888 1972 3920 ι
2016 3872 2044 3924 ὃ
2077 3878 2169 3931 καὶ
2234 3877 2462 3948 λέγομεν
2487 3875 2573 3929 διὰ
2596 3873 2685 3926 τὸν
2709 3872 2767 3925 τὸ
2805 3869 3095 3940 λεγόμενον
3140 3864 3376 3921 ἐνταῦθα
3410 3862 3559 3933 μέγα
3582 3859 3658 3926 κῆ
3685 3888 3690 3892 ·

402 3987 494 4034 τος
524 3968 929 4042 χειρωσάμενον
957 3964 1188 4035 Σωτῆρα
1219 3961 1316 4015 καὶ
1344 3960 1548 4031 Κύριον
1576 3959 1750 4029 ἡμῶν.
3564 3958 3579 3972 ⁸

998 4072 1228 4130 CAPUT
1253 4071 1387 4127 Vill.

2618 4068 2918 4124 ΚΕΦΑΛΔΙ
2929 4067 3021 4121 ΟΝ
3060 4067 3143 4122 H'.

1106 4185 1153 4239 E
1177 4184 1301 4240 Job.

2654 4187 2788 4243 Ἀπὸ
2819 4186 2927 4241 τοῦ
2968 4182 3117 4239 Ἰὼϐ.

483 4305 745 4361 Dominus
772 4304 828 4358 in
878 4316 980 4358 sua
1027 4298 1094 4355 ad
1139 4298 1243 4354 Job
1296 4296 1660 4367 apparitione.
1710 4294 1971 4366 sapientia

2173 4304 2230 4357 '0
2252 4304 2456 4375 Κύριος
2495 4304 2553 4357 ὲν
2586 4301 2665 4374 τῷ
2709 4300 2850 4372 πρὸς
2891 4298 2984 4355 τὸν
3027 4293 3147 4350 ἰὼδ
3196 4291 3578 4365 χρηματισμῷ
3620 4292 3690 4344 τά

407 4407 462 4454 et
491 4396 845 4470 providentia:
867 4408 980 4450 suae
1008 4403 1175 4461 opera
1202 4402 1555 4452 enumerans,
1579 4386 1744 4442 dicit:
1785 4404 1803 4436 ι
1841 4384 1967 4439 Νυιι

2136 4393 2190 4464 ἧς
2215 4392 2409 4448 ἑαυτοῦ
2444 4391 2700 4464 προνοίας
2723 4390 2818 4443 καὶ
2838 4386 3155 4458 οἰκονομίας
3185 4384 3323 4454 ἔργα
3347 4380 3569 4446 διεξιὼν
3589 4399 3692 4449 φη-

410 4469 562 4561 quid,
593 4493 810 4556 sumpto
838 4491 999 4540 terrae
1022 4483 1158 4545 luto,
1178 4479 1382 4535 animal
1410 4477 1714 4540 fabricasti,
1739 4477 1971 4547 loquens

2136 4504 2190 4551 rt,
2229 4505 2248 4539 ι
2292 4486 2403 4539 Καὶ
2455 4482 2735 4537 συλλαϐὼν
2774 4481 2879 4551 γῆν
2909 4477 3098 4549 πηλὸν,
3134 4473 3375 4535 ἔπλασας
3405 4470 3572 4535 ζῶον,
3599 4469 3692 4522 καὶ

412 4598 519 4654 que
552 4579 685 4635 illud
728 4577 964 4649 posuisti
1016 4575 1072 4629 in
1105 4572 1298 4628 terra?
1350 4571 1641 4627 Abstulisti
1692 4572 1761 4625 ab
1808 4570 1971 4642 impii:

2136 4576 2324 4646 τλητὸν
2373 4576 2535 4629 αὐτὸν
2568 4574 2690 4629 ἔθου
2721 4573 2813 4627 ἐπὶ
2859 4572 2956 4642 τῆς
2998 4570 3134 4639 γῆς;
3174 4563 3429 4635 ’Δφείλας
3471 4562 3535 4615 δὲ
3585 4563 3695 4615 ἀπὸ

412 4653 685 4737 lucem,et
707 4668 933 4726 brachia
958 4667 1321 4736 superborum
1344 4663 1710 4734 confregisti?
1738 4662 1971 4734 Nunquit

2140 4667 2311 4720 σεϐὦν
2353 4667 2415 4720 τὸ
2444 4665 2578 4736 φῶς,
2609 4664 2903 4737 βραχίονας
2938 4662 2996 4715 δὲ
3024 4657 3391 4730 ὑπερηφάνων
3441 4653 3697 4722 συνέτρι-

412 4769 695 4838 ingressus
718 4778 779 4819 es
824 4760 1002 4815 fontes
1029 4758 1218 4823 maris,
1265 4764 1318 4813 et
1368 4758 1424 4811 in
1452 4756 1768 4811 novissimis
1813 4756 1971 4825 abyss

2136 4776 2243 4826 ac;
2283 4754 2487 4823 *Ηλθες
2520 4758 2578 4812 δὲ
2612 4759 2705 4811 ἐπὶ
2733 4755 2919 4828 πηγὴν
2952 4750 3247 4820 θαλάσσης,
3292 4748 3351 4799 ὲν
3393 4744 3451 4797 δὲ
3487 4744 3697 4815 ἴχνεσιν

417 4834 775 4917 deambulasli
795 4859 820 4909 ’ί
840 4853 1100 4926 Nunquid
1127 4861 1331 4924 apertae
1356 4861 1486 4907 sunt
1517 4851 1617 4905 tibi
1645 4865 1768 4905 eum
1803 4852 1971 4903 timori

2136 4851 2341 4905 ,ϐύσσου
2369 4849 2814 4923 περιεπάτησας;
2856 4844 3188 4912 Ἀνοίγονται
3214 4839 3273 4893 δέ
3302 4855 3387 4892 σοι
3414 4835 3575 4906 φόϐῳ
3598 4834 3698 4887 πύ-

417 4962 593 5027 portae
616 4952 832 5013 mortis,
854 4959 908 5005 et
924 4945 1371 5027 ostiatenebrosa
1395 4943 1578 4999 vidisti
1590 4943 1676 4996 “‘I
1700 4960 1719 4994 ι
1744 4940 1871 4996 Haec
1899 4955 1999 4995 au-

420 5026 528 5103 tem
547 5046 625 5100 ait
642 5044 904 5098 Dominus
922 5041 989 5095 ad
1007 5026 1111 5094 Job
1124 5038 1193 5093 de
1215 5037 1449 5107 se'ipso,
1465 5035 1609 5106 quod
1638 5049 1668 5088 a
1698 5034 1850 5088 nullo
1867 5034 1997 5100 alio,

422 5138 531 5195 nisi
560 5153 591 5191 a
619 5136 916 5205 semetipso
955 5132 1089 5185 talia
1141 5129 1256 5185 fieri
1290 5129 1634 5199 potuissentJ
1662 5125 1800 5191 Quis
1828 5125 1997 5189 enim,

422 5236 642 5300 sumpta
664 5236 833 5291 terra,
852 5223 1054 5279 animal
1070 5222 1248 5287 finxit,
1272 5221 1381 5275 nisi
1399 5218 1544 5274 Deus
1560 5219 1652 5288 qui
1670 5217 1906 5287 sumpsit
1934 5216 2002 5271 de

422 5324 556 5376 limo
590 5328 752 5376 terra:
783 5318 1051 5387 ﬁnxitque
1097 5312 1419 5369 hominem?
1457 5310 1587 5365 Inde
1630 5309 1792 5365 simul
1842 5309 2005 5364 doce-

425 5428 569 5477 mur,
600 5413 839 5468 hominis
867 5409 1184 5465 Creatorem
1214 5404 1468 5460 eumdem
1501 5418 1626 5458 esse
1659 5416 1722 5455 ac
1759 5400 1851 5470 qui
1883 5414 2007 5470 pro-

429 5503 752 5559 fundissima
780 5508 943 5557 terra:
975 5500 1254 5569 ingressus
1286 5502 1391 5559 est,
1443 5502 1605 5564 atque
1630 5492 1688 5547 in
1716 5492 1837 5561 ejus
1864 5506 2003 5561 prae-

502 5685 547 5715 ”
583 5683 685 5736 Job
716 5698 805 5745 Ix,
840 5683 893 5748 7,
927 5681 974 5734 8.
1057 5681 1100 5710 ³η
1139 5678 1239 5732 Job
1278 5694 1368 5739 ιιι,
1409 5677 1483 5748 8.
1532 5676 1587 5748 A':
1624 5674 1737 5733 Jos.
1776 5693 1843 5742 x,
1880 5676 1967 5731 12.

2136 5671 2322 5728 Matth.
2364 5687 2508 5726 xxv"
2532 5714 2544 5737 ,
2578 5669 2671 5724 45.

435 5754 478 5783 ³⁵
519 5752 622 5806 lsa.
659 5768 784 5810 xxv,
820 5746 888 5805 8.
954 5750 997 5780 ³⁸
1032 5748 1133 5803 Job
1170 5764 1403 5811 xxxvm,
1431 5746 1608 5802 14-17.

2103 4941 2495 5005 λαιθανάτου,
2518 4939 2581 5011 (f.
2617 4939 2688 4993 28
2715 4940 2789 5006 νο)
2853 4932 3095 5005 πυλωροὶ
3127 4930 3186 4984 δὲ
3227 4928 3354 5000 ᾅδου
3400 4925 3609 4987 ίδόντες
3634 4940 3695 4975 σε

2106 5034 2380 5106 ἐπτηξανς
2413 5052 2431 5084 ι
2466 5030 2652 5085 Ταῦτα
2690 5029 2750 5084 δέ
2774 5044 2938 5098 φησιν
2964 5027 2994 5079 ὁ
3026 5023 3228 5094 Κύριος
3270 5018 3410 5090 πρὸς

2106 5101 2242 5197 περὶ,
2266 5122 2485 5187 ἑαυτοῦ,
2515 5121 2591 5184 ὡς
2643 5117 2869 5191 μηδενὸς
2906 5113 3096 5185 ἐτέρου
3141 5110 3283 5180 πλὴν
3314 5104 3483 5160 αὐτοῦ

2106 5195 2409 5287 δυναμένου
2441 5213 2509 5267 τὰ
2549 5210 2851 5281 τηλικαῦτα
2889 5205 3133 5276 ἐνεργεῖν
3155 5219 3168 5232 ⁸
3208 5200 3292 5263 τίς
3332 5197 3445 5268 γάρ
3484 5197 3637 5248 ἐστιν
3670 5195 3698 5243 ὀ

2106 5283 2288 5362 λαϐὼν
2317 5307 2422 5377 γῆν
2449 5306 2545 5360 καὶ
2576 5303 2788 5365 πλάσας
2822 5299 2981 5366 ζῶον,
3021 5298 3056 5369 ἢ
3091 5299 3120 5350 ὁ
3142 5294 3277 5356 Θεὸς
3304 5293 3334 5344 ό
3360 5287 3555 5343 λαϐὼν
3573 5283 3696 5356 χοῦν

2108 5401 2218 5455 ἀπὸ
2246 5400 2348 5471 τῆς
2379 5399 2482 5470 γῆς
2519 5398 2613 5451 καὶ
2637 5395 2846 5457 πλάσας
2883 5393 2976 5446 τὸν
3003 5389 3320 5458 άνθρωπον;
3349 5384 3506 5451 Ἅμα
3537 5380 3596 5432 δὲ
3624 5377 3697 5431 δι-

2108 5489 2420 5562 δασκόμεθα
2444 5487 2715 5553 ἐντεῦθεν,
2750 5487 2825 5548 ὡς
2856 5484 2966 5555 ἄρα
2996 5484 3026 5534 6
3054 5480 3268 5540 πλάσας
3293 5476 3385 5528 τὸν
3415 5472 3697 5542 ἄνθρωπον

2751 5667 2795 5699 ³³
2833 5663 2932 5721 Job
2980 5678 3069 5731 lx,
3106 5661 3161 5718 8.
3240 5655 3287 5692 ³⁸
3327 5654 3500 5711 Jonas
3535 5670 3598 5717 ιι,
3643 5654 3686 5705 ι.
