3840 6222
192 329 345 383 “53

1221 325 1519 383 ECLOGIE
1556 324 2033 383 PBOPHETICIE.
2076 357 2144 369 η-
2168 325 2297 382 LIB.
2332 325 2419 382 Ill.

3310 330 3454 388 UH

186 448 370 513 αὐτός
401 450 547 502 ἐστιν
576 450 604 501 6
633 448 723 502 mi.
756 449 837 512 εἰς
858 447 927 503 τὰ
952 447 1232 522 κατώτερα
1257 449 1357 521 τῆς
1381 449 1483 519 γῆς
1517 448 1775 513 καταϐὰς,

1883 446 2094 513 cordia,
2120 462 2245 517 qua:
2267 448 2440 503 maris
2467 445 2740 519 profunda
2764 447 2897 504 mihi
2931 448 3241 519 signiﬁcare
3267 448 3459 503 viden-

193 550 301 596 καὶ
340 544 430 621 ,εἰς
473 541 571 613 τὴν
601 540 896 612 λεγομένην
946 541 1171 612 καρδίαν
1219 542 1408 611 αὐτῆς,
1444 542 1634 612 ἥντινα
1682 541 1777 596 νῦν

192 630 574 702 ὑπολαμϐάνω
599 629 779 701 πηγὴν
816 629 1093 701 θαλάσσης
1120 630 1463 701 ὠνομάσθαι·
1496 631 1578 685 ἔτι
1606 631 1663 684 δὲ
1686 632 1779 685 καὶ

186 725 227 778 ὁ
275 727 334 779 ὲν
364 723 565 795 ῐχνεσιν
611 723 887 795 θαλάσσης
934 725 1331 796 περιπατήσας,
1373 717 1418 792 ᾧ
1462 725 1610 796 μόνῳ
1641 725 1781 795 μετὰ

194 816 370 885 φόϐου
392 814 740 887 ἠνεῴχθησαν
763 816 818 870 αἱ
843 814 936 868 τοῦ
959 813 1190 871 θανάτου
1223 815 1408 881 πύλαι,
1436 815 1558 871 καθ’
1584 816 1664 869 ὅτι
1683 816 1780 869 οὐκ

191 903 272 978 ἦν
293 907 513 961 δυνατὸν
543 906 860 977 κρατεῖσθαι
884 904 1045 960 αὐτὸν
1071 906 1163 959 ὑπ’
1189 906 1375 970 αὐτοῦ,
1398 906 1457 960 ὃν
1481 908 1575 961 καὶ
1607 908 1655 960 οἰ
1679 925 1780 960 πυ-

192 999 369 1072 λωροὶ
407 998 499 1053 τοῦ
544 998 705 1069 ’ᾍδου
747 998 945 1061 ἰδόντες
974 997 1234 1067 ἔπτηξαν,
1265 997 1499 1070 ὁρῶντες
1542 999 1602 1052 τὸ
1634 1002 1779 1063 νῖκος

192 1089 300 1143 καὶ
329 1088 390 1142 τὸ
412 1091 653 1161 κέντρον,
679 1090 772 1141 καὶ
793 1088 893 1151 τὰς
922 1087 1115 1151 ὠδῖνας
1139 1088 1230 1141 τοῦ
1260 1088 1490 1143 Θανάτου
1509 1089 1576 1143 δι’
1614 1090 1778 1144 αὐτοῦ

190 1179 661 1251 καθαιρουμένας·
693 1179 832 1248 τάχα
870 1178 934 1232 δὲ
964 1179 1173 1243 τούτοις
1210 1182 1321 1243 τοῖς
1367 1179 1636 1253 πυλωροῖς
1670 1181 1779 1234 τῶν

190 1271 386 1325 ἐνθάδε
410 1271 717 1343 λεγομένων
739 1270 919 1324 πυλῶν
943 1270 1035 1324 τοῦ
1053 1271 1284 1325 Θανάτου
1307 1271 1413 1325 ὑπό
1432 1288 1593 1326 τινων
1616 1273 1777 1328 θείων

186 1363 478 1435 δυνάμεων
516 1363 735 1432 ἐλέγετο
773 1363 916 1417 κατὰ
954 1363 1045 1417 τὸν
1090 1363 1282 1435 καιρὸν
1319 1363 1414 1417 τοῦ
1447 1364 1652 1428 πάθους
1687 1367 1779 1419 καὶ

187 1456 300 1527 τῆς
329 1457 409 1518 εἰς
451 1455 543 1508 τὸν
594 1454 762 1527 ᾊδην
801 1452 893 1508 τοῦ
929 1454 1179 1526 Σωτῆρος
1218 1454 1376 1527 ἡμῶν
1426 1455 1779 1521 καταϐάσεως

187 1545 280 1609 τὸ,
320 1563 339 1595 ι
380 1545 583 1615 Ἀρατε
636 1543 827 1609 πύλας,
868 1546 917 1598 οἰ
958 1543 1236 1616 ἄρχοντες,
1267 1544 1420 1616 ὑμῶν
1463 1547 1555 1599 καὶ
1603 1546 1775 1616 ἐπάρ-

191 1633 351 1704 θητε,
385 1634 551 1689 πύλαι
581 1634 808 1701 αἰώνιοι,
839 1635 933 1688 καὶ
957 1634 1317 1689 εἰσελεύσεται
1341 1638 1370 1689 6
1403 1635 1655 1706 βασιλεὺς
1680 1637 1776 1709 τῆς

188 1726 384 1798 δόξης*
426 1748 445 1781 ι
482 1726 687 1782 αἰώνιοι
707 1728 763 1782 δὲ
782 1726 1026 1802 εἴρηνται
1057 1728 1241 1793 πύλαι,
1272 1728 1348 1792 ὦς
1388 1714 1772 1799 ὑπολαμϐάνω,

1886 549 1997 605 tur,
2041 540 2369 610 penetravit.
2414 538 2475 595 ιιι
2503 541 2822 600 novissimis
2861 556 3078 613 quoque
3133 541 3315 612 abyssi
3362 541 3459 596 de-

1886 631 2206 696 ambulavit,
2253 631 2343 687 cui
2399 632 2501 687 soli
2554 643 2753 704 apertae
2815 641 2945 689 sunt
2990 641 3164 704 portae
3216 634 3455 700 mortis;

1886 720 2042 777 nefas
2058 724 2269 793 quippe
2304 731 2422 778 erat
2456 738 2580 778 eum
2619 739 2651 778 a
2696 733 2874 781 morte
2907 725 3146 790 devinci,
3175 740 3338 795 quem
3373 726 3460 779 in-

1887 814 2027 871 ferni
2061 814 2274 870 ostiarii
2298 815 2547 871 videntes
2581 817 2999 886 pertimuerunt,
3033 815 3317 870 victoriam
3350 815 3460 873 sd-

1885 907 2035 971 licet,
2065 916 2119 962 et
2151 907 2456 972 stimulum,
2490 914 2546 962 et
2579 908 2798 962 vincula
2829 908 3024 965 mortis
3056 909 3126 963 ab
3151 924 3217 964 eo
3247 908 3459 963 sublata

1886 1013 2013 1053 cum
2045 998 2487 1069 conspexissent.
2519 998 2616 1056 His
2646 1011 2824 1057 autem
2862 1001 3107 1057 ostiariis
3135 998 3337 1056 inferni
3369 1001 3456 1071 ja-

1886 1103 2118 1145 nuarum
2149 1103 2179 1142 a
2227 1090 2553 1160 quibusdam
2598 1092 2801 1148 divinis
2839 1092 3201 1163 potestatibus
3252 1091 3461 1147 dictum

1886 1189 1972 1237 est
2002 1189 2250 1252 tempore
2280 1183 2554 1253 passionis
2584 1191 2639 1239 et
2666 1184 2974 1239 Salvatoris
3006 1184 3182 1239 nostri
3222 1182 3291 1237 ad
3321 1181 3461 1237 infe-

1886 1286 1979 1328 ros
2007 1273 2337 1329 descensus:
2368 1291 2387 1325 ι
2418 1272 2666 1330 Attollite
2689 1281 2897 1345 portas.
2921 1273 3222 1347 principes,
3240 1283 3460 1329 vestras

1883 1373 1939 1419 et
1963 1365 2274 1429 elevamini,
2311 1371 2482 1435 portae
2508 1365 2815 1434 aeternales,
2842 1372 2897 1421 et
2924 1366 3172 1421 introibit
3199 1366 3315 1420 Rex
3342 1366 3461 1436 glo-

1885 1456 1980 1511 ria:
2002 1457 2100 1513 ³⁷.»
2134 1455 2445 1513 Eternales
2472 1466 2641 1528 porta:
2674 1457 2953 1521 dicuntur,
2987 1466 3046 1511 ut
3073 1456 3291 1527 Opinor,
3325 1471 3460 1525 quo-

1885 1550 2032 1605 niam
2073 1550 2142 1605 ab
2168 1558 2374 1605 aeterno
2402 1550 2541 1604 nulli
2574 1564 2809 1621 unquam
2846 1555 3073 1620 patuere
3098 1548 3204 1603 nisi
3257 1547 3332 1602 illi
3364 1547 3459 1617 qui

1884 1650 2060 1697 morte
2087 1643 2363 1713 quondam
2401 1644 2649 1698 sublatos
2678 1642 2933 1697 liberavit
2970 1647 3025 1697 et
3056 1640 3124 1696 ad
3156 1639 3333 1695 vitam
3367 1655 3458 1695 re-

1886 1733 2138 1799 vocavit;
2191 1732 2258 1788 de
2289 1749 2399 1804 quo
2444 1734 2534 1788 hic
2582 1733 2826 1788 dicitur:
2872 1750 2891 1784 ι
2930 1731 3143 1801 Aperta;
3189 1738 3318 1787 sunt
3358 1731 3455 1785 tibi

188 1821 283 1873 διὰ
312 1819 374 1874 τὸ
401 1819 460 1887 ἐξ
479 1820 673 1885 αἰῶνος
708 1820 898 1892 μηδενὶ
934 1820 1078 1892 ἄλλῳ
1112 1819 1281 1884 αὐτὰς
1314 1820 1559 1875 ἀνεῖσθαι
1591 1822 1625 1894 ἢ
1662 1822 1775 1875 τού-

1886 1838 2011 1878 cum
2040 1824 2236 1880 timore
2262 1832 2432 1895 portae
2456 1827 2670 1890 mortis,
2703 1830 2758 1880 et
2790 1823 2990 1878 inferni
3027 1823 3240 1879 ostiarii
3263 1822 3455 1877 viden-

186 1927 273 1982 τῳ
304 1910 450 1982 μόνῳ
477 1909 557 1981 τῷ
585 1911 680 1964 καὶ
705 1910 833 1974 τοὺς
864 1910 1031 1965 πάλαι
1073 1911 1202 1964 ποτὲ
1238 1910 1646 1975 καταποθέντας
1674 1911 1780 1965 ὑπὸ

186 2002 289 2057 τοῦ
331 2002 561 2057 θανάτου
602 2002 891 2075 ῥυσαμένῳ
923 2004 1017 2057 καὶ
1069 2001 1493 2074 ζωοποιήσαντι·
1541 2004 1672 2076 περὶ
1719 1996 1781 2056 οὗ

188 2094 381 2151 ἐνθάδε
411 2095 509 2166 μὲν
535 2095 749 2167 εἴρηται
781 2096 861 2160 τὸ,
884 2114 903 2145 ι
946 2096 1273 2165 Ἀνοίγονται
1304 2095 1361 2149 δέ
1398 2114 1479 2151 σοι
1506 2096 1654 2167 φόϐῳ
1681 2096 1783 2149 πύ-

185 2185 282 2240 λαι
315 2186 566 2254 θανάτου,
590 2187 829 2260 πυλωροὶ
853 2187 909 2240 δὲ
942 2185 1104 2258 ’ᾍδου
1161 2187 1359 2251 ἰδόντες
1382 2204 1440 2240 σε
1466 2186 1722 2259 ἔπτηξαν·
1756 2207 1774 2239 ι

185 2282 250 2332 ἓν
279 2279 338 2334 δὲ
364 2278 441 2350 τῷ
473 2278 564 2350 pg’
584 2278 785 2350 ψαλμῷ
804 2279 884 2344 τὸ,
920 2298 938 2330 ι
982 2278 1105 2332 Ὅτι
1128 2278 1412 2351 συνέτριψε
1448 2279 1621 2343 πύλας
1649 2280 1777 2350 χαλ-

187 2372 319 2435 κᾶς,
362 2390 383 2424 ι
415 2371 515 2425 οὐκ
539 2371 705 2436 ἄλλας
744 2370 931 2436 οὔσας,
971 2373 1046 2439 ὡς
1078 2371 1251 2444 οἶμαι,
1295 2373 1328 2445 ἢ
1363 2372 1463 2437 τὰς
1492 2393 1510 2424 ι
1549 2374 1642 2428 τοῦ
1679 2373 1779 2429 θα-

100 2534 111 2543 .
185 2465 380 2529 νάτου,
406 2463 502 2518 καὶ
552 2465 780 2535 μοχλοὺς
814 2464 1067 2537 σιδηροῦς
1102 2466 1438 2539 συνέτριψεν,
1486 2488 1504 2518 ι
1534 2467 1691 2539 δῆλον
1731 2468 1776 2522 δ’

184 2558 274 2610 ὅτι
312 2557 439 2621 τοὺς
480 2556 589 2610 τῶν
617 2557 1031 2630 προειρημένων
1072 2557 1274 2612 πυλῶν.
1318 2558 1505 2614 Ταῦτα
1544 2560 1643 2632 μὲν
1684 2556 1777 2614 οὖν

180 2651 325 2720 ᾐμῖν
352 2649 428 2712 ὡς
454 2648 521 2703 ἂν
548 2648 735 2721 μηδενὶ
760 2650 932 2721 ἑτέρῳ
960 2648 1091 2720 ἦτῷ
1118 2651 1337 2723 Χριστῷ
1368 2651 1675 2723 ἁρμόζοντα
1697 2654 1776 2718 εἰς

186 2741 355 2795 αὑτὸν
381 2739 692 2812 ὲξείληπται
716 2758 730 2772 ο
755 2741 917 2805 αὐτὸς
939 2741 1048 2812 γάρ
1078 2741 1224 2795 ἐστιν
1260 2735 1304 2808 ᾧ
1333 2744 1509 2797 πᾶσαν
1536 2742 1635 2814 τὴν
1655 2745 1777 2814 κρί-

188 2848 278 2886 σιν
325 2831 522 2885 ἐδωκεν
550 2833 578 2884 6
610 2832 820 2904 Πατὴρ,
856 2830 995 2885 ὥστε
1029 2833 1189 2886 αὑτὸν
1233 2835 1486 2906 ἀφαιρεῖν
1529 2834 1629 2905 μὲν
1668 2837 1776 2889 ἀπὸ

176 2923 405 2980 ,ἀσεϐῶν
435 2924 497 2977 τὸ
542 2923 677 2993 φῶς,
720 2922 1010 2995 βραχίονας
1045 2924 1102 2977 δὲ
1145 2925 1507 2996 ὑπερηφάνων
1555 2928 1773 3001 συντρί-

187 3017 309 3069 ϐειν
329 3033 342 3044 ⁸
368 3017 416 3068 εἰ
443 3014 499 3068 δέ
530 3032 612 3079 τις
640 3015 768 3085 περὶ
793 3012 890 3068 τοῦ
910 3014 1017 3069 τῶν
1044 3015 1181 3068 ὅλων
1205 3013 1340 3067 Θεοῦ
1369 3015 1576 3086 οἰηθείη
1599 3015 1770 3069 ταῦτα

183 3105 465 3174 λέγεσθαι,
487 3103 834 3175 ἐπιστησάτω
853 3106 900 3157 εἰ
928 3103 1148 3167 εὐσεϐές
1171 3104 1319 3156 ἐστιν
1347 3103 1439 3157 τὸν
1472 3104 1768 3173 φάσκοντα,

1886 1925 1966 1972 tes
1998 1923 2052 1972 te
2080 1918 2500 1988 pertimuerunt.
2550 1936 2569 1969 ι
2596 1915 2662 1972 Et
2702 1916 2760 1971 in
2791 1917 3093 1974 centesimo
3121 1925 3278 1972 sex-to
3312 1916 3461 1986 psal-

1882 2022 2010 2063 mo:
2052 2027 2071 2059 ι
2110 2008 2386 2064 Contrivit
2417 2014 2605 2079 portas
2649 2022 2820 2064 aereas
2845 2009 2912 2071 ³⁸,
2952 2027 2971 2060 ι
3002 2007 3195 2063 mortis
3229 2006 3457 2067 scilicet.

1882 2106 1943 2153 ut
1967 2099 2101 2154 mihi
2134 2099 2370 2163 videtur,
2401 2119 2420 2151 ‹
2449 2107 2502 2155 et
2533 2107 2716 2155 vectes
2750 2098 2958 2155 ferreos
2993 2097 3278 2168 confregit,
3314 2115 3334 2149 ι
3362 2096 3460 2151 lia-

1882 2204 2002 2244 rum
2041 2206 2238 2262 nempe
2264 2198 2566 2262 portarum.
2603 2190 2735 2257 Quae
2767 2189 2986 2261 quidem
3019 2190 3181 2246 nobis
3208 2189 3276 2245 de
3306 2189 3459 2243 null)

1882 2278 2011 2346 alio,
2057 2279 2164 2334 nisi
2223 2280 2288 2335 de
2349 2278 2570 2335 Christo
2598 2279 2950 2352 intelligenda
3009 2280 3285 2335 videntur.
3340 2276 3460 2349 Ipse

1881 2370 2024 2426 enim
2059 2378 2165 2438 est,
2194 2371 2286 2426 cui
2328 2385 2491 2426 omne
2520 2368 2791 2440 judicium
2822 2370 2981 2426 dedit
3002 2368 3190 2434 Pater,
3231 2368 3302 2423 ad
3355 2384 3457 2424 au-

1880 2460 2160 2517 ferendam
2195 2463 2265 2517 ab
2295 2462 2479 2533 impiis
2510 2462 2707 2527 lucem,
2738 2471 2792 2517 et
2840 2462 3068 2517 brachia
3116 2461 3457 2517 excelsorum

1880 2554 2298 2625 confringenda.
2336 2555 2468 2622 Quae
2495 2555 2542 2612 si
2580 2555 2704 2628 quis
2741 2554 3082 2613 existimaret
3108 2553 3176 2610 de
3215 2555 3457 2609 omnium

1880 2646 1993 2703 Deo
2019 2646 2150 2715 dici,
2179 2655 2397 2718 reputet
2431 2663 2500 2703 an
2525 2649 2675 2718 pium
2703 2653 2850 2705 esset
2878 2647 3033 2713 illud,
3075 2666 3094 2698 ι
3117 2632 3235 2702 Non
3256 2646 3453 2702 caelum

1879 2749 1933 2795 et
1984 2747 2189 2794 terram
2239 2754 2341 2810 ego
2395 2740 2605 2810 repleo,
2665 2738 2799 2795 dicit
2850 2738 3113 2795 Dominus
3140 2738 3208 2805 '9,
3240 2757 3260 2791 ι
3296 2738 3457 2808 cujus

1884 2850 1905 2880 ι
1931 2832 2130 2887 coelum
2169 2832 2423 2897 thronus,
2459 2842 2714 2903 terraque
2727 2832 3022 2889 scabellum
3052 2831 3307 2903 pedum“
3335 2850 3355 2884 ι
3389 2832 3458 2884 ah

1879 2924 1972 2979 illo
2005 2923 2113 2979 Deo
2159 2922 2268 2981 dici
2317 2926 2410 2995 qui
2447 2925 2632 2981 omnia
2676 2925 3073 2994 complectitur,
3109 2925 3196 2980 vel
3236 2925 3453 2994 opinari

1877 3030 2001 3070 eum
2049 3031 2214 3088 super
2260 3030 2412 3073 mare
2461 3017 2852 3073 ambulavisse.
2901 3015 3112 3083 Quidve
3162 3015 3362 3071 mirum
3397 3025 3456 3073 et

1880 3107 2126 3162 increata
2184 3114 2382 3161 natura
2435 3107 2695 3178 dignum,
2744 3108 2902 3180 quasi
2954 3107 3188 3164 sublime
3236 3106 3455 3173 facinus

194 3216 214 3248 ι
242 3198 377 3268 Οὐχὶ
396 3196 484 3250 τὸν
499 3195 726 3266 οὐρανὸν
753 3196 849 3250 καὶ
868 3194 963 3266 τὴν
994 3196 1096 3266 γῆν
1125 3193 1236 3263 ἐγὼ
1260 3194 1478 3265 πληρῶ,
1498 3195 1646 3263 λέγει
1665 3194 1775 3247 Κύ-

1885 3199 2068 3255 dicere
2084 3198 2335 3269 patuisse
2361 3200 2411 3255 ei
2442 3200 2636 3256 mortis
2674 3201 2910 3270 portas?
2948 3199 3206 3271 Nunquid
3234 3200 3456 3257 deceret

182 3306 331 3365 ριος,
367 3307 385 3339 ι
414 3283 476 3342 οὗ
509 3307 527 3339 ι
563 3291 592 3341 ὁ
615 3286 843 3358 οὐρανὸς
866 3285 1071 3356 θρόνος,
1107 3286 1140 3357 ὴ
1173 3285 1229 3338 δὲ
1260 3284 1331 3356 γῆ
1354 3284 1641 3338 ὑποπόδιον
1662 3285 1771 3338 τῶν

186 3380 389 3445 ποδῶν,
433 3399 453 3432 ι
482 3380 571 3433 τὸν
616 3379 1012 3451 ὲμπεριέχοντα
1058 3376 1127 3432 τὰ
1177 3378 1352 3431 πάντα
1401 3377 1536 3430 Θεὸν
1586 3377 1773 3430 τοῦτον

188 3475 443 3544 φάσκειν,
471 3473 504 3545 ἢ
536 3472 640 3526 κᾶν
664 3472 942 3527 ὲννοεῖνὲν
973 3469 1140 3541 ἴχνεσι
1170 3468 1444 3539 θαλάσσης
1469 3485 1776 3540 περιπεπα-

175 3567 450 3640 στηκέναιο
482 3566 534 3619 τί
578 3566 637 3620 δὲ
668 3566 761 3619 καὶ
803 3562 1133 3635 θαυμαστὸν,
1168 3562 1201 3633 ἢ
1250 3560 1397 3626 ἄξιον
1428 3561 1529 3633 τῆς
1578 3562 1776 3632 ἀγενή-

176 3678 285 3715 που
320 3659 553 3731 φύσεως,
588 3658 776 3729 ὥσπερ
813 3657 956 3728 μέγα
988 3673 1040 3708 τι
1070 3654 1298 3725 φάσκειν
1330 3653 1602 3725 ηνεῷχθαι
1629 3654 1776 3725 αὐτῷ

176 3752 292 3817 τὰς
316 3751 413 3806 τοῦ
455 3751 686 3806 θανάτου
729 3749 934 3813 πύλας;
978 3742 1087 3819 ἆρα
1119 3744 1176 3798 δὲ
1220 3744 1420 3817 πρέποι
1465 3744 1532 3799 ἂν
1555 3745 1633 3816 τῷ
1666 3745 1774 3799 τῶν

188 3842 327 3897 ὅλων
355 3841 574 3912 Θεῷπὼς
608 3840 751 3913 μέγα
778 3858 829 3894 τι
855 3839 951 3893 καὶ
984 3835 1285 3909 παράδοξον
1319 3836 1446 3902 περὶ
1478 3836 1669 3890 ἑαυτοῦ
1691 3837 1772 3890 δι-

184 3933 508 4006 εξέρχεσθαι
533 3933 596 3985 τὸ
610 3933 737 3996 τοὺς
764 3931 1048 4003 πυλωροὺς
1069 3928 1161 3985 τοῦ
1180 3930 1347 3982 ’Ἃδου
1378 3928 1584 3991 ἰδόντας
1609 3927 1770 3981 αὐτὸν

1880 3291 2127 3345 omnium
2161 3290 2356 3357 Deum,
2386 3292 2547 3362 quasi
2578 3307 2834 3363 magnum
2865 3292 3138 3362 quoddam
3168 3299 3333 3365 atque
3363 3293 3454 3346 vix

1881 3380 2216 3436 credendum
2256 3381 2325 3437 de
2364 3398 2424 3438 se
2457 3381 2578 3452 ipso
2614 3382 2912 3452 praedicare
2963 3381 3164 3437 inferni
3198 3382 3455 3446 ostiarios

1882 3473 2003 3543 ipso
2034 3475 2153 3530 viso
2191 3474 2593 3530 contremuisse
2621 3474 2645 3528 ἲ
2672 3473 2934 3544 Equidem
2966 3488 3076 3528 non
3113 3473 3311 3544 opinor
3340 3474 3454 3528 haec

1883 3563 1951 3618 de
1982 3579 2050 3619 eo
2077 3563 2209 3629 dici,
2243 3564 2340 3620 sed
2370 3565 2458 3634 pie
2483 3579 2547 3618 ac
2571 3565 2624 3618 vi
2654 3564 2803 3618 nulla
2824 3564 3074 3634 adoptari
3095 3573 3328 3635 possunt
3358 3564 3453 3620 Dei

1886 3650 2086 3719 Verbo,
2122 3652 2394 3708 Salvatori
2425 3651 2768 3723 Dominoque
2813 3660 3005 3707 nostro
3044 3651 3175 3709 Jesu
3211 3651 3451 3716 Christo.

1882 3745 1975 3814 qui
2009 3745 2173 3799 homo
2219 3744 2396 3799 factus
2440 3755 2545 3810 est,
2580 3752 2812 3801 mortem
2861 3744 3003 3808 tulit,
3044 3744 3394 3814 surrexitque
3423 3760 3452 3797 a

1880 3838 2112 3893 mortuis
2172 3835 2355 3891 divina
2425 3844 2695 3908 potestate
2728 3875 2742 3901 ,
2804 3844 3140 3915 acceptaque
3202 3850 3232 3889 a
3295 3834 3454 3890 Patre

1878 3930 2103 3985 virtute.

191 4023 523 4096 ἑπτηκέναι;
564 4023 701 4076 Ἀλλ’
734 4022 874 4094 (οὐκ)
903 4018 1057 4094 οἶμαι
1112 4021 1282 4076 ταῦτα
1311 4021 1442 4094 περὶ
1475 4020 1641 4074 αὑτοῦ
1701 4020 1978 4091 λέγεσθαι,
2009 4023 2231 4077 δύναταί
2263 4040 2326 4091 γε
2398 4022 2505 4093 μὴν
2540 4021 2870 4093 ἐφαρμόζειν
2903 4020 3138 4086 εὐσεϐῶς
3162 4021 3256 4075 καὶ
3292 4019 3453 4081 ἀδιά-

190 4133 333 4180 στως
356 4114 449 4168 ἐπὶ
475 4116 567 4169 τὸν
611 4113 706 4170 τοῦ
736 4115 870 4169 Θεοῦ
905 4115 1096 4182 Λόγον,
1130 4115 1220 4169 τὸν
1260 4114 1490 4185 Σωτῆρα
1537 4112 1630 4165 καὶ
1663 4113 1864 4184 Κύριον
1885 4113 2044 4186 ἡμῶν
2078 4113 2286 4185 ’ῐησοῦν
2348 4113 2600 4189 Χριστὸν,
2652 4113 2743 4166 τὸν
2791 4112 3305 4191 ὲνανθρωπήσαντα,
3360 4113 3453 4167 καὶ

188 4209 421 4264 θάνατον
457 4211 845 4281 ὑπομείναντα,
876 4211 1183 4267 ἀναστάντα
1216 4226 1273 4263 τε
1307 4210 1371 4262 ὲκ
1403 4207 1610 4279 νεκρῶν
1639 4208 1775 4279 μετὰ
1815 4208 1963 4275 θείας
1990 4210 2270 4282 δυνάμεως
2298 4210 2391 4275 καὶ
2432 4208 2532 4279 τῆς
2559 4207 2804 4279 δοθείσης
2832 4206 2980 4279 αὐτῷ
3021 4204 3171 4277 παρὰ
3205 4204 3298 4267 τοῦ
3347 4203 3455 4268 Ποι-

186 4301 321 4374 τρδς
349 4301 614 4367 ἐξουσίας.

600 4430 603 4431 ⁷
736 4418 1128 4471 ΚΕΦᾹΛᾹῘΟΝ
1155 4417 1229 4470 9’.

838 4533 949 4590 Τοῦ
992 4533 1135 4587 Ἰώό.

265 4643 434 4698 Πάλιν
467 4648 496 4700 6
526 4644 730 4718 Κύριος
761 4648 816 4699 ὲν
854 4644 932 4716 τῷ
967 4645 1103 4717 πρὸς
1128 4645 1221 4698 τὸν
1260 4643 1377 4697 Ἰὼϐ
1408 4644 1778 4714 χρηματισμῷ

186 4734 257 4807 (f.
278 4735 372 4806 29)
408 4737 536 4808 περὶ
570 4736 664 4790 τοῦ
695 4737 985 4809 δράκοντος
1030 4738 1408 4807 διαλεγόμενός
1435 4752 1618 4806 φησιν,
1648 4754 1666 4785 ι
1702 4736 1777 4789 Οὐ

2918 4318 2929 4333 ἐ

2500 4409 2728 4466 CAPUT
2771 4409 2858 4470 IX.

2560 4523 2611 4577 E
2651 4522 2775 4578 Job.

1946 4640 2186 4697 Rursum
2213 4638 2476 4695 Dominus
2522 4638 2577 4692 in
2609 4653 2707 4695 sua
2749 4635 2817 4691 ad
2859 4633 2962 4690 Job
3002 4635 3341 4706 apparitione
3382 4636 3450 4691 de

1876 4735 2114 4789 dracone
2151 4732 2456 4787 collocutus
2485 4729 2625 4786 dixit
2659 4745 2673 4781 ε
2712 4745 2730 4779 ι
2765 4725 2958 4782 Nonne
2986 4726 3148 4783 times
3176 4727 3320 4797 quod
3352 4743 3446 4797 pa-

188 4828 461 4893 δέδοικας,
490 4830 572 4882 ὄτι
609 4830 932 4901 ήτοίμασταί
964 4847 1089 4901 μοι;
1128 4850 1147 4882 ι
1181 4831 1344 4899 φησιν
1386 4830 1466 4882 ὅτι
1503 4831 1532 4882 6
1565 4828 1775 4900 δράκων

1882 4834 2059 4880 ratum
2077 4832 2161 4882 est
2181 4823 2316 4878 mihi
2332 4822 2379 4854 δ’
2403 4822 2428 4875 ?
2457 4840 2478 4875 ι
2503 4820 2798 4877 ostendens
2822 4819 3114 4875 draconem
3134 4835 3245 4873 non
3282 4819 3448 4881 alium

188 4919 295 4972 οὐκ
322 4917 478 4983 ἄλλος
512 4919 588 4974 ὢν
612 4919 705 4972 τοῦ
738 4917 1268 4992 διαϐόλου.”οραοῦν
1295 4918 1507 4987 εἰάξιον
1530 4920 1775 4990 ὑπολαμ-

191 5012 379 5066 ϐάνειν
402 5012 493 5065 τὸν
507 5013 617 5067 τῶν
640 5013 776 5067 ὅλων
801 5014 933 5067 Θεὸν
952 5014 1108 5068 τούτο
1133 5015 1383 5083 φάσκεινο
1400 5013 1684 5089 ἁρμόζοιδ⁹
1708 5013 1774 5067 ἂν

194 5104 399 5175 μᾶλλον
434 5105 513 5176 τῷ
544 5105 734 5177 Κυρίῳ
768 5105 863 5158 καὶ
894 5105 1105 5176 Σωτῆρι
1148 5106 1325 5179 ἡμῶν,
1358 5100 1404 5175 ᾧ
1449 5107 1593 5177 μόνῳ
1630 5105 1775 5177 ἡτοί-

196 5213 401 5266 μασται
426 5199 455 5250 6
484 5197 589 5250 ὑπὸ
619 5198 844 5269 μηδενὸς
876 5198 1061 5269 ἑτέρου
1084 5198 1342 5268 νικηθεὶς,
1368 5197 1550 5269 σχεδὸν
1574 5197 1632 5251 δὲ
1664 5196 1773 5250 τῶν

193 5288 413 5341 πάντων
465 5287 834 5359 ὑπερισχύσας
870 5288 1131 5351 διάϐολος,
1174 5289 1356 5342 ὅντινα
1409 5288 1567 5359 μόνος
1612 5287 1775 5350 αὐτὸς

191 5381 225 5433 6
255 5380 472 5433 πάντων
531 5380 872 5453 ἰσχυρότερος
912 5378 1005 5432 τοῦ
1038 5379 1173 5433 Θεοῦ
1225 5380 1397 5448 Λόγος
1443 5376 1776 5450 ἐχειρώσατο

193 5466 339 5525 κατὰ
370 5472 452 5536 τὸ,
487 5490 505 5521 ι
554 5473 611 5526 '0
646 5472 851 5544 μέλλων
878 5471 939 5525 τὸ
975 5471 1115 5543 μέγα
1149 5470 1313 5541 κῆτος
1336 5468 1722 5541 χειρώσασθαι·
1751 5487 1769 5519 ι

192 5561 224 5617 ὃ
257 5564 351 5616 καὶ
387 5564 788 5635 χειρωσάμενος
843 5563 1064 5635 θαρσεῖν
1109 5564 1222 5626 τοῖς
1262 5560 1456 5616 ἑαυτοῦ
1508 5560 1775 5631 μαθηταῖς

352 5719 497 5776 Psal.
535 5739 665 5777 “In
689 5764 703 5788 ,
739 5724 790 5778 7.
897 5723 938 5755 ³³
974 5720 1121 5779 Psal.
1158 5718 1400 5786 erl,'16.

194 5804 260 5847 III
284 5830 297 5856 ,
332 5791 385 5844 8.

1515 5719 1555 5752 ³³
1597 5715 1707 5771 Jcr.
1746 5727 1916 5778 χχιιι,
1946 5710 2037 5766 2i.

1872 4935 1995 4977 esse
2023 4934 2087 4975 ac
2112 4919 2412 4975 diabolum.
2447 4915 2584 4972 Vide
2612 4915 2778 4986 igitur
2806 4930 2876 4970 an
2907 4914 3130 4985 dignum
3155 4921 3303 4968 esset
3331 4912 3450 4967 exi-

1875 5013 2099 5073 stimare
2151 5011 2396 5065 omnium
2428 5008 2601 5064 Deum
2632 5008 2738 5062 hoc
2768 5005 2985 5073 dicere;
3013 5005 3213 5060 melius
3245 5018 3446 5059 convee

1873 5103 2020 5158 niret
2048 5102 2181 5157 illud
2213 5100 2446 5162 Domino
2471 5108 2526 5155 et
2559 5098 2826 5154 Salvatori
2858 5105 3069 5161 nostro,
3098 5096 3186 5151 cui
3213 5095 3315 5151 soli
3346 5110 3445 5166 pa-

1872 5199 2027 5248 ratus
2054 5198 2139 5247 est
2163 5190 2253 5246 ille
2295 5203 2457 5260 quem
2506 5202 2669 5243 nemo
2710 5200 2953 5256 unquam
2982 5184 3210 5249 vicerat,
3247 5180 3451 5253 quique

1874 5283 2121 5339 omnium
2144 5281 2258 5337 fere
2286 5280 2571 5335 exstiterat
2590 5279 2786 5342 victor,
2813 5277 3084 5342 diabolus,
3110 5290 3271 5343 quem
3297 5274 3450 5330 solus

1876 5376 1994 5447 ipse
2026 5375 2269 5430 omnium
2300 5372 2655 5439 fortissimus,
2691 5369 2786 5426 Dei
2820 5368 3057 5425 Verbum
3102 5367 3323 5431 devicit,
3361 5381 3449 5421 se-

1875 5471 2112 5522 cundum
2150 5464 2285 5521 illud
2334 5482 2348 5518 :
2416 5481 2437 5514 ι
2490 5461 2595 5529 Qui
2642 5474 2902 5534 magnum
2961 5467 3081 5516 cete
3133 5459 3448 5516 devicturus

1877 5563 1963 5611 est
1989 5555 2054 5609 δ’.
2099 5574 2115 5607 ι
2144 5553 2264 5621 Quo
2301 5552 2445 5606 enim
2488 5552 2786 5615 substrata,
2828 5550 3129 5619 discipulos
3157 5564 3287 5605 suos
3316 5566 3446 5605 con-

2150 5710 2195 5742 ⁸⁰
2235 5708 2339 5764 lsa.
2377 5722 2501 5762 vat
2529 5750 2542 5777 ,
2578 5707 2628 5760 l.
2745 5706 2788 5737 ιι
2831 5703 2931 5765 Job
2966 5719 3073 5769 xu,
3114 5704 3164 5757 l.

3261 5705 3303 5734 δ’
3340 5701 3444 5757 Job
3554 5744 3559 5747 .
