3856 6226
374 367 517 425 11⁸55

1081 358 1349 417 EUSEBII
1388 334 1862 414 CESARIENSIS
1902 349 2053 408 OPP.
2096 347 2281 404 PARS
2312 345 2399 403 III.
2442 377 2513 387 —
2548 341 2962 401 EXEGETICA.

3512 338 3650 393 1158

378 486 547 541 ﬁdere
592 483 770 555 jubet,
793 481 984 538 dicens
1021 500 1034 537 :
1074 501 1093 534 ι
1140 482 1431 551 Conﬁdite,
1484 494 1585 553 ego
1635 479 1745 535 vici
1790 492 1953 532 mun-

2096 470 2491 545 αρακελεύεται
2528 467 2722 538 λέγων,
2760 484 2779 518 ι
2807 465 3092 538 Θαρσεῖτε,
3126 458 3241 532 ἐγὼ
3266 463 3535 535 νενίκηκα
3560 463 3648 515 τὸν

377 580 511 635 dum
541 578 608 634 ⁸³.
647 601 665 633 ο

451 675 578 730 Haec
625 681 758 732 sunt
806 674 875 731 de
918 671 1146 745 poeticis
1191 685 1314 742 quae
1364 668 1615 725 Psalmos
1649 672 1956 737 sequuntur

380 767 567 835 libris;
613 773 865 837 superest
889 777 952 822 ut
982 767 1039 821 in
1080 763 1430 837 propheticas
1469 759 1809 833 Scripturas,
1852 759 1960 829 pri-

381 875 640 933 mumque
675 863 732 915 in
760 858 1050 916 duodecim
1078 856 1504 913 commentarios
1536 853 1884 925 colligamus.

992 968 1225 1029 CAPUT
1264 967 1332 1023 Χ.

1018 1085 1103 1141 Ea:
1141 1083 1294 1141 Osee.

459 1202 478 1235 ι
507 1181 696 1253 Itaque
723 1196 823 1252 ego
851 1196 971 1237 sum
1002 1179 1160 1251 quasi
1193 1177 1398 1250 pardus
1423 1176 1685 1249 Ephraim
1721 1181 1776 1231 et
1802 1172 1959 1246 quasi

383 1272 469 1327 leo
495 1271 678 1327 domui
710 1268 849 1325 Juda
877 1270 947 1324 ν’.
986 1288 1005 1322 ι
1040 1268 1107 1323 Et
1144 1269 1202 1323 in
1242 1268 1351 1322 alio
1393 1268 1519 1324 loco
1549 1267 1795 1338 ejusdem
1836 1278 1965 1335 pro-

385 1365 560 1435 phetae
592 1362 856 1419 Dominus
885 1360 951 1417 de
974 1377 1034 1418 se
1059 1360 1182 1431 ipso
1200 1359 1333 1415 dicit
1361 1377 1374 1414 :
1404 1378 1423 1411 ι
1457 1357 1525 1413 Et
1550 1373 1645 1414 ero
1665 1358 1809 1412 sicut
1833 1370 1966 1426 par-

384 1456 489 1513 dus
518 1457 583 1511 "‘.
618 1476 636 1508 ι
662 1454 900 1511 Necesse
923 1460 1009 1509 est
1038 1452 1203 1523 igitur
1231 1466 1354 1521 qua
1381 1449 1449 1506 de
1470 1450 1572 1505 hac
1603 1448 1717 1505 fera
1743 1455 1968 1501 narrata

386 1559 517 1605 sunt
543 1548 759 1613 videre;
799 1547 1147 1618 primumque
1193 1544 1310 1599 haec
1349 1544 1405 1598 in
1446 1540 1662 1613 Didymi
1718 1536 1967 1611 Physicis

387 1641 723 1697 invenimus.

454 1732 667 1789 Pardus
692 1729 895 1787 animal
932 1744 1041 1784 non
1073 1728 1251 1785 solum
1287 1732 1377 1782 est
1406 1723 1695 1796 pulchrum
1737 1736 1970 1793 corpore

2059 566 2284 620 κόσμον.
2315 581 2335 616 ι

2128 584 2161 618 σ
2206 584 2284 617 ον.
2315 584 2335 616 ι

2128 584 2313 711 Τέὖτα
2343 653 2439 708 καὶ
2466 653 2535 707 τὰ
2562 653 2672 707 ἀπὸ
2700 653 2811 705 τῶν
2848 648 2988 721 μετὰ
3020 648 3147 713 τούς
3172 647 3429 720 ψαλμοὺς
3461 663 3651 717 στιχηο

2063 747 2190 820 ρῶνο
2216 745 2392 799 λείπει
2434 743 2503 797 τὰ
2526 743 2634 797 ἀπὸ
2671 741 2779 795 τῶν
2816 738 3173 812 προφητικῶν
3199 736 3440 810 Γραφῶν
3471 735 3655 791 thau-

2062 839 2274 907 ξασθαι,
2310 838 2404 893 καὶ
2435 835 2627 908 πρῶτά
2656 852 2721 904 γε
2748 834 2817 888 τὰ
2839 832 3082 889 ἀπδτῶν
3113 830 3344 886 δώδεκα.

2592 946 2997 1003 ΚΕΦΑΛἉΙΟΝ
3057 947 3115 1000 I'.

2601 1060 2735 1115 Ἀπὸ
2767 1057 2878 1113 τοῦ
2919 1055 3117 1124 Ὦσηέ.

2142 1176 2165 1209 ι
2198 1156 2355 1210 Διότι.
2378 1152 2491 1223 ἐγώ
2517 1154 2633 1223 εἰμι
2666 1149 2743 1215 ὡς
2779 1146 3000 1218 πάνθηρ
3044 1133 3123 1217 ’ἓῷ
3163 1140 3428 1216 Ἔφραῒμ,
3460 1142 3559 1196 καὶ
3587 1141 3661 1204 ὠς

2066 1252 2202 1306 λέων
2229 1249 2308 1321 τῷ
2335 1247 2471 1320 οἴκῳ
2512 1244 2702 1300 Ἰούδα.
2743 1262 2762 1294 ι
2804 1241 2958 1295 Ἐπεὶ
2987 1240 3083 1295 καὶ
3110 1241 3167 1292 ἐν
3192 1237 3365 1308 ἑτέρῳ
3390 1236 3550 1304 τόπῳ
3568 1230 3662 1287 τοῦ

2067 1341 2233 1398 αὐτοῦ
2257 1340 2539 1414 προφήτου
2555 1338 2585 1390 6
2608 1333 2813 1404 Κύριος
2843 1330 2973 1403 περὶ
2988 1326 3180 1384 ἑαυτοῦ
3210 1342 3376 1399 φησιν
3395 1323 3482 1389 τὸ,
3513 1341 3534 1373 ι
3554 1321 3663 1375 Καὶ

2069 1435 2262 1506 ἔσομαι
2284 1413 2360 1497 ὡς
2390 1427 2626 1499 πάνθηρ,
2658 1445 2677 1478 ι
2710 1424 3005 1492 ἀναγκαῖον
3047 1420 3174 1474 [δεῖν
3200 1418 3269 1472 τὰ
3300 1413 3664 1487 ἱστορούμενα

2071 1503 2315 1599 [διγπερι
2342 1521 2435 1575 τοῦ
2467 1518 2628 1586 ζώου·
2652 1517 2748 1571 και
2779 1516 2845 1587 δὴ
2870 1513 2979 1569 ιπδ
2996 1511 3089 1567 τοῦ
3121 1510 3341 1584 πρώτου
3371 1507 3488 1562 τῶν
3516 1503 3666 1558 Διδύ-

2074 1635 2176 1691 μου
2205 1611 2453 1669 Φυσικῶν
2480 1608 2654 1664 ταῦτα
2684 1604 3040 1679 παραθετέον.

2143 1706 2371 1778 Πάνθηρ
2395 1702 2457 1758 τὸ
2479 1700 2619 1767 ζῶον
2662 1699 2724 1752 οὐ
2767 1697 2927 1770 μόνον
2959 1696 3077 1749 ἐστὶ
3112 1693 3255 1749 κατὰ
3283 1691 3349 1745 τὸ
3387 1689 3555 1760 σῶμα
3580 1687 3666 1740 εύ-

387 1827 625 1891 stellato,
651 1823 749 1880 sed
775 1832 970 1878 natura
1001 1835 1168 1877 suave
1189 1819 1366 1883 olens,
1387 1816 1590 1873 Indicis
1623 1814 1967 1870 aromatihus

2096 1815 2304 1874 ιορφον,
2339 1794 2593 1865 καθάπερ
2625 1789 2965 1863 ἀστερωπὸς,
2996 1787 3110 1842 ἀλλ’
3141 1785 3265 1840 ἐπεὶ
3291 1785 3547 1852 πέφυκεν
3579 1779 3666 1833 εὐ-

389 1919 660 1975 suavitate
689 1915 965 1987 praecellit.
996 1912 1055 1969 In
1077 1920 1257 1977 antro,
1292 1909 1401 1965 nisi
1435 1923 1558 1964 cum
1592 1905 1734 1962 fame
1762 1905 1966 1976 premi-

388 2021 502 2076 tur,
530 2014 716 2063 manet
756 2005 1117 2062 umbraticus.
1148 2000 1378 2069 Quando
1426 2009 1605 2055 autem
1642 1995 1838 2069 praeda:
1881 2012 1972 2051 ne-

390 2100 650 2157 cessitate
671 2100 965 2163 excitatur,
994 2097 1147 2153 solus
1176 2099 1441 2165 pererrat.
1475 2091 1608 2146 Aliae
1637 2089 1784 2156 ferae,
1814 2088 1969 2144 suavi

388 2195 639 2267 corporis
663 2193 784 2262 ejus
810 2189 1107 2261 fragrantia
1139 2195 1331 2257 captaa,
1359 2190 1553 2255 sponte
1578 2197 1703 2238 eum
1728 2196 1974 2251 sequun-

392 2293 503 2342 tur.
538 2283 637 2338 Hic
671 2296 802 2337 vero
835 2279 1075 2351 obliquis
1105 2276 1282 2333 oculis
1313 2282 1560 2347 paratam
1591 2273 1699 2330 sibi
1731 2272 1970 2343 praedam

392 2374 730 2447 speculatur,
759 2381 923 2445 atque
954 2370 1214 2441 ingruens
1236 2365 1434 2423 aufert.
1936 2368 1943 2375 '

464 2635 594 2693 Haec
623 2634 843 2708 quidem
867 2633 934 2689 de
963 2631 1127 2704 hujus
1158 2630 1287 2687 ferae
1317 2638 1537 2687 natura.
1567 2630 1853 2698 Quomodo
1881 2645 1975 2684 au.

397 2738 504 2783 tem
535 2728 605 2783 ad
642 2726 816 2782 divini
861 2724 1028 2781 Verbi
1077 2723 1358 2790 virtutem,
1411 2737 1746 2793 suavemque
1795 2720 1867 2776 ab
1911 2735 1977 2777 eo

396 2819 708 2876 exhalatum
756 2819 978 2873 odorem
1006 2816 1121 2871 haec
1178 2814 1467 2870 referenda
1499 2814 1631 2878 sint,
1688 2812 1980 2871 ostendere

399 2928 546 2969 nunc
577 2912 865 2983 prolixius.
902 2910 1017 2966 Hoc
1063 2908 1434 2979 objiciendum
1465 2916 1611 2963 esset
1653 2904 1855 2962 Judreis
1886 2907 1980 2977 qui

399 3002 634 3074 maligne
685 3017 751 3056 ac
788 3000 1055 3074 probrose
1083 3015 1114 3056 e
1156 2997 1328 3071 pardo
1378 3006 1573 3051 natum
1623 3011 1746 3053 esse
1790 2996 1982 3052 dicunt

402 3091 738 3150 Salvatorem
767 3091 1167 3162 Dominumque
1203 3099 1451 3147 nostrum
1468 3087 1656 3146 Iesum
1676 3088 1979 3146 Christum.

401 3185 558 3253 Quod
583 3201 729 3251 vero,
753 3186 800 3241 si
817 3186 991 3257 magis
1006 3186 1237 3257 mystico
1251 3199 1419 3240 sensu
1440 3183 1769 3253 acciperent,
1787 3197 1897 3237 non
1915 3182 1984 3237 de

2072 1872 2235 1956 πνους
2262 1885 2590 1960 ὑπερϐάλλει
2619 1883 2713 1937 καὶ
2739 1881 2847 1936 τῶν
2885 1880 3016 1951 παρ’
3054 1877 3236 1940 Ἰνδοῖς
3267 1872 3586 1960 ἀρωμάτων
3615 1873 3669 1924 ὲν

2071 1980 2288 2051 εὐωδίᾳ·
2322 1958 2476 2041 οὗτος
2503 1975 2609 2038 ἕως
2636 1966 2698 2027 οὗ
2738 1972 2799 2026 οὐ
2824 1968 3158 2039 πεπείνηκεν
3186 1966 3245 2018 ὲν
3274 1966 3344 2035 τῇ
3373 1958 3671 2015 κατα-δύσει

2075 2071 2246 2143 μένει,
2293 2068 2463 2123 θέλων
2518 2065 2766 2135 οἰκουρός
2817 2078 2905 2125 τις
2944 2055 3105 2113 εἶναι’
3167 2054 3310 2111 ὲπὰν
3357 2054 3419 2107 δὲ
3465 2052 3673 2122 τροφῆς

2072 2141 2388 2231 ἐπιθυμήσῃ
2429 2153 2777 2228 μεταλαϐεῖν,
2818 2148 3097 2222 προελθὼν
3138 2146 3339 2218 βαδίζει
3382 2144 3571 2215 μόνον’
3605 2141 3674 2193 τὰ

2071 2250 2115 2305 δ’
2144 2250 2279 2305 ἄλλα
2310 2247 2476 2320 θηρία
2506 2243 2840 2316 ἁλισκόμενα
2860 2239 2968 2294 ὑπὸ
2991 2239 3091 2310 τῆς
3115 2236 3345 2299 εὐωδίας
3378 2231 3553 2287 αὐτοῦ
3576 2231 3675 2301 τῆς

2075 2342 2204 2415 περὶ
2231 2340 2293 2394 τὸ
2330 2339 2490 2410 σῶμα
2518 2335 2802 2391 ἀκολουθεῖ
2824 2330 3137 2403 κηλούμενα
3154 2346 3166 2360 ·
3182 2330 3211 2383 6
3231 2327 3288 2381 δὲ
3307 2326 3544 2393 πλάγιος
3564 2327 3675 2386 τοῖς

2077 2433 2376 2504 ὀφθαλμοῖς
2413 2430 2475 2483 τὸ
2507 2428 2810 2500 ἐπιτήδειον
2844 2423 2994 2495 αὐτῷ
3032 2421 3220 2494 θηρίον
3240 2417 3540 2491 ,αἱρεθῆναι
3578 2434 3675 2469 πε-

2079 2522 2322 2596 ριϐλέπει
2354 2521 2447 2573 καὶ
2477 2517 2824 2588 ἐπιπηδήσας
2854 2513 2992 2585 ἔχει.

2150 2613 2232 2667 Τὰ
2278 2613 2377 2684 μὲν
2420 2609 2486 2683 δὴ
2520 2610 2651 2680 περὶ
2691 2607 2792 2677 τῆς
2845 2603 3061 2675 φύσεως
3109 2600 3203 2654 τοῦ
3251 2598 3393 2665 ζώου
3424 2596 3673 2649 τοιαῦτα·

2079 2706 2228 2768 ὅπως
2263 2683 2308 2757 δ’
2337 2701 2431 2757 ἐπὶ
2456 2699 2556 2771 τὴν
2585 2696 2678 2752 τοῦ
2716 2696 2860 2750 θείου
2890 2693 3068 2763 Λόγου
3100 2690 3329 2760 δύναμιν
3360 2687 3456 2740 καὶ
3487 2684 3590 2756 τὴν
3620 2683 3679 2749 ἐξ

2081 2797 2250 2869 αὐτῆς
2278 2793 2658 2851 ἀποπνέουσαν
2685 2788 2913 2844 εὐωδίαν
2940 2785 3114 2839 ταῦτα
3141 2781 3522 2854 μεταφέροιτο,
3568 2796 3676 2847 μα-

2082 2889 2214 2962 κρὸν
2259 2887 2326 2941 ἂν
2371 2884 2456 2956 εἴη
2504 2884 2601 2938 νῦν
2642 2880 2969 2954 διηγεῖσθαι.
3014 2874 3357 2948 Παραθετέον
3402 2871 3465 2923 τὸ
3515 2869 3684 2943 ῥητὸν

2082 2961 2220 3054 πρὸς
2238 2978 2365 3043 τοὺς
2395 2981 2459 3031 ὲκ
2480 2976 2784 3048 περιτομῆς
2798 2971 2942 3026 κατά
2962 2987 3084 3023 τινα
3103 2966 3168 3038 δὴ
3184 2963 3435 3034 διαΰολήν
3452 2964 3542 3015 καὶ
3568 2961 3682 3012 ποι-

2083 3072 2269 3146 δορίαν
2305 3071 2616 3141 φάσκοντας
2660 3069 2724 3119 ὲκ
2769 3064 3047 3137 πάνθηρος
3085 3057 3413 3129 γεγενῆσθαι
3445 3056 3540 3107 cev,
3568 3055 3686 3107 Σω-

2085 3165 2229 3239 τῆρα
2266 3164 2362 3219 κει.)⁸
2385 3162 2592 3235 Κύριον
2618 3157 2777 3232 ήμῶν
2825 3155 3031 3229 Ἰησοῦν
3063 3152 3318 3225 Χριστύψ
3354 3150 3383 3202 ὃ
3413 3149 3512 3203 καὶ
3538 3148 3687 3217 τάχα

401 3295 568 3336 sensu
617 3279 977 3349 ambigerem,
1032 3242 1098 3333 eo
1149 3276 1294 3348 quod
1349 3291 1463 3332 non
1515 3242 1703 3346 aptum
1735 3242 1979 3330 videatur

2096 3257 2227 3313 κατὰ
2254 3273 2376 3310 τινα
2399 3252 2697 3325 παράδοσιν
2724 3247 3128 3323 μυστικώτερόν
3161 3262 3215 3298 τι
3244 3242 3511 3314 δηλοῦσαν
3541 3256 3690 3309 παρ-

2264 3346 2273 3349 Α
2456 3345 2467 3349 -
2565 3345 2578 3349 -
2665 3340 2690 3349 Α
2708 3340 2776 3349 ..ι
2994 3340 3021 3349 _
3074 3335 3100 3349 μ
3228 3333 3240 3349 ο
3365 3331 3389 3349 θ
3421 3330 3447 3349 ιγ
3498 3329 3547 3349 -ὶ
3616 3328 3687 3349 ηΞ.

404 3374 702 3447 prophetiae
722 3374 925 3442 verbis,
956 3374 1011 3429 in
1036 3388 1142 3445 qua
1171 3389 1231 3429 se
1259 3372 1441 3444 ipsum
1460 3370 1727 3428 Dominus
1749 3369 1984 3442 pardum

409 3468 678 3523 nominat.

1012 3642 1244 3701 CAPUT
1295 3643 1386 3701 XI.

1029 3778 1114 3833 Ea:
1144 3779 1346 3834 eodem.

492 3915 509 3948 ι
545 3895 850 3967 Consurget
883 3895 1150 3951 tumultus
1195 3893 1251 3949 in
1300 3893 1503 3966 populo
1532 3900 1667 3963 tuo;
1699 3900 1755 3950 et
1798 3907 1988 3949 omnes

409 3990 743 4047 munitiones
775 3997 882 4045 tuae
909 3989 1302 4054 vastabuntur;
1340 3989 1484 4045 sicut
1532 3988 1787 4058 princeps
1831 3984 1993 4041 Sala-

408 4097 538 4135 mon
568 4096 598 4136 e
624 4075 787 4137 domo
809 4078 1124 4146 Jeroboam,
1149 4082 1205 4135 in
1243 4081 1331 4136 dic
1358 4079 1555 4151 praelii,
1601 4086 1778 4134 matre
1823 4093 1992 4149 super

410 4172 552 4230 ﬁlios
581 4174 759 4239 allisa,
800 4174 883 4229 sic
910 4171 1083 4243 .faciet
1111 4172 1267 4227 vobis
1296 4170 1493 4227 domus
1545 4170 1733 4235 lsrael,
1778 4186 1809 4225 a
1856 4169 1995 4224 facie

409 4267 631 4322 malitia
662 4266 1029 4337 nequitiarum
1054 4272 1377 4330 vestrarum,
1407 4263 1536 4335 quia
1566 4277 1701 4333 puer
1723 4261 1914 4325 Israel,
1940 4267 1995 4315 et

412 4356 579 4413 dilexi
609 4372 735 4412 cum
765 4373 777 4408 :
812 4363 866 4413 et
894 4340 962 4412 ex.
988 4354 1222 4427 Egypto
1252 4354 1443 4409 vocavi
1482 4351 1624 4407 ﬁlios
1661 4351 1801 4421 ejus.
1841 4349 1996 4404 Sicut

412 4449 606 4504 vocavi
630 4464 745 4516 eos,
777 4449 858 4504 sic
884 4449 1137 4504 abierunt
1187 4463 1218 4503 a
1267 4446 1406 4502 facie
1436 4459 1557 4500 mea
1585 4444 1651 4499 ⁸⁸.
1689 4462 1708 4497 ι
1761 4441 1868 4496 Pro
1907 4440 1995 4494 his

412 4540 629 4597 verbis:
657 4557 676 4591 ι
709 4536 777 4591 Ει
797 4553 864 4594 ex
894 4535 1131 4610 Egypto
1155 4536 1348 4592 vocavi
1378 4534 1519 4591 ﬁlios
1539 4533 1681 4603 ejus,
1712 4549 1734 4583 ι
1761 4530 1994 4586 Hebrai-

414 4649 540 4690 cum
570 4641 797 4690 secutus
818 4632 1016 4704 Aquila
1056 4629 1376 4687 transtulit:
1400 4646 1420 4682 ι
1442 4627 1774 4699 ΕιΑΞεγριο
1802 4625 1993 4680 vocavi

416 4725 588 4781 ﬁlium
623 4738 824 4780 meum.
852 4744 872 4777 ι
904 4721 1227 4779 Necessario
1258 4720 1395 4775 illud
1419 4719 1627 4775 dictum
1658 4716 1997 4781 notavimus,

416 4830 542 4870 cum
571 4814 790 4886 quidem
817 4810 1105 4868 Mattheus
1130 4809 1201 4866 ad
1227 4811 1466 4866 litteram
1491 4805 1732 4864 ostendit
1756 4807 1997 4879 prophe-

418 4906 552 4960 tiam
593 4904 1009 4960 accuratissime
1064 4902 1344 4973 impletam
1396 4899 1571 4956 fuisse
1628 4916 1661 4955 a
1716 4897 1999 4955 Salvatore

418 5006 611 5057 nostro
642 5017 701 5053 ει
740 4999 1090 5069 Consurgens
1121 4995 1325 5067 Joseph
1353 4993 1565 5065 accepit
1594 4992 1824 5048 Mariam
1853 5001 1908 5048 et
1939 4996 1998 5047 ti-

422 5092 555 5147 lium
583 5091 725 5162 ejus,
746 5098 801 5147 et
817 5088 1033 5146 reduxit
1050 5104 1117 5145 ex
1137 5086 1370 5160 Egypto
1391 5087 1447 5142 in
1468 5095 1671 5142 terram
1690 5082 1865 5141 Israel
1882 5084 1949 5141 ⁸⁷.
1973 5103 1991 5136 ι

423 5180 559 5238 Vide
597 5181 762 5253 igitur
801 5194 987 5235 annon
1034 5179 1336 5236 secundum
1375 5177 1645 5249 Aquilam.
1672 5177 1945 5233 dicentem
1983 5195 1996 5230 :

428 5295 447 5328 ι
484 5274 641 5332 Mane
673 5274 994 5348 pertransiit
1036 5289 1134 5329 rex
1174 5272 1365 5339 lsrael,
1390 5273 1518 5343 quia
1553 5286 1690 5344 puer
1725 5270 1915 5336 Israel,
1947 5277 2001 5326 et

423 5367 588 5423 dilexi
611 5382 758 5432 eum,
782 5375 837 5422 et
863 5382 926 5422 ex
956 5363 1191 5436 Επειῑο
1217 5364 1409 5419 vocavi
1459 5361 1659 5418 Filium
1727 5377 1928 5418 meum.
1978 5380 1996 5413 ι

426 5458 712 5515 Manifeste
763 5459 908 5514 enim
957 5456 1268 5515 ostenditur
1323 5457 1478 5529 regni
1529 5455 1697 5512 Israel
1748 5452 1998 5524 rejectio,

426 5550 571 5621 quod
606 5566 731 5607 cum
752 5566 927 5623 usque
957 5551 1024 5606 ad
1059 5549 1361 5606 Salvatoris
1393 5549 1569 5606 nostri
1594 5546 2000 5604 manifestatio-

2087 3346 2368 3420 ειληφότες
2417 3345 2518 3398 οὐκ
2562 3340 2909 3396 ἐπιϐάλλουσι
2959 3340 3025 3408 τῇ
3070 3333 3314 3404 διανοίᾳ,
3359 3330 3450 3384 διὰ
3494 3329 3558 3381 τὸ
3613 3328 3693 3398 νὴ

2088 3415 2375 3509 ἐφιστάναι
2403 3438 2471 3507 τῇ
2495 3431 2839 3507 προκειμένῃ
2862 3430 2963 3500 τῆς
2993 3425 3335 3499 προφητείας
3360 3422 3531 3486 λέξει,
3556 3422 3621 3473 ὲν

2089 3530 2253 3594 αὐτὸς
2276 3532 2305 3583 6
2337 3526 2541 3599 Κύριος
2570 3526 2826 3595 πάνθηρα
2855 3519 3044 3574 ἑαυτὸν
3066 3517 3321 3588 ὀνομάζει

2602 3633 2999 3692 ΚΕΦΑΛΑῙΟΝ
3053 3631 3160 3685 ΙΑ’.

2633 3771 2765 3828 Ἀπὸ
2798 3770 2910 3825 τοῦ
2937 3767 3147 3823 αὑτοῦ.

2170 3914 2188 3947 ι
2223 3894 2333 3949 Καὶ
2372 3889 2799 3960 ὲξαναστήσεται
2834 3881 3082 3938 ἀπώλεια
3111 3881 3171 3933 ὲν
3201 3877 3278 3949 τῷ
3298 3875 3413 3947 λαῷ
3440 3892 3558 3935 σου,
3594 3874 3695 3926 καὶ

2093 3989 2274 4043 πάντα
2301 3984 2371 4038 τὰ
2398 3975 2910 4053 περιτετειχισμένα
2937 3972 3068 4027 ναοῦ
3100 3987 3195 4024 σου
3218 3970 3521 4041 οἰχήσεται·
3554 3966 3640 4030 ὡς
3666 3967 3696 4019 6

2094 4081 2277 4153 ἄρχων
2303 4045 2570 4145 Σαλαμὼν
2591 4074 2656 4124 ὲκ
2676 4045 2786 4123 τοῦ.
2811 4068 2961 4121 οἴκου
2993 4064 3088 4118 τοῦ
3128 4061 3433 4132 Ἰεροὸοὰμ,
3458 4060 3519 4111 ὲν
3546 4045 3695 4129 ἡμὶ-

2098 4150 2218 4243 ραις
2264 4169 2499 4239 πολέμου
2546 4163 2759 4235 μητέρα
2806 4160 2899 4213 ἐπὶ
2937 4159 3153 4220 τέκνοις
3184 4153 3477 4225 ἡδάφισαν,
3516 4150 3699 4214 οὕτως

2095 4239 2412 4333 ποιήσουσιν
2463 4257 2592 4328 ὑμῖν
2628 4249 2774 4316 οἶκος
2815 4249 2912 4304 τοῦ
2977 4246 3196 4319 Ἰσραὴλ
3239 4243 3347 4299 ἀπὸ
3392 4239 3709 4313 προσώπου,

2096 4352 2304 4408 κακιῶν
2331 4349 2503 4422 ὑμῶν.
2546 4348 2688 4401 Διότι
2732 4347 2927 4415 νήπιος
2978 4338 3216 4411 Ἰσραὴλ,
3261 4336 3357 4391 καὶ
3395 4333 3509 4402 ἐγὼ
3547 4335 3695 4401 inrd-

2098 4460 2248 4515 πησα
2286 4441 2468 4506 αὐτὸν,
2508 4440 2604 4492 καὶ
2641 4436 2701 4502 ἐξ
2738 4433 3018 4503 Αἰγύπτου
3063 4428 3402 4502 μετεκάλεσα
3430 4425 3502 4477 τὰ
3524 4425 3701 4477 τέκνα

2099 4534 2285 4590 αὐτοῦ.
2321 4531 2523 4596 Καθὼς
2558 4527 2899 4602 μετεκάλεσα
2938 4524 3160 4586 αὐτοὺς,
3202 4519 3376 4582 οὕτως
3408 4514 3703 4587 ἀπῲχοντο

2100 4629 2165 4682 ὲκ
2192 4623 2484 4697 προσώπου
2507 4638 2629 4695 μου.
2652 4638 2672 4670 ι
2692 4616 2841 4672 Ἀντὶ
2865 4613 3013 4681 τοῦ,ι
3036 4612 3130 4666 καὶ
3159 4608 3220 4675 ἐξ
3247 4608 3527 4677 Αἰγύπτου
3568 4624 3705 4677 μετ-

2102 4717 2262 4773 εκάλε
2269 4734 2337 4771 σα
2350 4715 2419 4770 τὰ
2433 4714 2599 4767 τέκνα
2615 4707 2803 4773 αὐτοῦ,
2816 4728 2836 4760 ι
2848 4706 3138 4769 δουλεύσας
3154 4702 3230 4774 τῷ
3243 4701 3539 4774 Ἐὃραῖκῷ,
3566 4720 3585 4752 ι
3612 4702 3707 4768 Ἐξ

2102 4806 2380 4877 Αἰγύπτου
2406 4800 2743 4876 μετεκάλεσα
2755 4798 2845 4851 τὸν
2863 4797 2979 4850 υἱόν
2995 4813 3118 4868 μου,
3141 4813 3159 4846 ι
3182 4792 3445 4859 ἐξέδωκεν
3472 4791 3505 4842 ὁ
3536 4791 3706 4843 Ἀκύ-

2105 4862 2224 4963 λαξ.
2258 4862 2595 4965 Ἀναξκαίως
2619 4892 2676 4946 δὲ
2700 4889 2760 4943 τὸ
2783 4889 2943 4962 ῥητὸν
2965 4862 3064 4958 ὲση
3074 4881 3448 4957 μειωσάμεθα,
3480 4881 3710 4952 έπειδή-
3754 4862 3761 4869 ’

2104 5012 2209 5065 περ
2225 4995 2255 5047 6
2278 4991 2553 5051 Ματθαῖος
2576 4985 2721 5040 κατὰ
2747 4985 2893 5049 λέξιν
2922 4979 3201 5034 ἐκτίθεται
3229 4976 3328 5048 τὴν
3355 4977 3710 5048 προφητείαν

2106 5086 2310 5158 σφόδρα
2330 5082 2391 5155 (ι.
2409 5080 2481 5136 29
2499 5080 2574 5151 v°)
2600 5074 3077 5149 ἀπηκριϐωμένως
3103 5066 3499 5158 πεπληρῶσθαι
3523 5067 3710 5158 φησας

2108 5157 2275 5247 αὐτὴν
2302 5175 2393 5228 ἐπὶ
2420 5170 2515 5225 τοῦ
2540 5170 2789 5238 Σωτῆρος
2811 5165 2987 5238 ήμῶνο
3020 5182 3038 5214 ι
3070 5157 3482 5234 Χρηματισθεὶς
3509 5158 3542 5209 6
3586 5157 3708 5208 ἰω-

2113 5269 2222 5343 σὴφ
2254 5265 2530 5341 παρέλαϐε
2571 5263 2668 5333 τὴν
2704 5258 2941 5331 Μαριὰμ
2985 5257 3081 5311 καὶ
3122 5255 3212 5307 τὸν
3243 5253 3363 5306 υἱὸν
3386 5250 3582 5321 αὐτῆς·
3608 5250 3708 5302 καὶ

2108 5342 2450 5435 ὑπέστρεψεν
2499 5356 2560 5422 εξ
2605 5355 2883 5422 Αἰγύπτου
2936 5353 3017 5414 εἰς
3064 5348 3170 5419 γῆν
3226 5344 3449 5417 Ἰσραήλ
3502 5363 3522 5396 ι
3561 5342 3708 5412 Ὅρα

2106 5455 2239 5526 γοῦν
2286 5432 2334 5507 εἰ
2380 5451 2455 5523 μὴ
2489 5449 2582 5504 καὶ
2628 5446 2771 5501 κατὰ
2808 5443 2901 5497 τὸν
2960 5440 3191 5494 Ἀκύλαν
3225 5438 3502 5508 φήσαντα,
3556 5452 3576 5483 ι
3614 5432 3707 5485 Ἦν

2106 5547 2289 5620 ὄρθρῳ
2338 5540 2727 5611 κατεσιωπήθη
2782 5535 3036 5608 βασιλεὺς
3105 5531 3360 5604 Ἰσραὴλ,
3425 5530 3511 5582 ὅτι
3576 5528 3705 5586 παῖς

428 5660 551 5702 nem
585 5648 997 5716 permansisset.
1021 5655 1152 5700 tunc
1175 5644 1524 5716 reprobatum
1542 5649 1627 5700 est
1645 5650 1699 5699 et
1721 5651 1979 5714 pertrans:

2119 5636 2357 5709 Ἰσραὴλ,
2377 5636 2470 5690 καὶ
2498 5635 2763 5704 ἠγάπησα
2791 5626 2975 5694 αὐτὸν,
3007 5626 3103 5679 καὶ
3129 5623 3238 5679 ἀπὸ
3260 5621 3547 5693 Αἰγύπτου
3576 5619 3707 5674 ἱκά-

505 5829 550 5861 ⁶³
587 5824 745 5883 Joan.
782 5840 904 5891 ινι,
944 5825 1033 5880 '53.
1110 5824 1154 5857 “
1194 5825 1317 5881 Ose.
1353 5841 1407 5893 v,
1450 5824 1534 5879 14.
1612 5820 1823 5878 “.Ose.
1858 5835 1979 5885 χιιι)

2163 5816 2207 5849 ⁸⁸
2245 5814 2373 5872 Ose.
2414 5830 2483 5880 ι,
2531 5810 2632 5880 Η,
2666 5809 2771 5878 15;
2806 5822 2901 5877 ιι,
2936 5806 3002 5874 Ι,
3053 5804 3111 5861 2.
3176 5800 3233 5861 ,δ’
3274 5798 3477 5857 Hatth.
3511 5813 3576 5861 ιι,
3611 5793 3707 5853 ει.
