3856 6226
229 362 374 418 1157

1255 361 1556 418 ECLOGE
1597 360 2082 419 PROPIIETICE.
2119 395 2186 406 —-
2225 361 2356 418 LIB.
2396 361 2486 418 III.

3339 364 3479 421 “58

229 479 366 531 λεσα
391 477 481 530 τὸν
509 477 620 530 υἰόν
649 494 769 547 μου·
811 497 829 530 ι
871 479 1054 547 σαφῶς
1075 479 1184 550 γάρ
1215 480 1468 550 δηλοῦται
1507 483 1539 552 ἡ
1573 481 1814 554 ἀποϐολὴ

1925 482 2010 548 iit;
2036 483 2108 536 ita
2131 489 2190 536 ut
2209 480 2482 537 diceretur
2505 499 2517 534 :
2544 499 2562 532 ι
2590 479 2744 535 Mane
2778 481 3094 551 pertransiit
3121 497 3210 538 rex
3243 481 3428 538 Israel.
3459 505 3477 536 ι

230 567 335 635 τῆς
361 565 458 618 τοῦ
507 566 720 637 Ἰσραὴλ
750 566 1044 637 βασιλείας,
1079 570 1200 639 ἥτις
1234 571 1395 642 μέχρι
1439 572 1537 641 τῆς
1571 570 1667 624 τοῦ
1699 573 1812 624 Σω-

229 657 403 727 τῆρος
427 656 585 728 ἡμῶν
614 659 934 728 ἐπιφανείας
964 663 1204 714 συστᾶσα
1234 662 1293 728 ἐξ
1321 663 1490 734 αὐτῆς
1509 664 1813 734 ἀπερρίφη,

231 749 330 802 καὶ
356 749 760 820 κατεσιωπήθη·
791 750 866 814 ὡς
890 751 979 804 διὰ
1010 751 1168 805 τοῦτο
1191 754 1438 824 εἰρῆσθαι
1457 754 1538 817 τὸ,
1564 774 1582 806 ι
1607 755 1694 807 Ἐν
1722 755 1814 827 όρ-

232 841 352 911 θρῳ
377 841 762 912 κατεσιωπήθη
789 842 1038 912 βασιλεὺς
1065 845 1298 916 Ἰσραήλ·
1325 866 1343 897 ι
1367 846 1560 918 όρθρον
1583 848 1679 916 τὴν
1697 850 1816 902 ἐπι-

235 935 464 1002 φάνειαν
494 935 588 986 καὶ
616 936 716 1004 τὴν
744 935 865 988 τότε
895 935 1118 1008 πρώτην
1145 940 1225 1001 εἰς
1263 940 1469 1003 πάντας
1499 939 1818 1012 ἀνθρώπους

233 1025 498 1098 ἀνατολὴν
525 1025 619 1078 τοῦ
649 1025 792 1079 θείου
815 1022 988 1096 Ᾱόγου
1021 1029 1121 1100 τῆς
1161 1031 1496 1100 προφητείας
1525 1031 1819 1102 όνομαζού-

235 1133 340 1186 σης
393 1133 412 1166 ι
453 1118 512 1169 ἐν
551 1116 752 1188 ὄρθρῳ·
804 1135 822 1169 ι
882 1117 1100 1170 δύναται
1154 1120 1248 1172 καὶ
1295 1120 1424 1189 περὶ
1475 1119 1572 1173 τοῦ
1641 1119 1818 1191 Ἠρώ-

229 1205 326 1259 δου
386 1205 843 1276 προθεσπίζεσθαι
895 1208 984 1271 τὸ,
1040 1224 1058 1256 ε
1118 1209 1507 1280 κατεσιωπήθη
1564 1208 1817 1279 βασιλεὺς

245 1297 487 1368 Ἰσραήλ·
525 1316 544 1350 ι
591 1296 666 1361 ὡς
706 1297 794 1351 διὰ
835 1297 926 1351 τὸν
975 1299 1408 1370 παραλογισμὸν,
1451 1300 1510 1353 ὃν
1550 1299 1817 1353 πέπονθεν

231 1389 345 1444 ὑπὸ
376 1389 483 1443 τῶν
511 1388 700 1462 μάγων
726 1391 818 1444 ἐπὶ
842 1393 908 1462 τῇ
937 1389 1031 1444 τοῦ
1059 1393 1312 1464 Σωτῆρος
1341 1393 1498 1462 ἡμῶν
1527 1393 1758 1460 γενέσει,
1780 1392 1816 1446 ἃ

232 1481 333 1535 καὶ
363 1481 708 1558 συμϐέϐηκεν
747 1482 836 1536 διὰ
872 1483 971 1554 τὴν
1003 1483 1097 1536 τοῦ
1139 1485 1356 1556 Πατρὸς
1393 1483 1522 1556 περὶ
1558 1484 1649 1536 τὸν
1688 1483 1816 1537 ίδιον

232 1573 405 1627 παῖδα
423 1573 514 1626 τὸν
538 1573 742 1645 Κύριον
775 1573 931 1643 ἡμῶν
971 1574 1174 1646 Ἰησοῦν
1206 1575 1439 1648 Χριστὸν
1467 1575 1710 1647 ἀγάπην,
1740 1575 1816 1638 ὡς

231 1667 331 1721 καὶ
357 1669 413 1720 ἐν
434 1665 621 1729 ἄλλαις
636 1666 996 1738 προφητείαις
1026 1668 1242 1739 Ἰσραὴλ
1267 1669 1360 1722 καὶ
1387 1667 1624 1722 ἐνταῦθα
1650 1685 1816 1738 προσ-

230 1757 650 1829 αγορευόμενον·
695 1759 756 1813 ὃν
776 1758 937 1839 ⁸κατά
962 1757 1150 1830 καιρὸν
1181 1760 1276 1829 μὲν
1303 1759 1693 1828 ᾠκονομήσατο
1720 1758 1814 1810 ἐπὶ

1922 573 2076 629 Mane
2105 572 2598 628 manifestationem
2631 571 2920 643 signiﬁcat,
2956 573 3294 644 primamque
3314 575 3482 629 divini

1920 662 2084 718 Verbi
2113 662 2180 716 ad
2211 661 2463 718 homines
2518 662 2924 718 revelationem.
2959 660 3260 718 Possumus
3310 673 3363 718 et
3417 664 3486 718 de

1918 752 2133 808 Herode
2162 753 2275 806 hazc
2300 751 2684 822 interpretari:
2711 770 2730 802 ι
2758 749 3082 806 Pertransiit
3114 767 3209 807 rex
3243 751 3438 817 Israel;
3460 769 3479 802 ι

1918 842 2076 912 quasi
2113 849 2332 912 propter
2360 853 2601 897 errorem
2633 855 2793 909 quem
2826 856 3022 911 passus
3053 849 3137 896 est
3168 857 3200 895 a
3229 842 3402 910 magis
3429 841 3484 894 in

1927 931 2226 986 Salvatoris
2277 930 2448 986 nostri
2497 931 2805 997 nativitate;
2862 931 3008 1001 quod
3053 933 3251 988 accidit
3306 932 3485 987 Patris

1920 1041 2104 1079 amore
2134 1025 2186 1078 in
2222 1025 2498 1094 proprium
2524 1039 2751 1096 puerum
2791 1023 3079 1079 Dominum
3126 1034 3372 1080 nostrum
3403 1026 3486 1082 Je-

1919 1133 2038 1172 sum
2067 1117 2368 1179 Christum,
2398 1115 2540 1171 sicut
2570 1116 2626 1168 in
2649 1115 2770 1172 aliis
2801 1116 3098 1186 pr0phetiis
3120 1115 3285 1174 Israel
3316 1127 3368 1174 et
3398 1107 3485 1174 hic

1918 1208 2259 1262 nominatum
2286 1225 2300 1273 ;
2336 1222 2444 1277 quo
2471 1206 2689 1277 quidem
2721 1215 2965 1276 tempore
2991 1208 3134 1277 jussi
3163 1219 3290 1264 sunt
3321 1208 3484 1264 simul

1919 1298 2120 1370 Joseph
2145 1312 2198 1354 et
2221 1309 2390 1354 mater
2412 1300 2466 1353 in
2489 1298 2782 1370 Egyptum
2806 1299 3102 1370 proﬁcisci,
3138 1315 3263 1356 cum
3292 1316 3484 1357 neces-

1919 1393 2053 1446 sitas
2083 1394 2405 1462 requireret,
2435 1390 2751 1446 insidiatum
2790 1392 2838 1446 ei
2871 1406 3076 1462 regem,
3108 1390 3376 1446 Herodem
3404 1393 3488 1447 vi-

1919 1481 2134 1550 delicet,
2159 1491 2370 1537 constat
2393 1483 2820 1552 prmtermissum
2853 1481 3043 1540 fuisse.
3073 1481 3286 1538 Rursus
3308 1482 3487 1553 ipsum

1920 1573 2134 1629 Herode
2164 1581 2380 1628 mortuo
2433 1581 2653 1630 revocat
2702 1583 3066 1645 congruenter
3114 1589 3238 1630 cum
3267 1589 3332 1630 ea
3367 1588 3490 1645 quae

1917 1669 2077 1725 nobis
2113 1669 2165 1722 in
2199 1668 2450 1722 manibus
2476 1675 2561 1722 est
2590 1667 2890 1738 prophetia.
2931 1665 2987 1721 Si
3017 1667 3142 1738 quis
3171 1667 3238 1722 ad
3271 1665 3486 1722 Judaao-

1918 1775 2037 1813 rum
2069 1759 2326 1828 populum
2359 1757 2474 1811 haec
2501 1756 2701 1812 referat
2732 1756 2921 1812 dicens
2953 1756 3020 1812 de
3068 1756 3268 1828 popqu
3297 1758 3485 1823 Israel,

232 1850 335 1919 τὴν
368 1849 638 1918 Αἴγυπτον
670 1850 786 1922 ἅμα
815 1849 892 1921 τῷ
939 1850 1134 1921 Ἰωσὴφ
1161 1851 1254 1904 καὶ
1283 1853 1350 1921 τῇ
1390 1851 1557 1921 μητρὶ
1585 1850 1815 1921 ἀπᾶραι,

1926 1853 2125 1924 p0pulo
2179 1851 2617 1906 circumcisionis
2655 1850 2770 1904 haec
2819 1850 3052 1913 narrari,
3103 1849 3343 1904 attendat
3378 1865 3488 1906 ser-

229 1944 325 1994 ὅτε
345 1943 437 1996 καὶ
458 1943 616 2013 χρεία
637 1943 822 1996 ἐκάλει
843 1942 935 1997 τὸν
961 1942 1381 1997 ἐπιϐουλεύοντα
1400 1942 1548 2014 αύτῷ
1571 1943 1814 2018 βασιλέα,

229 2035 394 2104 δῆλον
432 2035 515 2087 ὅτι
557 2034 651 2088 τὸν
708 2034 977 2107 Ἡρώδην,
1032 2035 1533 2106 κατασιωπηθῆιαι·
1579 2031 1736 2098 αὖθις
1772 2035 1817 2089 δ’

235 2125 400 2178 αὐτὸν
445 2124 638 2178 τούτου
672 2125 1096 2198 τελευτήσαντος
1127 2127 1480 2180 ἀνακαλεῖται
1513 2127 1819 2190 ἀκολούθως

239 2219 308 2287 τῇ
345 2217 483 2288 μετὰ
529 2219 717 2288 χεῖρας
759 2218 1087 2289 προφητείᾳ.
1127 2219 1191 2271 Εἰ
1227 2219 1270 2271 δ’
1301 2218 1394 2272 ἐπὶ
1427 2219 1520 2271 τὸν
1557 2218 1819 2272 Ἰουδαίων

233 2309 366 2362 λαὸν
418 2307 593 2362 ταῦτά
641 2327 725 2373 τις
777 2309 1040 2382 ἀναφέροι
1094 2309 1316 2380 φάσκων
1364 2311 1492 2381 περὶ
1541 2309 1635 2363 τοῦ
1689 2309 1818 2362 λαοῦ

253 2401 470 2473 Ἰσραὴλ
497 2403 590 2454 τοῦ
634 2403 700 2454 ἐκ
743 2403 1045 2474 περιτομῆς
1083 2401 1258 2456 ταῦτα
1295 2401 1564 2473 εἰρῆσθαι,
1598 2403 1821 2472 ἐπιστη-

241 2495 394 2548 σάτω
424 2497 492 2565 τῇ
519 2493 614 2547 τοῦ
642 2493 802 2561 λόγου
835 2492 1144 2564 ἀκολουθίον
1169 2493 1342 2546 ταῦτα
1367 2492 1476 2565 γὰρ
1507 2493 1654 2561 λέγει
1684 2511 1818 2566 προ-

236 2584 434 2648 ειπὼν,
454 2585 528 2648 ὼς
556 2585 650 2638 καὶ
677 2582 814 2657 πρὸς
848 2583 1017 2654 αὐτὴν
1038 2583 1136 2654 τὴν
1171 2583 1521 2655 Ἰερουσαλὴμ
1554 2584 1632 2648 τὸ,
1664 2602 1681 2636 ι
1712 2584 1821 2636 Καὶ

235 2679 667 2749 ἐξαναστήσεται
694 2675 937 2729 ἀπώλεια
963 2677 1020 2728 ἐν
1044 2674 1123 2746 τῷ
1142 2674 1256 2746 λαῷ
1287 2691 1401 2728 σου*
1437 2675 1534 2730 καὶ
1555 2675 1730 2730 πάντα
1753 2676 1821 2729 τὰ

239 2768 756 2843 περιτετειχισμένα
803 2784 895 2820 σου
936 2767 1235 2838 οἰχήσεται·
1280 2787 1298 2820 ι
1349 2767 1442 2820 καὶ
1484 2767 1627 2838 ἀπερ
1657 2768 1820 2838 φησιν

235 2863 268 2916 ὁ
301 2861 504 2915 τοιόσδε
532 2860 718 2931 ἄρχων
747 2857 984 2913 πέπονθε
1031 2858 1175 2912 κατὰ
1219 2858 1312 2912 τὸν
1345 2859 1640 2914 ἐπελθόντα
1672 2859 1822 2930 αὑτῷ

240 2956 502 3028 πόλεμον,
543 2957 600 3008 ἐν
627 2948 672 3022 ᾧ
707 2954 916 3026 μητέρα
952 2954 1046 3007 ἐπὶ
1072 2954 1284 3018 τέκνοις
1309 2953 1597 3022 ἠδάφισαν,
1624 2951 1693 3004 τὰ
1714 2969 1819 3004 πα-

244 3049 523 3122 ραπλήσια
565 3047 660 3100 καὶ
702 3048 831 3117 ὑμῖν
875 3045 1062 3110 αὐτοῖς
1109 3047 1320 3116 ποιήσω
1361 3046 1450 3100 διὰ
1496 3044 1596 3108 τὰς
1628 3043 1822 3108 κακίας

239 3143 420 3214 ὑμῶν,
454 3135 501 3196 ὦ
533 3134 678 3204 οἶκος
708 3139 801 3192 τοῦ
840 3137 1075 3210 Ἰσραὴλ,
1105 3137 1155 3190 οἳ
1183 3138 1277 3190 καὶ
1308 3137 1688 3209 ἀπερρίφησαν
1725 3137 1821 3190 σὺν

1920 1946 2098 2000 monis
2132 1944 2554 1999 concordantire.
2590 1943 2714 1998 Haec
2747 1943 2892 1999 enim
2929 1943 3062 1998 dicit
3091 1943 3486 2012 praenuntians.

1919 2038 2076 2108 quasi
2112 2037 2178 2091 ad
2207 2038 2381 2106 ipsam
2410 2051 2626 2106 quoque
2653 2034 2954 2090 Jerusalem
2985 2053 2998 2089 :
3028 2052 3046 2086 ι
3078 2032 3381 2105 Consurget
3407 2039 3492 2089 tu-

1919 2130 2124 2184 multus
2165 2128 2221 2183 in
2252 2129 2450 2199 populo
2478 2135 2594 2193 tuo,
2623 2136 2676 2184 et
2702 2142 2892 2183 omnes
2911 2126 3244 2182 munitiones
3269 2133 3375 2181 tua:
3388 2141 3487 2180 va-

1921 2221 2230 2275 stabnntur.
2273 2241 2291 2273 ι
2323 2219 2456 2286 Quae
2483 2219 2700 2289 quidem
2734 2218 2888 2286 dicit,
2936 2218 3192 2288 princeps
3244 2219 3334 2274 ille
3372 2233 3488 2288 per-

1919 2327 2115 2382 pessus
2167 2319 2250 2366 est
2305 2312 2362 2365 in
2405 2311 2548 2366 bello
2596 2312 2861 2366 adversus
2907 2326 3031 2365 eum
3063 2310 3348 2375 suscitato,
3381 2327 3488 2381 quo

1919 2410 2147 2457 matrem
2179 2419 2342 2473 super
2370 2398 2517 2457 ﬁlios
2543 2389 2845 2470 alliserunt,
2878 2410 2931 2458 et
2958 2403 3156 2458 similia
3172 2403 3327 2459 vobis
3356 2404 3489 2473 ipsis

1919 2494 2114 2549 faciam
2144 2501 2363 2564 pr0pter
2384 2494 2652 2564 nequitias
2668 2501 2898 2557 vestras,
2916 2511 2950 2550 ο
2974 2495 3367 2563 domusIsrael,
3396 2497 3489 2566 qui

1919 2595 1974 2643 et
2002 2587 2187 2656 rejecti
2212 2594 2341 2642 sunt
2369 2601 2494 2642 cum
2523 2603 2652 2656 rege
2687 2603 2806 2652 suo,
2845 2596 2900 2642 et
2952 2588 3068 2643 haec
3117 2590 3299 2643 omnia
3341 2589 3490 2658 passi

1921 2687 2087 2736 sunt:
2123 2699 2140 2732 ι
2181 2680 2320 2747 Quia
2359 2696 2514 2752 puer,
2571 2682 2766 2753 inquit,
2826 2681 3012 2747 Israel,
3081 2691 3133 2738 et
3174 2700 3274 2754 ego
3323 2683 3489 2740 dilexi

1919 2787 2066 2836 eum,
2099 2779 2153 2826 et
2180 2787 2246 2826 ex
2275 2771 2511 2844 Egypto
2533 2775 2722 2828 vocavi
2751 2774 2946 2830 Filium
2975 2790 3176 2830 meum.
3213 2796 3230 2827 ι
3265 2775 3490 2841 Qualem

1920 2863 2066 2917 enim
2107 2864 2305 2920 habeat
2335 2866 2781 2922 concordantiam
2822 2883 3023 2932 sermo,
3054 2869 3234 2938 quivis
3265 2869 3486 2922 demon-

1921 2955 2135 3010 strabit.
2183 2955 2290 3012 Sed
2327 2959 2469 3012 sicut
2519 2958 2575 3012 in
2615 2958 2890 3014 sexcentis
2926 2959 3047 3014 aliis
3080 2958 3382 3028 pr0phetiis
3407 2955 3492 3011 Ja-

1921 3047 2025 3101 cob
2059 3053 2114 3102 et
2164 3048 2334 3102 Israel
2379 3049 2633 3105 Christus
2668 3050 3003 3114 nominatur,
3043 3050 3208 3105 simili
3250 3057 3305 3104 et
3345 3065 3492 3104 nunc

1923 3137 2156 3192 ratione.
2191 3137 2327 3194 Cum
2362 3137 2550 3210 igitur,
2587 3141 2684 3204 ait,
2719 3140 2809 3194 ille
2842 3140 2971 3194 mihi
3005 3139 3267 3196 obediens
3315 3138 3491 3195 factus

244 3235 341 3290 καὶ
367 3234 445 3304 τῷ
475 3233 683 3304 βασιλεῖ
708 3229 906 3295 αὐτῶν,
947 3230 1043 3284 καὶ
1081 3229 1255 3283 ταῦτά
1291 3246 1356 3298 γε
1402 3229 1580 3283 πάντα
1621 3228 1820 3281 πεπόν-

1925 3226 2148 3283 formam
2181 3231 2325 3284 servi
2363 3233 2592 3301 accepit,
2623 3238 2678 3287 et
2714 3247 2847 3302 puer
2873 3231 3052 3288 factus
3091 3240 3175 3288 est
3205 3233 3336 3286 mihi
3363 3231 3496 3286 dile-

242 3327 388 3381 θασι·
416 3344 434 3377 ι
465 3325 606 3378 Διότι
635 3326 787 3389 παῖς,
819 3323 1005 3395 φησὶν,
1050 3321 1268 3394 Ἰσραὴλ
1297 3321 1390 3375 καὶ
1415 3319 1524 3389 ἐγὼ
1553 3321 1817 3391 ἠγάπησα

243 3417 426 3472 αὐτόν·
477 3418 568 3471 καὶ
611 3417 708 3470 ἀπ’
746 3415 1024 3485 Αἰγύπτου
1068 3414 1304 3468 ἐκάλεσα
1343 3415 1436 3468 τὸν
1473 3413 1601 3466 Υίόν
1632 3430 1754 3484 μου.
1796 3431 1814 3464 ι

242 3509 412 3565 Ποίαν
449 3508 558 3580 γὰρ
587 3506 699 3578 ἔχει
731 3505 1049 3560 ἀκολουθίαν
1078 3507 1113 3577 ἡ
1144 3504 1290 3570 λέξις
1313 3508 1342 3558 ὁ
1372 3504 1693 3575 βουλόμενος
1718 3521 1821 3556 πα-

246 3599 592 3675 ραστησάτωο
637 3597 750 3652 ἀλλ’
773 3595 962 3668 ὥσπερ
995 3595 1136 3648 κατὰ
1169 3595 1366 3666 μυρίας
1404 3594 1566 3657 ἄλλας
1606 3611 1821 3668 προφητ

239 3692 394 3755 τείας
427 3689 621 3744 Ἰακὼό
653 3687 748 3741 καὶ
782 3685 1037 3758 Ἰσραὴλὸ
1066 3685 1298 3756 Χριστὸς
1333 3683 1818 3756 προσαγορεύεται,

244 3784 340 3836 τὸν
374 3781 536 3836 αὐτὸν
568 3780 633 3852 δὴ
660 3779 860 3853 τρόπον
901 3777 996 3832 καὶ
1029 3775 1145 3831 νῦψ
1182 3778 1303 3830 ἐπεὶ
1319 3771 1433 3840 οὖν,
1459 3777 1641 3846 φησὶν,
1668 3768 1820 3840 οὗτος

247 3876 487 3949 ὑπήκοός
516 3891 606 3946 μοι
639 3870 1002 3942 γεγενημένος
1035 3869 1249 3941 μορφὴν
1276 3867 1461 3920 δούλου
1485 3867 1703 3937 εἴληφεν
1727 3867 1824 3920 καὶ

223 3969 470 4038 γέγονεν
519 3966 732 4020 παιδίον
785 3961 1070 4032 ἀγαπητὸν
1124 3959 1266 4031 ἐμοὶ,
1320 3959 1498 4012 πᾶσαν
1544 3957 1640 4028 τὴν
1685 3957 1824 4028 ἐμὴν

243 4060 536 4124 ἐκτελέσας
569 4057 784 4130 βουλὴν,
816 4054 906 4110 διά
933 4052 1092 4107 τοῦτο
1116 4051 1277 4105 αὐτὸν
1317 4051 1414 4122 μὲν
1440 4050 1551 4103 ἀπὸ
1579 4051 1675 4120 τῆς
1702 4066 1824 4120 νοη-

241 4155 344 4224 τῆς
393 4151 690 4220 Αἰγύπτου,
736 4150 816 4213 είς
860 4149 926 4220 ἥν
974 4145 1400 4217 ἐνανθρωπήσας
1442 4141 1821 4214 κατελήλυθεν,

1923 3329 2066 3386 ctus,
2094 3336 2310 3376 omnem
2335 3322 2670 3396 voluntatem
2690 3339 2863 3378 meam
2896 3324 3203 3394 perticiens,
3229 3325 3348 3380 ideo
3368 3339 3492 3380 eum

1922 3407 2142 3476 quidem
2174 3409 2242 3464 ab
2264 3409 2501 3484 Egypto
2530 3413 2826 3484 spirituali,
2851 3414 2902 3468 in
2927 3429 3088 3484 quam
3114 3414 3294 3471 factus
3331 3416 3495 3471 homo

1922 3498 2225 3566 descendit,
2253 3509 2314 3556 ut
2343 3517 2530 3558 verum
2554 3501 2940 3574 'dilectumque
2971 3504 3166 3560 Filium
3220 3508 3492 3575 revocavi,

1923 3603 2022 3644 vos
2056 3598 2256 3655 autem,
2285 3592 2352 3647 ad
2382 3609 2521 3664 quos
2549 3611 2730 3651 sermo
2765 3602 2994 3666 spectat,
3027 3611 3152 3651 cum
3199 3613 3365 3668 regno
3399 3613 3496 3653 ve-

1928 3688 2044 3736 stro
2063 3682 2236 3737 ruinaa
2251 3692 2303 3738 et
2324 3685 2536 3741 excidio
2552 3686 2783 3742 tradant.
2797 3687 2928 3742 Haec
2951 3687 3166 3757 quidem
3191 3689 3493 3759 prophetia.

1929 3773 2278 3830 Manifestum
2307 3787 2391 3833 est
2421 3787 2601 3833 autem
2631 3779 2778 3848 quod
2809 3779 2942 3849 ipsis
2975 3777 3276 3835 Salvatoris
3322 3782 3497 3836 nostri

1927 3859 2288 3938 temporibus,
2319 3867 2620 3926 Jerusalem
2645 3879 2952 3942 oppugnata
2987 3880 3042 3928 et
3067 3880 3225 3942 capta
3259 3872 3378 3938 fuit,
3414 3883 3497 3926 at-

1931 3975 2038 4029 que
2070 3961 2288 4030 penitus
2319 3962 2580 4025 deletum,
2612 3963 2758 4033 quod
2787 3979 2958 4034 usque
3003 3965 3069 4018 ad
3103 3965 3206 4020 hoc
3241 3966 3498 4034 temporis

1932 4057 2156 4106 steterat
2203 4049 2523 4107 Iudaeorum.
2547 4068 2799 4123 regnum,
2840 4061 2900 4107 ut
2951 4055 3156 4125 pariter
3197 4071 3261 4110 ac
3299 4057 3417 4111 alia:
3445 4063 3499 4112 et

1931 4143 2022 4196 illa
2056 4145 2376 4215 impleretur
2399 4146 2704 4216 prophetia.

241 4241 336 4298 οἶα
363 4245 582 4316 γνήσιον
619 4243 714 4296 καὶ
738 4239 1018 4311 ἀγαπητὸν
1048 4237 1174 4291 Υἱὸν
1208 4235 1644 4306 ἀνεκαλεσάμην,
1675 4235 1819 4306 ὑμᾶς
1848 4236 1905 4290 δὲ
1938 4239 2064 4302 τοὺς
2095 4239 2230 4310 πρὸς
2254 4239 2347 4304 οὓς
2383 4239 2411 4292 ὁ
2447 4239 2601 4310 λόγος
2642 4241 2738 4294 σὺν
2803 4243 2916 4308 καὶ,
2957 4245 3020 4314 τῇ
3061 4243 3308 4314 βασιλείᾳ
3346 4242 3500 4314 ὑμῶν

241 4337 454 4410 ὀλέθρῳ
481 4337 574 4391 καὶ
603 4333 847 4405 ἀταυλεία
888 4330 1215 4405 παραδώσω.
1255 4329 1442 4384 Ταῦτα
1483 4330 1644 4400 μὲνὴ
1686 4330 2008 4401 προφητεία⁸
2039 4331 2298 4403 πρόδηλον
2338 4332 2382 4385 δ’
2413 4333 2561 4396 ὅπως
2585 4333 2692 4387 ἀπὸ
2729 4332 2835 4386 τῶν
2894 4335 2985 4387 τοῦ
3043 4336 3294 4408 Σωτῆρος
3347 4335 3502 4406 ἡμῶν

245 4433 455 4504 χρόνων
481 4427 930 4502 πολιορκηθείσης
966 4427 1062 4498 τῆς
1109 4424 1460 4498 Ἰερουσαλὴμ
1488 4423 1764 4495 καθῃρέθη
1804 4442 1866 4478 τε
1905 4427 1998 4480 καὶ
2023 4429 2103 4490 εἰς
2149 4426 2209 4480 τὸ
2250 4428 2507 4492 παντελὲς
2545 4417 2881 4500 ἀπερρίφηὴ
2921 4429 3082 4501 μέχρι
3100 4430 3219 4484 τότε
3266 4433 3504 4485 συστᾶσα

247 4527 361 4582 τῶν
403 4526 669 4582 Ἰουδαίων
692 4523 956 4595 βασιλεία,
988 4521 1064 4586 ὡς
1091 4521 1229 4594 μετά
1249 4520 1359 4574 τῶν
1383 4520 1558 4576 ἄλλων
1591 4521 1684 4574 καὶ
1705 4519 1907 4592 ταύτην
1941 4521 2331 4594 πεπληρῶσθαι
2358 4511 2454 4594 τὴν
2486 4523 2844 4594 προφητείαν.

791 4641 1192 4698 ΚΕΦΑΛΑΙΟΝ
1224 4641 1326 4696 IB'.

561 4757 624 4831 (f.
658 4757 749 4829 30)
791 4755 926 4812 Ἀπὸ
958 4754 1066 4810 τοῦ
1096 4754 1281 4809 αὑτοῦ
1321 4753 1515 4822 Ὠσηέ.

328 4891 348 4924 ι
399 4872 474 4926 Οὐ
533 4870 609 4943 μὴ
675 4868 1052 4938 ἐγκαταλείπω
1117 4864 1212 4920 τοῦ
1283 4864 1664 4934 ἐξαλειφθῆναι
1737 4863 1827 4917 τὸν

266 4967 537 5041 Ἐφραῖμ·
581 4966 717 5021 διότι
756 4965 887 5030 Θεὸς
928 4961 1038 5032 ἐγώ
1081 4964 1215 5032 εἰμι,
1257 4961 1350 5014 καὶ
1391 4960 1491 5016 οὐκ
1521 4958 1824 5030 ἄνθρωπος,

252 5062 314 5124 ἐν
349 5061 432 5114 σοὶ
456 5059 630 5130 ἀγιος,
653 5058 748 5111 καί¹
769 5059 870 5110 οὐκ
898 5053 1275 5123 εἰσελεύσομαι
1299 5053 1377 5115 εἰς
1405 5051 1577 5104 πόλιν.
1625 5050 1828 5105 Ὀπίσω

252 5150 463 5223 Κυρίου
505 5148 864 5221 πορεύσομαι.
894 5166 914 5199 ι
959 5146 1017 5199 Ὀ
1044 5146 1206 5208 αὐτὸς
1233 5143 1423 5206 εἰπὼν,
1471 5161 1490 5194 ι
1520 5142 1664 5195 Διὸτι
1692 5142 1824 5204 Θεὸς

255 5241 369 5311 ἐγώ
397 5243 532 5314 εἰμι,
564 5261 583 5293 ι
618 5240 868 5311 ἐπιφέρει
896 5238 1089 5306 λέγων,
1121 5255 1152 5288 ι.
1185 5235 1386 5290 Ὀπίσω
1404 5235 1610 5306 Κυρίου
1635 5233 1828 5306 πορεύ-

258 5349 446 5405 σομαι.
477 5353 497 5386 ι
528 5333 626 5396 Τίς
652 5332 696 5385 δ’
725 5331 790 5386 ἂν
819 5330 977 5394 ἄλλος
1015 5328 1100 5400 εἴη
1127 5328 1258 5390 Θεὸς
1280 5327 1456 5381 ὀπίσω
1488 5326 1691 5397 Κυρίου
1729 5343 1828 5378 πο-

261 5423 571 5495 ρευόμενος,
598 5421 633 5492 ἢ
655 5424 683 5476 ὁ
707 5421 802 5475 τοῦ
824 5420 959 5474 Θεοῦ
981 5419 1150 5488 Λόγος
1179 5418 1257 5490 τῷ
1276 5419 1370 5472 τοῦ
1396 5417 1608 5488 Πατρὸς
1631 5415 1830 5487 ἐπόμε-

257 5531 350 5578 νος
380 5514 707 5586 βουλήματι;
745 5514 839 5579 Ὃς
871 5513 967 5568 καὶ
992 5513 1231 5567 διδάσκει
1261 5510 1334 5583 μὴ
1359 5511 1536 5564 δοκεῖν
1563 5509 1723 5563 αὐτὸν
1743 5509 1829 5562 διὰ

259 5606 358 5678 τὴν
397 5604 808 5677 ἐνανθρώπησιν
843 5605 996 5676 ψιλόν
1036 5623 1156 5661 τινα
1195 5605 1360 5674 ἄνδρα
1403 5603 1509 5657 τῶν
1547 5604 1711 5657 πάλαι
1755 5602 1830 5654 δι-

335 5789 381 5820 ι⁸
419 5789 546 5845 Ose.
582 5806 666 5857 ιι,
696 5792 748 5846 9.

2531 4640 2760 4696 CAPUT
2790 4639 2905 4695 XII.

2481 4753 2567 4808 Ex
2585 4755 2764 4808 eodem
2799 4755 2946 4810 Osee.

2009 4886 2028 4920 ‹
2056 4867 2173 4923 Non
2203 4873 2497 4922 convertar
2545 4875 2605 4920 ut
2648 4865 2874 4936 perdam
2908 4864 3165 4936 Ephraim
3199 4880 3214 4916 :
3243 4865 3503 4935 quoniam

1931 4959 2076 5015 Deus
2122 4976 2222 5030 ego
2249 4966 2304 5014 et
2353 4975 2462 5014 non
2494 4959 2658 5014 homo
2695 4975 2707 5010 :
2754 4958 2808 5011 in
2839 4958 3020 5012 medio
3057 4957 3135 5011 tui
3165 4965 3412 5022 sanctus,
3451 4966 3504 5010 et

1931 5069 2042 5108 non
2094 5052 2368 5122 ingrediar
2424 5052 2725 5106 civitatem.
2786 5048 2920 5104 Post
2979 5049 3268 5104 Dominum
3313 5049 3506 5103 ambu—

1929 5144 2056 5199 labo
2087 5142 2154 5198 ⁸⁸.
2215 5161 2234 5194 ι
2298 5141 2443 5197 Idem
2495 5157 2619 5196 cum
2668 5141 2950 5196 dixisset:
2990 5159 3008 5191 ι
3061 5139 3326 5206 Quoniam
3361 5139 3505 5194 Deus

1931 5250 2053 5308 ego,
2077 5256 2094 5289 ι
2151 5235 2360 5306 adjicit,
2415 5253 2436 5284 ‹
2472 5242 2597 5303 post
2635 5233 2920 5288 Dominum
2957 5233 3265 5287 ambulabo.
3306 5253 3324 5286 ι
3372 5232 3507 5299 Quis

1935 5337 2116 5383 autem
2149 5328 2289 5382 alius
2317 5334 2466 5381 esset
2527 5325 2673 5382 Deus
2729 5335 2853 5395 post
2876 5324 3164 5380 Dominum
3199 5326 3504 5389 ambulans,

1936 5436 2000 5475 ac
2030 5419 2124 5475 Dei
2151 5419 2406 5485 Verbum,
2443 5419 2624 5474 Patris
2673 5419 3006 5474 voluntatem
3047 5418 3378 5476 obsecutus?
3403 5419 3504 5488 Qui

1935 5518 1991 5566 et
2040 5511 2202 5566 docet
2244 5528 2356 5566 non
2404 5510 2580 5566 videri
2602 5527 2727 5568 eum
2793 5518 3026 5582 propter
3075 5511 3506 5568 incarnationem

1941 5601 2246 5673 simplicem
2267 5603 2559 5672 quemdam
2600 5601 2777 5657 virum
2827 5602 3255 5672 antiquisjustis
3273 5601 3506 5668 sanctis-
