3856 6226
379 352 520 411 H39
1058 352 1325 414 EUSEBII
1360 349 1838 414 CESARIENSIS
1874 352 2025 411 OPP.
2061 348 2247 410 PARS
2275 352 2362 413 IIl.
2398 386 2468 395 —
2506 351 2920 410 EXEGETICA.
3497 334 3643 396 mo

378 487 487 543 que
511 485 620 527 non
647 470 951 528 absimilem
983 488 1105 529 esse
1130 481 1342 528 natum.
1379 472 1520 529 Dicit
1552 481 1734 529 autem
1766 488 1826 528 se
1841 486 1944 526 non

2058 471 2223 527 καίων
2256 472 2351 527 καὶ
2390 473 2560 543 ἁγίων
2600 474 2706 526 τινὶ
2745 469 3125 543 παραπλήσιον
3162 461 3463 534 γεγονέναι.
3495 460 3639 530 οησὶ

380 563 438 617 in
463 562 739 618 civitatem
767 563 1164 635 ingressurum,
1193 567 1492 622 ostendens
1523 579 1635 621 non
1672 565 1944 621 communi

2058 566 2107 620 δὲ
2135 566 2209 638 μὴ
2233 564 2634 619 εἰσελεύσεσθαι
2663 566 2742 627 είς
2773 562 2951 626 πόλιν,
2979 558 3154 632 δηλῶν
3176 557 3239 610 τὸ
3263 555 3339 628 μὴ
3358 554 3519 622 κοινῇ
3540 550 3640 604 καὶ

377 658 433 707 et
467 651 704 707 humana
731 653 941 709 ratione
988 669 1049 710 se
1079 671 1239 712 usum
1272 670 1417 718 esse.
1435 656 1581 726 quod
1614 655 1833 728 quidem
1869 653 1944 710 fa-

2058 658 2364 731 ἀνθρωπίνῃ
2389 656 2688 729 κεχρῆσθαι
2711 654 2977 724 πολιτείᾳ,
3005 653 3143 722 ὅπερ
3169 650 3344 703 ποιεῖν
3378 646 3479 700 καὶ
3507 644 3641 705 τοὺς

379 757 507 798 cere
537 754 592 799 et
613 744 913 816 discipulos
955 762 1087 803 suos
1130 746 1406 816 admonet,
1431 748 1656 805 dicens:
1690 766 1709 800 ι
1731 747 1789 803 In
1808 748 1944 803 viam

2058 749 2304 821 μαθητάς
2337 749 2504 804 αὐτοῦ
2535 747 2778 802 παιδεύει
2806 746 3005 814 λέγων,
3038 762 3059 794 ι
3087 744 3182 805 Εἰς
3202 740 3323 795 ὁδὸν
3352 736 3529 791 ἐθνῶν
3562 734 3639 804 μὴ

376 835 616 904 gentium
647 852 715 892 ne
731 837 996 905 abieritis,
1027 840 1081 894 et
1117 840 1172 894 in
1197 839 1448 897 civitates
1480 839 1944 897 Samaritanorum

2058 841 2345 912 ἀπέλθητε,
2376 841 2471 895 καὶ
2498 843 2578 904 είς
2610 839 2762 893 πόλιν
2792 834 3146 908 Σαμαρειτῶν
3176 833 3251 904 μὴ
3275 827 3632 898 είσέλθητε.·›

378 942 449 983 ne
468 928 804 987 intraveritis
836 930 899 984 ".
939 949 957 981 ι

2477 1041 2608 1115 (Τοῦ
2649 1040 2802 1113 Ἰωὴλ
2820 1040 2985 1108 σαφὲς
3005 1033 3211 1103 abst-5v.)

2571 1150 2963 1206 ΚΕΦΑΛΔΙΟΝ
3002 1147 3112 1201 ΙΓ¹.⁴

2590 1262 2724 1317 Ἀπὸ
2751 1262 2858 1316 τοῦ
2902 1257 3096 1330 Ἀμώς.

454 1408 470 1439 ι
507 1386 763 1445 Subverti
784 1404 902 1456 vos,
932 1389 1075 1446 sicut
1100 1390 1372 1446 subvertit
1409 1389 1554 1447 Deus
1577 1390 1870 1447 Sodomam
1897 1397 1944 1445 et

2127 1405 2144 1437 ι
2168 1382 2528 1454 Κατέστρεψα
2554 1381 2717 1451 ὑμᾶς,
2736 1376 2917 1439 καθὼς
2943 1372 3308 1445 κατέστρεψεν
3330 1373 3360 1423 6
3379 1368 3520 1434 Θεὸς
3534 1368 3641 1421 ..ὀὶ

374 1479 757 1549 Gomorrham,
801 1490 856 1537 et
900 1481 1028 1537 facti
1056 1518 1061 1523 -
1085 1482 1221 1539 estis
1273 1483 1433 1554 quasi
1464 1485 1630 1539 torris
1656 1491 1843 1554 raptus
1882 1484 1944 1537 ah

2058 1478 2192 1546 δομα
2215 1476 2311 1530 καὶ
2330 1475 2606 1546 Γόμορρα,
2633 1471 2729 1525 καὶ
2751 1466 3002 1536 ἐγένεσθε
3024 1465 3100 1529 ὡς
3117 1463 3273 1528 δαλὸς
3294 1460 3643 1554 ἔξεσε-,ασμέι

373 1572 648 1640 incendio,
682 1580 738 1629 et
764 1589 873 1628 non
899 1573 1123 1629 redistis
1151 1575 1218 1630 ad
1255 1590 1362 1640 me,
1388 1575 1522 1631 dicit
1555 1576 1897 1635 Dominus”.
1925 1598 1943 1631 ›

2058 1586 2141 1633 νος
2161 1571 2225 1621 ὲκ
2247 1566 2438 1636 πυρὸς,
2463 1564 2558 1618 καὶ
2585 1561 2693 1615 οὐδ’
2715 1561 2791 1624 ὣς
2811 1556 3183 1629 ἐπεστρέψατε
3204 1554 3341 1626 πρὸς
3365 1551 3458 1623 μὲ,
3483 1550 3641 1618 λέγει

371 1665 439 1719 Et
466 1665 555 1721 hic
585 1665 701 1738 ipse
742 1664 1008 1722 Dominus
1034 1667 1167 1722 dicit
1226 1669 1385 1738 quasi
1429 1668 1497 1724 de
1540 1670 1684 1725 alio:
1737 1690 1755 1722 ‹
1798 1670 1944 1725 Sicut

2058 1658 2276 1730 Κύριος.
2316 1676 2333 1708 ι
2360 1657 2469 1709 Kal.
2506 1653 2694 1709 ὲνθάδε
2724 1651 2884 1715 αὐτὸς
2908 1652 2938 1703 6
2973 1646 3178 1721 Κύριός
3204 1662 3375 1738 φησιν
3395 1643 3475 1706 ὡς
3502 1642 3642 1738 περξι

372 1733 640 1813 subvertit
687 1756 832 1815 Deus
888 1757 1186 1814 Sodomam
1217 1733 1271 1816 et
1301 1759 1686 1815 Gomorrham.
1717 1783 1734 1813 ι
1785 1760 1851 1817 Ει
1892 1764 1944 1817 in

2058 1753 2244 1824 ἐτέρου
2290 1749 2369 1812 τὸ,
2403 1769 2421 1801 ι
2449 1746 2649 1812 Καθὼς
2677 1741 3046 1817 κατέστρεψεν
3069 1743 3097 1795 6
3123 1738 3257 1802 Θεὸς
3292 1736 3505 1806 Σόδομα
3539 1733 3653 1786 καὶ

370 1846 567 1904 Genesi
603 1849 814 1905 notavit
861 1850 1045 1905 divina
1095 1849 1386 1921 Scriptura
1419 1861 1710 1923 utramque
1757 1868 1944 1924 perso-

2058 1843 2323 1914 Γόμορῤα”
2358 1859 2376 1893 ι
2403 1840 2495 1894 καὶ
2540 1840 2599 1892 ὲν
2621 1839 2688 1909 τῇ
2731 1835 2951 1889 Γενέσει
2978 1833 3034 1886 δὲ
3083 1832 3383 1931 τετήρηκεν
3424 1829 3464 1931 ζὴ
3510 1825 3643 1931 ista

369 1955 495 1995 nam
521 1941 607 1998 his
654 1942 874 1998 verbis:
918 1962 938 1995 ι
978 1942 1044 1997 Et
1092 1919 1233 2014 pluit
1273 1943 1538 2001 Dominus
1566 1919 1732 2016 super
1758 1919 1944 2001 -Sodo-

2058 1934 2244 2006 Γραφὴ
2278 1934 2347 1987 τὰ
2385 1933 2479 1986 δύο
2510 1931 2780 2003 πρόσωπα
2808 1928 3055 2016 φήσασα,
3088 1942 3106 1974 ι
3141 1923 3252 1976 Καὶ
3288 1919 3479 2016 ἔϐρεξε
3513 1919 3643 2016 Κύῗ

370 2046 512 2085 mam
537 2040 591 2087 et
618 2031 979 2089 Gomorrham
1025 2009 1258 2105 sulphur
1298 2043 1353 2090 et
1377 2038 1556 2106 ignem
1578 2051 1609 2091 a
1630 2009 1863 2093 Domino
1880 2037 1944 2093 de

2058 2043 2170 2097 ριος
2220 2025 2312 2078 ἐπὶ
2352 2023 2562 2093 Σόδομα
2606 2021 2702 2076 καὶ
2741 2020 2995 2090 Γόμορρα
3038 2014 3178 2068 θεῖον
3219 2013 3313 2067 καὶ
3342 2009 3642 2110 nitoris-pf

369 2125 512 2180 caelo
546 2126 611 2181 ⁸¹.
645 2147 663 2179 ι
700 2126 780 2184 Ex
824 2128 910 2183 his
936 2102 1229 2185 manifesta
1285 2130 1344 2183 ht
1372 2102 1442 2185 de
1499 2129 1661 2186 Patre
1711 2138 1766 2187 et
1807 2129 1944 2187 Filio

2058 2121 2277 2193 Κυρίου·
2314 2138 2334 2171 ι
2371 2117 2431 2183 ἐξ
2454 2111 2529 2172 ὧν
2558 2111 2871 2184 καταφανὴς
2896 2112 2930 2181 ἡ
2972 2109 3100 2178 περί
3136 2105 3348 2178 Πατρὸς
3379 2103 3477 2157 καὶ
3497 2102 3644 2155 flat?

370 2217 757 2275 ecclesiasticae
790 2218 911 2275 ﬁdei
942 2220 1287 2276 orthodoxia.

2058 2214 2306 2286 τυγχάνει
2338 2209 2437 2282 τῆς
2467 2205 2924 2279 ὲκκλησιαστικῆς
2951 2203 3185 2264 πίστεως
3211 2195 3508 2271 ὸρθοδοξία.

694 1042 793 1115 (De
807 1042 922 1100 Joel
940 1044 1075 1099 nihil
1103 1047 1236 1102 satis
1263 1047 1653 1121 compertum.)

968 1157 1197 1214 CAPUT
1230 1158 1366 1214 XIII.

1009 1273 1095 1328 Ea:
1140 1277 1320 1331 Amos.

954 2331 1182 2389 CAPUT
1208 2332 1349 2390 XIV.

1003 2445 1088 2501 Ea:
1114 2447 1312 2504 eodem.

443 2579 461 2609 ι
498 2552 811 2631 Praeparare
862 2563 918 2616 in
971 2577 1264 2619 occursum
1324 2560 1420 2618 Dei
1475 2560 1556 2617 tui
1586 2561 1774 2617 Israel.
1807 2560 1947 2627 Quia
2044 2610 2047 2613 .

367 2666 495 2707 ecce
528 2651 774 2711 formans
819 2663 1057 2721 montes,
1093 2661 1148 2711 et
1197 2668 1396 2711 creans
1454 2664 1711 2718 ventum,
1761 2661 1816 2709 et
1849 2668 1947 2707 an-

366 2748 628 2803 nuntians
648 2748 1152 2805 hominiChristum
1181 2763 1364 2813 suum,
1393 2746 1602 2804 faciens
1621 2747 1946 2802 matutinam

367 2839 641 2908 nebulam,
669 2848 725 2897 et
752 2841 1005 2913 gradiens
1027 2856 1192 2912 super
1215 2841 1432 2896 excelsa
1458 2847 1649 2906 terrae;
1679 2837 1946 2895 Dominus

368 2932 514 2989 Deus
540 2934 890 3005 omnipotens
918 2950 1120 2991 nomen
1143 2935 1264 3005 ejus
1300 2935 1369 2990 ".
1399 2953 1420 2988 ι
1454 2932 1553 2990 His
1583 2948 1801 3004 quoque
1826 2947 1947 2989 ver-

368 3025 454 3080 bis
479 3032 664 3095 aperte
690 3026 895 3082 Christi
913 3027 981 3083 ad
1001 3026 1253 3083 homines
1273 3029 1566 3083 adventum
1585 3026 1943 3098 prophetizat.

373 3116 601 3189 Singula
635 3135 766 3175 vero
803 3119 982 3176 fusius
1026 3127 1193 3191 atque
1250 3120 1562 3176 accuratius
1606 3127 1735 3176 sunt
1763 3119 1949 3190 expla-

367 3211 544 3266 nanda
567 3226 670 3266 suo
708 3220 970 3283 tempore.

969 3325 1198 3382 CAPUT
1229 3324 1342 3383 XV.

1000 3439 1084 3494 Ea;
1119 3441 1314 3497 Abdia.

444 3570 463 3603 ι
495 3546 869 3610 VisioAbdiae.
891 3552 1019 3610 Haec
1031 3554 1166 3610 dicit
1195 3555 1461 3612 Dominus
1481 3555 1627 3612 Deus
1652 3554 1720 3610 ad
1744 3551 1943 3610 Edom:

366 3635 629 3699 Auditum
685 3644 997 3702 audivimus
1046 3661 1077 3699 a
1135 3645 1367 3702 Domino
1405 3687 1420 3712 ,
1479 3655 1535 3702 et
1588 3646 1825 3716 legatum
1877 3642 1948 3697 ad

366 3742 554 3806 gentes
569 3735 718 3791 misit
731 3736 796 3789 ⁸³.
820 3755 839 3787 ι
865 3735 1002 3792 Cum
1022 3735 1110 3791 hic
1122 3751 1340 3806 quoque
1359 3734 1619 3791 Dominus
1638 3734 1782 3791 Deus
1793 3732 1950 3789 audi-

368 3837 481 3883 tum
507 3827 764 3883 audivita
789 3827 1043 3895 Domino,
1101 3828 1249 3883 hunc
1278 3828 1459 3884 locum
1494 3827 1608 3898 jam
1634 3827 1772 3884 satis
1808 3843 1949 3883 enu-

365 3916 683 3977 eleavimus.

951 4029 1181 4089 CAPUT
1212 4032 1354 4088 XVI.

1024 4148 1110 4204 Ea:
1130 4149 1294 4207 Iona.

432 4258 688 4318 Partilem
740 4262 960 4334 proprie
1009 4260 1079 4318 de
1131 4246 1369 4318 'Christo
1428 4262 1770 4344 prophetiam
1835 4276 1947 4318 non

360 4349 672 4413 invenimus
702 4356 760 4410 in
786 4357 892 4412 hoc
911 4357 1055 4412 loco.
1105 4355 1241 4412 Cum
1274 4363 1454 4411 autem
1482 4354 1550 4409 ad
1576 4355 1943 4426 postulantem

361 4443 677 4501 avDomino
738 4447 951 4518 signum
1007 4445 1438 4518 generationem,
1470 4444 1609 4498 nihil
1636 4444 1784 4500 aliud
1822 4445 1946 4501 dix-

2570 2316 2969 2384 ΚΕΦΑΛΑΙΟΝ
3009 2313 3104 2368 IA'.

2649 2430 2759 2487 Τοῦ
2809 2428 3017 2484 αὑτοῦ.

2131 2571 2149 2603 ι
2205 2522 2525 2621 Ἐτοιμάζου
2566 2543 2945 2601 ἐπικαλεῖσθαι
2976 2542 3069 2595 τὸν
3092 2541 3225 2595 Θεόν
3261 2557 3353 2593 σου
3389 2536 3639 2608 Ἰσραήλ.

2048 2645 2214 2709 Διότι,
2270 2642 2401 2706 ἰδοὺ,
2446 2639 2678 2712 στερεῶν
2717 2635 2977 2708 βροντὴν,
3014 2633 3111 2688 καὶ
3148 2630 3348 2697 κτίζων
3390 2627 3642 2697 πνεῦμα,

2049 2739 2146 2793 καὶ
2175 2735 2533 2806 ἀπαγγέλλων
2575 2734 2655 2796 εἰς
2695 2728 3016 2802 ἀνθρώπους
3056 2727 3147 2781 τὸν
3180 2724 3414 2795 Χριστὸν
3440 2721 3641 2783 αὑτοῦ,

2051 2827 2219 2882 ποιῶν
2259 2826 2454 2899 ὄρθρον
2498 2823 2593 2879 καὶ
2639 2819 2893 2893 ὁμίχλην,
2942 2818 3039 2871 καὶ
3079 2814 3375 2870 ἐπιϐαίνων
3424 2813 3521 2866 ἐπὶ
3568 2811 3649 2864 τὰ.

2050 2919 2231 2992 ὑψηλὰ
2253 2919 2355 2990 τῆς
2384 2918 2509 2989 γῆς,
2545 2917 2749 2988 Κύριος
2777 2917 2806 2968 6
2830 2913 2962 2975 Θεὸς
2984 2912 3014 2963 6
3037 2907 3434 2979 παντοκράτωρ
3462 2906 3643 2975 ὄνομα

2049 3011 2218 3083 αὐτῷ.
2248 3030 2267 3062 ι
2297 3011 2410 3064 Καὶ
2435 3009 2522 3064 διὰ
2550 3008 2754 3063 τούτων
2782 3003 2967 3075 σαφῶς
2990 3004 3061 3057 τά
3088 3002 3190 3072 τῆς
3212 3003 3290 3064 είς
3311 2997 3642 3070 ἀνθρώπους

2049 3104 2342 3176 ἐπιδημίας
2367 3102 2462 3157 τοῦ
2495 3100 2732 3173 Χριστοῦ
2772 3095 3192 3169 προφητεύεται’
3236 3092 3329 3144 ἐπὶ
3364 3091 3565 3162 σχολῆς
3593 3090 3643 3142 δ’

1973 3191 2016 3249 C
2050 3198 2116 3253 ἂν
2148 3198 2351 3268 ἑκάστη
2380 3195 2525 3261 λέξις
2552 3191 2946 3265 ἀκριϐεστέρας
2973 3189 3128 3260 τύχοι
3159 3184 3480 3255 σαφηνείας.

2563 3305 2958 3363 ΚΕΦΑΛΑΙΟΝ
3007 3303 3109 3359 IE'.

2668 3423 2777 3477 Τοῦ
2813 3420 3061 3476 Ἀϐδίου.

2125 3564 2145 3597 ι
2178 3545 2409 3616 Ὄρασις
2465 3539 2696 3593 Ἀϐδίου·
2748 3536 2887 3589 Τάδε
2935 3533 3084 3603 λέγει
3114 3530 3320 3602 Κύριος
3345 3530 3374 3582 6
3412 3526 3546 3590 Θεὸς
3568 3526 3641 3596 τῇ

2064 3636 2357 3708 Ἰδουμαίᾳ·
2408 3631 2602 3703 Ἀκοὴν
2635 3630 2848 3701 ἥκουσα
2889 3623 3042 3695 παρὰ
3077 3621 3308 3694 Κυρίου,
3352 3618 3447 3672 καὶ
3480 3634 3645 3686 περι-

2048 3736 2181 3804 οχὴν
2217 3733 2297 3794 είς
2324 3726 2393 3782 τά
2430 3725 2557 3797 ἔθνη
2598 3720 2993 3803 ἐξαπέστειλεν.
3024 3737 3043 3769 ι
3099 3715 3253 3770 Ἐπεὶ
3277 3713 3375 3767 καὶ
3402 3710 3642 3804 ἐνταῦθα

2050 3802 2255 3894 Κύριος
2289 3822 2318 3873 6
2354 3818 2487 3881 Θεὸς
2515 3802 2693 3897 ’ἀκοὴν
2720 3815 2919 3884 ἤκουσε
2954 3806 3105 3880 παρὰ
3141 3805 3375 3878 Κυρίου,
3405 3802 3640 3865 εἰκότως

2049 3911 2510 3988 ὲσημειωσάμεθα
2530 3909 2621 3964 τὸν
2642 3907 2827 3962 τόπον.

2556 4018 2956 4078 ΚΕΦΑΛΑΙΟΝ
3000 4018 3117 4084 ις’.

2595 4135 2729 4194 Ἀπὸ
2768 4133 2877 4188 τοῦ
2917 4128 3095 4186 Ἰωνᾶ.

2119 4258 2364 4332 Μερικὴν
2408 4256 2507 4327 μὲν
2551 4253 2694 4316 ἰδίως
2724 4252 2854 4323 περὶ
2893 4245 2987 4302 τοῦ
3021 4238 3263 4316 Χριστοῦ
3292 4234 3639 4332 προφητείαν

2048 4356 2147 4427 οὐχ
2179 4327 2415 4427 εὗρομεν
2438 4352 2497 4404 ὲν
2522 4345 2601 4418 τῷ
2630 4340 2993 4415 προκειμένῳ
3027 4334 3152 4427 ἐπεὶ
3176 4332 3235 4427 δὲ
3428 4329 3531 4427 τὴν
3559 4327 3638 4380 αἱ·

2046 4417 2361 4495 τοδσαντδν
2391 4417 2622 4506 Σωτῆρα
2664 4432 2889 4504 σημεῖον
2929 4422 3124 4496 γενεάν
3148 4422 3251 4476 οὐκ
3276 4419 3406 4474 ἄλλο
3429 4417 3639 4488 ἔφησεν

362 4539 406 4591 it
442 4536 684 4593 dandum
731 4508 874 4601 esse,
922 4508 1038 4592 nisi
1088 4534 1241 4591 Jonaa
1283 4508 1559 4606 prophetae
1581 4534 1820 4605 signum,
1851 4536 1944 4591 ad-

2058 4532 2185 4601 πιύτῇ
2225 4524 2545 4598 δοθήσεσθαι
2583 4522 2619 4593 ἦ
2655 4520 2717 4575 τὸ
2754 4520 2977 4606 σημεῖον
3019 4510 3297 4606 ’Ῑωνᾶτού
3326 4508 3635 4606 «pugnem-1.

357 4629 591 4701 jiciens:
627 4648 645 4680 ι
672 4628 826 4685 Sicut
845 4629 995 4684 enim
1008 4627 1297 4686 fuitJona‘s
1350 4631 1406 4686 in
1420 4641 1608 4687 ventre
1632 4631 1741 4687 ceti
1765 4630 1941 4687 tribus

359 4720 560 4776 diebus
604 4728 660 4776 et
690 4721 867 4776 tribus
921 4721 1199 4787 noctibus,
1240 4721 1321 4778 sic
1365 4721 1469 4777 erit
1499 4719 1673 4779 Filius
1704 4722 1942 4778 hominis

361 4813 416 4867 in
440 4812 605 4869 corde
636 4819 800 4867 terrae
830 4811 1006 4869 tribus
1028 4812 1221 4869 diebus
1248 4822 1302 4867 et
1333 4813 1513 4869 tribus
1538 4813 1791 4870 noctibus
1808 4812 1889 4878 l";
1917 4833 1935 4865 ι

362 4896 444 4960 sic
486 4911 542 4959 et
579 4917 679 4958 nos
711 4919 812 4974 pro
859 4903 1189 4959 necessitate
1239 4903 1382 4958 hanc
1420 4919 1641 4974 quoque
1674 4904 1731 4959 in
1783 4904 1939 4961 testi-

363 4998 565 5054 moniis
592 4997 660 5053 de
682 4996 902 5054 Christo
934 4997 1276 5068 prophetiam
1302 4995 1687 5053 indicavimus.

930 5192 1160 5249 CAPUT
1185 5193 1349 5251 XVII.

959 5307 1045 5364 Ea:
1090 5308 1334 5366 Michaza.

442 5441 462 5475 ε
494 5420 631 5488 Quia
664 5436 793 5477 ecce
831 5422 1097 5480 Dominus
1128 5426 1439 5497 egredietur
1464 5426 1533 5483 de
1558 5426 1680 5482 loco
1713 5441 1844 5483 suo:
1886 5434 1941 5482 et

360 5514 675 5581 descendet,
692 5526 744 5571 et
766 5516 1000 5573 calcabit
1024 5532 1189 5587 super
1208 5520 1424 5576 excelsa
1452 5525 1632 5588 terrae,
1665 5527 1720 5575 et
1744 5535 1945 5576 consu-

366 5612 585 5663 tneutur
612 5615 829 5664 montes
884 5611 1081 5667 subtus
1113 5626 1239 5667 eum
1271 5631 1283 5670 :
1333 5621 1387 5671 et
1419 5614 1589 5671 valles
1625 5613 1944 5670 scindentur

428 5780 474 5815 δ’
507 5782 694 5839 Matth.
736 5800 763 5838 x
789 5824 803 5852 ,
838 5785 889 5840 5.
968 5788 1011 5821 ⁸ο
1030 5790 1196 5846 Amos
1230 5805 1303 5855 ιν,
1340 5790 1425 5845 ii.
1505 5791 1548 5825 ⁵²
1577 5791 1706 5847 Gen.
1747 5806 1857 5857 vix,
1890 5788 1944 5845 24

2060 5785 2289 5846 “Amos
2336 5801 2409 5852 ιν,
2448 5782 2628 5853 HAS.

2050 4597 2347 4691 ἐπαγαγὼν
2380 4618 2462 4683 τὸ,
2500 4635 2521 4668 ι
2557 4615 2771 4684 ’Ὠσπερ
2795 4610 2903 4681 γὰρ
2927 4603 2997 4681 ἦν
3039 4605 3223 4668 Ἰωνᾶς
3259 4604 3320 4656 ὲν
3350 4603 3421 4673 τῇ
3453 4597 3640 4669 κοιλίᾳ.

2048 4714 2142 4769 τοῦ
2174 4715 2374 4786 κήτους
2413 4711 2564 4783 τρεῖς
2595 4705 2813 4778 ἡμέρας
2858 4702 2952 4756 καὶ
2991 4700 3141 4773 τρεῖς
3188 4696 3411 4759 νύκτας,
3442 4690 3638 4786 οὕτως

2049 4808 2203 4862 ἔσται
2234 4783 2331 4859 καὶ
2357 4806 2386 4858 6
2411 4802 2541 4865 Υἱὸς
2558 4797 2653 4852 τοῦ
2687 4793 2975 4868 ἀνθρώπου
3010 4796 3068 4846 ὲν
3086 4792 3154 4862 τῇ
3181 4786 3380 4861 καρδίᾳ⁵
3404 4784 3509 4855 τῆς
3526 4783 3637 4853 γῆς

2045 4902 2199 4972 τρεῖς
2234 4894 2454 4970 ἡμέρας
2500 4893 2596 4947 καὶ
2622 4892 2773 4964 τρεῖς
2806 4886 3024 4950 νύκτας·
3057 4905 3077 4938 ι
3121 4882 3315 4937 τούτου
3358 4878 3426 4972 δὴ
3471 4876 3637 4948 χάριν

2045 4969 2361 5062 ἀναγκαίως
2392 4987 2488 5042 καὶ
2514 4984 2718 5055 ταύτην
2752 4983 2810 5036 ὲν
2841 4981 2957 5043 ταῖς
2988 4977 3118 5049 περὶ
3148 4969 3389 5032 Χριστοῦ
3418 4985 3634 5041 μαρτυ-

2058 5086 2197 5157 ρίαις
2221 5076 2678 5155 ἐσημειωσάμεθα
2718 5073 2817 5146 τὴν
2848 5071 3092 5144 Γραφήν.

2561 5184 2958 5245 ΚΕΦΑΛΑΙΟΝ
3007 5182 3107 5236 IZ'.

2366 5306 2439 5377 (Γ.
2472 5304 2543 5361 50
2569 5301 2656 5374 v°)
2700 5298 2836 5355 Ἀπὸ
2880 5295 2988 5352 τοῦ
3018 5292 3295 5363 Μειχαία.

2125 5446 2143 5477 ί
2187 5424 2352 5486 Διότι,
2401 5421 2532 5484 ἰδοὺ,
2573 5415 2780 5486 Κύριος
2798 5412 3005 5484 Κύριος
3037 5404 3403 5480 ἐκπορεύεται
3436 5405 3502 5457 ἐκ
3534 5399 3627 5454 τοῦ

2046 5521 2218 5573 τόπου
2262 5514 2450 5579 αὐτοῦ,
2494 5513 2589 5567 καὶ
2618 5508 3009 5580 καταϐήσεται,
3039 5502 3135 5558 καὶ
3167 5498 3495 5570 ἐπιϐήσεται
3540 5494 3632 5547 ἐπὶ

2047 5610 2115 5663 τὰ
2145 5609 2253 5681 ὕψη
2291 5608 2391 5678 τῆς
2424 5607 2546 5676 γῆς,
2578 5605 2673 5659 καὶ
2699 5599 3090 5670 σαλευθήσεται
3112 5593 3181 5648 τὰ
3208 5592 3312 5663 ὄρη
3345 5589 3632 5644 ὑποκάτω-

2708 5781 2904 5839 ”Abd.
2941 5796 2980 5851 ι,
3015 5780 3066 5837 1.
3143 5778 3187 5811 ’τ
3206 5773 3397 5831 Matth.
3422 5789 3517 5831 xu.
3542 5772 3625 5828 50.
