  <div class='ocr_page' id='page_1' title='image "/cluster/home/n/w/nwhite01/storage/ocr_20150623/22/nnc1.0046978372/626.png"; bbox 0 0 3856 6226; ppageno 0'>
   <div class='ocr_carea' id='block_1_1' title="bbox 259 353 392 410">
    <p class='ocr_par' dir='ltr' id='par_1_1' title="bbox 259 353 392 410">
     <span class='ocr_line' id='line_1_1' title="bbox 259 353 392 410; baseline 0 -2"><span class='ocrx_word' id='word_1_1' title='bbox 259 353 392 410; x_wconf 73' lang='lat' dir='ltr'><strong>NH</strong></span> 
     </span>
    </p>
   </div>
   <div class='ocr_carea' id='block_1_2' title="bbox 1288 351 2471 410">
    <p class='ocr_par' dir='ltr' id='par_1_2' title="bbox 1288 351 2471 410">
     <span class='ocr_line' id='line_1_2' title="bbox 1288 351 2471 410; baseline 0 -2"><span class='ocrx_word' id='word_1_2' title='bbox 1288 353 1584 410; x_wconf 56' lang='lat' dir='ltr'><strong>ECLOGA:</strong></span> <span class='ocrx_word' id='word_1_3' title='bbox 1624 351 2340 410; x_wconf 67' lang='lat' dir='ltr'><strong>PROPHETICIE.—LIB.</strong></span> <span class='ocrx_word' id='word_1_4' title='bbox 2384 353 2471 408; x_wconf 68' lang='lat' dir='ltr'><strong>Ill.</strong></span> 
     </span>
    </p>
   </div>
   <div class='ocr_carea' id='block_1_3' title="bbox 3395 357 3530 409">
    <p class='ocr_par' dir='ltr' id='par_1_3' title="bbox 3395 357 3530 409">
     <span class='ocr_line' id='line_1_3' title="bbox 3395 357 3530 409; baseline 0.007 -1"><span class='ocrx_word' id='word_1_5' title='bbox 3395 357 3530 409; x_wconf 63' lang='lat' dir='ltr'><strong>me</strong></span> 
     </span>
    </p>
   </div>
   <div class='ocr_carea' id='block_1_4' title="bbox 259 471 1842 550">
    <p class='ocr_par' dir='ltr' id='par_1_4' title="bbox 259 471 1842 550">
     <span class='ocr_line' id='line_1_4' title="bbox 259 471 1842 550; baseline 0.006 -27"><span class='ocrx_word' id='word_1_6' title='bbox 259 473 352 524; x_wconf 82' lang='grc' dir='ltr'>Θεν</span> <span class='ocrx_word' id='word_1_7' title='bbox 386 471 571 534; x_wconf 81' lang='grc' dir='ltr'>αὑτοῦ,</span> <span class='ocrx_word' id='word_1_8' title='bbox 607 472 701 526; x_wconf 76' lang='grc' dir='ltr'><strong>καὶ</strong></span> <span class='ocrx_word' id='word_1_9' title='bbox 734 475 787 526; x_wconf 86' lang='grc' dir='ltr'>αἱ</span> <span class='ocrx_word' id='word_1_10' title='bbox 815 473 1055 537; x_wconf 73' lang='grc' dir='ltr'>κοιλάδες</span> <span class='ocrx_word' id='word_1_11' title='bbox 1079 475 1406 545; x_wconf 75' lang='grc' dir='ltr'>τακήσονται</span> <span class='ocrx_word' id='word_1_12' title='bbox 1439 477 1514 539; x_wconf 81' lang='grc' dir='ltr'>ὡς</span> <span class='ocrx_word' id='word_1_13' title='bbox 1541 479 1711 550; x_wconf 73' lang='grc' dir='ltr'>κηρὸς</span> <span class='ocrx_word' id='word_1_14' title='bbox 1742 481 1842 532; x_wconf 68' lang='grc' dir='ltr'><strong>ἀπὸ</strong></span> 
     </span>
    </p>
   </div>
   <div class='ocr_carea' id='block_1_5' title="bbox 1947 471 3528 550">
    <p class='ocr_par' dir='ltr' id='par_1_5' title="bbox 1953 475 3528 548">
     <span class='ocr_line' id='line_1_5' title="bbox 1953 475 3528 548; baseline -0.003 -14"><span class='ocrx_word' id='word_1_15' title='bbox 1953 479 2098 534; x_wconf 83' lang='lat' dir='ltr'><strong>sicut</strong></span> <span class='ocrx_word' id='word_1_16' title='bbox 2140 491 2328 534; x_wconf 86' lang='lat' dir='ltr'><strong>cera-a</strong></span> <span class='ocrx_word' id='word_1_17' title='bbox 2363 477 2503 532; x_wconf 81' lang='lat' dir='ltr'><strong>faeie</strong></span> <span class='ocrx_word' id='word_1_18' title='bbox 2559 477 2702 548; x_wconf 84' lang='lat' dir='ltr'><strong>ignis</strong></span> <span class='ocrx_word' id='word_1_19' title='bbox 2732 479 2799 533; x_wconf 85' lang='grc'><strong>⁵⁸.</strong></span> <span class='ocrx_word' id='word_1_20' title='bbox 2835 496 2853 528; x_wconf 73' lang='grc' dir='ltr'><strong>ι</strong></span> <span class='ocrx_word' id='word_1_21' title='bbox 2909 475 2987 531; x_wconf 79' lang='lat' dir='ltr'><strong>De</strong></span> <span class='ocrx_word' id='word_1_22' title='bbox 3030 476 3273 531; x_wconf 81' lang='lat' dir='ltr'><strong>secunda</strong></span> <span class='ocrx_word' id='word_1_23' title='bbox 3324 476 3528 532; x_wconf 83' lang='lat' dir='ltr'><strong>Christi</strong></span> 
     </span>
    </p>
   </div>
   <div class='ocr_carea' id='block_1_6' title="bbox 259 565 1848 642">
    <p class='ocr_par' dir='ltr' id='par_1_6' title="bbox 259 565 1848 642">
     <span class='ocr_line' id='line_1_6' title="bbox 259 565 1848 642; baseline 0.006 -27"><span class='ocrx_word' id='word_1_24' title='bbox 259 565 554 636; x_wconf 75' lang='grc' dir='ltr'><strong>προσώπου</strong></span> <span class='ocrx_word' id='word_1_25' title='bbox 595 567 784 634; x_wconf 89' lang='grc' dir='ltr'>πυρός.</span> <span class='ocrx_word' id='word_1_26' title='bbox 825 586 842 618; x_wconf 71' lang='grc' dir='ltr'><strong>ι</strong></span> <span class='ocrx_word' id='word_1_27' title='bbox 881 567 1016 637; x_wconf 79' lang='grc' dir='ltr'>Περὶ</span> <span class='ocrx_word' id='word_1_28' title='bbox 1048 568 1147 636; x_wconf 80' lang='grc' dir='ltr'>τῆς</span> <span class='ocrx_word' id='word_1_29' title='bbox 1191 567 1449 639; x_wconf 85' lang='grc' dir='ltr'>δευτέρα-ς</span> <span class='ocrx_word' id='word_1_30' title='bbox 1491 570 1580 622; x_wconf 86' lang='grc' dir='ltr'><strong>τοῦ</strong></span> <span class='ocrx_word' id='word_1_31' title='bbox 1615 571 1848 642; x_wconf 76' lang='grc' dir='ltr'><strong>Χριστοῦ</strong></span> 
     </span>
    </p>
   </div>
   <div class='ocr_carea' id='block_1_7' title="bbox 258 656 1473 730">
    <p class='ocr_par' dir='ltr' id='par_1_7' title="bbox 258 656 1473 730">
     <span class='ocr_line' id='line_1_7' title="bbox 258 656 1473 730; baseline 0.004 -23"><span class='ocrx_word' id='word_1_32' title='bbox 258 656 563 727; x_wconf 76' lang='grc' dir='ltr'><strong>παρουσίας</strong></span> <span class='ocrx_word' id='word_1_33' title='bbox 599 657 770 710; x_wconf 86' lang='grc' dir='ltr'>ταῦτα</span> <span class='ocrx_word' id='word_1_34' title='bbox 796 656 1048 726; x_wconf 84' lang='grc' dir='ltr'>λέγεσθαι</span> <span class='ocrx_word' id='word_1_35' title='bbox 1077 657 1473 730; x_wconf 80' lang='grc' dir='ltr'><strong>ὑπειλήφαμεν.</strong></span> 
     </span>
    </p>
   </div>
   <div class='ocr_carea' id='block_1_8' title="bbox 782 771 1332 826">
    <p class='ocr_par' dir='ltr' id='par_1_8' title="bbox 782 771 1332 826">
     <span class='ocr_line' id='line_1_8' title="bbox 782 771 1332 826; baseline 0.004 -2"><span class='ocrx_word' id='word_1_36' title='bbox 782 771 1180 825; x_wconf 80' lang='grc' dir='ltr'><strong>ΚΕΦΑΛΛΙΟΝ</strong></span> <span class='ocrx_word' id='word_1_37' title='bbox 1224 771 1332 826; x_wconf 85' lang='lat' dir='ltr'><strong>IH&#39;.</strong></span> 
     </span>
    </p>
   </div>
   <div class='ocr_carea' id='block_1_9' title="bbox 879 885 1231 940">
    <p class='ocr_par' dir='ltr' id='par_1_9' title="bbox 879 885 1231 940">
     <span class='ocr_line' id='line_1_9' title="bbox 879 885 1231 940; baseline 0.006 -3"><span class='ocrx_word' id='word_1_38' title='bbox 879 885 986 938; x_wconf 81' lang='grc' dir='ltr'>Τοῦ</span> <span class='ocrx_word' id='word_1_39' title='bbox 1023 886 1231 940; x_wconf 79' lang='grc' dir='ltr'>αὐτοῦ.</span> 
     </span>
    </p>
   </div>
   <div class='ocr_carea' id='block_1_10' title="bbox 338 999 1846 1073">
    <p class='ocr_par' dir='ltr' id='par_1_10' title="bbox 338 999 1846 1073">
     <span class='ocr_line' id='line_1_10' title="bbox 338 999 1846 1073; baseline 0.003 -21"><span class='ocrx_word' id='word_1_40' title='bbox 338 1019 356 1052; x_wconf 79' lang='grc' dir='ltr'><strong>ι</strong></span> <span class='ocrx_word' id='word_1_41' title='bbox 406 999 696 1054; x_wconf 83' lang='grc' dir='ltr'>Ἀκούσατε</span> <span class='ocrx_word' id='word_1_42' title='bbox 724 1000 787 1072; x_wconf 78' lang='grc' dir='ltr'>δὴ</span> <span class='ocrx_word' id='word_1_43' title='bbox 817 1001 1009 1069; x_wconf 84' lang='grc' dir='ltr'>ταῦτα,</span> <span class='ocrx_word' id='word_1_44' title='bbox 1032 1003 1083 1054; x_wconf 88' lang='grc' dir='ltr'>οί</span> <span class='ocrx_word' id='word_1_45' title='bbox 1111 1002 1424 1073; x_wconf 77' lang='grc' dir='ltr'>ἡγούμενοι,</span> <span class='ocrx_word' id='word_1_46' title='bbox 1446 1005 1594 1057; x_wconf 81' lang='grc' dir='ltr'>οῐκου</span> <span class='ocrx_word' id='word_1_47' title='bbox 1630 1004 1846 1067; x_wconf 78' lang='grc' dir='ltr'>Ἰακὼϐ,</span> 
     </span>
    </p>
   </div>
   <div class='ocr_carea' id='block_1_11' title="bbox 255 1092 1847 1167">
    <p class='ocr_par' dir='ltr' id='par_1_11' title="bbox 255 1092 1847 1167">
     <span class='ocr_line' id='line_1_11' title="bbox 255 1092 1847 1167; baseline 0.003 -21"><span class='ocrx_word' id='word_1_48' title='bbox 255 1094 355 1147; x_wconf 73' lang='grc' dir='ltr'><strong>καὶ</strong></span> <span class='ocrx_word' id='word_1_49' title='bbox 395 1095 444 1146; x_wconf 75' lang='lat' dir='ltr'><strong>oi</strong></span> <span class='ocrx_word' id='word_1_50' title='bbox 487 1092 995 1164; x_wconf 57' lang='lat' dir='ltr'><strong>xa&#39;tdlomoroi&#39;xou</strong></span> <span class='ocrx_word' id='word_1_51' title='bbox 1047 1095 1294 1166; x_wconf 80' lang='grc' dir='ltr'>Ἰσραὴλ,</span> <span class='ocrx_word' id='word_1_52' title='bbox 1337 1097 1385 1148; x_wconf 80' lang='grc' dir='ltr'><strong>οἱ</strong></span> <span class='ocrx_word' id='word_1_53' title='bbox 1435 1095 1847 1167; x_wconf 82' lang='grc' dir='ltr'>βδελυσσόμενοι</span> 
     </span>
    </p>
   </div>
   <div class='ocr_carea' id='block_1_12' title="bbox 256 1185 1849 1258">
    <p class='ocr_par' dir='ltr' id='par_1_12' title="bbox 256 1185 1849 1258">
     <span class='ocr_line' id='line_1_12' title="bbox 256 1185 1849 1258; baseline 0.003 -21"><span class='ocrx_word' id='word_1_54' title='bbox 256 1188 457 1257; x_wconf 86' lang='grc' dir='ltr'>κρῖμα,</span> <span class='ocrx_word' id='word_1_55' title='bbox 492 1185 585 1238; x_wconf 80' lang='grc' dir='ltr'>καὶ</span> <span class='ocrx_word' id='word_1_56' title='bbox 620 1185 801 1240; x_wconf 88' lang='grc' dir='ltr'>πάντα</span> <span class='ocrx_word' id='word_1_57' title='bbox 828 1187 897 1240; x_wconf 81' lang='grc' dir='ltr'>τὰ</span> <span class='ocrx_word' id='word_1_58' title='bbox 935 1185 1071 1258; x_wconf 88' lang='grc' dir='ltr'><strong>όρθά</strong></span> <span class='ocrx_word' id='word_1_59' title='bbox 1097 1186 1534 1258; x_wconf 77' lang='grc' dir='ltr'><strong>διαστρέφοντες,</strong></span> <span class='ocrx_word' id='word_1_60' title='bbox 1565 1189 1612 1241; x_wconf 71' lang='lat' dir='ltr'><strong>ot</strong></span> <span class='ocrx_word' id='word_1_61' title='bbox 1648 1189 1849 1242; x_wconf 80' lang='grc' dir='ltr'>οἰκοδο-</span> 
     </span>
    </p>
   </div>
   <div class='ocr_carea' id='block_1_13' title="bbox 257 1276 1842 1351">
    <p class='ocr_par' dir='ltr' id='par_1_13' title="bbox 257 1276 1842 1351">
     <span class='ocr_line' id='line_1_13' title="bbox 257 1276 1842 1351; baseline 0.002 -21"><span class='ocrx_word' id='word_1_62' title='bbox 257 1276 492 1346; x_wconf 87' lang='grc' dir='ltr'>μοῦντες</span> <span class='ocrx_word' id='word_1_63' title='bbox 511 1276 650 1330; x_wconf 90' lang='grc' dir='ltr'>Σιὼν</span> <span class='ocrx_word' id='word_1_64' title='bbox 672 1280 732 1330; x_wconf 86' lang='grc' dir='ltr'><strong>ἐν</strong></span> <span class='ocrx_word' id='word_1_65' title='bbox 747 1278 992 1350; x_wconf 76' lang='grc' dir='ltr'>αἶμασιν,</span> <span class='ocrx_word' id='word_1_66' title='bbox 1012 1278 1100 1332; x_wconf 69' lang='grc' dir='ltr'>καὶ</span> <span class='ocrx_word' id='word_1_67' title='bbox 1133 1279 1556 1351; x_wconf 81' lang='grc' dir='ltr'>’ῐερουσαλὴμέν</span> <span class='ocrx_word' id='word_1_68' title='bbox 1586 1281 1842 1346; x_wconf 77' lang='grc' dir='ltr'><strong>ἀδικίαις,</strong></span> 
     </span>
    </p>
   </div>
   <div class='ocr_carea' id='block_1_14' title="bbox 261 1369 1846 1444">
    <p class='ocr_par' dir='ltr' id='par_1_14' title="bbox 261 1369 1846 1444">
     <span class='ocr_line' id='line_1_14' title="bbox 261 1369 1846 1444; baseline 0.003 -22"><span class='ocrx_word' id='word_1_69' title='bbox 261 1372 312 1423; x_wconf 82' lang='grc' dir='ltr'><strong>οἱ</strong></span> <span class='ocrx_word' id='word_1_70' title='bbox 332 1369 622 1441; x_wconf 75' lang='grc' dir='ltr'>ἡγούμενοι</span> <span class='ocrx_word' id='word_1_71' title='bbox 654 1371 825 1440; x_wconf 84' lang='grc' dir='ltr'>αὐτῆς</span> <span class='ocrx_word' id='word_1_72' title='bbox 861 1371 998 1441; x_wconf 85' lang='grc' dir='ltr'><strong>μετά</strong></span> <span class='ocrx_word' id='word_1_73' title='bbox 1025 1369 1211 1442; x_wconf 85' lang='grc' dir='ltr'>δώρων</span> <span class='ocrx_word' id='word_1_74' title='bbox 1230 1370 1460 1442; x_wconf 76' lang='grc' dir='ltr'><strong>ἔκρινον,</strong></span> <span class='ocrx_word' id='word_1_75' title='bbox 1481 1373 1574 1426; x_wconf 78' lang='grc' dir='ltr'><strong>καὶ</strong></span> <span class='ocrx_word' id='word_1_76' title='bbox 1601 1375 1648 1425; x_wconf 74' lang='lat' dir='ltr'><strong>ot</strong></span> <span class='ocrx_word' id='word_1_77' title='bbox 1683 1376 1846 1444; x_wconf 85' lang='grc' dir='ltr'><strong>ἱερεῖς</strong></span> 
     </span>
    </p>
   </div>
   <div class='ocr_carea' id='block_1_15' title="bbox 252 1456 1846 1536">
    <p class='ocr_par' dir='ltr' id='par_1_15' title="bbox 252 1456 1846 1536">
     <span class='ocr_line' id='line_1_15' title="bbox 252 1456 1846 1536; baseline 0.002 -22"><span class='ocrx_word' id='word_1_78' title='bbox 252 1461 430 1532; x_wconf 75' lang='grc' dir='ltr'>αὐτῆς</span> <span class='ocrx_word' id='word_1_79' title='bbox 471 1456 610 1532; x_wconf 82' lang='grc' dir='ltr'>μετὰ</span> <span class='ocrx_word' id='word_1_80' title='bbox 667 1461 860 1533; x_wconf 81' lang='grc' dir='ltr'>μισθοῦ</span> <span class='ocrx_word' id='word_1_81' title='bbox 915 1463 1293 1534; x_wconf 79' lang='grc' dir='ltr'>ἀπεκρίνοντο.</span> <span class='ocrx_word' id='word_1_82' title='bbox 1333 1466 1426 1517; x_wconf 77' lang='grc' dir='ltr'><strong>καὶ</strong></span> <span class='ocrx_word' id='word_1_83' title='bbox 1476 1465 1523 1516; x_wconf 88' lang='grc' dir='ltr'><strong>οἱ</strong></span> <span class='ocrx_word' id='word_1_84' title='bbox 1574 1467 1846 1536; x_wconf 84' lang='grc' dir='ltr'>προφῆται</span> 
     </span>
    </p>
   </div>
   <div class='ocr_carea' id='block_1_16' title="bbox 251 1553 1847 1627">
    <p class='ocr_par' dir='ltr' id='par_1_16' title="bbox 251 1553 1847 1627">
     <span class='ocr_line' id='line_1_16' title="bbox 251 1553 1847 1627; baseline 0.003 -20"><span class='ocrx_word' id='word_1_85' title='bbox 251 1554 430 1624; x_wconf 79' lang='grc' dir='ltr'>αὐτῆς</span> <span class='ocrx_word' id='word_1_86' title='bbox 460 1553 600 1625; x_wconf 88' lang='grc' dir='ltr'><strong>μετά</strong></span> <span class='ocrx_word' id='word_1_87' title='bbox 629 1555 893 1627; x_wconf 83' lang='grc' dir='ltr'>ἀργυρίου</span> <span class='ocrx_word' id='word_1_88' title='bbox 919 1555 1301 1626; x_wconf 89' lang='grc' dir='ltr'>ἐμαντεύοντο,</span> <span class='ocrx_word' id='word_1_89' title='bbox 1339 1559 1436 1610; x_wconf 74' lang='grc' dir='ltr'><strong>καὶ</strong></span> <span class='ocrx_word' id='word_1_90' title='bbox 1479 1558 1572 1611; x_wconf 76' lang='grc' dir='ltr'><strong>ἐπὶ</strong></span> <span class='ocrx_word' id='word_1_91' title='bbox 1610 1559 1699 1611; x_wconf 86' lang='grc' dir='ltr'><strong>τὸν</strong></span> <span class='ocrx_word' id='word_1_92' title='bbox 1733 1559 1847 1612; x_wconf 86' lang='grc' dir='ltr'><strong>Κύ-</strong></span> 
     </span>
    </p>
   </div>
   <div class='ocr_carea' id='block_1_17' title="bbox 255 1645 1844 1720">
    <p class='ocr_par' dir='ltr' id='par_1_17' title="bbox 255 1645 1844 1720">
     <span class='ocr_line' id='line_1_17' title="bbox 255 1645 1844 1720; baseline 0.003 -22"><span class='ocrx_word' id='word_1_93' title='bbox 255 1663 375 1718; x_wconf 87' lang='grc' dir='ltr'>ριον</span> <span class='ocrx_word' id='word_1_94' title='bbox 415 1646 841 1712; x_wconf 87' lang='grc' dir='ltr'>ἐπανεπαύοντο,</span> <span class='ocrx_word' id='word_1_95' title='bbox 883 1645 1150 1715; x_wconf 85' lang='grc' dir='ltr'>λέγοντες·</span> <span class='ocrx_word' id='word_1_96' title='bbox 1195 1649 1329 1718; x_wconf 63' lang='lat' dir='ltr'><strong>Duxi.</strong></span> <span class='ocrx_word' id='word_1_97' title='bbox 1377 1647 1583 1719; x_wconf 89' lang='grc' dir='ltr'>Κύριος</span> <span class='ocrx_word' id='word_1_98' title='bbox 1619 1651 1678 1702; x_wconf 79' lang='grc' dir='ltr'><strong>ἐν</strong></span> <span class='ocrx_word' id='word_1_99' title='bbox 1713 1651 1844 1720; x_wconf 84' lang='grc' dir='ltr'>ἡμῖν</span> 
     </span>
    </p>
   </div>
   <div class='ocr_carea' id='block_1_18' title="bbox 251 1737 1842 1814">
    <p class='ocr_par' dir='ltr' id='par_1_18' title="bbox 251 1737 1842 1814">
     <span class='ocr_line' id='line_1_18' title="bbox 251 1737 1842 1814; baseline 0.003 -25"><span class='ocrx_word' id='word_1_100' title='bbox 251 1739 438 1814; x_wconf 84' lang='grc' dir='ltr'>ἐστιν;</span> <span class='ocrx_word' id='word_1_101' title='bbox 481 1738 544 1792; x_wconf 86' lang='grc' dir='ltr'><strong>ού</strong></span> <span class='ocrx_word' id='word_1_102' title='bbox 592 1739 667 1810; x_wconf 86' lang='grc' dir='ltr'>μὴ</span> <span class='ocrx_word' id='word_1_103' title='bbox 713 1737 917 1812; x_wconf 80' lang='grc' dir='ltr'>ἐπέλθῃ</span> <span class='ocrx_word' id='word_1_104' title='bbox 958 1740 1045 1808; x_wconf 86' lang='grc' dir='ltr'>ἐφ’</span> <span class='ocrx_word' id='word_1_105' title='bbox 1091 1741 1237 1810; x_wconf 74' lang='grc' dir='ltr'>ἡμᾶς</span> <span class='ocrx_word' id='word_1_106' title='bbox 1281 1741 1444 1794; x_wconf 84' lang='grc' dir='ltr'>κακά·</span> <span class='ocrx_word' id='word_1_107' title='bbox 1479 1740 1564 1794; x_wconf 83' lang='grc' dir='ltr'>διὰ</span> <span class='ocrx_word' id='word_1_108' title='bbox 1597 1740 1754 1794; x_wconf 88' lang='grc' dir='ltr'>τοῦτο</span> <span class='ocrx_word' id='word_1_109' title='bbox 1775 1742 1842 1794; x_wconf 88' lang='grc' dir='ltr'>δι’</span> 
     </span>
    </p>
   </div>
   <div class='ocr_carea' id='block_1_19' title="bbox 1959 567 3174 625">
    <p class='ocr_par' dir='ltr' id='par_1_19' title="bbox 1959 567 3174 625">
     <span class='ocr_line' id='line_1_19' title="bbox 1959 567 3174 625; baseline -0.002 -2"><span class='ocrx_word' id='word_1_110' title='bbox 1959 569 2404 625; x_wconf 82' lang='lat' dir='ltr'><strong>manifestatione</strong></span> <span class='ocrx_word' id='word_1_111' title='bbox 2428 570 2543 624; x_wconf 78' lang='lat' dir='ltr'><strong>haec</strong></span> <span class='ocrx_word' id='word_1_112' title='bbox 2587 567 2694 623; x_wconf 89' lang='lat' dir='ltr'><strong>dici</strong></span> <span class='ocrx_word' id='word_1_113' title='bbox 2725 567 3174 624; x_wconf 77' lang='lat' dir='ltr'><strong>existimavimus.</strong></span> 
     </span>
    </p>
   </div>
   <div class='ocr_carea' id='block_1_20' title="bbox 2506 769 2975 825">
    <p class='ocr_par' dir='ltr' id='par_1_20' title="bbox 2506 769 2975 825">
     <span class='ocr_line' id='line_1_20' title="bbox 2506 769 2975 825; baseline 0.002 -1"><span class='ocrx_word' id='word_1_114' title='bbox 2506 769 2736 825; x_wconf 80' lang='lat' dir='ltr'><strong>CAPUT</strong></span> <span class='ocrx_word' id='word_1_115' title='bbox 2787 769 2975 825; x_wconf 71' lang='lat' dir='ltr'><strong>XVIII.</strong></span> 
     </span>
    </p>
   </div>
   <div class='ocr_carea' id='block_1_21' title="bbox 2584 880 2900 938">
    <p class='ocr_par' dir='ltr' id='par_1_21' title="bbox 2584 880 2900 938">
     <span class='ocr_line' id='line_1_21' title="bbox 2584 880 2900 938; baseline 0.009 -3"><span class='ocrx_word' id='word_1_116' title='bbox 2584 880 2668 935; x_wconf 78' lang='lat' dir='ltr'><strong>Ea:</strong></span> <span class='ocrx_word' id='word_1_117' title='bbox 2699 888 2900 938; x_wconf 83' lang='lat' dir='ltr'><strong>eodem.</strong></span> 
     </span>
    </p>
   </div>
   <div class='ocr_carea' id='block_1_22' title="bbox 2028 993 3530 1066">
    <p class='ocr_par' dir='ltr' id='par_1_22' title="bbox 2028 993 3530 1066">
     <span class='ocr_line' id='line_1_22' title="bbox 2028 993 3530 1066; baseline 0.001 -19"><span class='ocrx_word' id='word_1_118' title='bbox 2028 1015 2045 1047; x_wconf 77' lang='grc' dir='ltr'><strong>ι</strong></span> <span class='ocrx_word' id='word_1_119' title='bbox 2071 995 2267 1052; x_wconf 77' lang='lat' dir='ltr'><strong>Audite</strong></span> <span class='ocrx_word' id='word_1_120' title='bbox 2301 995 2429 1059; x_wconf 88' lang='lat' dir='ltr'><strong>hoc,</strong></span> <span class='ocrx_word' id='word_1_121' title='bbox 2461 996 2736 1066; x_wconf 74' lang='lat' dir='ltr'><strong>princnpes</strong></span> <span class='ocrx_word' id='word_1_122' title='bbox 2783 996 2979 1051; x_wconf 84' lang='lat' dir='ltr'><strong>domus</strong></span> <span class='ocrx_word' id='word_1_123' title='bbox 3005 994 3206 1058; x_wconf 87' lang='lat' dir='ltr'><strong>Jacob,</strong></span> <span class='ocrx_word' id='word_1_124' title='bbox 3239 1005 3291 1050; x_wconf 90' lang='lat' dir='ltr'><strong>et</strong></span> <span class='ocrx_word' id='word_1_125' title='bbox 3315 993 3530 1063; x_wconf 85' lang='lat' dir='ltr'><strong>judices</strong></span> 
     </span>
    </p>
   </div>
   <div class='ocr_carea' id='block_1_23' title="bbox 1949 1085 3529 1157">
    <p class='ocr_par' dir='ltr' id='par_1_23' title="bbox 1949 1085 3529 1157">
     <span class='ocr_line' id='line_1_23' title="bbox 1949 1085 3529 1157; baseline -0.003 -15"><span class='ocrx_word' id='word_1_126' title='bbox 1949 1089 2144 1142; x_wconf 91' lang='lat' dir='ltr'><strong>domus</strong></span> <span class='ocrx_word' id='word_1_127' title='bbox 2195 1086 2384 1150; x_wconf 87' lang='lat' dir='ltr'><strong>Israel,</strong></span> <span class='ocrx_word' id='word_1_128' title='bbox 2417 1088 2510 1157; x_wconf 88' lang='lat' dir='ltr'><strong>qui</strong></span> <span class='ocrx_word' id='word_1_129' title='bbox 2560 1088 2946 1142; x_wconf 88' lang='lat' dir='ltr'><strong>abominamini</strong></span> <span class='ocrx_word' id='word_1_130' title='bbox 2973 1085 3529 1156; x_wconf 88' lang='lat' dir='ltr'><strong>judicium,etomnia</strong></span> 
     </span>
    </p>
   </div>
   <div class='ocr_carea' id='block_1_24' title="bbox 1951 1177 3531 1251">
    <p class='ocr_par' dir='ltr' id='par_1_24' title="bbox 1951 1177 3531 1251">
     <span class='ocr_line' id='line_1_24' title="bbox 1951 1177 3531 1251; baseline -0.003 -17"><span class='ocrx_word' id='word_1_131' title='bbox 1951 1189 2099 1236; x_wconf 90' lang='lat' dir='ltr'><strong>recta</strong></span> <span class='ocrx_word' id='word_1_132' title='bbox 2141 1180 2482 1251; x_wconf 87' lang='lat' dir='ltr'><strong>pervertitis.</strong></span> <span class='ocrx_word' id='word_1_133' title='bbox 2512 1179 2617 1246; x_wconf 84' lang='lat' dir='ltr'><strong>Qui</strong></span> <span class='ocrx_word' id='word_1_134' title='bbox 2649 1179 2931 1234; x_wconf 73' lang='lat' dir='ltr'><strong>aediﬁcatis</strong></span> <span class='ocrx_word' id='word_1_135' title='bbox 2989 1177 3119 1233; x_wconf 89' lang='lat' dir='ltr'><strong>Sion</strong></span> <span class='ocrx_word' id='word_1_136' title='bbox 3160 1179 3215 1232; x_wconf 91' lang='lat' dir='ltr'><strong>in</strong></span> <span class='ocrx_word' id='word_1_137' title='bbox 3250 1177 3531 1248; x_wconf 74' lang='lat' dir='ltr'><strong>sanguini—</strong></span> 
     </span>
    </p>
   </div>
   <div class='ocr_carea' id='block_1_25' title="bbox 1948 1272 3529 1345">
    <p class='ocr_par' dir='ltr' id='par_1_25' title="bbox 1948 1272 3529 1345">
     <span class='ocr_line' id='line_1_25' title="bbox 1948 1272 3529 1345; baseline -0.001 -17"><span class='ocrx_word' id='word_1_138' title='bbox 1948 1277 2072 1338; x_wconf 87' lang='lat' dir='ltr'><strong>bus,</strong></span> <span class='ocrx_word' id='word_1_139' title='bbox 2115 1282 2168 1328; x_wconf 90' lang='lat' dir='ltr'><strong>et</strong></span> <span class='ocrx_word' id='word_1_140' title='bbox 2190 1272 2495 1330; x_wconf 84' lang='lat' dir='ltr'><strong>Jerusalem</strong></span> <span class='ocrx_word' id='word_1_141' title='bbox 2553 1273 2606 1326; x_wconf 89' lang='lat' dir='ltr'><strong>in</strong></span> <span class='ocrx_word' id='word_1_142' title='bbox 2663 1273 2974 1345; x_wconf 89' lang='lat' dir='ltr'><strong>iniquitate.</strong></span> <span class='ocrx_word' id='word_1_143' title='bbox 3014 1273 3298 1343; x_wconf 84' lang='lat' dir='ltr'><strong>Principes</strong></span> <span class='ocrx_word' id='word_1_144' title='bbox 3327 1273 3446 1342; x_wconf 91' lang='lat' dir='ltr'><strong>ejus</strong></span> <span class='ocrx_word' id='word_1_145' title='bbox 3474 1273 3529 1326; x_wconf 87' lang='lat' dir='ltr'><strong>in</strong></span> 
     </span>
    </p>
   </div>
   <div class='ocr_carea' id='block_1_26' title="bbox 1950 1365 3528 1436">
    <p class='ocr_par' dir='ltr' id='par_1_26' title="bbox 1950 1365 3528 1436">
     <span class='ocr_line' id='line_1_26' title="bbox 1950 1365 3528 1436; baseline 0.001 -16"><span class='ocrx_word' id='word_1_146' title='bbox 1950 1365 2272 1420; x_wconf 87' lang='lat' dir='ltr'><strong>muneribus</strong></span> <span class='ocrx_word' id='word_1_147' title='bbox 2291 1365 2639 1436; x_wconf 86' lang='lat' dir='ltr'><strong>judicabant,</strong></span> <span class='ocrx_word' id='word_1_148' title='bbox 2689 1375 2744 1422; x_wconf 89' lang='lat' dir='ltr'><strong>et</strong></span> <span class='ocrx_word' id='word_1_149' title='bbox 2791 1365 3104 1422; x_wconf 80' lang='lat' dir='ltr'><strong>sacerdotes</strong></span> <span class='ocrx_word' id='word_1_150' title='bbox 3138 1367 3259 1436; x_wconf 89' lang='lat' dir='ltr'><strong>ejus</strong></span> <span class='ocrx_word' id='word_1_151' title='bbox 3296 1367 3350 1421; x_wconf 93' lang='lat' dir='ltr'><strong>in</strong></span> <span class='ocrx_word' id='word_1_152' title='bbox 3385 1382 3528 1421; x_wconf 87' lang='lat' dir='ltr'><strong>mer-</strong></span> 
     </span>
    </p>
   </div>
   <div class='ocr_carea' id='block_1_27' title="bbox 1948 1457 3527 1529">
    <p class='ocr_par' dir='ltr' id='par_1_27' title="bbox 1948 1457 3527 1529">
     <span class='ocr_line' id='line_1_27' title="bbox 1948 1457 3527 1529; baseline -0.001 -16"><span class='ocrx_word' id='word_1_153' title='bbox 1948 1457 2081 1513; x_wconf 84' lang='lat' dir='ltr'><strong>cede</strong></span> <span class='ocrx_word' id='word_1_154' title='bbox 2109 1457 2398 1522; x_wconf 87' lang='lat' dir='ltr'><strong>docebant,</strong></span> <span class='ocrx_word' id='word_1_155' title='bbox 2425 1466 2478 1512; x_wconf 89' lang='lat' dir='ltr'><strong>et</strong></span> <span class='ocrx_word' id='word_1_156' title='bbox 2507 1458 2785 1528; x_wconf 64' lang='lat' dir='ltr'><strong>prophetae</strong></span> <span class='ocrx_word' id='word_1_157' title='bbox 2809 1458 2928 1528; x_wconf 87' lang='lat' dir='ltr'><strong>ejus</strong></span> <span class='ocrx_word' id='word_1_158' title='bbox 2961 1460 3014 1512; x_wconf 92' lang='lat' dir='ltr'><strong>in</strong></span> <span class='ocrx_word' id='word_1_159' title='bbox 3049 1459 3282 1529; x_wconf 85' lang='lat' dir='ltr'><strong>pecunia</strong></span> <span class='ocrx_word' id='word_1_160' title='bbox 3312 1458 3527 1513; x_wconf 87' lang='lat' dir='ltr'><strong>divina-</strong></span> 
     </span>
    </p>
   </div>
   <div class='ocr_carea' id='block_1_28' title="bbox 1947 1551 3524 1621">
    <p class='ocr_par' dir='ltr' id='par_1_28' title="bbox 1947 1551 3524 1621">
     <span class='ocr_line' id='line_1_28' title="bbox 1947 1551 3524 1621; baseline -0.002 -16"><span class='ocrx_word' id='word_1_161' title='bbox 1947 1551 2080 1605; x_wconf 91' lang='lat' dir='ltr'><strong>bant</strong></span> <span class='ocrx_word' id='word_1_162' title='bbox 2114 1569 2128 1605; x_wconf 90' lang='lat'><strong>:</strong></span> <span class='ocrx_word' id='word_1_163' title='bbox 2156 1559 2210 1605; x_wconf 89' lang='lat' dir='ltr'><strong>et</strong></span> <span class='ocrx_word' id='word_1_164' title='bbox 2241 1566 2408 1621; x_wconf 89' lang='lat' dir='ltr'><strong>super</strong></span> <span class='ocrx_word' id='word_1_165' title='bbox 2439 1551 2730 1606; x_wconf 87' lang='lat' dir='ltr'><strong>Dominum</strong></span> <span class='ocrx_word' id='word_1_166' title='bbox 2783 1551 3221 1621; x_wconf 86' lang='lat' dir='ltr'><strong>requiescebaut,</strong></span> <span class='ocrx_word' id='word_1_167' title='bbox 3253 1552 3524 1606; x_wconf 82' lang='lat' dir='ltr'><strong>dicentes:</strong></span> 
     </span>
    </p>
   </div>
   <div class='ocr_carea' id='block_1_29' title="bbox 1945 1638 3529 1711">
    <p class='ocr_par' dir='ltr' id='par_1_29' title="bbox 1945 1638 3529 1711">
     <span class='ocr_line' id='line_1_29' title="bbox 1945 1638 3529 1711; baseline 0.001 -18"><span class='ocrx_word' id='word_1_168' title='bbox 1945 1639 2203 1711; x_wconf 81' lang='lat' dir='ltr'><strong>Nunquid</strong></span> <span class='ocrx_word' id='word_1_169' title='bbox 2227 1656 2339 1695; x_wconf 90' lang='lat' dir='ltr'><strong>non</strong></span> <span class='ocrx_word' id='word_1_170' title='bbox 2365 1639 2633 1695; x_wconf 86' lang='lat' dir='ltr'><strong>Dominus</strong></span> <span class='ocrx_word' id='word_1_171' title='bbox 2656 1640 2929 1696; x_wconf 83' lang='lat' dir='ltr'><strong>inmedio</strong></span> <span class='ocrx_word' id='word_1_172' title='bbox 2969 1641 3259 1694; x_wconf 88' lang='lat' dir='ltr'><strong>nostrum?</strong></span> <span class='ocrx_word' id='word_1_173' title='bbox 3291 1638 3409 1695; x_wconf 86' lang='lat' dir='ltr'><strong>Non</strong></span> <span class='ocrx_word' id='word_1_174' title='bbox 3437 1655 3529 1694; x_wconf 84' lang='lat' dir='ltr'><strong>ve-</strong></span> 
     </span>
    </p>
   </div>
   <div class='ocr_carea' id='block_1_30' title="bbox 1945 1730 3523 1802">
    <p class='ocr_par' dir='ltr' id='par_1_30' title="bbox 1945 1730 3523 1802">
     <span class='ocr_line' id='line_1_30' title="bbox 1945 1730 3523 1802; baseline 0 -18"><span class='ocrx_word' id='word_1_175' title='bbox 1945 1731 2099 1786; x_wconf 89' lang='lat' dir='ltr'><strong>nient</strong></span> <span class='ocrx_word' id='word_1_176' title='bbox 2150 1746 2315 1800; x_wconf 89' lang='lat' dir='ltr'><strong>super</strong></span> <span class='ocrx_word' id='word_1_177' title='bbox 2365 1745 2466 1785; x_wconf 91' lang='lat' dir='ltr'><strong>nos</strong></span> <span class='ocrx_word' id='word_1_178' title='bbox 2498 1731 2660 1784; x_wconf 90' lang='lat' dir='ltr'><strong>mala.</strong></span> <span class='ocrx_word' id='word_1_179' title='bbox 2697 1730 2931 1802; x_wconf 81' lang='lat' dir='ltr'><strong>PrOpter</strong></span> <span class='ocrx_word' id='word_1_180' title='bbox 2974 1732 3098 1795; x_wconf 88' lang='lat' dir='ltr'><strong>hoc,</strong></span> <span class='ocrx_word' id='word_1_181' title='bbox 3132 1747 3300 1786; x_wconf 91' lang='lat' dir='ltr'><strong>causa</strong></span> <span class='ocrx_word' id='word_1_182' title='bbox 3336 1731 3523 1795; x_wconf 86' lang='lat' dir='ltr'><strong>vestri,</strong></span> 
     </span>
    </p>
   </div>
   <div class='ocr_carea' id='block_1_31' title="bbox 251 1821 1842 1904">
    <p class='ocr_par' dir='ltr' id='par_1_31' title="bbox 251 1829 1840 1904">
     <span class='ocr_line' id='line_1_31' title="bbox 251 1829 1840 1904; baseline 0.003 -22"><span class='ocrx_word' id='word_1_183' title='bbox 251 1829 403 1900; x_wconf 77' lang='grc' dir='ltr'>ὑμᾶς</span> <span class='ocrx_word' id='word_1_184' title='bbox 437 1829 578 1884; x_wconf 87' lang='grc' dir='ltr'>Σιὼν</span> <span class='ocrx_word' id='word_1_185' title='bbox 614 1830 690 1894; x_wconf 85' lang='grc' dir='ltr'>ὡς</span> <span class='ocrx_word' id='word_1_186' title='bbox 729 1830 897 1902; x_wconf 79' lang='grc' dir='ltr'>ἀγρὸς</span> <span class='ocrx_word' id='word_1_187' title='bbox 925 1831 1405 1904; x_wconf 85' lang='grc' dir='ltr'>ἀροτριαθήσεται,</span> <span class='ocrx_word' id='word_1_188' title='bbox 1439 1833 1534 1886; x_wconf 78' lang='grc' dir='ltr'><strong>καὶ</strong></span> <span class='ocrx_word' id='word_1_189' title='bbox 1565 1833 1840 1904; x_wconf 82' lang='grc' dir='ltr'>Ἰερουσα-</span> 
     </span>
    </p>
   </div>
   <div class='ocr_carea' id='block_1_32' title="bbox 1947 1821 3528 1904">
    <p class='ocr_par' dir='ltr' id='par_1_32' title="bbox 1947 1821 3528 1896">
     <span class='ocr_line' id='line_1_32' title="bbox 1947 1821 3528 1896; baseline 0.001 -18"><span class='ocrx_word' id='word_1_190' title='bbox 1947 1821 2077 1878; x_wconf 91' lang='lat' dir='ltr'><strong>Sion</strong></span> <span class='ocrx_word' id='word_1_191' title='bbox 2097 1825 2254 1894; x_wconf 83' lang='lat' dir='ltr'><strong>quasi</strong></span> <span class='ocrx_word' id='word_1_192' title='bbox 2285 1840 2413 1895; x_wconf 86' lang='lat' dir='ltr'><strong>ager</strong></span> <span class='ocrx_word' id='word_1_193' title='bbox 2440 1824 2703 1894; x_wconf 85' lang='lat' dir='ltr'><strong>arabitur,</strong></span> <span class='ocrx_word' id='word_1_194' title='bbox 2720 1832 2773 1880; x_wconf 92' lang='lat' dir='ltr'><strong>et</strong></span> <span class='ocrx_word' id='word_1_195' title='bbox 2795 1823 3096 1880; x_wconf 77' lang='lat' dir='ltr'><strong>Jerusalem</strong></span> <span class='ocrx_word' id='word_1_196' title='bbox 3115 1825 3272 1896; x_wconf 87' lang='lat' dir='ltr'><strong>quasi</strong></span> <span class='ocrx_word' id='word_1_197' title='bbox 3296 1840 3528 1880; x_wconf 68' lang='lat' dir='ltr'><strong>acervus</strong></span> 
     </span>
    </p>
   </div>
   <div class='ocr_carea' id='block_1_33' title="bbox 251 1921 1842 1995">
    <p class='ocr_par' dir='ltr' id='par_1_33' title="bbox 251 1921 1842 1995">
     <span class='ocr_line' id='line_1_33' title="bbox 251 1921 1842 1995; baseline 0.003 -21"><span class='ocrx_word' id='word_1_198' title='bbox 251 1921 370 1993; x_wconf 80' lang='grc' dir='ltr'>λὴμ</span> <span class='ocrx_word' id='word_1_199' title='bbox 403 1923 478 1986; x_wconf 83' lang='grc' dir='ltr'>ὡς</span> <span class='ocrx_word' id='word_1_200' title='bbox 504 1921 957 1995; x_wconf 86' lang='grc' dir='ltr'>όπωροφυλάκιον</span> <span class='ocrx_word' id='word_1_201' title='bbox 987 1922 1162 1989; x_wconf 76' lang='grc' dir='ltr'>ἔσται,</span> <span class='ocrx_word' id='word_1_202' title='bbox 1195 1924 1289 1978; x_wconf 77' lang='grc' dir='ltr'><strong>καὶ</strong></span> <span class='ocrx_word' id='word_1_203' title='bbox 1321 1923 1382 1977; x_wconf 81' lang='grc' dir='ltr'><strong>τὸ</strong></span> <span class='ocrx_word' id='word_1_204' title='bbox 1411 1923 1534 1995; x_wconf 79' lang='grc' dir='ltr'>ὅρος</span> <span class='ocrx_word' id='word_1_205' title='bbox 1568 1923 1660 1977; x_wconf 89' lang='grc' dir='ltr'><strong>τοῦ</strong></span> <span class='ocrx_word' id='word_1_206' title='bbox 1696 1925 1842 1978; x_wconf 84' lang='grc' dir='ltr'>οἴκου</span> 
     </span>
    </p>
   </div>
   <div class='ocr_carea' id='block_1_34' title="bbox 251 2016 1844 2090">
    <p class='ocr_par' dir='ltr' id='par_1_34' title="bbox 251 2016 1844 2090">
     <span class='ocr_line' id='line_1_34' title="bbox 251 2016 1844 2090; baseline 0.002 -22"><span class='ocrx_word' id='word_1_207' title='bbox 251 2017 337 2080; x_wconf 80' lang='grc' dir='ltr'>εἰς</span> <span class='ocrx_word' id='word_1_208' title='bbox 361 2016 519 2080; x_wconf 79' lang='grc' dir='ltr'>ἄλσος</span> <span class='ocrx_word' id='word_1_209' title='bbox 542 2016 770 2088; x_wconf 78' lang='grc' dir='ltr'><strong>δρυμοῦ.</strong></span> <span class='ocrx_word' id='word_1_210' title='bbox 797 2017 907 2069; x_wconf 73' lang='grc' dir='ltr'><strong>Καὶ</strong></span> <span class='ocrx_word' id='word_1_211' title='bbox 935 2017 1086 2070; x_wconf 77' lang='grc' dir='ltr'>ἔσται</span> <span class='ocrx_word' id='word_1_212' title='bbox 1116 2019 1204 2070; x_wconf 81' lang='grc' dir='ltr'>ἐπ’</span> <span class='ocrx_word' id='word_1_213' title='bbox 1231 2017 1460 2088; x_wconf 80' lang='grc' dir='ltr'>ἐσχάτου</span> <span class='ocrx_word' id='word_1_214' title='bbox 1490 2017 1600 2071; x_wconf 83' lang='grc' dir='ltr'><strong>τῶν</strong></span> <span class='ocrx_word' id='word_1_215' title='bbox 1624 2019 1844 2090; x_wconf 78' lang='grc' dir='ltr'>ἡμερῶν</span> 
     </span>
    </p>
   </div>
   <div class='ocr_carea' id='block_1_35' title="bbox 249 2109 1843 2182">
    <p class='ocr_par' dir='ltr' id='par_1_35' title="bbox 249 2109 1843 2182">
     <span class='ocr_line' id='line_1_35' title="bbox 249 2109 1843 2182; baseline 0.003 -22"><span class='ocrx_word' id='word_1_216' title='bbox 249 2109 494 2180; x_wconf 70' lang='grc' dir='ltr'>ἐμφανὲς</span> <span class='ocrx_word' id='word_1_217' title='bbox 533 2110 592 2163; x_wconf 82' lang='grc' dir='ltr'><strong>τὸ</strong></span> <span class='ocrx_word' id='word_1_218' title='bbox 624 2110 749 2181; x_wconf 83' lang='grc' dir='ltr'>ὅρος</span> <span class='ocrx_word' id='word_1_219' title='bbox 797 2110 1025 2180; x_wconf 77' lang='grc' dir='ltr'>Κυρίου,</span> <span class='ocrx_word' id='word_1_220' title='bbox 1069 2110 1286 2182; x_wconf 73' lang='grc' dir='ltr'>ἕτοιμον</span> <span class='ocrx_word' id='word_1_221' title='bbox 1326 2111 1417 2164; x_wconf 76' lang='grc' dir='ltr'><strong>ἐπὶ</strong></span> <span class='ocrx_word' id='word_1_222' title='bbox 1460 2110 1559 2174; x_wconf 84' lang='grc' dir='ltr'>τὰς</span> <span class='ocrx_word' id='word_1_223' title='bbox 1599 2111 1843 2182; x_wconf 82' lang='grc' dir='ltr'>κορυφὰς</span> 
     </span>
    </p>
   </div>
   <div class='ocr_carea' id='block_1_36' title="bbox 251 2199 1844 2274">
    <p class='ocr_par' dir='ltr' id='par_1_36' title="bbox 251 2199 1844 2274">
     <span class='ocr_line' id='line_1_36' title="bbox 251 2199 1844 2274; baseline 0.002 -23"><span class='ocrx_word' id='word_1_224' title='bbox 251 2199 364 2252; x_wconf 82' lang='grc' dir='ltr'>τῶν</span> <span class='ocrx_word' id='word_1_225' title='bbox 395 2200 587 2272; x_wconf 84' lang='grc' dir='ltr'>ὁρέων,</span> <span class='ocrx_word' id='word_1_226' title='bbox 622 2202 714 2254; x_wconf 76' lang='grc' dir='ltr'><strong>καὶ</strong></span> <span class='ocrx_word' id='word_1_227' title='bbox 748 2199 1254 2271; x_wconf 85' lang='grc' dir='ltr'>μετεωρισθήσεται</span> <span class='ocrx_word' id='word_1_228' title='bbox 1285 2201 1539 2274; x_wconf 86' lang='grc' dir='ltr'>ὑπεράνω</span> <span class='ocrx_word' id='word_1_229' title='bbox 1575 2201 1683 2254; x_wconf 81' lang='grc' dir='ltr'><strong>τῶν</strong></span> <span class='ocrx_word' id='word_1_230' title='bbox 1722 2202 1844 2272; x_wconf 87' lang='grc' dir='ltr'><strong>βου-</strong></span> 
     </span>
    </p>
   </div>
   <div class='ocr_carea' id='block_1_37' title="bbox 250 2290 1842 2366">
    <p class='ocr_par' dir='ltr' id='par_1_37' title="bbox 250 2290 1842 2366">
     <span class='ocr_line' id='line_1_37' title="bbox 250 2290 1842 2366; baseline 0.001 -22"><span class='ocrx_word' id='word_1_231' title='bbox 250 2290 382 2344; x_wconf 75' lang='grc' dir='ltr'>νῶνο</span> <span class='ocrx_word' id='word_1_232' title='bbox 410 2292 504 2345; x_wconf 75' lang='grc' dir='ltr'>καὶ</span> <span class='ocrx_word' id='word_1_233' title='bbox 533 2291 753 2363; x_wconf 78' lang='grc' dir='ltr'>ἥξουσιν</span> <span class='ocrx_word' id='word_1_234' title='bbox 781 2295 868 2345; x_wconf 80' lang='grc' dir='ltr'>ἐπ’</span> <span class='ocrx_word' id='word_1_235' title='bbox 900 2293 1033 2346; x_wconf 80' lang='grc' dir='ltr'>αὐτὸ</span> <span class='ocrx_word' id='word_1_236' title='bbox 1065 2294 1205 2357; x_wconf 81' lang='grc' dir='ltr'>λαοὶ,</span> <span class='ocrx_word' id='word_1_237' title='bbox 1238 2294 1333 2346; x_wconf 75' lang='grc' dir='ltr'><strong>καὶ</strong></span> <span class='ocrx_word' id='word_1_238' title='bbox 1365 2293 1722 2366; x_wconf 86' lang='grc' dir='ltr'>πορεύσονται</span> <span class='ocrx_word' id='word_1_239' title='bbox 1755 2295 1842 2346; x_wconf 89' lang='grc' dir='ltr'>ἐπ’</span> 
     </span>
    </p>
   </div>
   <div class='ocr_carea' id='block_1_38' title="bbox 249 2381 1844 2455">
    <p class='ocr_par' dir='ltr' id='par_1_38' title="bbox 249 2381 1844 2455">
     <span class='ocr_line' id='line_1_38' title="bbox 249 2381 1844 2455; baseline 0.001 -20"><span class='ocrx_word' id='word_1_240' title='bbox 249 2382 387 2435; x_wconf 79' lang='grc' dir='ltr'>αὐτὸ</span> <span class='ocrx_word' id='word_1_241' title='bbox 412 2382 540 2453; x_wconf 75' lang='grc' dir='ltr'>ἔθνη</span> <span class='ocrx_word' id='word_1_242' title='bbox 563 2382 732 2436; x_wconf 87' lang='grc' dir='ltr'>πολλά</span> <span class='ocrx_word' id='word_1_243' title='bbox 763 2384 856 2436; x_wconf 76' lang='grc' dir='ltr'><strong>καὶ</strong></span> <span class='ocrx_word' id='word_1_244' title='bbox 885 2381 1124 2454; x_wconf 84' lang='grc' dir='ltr'>ἐροῦσιν·</span> <span class='ocrx_word' id='word_1_245' title='bbox 1161 2383 1327 2436; x_wconf 88' lang='grc' dir='ltr'>Δεῦτε</span> <span class='ocrx_word' id='word_1_246' title='bbox 1355 2383 1648 2455; x_wconf 72' lang='grc' dir='ltr'>ἀναδῶμεν</span> <span class='ocrx_word' id='word_1_247' title='bbox 1679 2385 1759 2448; x_wconf 85' lang='grc' dir='ltr'>εἰς</span> <span class='ocrx_word' id='word_1_248' title='bbox 1783 2384 1844 2437; x_wconf 82' lang='grc' dir='ltr'><strong>τὸ</strong></span> 
     </span>
    </p>
   </div>
   <div class='ocr_carea' id='block_1_39' title="bbox 249 2467 1842 2544">
    <p class='ocr_par' dir='ltr' id='par_1_39' title="bbox 249 2467 1842 2544">
     <span class='ocr_line' id='line_1_39' title="bbox 249 2467 1842 2544; baseline 0.001 -20"><span class='ocrx_word' id='word_1_249' title='bbox 249 2471 380 2543; x_wconf 72' lang='grc' dir='ltr'>ὅρος</span> <span class='ocrx_word' id='word_1_250' title='bbox 415 2473 644 2544; x_wconf 78' lang='grc' dir='ltr'>Κυρίου,</span> <span class='ocrx_word' id='word_1_251' title='bbox 681 2473 774 2526; x_wconf 77' lang='grc' dir='ltr'>καὶ</span> <span class='ocrx_word' id='word_1_252' title='bbox 811 2475 891 2536; x_wconf 85' lang='grc' dir='ltr'>εἰς</span> <span class='ocrx_word' id='word_1_253' title='bbox 929 2473 1018 2526; x_wconf 87' lang='grc' dir='ltr'><strong>τὸν</strong></span> <span class='ocrx_word' id='word_1_254' title='bbox 1043 2467 1188 2526; x_wconf 77' lang='grc' dir='ltr'>οἶκον</span> <span class='ocrx_word' id='word_1_255' title='bbox 1211 2473 1304 2526; x_wconf 89' lang='grc' dir='ltr'><strong>τοῦ</strong></span> <span class='ocrx_word' id='word_1_256' title='bbox 1327 2472 1462 2526; x_wconf 85' lang='grc' dir='ltr'>Θεοῦ</span> <span class='ocrx_word' id='word_1_257' title='bbox 1504 2472 1715 2527; x_wconf 81' lang='grc' dir='ltr'><strong>Ἰακώ6’</strong></span> <span class='ocrx_word' id='word_1_258' title='bbox 1750 2474 1842 2528; x_wconf 80' lang='grc' dir='ltr'>καὶ</span> 
     </span>
    </p>
   </div>
   <div class='ocr_carea' id='block_1_40' title="bbox 249 2563 1842 2637">
    <p class='ocr_par' dir='ltr' id='par_1_40' title="bbox 249 2563 1842 2637">
     <span class='ocr_line' id='line_1_40' title="bbox 249 2563 1842 2637; baseline 0.003 -23"><span class='ocrx_word' id='word_1_259' title='bbox 249 2563 521 2630; x_wconf 82' lang='grc' dir='ltr'>δείξουσιν</span> <span class='ocrx_word' id='word_1_260' title='bbox 550 2567 682 2636; x_wconf 82' lang='grc' dir='ltr'>ἡμῖν</span> <span class='ocrx_word' id='word_1_261' title='bbox 725 2565 824 2637; x_wconf 74' lang='grc' dir='ltr'><strong>τὴν</strong></span> <span class='ocrx_word' id='word_1_262' title='bbox 857 2565 976 2619; x_wconf 87' lang='grc' dir='ltr'>ὁδὸν</span> <span class='ocrx_word' id='word_1_263' title='bbox 1007 2563 1199 2630; x_wconf 79' lang='grc' dir='ltr'>αὑτοῦ,</span> <span class='ocrx_word' id='word_1_264' title='bbox 1243 2564 1338 2618; x_wconf 71' lang='grc' dir='ltr'><strong>καὶ</strong></span> <span class='ocrx_word' id='word_1_265' title='bbox 1378 2564 1758 2637; x_wconf 85' lang='grc' dir='ltr'>πορευσόμεθα</span> <span class='ocrx_word' id='word_1_266' title='bbox 1783 2567 1842 2618; x_wconf 85' lang='grc' dir='ltr'><strong>ἐν</strong></span> 
     </span>
    </p>
   </div>
   <div class='ocr_carea' id='block_1_41' title="bbox 249 2656 1838 2733">
    <p class='ocr_par' dir='ltr' id='par_1_41' title="bbox 249 2656 1838 2733">
     <span class='ocr_line' id='line_1_41' title="bbox 249 2656 1838 2733; baseline 0.006 -26"><span class='ocrx_word' id='word_1_267' title='bbox 249 2658 371 2719; x_wconf 86' lang='grc' dir='ltr'>ταῖς</span> <span class='ocrx_word' id='word_1_268' title='bbox 410 2656 617 2727; x_wconf 78' lang='grc' dir='ltr'>τρίϐοις</span> <span class='ocrx_word' id='word_1_269' title='bbox 659 2658 842 2711; x_wconf 80' lang='grc' dir='ltr'>αὑτοῦ·</span> <span class='ocrx_word' id='word_1_270' title='bbox 879 2661 960 2714; x_wconf 84' lang='grc' dir='ltr'>ὅτι</span> <span class='ocrx_word' id='word_1_271' title='bbox 1005 2661 1070 2714; x_wconf 79' lang='grc' dir='ltr'><strong>ἐκ</strong></span> <span class='ocrx_word' id='word_1_272' title='bbox 1103 2660 1240 2715; x_wconf 88' lang='grc' dir='ltr'>Σιὼν</span> <span class='ocrx_word' id='word_1_273' title='bbox 1275 2661 1614 2728; x_wconf 81' lang='grc' dir='ltr'>ἐξελεύσεται</span> <span class='ocrx_word' id='word_1_274' title='bbox 1655 2663 1838 2733; x_wconf 84' lang='grc' dir='ltr'>νόμος,</span> 
     </span>
    </p>
   </div>
   <div class='ocr_carea' id='block_1_42' title="bbox 249 2747 1843 2828">
    <p class='ocr_par' dir='ltr' id='par_1_42' title="bbox 249 2747 1843 2828">
     <span class='ocr_line' id='line_1_42' title="bbox 249 2747 1843 2828; baseline 0.006 -28"><span class='ocrx_word' id='word_1_275' title='bbox 249 2749 349 2801; x_wconf 76' lang='grc' dir='ltr'>καὶ</span> <span class='ocrx_word' id='word_1_276' title='bbox 382 2747 538 2816; x_wconf 85' lang='grc' dir='ltr'>λόγος</span> <span class='ocrx_word' id='word_1_277' title='bbox 573 2751 780 2820; x_wconf 82' lang='grc' dir='ltr'>Κυρίου</span> <span class='ocrx_word' id='word_1_278' title='bbox 816 2752 875 2819; x_wconf 81' lang='grc' dir='ltr'>ἐξ</span> <span class='ocrx_word' id='word_1_279' title='bbox 917 2754 1292 2825; x_wconf 86' lang='grc' dir='ltr'>Ἰερουσαλὴμ,</span> <span class='ocrx_word' id='word_1_280' title='bbox 1330 2754 1422 2807; x_wconf 77' lang='grc' dir='ltr'><strong>καὶ</strong></span> <span class='ocrx_word' id='word_1_281' title='bbox 1445 2757 1620 2828; x_wconf 90' lang='grc' dir='ltr'>κρινεῖ</span> <span class='ocrx_word' id='word_1_282' title='bbox 1639 2755 1843 2827; x_wconf 85' lang='grc' dir='ltr'>ἀναμέ-</span> 
     </span>
    </p>
   </div>
   <div class='ocr_carea' id='block_1_43' title="bbox 250 2840 1842 2919">
    <p class='ocr_par' dir='ltr' id='par_1_43' title="bbox 250 2840 1842 2919">
     <span class='ocr_line' id='line_1_43' title="bbox 250 2840 1842 2919; baseline 0.007 -27"><span class='ocrx_word' id='word_1_283' title='bbox 250 2858 347 2893; x_wconf 89' lang='grc' dir='ltr'><strong>σον</strong></span> <span class='ocrx_word' id='word_1_284' title='bbox 377 2840 524 2896; x_wconf 86' lang='grc' dir='ltr'>λαῶν</span> <span class='ocrx_word' id='word_1_285' title='bbox 559 2841 793 2908; x_wconf 86' lang='grc' dir='ltr'>πολλῶν,</span> <span class='ocrx_word' id='word_1_286' title='bbox 840 2845 935 2897; x_wconf 78' lang='grc' dir='ltr'><strong>καὶ</strong></span> <span class='ocrx_word' id='word_1_287' title='bbox 965 2845 1174 2914; x_wconf 80' lang='grc' dir='ltr'>ἐλέγξει</span> <span class='ocrx_word' id='word_1_288' title='bbox 1214 2847 1342 2900; x_wconf 85' lang='grc' dir='ltr'>λαὸν</span> <span class='ocrx_word' id='word_1_289' title='bbox 1378 2849 1594 2919; x_wconf 79' lang='grc' dir='ltr'>ἰσχυρὸν</span> <span class='ocrx_word' id='word_1_290' title='bbox 1623 2849 1728 2913; x_wconf 79' lang='grc' dir='ltr'>ἕως</span> <span class='ocrx_word' id='word_1_291' title='bbox 1762 2851 1842 2914; x_wconf 84' lang='grc' dir='ltr'><strong>είς</strong></span> 
     </span>
    </p>
   </div>
   <div class='ocr_carea' id='block_1_44' title="bbox 251 2933 1841 3012">
    <p class='ocr_par' dir='ltr' id='par_1_44' title="bbox 251 2933 1841 3012">
     <span class='ocr_line' id='line_1_44' title="bbox 251 2933 1841 3012; baseline 0.005 -26"><span class='ocrx_word' id='word_1_292' title='bbox 251 2933 494 3003; x_wconf 85' lang='grc' dir='ltr'>μακράν·</span> <span class='ocrx_word' id='word_1_293' title='bbox 531 2935 623 2988; x_wconf 75' lang='grc' dir='ltr'><strong>καὶ</strong></span> <span class='ocrx_word' id='word_1_294' title='bbox 664 2936 1066 3005; x_wconf 71' lang='grc' dir='ltr'>κατακόψουσιν</span> <span class='ocrx_word' id='word_1_295' title='bbox 1097 2939 1197 3002; x_wconf 83' lang='grc' dir='ltr'><strong>τὰς</strong></span> <span class='ocrx_word' id='word_1_296' title='bbox 1239 2940 1513 3012; x_wconf 84' lang='grc' dir='ltr'>μαχαίρας</span> <span class='ocrx_word' id='word_1_297' title='bbox 1545 2939 1726 2994; x_wconf 76' lang='grc' dir='ltr'>αὐτῶν</span> <span class='ocrx_word' id='word_1_298' title='bbox 1761 2941 1841 3004; x_wconf 79' lang='grc' dir='ltr'><strong>εἰς</strong></span> 
     </span>
    </p>
   </div>
   <div class='ocr_carea' id='block_1_45' title="bbox 247 3024 1841 3102">
    <p class='ocr_par' dir='ltr' id='par_1_45' title="bbox 247 3024 1841 3102">
     <span class='ocr_line' id='line_1_45' title="bbox 247 3024 1841 3102; baseline 0.004 -24"><span class='ocrx_word' id='word_1_299' title='bbox 247 3024 479 3096; x_wconf 76' lang='grc' dir='ltr'>ἄροτρα,</span> <span class='ocrx_word' id='word_1_300' title='bbox 527 3026 622 3079; x_wconf 82' lang='grc' dir='ltr'><strong>καὶ</strong></span> <span class='ocrx_word' id='word_1_301' title='bbox 662 3027 759 3090; x_wconf 87' lang='grc' dir='ltr'>τὰς</span> <span class='ocrx_word' id='word_1_302' title='bbox 811 3027 1032 3092; x_wconf 78' lang='grc' dir='ltr'>ζιϐύνας</span> <span class='ocrx_word' id='word_1_303' title='bbox 1079 3030 1258 3084; x_wconf 81' lang='grc' dir='ltr'>αὐτῶν</span> <span class='ocrx_word' id='word_1_304' title='bbox 1294 3033 1373 3096; x_wconf 83' lang='grc' dir='ltr'><strong>είς</strong></span> <span class='ocrx_word' id='word_1_305' title='bbox 1420 3031 1697 3102; x_wconf 75' lang='grc' dir='ltr'>δρέπαναο</span> <span class='ocrx_word' id='word_1_306' title='bbox 1745 3032 1841 3085; x_wconf 71' lang='grc' dir='ltr'><strong>καὶ</strong></span> 
     </span>
    </p>
   </div>
   <div class='ocr_carea' id='block_1_46' title="bbox 248 3115 1838 3197">
    <p class='ocr_par' dir='ltr' id='par_1_46' title="bbox 248 3115 1838 3197">
     <span class='ocr_line' id='line_1_46' title="bbox 248 3115 1838 3197; baseline 0.007 -30"><span class='ocrx_word' id='word_1_307' title='bbox 248 3115 436 3168; x_wconf 76' lang='grc' dir='ltr'>οὐκέτι</span> <span class='ocrx_word' id='word_1_308' title='bbox 469 3116 578 3191; x_wconf 81' lang='grc' dir='ltr'><strong>ἄρῃ</strong></span> <span class='ocrx_word' id='word_1_309' title='bbox 609 3117 760 3182; x_wconf 75' lang='grc' dir='ltr'>ἔθνος</span> <span class='ocrx_word' id='word_1_310' title='bbox 793 3120 880 3171; x_wconf 87' lang='grc' dir='ltr'>ἐπ’</span> <span class='ocrx_word' id='word_1_311' title='bbox 909 3120 1062 3186; x_wconf 76' lang='grc' dir='ltr'>ἔθνος</span> <span class='ocrx_word' id='word_1_312' title='bbox 1095 3123 1390 3195; x_wconf 86' lang='grc' dir='ltr'>μάχαιραν,</span> <span class='ocrx_word' id='word_1_313' title='bbox 1424 3123 1518 3176; x_wconf 77' lang='grc' dir='ltr'><strong>καὶ</strong></span> <span class='ocrx_word' id='word_1_314' title='bbox 1546 3125 1732 3177; x_wconf 85' lang='grc' dir='ltr'>οὐκέτι</span> <span class='ocrx_word' id='word_1_315' title='bbox 1761 3125 1838 3197; x_wconf 84' lang='grc' dir='ltr'>μὴ</span> 
     </span>
    </p>
   </div>
   <div class='ocr_carea' id='block_1_47' title="bbox 1945 1915 3521 1987">
    <p class='ocr_par' dir='ltr' id='par_1_47' title="bbox 1945 1915 3521 1987">
     <span class='ocr_line' id='line_1_47' title="bbox 1945 1915 3521 1987; baseline 0.001 -19"><span class='ocrx_word' id='word_1_316' title='bbox 1945 1915 2186 1984; x_wconf 89' lang='lat' dir='ltr'><strong>lapidum</strong></span> <span class='ocrx_word' id='word_1_317' title='bbox 2217 1917 2343 1982; x_wconf 90' lang='lat' dir='ltr'><strong>erit,</strong></span> <span class='ocrx_word' id='word_1_318' title='bbox 2378 1925 2432 1970; x_wconf 92' lang='lat' dir='ltr'><strong>et</strong></span> <span class='ocrx_word' id='word_1_319' title='bbox 2456 1932 2614 1972; x_wconf 86' lang='lat' dir='ltr'><strong>mons</strong></span> <span class='ocrx_word' id='word_1_320' title='bbox 2647 1918 2834 1987; x_wconf 91' lang='lat' dir='ltr'><strong>templi</strong></span> <span class='ocrx_word' id='word_1_321' title='bbox 2888 1918 2942 1972; x_wconf 90' lang='lat' dir='ltr'><strong>in</strong></span> <span class='ocrx_word' id='word_1_322' title='bbox 2990 1920 3206 1974; x_wconf 71' lang='lat' dir='ltr'><strong>excelsa</strong></span> <span class='ocrx_word' id='word_1_323' title='bbox 3240 1917 3521 1973; x_wconf 79' lang='lat' dir='ltr'><strong>silvarum.</strong></span> 
     </span>
    </p>
   </div>
   <div class='ocr_carea' id='block_1_48' title="bbox 1946 2006 3524 2063">
    <p class='ocr_par' dir='ltr' id='par_1_48' title="bbox 1946 2006 3524 2063">
     <span class='ocr_line' id='line_1_48' title="bbox 1946 2006 3524 2063; baseline -0.001 -3"><span class='ocrx_word' id='word_1_324' title='bbox 1946 2006 2012 2062; x_wconf 88' lang='lat' dir='ltr'><strong>Et</strong></span> <span class='ocrx_word' id='word_1_325' title='bbox 2040 2007 2186 2063; x_wconf 88' lang='lat' dir='ltr'><strong>erit:</strong></span> <span class='ocrx_word' id='word_1_326' title='bbox 2228 2009 2289 2060; x_wconf 91' lang='lat' dir='ltr'><strong>In</strong></span> <span class='ocrx_word' id='word_1_327' title='bbox 2356 2007 2656 2062; x_wconf 90' lang='lat' dir='ltr'><strong>novissimo</strong></span> <span class='ocrx_word' id='word_1_328' title='bbox 2703 2007 2914 2063; x_wconf 90' lang='lat' dir='ltr'><strong>dierum</strong></span> <span class='ocrx_word' id='word_1_329' title='bbox 2969 2010 3072 2063; x_wconf 86' lang='lat' dir='ltr'><strong>erit</strong></span> <span class='ocrx_word' id='word_1_330' title='bbox 3123 2024 3283 2063; x_wconf 91' lang='lat' dir='ltr'><strong>mons</strong></span> <span class='ocrx_word' id='word_1_331' title='bbox 3329 2008 3524 2062; x_wconf 80' lang='lat' dir='ltr'><strong>domus</strong></span> 
     </span>
    </p>
   </div>
   <div class='ocr_carea' id='block_1_49' title="bbox 1945 2095 3525 2167">
    <p class='ocr_par' dir='ltr' id='par_1_49' title="bbox 1945 2095 3525 2167">
     <span class='ocr_line' id='line_1_49' title="bbox 1945 2095 3525 2167; baseline 0.002 -18"><span class='ocrx_word' id='word_1_332' title='bbox 1945 2095 2159 2152; x_wconf 90' lang='lat' dir='ltr'><strong>Domini</strong></span> <span class='ocrx_word' id='word_1_333' title='bbox 2213 2104 2552 2167; x_wconf 68' lang='lat' dir='ltr'><strong>praeparatus</strong></span> <span class='ocrx_word' id='word_1_334' title='bbox 2598 2098 2655 2151; x_wconf 91' lang='lat' dir='ltr'><strong>in</strong></span> <span class='ocrx_word' id='word_1_335' title='bbox 2689 2099 2892 2153; x_wconf 86' lang='lat' dir='ltr'><strong>vertice</strong></span> <span class='ocrx_word' id='word_1_336' title='bbox 2947 2099 3238 2164; x_wconf 85' lang='lat' dir='ltr'><strong>montium,</strong></span> <span class='ocrx_word' id='word_1_337' title='bbox 3268 2109 3320 2152; x_wconf 91' lang='lat' dir='ltr'><strong>et</strong></span> <span class='ocrx_word' id='word_1_338' title='bbox 3351 2099 3525 2153; x_wconf 78' lang='lat' dir='ltr'><strong>subli—</strong></span> 
     </span>
    </p>
   </div>
   <div class='ocr_carea' id='block_1_50' title="bbox 1946 2188 3522 2261">
    <p class='ocr_par' dir='ltr' id='par_1_50' title="bbox 1946 2188 3522 2261">
     <span class='ocr_line' id='line_1_50' title="bbox 1946 2188 3522 2261; baseline -0.001 -17"><span class='ocrx_word' id='word_1_339' title='bbox 1946 2191 2050 2244; x_wconf 89' lang='lat' dir='ltr'><strong>mis</strong></span> <span class='ocrx_word' id='word_1_340' title='bbox 2081 2204 2246 2259; x_wconf 87' lang='lat' dir='ltr'><strong>super</strong></span> <span class='ocrx_word' id='word_1_341' title='bbox 2269 2191 2438 2245; x_wconf 92' lang='lat' dir='ltr'><strong>colles</strong></span> <span class='ocrx_word' id='word_1_342' title='bbox 2465 2207 2477 2240; x_wconf 91' lang='lat'>:</span> <span class='ocrx_word' id='word_1_343' title='bbox 2507 2200 2562 2245; x_wconf 91' lang='lat' dir='ltr'><strong>et</strong></span> <span class='ocrx_word' id='word_1_344' title='bbox 2588 2188 2756 2245; x_wconf 83' lang='lat' dir='ltr'><strong>ﬂuent</strong></span> <span class='ocrx_word' id='word_1_345' title='bbox 2797 2189 2864 2244; x_wconf 75' lang='lat' dir='ltr'><strong>ad</strong></span> <span class='ocrx_word' id='word_1_346' title='bbox 2898 2206 3020 2245; x_wconf 90' lang='lat' dir='ltr'><strong>eum</strong></span> <span class='ocrx_word' id='word_1_347' title='bbox 3045 2191 3252 2261; x_wconf 92' lang='lat' dir='ltr'><strong>populi.</strong></span> <span class='ocrx_word' id='word_1_348' title='bbox 3279 2189 3345 2242; x_wconf 90' lang='lat' dir='ltr'><strong>Et</strong></span> <span class='ocrx_word' id='word_1_349' title='bbox 3395 2206 3522 2259; x_wconf 74' lang='lat' dir='ltr'><strong>pro-</strong></span> 
     </span>
    </p>
   </div>
   <div class='ocr_carea' id='block_1_51' title="bbox 1946 2273 3527 2355">
    <p class='ocr_par' dir='ltr' id='par_1_51' title="bbox 1946 2273 3527 2355">
     <span class='ocr_line' id='line_1_51' title="bbox 1946 2273 3527 2355; baseline -0.001 -18"><span class='ocrx_word' id='word_1_350' title='bbox 1946 2284 2216 2355; x_wconf 89' lang='lat' dir='ltr'><strong>perabunt</strong></span> <span class='ocrx_word' id='word_1_351' title='bbox 2245 2273 2434 2353; x_wconf 83' lang='lat' dir='ltr'><strong>gentes</strong></span> <span class='ocrx_word' id='word_1_352' title='bbox 2461 2284 2664 2346; x_wconf 84' lang='lat' dir='ltr'><strong>multae,</strong></span> <span class='ocrx_word' id='word_1_353' title='bbox 2706 2289 2761 2337; x_wconf 90' lang='lat' dir='ltr'><strong>et</strong></span> <span class='ocrx_word' id='word_1_354' title='bbox 2806 2283 2990 2337; x_wconf 87' lang='lat' dir='ltr'><strong>dicent</strong></span> <span class='ocrx_word' id='word_1_355' title='bbox 3023 2299 3037 2336; x_wconf 89' lang='lat'><strong>:</strong></span> <span class='ocrx_word' id='word_1_356' title='bbox 3091 2283 3304 2347; x_wconf 86' lang='lat' dir='ltr'><strong>Venite,</strong></span> <span class='ocrx_word' id='word_1_357' title='bbox 3337 2297 3527 2338; x_wconf 87' lang='lat' dir='ltr'><strong>ascen-</strong></span> 
     </span>
    </p>
   </div>
   <div class='ocr_carea' id='block_1_52' title="bbox 1945 2373 3526 2439">
    <p class='ocr_par' dir='ltr' id='par_1_52' title="bbox 1945 2373 3526 2439">
     <span class='ocr_line' id='line_1_52' title="bbox 1945 2373 3526 2439; baseline 0 -11"><span class='ocrx_word' id='word_1_358' title='bbox 1945 2375 2142 2429; x_wconf 92' lang='lat' dir='ltr'><strong>damus</strong></span> <span class='ocrx_word' id='word_1_359' title='bbox 2173 2373 2241 2427; x_wconf 88' lang='lat' dir='ltr'><strong>ad</strong></span> <span class='ocrx_word' id='word_1_360' title='bbox 2272 2382 2512 2428; x_wconf 89' lang='lat' dir='ltr'><strong>montem</strong></span> <span class='ocrx_word' id='word_1_361' title='bbox 2546 2374 2760 2429; x_wconf 91' lang='lat' dir='ltr'><strong>Domini</strong></span> <span class='ocrx_word' id='word_1_362' title='bbox 2792 2415 2807 2439; x_wconf 98' lang='lat'><strong>,</strong></span> <span class='ocrx_word' id='word_1_363' title='bbox 2841 2384 2896 2429; x_wconf 90' lang='lat' dir='ltr'><strong>et</strong></span> <span class='ocrx_word' id='word_1_364' title='bbox 2921 2375 2987 2429; x_wconf 89' lang='lat' dir='ltr'><strong>ad</strong></span> <span class='ocrx_word' id='word_1_365' title='bbox 3017 2375 3238 2430; x_wconf 91' lang='lat' dir='ltr'><strong>domum</strong></span> <span class='ocrx_word' id='word_1_366' title='bbox 3293 2374 3385 2430; x_wconf 87' lang='lat' dir='ltr'><strong>Dei</strong></span> <span class='ocrx_word' id='word_1_367' title='bbox 3433 2373 3526 2429; x_wconf 56' lang='lat' dir='ltr'><strong>Jac</strong></span> 
     </span>
    </p>
   </div>
   <div class='ocr_carea' id='block_1_53' title="bbox 1945 2467 3527 2534">
    <p class='ocr_par' dir='ltr' id='par_1_53' title="bbox 1945 2467 3527 2534">
     <span class='ocr_line' id='line_1_53' title="bbox 1945 2467 3527 2534; baseline 0.001 -13"><span class='ocrx_word' id='word_1_368' title='bbox 1945 2467 2088 2534; x_wconf 89' lang='lat' dir='ltr'><strong>cob;</strong></span> <span class='ocrx_word' id='word_1_369' title='bbox 2122 2474 2177 2522; x_wconf 86' lang='lat' dir='ltr'><strong>et</strong></span> <span class='ocrx_word' id='word_1_370' title='bbox 2205 2467 2424 2523; x_wconf 88' lang='lat' dir='ltr'><strong>docebit</strong></span> <span class='ocrx_word' id='word_1_371' title='bbox 2475 2482 2577 2522; x_wconf 89' lang='lat' dir='ltr'><strong>nos</strong></span> <span class='ocrx_word' id='word_1_372' title='bbox 2629 2467 2696 2522; x_wconf 92' lang='lat' dir='ltr'><strong>de</strong></span> <span class='ocrx_word' id='word_1_373' title='bbox 2732 2468 2837 2523; x_wconf 90' lang='lat' dir='ltr'><strong>viis</strong></span> <span class='ocrx_word' id='word_1_374' title='bbox 2867 2470 3090 2531; x_wconf 17' lang='lat' dir='ltr'><strong>suis,r.et</strong></span> <span class='ocrx_word' id='word_1_375' title='bbox 3122 2469 3324 2524; x_wconf 89' lang='lat' dir='ltr'><strong>ibimus</strong></span> <span class='ocrx_word' id='word_1_376' title='bbox 3357 2469 3409 2521; x_wconf 89' lang='lat' dir='ltr'><strong>in</strong></span> <span class='ocrx_word' id='word_1_377' title='bbox 3439 2484 3527 2523; x_wconf 81' lang='lat' dir='ltr'><strong>se-</strong></span> 
     </span>
    </p>
   </div>
   <div class='ocr_carea' id='block_1_54' title="bbox 1953 2557 3524 2630">
    <p class='ocr_par' dir='ltr' id='par_1_54' title="bbox 1953 2557 3524 2630">
     <span class='ocr_line' id='line_1_54' title="bbox 1953 2557 3524 2630; baseline 0.001 -14"><span class='ocrx_word' id='word_1_378' title='bbox 1953 2560 2105 2616; x_wconf 90' lang='lat' dir='ltr'><strong>mitis</strong></span> <span class='ocrx_word' id='word_1_379' title='bbox 2131 2559 2274 2629; x_wconf 87' lang='lat' dir='ltr'><strong>ejus,</strong></span> <span class='ocrx_word' id='word_1_380' title='bbox 2304 2559 2433 2630; x_wconf 90' lang='lat' dir='ltr'><strong>quia</strong></span> <span class='ocrx_word' id='word_1_381' title='bbox 2462 2560 2529 2615; x_wconf 92' lang='lat' dir='ltr'><strong>de</strong></span> <span class='ocrx_word' id='word_1_382' title='bbox 2553 2557 2684 2614; x_wconf 88' lang='lat' dir='ltr'><strong>Sion</strong></span> <span class='ocrx_word' id='word_1_383' title='bbox 2729 2561 3042 2630; x_wconf 85' lang='lat' dir='ltr'><strong>egredietur</strong></span> <span class='ocrx_word' id='word_1_384' title='bbox 3066 2563 3266 2627; x_wconf 57' lang='lat' dir='ltr'><strong>lem-et</strong></span> <span class='ocrx_word' id='word_1_385' title='bbox 3297 2563 3524 2618; x_wconf 80' lang='lat' dir='ltr'><strong>verbum</strong></span> 
     </span>
    </p>
   </div>
   <div class='ocr_carea' id='block_1_55' title="bbox 1943 2654 3526 2728">
    <p class='ocr_par' dir='ltr' id='par_1_55' title="bbox 1943 2654 3526 2728">
     <span class='ocr_line' id='line_1_55' title="bbox 1943 2654 3526 2728; baseline 0.002 -18"><span class='ocrx_word' id='word_1_386' title='bbox 1943 2655 2162 2712; x_wconf 88' lang='lat' dir='ltr'><strong>Domini</strong></span> <span class='ocrx_word' id='word_1_387' title='bbox 2201 2655 2268 2710; x_wconf 89' lang='lat' dir='ltr'><strong>de</strong></span> <span class='ocrx_word' id='word_1_388' title='bbox 2320 2654 2650 2712; x_wconf 86' lang='lat' dir='ltr'><strong>Jerusalem.</strong></span> <span class='ocrx_word' id='word_1_389' title='bbox 2709 2655 2775 2709; x_wconf 91' lang='lat' dir='ltr'><strong>Et</strong></span> <span class='ocrx_word' id='word_1_390' title='bbox 2824 2656 3104 2726; x_wconf 44' lang='lat' dir='ltr'><strong>judicabitv</strong></span> <span class='ocrx_word' id='word_1_391' title='bbox 3126 2657 3267 2712; x_wconf 90' lang='lat' dir='ltr'><strong>inter</strong></span> <span class='ocrx_word' id='word_1_392' title='bbox 3294 2659 3526 2728; x_wconf 84' lang='lat' dir='ltr'><strong>populos</strong></span> 
     </span>
    </p>
   </div>
   <div class='ocr_carea' id='block_1_56' title="bbox 1945 2747 3528 2820">
    <p class='ocr_par' dir='ltr' id='par_1_56' title="bbox 1945 2747 3528 2820">
     <span class='ocr_line' id='line_1_56' title="bbox 1945 2747 3528 2820; baseline -0.001 -19"><span class='ocrx_word' id='word_1_393' title='bbox 1945 2748 2168 2812; x_wconf 90' lang='lat' dir='ltr'><strong>multos,</strong></span> <span class='ocrx_word' id='word_1_394' title='bbox 2193 2753 2248 2801; x_wconf 91' lang='lat' dir='ltr'><strong>et</strong></span> <span class='ocrx_word' id='word_1_395' title='bbox 2289 2747 2553 2817; x_wconf 89' lang='lat' dir='ltr'><strong>corripiet</strong></span> <span class='ocrx_word' id='word_1_396' title='bbox 2587 2755 2778 2818; x_wconf 79' lang='lat' dir='ltr'><strong>gentes</strong></span> <span class='ocrx_word' id='word_1_397' title='bbox 2809 2747 3002 2803; x_wconf 77' lang='lat' dir='ltr'><strong>.fortes</strong></span> <span class='ocrx_word' id='word_1_398' title='bbox 3037 2764 3212 2818; x_wconf 88' lang='lat' dir='ltr'><strong>usque</strong></span> <span class='ocrx_word' id='word_1_399' title='bbox 3233 2750 3286 2804; x_wconf 91' lang='lat' dir='ltr'><strong>in</strong></span> <span class='ocrx_word' id='word_1_400' title='bbox 3318 2750 3528 2820; x_wconf 62' lang='lat' dir='ltr'><strong>longin.</strong></span> 
     </span>
    </p>
   </div>
   <div class='ocr_carea' id='block_1_57' title="bbox 1943 2839 3524 2910">
    <p class='ocr_par' dir='ltr' id='par_1_57' title="bbox 1943 2839 3524 2910">
     <span class='ocr_line' id='line_1_57' title="bbox 1943 2839 3524 2910; baseline 0 -17"><span class='ocrx_word' id='word_1_401' title='bbox 1943 2856 2112 2910; x_wconf 90' lang='lat' dir='ltr'><strong>quum</strong></span> <span class='ocrx_word' id='word_1_402' title='bbox 2146 2858 2159 2893; x_wconf 89' lang='lat'>:</span> <span class='ocrx_word' id='word_1_403' title='bbox 2195 2845 2250 2893; x_wconf 90' lang='lat' dir='ltr'><strong>et</strong></span> <span class='ocrx_word' id='word_1_404' title='bbox 2281 2839 2575 2894; x_wconf 84' lang='lat' dir='ltr'><strong>concident</strong></span> <span class='ocrx_word' id='word_1_405' title='bbox 2633 2839 2843 2910; x_wconf 75' lang='lat' dir='ltr'><strong>gladios</strong></span> <span class='ocrx_word' id='word_1_406' title='bbox 2893 2855 3024 2894; x_wconf 86' lang='lat' dir='ltr'><strong>suos</strong></span> <span class='ocrx_word' id='word_1_407' title='bbox 3059 2840 3113 2894; x_wconf 94' lang='lat' dir='ltr'><strong>in</strong></span> <span class='ocrx_word' id='word_1_408' title='bbox 3145 2855 3417 2903; x_wconf 88' lang='lat' dir='ltr'><strong>vomeres,</strong></span> <span class='ocrx_word' id='word_1_409' title='bbox 3473 2852 3524 2895; x_wconf 89' lang='lat' dir='ltr'><strong>et</strong></span> 
     </span>
    </p>
   </div>
   <div class='ocr_carea' id='block_1_58' title="bbox 1946 2930 3525 3001">
    <p class='ocr_par' dir='ltr' id='par_1_58' title="bbox 1946 2930 3525 3001">
     <span class='ocr_line' id='line_1_58' title="bbox 1946 2930 3525 3001; baseline 0.001 -18"><span class='ocrx_word' id='word_1_410' title='bbox 1946 2930 2138 2985; x_wconf 90' lang='lat' dir='ltr'><strong>hastas</strong></span> <span class='ocrx_word' id='word_1_411' title='bbox 2198 2945 2330 2985; x_wconf 88' lang='lat' dir='ltr'><strong>suas</strong></span> <span class='ocrx_word' id='word_1_412' title='bbox 2364 2930 2418 2984; x_wconf 91' lang='lat' dir='ltr'><strong>in</strong></span> <span class='ocrx_word' id='word_1_413' title='bbox 2468 2930 2722 3000; x_wconf 81' lang='lat' dir='ltr'><strong>ligones:</strong></span> <span class='ocrx_word' id='word_1_414' title='bbox 2758 2946 2869 2985; x_wconf 92' lang='lat' dir='ltr'><strong>non</strong></span> <span class='ocrx_word' id='word_1_415' title='bbox 2901 2941 3080 2986; x_wconf 89' lang='lat' dir='ltr'><strong>sumet</strong></span> <span class='ocrx_word' id='word_1_416' title='bbox 3103 2946 3235 3001; x_wconf 87' lang='lat' dir='ltr'><strong>gens</strong></span> <span class='ocrx_word' id='word_1_417' title='bbox 3262 2931 3525 2986; x_wconf 80' lang='lat' dir='ltr'><strong>adversus</strong></span> 
     </span>
    </p>
   </div>
   <div class='ocr_carea' id='block_1_59' title="bbox 1943 3023 3518 3094">
    <p class='ocr_par' dir='ltr' id='par_1_59' title="bbox 1943 3023 3518 3094">
     <span class='ocr_line' id='line_1_59' title="bbox 1943 3023 3518 3094; baseline -0.002 -17"><span class='ocrx_word' id='word_1_418' title='bbox 1943 3031 2156 3094; x_wconf 78' lang='lat' dir='ltr'><strong>gentem</strong></span> <span class='ocrx_word' id='word_1_419' title='bbox 2177 3023 2418 3094; x_wconf 85' lang='lat' dir='ltr'><strong>gladium</strong></span> <span class='ocrx_word' id='word_1_420' title='bbox 2442 3039 2456 3072; x_wconf 87' lang='lat'><strong>:</strong></span> <span class='ocrx_word' id='word_1_421' title='bbox 2481 3031 2535 3078; x_wconf 87' lang='lat' dir='ltr'><strong>et</strong></span> <span class='ocrx_word' id='word_1_422' title='bbox 2551 3039 2662 3078; x_wconf 85' lang='lat' dir='ltr'><strong>non</strong></span> <span class='ocrx_word' id='word_1_423' title='bbox 2680 3023 2894 3078; x_wconf 88' lang='lat' dir='ltr'><strong>discent</strong></span> <span class='ocrx_word' id='word_1_424' title='bbox 2917 3023 3058 3077; x_wconf 88' lang='lat' dir='ltr'><strong>ultra</strong></span> <span class='ocrx_word' id='word_1_425' title='bbox 3080 3023 3403 3092; x_wconf 87' lang='lat' dir='ltr'><strong>belligerare</strong></span> <span class='ocrx_word' id='word_1_426' title='bbox 3420 3024 3484 3078; x_wconf 81' lang='grc'><strong>⁵⁸.</strong></span> <span class='ocrx_word' id='word_1_427' title='bbox 3501 3043 3518 3074; x_wconf 76' lang='grc' dir='ltr'><strong>ι</strong></span> 
     </span>
    </p>
   </div>
   <div class='ocr_carea' id='block_1_60' title="bbox 1941 3113 3522 3185">
    <p class='ocr_par' dir='ltr' id='par_1_60' title="bbox 1941 3113 3522 3185">
     <span class='ocr_line' id='line_1_60' title="bbox 1941 3113 3522 3185; baseline 0 -18"><span class='ocrx_word' id='word_1_428' title='bbox 1941 3113 2240 3185; x_wconf 84' lang='lat' dir='ltr'><strong>Postquam</strong></span> <span class='ocrx_word' id='word_1_429' title='bbox 2267 3129 2423 3171; x_wconf 90' lang='lat' dir='ltr'><strong>sacer</strong></span> <span class='ocrx_word' id='word_1_430' title='bbox 2446 3130 2626 3170; x_wconf 88' lang='lat' dir='ltr'><strong>sermo</strong></span> <span class='ocrx_word' id='word_1_431' title='bbox 2654 3115 2789 3169; x_wconf 75' lang='lat' dir='ltr'><strong>dixit</strong></span> <span class='ocrx_word' id='word_1_432' title='bbox 2808 3115 2954 3184; x_wconf 91' lang='lat' dir='ltr'><strong>quod</strong></span> <span class='ocrx_word' id='word_1_433' title='bbox 2976 3123 3200 3184; x_wconf 90' lang='lat' dir='ltr'><strong>propter</strong></span> <span class='ocrx_word' id='word_1_434' title='bbox 3213 3113 3522 3168; x_wconf 69' lang='lat' dir='ltr'><strong>Judaeoruzn</strong></span> 
     </span>
    </p>
   </div>
   <div class='ocr_carea' id='block_1_61' title="bbox 250 3204 1842 3287">
    <p class='ocr_par' dir='ltr' id='par_1_61' title="bbox 250 3204 1840 3287">
     <span class='ocr_line' id='line_1_61' title="bbox 250 3204 1840 3287; baseline 0.007 -28"><span class='ocrx_word' id='word_1_435' title='bbox 250 3204 468 3276; x_wconf 74' lang='grc' dir='ltr'>μάθωσι</span> <span class='ocrx_word' id='word_1_436' title='bbox 502 3208 777 3278; x_wconf 87' lang='grc' dir='ltr'>πολεμεῖν.</span> <span class='ocrx_word' id='word_1_437' title='bbox 816 3231 835 3260; x_wconf 74' lang='grc' dir='ltr'><strong>ι</strong></span> <span class='ocrx_word' id='word_1_438' title='bbox 887 3211 1072 3265; x_wconf 79' lang='grc' dir='ltr'>Εἰπὼν</span> <span class='ocrx_word' id='word_1_439' title='bbox 1117 3216 1144 3266; x_wconf 88' lang='grc' dir='ltr'><strong>ό</strong></span> <span class='ocrx_word' id='word_1_440' title='bbox 1185 3213 1341 3284; x_wconf 85' lang='grc' dir='ltr'>λόγος</span> <span class='ocrx_word' id='word_1_441' title='bbox 1375 3215 1452 3279; x_wconf 89' lang='grc' dir='ltr'>ὡς</span> <span class='ocrx_word' id='word_1_442' title='bbox 1485 3215 1594 3287; x_wconf 84' lang='grc' dir='ltr'>ἄρα</span> <span class='ocrx_word' id='word_1_443' title='bbox 1624 3215 1710 3269; x_wconf 84' lang='grc' dir='ltr'><strong>διὰ</strong></span> <span class='ocrx_word' id='word_1_444' title='bbox 1741 3216 1840 3282; x_wconf 76' lang='grc' dir='ltr'>τὰς</span> 
     </span>
    </p>
   </div>
   <div class='ocr_carea' id='block_1_62' title="bbox 1947 3204 3522 3287">
    <p class='ocr_par' dir='ltr' id='par_1_62' title="bbox 1947 3205 3522 3277">
     <span class='ocr_line' id='line_1_62' title="bbox 1947 3205 3522 3277; baseline -0.002 -15"><span class='ocrx_word' id='word_1_445' title='bbox 1947 3206 2131 3277; x_wconf 88' lang='lat' dir='ltr'><strong>populi</strong></span> <span class='ocrx_word' id='word_1_446' title='bbox 2157 3206 2480 3277; x_wconf 86' lang='lat' dir='ltr'><strong>iniquitates</strong></span> <span class='ocrx_word' id='word_1_447' title='bbox 2517 3225 2536 3259; x_wconf 77' lang='grc' dir='ltr'><strong>ι</strong></span> <span class='ocrx_word' id='word_1_448' title='bbox 2568 3222 2726 3262; x_wconf 90' lang='lat' dir='ltr'><strong>mons</strong></span> <span class='ocrx_word' id='word_1_449' title='bbox 2752 3205 2884 3262; x_wconf 91' lang='lat' dir='ltr'><strong>Sion</strong></span> <span class='ocrx_word' id='word_1_450' title='bbox 2912 3206 3070 3277; x_wconf 86' lang='lat' dir='ltr'><strong>quasi</strong></span> <span class='ocrx_word' id='word_1_451' title='bbox 3099 3222 3225 3277; x_wconf 88' lang='lat' dir='ltr'><strong>ager</strong></span> <span class='ocrx_word' id='word_1_452' title='bbox 3255 3208 3522 3271; x_wconf 87' lang='lat' dir='ltr'><strong>arabitur,</strong></span> 
     </span>
    </p>
   </div>
   <div class='ocr_carea' id='block_1_63' title="bbox 248 3299 1841 3379">
    <p class='ocr_par' dir='ltr' id='par_1_63' title="bbox 248 3299 1841 3379">
     <span class='ocr_line' id='line_1_63' title="bbox 248 3299 1841 3379; baseline 0.006 -28"><span class='ocrx_word' id='word_1_453' title='bbox 248 3299 566 3365; x_wconf 79' lang='grc' dir='ltr'>δυσσεϐείας</span> <span class='ocrx_word' id='word_1_454' title='bbox 590 3301 682 3355; x_wconf 90' lang='grc' dir='ltr'><strong>τοῦ</strong></span> <span class='ocrx_word' id='word_1_455' title='bbox 726 3303 994 3357; x_wconf 82' lang='grc' dir='ltr'>Ἰουδαίων</span> <span class='ocrx_word' id='word_1_456' title='bbox 1019 3305 1146 3359; x_wconf 90' lang='grc' dir='ltr'>λαοῦ</span> <span class='ocrx_word' id='word_1_457' title='bbox 1180 3307 1240 3360; x_wconf 81' lang='grc' dir='ltr'><strong>τὸ</strong></span> <span class='ocrx_word' id='word_1_458' title='bbox 1276 3309 1375 3379; x_wconf 82' lang='grc' dir='ltr'><strong>μὲν</strong></span> <span class='ocrx_word' id='word_1_459' title='bbox 1403 3327 1422 3359; x_wconf 74' lang='grc' dir='ltr'><strong>ι</strong></span> <span class='ocrx_word' id='word_1_460' title='bbox 1456 3306 1594 3362; x_wconf 92' lang='grc' dir='ltr'>Σιὼν</span> <span class='ocrx_word' id='word_1_461' title='bbox 1616 3308 1740 3378; x_wconf 76' lang='grc' dir='ltr'>ὅρος</span> <span class='ocrx_word' id='word_1_462' title='bbox 1765 3308 1841 3371; x_wconf 84' lang='grc' dir='ltr'>ὡς</span> 
     </span>
    </p>
   </div>
   <div class='ocr_carea' id='block_1_64' title="bbox 249 3393 1841 3472">
    <p class='ocr_par' dir='ltr' id='par_1_64' title="bbox 249 3393 1841 3472">
     <span class='ocr_line' id='line_1_64' title="bbox 249 3393 1841 3472; baseline 0.006 -28"><span class='ocrx_word' id='word_1_463' title='bbox 249 3393 423 3464; x_wconf 84' lang='grc' dir='ltr'>ἀγρὸς</span> <span class='ocrx_word' id='word_1_464' title='bbox 465 3394 943 3467; x_wconf 88' lang='grc' dir='ltr'>ἀροτριαθήσεται,</span> <span class='ocrx_word' id='word_1_465' title='bbox 990 3417 1008 3449; x_wconf 71' lang='grc' dir='ltr'><strong>ι</strong></span> <span class='ocrx_word' id='word_1_466' title='bbox 1034 3400 1067 3469; x_wconf 81' lang='grc' dir='ltr'>ὴ</span> <span class='ocrx_word' id='word_1_467' title='bbox 1096 3399 1154 3452; x_wconf 83' lang='grc' dir='ltr'><strong>δὲ</strong></span> <span class='ocrx_word' id='word_1_468' title='bbox 1185 3400 1451 3472; x_wconf 84' lang='grc' dir='ltr'>πρότερον</span> <span class='ocrx_word' id='word_1_469' title='bbox 1477 3399 1841 3470; x_wconf 84' lang='grc' dir='ltr'>νενομισμένη</span> 
     </span>
    </p>
   </div>
   <div class='ocr_carea' id='block_1_65' title="bbox 249 3484 1835 3564">
    <p class='ocr_par' dir='ltr' id='par_1_65' title="bbox 249 3484 1835 3564">
     <span class='ocr_line' id='line_1_65' title="bbox 249 3484 1835 3564; baseline 0.005 -28"><span class='ocrx_word' id='word_1_470' title='bbox 249 3484 410 3548; x_wconf 87' lang='grc' dir='ltr'>πόλις</span> <span class='ocrx_word' id='word_1_471' title='bbox 436 3486 564 3555; x_wconf 83' lang='grc' dir='ltr'>ἁγία</span> <span class='ocrx_word' id='word_1_472' title='bbox 593 3505 612 3540; x_wconf 89' lang='grc'><em>‹</em></span> <span class='ocrx_word' id='word_1_473' title='bbox 659 3488 1016 3562; x_wconf 81' lang='grc' dir='ltr'>Ἰερουσαλὴμ</span> <span class='ocrx_word' id='word_1_474' title='bbox 1045 3491 1121 3555; x_wconf 84' lang='grc' dir='ltr'><strong>ὼς</strong></span> <span class='ocrx_word' id='word_1_475' title='bbox 1141 3492 1590 3564; x_wconf 85' lang='grc' dir='ltr'>ὀπωροφυλάκιον</span> <span class='ocrx_word' id='word_1_476' title='bbox 1613 3492 1786 3559; x_wconf 76' lang='grc' dir='ltr'>ἔσται,</span> <span class='ocrx_word' id='word_1_477' title='bbox 1817 3511 1835 3544; x_wconf 72' lang='grc' dir='ltr'><strong>ι</strong></span> 
     </span>
    </p>
   </div>
   <div class='ocr_carea' id='block_1_66' title="bbox 249 3576 1842 3657">
    <p class='ocr_par' dir='ltr' id='par_1_66' title="bbox 249 3576 1842 3657">
     <span class='ocr_line' id='line_1_66' title="bbox 249 3576 1842 3657; baseline 0.005 -27"><span class='ocrx_word' id='word_1_478' title='bbox 249 3576 381 3648; x_wconf 79' lang='grc' dir='ltr'>ἐξῆς</span> <span class='ocrx_word' id='word_1_479' title='bbox 412 3580 745 3651; x_wconf 84' lang='grc' dir='ltr'>προφητεύει</span> <span class='ocrx_word' id='word_1_480' title='bbox 770 3585 900 3653; x_wconf 76' lang='grc' dir='ltr'>περὶ</span> <span class='ocrx_word' id='word_1_481' title='bbox 927 3583 1116 3655; x_wconf 86' lang='grc' dir='ltr'>ἐτέρου</span> <span class='ocrx_word' id='word_1_482' title='bbox 1141 3584 1302 3655; x_wconf 70' lang='grc' dir='ltr'>ὅρους</span> <span class='ocrx_word' id='word_1_483' title='bbox 1331 3586 1558 3656; x_wconf 88' lang='grc' dir='ltr'>Κυρίου,</span> <span class='ocrx_word' id='word_1_484' title='bbox 1587 3587 1725 3657; x_wconf 81' lang='grc' dir='ltr'>ὅπερ</span> <span class='ocrx_word' id='word_1_485' title='bbox 1750 3585 1842 3638; x_wconf 68' lang='grc' dir='ltr'><strong>ἐπὶ</strong></span> 
     </span>
    </p>
   </div>
   <div class='ocr_carea' id='block_1_67' title="bbox 249 3671 1840 3751">
    <p class='ocr_par' dir='ltr' id='par_1_67' title="bbox 249 3671 1840 3751">
     <span class='ocr_line' id='line_1_67' title="bbox 249 3671 1840 3751; baseline 0.006 -27"><span class='ocrx_word' id='word_1_486' title='bbox 249 3671 348 3725; x_wconf 74' lang='grc' dir='ltr'><strong>τοῦ</strong></span> <span class='ocrx_word' id='word_1_487' title='bbox 382 3673 479 3743; x_wconf 79' lang='grc' dir='ltr'>τῆς</span> <span class='ocrx_word' id='word_1_488' title='bbox 519 3674 854 3744; x_wconf 85' lang='grc' dir='ltr'>προφητείας</span> <span class='ocrx_word' id='word_1_489' title='bbox 885 3675 1078 3747; x_wconf 81' lang='grc' dir='ltr'>καιροῦ</span> <span class='ocrx_word' id='word_1_490' title='bbox 1119 3677 1439 3748; x_wconf 83' lang='grc' dir='ltr'>ὑφειστήκει</span> <span class='ocrx_word' id='word_1_491' title='bbox 1483 3681 1601 3750; x_wconf 87' lang='grc' dir='ltr'>μὲν,</span> <span class='ocrx_word' id='word_1_492' title='bbox 1641 3681 1702 3734; x_wconf 79' lang='grc' dir='ltr'>οὐ</span> <span class='ocrx_word' id='word_1_493' title='bbox 1736 3681 1840 3751; x_wconf 68' lang='grc' dir='ltr'>μὴν</span> 
     </span>
    </p>
   </div>
   <div class='ocr_carea' id='block_1_68' title="bbox 250 3766 1841 3844">
    <p class='ocr_par' dir='ltr' id='par_1_68' title="bbox 250 3766 1841 3844">
     <span class='ocr_line' id='line_1_68' title="bbox 250 3766 1841 3844; baseline 0.004 -27"><span class='ocrx_word' id='word_1_494' title='bbox 250 3766 347 3818; x_wconf 81' lang='grc' dir='ltr'><strong>καὶ</strong></span> <span class='ocrx_word' id='word_1_495' title='bbox 373 3766 616 3836; x_wconf 82' lang='grc' dir='ltr'>ἐμφανὲς</span> <span class='ocrx_word' id='word_1_496' title='bbox 643 3769 755 3831; x_wconf 90' lang='grc' dir='ltr'>τοῖς</span> <span class='ocrx_word' id='word_1_497' title='bbox 793 3766 1043 3838; x_wconf 86' lang='grc' dir='ltr'>τυχοῦσιν</span> <span class='ocrx_word' id='word_1_498' title='bbox 1083 3769 1353 3842; x_wconf 84' lang='grc' dir='ltr'>ὑπῆρχεν,</span> <span class='ocrx_word' id='word_1_499' title='bbox 1393 3772 1469 3835; x_wconf 87' lang='grc' dir='ltr'><strong>ὼς</strong></span> <span class='ocrx_word' id='word_1_500' title='bbox 1507 3773 1594 3825; x_wconf 85' lang='grc' dir='ltr'>ἐπ’</span> <span class='ocrx_word' id='word_1_501' title='bbox 1627 3773 1841 3844; x_wconf 83' lang='grc' dir='ltr'>ἐσχάτῳ</span> 
     </span>
    </p>
   </div>
   <div class='ocr_carea' id='block_1_69' title="bbox 248 3857 1843 3935">
    <p class='ocr_par' dir='ltr' id='par_1_69' title="bbox 248 3857 1843 3935">
     <span class='ocr_line' id='line_1_69' title="bbox 248 3857 1843 3935; baseline 0.005 -25"><span class='ocrx_word' id='word_1_502' title='bbox 248 3857 360 3910; x_wconf 84' lang='grc' dir='ltr'><strong>τῶν</strong></span> <span class='ocrx_word' id='word_1_503' title='bbox 401 3858 628 3931; x_wconf 79' lang='grc' dir='ltr'>ἡμερῶν</span> <span class='ocrx_word' id='word_1_504' title='bbox 676 3860 1160 3932; x_wconf 85' lang='grc' dir='ltr'>ἀναφανησομένου</span> <span class='ocrx_word' id='word_1_505' title='bbox 1204 3863 1460 3934; x_wconf 83' lang='grc' dir='ltr'>ὑπεράνω</span> <span class='ocrx_word' id='word_1_506' title='bbox 1489 3881 1548 3916; x_wconf 91' lang='grc' dir='ltr'><strong>τε</strong></span> <span class='ocrx_word' id='word_1_507' title='bbox 1578 3865 1686 3918; x_wconf 82' lang='grc' dir='ltr'><strong>τῶν</strong></span> <span class='ocrx_word' id='word_1_508' title='bbox 1723 3865 1843 3935; x_wconf 85' lang='grc' dir='ltr'>βου-</span> 
     </span>
    </p>
   </div>
   <div class='ocr_carea' id='block_1_70' title="bbox 249 3948 1839 4025">
    <p class='ocr_par' dir='ltr' id='par_1_70' title="bbox 249 3948 1839 4025">
     <span class='ocr_line' id='line_1_70' title="bbox 249 3948 1839 4025; baseline 0.005 -23"><span class='ocrx_word' id='word_1_509' title='bbox 249 3948 360 4002; x_wconf 85' lang='grc' dir='ltr'>νῶν</span> <span class='ocrx_word' id='word_1_510' title='bbox 395 3950 490 4003; x_wconf 77' lang='grc' dir='ltr'><strong>καὶ</strong></span> <span class='ocrx_word' id='word_1_511' title='bbox 515 3951 623 4004; x_wconf 82' lang='grc' dir='ltr'>τῶν</span> <span class='ocrx_word' id='word_1_512' title='bbox 652 3950 824 4022; x_wconf 84' lang='grc' dir='ltr'>ὀρέων</span> <span class='ocrx_word' id='word_1_513' title='bbox 857 3953 1454 4025; x_wconf 73' lang='grc' dir='ltr'>μετεωρισθησομένουο</span> <span class='ocrx_word' id='word_1_514' title='bbox 1481 3957 1572 4008; x_wconf 75' lang='grc' dir='ltr'><strong>ἐπὶ</strong></span> <span class='ocrx_word' id='word_1_515' title='bbox 1601 3955 1760 4009; x_wconf 79' lang='grc' dir='ltr'>τοῦτο</span> <span class='ocrx_word' id='word_1_516' title='bbox 1783 3957 1839 4010; x_wconf 92' lang='grc' dir='ltr'><strong>δέ</strong></span> 
     </span>
    </p>
   </div>
   <div class='ocr_carea' id='block_1_71' title="bbox 247 4039 1840 4117">
    <p class='ocr_par' dir='ltr' id='par_1_71' title="bbox 247 4039 1840 4117">
     <span class='ocr_line' id='line_1_71' title="bbox 247 4039 1840 4117; baseline 0.005 -24"><span class='ocrx_word' id='word_1_517' title='bbox 247 4039 314 4094; x_wconf 81' lang='grc' dir='ltr'>τὸ</span> <span class='ocrx_word' id='word_1_518' title='bbox 338 4042 520 4096; x_wconf 84' lang='grc' dir='ltr'>καινὸν</span> <span class='ocrx_word' id='word_1_519' title='bbox 546 4042 671 4113; x_wconf 81' lang='grc' dir='ltr'>ὅρος</span> <span class='ocrx_word' id='word_1_520' title='bbox 705 4043 857 4114; x_wconf 77' lang='grc' dir='ltr'>ἥξειν</span> <span class='ocrx_word' id='word_1_521' title='bbox 891 4045 919 4095; x_wconf 86' lang='grc' dir='ltr'><strong>ό</strong></span> <span class='ocrx_word' id='word_1_522' title='bbox 947 4044 1102 4114; x_wconf 87' lang='grc' dir='ltr'>λόγος</span> <span class='ocrx_word' id='word_1_523' title='bbox 1132 4047 1514 4117; x_wconf 88' lang='grc' dir='ltr'>προαγορεύει,</span> <span class='ocrx_word' id='word_1_524' title='bbox 1543 4048 1723 4101; x_wconf 81' lang='grc' dir='ltr'>οὐκέτι</span> <span class='ocrx_word' id='word_1_525' title='bbox 1749 4049 1840 4102; x_wconf 85' lang='grc' dir='ltr'><strong>τὸν</strong></span> 
     </span>
    </p>
   </div>
   <div class='ocr_carea' id='block_1_72' title="bbox 263 4133 1838 4209">
    <p class='ocr_par' dir='ltr' id='par_1_72' title="bbox 263 4133 1838 4209">
     <span class='ocr_line' id='line_1_72' title="bbox 263 4133 1838 4209; baseline 0.005 -23"><span class='ocrx_word' id='word_1_526' title='bbox 263 4133 484 4204; x_wconf 83' lang='grc' dir='ltr'>Ἰσραὴλ</span> <span class='ocrx_word' id='word_1_527' title='bbox 511 4137 738 4199; x_wconf 87' lang='grc' dir='ltr'>ἐκεῖνον,</span> <span class='ocrx_word' id='word_1_528' title='bbox 769 4135 932 4200; x_wconf 81' lang='grc' dir='ltr'>λαοὺς</span> <span class='ocrx_word' id='word_1_529' title='bbox 958 4136 1014 4190; x_wconf 84' lang='grc' dir='ltr'>δὲ</span> <span class='ocrx_word' id='word_1_530' title='bbox 1049 4139 1142 4191; x_wconf 77' lang='grc' dir='ltr'><strong>καὶ</strong></span> <span class='ocrx_word' id='word_1_531' title='bbox 1175 4137 1302 4209; x_wconf 81' lang='grc' dir='ltr'>ἔθνη</span> <span class='ocrx_word' id='word_1_532' title='bbox 1338 4139 1509 4192; x_wconf 87' lang='grc' dir='ltr'>πολλὰ</span> <span class='ocrx_word' id='word_1_533' title='bbox 1542 4141 1838 4209; x_wconf 84' lang='grc' dir='ltr'>φάσκοντα,</span> 
     </span>
    </p>
   </div>
   <div class='ocr_carea' id='block_1_73' title="bbox 1943 3297 3520 3368">
    <p class='ocr_par' dir='ltr' id='par_1_73' title="bbox 1943 3297 3520 3368">
     <span class='ocr_line' id='line_1_73' title="bbox 1943 3297 3520 3368; baseline -0.003 -14"><span class='ocrx_word' id='word_1_534' title='bbox 1943 3306 1997 3354; x_wconf 89' lang='lat' dir='ltr'><strong>et</strong></span> <span class='ocrx_word' id='word_1_535' title='bbox 2057 3297 2389 3362; x_wconf 89' lang='lat' dir='ltr'><strong>Jerusalem,</strong></span> <span class='ocrx_word' id='word_1_536' title='bbox 2424 3317 2442 3350; x_wconf 72' lang='grc' dir='ltr'><strong>ι</strong></span> <span class='ocrx_word' id='word_1_537' title='bbox 2503 3298 2950 3354; x_wconf 83' lang='lat' dir='ltr'><strong>civitassancta</strong></span> <span class='ocrx_word' id='word_1_538' title='bbox 3003 3297 3155 3368; x_wconf 91' lang='lat' dir='ltr'><strong>prius</strong></span> <span class='ocrx_word' id='word_1_539' title='bbox 3207 3297 3520 3368; x_wconf 57' lang='lat' dir='ltr'><strong>pradicata,</strong></span> 
     </span>
    </p>
   </div>
   <div class='ocr_carea' id='block_1_74' title="bbox 1948 3388 3524 3462">
    <p class='ocr_par' dir='ltr' id='par_1_74' title="bbox 1948 3388 3524 3462">
     <span class='ocr_line' id='line_1_74' title="bbox 1948 3388 3524 3462; baseline 0.003 -22"><span class='ocrx_word' id='word_1_540' title='bbox 1948 3408 1968 3440; x_wconf 83' lang='grc'><strong><em>‹</em></strong></span> <span class='ocrx_word' id='word_1_541' title='bbox 1999 3390 2155 3460; x_wconf 90' lang='lat' dir='ltr'><strong>quasi</strong></span> <span class='ocrx_word' id='word_1_542' title='bbox 2194 3404 2430 3445; x_wconf 86' lang='lat' dir='ltr'><strong>acervus</strong></span> <span class='ocrx_word' id='word_1_543' title='bbox 2464 3388 2713 3459; x_wconf 81' lang='lat' dir='ltr'><strong>lapidum</strong></span> <span class='ocrx_word' id='word_1_544' title='bbox 2733 3391 2860 3455; x_wconf 88' lang='lat' dir='ltr'><strong>erit,</strong></span> <span class='ocrx_word' id='word_1_545' title='bbox 2895 3410 2913 3441; x_wconf 75' lang='grc' dir='ltr'><strong>ι</strong></span> <span class='ocrx_word' id='word_1_546' title='bbox 2949 3391 3211 3445; x_wconf 89' lang='lat' dir='ltr'><strong>continuo</strong></span> <span class='ocrx_word' id='word_1_547' title='bbox 3242 3392 3524 3462; x_wconf 49' lang='lat' dir='ltr'><strong>prophetiv</strong></span> 
     </span>
    </p>
   </div>
   <div class='ocr_carea' id='block_1_75' title="bbox 1943 3469 3526 3552">
    <p class='ocr_par' dir='ltr' id='par_1_75' title="bbox 1943 3469 3526 3552">
     <span class='ocr_line' id='line_1_75' title="bbox 1943 3469 3526 3552; baseline 0.001 -16"><span class='ocrx_word' id='word_1_548' title='bbox 1943 3489 2031 3536; x_wconf 78' lang='lat' dir='ltr'><strong>zat</strong></span> <span class='ocrx_word' id='word_1_549' title='bbox 2056 3483 2123 3537; x_wconf 92' lang='lat' dir='ltr'><strong>de</strong></span> <span class='ocrx_word' id='word_1_550' title='bbox 2156 3483 2265 3536; x_wconf 90' lang='lat' dir='ltr'><strong>alio</strong></span> <span class='ocrx_word' id='word_1_551' title='bbox 2296 3469 2749 3549; x_wconf 78' lang='lat' dir='ltr'><strong>Dominimo&#39;nte,</strong></span> <span class='ocrx_word' id='word_1_552' title='bbox 2787 3482 2933 3552; x_wconf 89' lang='lat' dir='ltr'><strong>quod</strong></span> <span class='ocrx_word' id='word_1_553' title='bbox 2965 3483 3187 3552; x_wconf 88' lang='lat' dir='ltr'><strong>quidem</strong></span> <span class='ocrx_word' id='word_1_554' title='bbox 3226 3483 3526 3552; x_wconf 71' lang='lat' dir='ltr'><strong>prophetiae</strong></span> 
     </span>
    </p>
   </div>
   <div class='ocr_carea' id='block_1_76' title="bbox 1943 3572 3527 3646">
    <p class='ocr_par' dir='ltr' id='par_1_76' title="bbox 1943 3572 3527 3646">
     <span class='ocr_line' id='line_1_76' title="bbox 1943 3572 3527 3646; baseline 0.003 -23"><span class='ocrx_word' id='word_1_555' title='bbox 1943 3572 2287 3642; x_wconf 88' lang='lat' dir='ltr'><strong>temporibus</strong></span> <span class='ocrx_word' id='word_1_556' title='bbox 2318 3573 2591 3646; x_wconf 79' lang='lat' dir='ltr'><strong>exstabat,</strong></span> <span class='ocrx_word' id='word_1_557' title='bbox 2630 3572 2872 3627; x_wconf 90' lang='lat' dir='ltr'><strong>nondum</strong></span> <span class='ocrx_word' id='word_1_558' title='bbox 2903 3588 3032 3627; x_wconf 92' lang='lat' dir='ltr'><strong>vero</strong></span> <span class='ocrx_word' id='word_1_559' title='bbox 3054 3573 3350 3642; x_wconf 60' lang='lat' dir='ltr'><strong>praeclarus</strong></span> <span class='ocrx_word' id='word_1_560' title='bbox 3379 3574 3527 3628; x_wconf 84' lang='lat' dir='ltr'><strong>vide-</strong></span> 
     </span>
    </p>
   </div>
   <div class='ocr_carea' id='block_1_77' title="bbox 1943 3663 3525 3736">
    <p class='ocr_par' dir='ltr' id='par_1_77' title="bbox 1943 3663 3525 3736">
     <span class='ocr_line' id='line_1_77' title="bbox 1943 3663 3525 3736; baseline 0.003 -19"><span class='ocrx_word' id='word_1_561' title='bbox 1943 3663 2124 3729; x_wconf 85' lang='lat' dir='ltr'><strong>batur,</strong></span> <span class='ocrx_word' id='word_1_562' title='bbox 2156 3665 2305 3720; x_wconf 90' lang='lat' dir='ltr'><strong>velut</strong></span> <span class='ocrx_word' id='word_1_563' title='bbox 2333 3667 2426 3736; x_wconf 89' lang='lat' dir='ltr'><strong>qui</strong></span> <span class='ocrx_word' id='word_1_564' title='bbox 2453 3665 2509 3719; x_wconf 90' lang='lat' dir='ltr'><strong>in</strong></span> <span class='ocrx_word' id='word_1_565' title='bbox 2557 3666 2858 3721; x_wconf 88' lang='lat' dir='ltr'><strong>novissimo</strong></span> <span class='ocrx_word' id='word_1_566' title='bbox 2902 3665 3115 3720; x_wconf 89' lang='lat' dir='ltr'><strong>dierum</strong></span> <span class='ocrx_word' id='word_1_567' title='bbox 3163 3682 3326 3736; x_wconf 90' lang='lat' dir='ltr'><strong>super</strong></span> <span class='ocrx_word' id='word_1_568' title='bbox 3355 3667 3525 3722; x_wconf 81' lang='lat' dir='ltr'><strong>colles</strong></span> 
     </span>
    </p>
   </div>
   <div class='ocr_carea' id='block_1_78' title="bbox 1942 3757 3524 3829">
    <p class='ocr_par' dir='ltr' id='par_1_78' title="bbox 1942 3757 3524 3829">
     <span class='ocr_line' id='line_1_78' title="bbox 1942 3757 3524 3829; baseline 0.003 -19"><span class='ocrx_word' id='word_1_569' title='bbox 1942 3757 2370 3828; x_wconf 84' lang='lat' dir='ltr'><strong>conspiciendus</strong></span> <span class='ocrx_word' id='word_1_570' title='bbox 2400 3766 2569 3824; x_wconf 90' lang='lat' dir='ltr'><strong>esset,</strong></span> <span class='ocrx_word' id='word_1_571' title='bbox 2613 3767 2667 3814; x_wconf 92' lang='lat' dir='ltr'><strong>et</strong></span> <span class='ocrx_word' id='word_1_572' title='bbox 2689 3759 2942 3814; x_wconf 89' lang='lat' dir='ltr'><strong>sublimis</strong></span> <span class='ocrx_word' id='word_1_573' title='bbox 2978 3775 3144 3829; x_wconf 87' lang='lat' dir='ltr'><strong>super</strong></span> <span class='ocrx_word' id='word_1_574' title='bbox 3172 3767 3408 3814; x_wconf 89' lang='lat' dir='ltr'><strong>montes.</strong></span> <span class='ocrx_word' id='word_1_575' title='bbox 3443 3761 3524 3814; x_wconf 79' lang='lat' dir='ltr'><strong>Ad</strong></span> 
     </span>
    </p>
   </div>
   <div class='ocr_carea' id='block_1_79' title="bbox 1942 3849 3524 3920">
    <p class='ocr_par' dir='ltr' id='par_1_79' title="bbox 1942 3849 3524 3920">
     <span class='ocr_line' id='line_1_79' title="bbox 1942 3849 3524 3920; baseline 0.001 -17"><span class='ocrx_word' id='word_1_576' title='bbox 1942 3849 2092 3904; x_wconf 88' lang='lat' dir='ltr'><strong>hunc</strong></span> <span class='ocrx_word' id='word_1_577' title='bbox 2117 3857 2356 3906; x_wconf 90' lang='lat' dir='ltr'><strong>montem</strong></span> <span class='ocrx_word' id='word_1_578' title='bbox 2384 3851 2608 3916; x_wconf 77' lang='lat' dir='ltr'><strong>nevum,</strong></span> <span class='ocrx_word' id='word_1_579' title='bbox 2666 3865 2774 3905; x_wconf 92' lang='lat' dir='ltr'><strong>non</strong></span> <span class='ocrx_word' id='word_1_580' title='bbox 2825 3851 2936 3920; x_wconf 89' lang='lat' dir='ltr'><strong>jam</strong></span> <span class='ocrx_word' id='word_1_581' title='bbox 2969 3850 3036 3904; x_wconf 78' lang='lat' dir='ltr'><strong>ad</strong></span> <span class='ocrx_word' id='word_1_582' title='bbox 3085 3859 3324 3905; x_wconf 89' lang='lat' dir='ltr'><strong>montem</strong></span> <span class='ocrx_word' id='word_1_583' title='bbox 3357 3850 3524 3907; x_wconf 85' lang='lat' dir='ltr'><strong>Israel</strong></span> 
     </span>
    </p>
   </div>
   <div class='ocr_carea' id='block_1_80' title="bbox 1941 3943 3526 4015">
    <p class='ocr_par' dir='ltr' id='par_1_80' title="bbox 1941 3943 3526 4015">
     <span class='ocr_line' id='line_1_80' title="bbox 1941 3943 3526 4015; baseline 0.002 -18"><span class='ocrx_word' id='word_1_584' title='bbox 1941 3950 2206 3998; x_wconf 86' lang='lat' dir='ltr'><strong>venturos</strong></span> <span class='ocrx_word' id='word_1_585' title='bbox 2231 3959 2354 4000; x_wconf 91' lang='lat' dir='ltr'><strong>esse</strong></span> <span class='ocrx_word' id='word_1_586' title='bbox 2380 3943 2666 4014; x_wconf 88' lang='lat' dir='ltr'><strong>Scriptura</strong></span> <span class='ocrx_word' id='word_1_587' title='bbox 2686 3945 2904 3998; x_wconf 88' lang='lat' dir='ltr'><strong>nuntiat</strong></span> <span class='ocrx_word' id='word_1_588' title='bbox 2931 3944 3163 4013; x_wconf 88' lang='lat' dir='ltr'><strong>populos</strong></span> <span class='ocrx_word' id='word_1_589' title='bbox 3215 3945 3526 4015; x_wconf 87' lang='lat' dir='ltr'><strong>multasque</strong></span> 
     </span>
    </p>
   </div>
   <div class='ocr_carea' id='block_1_81' title="bbox 1941 4033 3524 4105">
    <p class='ocr_par' dir='ltr' id='par_1_81' title="bbox 1941 4033 3524 4105">
     <span class='ocr_line' id='line_1_81' title="bbox 1941 4033 3524 4105; baseline 0.001 -16"><span class='ocrx_word' id='word_1_590' title='bbox 1941 4042 2151 4105; x_wconf 87' lang='lat' dir='ltr'><strong>gentes,</strong></span> <span class='ocrx_word' id='word_1_591' title='bbox 2182 4036 2428 4091; x_wconf 88' lang='lat' dir='ltr'><strong>dicentes</strong></span> <span class='ocrx_word' id='word_1_592' title='bbox 2453 4054 2464 4088; x_wconf 91' lang='lat'><strong>:</strong></span> <span class='ocrx_word' id='word_1_593' title='bbox 2509 4055 2526 4086; x_wconf 74' lang='grc' dir='ltr'><strong>ε</strong></span> <span class='ocrx_word' id='word_1_594' title='bbox 2567 4033 2782 4100; x_wconf 88' lang='lat' dir='ltr'><strong>Venite,</strong></span> <span class='ocrx_word' id='word_1_595' title='bbox 2809 4036 3172 4092; x_wconf 87' lang='lat' dir='ltr'><strong>ascendamus</strong></span> <span class='ocrx_word' id='word_1_596' title='bbox 3195 4037 3261 4091; x_wconf 84' lang='lat' dir='ltr'><strong>ad</strong></span> <span class='ocrx_word' id='word_1_597' title='bbox 3285 4049 3524 4092; x_wconf 83' lang='lat' dir='ltr'><strong>montem</strong></span> 
     </span>
    </p>
   </div>
   <div class='ocr_carea' id='block_1_82' title="bbox 1941 4127 3528 4195">
    <p class='ocr_par' dir='ltr' id='par_1_82' title="bbox 1941 4127 3528 4195">
     <span class='ocr_line' id='line_1_82' title="bbox 1941 4127 3528 4195; baseline 0.001 -14"><span class='ocrx_word' id='word_1_598' title='bbox 1941 4127 2159 4183; x_wconf 91' lang='lat' dir='ltr'><strong>Domini</strong></span> <span class='ocrx_word' id='word_1_599' title='bbox 2185 4148 2233 4195; x_wconf 82' lang='grc'><strong>;›</strong></span> <span class='ocrx_word' id='word_1_600' title='bbox 2267 4137 2322 4184; x_wconf 84' lang='grc' dir='ltr'><strong>οι</strong></span> <span class='ocrx_word' id='word_1_601' title='bbox 2355 4145 2464 4183; x_wconf 92' lang='lat' dir='ltr'><strong>non</strong></span> <span class='ocrx_word' id='word_1_602' title='bbox 2495 4129 2670 4184; x_wconf 91' lang='lat' dir='ltr'><strong>solum</strong></span> <span class='ocrx_word' id='word_1_603' title='bbox 2705 4129 2773 4182; x_wconf 91' lang='lat' dir='ltr'><strong>ad</strong></span> <span class='ocrx_word' id='word_1_604' title='bbox 2805 4137 3045 4184; x_wconf 90' lang='lat' dir='ltr'><strong>montem</strong></span> <span class='ocrx_word' id='word_1_605' title='bbox 3075 4129 3311 4194; x_wconf 88' lang='lat' dir='ltr'><strong>Domini,</strong></span> <span class='ocrx_word' id='word_1_606' title='bbox 3337 4129 3430 4184; x_wconf 90' lang='lat' dir='ltr'><strong>sed</strong></span> <span class='ocrx_word' id='word_1_607' title='bbox 3457 4129 3528 4183; x_wconf 84' lang='lat' dir='ltr'><strong>ad</strong></span> 
     </span>
    </p>
   </div>
   <div class='ocr_carea' id='block_1_83' title="bbox 255 4219 1842 4302">
    <p class='ocr_par' dir='ltr' id='par_1_83' title="bbox 255 4222 1838 4302">
     <span class='ocr_line' id='line_1_83' title="bbox 255 4222 1838 4302; baseline 0.008 -28"><span class='ocrx_word' id='word_1_608' title='bbox 255 4240 276 4273; x_wconf 76' lang='grc' dir='ltr'><strong>σ</strong></span> <span class='ocrx_word' id='word_1_609' title='bbox 311 4222 474 4277; x_wconf 90' lang='grc' dir='ltr'>Δεῦτε</span> <span class='ocrx_word' id='word_1_610' title='bbox 511 4225 605 4278; x_wconf 77' lang='grc' dir='ltr'><strong>καὶ</strong></span> <span class='ocrx_word' id='word_1_611' title='bbox 643 4226 935 4298; x_wconf 75' lang='grc' dir='ltr'>ἀναδῶμεν</span> <span class='ocrx_word' id='word_1_612' title='bbox 966 4230 1046 4290; x_wconf 84' lang='grc' dir='ltr'>εἰς</span> <span class='ocrx_word' id='word_1_613' title='bbox 1081 4228 1143 4280; x_wconf 78' lang='grc' dir='ltr'><strong>τὸ</strong></span> <span class='ocrx_word' id='word_1_614' title='bbox 1170 4228 1294 4299; x_wconf 78' lang='grc' dir='ltr'>ὅρος</span> <span class='ocrx_word' id='word_1_615' title='bbox 1335 4230 1560 4302; x_wconf 71' lang='grc' dir='ltr'>Κυρίουο</span> <span class='ocrx_word' id='word_1_616' title='bbox 1606 4252 1623 4282; x_wconf 77' lang='grc' dir='ltr'><strong>ι</strong></span> <span class='ocrx_word' id='word_1_617' title='bbox 1658 4233 1751 4285; x_wconf 78' lang='grc' dir='ltr'><strong>καὶ</strong></span> <span class='ocrx_word' id='word_1_618' title='bbox 1778 4233 1838 4285; x_wconf 82' lang='grc' dir='ltr'><strong>οὑ</strong></span> 
     </span>
    </p>
   </div>
   <div class='ocr_carea' id='block_1_84' title="bbox 1947 4219 3524 4302">
    <p class='ocr_par' dir='ltr' id='par_1_84' title="bbox 1947 4219 3524 4292">
     <span class='ocr_line' id='line_1_84' title="bbox 1947 4219 3524 4292; baseline 0.003 -17"><span class='ocrx_word' id='word_1_619' title='bbox 1947 4220 2165 4275; x_wconf 89' lang='lat' dir='ltr'><strong>domum</strong></span> <span class='ocrx_word' id='word_1_620' title='bbox 2191 4220 2284 4276; x_wconf 91' lang='lat' dir='ltr'><strong>Dei</strong></span> <span class='ocrx_word' id='word_1_621' title='bbox 2309 4219 2501 4285; x_wconf 88' lang='lat' dir='ltr'><strong>Jacob,</strong></span> <span class='ocrx_word' id='word_1_622' title='bbox 2526 4237 2648 4292; x_wconf 64' lang='lat' dir='ltr'><strong>quae</strong></span> <span class='ocrx_word' id='word_1_623' title='bbox 2677 4223 2782 4276; x_wconf 91' lang='lat' dir='ltr'><strong>alia</strong></span> <span class='ocrx_word' id='word_1_624' title='bbox 2813 4223 3101 4278; x_wconf 80' lang='lat' dir='ltr'><strong>manifeste</strong></span> <span class='ocrx_word' id='word_1_625' title='bbox 3127 4230 3210 4278; x_wconf 88' lang='lat' dir='ltr'><strong>est</strong></span> <span class='ocrx_word' id='word_1_626' title='bbox 3237 4239 3302 4278; x_wconf 91' lang='lat' dir='ltr'><strong>ac</strong></span> <span class='ocrx_word' id='word_1_627' title='bbox 3326 4223 3524 4280; x_wconf 87' lang='lat' dir='ltr'><strong>domus</strong></span> 
     </span>
    </p>
   </div>
   <div class='ocr_carea' id='block_1_85' title="bbox 251 4311 1842 4391">
    <p class='ocr_par' dir='ltr' id='par_1_85' title="bbox 251 4315 1838 4391">
     <span class='ocr_line' id='line_1_85' title="bbox 251 4315 1838 4391; baseline 0.006 -23"><span class='ocrx_word' id='word_1_628' title='bbox 251 4315 416 4387; x_wconf 86' lang='grc' dir='ltr'>μόνον</span> <span class='ocrx_word' id='word_1_629' title='bbox 446 4318 526 4380; x_wconf 77' lang='grc' dir='ltr'><strong>εἰς</strong></span> <span class='ocrx_word' id='word_1_630' title='bbox 557 4317 618 4370; x_wconf 88' lang='grc' dir='ltr'>τὺ</span> <span class='ocrx_word' id='word_1_631' title='bbox 642 4318 766 4388; x_wconf 77' lang='grc' dir='ltr'>ὅρος</span> <span class='ocrx_word' id='word_1_632' title='bbox 792 4321 1019 4391; x_wconf 86' lang='grc' dir='ltr'>Κυρίου,</span> <span class='ocrx_word' id='word_1_633' title='bbox 1052 4320 1186 4374; x_wconf 91' lang='grc' dir='ltr'><strong>ἀλλά</strong></span> <span class='ocrx_word' id='word_1_634' title='bbox 1221 4323 1314 4375; x_wconf 79' lang='grc' dir='ltr'><strong>καὶ</strong></span> <span class='ocrx_word' id='word_1_635' title='bbox 1349 4325 1428 4386; x_wconf 87' lang='grc' dir='ltr'>εἰς</span> <span class='ocrx_word' id='word_1_636' title='bbox 1457 4323 1548 4377; x_wconf 83' lang='grc' dir='ltr'><strong>τὸν</strong></span> <span class='ocrx_word' id='word_1_637' title='bbox 1572 4320 1718 4378; x_wconf 79' lang='grc' dir='ltr'>οἷκον</span> <span class='ocrx_word' id='word_1_638' title='bbox 1746 4324 1838 4378; x_wconf 90' lang='grc' dir='ltr'><strong>τοῦ</strong></span> 
     </span>
    </p>
   </div>
   <div class='ocr_carea' id='block_1_86' title="bbox 1947 4311 3524 4391">
    <p class='ocr_par' dir='ltr' id='par_1_86' title="bbox 1947 4311 3524 4372">
     <span class='ocr_line' id='line_1_86' title="bbox 1947 4311 3524 4372; baseline 0.004 -6"><span class='ocrx_word' id='word_1_639' title='bbox 1947 4313 1998 4366; x_wconf 92' lang='lat' dir='ltr'><strong>in</strong></span> <span class='ocrx_word' id='word_1_640' title='bbox 2027 4311 2354 4370; x_wconf 90' lang='lat' dir='ltr'><strong>Jerusalem.</strong></span> <span class='ocrx_word' id='word_1_641' title='bbox 2394 4313 2556 4369; x_wconf 81' lang='lat' dir='ltr'><strong>Modo</strong></span> <span class='ocrx_word' id='word_1_642' title='bbox 2587 4315 2733 4369; x_wconf 87' lang='lat' dir='ltr'><strong>enim</strong></span> <span class='ocrx_word' id='word_1_643' title='bbox 2761 4331 2882 4370; x_wconf 89' lang='lat' dir='ltr'><strong>eam</strong></span> <span class='ocrx_word' id='word_1_644' title='bbox 2913 4324 2972 4369; x_wconf 94' lang='lat' dir='ltr'><strong>ut</strong></span> <span class='ocrx_word' id='word_1_645' title='bbox 2999 4323 3215 4370; x_wconf 85' lang='lat' dir='ltr'><strong>antrum</strong></span> <span class='ocrx_word' id='word_1_646' title='bbox 3250 4317 3524 4372; x_wconf 86' lang='lat' dir='ltr'><strong>desertam</strong></span> 
     </span>
    </p>
   </div>
   <div class='ocr_carea' id='block_1_87' title="bbox 248 4403 1842 4486">
    <p class='ocr_par' dir='ltr' id='par_1_87' title="bbox 248 4407 1840 4486">
     <span class='ocr_line' id='line_1_87' title="bbox 248 4407 1840 4486; baseline 0.005 -24"><span class='ocrx_word' id='word_1_647' title='bbox 248 4407 390 4463; x_wconf 85' lang='grc' dir='ltr'>Θεοῦ</span> <span class='ocrx_word' id='word_1_648' title='bbox 437 4408 648 4482; x_wconf 79' lang='grc' dir='ltr'>Ἰακὼϐ,</span> <span class='ocrx_word' id='word_1_649' title='bbox 677 4410 864 4483; x_wconf 76' lang='grc' dir='ltr'>ἕτερον</span> <span class='ocrx_word' id='word_1_650' title='bbox 887 4413 1018 4469; x_wconf 78' lang='grc' dir='ltr'>ὄντα</span> <span class='ocrx_word' id='word_1_651' title='bbox 1052 4415 1208 4485; x_wconf 82' lang='grc' dir='ltr'>δῆλον</span> <span class='ocrx_word' id='word_1_652' title='bbox 1237 4415 1317 4467; x_wconf 78' lang='grc' dir='ltr'><strong>ὅτι</strong></span> <span class='ocrx_word' id='word_1_653' title='bbox 1350 4414 1502 4486; x_wconf 90' lang='grc' dir='ltr'><strong>παρά</strong></span> <span class='ocrx_word' id='word_1_654' title='bbox 1534 4416 1624 4470; x_wconf 82' lang='grc' dir='ltr'><strong>τὸν</strong></span> <span class='ocrx_word' id='word_1_655' title='bbox 1658 4419 1714 4470; x_wconf 83' lang='grc' dir='ltr'><strong>ἐν</strong></span> <span class='ocrx_word' id='word_1_656' title='bbox 1746 4417 1840 4470; x_wconf 87' lang='grc' dir='ltr'><strong>Ἱε-</strong></span> 
     </span>
    </p>
   </div>
   <div class='ocr_carea' id='block_1_88' title="bbox 1947 4403 3524 4486">
    <p class='ocr_par' dir='ltr' id='par_1_88' title="bbox 1947 4403 3524 4474">
     <span class='ocr_line' id='line_1_88' title="bbox 1947 4403 3524 4474; baseline 0.004 -17"><span class='ocrx_word' id='word_1_657' title='bbox 1947 4403 2061 4458; x_wconf 79' lang='lat' dir='ltr'><strong>fore</strong></span> <span class='ocrx_word' id='word_1_658' title='bbox 2085 4404 2359 4474; x_wconf 75' lang='lat' dir='ltr'><strong>praedixit.</strong></span> <span class='ocrx_word' id='word_1_659' title='bbox 2394 4404 2513 4460; x_wconf 88' lang='lat' dir='ltr'><strong>Non</strong></span> <span class='ocrx_word' id='word_1_660' title='bbox 2541 4407 2852 4462; x_wconf 91' lang='lat' dir='ltr'><strong>inconsulto</strong></span> <span class='ocrx_word' id='word_1_661' title='bbox 2885 4407 3094 4462; x_wconf 83' lang='lat' dir='ltr'><strong>dicitur</strong></span> <span class='ocrx_word' id='word_1_662' title='bbox 3116 4407 3248 4462; x_wconf 92' lang='lat' dir='ltr'><strong>Sion</strong></span> <span class='ocrx_word' id='word_1_663' title='bbox 3279 4417 3524 4464; x_wconf 84' lang='lat' dir='ltr'><strong>montem</strong></span> 
     </span>
    </p>
   </div>
   <div class='ocr_carea' id='block_1_89' title="bbox 251 4496 1842 4578">
    <p class='ocr_par' dir='ltr' id='par_1_89' title="bbox 251 4502 1840 4578">
     <span class='ocr_line' id='line_1_89' title="bbox 251 4502 1840 4578; baseline 0.004 -24"><span class='ocrx_word' id='word_1_664' title='bbox 251 4502 555 4574; x_wconf 73' lang='grc' dir='ltr'>ρουσαλήμο</span> <span class='ocrx_word' id='word_1_665' title='bbox 589 4502 795 4574; x_wconf 82' lang='grc' dir='ltr'>ταύτην</span> <span class='ocrx_word' id='word_1_666' title='bbox 827 4505 936 4577; x_wconf 83' lang='grc' dir='ltr'><strong>γὰρ</strong></span> <span class='ocrx_word' id='word_1_667' title='bbox 969 4506 1347 4576; x_wconf 82' lang='grc' dir='ltr'>ἐρημωθεῖσαν</span> <span class='ocrx_word' id='word_1_668' title='bbox 1380 4507 1456 4570; x_wconf 85' lang='grc' dir='ltr'>ὡς</span> <span class='ocrx_word' id='word_1_669' title='bbox 1487 4506 1840 4578; x_wconf 86' lang='grc' dir='ltr'>όπωροφυλά-</span> 
     </span>
    </p>
   </div>
   <div class='ocr_carea' id='block_1_90' title="bbox 1947 4496 3524 4578">
    <p class='ocr_par' dir='ltr' id='par_1_90' title="bbox 1947 4496 3524 4572">
     <span class='ocr_line' id='line_1_90' title="bbox 1947 4496 3524 4572; baseline 0.003 -19"><span class='ocrx_word' id='word_1_670' title='bbox 1947 4507 1996 4553; x_wconf 87' lang='lat' dir='ltr'><strong>et</strong></span> <span class='ocrx_word' id='word_1_671' title='bbox 2021 4496 2324 4554; x_wconf 84' lang='lat' dir='ltr'><strong>Jerusalem</strong></span> <span class='ocrx_word' id='word_1_672' title='bbox 2361 4500 2650 4565; x_wconf 89' lang='lat' dir='ltr'><strong>vastanda,</strong></span> <span class='ocrx_word' id='word_1_673' title='bbox 2679 4501 2785 4554; x_wconf 87' lang='lat' dir='ltr'><strong>alia</strong></span> <span class='ocrx_word' id='word_1_674' title='bbox 2811 4509 2993 4556; x_wconf 86' lang='lat' dir='ltr'><strong>autem</strong></span> <span class='ocrx_word' id='word_1_675' title='bbox 3046 4518 3146 4572; x_wconf 90' lang='lat' dir='ltr'><strong>pro</strong></span> <span class='ocrx_word' id='word_1_676' title='bbox 3173 4503 3240 4557; x_wconf 86' lang='lat' dir='ltr'><strong>iis</strong></span> <span class='ocrx_word' id='word_1_677' title='bbox 3287 4517 3524 4558; x_wconf 89' lang='lat' dir='ltr'><strong>consur—</strong></span> 
     </span>
    </p>
   </div>
   <div class='ocr_carea' id='block_1_91' title="bbox 247 4564 1842 4670">
    <p class='ocr_par' dir='ltr' id='par_1_91' title="bbox 247 4564 1839 4670">
     <span class='ocr_line' id='line_1_91' title="bbox 247 4564 1839 4670; baseline 0.004 -24"><span class='ocrx_word' id='word_1_678' title='bbox 247 4564 371 4647; x_wconf 68' lang='grc' dir='ltr'>κιον</span> <span class='ocrx_word' id='word_1_679' title='bbox 400 4564 622 4648; x_wconf 73' lang='grc' dir='ltr'>ἔσεσθαι</span> <span class='ocrx_word' id='word_1_680' title='bbox 659 4564 851 4668; x_wconf 43' lang='grc' dir='ltr'>μικρῷ.</span> <span class='ocrx_word' id='word_1_681' title='bbox 884 4564 1124 4669; x_wconf 62' lang='grc' dir='ltr'>πρόσθεν</span> <span class='ocrx_word' id='word_1_682' title='bbox 1167 4601 1400 4670; x_wconf 84' lang='grc' dir='ltr'>εἰρήκει·</span> <span class='ocrx_word' id='word_1_683' title='bbox 1436 4564 1747 4663; x_wconf 75' lang='grc' dir='ltr'>ἀκολούθως</span> <span class='ocrx_word' id='word_1_684' title='bbox 1783 4599 1839 4652; x_wconf 85' lang='grc' dir='ltr'><strong>δέ</strong></span> 
     </span>
    </p>
   </div>
   <div class='ocr_carea' id='block_1_92' title="bbox 1947 4564 3522 4670">
    <p class='ocr_par' dir='ltr' id='par_1_92' title="bbox 1947 4564 3522 4667">
     <span class='ocr_line' id='line_1_92' title="bbox 1947 4564 3522 4667; baseline 0.003 -22"><span class='ocrx_word' id='word_1_685' title='bbox 1947 4598 2185 4655; x_wconf 90' lang='lat' dir='ltr'><strong>rectura,</strong></span> <span class='ocrx_word' id='word_1_686' title='bbox 2221 4600 2276 4646; x_wconf 92' lang='lat' dir='ltr'><strong>et</strong></span> <span class='ocrx_word' id='word_1_687' title='bbox 2299 4592 2471 4663; x_wconf 87' lang='lat' dir='ltr'><strong>legem</strong></span> <span class='ocrx_word' id='word_1_688' title='bbox 2500 4564 2686 4658; x_wconf 85' lang='lat' dir='ltr'><strong>aliam,</strong></span> <span class='ocrx_word' id='word_1_689' title='bbox 2727 4564 3094 4664; x_wconf 59' lang='lat' dir='ltr'><strong>praterillam</strong></span> <span class='ocrx_word' id='word_1_690' title='bbox 3127 4610 3248 4665; x_wconf 73' lang='lat' dir='ltr'><strong>qua:</strong></span> <span class='ocrx_word' id='word_1_691' title='bbox 3271 4595 3442 4667; x_wconf 77' lang='lat' dir='ltr'><strong>Moysi</strong></span> <span class='ocrx_word' id='word_1_692' title='bbox 3468 4597 3522 4650; x_wconf 89' lang='lat' dir='ltr'><strong>in</strong></span> 
     </span>
    </p>
   </div>
   <div class='ocr_carea' id='block_1_93' title="bbox 245 4681 1842 4763">
    <p class='ocr_par' dir='ltr' id='par_1_93' title="bbox 245 4685 1842 4763">
     <span class='ocr_line' id='line_1_93' title="bbox 245 4685 1842 4763; baseline 0.004 -25"><span class='ocrx_word' id='word_1_693' title='bbox 245 4685 332 4757; x_wconf 79' lang='grc' dir='ltr'>τῷ</span> <span class='ocrx_word' id='word_1_694' title='bbox 361 4686 423 4739; x_wconf 83' lang='grc' dir='ltr'>τὸ</span> <span class='ocrx_word' id='word_1_695' title='bbox 450 4687 590 4741; x_wconf 88' lang='grc' dir='ltr'>Σιὼν</span> <span class='ocrx_word' id='word_1_696' title='bbox 627 4687 752 4760; x_wconf 81' lang='grc' dir='ltr'>ὅρος</span> <span class='ocrx_word' id='word_1_697' title='bbox 795 4689 890 4742; x_wconf 72' lang='grc' dir='ltr'><strong>καὶ</strong></span> <span class='ocrx_word' id='word_1_698' title='bbox 929 4688 1028 4761; x_wconf 82' lang='grc' dir='ltr'>τὴν</span> <span class='ocrx_word' id='word_1_699' title='bbox 1091 4686 1443 4762; x_wconf 86' lang='grc' dir='ltr'>Ἰερουσαλὴμ</span> <span class='ocrx_word' id='word_1_700' title='bbox 1481 4691 1842 4763; x_wconf 86' lang='grc' dir='ltr'>ἐρημωθήσε-</span> 
     </span>
    </p>
   </div>
   <div class='ocr_carea' id='block_1_94' title="bbox 1947 4681 3527 4763">
    <p class='ocr_par' dir='ltr' id='par_1_94' title="bbox 1947 4681 3527 4755">
     <span class='ocr_line' id='line_1_94' title="bbox 1947 4681 3527 4755; baseline 0.004 -20"><span class='ocrx_word' id='word_1_701' title='bbox 1947 4681 2127 4738; x_wconf 84' lang='lat' dir='ltr'><strong>lloreb</strong></span> <span class='ocrx_word' id='word_1_702' title='bbox 2152 4683 2278 4738; x_wconf 84' lang='lat' dir='ltr'><strong>data</strong></span> <span class='ocrx_word' id='word_1_703' title='bbox 2333 4690 2437 4749; x_wconf 89' lang='lat' dir='ltr'><strong>est,</strong></span> <span class='ocrx_word' id='word_1_704' title='bbox 2475 4699 2505 4738; x_wconf 90' lang='lat' dir='ltr'><strong>e</strong></span> <span class='ocrx_word' id='word_1_705' title='bbox 2546 4700 2689 4739; x_wconf 92' lang='lat' dir='ltr'><strong>novo</strong></span> <span class='ocrx_word' id='word_1_706' title='bbox 2739 4695 2924 4740; x_wconf 83' lang='lat' dir='ltr'><strong>monte</strong></span> <span class='ocrx_word' id='word_1_707' title='bbox 2972 4685 3335 4755; x_wconf 86' lang='lat' dir='ltr'><strong>prodituram,</strong></span> <span class='ocrx_word' id='word_1_708' title='bbox 3391 4687 3527 4742; x_wconf 91' lang='lat' dir='ltr'><strong>Sion</strong></span> 
     </span>
    </p>
   </div>
   <div class='ocr_carea' id='block_1_95' title="bbox 249 4775 1842 4855">
    <p class='ocr_par' dir='ltr' id='par_1_95' title="bbox 249 4779 1842 4855">
     <span class='ocr_line' id='line_1_95' title="bbox 249 4779 1842 4855; baseline 0.004 -23"><span class='ocrx_word' id='word_1_709' title='bbox 249 4779 398 4845; x_wconf 89' lang='grc' dir='ltr'>σθαι,</span> <span class='ocrx_word' id='word_1_710' title='bbox 447 4780 612 4853; x_wconf 75' lang='grc' dir='ltr'>ἕτερα</span> <span class='ocrx_word' id='word_1_711' title='bbox 655 4781 700 4834; x_wconf 88' lang='grc' dir='ltr'>δ’</span> <span class='ocrx_word' id='word_1_712' title='bbox 742 4781 863 4835; x_wconf 74' lang='grc' dir='ltr'>ἀντὶ</span> <span class='ocrx_word' id='word_1_713' title='bbox 903 4781 1107 4836; x_wconf 89' lang='grc' dir='ltr'>τούτων</span> <span class='ocrx_word' id='word_1_714' title='bbox 1151 4782 1505 4854; x_wconf 83' lang='grc' dir='ltr'>ὀφθήσεσθαι,</span> <span class='ocrx_word' id='word_1_715' title='bbox 1550 4785 1643 4837; x_wconf 54' lang='grc' dir='ltr'><strong>καὶ⁵</strong></span> <span class='ocrx_word' id='word_1_716' title='bbox 1679 4784 1842 4855; x_wconf 87' lang='grc' dir='ltr'>νόμος</span> 
     </span>
    </p>
   </div>
   <div class='ocr_carea' id='block_1_96' title="bbox 1947 4775 3528 4855">
    <p class='ocr_par' dir='ltr' id='par_1_96' title="bbox 1947 4775 3528 4850">
     <span class='ocr_line' id='line_1_96' title="bbox 1947 4775 3528 4850; baseline 0.004 -21"><span class='ocrx_word' id='word_1_717' title='bbox 1947 4789 2160 4846; x_wconf 88' lang='lat' dir='ltr'><strong>quoque</strong></span> <span class='ocrx_word' id='word_1_718' title='bbox 2189 4775 2332 4830; x_wconf 90' lang='lat' dir='ltr'><strong>sicut</strong></span> <span class='ocrx_word' id='word_1_719' title='bbox 2367 4775 2553 4846; x_wconf 87' lang='lat' dir='ltr'><strong>priore</strong></span> <span class='ocrx_word' id='word_1_720' title='bbox 2582 4779 2886 4832; x_wconf 88' lang='lat' dir='ltr'><strong>nominato.</strong></span> <span class='ocrx_word' id='word_1_721' title='bbox 2927 4775 3166 4833; x_wconf 79' lang='lat' dir='ltr'><strong>Verbum</strong></span> <span class='ocrx_word' id='word_1_722' title='bbox 3189 4794 3406 4850; x_wconf 89' lang='lat' dir='ltr'><strong>quoque</strong></span> <span class='ocrx_word' id='word_1_723' title='bbox 3427 4777 3528 4835; x_wconf 90' lang='lat' dir='ltr'><strong>Do-</strong></span> 
     </span>
    </p>
   </div>
   <div class='ocr_carea' id='block_1_97' title="bbox 246 4869 1842 4947">
    <p class='ocr_par' dir='ltr' id='par_1_97' title="bbox 246 4872 1842 4947">
     <span class='ocr_line' id='line_1_97' title="bbox 246 4872 1842 4947; baseline 0.002 -21"><span class='ocrx_word' id='word_1_724' title='bbox 246 4872 436 4943; x_wconf 76' lang='grc' dir='ltr'>ἓτερος</span> <span class='ocrx_word' id='word_1_725' title='bbox 456 4873 606 4945; x_wconf 87' lang='grc' dir='ltr'><strong>παρά</strong></span> <span class='ocrx_word' id='word_1_726' title='bbox 634 4873 726 4926; x_wconf 88' lang='grc' dir='ltr'>τοῦ</span> <span class='ocrx_word' id='word_1_727' title='bbox 755 4873 1033 4936; x_wconf 80' lang='grc' dir='ltr'>Μωῦσέως</span> <span class='ocrx_word' id='word_1_728' title='bbox 1053 4873 1110 4940; x_wconf 83' lang='grc' dir='ltr'><strong>ἐξ</strong></span> <span class='ocrx_word' id='word_1_729' title='bbox 1139 4873 1298 4944; x_wconf 81' lang='grc' dir='ltr'>ὅρους</span> <span class='ocrx_word' id='word_1_730' title='bbox 1332 4875 1532 4947; x_wconf 80' lang='grc' dir='ltr'>Χωρὴϐ</span> <span class='ocrx_word' id='word_1_731' title='bbox 1563 4875 1842 4946; x_wconf 83' lang='grc' dir='ltr'>δεδομένος</span> 
     </span>
    </p>
   </div>
   <div class='ocr_carea' id='block_1_98' title="bbox 1947 4869 3525 4947">
    <p class='ocr_par' dir='ltr' id='par_1_98' title="bbox 1947 4869 3525 4942">
     <span class='ocr_line' id='line_1_98' title="bbox 1947 4869 3525 4942; baseline 0.002 -20"><span class='ocrx_word' id='word_1_732' title='bbox 1947 4870 2075 4923; x_wconf 90' lang='lat' dir='ltr'><strong>mini</strong></span> <span class='ocrx_word' id='word_1_733' title='bbox 2098 4883 2224 4923; x_wconf 92' lang='lat' dir='ltr'><strong>cum</strong></span> <span class='ocrx_word' id='word_1_734' title='bbox 2250 4884 2390 4924; x_wconf 89' lang='lat' dir='ltr'><strong>nova</strong></span> <span class='ocrx_word' id='word_1_735' title='bbox 2423 4869 2540 4939; x_wconf 89' lang='lat' dir='ltr'><strong>lege</strong></span> <span class='ocrx_word' id='word_1_736' title='bbox 2560 4869 2765 4925; x_wconf 87' lang='lat' dir='ltr'><strong>dicitur</strong></span> <span class='ocrx_word' id='word_1_737' title='bbox 2785 4886 2816 4925; x_wconf 88' lang='lat' dir='ltr'><strong>e</strong></span> <span class='ocrx_word' id='word_1_738' title='bbox 2833 4885 2985 4924; x_wconf 41' lang='lat' dir='ltr'><strong>&#39;nova</strong></span> <span class='ocrx_word' id='word_1_739' title='bbox 3006 4869 3333 4936; x_wconf 89' lang='lat' dir='ltr'><strong>Jerusalem,</strong></span> <span class='ocrx_word' id='word_1_740' title='bbox 3360 4887 3525 4942; x_wconf 89' lang='lat' dir='ltr'><strong>quam</strong></span> 
     </span>
    </p>
   </div>
   <div class='ocr_carea' id='block_1_99' title="bbox 247 4959 1842 5038">
    <p class='ocr_par' dir='ltr' id='par_1_99' title="bbox 247 4961 1840 5038">
     <span class='ocr_line' id='line_1_99' title="bbox 247 4961 1840 5038; baseline 0.004 -23"><span class='ocrx_word' id='word_1_741' title='bbox 247 4961 632 5026; x_wconf 79' lang='grc' dir='ltr'>ἐξελεύσεσθαι</span> <span class='ocrx_word' id='word_1_742' title='bbox 683 4965 748 5017; x_wconf 93' lang='grc' dir='ltr'><strong>ἐκ</strong></span> <span class='ocrx_word' id='word_1_743' title='bbox 797 4963 892 5017; x_wconf 87' lang='grc' dir='ltr'><strong>τοῦ</strong></span> <span class='ocrx_word' id='word_1_744' title='bbox 940 4965 1128 5018; x_wconf 86' lang='grc' dir='ltr'>καινοῦ</span> <span class='ocrx_word' id='word_1_745' title='bbox 1177 4965 1358 5035; x_wconf 77' lang='grc' dir='ltr'>ὅρους,</span> <span class='ocrx_word' id='word_1_746' title='bbox 1407 4966 1713 5037; x_wconf 81' lang='grc' dir='ltr'>ὁμωνύμως</span> <span class='ocrx_word' id='word_1_747' title='bbox 1764 4968 1840 5038; x_wconf 84' lang='grc' dir='ltr'><strong>τῷ</strong></span> 
     </span>
    </p>
   </div>
   <div class='ocr_carea' id='block_1_100' title="bbox 1947 4959 3526 5038">
    <p class='ocr_par' dir='ltr' id='par_1_100' title="bbox 1947 4959 3526 5034">
     <span class='ocr_line' id='line_1_100' title="bbox 1947 4959 3526 5034; baseline 0.004 -19"><span class='ocrx_word' id='word_1_748' title='bbox 1947 4962 2162 5016; x_wconf 85' lang='lat' dir='ltr'><strong>domum</strong></span> <span class='ocrx_word' id='word_1_749' title='bbox 2212 4961 2306 5016; x_wconf 92' lang='lat' dir='ltr'><strong>Dei</strong></span> <span class='ocrx_word' id='word_1_750' title='bbox 2336 4959 2507 5016; x_wconf 89' lang='lat' dir='ltr'><strong>Jacob</strong></span> <span class='ocrx_word' id='word_1_751' title='bbox 2561 4979 2726 5033; x_wconf 89' lang='lat' dir='ltr'><strong>supra</strong></span> <span class='ocrx_word' id='word_1_752' title='bbox 2785 4964 3099 5034; x_wconf 88' lang='lat' dir='ltr'><strong>appellavit,</strong></span> <span class='ocrx_word' id='word_1_753' title='bbox 3155 4964 3526 5034; x_wconf 87' lang='lat' dir='ltr'><strong>proditurum.</strong></span> 
     </span>
    </p>
   </div>
   <div class='ocr_carea' id='block_1_101' title="bbox 249 5055 1842 5129">
    <p class='ocr_par' dir='ltr' id='par_1_101' title="bbox 249 5055 1842 5128">
     <span class='ocr_line' id='line_1_101' title="bbox 249 5055 1842 5128; baseline 0.003 -20"><span class='ocrx_word' id='word_1_754' title='bbox 249 5056 506 5127; x_wconf 83' lang='grc' dir='ltr'>προτέρῳ</span> <span class='ocrx_word' id='word_1_755' title='bbox 539 5055 678 5110; x_wconf 90' lang='grc' dir='ltr'>Σιὼν</span> <span class='ocrx_word' id='word_1_756' title='bbox 708 5057 803 5110; x_wconf 71' lang='grc' dir='ltr'>καὶ</span> <span class='ocrx_word' id='word_1_757' title='bbox 833 5055 1001 5109; x_wconf 79' lang='grc' dir='ltr'>αὑτοῦ</span> <span class='ocrx_word' id='word_1_758' title='bbox 1037 5056 1463 5128; x_wconf 77' lang='grc' dir='ltr'>ὀνομαζομένου,</span> <span class='ocrx_word' id='word_1_759' title='bbox 1499 5056 1732 5126; x_wconf 72' lang='grc' dir='ltr'>λέγεταιο</span> <span class='ocrx_word' id='word_1_760' title='bbox 1763 5059 1842 5112; x_wconf 74' lang='grc' dir='ltr'>ἔτι</span> 
     </span>
    </p>
   </div>
   <div class='ocr_carea' id='block_1_102' title="bbox 1947 5055 3528 5129">
    <p class='ocr_par' dir='ltr' id='par_1_102' title="bbox 1947 5055 3528 5129">
     <span class='ocr_line' id='line_1_102' title="bbox 1947 5055 3528 5129; baseline 0.002 -20"><span class='ocrx_word' id='word_1_761' title='bbox 1947 5055 2184 5112; x_wconf 88' lang='lat' dir='ltr'><strong>Verbum</strong></span> <span class='ocrx_word' id='word_1_762' title='bbox 2218 5056 2382 5127; x_wconf 90' lang='lat' dir='ltr'><strong>igitur</strong></span> <span class='ocrx_word' id='word_1_763' title='bbox 2412 5057 2478 5112; x_wconf 90' lang='lat' dir='ltr'><strong>ad</strong></span> <span class='ocrx_word' id='word_1_764' title='bbox 2506 5073 2698 5112; x_wconf 90' lang='lat' dir='ltr'><strong>omnes</strong></span> <span class='ocrx_word' id='word_1_765' title='bbox 2734 5067 2923 5128; x_wconf 90' lang='lat' dir='ltr'><strong>gentes</strong></span> <span class='ocrx_word' id='word_1_766' title='bbox 2954 5058 3217 5128; x_wconf 90' lang='lat' dir='ltr'><strong>prodiens</strong></span> <span class='ocrx_word' id='word_1_767' title='bbox 3243 5058 3528 5129; x_wconf 86' lang='lat' dir='ltr'><strong>judicatu-</strong></span> 
     </span>
    </p>
   </div>
   <div class='ocr_carea' id='block_1_103' title="bbox 246 5146 1842 5223">
    <p class='ocr_par' dir='ltr' id='par_1_103' title="bbox 246 5146 1842 5223">
     <span class='ocr_line' id='line_1_103' title="bbox 246 5146 1842 5223; baseline 0.002 -22"><span class='ocrx_word' id='word_1_768' title='bbox 246 5148 307 5201; x_wconf 86' lang='grc' dir='ltr'><strong>δέ</strong></span> <span class='ocrx_word' id='word_1_769' title='bbox 343 5148 434 5201; x_wconf 72' lang='grc' dir='ltr'><strong>καὶ</strong></span> <span class='ocrx_word' id='word_1_770' title='bbox 460 5148 616 5217; x_wconf 87' lang='grc' dir='ltr'>λόγος</span> <span class='ocrx_word' id='word_1_771' title='bbox 649 5149 853 5219; x_wconf 84' lang='grc' dir='ltr'>Κυρίου</span> <span class='ocrx_word' id='word_1_772' title='bbox 892 5148 1028 5219; x_wconf 87' lang='grc' dir='ltr'><strong>μετά</strong></span> <span class='ocrx_word' id='word_1_773' title='bbox 1061 5146 1155 5200; x_wconf 88' lang='grc' dir='ltr'><strong>τοῦ</strong></span> <span class='ocrx_word' id='word_1_774' title='bbox 1199 5147 1386 5201; x_wconf 85' lang='grc' dir='ltr'>καινοῦ</span> <span class='ocrx_word' id='word_1_775' title='bbox 1426 5148 1591 5220; x_wconf 91' lang='grc' dir='ltr'>νόμου</span> <span class='ocrx_word' id='word_1_776' title='bbox 1626 5151 1842 5223; x_wconf 78' lang='grc' dir='ltr'>εἴρηται</span> 
     </span>
    </p>
   </div>
   <div class='ocr_carea' id='block_1_104' title="bbox 1947 5146 3529 5223">
    <p class='ocr_par' dir='ltr' id='par_1_104' title="bbox 1947 5149 3529 5220">
     <span class='ocr_line' id='line_1_104' title="bbox 1947 5149 3529 5220; baseline 0.001 -17"><span class='ocrx_word' id='word_1_777' title='bbox 1947 5165 2065 5203; x_wconf 91' lang='lat' dir='ltr'><strong>rum</strong></span> <span class='ocrx_word' id='word_1_778' title='bbox 2096 5149 2241 5203; x_wconf 91' lang='lat' dir='ltr'><strong>inter</strong></span> <span class='ocrx_word' id='word_1_779' title='bbox 2272 5150 2477 5206; x_wconf 90' lang='lat' dir='ltr'><strong>multos</strong></span> <span class='ocrx_word' id='word_1_780' title='bbox 2500 5150 2732 5220; x_wconf 88' lang='lat' dir='ltr'><strong>populos</strong></span> <span class='ocrx_word' id='word_1_781' title='bbox 2756 5156 2810 5204; x_wconf 88' lang='lat' dir='ltr'><strong>et</strong></span> <span class='ocrx_word' id='word_1_782' title='bbox 2832 5158 3023 5220; x_wconf 82' lang='lat' dir='ltr'><strong>gentes</strong></span> <span class='ocrx_word' id='word_1_783' title='bbox 3046 5149 3218 5206; x_wconf 83' lang='lat' dir='ltr'><strong>fortes</strong></span> <span class='ocrx_word' id='word_1_784' title='bbox 3243 5158 3529 5220; x_wconf 90' lang='lat' dir='ltr'><strong>correptu-</strong></span> 
     </span>
    </p>
   </div>
   <div class='ocr_carea' id='block_1_105' title="bbox 249 5237 1842 5314">
    <p class='ocr_par' dir='ltr' id='par_1_105' title="bbox 249 5237 1839 5313">
     <span class='ocr_line' id='line_1_105' title="bbox 249 5237 1839 5313; baseline 0.002 -20"><span class='ocrx_word' id='word_1_785' title='bbox 249 5242 318 5294; x_wconf 80' lang='grc' dir='ltr'><strong>ἐκ</strong></span> <span class='ocrx_word' id='word_1_786' title='bbox 348 5242 446 5312; x_wconf 78' lang='grc' dir='ltr'><strong>τῆς</strong></span> <span class='ocrx_word' id='word_1_787' title='bbox 480 5241 607 5306; x_wconf 89' lang='grc' dir='ltr'>νέας</span> <span class='ocrx_word' id='word_1_788' title='bbox 651 5241 1025 5313; x_wconf 82' lang='grc' dir='ltr'>Ἰερουσαλὴμ,</span> <span class='ocrx_word' id='word_1_789' title='bbox 1053 5240 1140 5311; x_wconf 82' lang='grc' dir='ltr'><strong>·ἥν</strong></span> <span class='ocrx_word' id='word_1_790' title='bbox 1175 5239 1237 5310; x_wconf 85' lang='lat' dir='ltr'><strong>(f.</strong></span> <span class='ocrx_word' id='word_1_791' title='bbox 1272 5241 1362 5311; x_wconf 79' lang='grc'><strong>51)</strong></span> <span class='ocrx_word' id='word_1_792' title='bbox 1400 5237 1544 5296; x_wconf 83' lang='grc' dir='ltr'>οἷκον</span> <span class='ocrx_word' id='word_1_793' title='bbox 1577 5243 1670 5296; x_wconf 90' lang='grc' dir='ltr'><strong>τοῦ</strong></span> <span class='ocrx_word' id='word_1_794' title='bbox 1704 5243 1839 5297; x_wconf 83' lang='grc' dir='ltr'>Θεοῦ</span> 
     </span>
    </p>
   </div>
   <div class='ocr_carea' id='block_1_106' title="bbox 1947 5237 3528 5314">
    <p class='ocr_par' dir='ltr' id='par_1_106' title="bbox 1947 5243 3528 5314">
     <span class='ocr_line' id='line_1_106' title="bbox 1947 5243 3528 5314; baseline 0.001 -18"><span class='ocrx_word' id='word_1_795' title='bbox 1947 5257 2064 5297; x_wconf 92' lang='lat' dir='ltr'><strong>rum</strong></span> <span class='ocrx_word' id='word_1_796' title='bbox 2113 5243 2440 5309; x_wconf 88' lang='lat' dir='ltr'><strong>nuntiatur,</strong></span> <span class='ocrx_word' id='word_1_797' title='bbox 2505 5252 2832 5313; x_wconf 90' lang='lat' dir='ltr'><strong>tantumque</strong></span> <span class='ocrx_word' id='word_1_798' title='bbox 2890 5243 3241 5314; x_wconf 79' lang='lat' dir='ltr'><strong>profuturum</strong></span> <span class='ocrx_word' id='word_1_799' title='bbox 3311 5245 3528 5314; x_wconf 89' lang='lat' dir='ltr'><strong>proprio</strong></span> 
     </span>
    </p>
   </div>
   <div class='ocr_carea' id='block_1_107' title="bbox 263 5331 1842 5406">
    <p class='ocr_par' dir='ltr' id='par_1_107' title="bbox 263 5331 1839 5405">
     <span class='ocr_line' id='line_1_107' title="bbox 263 5331 1839 5405; baseline 0.003 -20"><span class='ocrx_word' id='word_1_800' title='bbox 263 5331 457 5386; x_wconf 78' lang='grc' dir='ltr'>Ἰακὼϐ</span> <span class='ocrx_word' id='word_1_801' title='bbox 491 5333 750 5405; x_wconf 83' lang='grc' dir='ltr'>ἀνωτέρω</span> <span class='ocrx_word' id='word_1_802' title='bbox 783 5336 1101 5404; x_wconf 83' lang='grc' dir='ltr'>προσεῖπεν,</span> <span class='ocrx_word' id='word_1_803' title='bbox 1145 5333 1588 5403; x_wconf 83' lang='grc' dir='ltr'>προελεύσεσθαι’</span> <span class='ocrx_word' id='word_1_804' title='bbox 1622 5337 1650 5388; x_wconf 86' lang='grc' dir='ltr'><strong>ό</strong></span> <span class='ocrx_word' id='word_1_805' title='bbox 1683 5336 1839 5405; x_wconf 84' lang='grc' dir='ltr'>λόγος</span> 
     </span>
    </p>
   </div>
   <div class='ocr_carea' id='block_1_108' title="bbox 1947 5331 3530 5406">
    <p class='ocr_par' dir='ltr' id='par_1_108' title="bbox 1947 5333 3530 5406">
     <span class='ocr_line' id='line_1_108' title="bbox 1947 5333 3530 5406; baseline 0 -18"><span class='ocrx_word' id='word_1_806' title='bbox 1947 5333 2147 5405; x_wconf 90' lang='lat' dir='ltr'><strong>iudicio</strong></span> <span class='ocrx_word' id='word_1_807' title='bbox 2181 5344 2234 5389; x_wconf 90' lang='lat' dir='ltr'><strong>et</strong></span> <span class='ocrx_word' id='word_1_808' title='bbox 2281 5335 2630 5405; x_wconf 90' lang='lat' dir='ltr'><strong>correptione</strong></span> <span class='ocrx_word' id='word_1_809' title='bbox 2661 5335 2730 5390; x_wconf 93' lang='lat' dir='ltr'><strong>iis</strong></span> <span class='ocrx_word' id='word_1_810' title='bbox 2772 5335 2865 5406; x_wconf 94' lang='lat' dir='ltr'><strong>qui</strong></span> <span class='ocrx_word' id='word_1_811' title='bbox 2895 5336 3230 5406; x_wconf 88' lang='lat' dir='ltr'><strong>corripiendi</strong></span> <span class='ocrx_word' id='word_1_812' title='bbox 3293 5345 3441 5401; x_wconf 87' lang='lat' dir='ltr'><strong>sunt,</strong></span> <span class='ocrx_word' id='word_1_813' title='bbox 3473 5344 3530 5388; x_wconf 93' lang='lat' dir='ltr'><strong>ut</strong></span> 
     </span>
    </p>
   </div>
   <div class='ocr_carea' id='block_1_109' title="bbox 247 5425 1842 5500">
    <p class='ocr_par' dir='ltr' id='par_1_109' title="bbox 247 5425 1836 5500">
     <span class='ocr_line' id='line_1_109' title="bbox 247 5425 1836 5500; baseline 0.002 -20"><span class='ocrx_word' id='word_1_814' title='bbox 247 5427 344 5480; x_wconf 69' lang='grc' dir='ltr'>ἐπὶ</span> <span class='ocrx_word' id='word_1_815' title='bbox 375 5425 549 5480; x_wconf 87' lang='grc' dir='ltr'>πάντα</span> <span class='ocrx_word' id='word_1_816' title='bbox 576 5426 642 5480; x_wconf 88' lang='grc' dir='ltr'><strong>τά</strong></span> <span class='ocrx_word' id='word_1_817' title='bbox 675 5426 800 5496; x_wconf 80' lang='grc' dir='ltr'>ἔθνη</span> <span class='ocrx_word' id='word_1_818' title='bbox 832 5425 1111 5497; x_wconf 86' lang='grc' dir='ltr'>προελθὼν</span> <span class='ocrx_word' id='word_1_819' title='bbox 1142 5430 1348 5498; x_wconf 86' lang='grc' dir='ltr'>κρινεῖν</span> <span class='ocrx_word' id='word_1_820' title='bbox 1377 5427 1480 5481; x_wconf 88' lang='grc' dir='ltr'><strong>ἀνά</strong></span> <span class='ocrx_word' id='word_1_821' title='bbox 1509 5428 1671 5500; x_wconf 89' lang='grc' dir='ltr'>μέσον</span> <span class='ocrx_word' id='word_1_822' title='bbox 1694 5429 1836 5483; x_wconf 82' lang='grc' dir='ltr'>λαῶν</span> 
     </span>
    </p>
   </div>
   <div class='ocr_carea' id='block_1_110' title="bbox 1947 5425 3528 5500">
    <p class='ocr_par' dir='ltr' id='par_1_110' title="bbox 1947 5425 3528 5497">
     <span class='ocr_line' id='line_1_110' title="bbox 1947 5425 3528 5497; baseline 0.002 -18"><span class='ocrx_word' id='word_1_823' title='bbox 1947 5425 2186 5497; x_wconf 89' lang='lat' dir='ltr'><strong>priorem</strong></span> <span class='ocrx_word' id='word_1_824' title='bbox 2220 5427 2578 5482; x_wconf 88' lang='lat' dir='ltr'><strong>immutantes</strong></span> <span class='ocrx_word' id='word_1_825' title='bbox 2602 5435 2858 5483; x_wconf 88' lang='lat' dir='ltr'><strong>sanctum</strong></span> <span class='ocrx_word' id='word_1_826' title='bbox 2889 5439 2944 5483; x_wconf 91' lang='lat' dir='ltr'><strong>et</strong></span> <span class='ocrx_word' id='word_1_827' title='bbox 2975 5427 3245 5484; x_wconf 71' lang='lat' dir='ltr'><strong>&quot;hostilem</strong></span> <span class='ocrx_word' id='word_1_828' title='bbox 3278 5429 3528 5483; x_wconf 90' lang='lat' dir='ltr'><strong>habitum</strong></span> 
     </span>
    </p>
   </div>
   <div class='ocr_carea' id='block_1_111' title="bbox 247 5517 1842 5592">
    <p class='ocr_par' dir='ltr' id='par_1_111' title="bbox 247 5517 1832 5590">
     <span class='ocr_line' id='line_1_111' title="bbox 247 5517 1832 5590; baseline 0.001 -20"><span class='ocrx_word' id='word_1_829' title='bbox 247 5519 461 5573; x_wconf 82' lang='grc' dir='ltr'>πολλῶν</span> <span class='ocrx_word' id='word_1_830' title='bbox 513 5520 606 5572; x_wconf 77' lang='grc' dir='ltr'><strong>καὶ</strong></span> <span class='ocrx_word' id='word_1_831' title='bbox 653 5517 894 5586; x_wconf 77' lang='grc' dir='ltr'>ἐλέγξειν</span> <span class='ocrx_word' id='word_1_832' title='bbox 946 5518 1075 5571; x_wconf 76' lang='grc' dir='ltr'>λαὸν</span> <span class='ocrx_word' id='word_1_833' title='bbox 1133 5519 1351 5589; x_wconf 75' lang='grc' dir='ltr'>ἰσχυρὸν</span> <span class='ocrx_word' id='word_1_834' title='bbox 1413 5520 1832 5590; x_wconf 79' lang='grc' dir='ltr'>προηγόρευται,</span> 
     </span>
    </p>
   </div>
   <div class='ocr_carea' id='block_1_112' title="bbox 1947 5517 3526 5592">
    <p class='ocr_par' dir='ltr' id='par_1_112' title="bbox 1947 5518 3526 5592">
     <span class='ocr_line' id='line_1_112' title="bbox 1947 5518 3526 5592; baseline 0 -19"><span class='ocrx_word' id='word_1_835' title='bbox 1947 5526 2238 5576; x_wconf 84' lang='lat' dir='ltr'><strong>mansueto</strong></span> <span class='ocrx_word' id='word_1_836' title='bbox 2267 5527 2322 5574; x_wconf 93' lang='lat' dir='ltr'><strong>et</strong></span> <span class='ocrx_word' id='word_1_837' title='bbox 2374 5519 2722 5590; x_wconf 83' lang='lat' dir='ltr'><strong>paciﬁco.....</strong></span> <span class='ocrx_word' id='word_1_838' title='bbox 2769 5518 2896 5575; x_wconf 70' lang='lat' dir='ltr'><strong>Haec</strong></span> <span class='ocrx_word' id='word_1_839' title='bbox 2947 5519 3168 5591; x_wconf 90' lang='lat' dir='ltr'><strong>quidem</strong></span> <span class='ocrx_word' id='word_1_840' title='bbox 3217 5520 3526 5592; x_wconf 84' lang='lat' dir='ltr'><strong>prophetia.</strong></span> 
     </span>
    </p>
   </div>
   <div class='ocr_carea' id='block_1_113' title="bbox 246 5609 1842 5683">
    <p class='ocr_par' dir='ltr' id='par_1_113' title="bbox 246 5609 1833 5682">
     <span class='ocr_line' id='line_1_113' title="bbox 246 5609 1833 5682; baseline 0.002 -19"><span class='ocrx_word' id='word_1_841' title='bbox 246 5611 502 5663; x_wconf 77' lang='grc' dir='ltr'>τοσοῦτόν</span> <span class='ocrx_word' id='word_1_842' title='bbox 536 5627 594 5662; x_wconf 84' lang='grc' dir='ltr'><strong>τε</strong></span> <span class='ocrx_word' id='word_1_843' title='bbox 628 5610 930 5680; x_wconf 76' lang='grc' dir='ltr'>ὠφελήσειν</span> <span class='ocrx_word' id='word_1_844' title='bbox 957 5609 1043 5663; x_wconf 78' lang='grc' dir='ltr'>διὰ</span> <span class='ocrx_word' id='word_1_845' title='bbox 1070 5611 1165 5681; x_wconf 79' lang='grc' dir='ltr'>τῆς</span> <span class='ocrx_word' id='word_1_846' title='bbox 1198 5611 1332 5673; x_wconf 86' lang='grc' dir='ltr'>ἰδίας</span> <span class='ocrx_word' id='word_1_847' title='bbox 1359 5611 1588 5682; x_wconf 85' lang='grc' dir='ltr'>κρίσεως</span> <span class='ocrx_word' id='word_1_848' title='bbox 1623 5613 1715 5666; x_wconf 73' lang='grc' dir='ltr'><strong>καὶ</strong></span> <span class='ocrx_word' id='word_1_849' title='bbox 1743 5613 1833 5666; x_wconf 85' lang='grc' dir='ltr'><strong>τοῦ</strong></span> 
     </span>
    </p>
   </div>
   <div class='ocr_carea' id='block_1_114' title="bbox 1947 5609 3527 5683">
    <p class='ocr_par' dir='ltr' id='par_1_114' title="bbox 1947 5610 3527 5683">
     <span class='ocr_line' id='line_1_114' title="bbox 1947 5610 3527 5683; baseline -0.001 -17"><span class='ocrx_word' id='word_1_850' title='bbox 1947 5610 2101 5667; x_wconf 81' lang='lat' dir='ltr'><strong>Nunc</strong></span> <span class='ocrx_word' id='word_1_851' title='bbox 2137 5627 2268 5668; x_wconf 85' lang='lat' dir='ltr'><strong>vero</strong></span> <span class='ocrx_word' id='word_1_852' title='bbox 2301 5611 2697 5683; x_wconf 82' lang='lat' dir='ltr'><strong>speculandum</strong></span> <span class='ocrx_word' id='word_1_853' title='bbox 2751 5628 2937 5670; x_wconf 90' lang='lat' dir='ltr'><strong>an.....</strong></span> <span class='ocrx_word' id='word_1_854' title='bbox 2993 5613 3294 5670; x_wconf 81' lang='lat' dir='ltr'><strong>Salvatoris</strong></span> <span class='ocrx_word' id='word_1_855' title='bbox 3354 5615 3527 5670; x_wconf 88' lang='lat' dir='ltr'><strong>nostri</strong></span> 
     </span>
    </p>
   </div>
   <div class='ocr_carea' id='block_1_115' title="bbox 319 5787 1668 5857">
    <p class='ocr_par' dir='ltr' id='par_1_115' title="bbox 319 5787 1668 5857">
     <span class='ocr_line' id='line_1_115' title="bbox 319 5787 1668 5857; baseline 0.004 -16"><span class='ocrx_word' id='word_1_856' title='bbox 319 5788 364 5820; x_wconf 86' lang='lat'><strong>&quot;</strong></span> <span class='ocrx_word' id='word_1_857' title='bbox 408 5787 568 5844; x_wconf 75' lang='lat' dir='ltr'><strong>liich.</strong></span> <span class='ocrx_word' id='word_1_858' title='bbox 605 5801 643 5852; x_wconf 84' lang='grc' dir='ltr'><strong>ι,</strong></span> <span class='ocrx_word' id='word_1_859' title='bbox 685 5787 737 5842; x_wconf 81' lang='lat'><strong>&#39;5.</strong></span> <span class='ocrx_word' id='word_1_860' title='bbox 815 5790 858 5820; x_wconf 73' lang='lat'><strong>&quot;‘</strong></span> <span class='ocrx_word' id='word_1_861' title='bbox 903 5787 1064 5844; x_wconf 71' lang='lat' dir='ltr'><strong>Mich.</strong></span> <span class='ocrx_word' id='word_1_862' title='bbox 1101 5805 1194 5856; x_wconf 84' lang='grc' dir='ltr'>ιιι,</span> <span class='ocrx_word' id='word_1_863' title='bbox 1230 5789 1398 5857; x_wconf 61' lang='lat' dir='ltr'><strong>9—H;</strong></span> <span class='ocrx_word' id='word_1_864' title='bbox 1440 5806 1512 5856; x_wconf 76' lang='grc' dir='ltr'>ιγ,</span> <span class='ocrx_word' id='word_1_865' title='bbox 1551 5790 1668 5846; x_wconf 80' lang='grc'><strong>1-5.</strong></span> 
     </span>
    </p>
   </div>
  </div>
