3814 6220
301 297 442 357 Ηιὶό

945 291 1218 350 EUSEBll
1264 289 1747 347 CESABIENSIS
1780 287 1931 344 OPP.
1973 287 2155 344 PARS
2189 287 2274 342 Ill.
2317 316 2384 331 -υ
2425 272 2841 340 EXEGETlCAs

3424 275 3544 332 ll“

300 415 650 490 praesentiam
707 419 932 485 propter
987 409 1438 466 aediﬁcantes..."
1513 407 1874 480 sanguinibus

1999 406 2199 476 ,λέγχου
2227 407 2352 469 τοὺς
2383 399 2894 473 ὲλεγχθησομένους,
2919 397 2994 490 ῶς
3013 395 3113 468 τῆς
3144 393 3414 490 προτέρας
3453 413 3546 490 με-

301 508 692 581 prophetarum
720 504 1000 576 ipsiusque
1027 501 1229 556 Christi
1261 510 1317 556 et
1375 540 1388 554 .
1413 543 1426 556 .
1458 541 1470 553 .
1505 543 1518 557 .
1553 543 1568 556 .
1609 500 1876 557 stolorum

302 603 457 672 ejus;
484 614 624 670 quos
646 599 702 652 in
732 594 1168 667 ipsxlerusalem
1209 591 1522 648 Iudaeorum
1553 592 1777 648 sustulit

304 691 590 763 (populus)
718 698 938 759 propter
953 702 1050 742 eos
1081 687 1173 757 qui
1192 699 1532 755 quaecunque
1567 685 1622 738 in
1644 684 1880 755 prophe-

306 785 382 838 tia
400 782 697 839 sustul.....
725 787 984 834 curantes
1012 777 1144 834 Sion
1163 788 1402 833 montem
1425 777 1576 831 velut
1608 789 1879 845 nusquam

307 876 444 930 alias
622 871 926 926 Jerusalem
983 878 1291 940 expugnata
1339 879 1442 925 est.
1477 867 1722 934 Quorum
1758 874 1882 937 post

269 1009 278 1013 -
306 964 748 1036 reprobationem
917 970 971 1016 et
1001 959 1133 1015 Sion
1160 977 1320 1017 mons
1341 962 1581 1017 caelestis
1603 960 1717 1016 Dei.
1743 960 1888 1026 Quo-

307 1071 430 1112 rum
453 1055 796 1111 exsistebant
993 1055 1188 1108 umbra
1231 1062 1286 1108 et
1317 1055 1430 1124 typi
1467 1062 1522 1107 et
1551 1053 1885 1123 exemplaria

307 1147 564 1202 omnibus
596 1146 663 1200 iis
689 1145 783 1215 qui
1002 1143 1172 1200 Deum
1216 1161 1314 1216 per
1365 1145 1646 1201 Christum
1693 1160 1887 1216 perve-

309 1238 462 1294 nisse
493 1236 783 1292 manifeste
814 1237 916 1291 visi
943 1244 1090 1293 sunt.

1980 685 2013 752 ή
2046 679 2382 752 προφητεία·
2414 679 2634 731 σκοπεῖν
2659 676 2719 730 δὲ
2754 674 3014 744 πάρεστιν
3046 673 3158 742 εἰμ.
3185 709 3199 722 .
3227 711 3241 724 .
3269 712 3284 723 .
3320 709 3334 722 .
3367 710 3378 721 .

1982 773 2234 843 Σωτῆρος
2252 770 2409 842 ήμῶν
2433 769 2730 840 παρουσίαν
2742 767 2832 823 διὰ
2844 769 2968 831 τοὺς
2982 764 3463 833 οἰκοδομήσαντας.
3540 799 3554 811 .

1979 497 2309 559 τα6αλόντας
2350 495 2509 563 ἁγίας
2552 493 2646 547 καὶ
2689 488 2988 560 πολεμικῆς
3031 486 3417 548 καταστάσεως
3469 485 3549 537 τὸν

1981 591 2184 660 ἤρεμον
2214 587 2307 642 καὶ
2333 584 2604 658 εἰρηνικὸν
2628 586 2736 636 ὲπ.
2782 621 2797 634 .
2842 620 2856 634 .
2900 619 2914 633 .
2958 619 2974 632 .
3023 617 3036 631 .
3078 617 3093 631 .
3137 616 3152 631 .
3194 616 3210 631 .
3245 575 3436 629 Ταῦτα
3458 575 3551 676 μὲν

3420 683 3552 719 ,του

1983 868 2094 924 τοῖς
2131 863 2325 935 αἵμασι
2359 861 2468 916 τῶν
2494 878 2554 913 τε
2589 858 2878 932 προφητῶν
2895 857 2989 912 καὶ
3014 853 3180 910 αὐτοῦ
3200 852 3294 906 τοῦ
3320 849 3558 922 Χριστοῦ

1988 958 2082 1012 καὶ
2100 975 2198 1011 τω.
2221 997 2235 1010 .
2269 997 2282 1009 .
2328 997 2342 1010 .
2377 995 2391 1008 .
2432 954 2538 1007 λων
2583 952 2767 1006 αὐτοῦ·
2803 950 2898 1016 οὓς
2929 953 2987 1004 ὲν
3018 949 3152 1019 αὐτῇ
3184 948 3251 1016 τῇ
3290 945 3559 1014 Ἰερουσα-

1990 1050 2102 1120 λὴμ
2128 1051 2157 1103 ὁ
2195 1047 2462 1103 Ἰουδαίων
2487 1047 2666 1100 ἀνεῖλε
2697 1044 2728 1096 λ
2753 1084 2766 1096 .
2813 1083 2827 1099 .
2871 1083 2887 1097 .
2931 1082 2949 1098 .
2988 1082 3004 1096 .
3033 1039 3122 1094 διὰ
3143 1039 3269 1101 τοὺς
3298 1035 3367 1089 τὰ
3397 1032 3562 1086 λοιπὰ

1991 1143 2090 1194 ὅσα
2121 1141 2184 1212 δὴ
2220 1143 2278 1193 ὲν
2312 1143 2380 1212 τῇ
2423 1137 2728 1210 προφητείᾳ
2757 1134 2971 1190 κατείλε
3014 1172 3030 1187 .
3073 1173 3087 1185 .
3131 1171 3144 1185 .
3190 1171 3206 1186 .
3246 1167 3263 1183 .
3310 1167 3324 1181 .
3370 1168 3384 1181 .
3429 1163 3446 1177 .
3489 1163 3504 1177 .
3547 1164 3561 1177 .

1997 1234 2334 1305 μελήσαντας
2356 1233 2416 1284 τὸ
2444 1230 2582 1284 Σιὼν
2607 1230 2733 1301 ὅρος
2753 1229 2827 1292 ὠς
2847 1225 3188 1280 οὐδεπώποτε
3207 1221 3398 1276 ἄλλοτε
3422 1258 3436 1270 .
3467 1256 3481 1268 .
3507 1257 3521 1270 .
3548 1252 3562 1267 .

323 1332 678 1404 Ἰερουσαλὴμ
705 1331 1156 1404 πεπολιόρκηται·
1200 1325 1276 1388 ὧν
1315 1332 1452 1403 μετὰ
1489 1333 1588 1403 τὴν
1640 1333 1918 1402 ἐρήμωσιν
1955 1331 1989 1400 ἡ
2020 1332 2092 1382 ὲπ
2132 1368 2146 1383 .
2190 1369 2204 1382 .
2250 1369 2264 1382 .
2309 1368 2321 1380 .
2366 1368 2379 1381 .
2427 1368 2440 1382 .
2477 1326 2571 1380 καὶ
2599 1327 2662 1378 τδ
2693 1323 2831 1376 Σιὼν
2857 1322 2983 1393 ὅρος
3004 1321 3066 1374 τὸ
3090 1316 3414 1404 ἐπουράνιον

311 1422 466 1476 Θεοῦ·
528 1416 605 1476 ὧν
637 1422 930 1492 ἐτύγχανον
993 1439 1024 1476 τ
1068 1462 1082 1476 .
1128 1463 1141 1475 .

313 1515 550 1588 Χριστοῦ
581 1516 1008 1588 προσεληλυθόσι
1038 1517 1442 1586 πεφανέρωται.

891 1642 1124 1699 CAPUT
1159 1643 1302 1699 XIX.

943 1755 1029 1810 Ea:
1056 1756 1260 1812 eodem.

1185 1463 1201 1478 .
1245 1459 1260 1475 .
1294 1395 1421 1475 σκιὰ
1470 1395 1564 1474 καί
1590 1395 1758 1474 τύᾱτοῖ
1792 1419 1887 1473 καὶ
1915 1395 2331 1489 παραδείγματα
2365 1416 2498 1469 πᾶσι
2521 1415 2632 1476 τοῖς
2665 1411 2745 1475 είς
2776 1410 2866 1465 τὸν
2911 1451 2924 1464 .
2967 1445 2982 1462 .
3028 1447 3042 1461 .
3084 1447 3100 1462 .
3143 1448 3157 1460 .
3202 1444 3218 1458 .
3264 1443 3278 1456 .
3319 1401 3457 1455 Θεὸν
3483 1395 3568 1450 διὰ

2511 1627 2903 1685 ΚΕΦΑΛΑΙΟΝ
2953 1627 3033 1680 ΙΘ
3041 1668 3054 1680 .

2518 1742 2659 1799 Ἀπὸ
2698 1741 2804 1796 τοῦ
2835 1740 3040 1795 αὑτοῦ.

392 1891 410 1925 ι
451 1871 518 1926 Ει
546 1879 606 1927 tu
628 1871 965 1934 Bethlehem,
997 1869 1195 1925 domus
1226 1869 1498 1941 Ephratae,
1537 1869 1802 1942 parvulus
1831 1885 1891 1925 es

2073 1906 2090 1938 ι
2110 1885 2221 1939 Kal.
2242 1886 2328 1948 σὺ,
2364 1881 2626 1952 Βηθλεὲμ,
2647 1874 2793 1943 οἶκος
2826 1877 2917 1932 τοῦ
2933 1874 3197 1948 Ἐφραθὰ.
3225 1874 3505 1942 ὀλιγοσζτὺς
3527 1869 3577 1927 εἴ

319 1966 374 2019 in
421 1965 663 2020 millibus
703 1961 886 2028 Juda;
935 1978 1002 2019 ex
1050 1970 1105 2018 te
1137 1963 1271 2016 mihi
1335 1962 1644 2032 egredietur
1695 1964 1788 2033 qui
1823 1964 1895 2019 sit

319 2054 640 2111 Dominator
670 2056 726 2110 in
751 2053 941 2119 Israel,
976 2063 1030 2109 et
1063 2069 1320 2126 egressus
1370 2053 1491 2122 ejus
1519 2053 1588 2107 ab
1644 2053 1833 2118 initio,
1864 2067 1895 2105 a

317 2147 513 2203 diebus
559 2146 884 2202 mternitatis
927 2146 997 2178 ⁸⁶⁹
1035 2164 1054 2198 ι
1276 2144 1374 2200 His
1418 2145 1776 2201 stabiliuntur
1829 2145 1896 2200 de

318 2237 540 2294 Christo
562 2237 907 2292 documenta.
935 2234 1116 2291 Unum
1161 2250 1291 2291 vero
1326 2235 1642 2299 Marcionis,
1678 2245 1898 2291 caetero-

322 2340 552 2398 rumq‘ue
573 2327 956 2383 haereticorum
985 2325 1194 2382 erroris
1385 2327 1616 2381 alterum
1647 2326 1898 2381 Artemo-

323 2422 409 2476 nis
439 2429 493 2476 et
519 2419 874 2478 Samosatens
1069 2419 1452 2474 Ebionaeorum
1483 2427 1754 2490 quotquot
1786 2435 1896 2474 non

321 2512 706 2582 praeexsistere
743 2512 1139 2568 incarnationis
1347 2520 1731 2582 susceperunt.
1787 2511 1898 2567 Hos

1996 1975 2089 2031 τοῦ
2128 1975 2268 2028 εἶναι
2308 1973 2389 2044 ὲ(ν
2461 1970 2719 2042 χιλι)ἁσιν
2768 1967 2956 2021 Ἰούδα·
2988 1965 3047 2030 ἐξ
3076 1957 3136 2018 οὗ
3173 1983 3260 2035 μοι
3293 1963 3577 2028 ἐξελεύσε-

1993 2087 2083 2123 ται
2116 2066 2281 2135 Ἠγού
2290 2081 2448 2137 μενος
2483 2062 2578 2116 τοῦ
2601 2057 2739 2114 εἶναι
2765 2061 2844 2122 είς
2867 2055 3144 2128 ᾶρχο(ντα)
3163 2058 3220 2108 ἐν
3241 2054 3319 2124 τῷ
3336 2053 3576 2124 Ἰσραήλ·

1994 2162 2090 2214 καὶ
2127 2160 2181 2212 αἱ
2206 2157 2372 2224 ἔξοδοι
2400 2152 2566 2210 αὑτοῦ
2591 2155 2685 2206 ἀπ’
2710 2151 2884 2222 ἀρχῆς
2901 2150 2959 2215 ἐξ
2986 2145 3208 2219 ἡμερῶν
3233 2145 3536 2199 αἰώνωνηη
3552 2162 3573 2194 ι

1997 2251 2098 2304 Διὰ
2123 2250 2330 2304 τούτων
2361 2247 2626 2316 δείγματα
2665 2244 2792 2313 περὶ
2828 2240 2922 2294 τοῦ
2953 2237 3187 2311 Χριστοῦ
3222 2237 3577 2308 παρίσταται·

1998 2342 2054 2396 ἓν
2090 2343 2191 2413 μὲν
2217 2342 2317 2410 τῆς
2351 2338 2534 2410 (κα)τὰ
2566 2335 2868 2407 Μαρκίωνα
2903 2333 2998 2386 καὶ
3035 2332 3160 2394 τοὺς
3181 2330 3405 2393 λοιποὺς
3426 2332 3581 2398 αἱρε-

2000 2434 2200 2497 σιώτας
2231 2432 2435 2502 πλάνης
2469 2434 2494 2484 ὲ
2537 2470 2549 2483 .
2597 2470 2610 2483 .
2655 2470 2667 2481 .
2713 2467 2726 2480 .
2771 2468 2784 2481 .
2831 2468 2844 2480 .
2891 2469 2904 2481 .
2946 2464 2962 2478 .
3006 2466 3020 2480 .
3070 2465 3084 2478 .
3116 2423 3344 2493 θάτερον
3381 2423 3440 2476 δὲ
3478 2421 3584 2490 τῆς

1999 2525 2138 2580 κατὰ
2166 2523 2481 2597 Ἀρτέμωνα
2510 2522 2603 2575 καὶ
2622 2519 2713 2572 τὸν
2730 2516 3032 2588 Σαμοσατέ.
3078 2557 3092 2571 .
3127 2555 3142 2570 .
3174 2555 3188 2568 .
3229 2554 3242 2568 .
3273 2554 3287 2567 .
3326 2555 3341 2569 .
3385 2513 3586 2566 Ἐϐιω-

322 2605 468 2659 enim
503 2605 598 2675 qui
644 2619 756 2660 non
801 2603 1132 2659 conﬁtentur
1173 2619 1298 2659 eum
1494 2601 1664 2658 Deum
1713 2608 1896 2674 aperte

2001 2617 2166 2671 ναίων
2195 2633 2257 2669 τε
2295 2615 2407 2668 ὅσοι
2433 2611 2506 2683 μὴ
2530 2613 2776 2682 προεῖναι
2805 2608 2907 2679 τῆς
2930 2605 3402 2677 ὲνανθρωπήσεως
3447 2643 3462 2656 .
3508 2640 3525 2654 .
3567 2640 3584 2654 .

323 2695 675 2767 prapheticus
720 2695 972 2752 confutat
1025 2710 1206 2779 sermo
1377 2696 1538 2766 quasi
1597 2713 1616 2746 ι
1644 2711 1896 2763 egressus

2003 2746 2017 2760 .
2063 2745 2076 2756 .
2120 2743 2134 2757 .
2181 2743 2194 2757 .
2235 2702 2632 2774 ὑπειλήφασιν·
2680 2700 2805 2761 τοὺς
2853 2696 2950 2768 μὲν
2997 2694 3106 2766 γὰρ
3144 2694 3218 2765 μὴ
3257 2690 3590 2764 ὁμολογοῦν-

323 2785 446 2856 ejus
477 2788 547 2842 ab
573 2787 753 2852 initio,
781 2802 811 2841 a
841 2786 1035 2842 diebus
1057 2786 1376 2841 aeternitatis
1413 2805 1432 2838 ι
1605 2785 1896 2842 Marcionis

1999 2811 2097 2859 τας
2131 2793 2308 2848 αὑτὸν.
2353 2831 2368 2845 .
2414 2834 2425 2845 .
2471 2830 2486 2844 .
2530 2831 2542 2843 .
2588 2831 2602 2845 .
2649 2831 2662 2847 .
2708 2829 2722 2843 .
2766 2830 2779 2843 .
2823 2829 2837 2844 .
2872 2788 3004 2842 Θεὸν
3039 2785 3223 2856 σαφῶς
3254 2785 3284 2836 ὁ
3317 2800 3592 2854 προφητι-

325 2887 510 2936 autem
538 2887 594 2936 et
623 2889 850 2935 caeteras
1033 2879 1089 2934 in
1112 2892 1302 2933 errore
1321 2876 1556 2932 versatis
1585 2883 1751 2948 atque
1789 2893 1896 2932 non

2003 2886 2099 2950 κὸς
2127 2885 2390 2955 διελέγχει
2418 2884 2575 2951 λόγος
2607 2899 2666 2934 τε
2711 2919 2726 2934 .
2771 2920 2786 2934 .
2829 2920 2845 2936 .
2890 2919 2903 2932 .
2949 2919 2964 2933 .
3009 2919 3022 2930 .
3069 2917 3082 2930 .
3127 2918 3141 2931 .
3184 2915 3200 2929 .
3247 2917 3260 2930 .
3307 2915 3320 2927 .
3363 2875 3442 2936 ὡς
3481 2875 3598 2945 ἄρα

326 2973 750 3044 agnoscentibus
819 2987 944 3028 eum
999 3012 1014 3027 .
1049 3011 1063 3024 .
1093 3010 1107 3024 .
1139 3011 1153 3024 .
1194 3010 1210 3025 .
1273 2984 1384 3024 non
1459 2969 1607 3040 quod
1682 2970 1896 3041 agnitus

2009 2997 2027 3030 ι
2054 2981 2110 3033 αί
2141 2978 2308 3042 ἔξοδοι
2337 2975 2502 3030 αὐτοῦ
2533 2978 2628 3030 ἀπ’
2657 2974 2832 3046 ἀρχῆς
2873 2992 2892 3025 ι
2923 2972 3019 3027 καὶ
3056 2991 3074 3023 ι
3109 2970 3168 3037 ἐξ
3198 2968 3421 3040 ήμερῶν
3447 2986 3588 3022 α...»

325 3074 498 3122 erata
540 3066 744 3135 populo
939 3061 1338 3120 ostendendum
1386 3062 1534 3132 quod
1580 3061 1896 3133 praedictum

2008 3109 2022 3124 .
2067 3112 2083 3126 .
2129 3111 2141 3124 .
2188 3110 2201 3122 .
2249 3111 2261 3123 .
2306 3111 2319 3123 .
2364 3107 2379 3122 .
2419 3086 2590 3123 νουσι·
2617 3071 2731 3131 τοῖς
2765 3067 2820 3120 δὲ
2854 3064 2993 3120 κατὰ
3025 3063 3327 3135 Μαρκίωνα
3364 3061 3462 3113 καὶ
3494 3059 3597 3123 τὰς

326 3163 412 3212 est
440 3157 508 3212 de
531 3157 884 3228 generatione
1056 3155 1148 3210 lux
1170 3169 1345 3224 usque
1369 3169 1518 3209 nunc
1551 3154 1620 3209 ab
1643 3153 1779 3224 ipsis
1812 3155 1896 3208 in-

2007 3161 2200 3225 λοιπὰς
2241 3200 2255 3214 .
2298 3201 2313 3214 .
2360 3201 2372 3212 .
2420 3201 2434 3215 .
2477 3201 2490 3214 .
2536 3200 2549 3214 .
2597 3203 2609 3215 .
2655 3201 2669 3215 .
2713 3199 2727 3212 .
2776 3201 2789 3214 .
2833 3199 2847 3214 .
2887 3175 3000 3222 σεις
3025 3156 3473 3227 πεπλανημένοις
3504 3154 3600 3209 καὶ

327 3248 466 3305 colis
627 3247 795 3314 Quasi
816 3263 883 3303 ex
919 3247 1215 3304 traditione
1246 3245 1310 3301 in
1331 3244 1646 3302 Bethlehem
1677 3245 1784 3300 loci
1811 3245 1896 3301 ubi

2013 3253 2088 3326 μὴ
2123 3253 2472 3326 ὁμολογοῦσιν
2505 3253 2627 3308 αὐτ.
2672 3293 2685 3305 .
2729 3290 2745 3306 .
2789 3294 2803 3306 .
2847 3293 2862 3307 .
2905 3291 2920 3304 .
2964 3293 2978 3306 .
3021 3289 3038 3303 .
3080 3289 3093 3304 .
3137 3287 3153 3301 .
3193 3255 3239 3320 ρ’
3277 3247 3599 3316 καγένεσιν,

487 3339 704 3410 genitus
731 3346 852 3406 est;
903 3345 1069 3409 atque
1101 3339 1171 3394 ab
1223 3338 1360 3409 ipsis
1391 3338 1597 3394 sanctis
1633 3337 1896 3409 evangeli-

2013 3344 2132 3417 μηδ’
2162 3347 2244 3399 ὅτι
2300 3344 2538 3413 ἔγνωστο
2565 3345 2671 3397 ὑπὸ
2700 3343 2811 3398 τῶν
2843 3342 2937 3396 τοῦ
2975 3342 3172 3412 δημιου
3210 3377 3226 3392 .
3269 3379 3284 3391 .
3330 3383 3345 3395 .
3391 3379 3405 3392 .
3451 3378 3468 3392 .
3514 3377 3530 3390 .
3570 3354 3602 3389 ν

329 3430 434 3486 stis
603 3429 664 3483 Et
688 3427 893 3486 Iudaeis
925 3429 1326 3486 ostendendum
1358 3431 1505 3500 quod
1553 3430 1763 3486 dictum
1820 3437 1896 3484 est

2011 3437 2346 3509 παραθετέον
2373 3437 2465 3490 τὸν
2499 3435 2979 3508 προφητευόμενον
3009 3433 3111 3502 τῆς
3145 3431 3416 3499 γενέσεως
3458 3469 3475 3483 .
3521 3469 3537 3483 .
3579 3463 3598 3482 .

471 3521 784 3591 quicunque
813 3536 1053 3592 unquam
1077 3529 1226 3578 esset
1264 3521 1596 3578 contendere
1622 3520 1896 3592 propheth

2013 3569 2028 3584 .
2071 3568 2086 3582 .
2132 3571 2143 3581 .
2189 3568 2204 3581 .
2248 3569 2260 3582 .
2307 3570 2318 3583 .
2365 3569 2378 3581 .
2421 3546 2490 3582 σα
2520 3527 2635 3598 φῶς
2669 3530 2750 3592 εἰς
2779 3525 2937 3599 δεῦρο
2974 3526 3067 3579 καὶ
3103 3523 3240 3592 πρὸς
3269 3521 3454 3574 αὐτῶν
3489 3520 3604 3572 τῶν

330 3621 511 3667 zatum
543 3613 687 3670 sicut
736 3613 1113 3684 imperfectum
1307 3615 1608 3670 secundum
1639 3630 1756 3671 eos.
1791 3612 1896 3668 Ma-

2011 3620 2319 3692 ἐπιχωρίων
2350 3619 2554 3690 μολάγο
2580 3660 2594 3673 .
2641 3659 2654 3671 .
2698 3656 2712 3670 .
2756 3654 2773 3671 .
2815 3655 2832 3670 .
2873 3631 2924 3668 υ·
2951 3614 3026 3678 ὡς
3057 3612 3124 3667 ἂν
3151 3613 3216 3664 ὲκ
3242 3607 3601 3681 παραδόσεως

331 3702 591 3760 nifestum
621 3712 804 3760 autem
832 3703 981 3776 quod
1009 3713 1064 3760 et
1087 3705 1362 3762 mendacii
1405 3721 1635 3777 arguere
1661 3703 1896 3760 divinam

2009 3710 2102 3764 τοῦ
2130 3713 2187 3764 ὲν
2214 3711 2462 3781 Βηθλεὲμ
2485 3709 2649 3763 τόπου
2674 3709 2802 3762 ἔνθα
2843 3749 2858 3762 .
2900 3746 2913 3758 .
2957 3745 2974 3760 .
3017 3744 3031 3758 .
3074 3744 3088 3756 .
3130 3740 3148 3758 .
3190 3745 3205 3758 .
3244 3700 3635 3770 γεγέννηται·’

473 3795 870 3864 praevisionem.
905 3793 1064 3862 Quod
1093 3796 1314 3867 quidem
1361 3797 1624 3853 salutaris
1651 3803 1706 3852 et
1739 3811 1896 3852 evan-

2013 3805 2104 3858 καὶ
2135 3805 2271 3876 πρὸς
2306 3802 2484 3858 αὐτῶν
2521 3802 2578 3856 δὲ
2620 3802 2730 3854 τῶν
2765 3799 2925 3872 ἱερῶν
2955 3793 3355 3866 εὐαγγελιστῶν
3395 3829 3412 3846 .
3458 3830 3473 3842 .
3521 3830 3537 3844 .
3581 3826 3597 3840 .

331 3885 540 3956 gelicus
563 3886 770 3943 Christi
798 3902 980 3943 sermo
1007 3887 1263 3958 princeps
1285 3889 1720 3945 constitutusest
1741 3888 1907 3959 spiri-

330 3976 466 4031 talis
489 3975 678 4043 lsrael,
703 3979 921 4049 proprie
946 3978 1255 4036 absconditi
1287 3979 1459 4036 Judaei
1495 3988 1551 4037 et
1562 3981 1749 4050 omnis
1769 3995 1907 4052 pm-

333 4068 582 4125 cellentis
615 4076 670 4125 et
703 4070 1037 4141 perspicacis
1077 4071 1274 4127 animae
1316 4071 1484 4129 lsrael
1717 4075 1908 4130 existi-

2010 3897 2363 3968 τυρουμένου·
2406 3896 2502 3949 καὶ
2557 3893 2828 3956 Ἰουδαίοις
2862 3892 2920 3946 δὲ
2955 3886 3290 3962 προσακτέον
3323 3884 3386 3937 τὸ
3428 3881 3603 3953 ῥητὸν

2015 4024 2032 4041 .
2075 4025 2089 4038 .
2133 4023 2148 4039 .
2193 4026 2206 4038 .
2250 4025 2264 4038 .
2310 4025 2324 4040 .
2369 4026 2384 4040 .
2430 4025 2443 4038 .
2484 4001 2606 4038 υσιν
2645 3986 2705 4048 ὃς
2734 3982 2820 4046 τίς
2854 3982 2975 4036 ποτ’
3003 3980 3087 4050 εῐη
3121 3975 3474 4049 παραστῆσαι
3503 3971 3600 4025 τὸν

2013 4076 2489 4148 προφητευόμενον
2513 4076 2590 4139 ὡς
2611 4073 2776 4151 ἀτελῆ
2817 4113 2830 4127 .
2875 4112 2893 4128 .
2935 4111 2950 4125 .
2993 4115 3008 4127 .
3049 4071 3166 4124 κατ’
3189 4063 3407 4130 αὐτούς·
3430 4063 3604 4136 δῆλον

333 4167 514 4216 malae.

2015 4168 2058 4221 δ’
2087 4170 2168 4223 ὅτι
2196 4170 2288 4222 καὶ
2316 4168 2485 4240 ψευδῆ
2515 4167 2886 4238 διελέγχεσθαι
2903 4166 3000 4236 τὴν
3031 4163 3180 4217 θείαν
3219 4203 3234 4217 .
3277 4199 3293 4214 .
3337 4199 3352 4214 .
3395 4201 3411 4214 .
3455 4196 3474 4212 .
3518 4194 3538 4212 .
3579 4192 3615 4214 ο-

335 4256 654 4329 πρόρῤησιν·
704 4259 746 4312 ὅ.
774 4276 839 4327 γε
883 4259 990 4331 μὴν
1033 4260 1298 4332 σωτήριος
1333 4261 1430 4315 καὶ
1460 4261 1812 4332 εὐαγγελικδς
1846 4263 1940 4318 τοῦ
1979 4267 2214 4338 Χριστοῦ
2259 4266 2415 4336 λόγος
2453 4266 2634 4336 ἄρχων
2672 4263 2905 4334 κατέστη
2949 4261 3044 4315 τοῦ
3098 4255 3288 4328 νοητοῦ
3350 4251 3605 4325 Ἰσραὴλ,

335 4349 538 4516 κυρίζιοὲ
561 4350 656 4404 τοῦ
680 4354 737 4407 ἐν
766 4353 996 4425 κρυπτῷ
1042 4354 1296 4409 Ἰουδαίου
1329 4356 1422 4410 καὶ
1455 4359 1639 4430 πάσης
1662 4358 1763 4430 τῆς
1795 4360 2050 4432 ἐναρέτου
2081 4363 2175 4415 καὶ
2199 4363 2352 4434 διορα
2365 4364 2512 4433 νικῆς
2541 4362 2720 4432 ψυχῆς
2754 4357 2971 4430 Ἰσραὴλ
3010 4394 3026 4410 .
3069 4396 3083 4408 .
3129 4395 3142 4408 .
3184 4394 3197 4407 .
3245 4392 3258 4405 .
3301 4393 3318 4408 .
3364 4390 3380 4404 .
3425 4390 3439 4404 .
3484 4350 3606 4401 ὲπι-

335 4459 456 4497 νοου
535 4462 651 4516 νης.

335 4459 651 4517 νοουμένης.

402 4575 469 4643 (Ε
492 4575 706 4635 Nahum
744 4580 883 4637 nihil
931 4583 1069 4639 satis
1105 4593 1467 4657 compertum,
1511 4603 1614 4643 nec
1637 4602 1745 4644 non
1769 4604 1834 4644 ex

2103 4579 2232 4654 (Τοῦ
2271 4580 2468 4650 Ναοὺμ
2501 4577 2668 4648 σαφὲς
2698 4575 2872 4640 οὐδὲν,
2906 4575 3002 4628 καὶ
3026 4571 3122 4626 τοῦ
3164 4568 3543 4642 Ἀμσακούμ.)

967 4673 1271 4749 Habacuc.)

934 4808 1166 4867 CAPUT
1189 4811 1308 4868 XX.

928 4920 976 4974 E
1021 4921 1313 4992 Sophonia.

411 5051 431 5086 ι
469 5032 813 5104 Quapropter
844 5039 1100 5103 exspecta
1132 5049 1240 5098 me,
1274 5034 1407 5089 dicit
1430 5033 1716 5102 Dominus,
1748 5037 1801 5092 in
1823 5037 1911 5093 die

334 5125 766 5180 resurrectionis
821 5139 956 5180 mea:
1001 5124 1060 5180 in
1115 5124 1362 5180 futurum
1402 5144 1418 5192 ;
1469 5129 1597 5198 quia
1639 5130 1908 5200 judicium

337 5233 542 5284 meum,
569 5226 973 5288 utcongregem
995 5226 1186 5287 gentes
1214 5225 1269 5273 et
1312 5219 1566 5290 colligam
1597 5237 1764 5292 regna
1787 5223 1853 5277 ⁵⁷.
1888 5241 1906 5273 ι

336 5305 403 5361 Et
427 5322 525 5376 per
569 5308 675 5362 ista
697 5308 895 5378 opinor
925 5308 1222 5378 signiﬁcari
1252 5324 1283 5362 a
1330 5311 1562 5365 mortuis
1587 5311 1791 5366 Christi
1826 5327 1913 5367 re-

339 5397 772 5463 surrectionem;
830 5413 939 5468 qua
993 5398 1310 5462 eveniente,
1377 5399 1616 5469 undique
1667 5401 1909 5470 gentium

337 5481 597 5542 Ecclesiae
624 5489 1076 5560 congregatio'nes
1103 5491 1497 5548 constituenda:
1531 5493 1906 5564 praenuntian-

415 5661 479 5694 ’θ’
503 5663 663 5720 Mich.
698 5683 749 5728 ι’,
777 5665 842 5721 2.-
911 5664 956 5698 ⁵⁷
996 5666 1160 5734 Soph.
1202 5683 1299 5734 in,
1333 5671 1384 5724 8.

2543 4799 2942 4856 ΚΕΦΑΛΑΙΟΝ
2977 4800 3068 4876 KC"

2490 4917 2624 4971 Ἀπὸ
2659 4915 2767 4970 τοῦ
2807 4913 3124 4984 Σοφονιου.

2096 5057 2126 5090 r
2153 5036 2252 5090 Διὰ
2274 5033 2431 5088 τοῦτο
2465 5031 2755 5103 ὑπόμεινόν
2787 5047 2877 5102 με,
2910 5028 3059 5097 λέγει
3089 5029 3314 5097 Κύριος,
3348 5025 3432 5087 εἰς
3459 5024 3608 5095 ἡμέ-

2021 5146 2121 5200 ραν
2161 5123 2509 5188 ἀναστάσεώς
2553 5140 2654 5194 μου
2688 5123 2769 5184 εἰς
2813 5119 3126 5193 μαρτύριον·
3160 5117 3293 5170 διότι
3330 5115 3394 5168 τὸ
3423 5117 3610 5186 κρῖμὰ

2023 5236 2125 5289 μου
2151 5220 2230 5280 εἰς
2265 5215 2327 5286 (f.
2363 5217 2425 5270 51
2458 5215 2537 5285 νο)
2580 5210 2901 5280 συναγωγὰς
2929 5208 3098 5263 ἐθνῶν
3129 5207 3223 5261 τοῦ
3256 5204 3605 5271 εἰσδέξασθαι

2021 5310 2276 5380 βασιλεῖς.
2312 5329 2330 5360 ι
2373 5307 2485 5361 Καὶ
2519 5305 2607 5359 διὰ
2643 5303 2848 5357 τούτων
2890 5297 3043 5371 οἶμαι
3073 5297 3364 5370 δηλοῦσθαι
3396 5295 3499 5368 τὴν
3540 5299 3606 5348 ἐκ

2017 5403 2224 5475 νεκρῶν
2265 5401 2562 5455 ἀνάστασιν
2599 5397 2693 5451 τοῦ
2747 5392 3003 5467 Χριστοῦ·
3036 5387 3107 5464 ἦς
3155 5388 3456 5460 γενομένης
3503 5388 3604 5449 τὰς

2017 5492 2289 5564 πανταχοῦ
2310 5489 2628 5559 συναγωγὰς
2651 5487 2750 5560 τῆς
2775 5485 2832 5553 ἐξ
2859 5482 3028 5538 ἐθνῶν
3043 5480 3242 5551 Ἐκκλη
3253 5478 3372 5542 σίας
3404 5481 3612 5548 συστήο
