3856 6226
436 384 572 443 1147

1144 371 1412 429 EUSEBII
1450 371 1933 430 CrESARlENSlS
1969 370 2118 428 OPP.
2156 363 2339 423 PARS
2366 363 2454 420 Ill.
2480 391 2550 403 —
2572 355 2984 414 EXEGETICA.

3564 344 3695 399 H68

434 513 561 554 eum
599 494 826 558 orietur,
862 492 927 551 ἰιι
980 492 1276 549 aediﬁcabit
1323 490 1585 560 templum
1639 487 1885 544 Domino.
1947 486 2012 541 Et

2123 484 2262 552 λέγει
2315 481 2519 551 Κύριος
2569 473 2983 545 παντοκράτωρ
3025 466 3179 560 Ἰδοὺ,
3439 459 3697 560 ΪΔνατολῂ

438 591 557 662 ipse
607 586 845 658 portabit
877 586 1127 656 gloriam,
1167 591 1223 639 et
1256 582 1489 647 sedebit,
1535 588 1590 637 et
1637 579 2009 635 dominabitur

437 695 605 751 super
635 678 774 734 solio
802 692 925 740 suo,
957 683 1015 732 et
1047 677 1151 731 erit
1184 674 1446 730 sacerdos
1477 688 1508 728 a
1539 672 1744 728 dextris
1772 671 1914 740 ejus,
1954 678 2010 725 et

434 770 729 829 consilium
779 768 931 839 pacis
964 768 1070 822 erit
1127 767 1272 821 inter
1318 766 1444 820 illos
1490 764 1650 819 duos.
1692 762 1759 816 Et
1792 776 2008 817 coronae

436 871 599 919 erunt
632 860 1081 932 exspectantibus
1111 859 1180 913 “.
1220 878 1239 910 ι
1275 857 1413 913 Cum
1446 853 1783 911 Salvatorem
1823 862 1877 909 et
1904 853 2009 907 Do-

435 956 643 1009 minum
674 961 924 1008 nostrum
945 950 1133 1006 Jesum
1154 948 1432 1004 Christum
1460 947 1697 1018 inclytus
1716 945 2009 1017 Apostolus

440 1064 462 1100 ι
497 1044 846 1100 Sacerdotem
885 1043 1136 1112 Magnum
1166 1039 1533 1111 n(ominavit),
1570 1039 1663 1109 qui
1708 1039 2011 1109 penetravit

435 1137 607 1193 cmlos
640 1136 707 1200 “,
750 1154 770 1187 ι
800 1134 867 1189 ad
902 1148 1029 1189 eum
1065 1146 1177 1187 non
1213 1132 1488 1187 immerito
1519 1129 1826 1185 referenda.
1873 1172 1887 1186 .
1933 1170 1945 1182 .
1993 1173 2006 1186 .

434 1236 490 1284 et
521 1228 615 1299 qui
643 1225 946 1283 secundum
974 1224 1320 1296 prophetiam
1359 1222 1551 1279 eodem
1584 1222 1910 1293 cognomine
1946 1236 2011 1276 ac

434 1320 643 1375 honore
679 1319 993 1374 decoratus.
1024 1315 1149 1371 Haec
1179 1316 1390 1371 eadem.
1435 1356 1450 1371 .
1497 1354 1511 1370 .
1558 1356 1573 1370 .
1616 1354 1630 1369 .
1675 1353 1689 1368 .
1722 1312 1880 1368 Hunc
1910 1313 2011 1384 igi-

434 1420 527 1466 tur
562 1410 830 1466 Dominus
861 1408 1104 1466 ostendit
1126 1407 1424 1479 prophelaa.
1470 1449 1483 1462 .
1530 1448 1544 1463 .
1590 1446 1604 1460 .
1652 1448 1666 1461 .
1713 1447 1728 1462 .
1772 1446 1785 1460 .
1829 1444 1844 1460 .
1889 1403 2010 1460 Sal-

434 1502 643 1558 vatoris
692 1502 873 1556 nostri
913 1500 979 1555 ad
1008 1508 1257 1555 nostram
1287 1499 1661 1569 captivitatem
1696 1497 2009 1553 solvendam

434 1596 760 1650 descensum
796 1592 1140 1662 signiﬁcans,
1173 1606 1305 1662 quo.
1350 1630 1365 1645 .
1408 1631 1422 1645 .
1470 1630 1483 1644 .
1537 1629 1552 1645 .
1600 1635 1618 1649 .
1672 1590 2011 1647 nuntiavisse

330 1712 335 1717 ε
435 1685 668 1756 captivis
723 1684 1176 1753 redemptionem,
1207 1682 1358 1737 velut
1392 1690 1616 1736 nostras
1652 1681 1707 1735 in
1769 1681 2010 1751 seipsum

435 1777 746 1847 suscipiens
793 1774 1117 1844 iniquitates
1159 1772 1399 1828 sordidis
1429 1771 1575 1842 apud
1608 1786 1711 1826 nos
1743 1788 1878 1828 usus
1924 1780 2010 1827 est

2108 577 2278 647 ὄνομα
2309 571 2479 642 αύτῷ,
2510 571 2607 624 καὶ
2634 563 2985 621 ὑποκάτωθεν
3011 557 3176 614 αὐτοῦ
3203 556 3267 627 (ι.
3297 555 3394 647 52)

2110 641 2572 735 καὶ-οἰκοδομήσει
2598 660 2689 713 τὸν
2718 653 2863 711 οἷκον
2891 652 3118 724 Κυρίου,
3152 649 3247 703 καὶ
3268 646 3438 704 αὐτὸς
3471 641 3700 735 λήψεται

2109 759 2330 831 ἀρετὴν,
2363 732 2773 813 καὶ-καθιεῖται,
2807 747 2901 801 καὶ
2941 743 3093 816 ἄρξει
3119 741 3210 794 ὲπὶ
3612 732 3701 831 a6.-

2107 823 2224 913 τοῦ,
2252 823 2344 901 καὶ
2384 845 2536 898 ἔσται
2565 844 2594 895 6
2621 840 2798 911 ἱερεὺς
2822 840 2887 890 ἐκ
2929 832 3116 899 δεξιῶν
3156 829 3346 893 αὑτοῦ,
3394 827 3501 881 καὶ
3547 823 3702 896 βεδλὴ

2110 936 2363 1010 εἰρηνικὴ
2396 934 2546 988 ἔσται
2571 930 2841 1001 ἀναμέσον
2875 924 3217 998 ἀμφοτέρων.
3261 921 3321 974 'O
3348 920 3412 974 δὲ
3438 919 3705 1010 στέφανος

2111 1008 2261 1085 ἔσται
2291 1031 2404 1092 τοῖς
2439 1020 2820 1096 ὑπομενοῦσιν.
2848 1037 2868 1071 ι
2904 1016 3057 1071 Ἐπεὶ
3076 1014 3169 1069 τὸν
3201 1011 3443 1084 Σωτῆρα
3471 1010 3580 1063 καὶ
3608 1008 3706 1060 Κύ-

2116 1139 2227 1195 ριον
2262 1123 2295 1191 ή
2306 1119 2424 1191 μῶν
2462 1115 2669 1189 Ἰησοῦν
2702 1110 2938 1184 Χριστὸν
2974 1111 3003 1163 6
3030 1105 3331 1177 θαυμάσιος
3374 1100 3705 1195 Ἀτεόστοὶεις

2124 1193 2414 1286 Ἄρχιερέα
2444 1209 2633 1278 Μέγαν
2670 1202 2967 1277 ὠ(νὸμασε)
3006 1197 3355 1270 διεληλυθότα
3381 1196 3520 1257 τοὺς
3544 1193 3708 1286 0:39a—

2111 1281 2257 1370 νούς,
2287 1281 2600 1374 ἀναφέροιτ’
2628 1298 2694 1353 ἂν
2728 1296 2812 1351 ἐπ’
2843 1292 3005 1348 αὑτὸν
3037 1290 3263 1352 εἰκότως
3302 1327 3318 1343 .
3364 1326 3383 1341 .
3428 1324 3447 1341 .
3495 1325 3513 1338 .
3561 1324 3574 1337 .
3617 1281 3709 1337 καὶ

2110 1400 2139 1452 6
2165 1398 2306 1453 κατὰ
2332 1396 2432 1467 τὴν
2461 1391 2802 1465 προφητείαν
2833 1390 2900 1459 τῇ
2929 1403 2991 1439 τε
3032 1385 3168 1454 αὐτῇ
3201 1377 3579 1453 προσωνυμίᾳ
3620 1376 3710 1428 καὶ

2111 1490 2191 1562 τῷ
2238 1488 2389 1559 αὐτῷ
2416 1484 2688 1556 ἀξιώματι
2711 1478 3104 1550 τετιμημένος·
3136 1472 3307 1542 ταύτη
3340 1487 3405 1524 τε
3449 1509 3464 1522 .
3630 1506 3651 1562 Σ
3693 1504 3706 1517 .

2116 1624 2129 1637 .
2225 1618 2243 1637 .
2283 1620 2298 1633 .
2342 1558 2650 1651 ρηματίσας
2674 1592 2687 1605 ·
2738 1571 2928 1626 τοῦτον
2962 1569 3027 1640 δὴ
3064 1562 3157 1621 οὖν
3187 1568 3217 1618 6
3260 1563 3474 1634 Κύριος
3508 1558 3713 1623 ἔδειξεν

2111 1672 2190 1744 τῷ
2224 1672 2487 1744 προφήτω
2528 1707 2543 1721 .
2587 1708 2600 1720 .
2649 1708 2662 1719 .
2707 1705 2723 1719 .
2760 1659 3047 1733 τιρυπώση
3092 1651 3713 1744 περιδεδλημένρν,τὴν

2112 1742 2207 1820 τόδ
2240 1742 2490 1835 Σωτῆρος
2520 1759 2678 1832 ήμῶν
2707 1756 2799 1811 ιπι
2838 1755 2939 1826 τὴν
2981 1750 3104 1806 καθ’
3145 1750 3293 1820 ἡμᾶς
3317 1742 3712 1835 αἰχμαλωσίαν

434 1833 802 1925 vestimentis.
833 1866 961 1920 Haec
986 1864 1149 1920 Pater
1186 1874 1476 1919 exuentem
1519 1864 1674 1934 jubet
1705 1863 2011 1918 divinitatis

2123 1833 2483 1927 ιίνιττόμενος
2530 1850 2779 1914 κάθοδον,
2824 1845 2946 1901 καθ’
2976 1844 3043 1915 ἣν
3070 1880 3100 1934 ἰ
3145 1883 3222 1934 .7.
3261 1878 3280 1896 .
3321 1878 3345 1934 μ.
3389 1877 3405 1890 .
3439 1878 3467 1934 ξ.
3515 1875 3530 1888 .
3577 1833 3715 1934 ἶῶν

435 1976 720 2016 assumere
760 1959 960 2014 divinae
989 1965 1043 2014 et
1083 1957 1281 2012 decora
1311 1956 1513 2012 summi
1544 1955 1600 2009 in
1638 1945 2012 2013 cmlis'sacer—

433 2052 572 2108 dotil
593 2053 847 2121 insignia.
878 2049 1083 2103 Horum
1116 2055 1296 2102 autem
1318 2063 1386 2102 ex
1420 2047 1650 2102 historia
1681 2048 1766 2102 de.
1813 2088 1829 2101 .
1872 2087 1888 2102 .
1932 2089 1947 2103 .
1990 2048 2020 2103 .“

431 2143 623 2200 Jesum
657 2144 837 2214 typice
868 2149 928 2196 ut
948 2139 1247 2196 verisimile
1274 2148 1358 2194 est
1398 2139 1542 2194 natis
1572 2138 1641 2193 ab
1672 2138 1781 2193 alio
1805 2139 2012 2209 princi-

434 2237 527 2307 pio
560 2235 787 2291 verbum
810 2233 879 2288 ad
913 2233 1092 2304 ipsum
1117 2231 1295 2287 virum
1323 2228 1511 2287 Jesum
1535 2238 1590 2285 et
1624 2229 1750 2286 illos
1771 2230 2012 2301 quicum

436 2344 522 2384 eo.
566 2366 583 2382 .
628 2366 644 2382 .
690 2369 704 2382 .
749 2365 763 2381 .
807 2368 821 2382 .
864 2366 878 2384 .
934 2325 1190 2395 dignatos
1238 2323 1536 2388 nominari,
1591 2323 1668 2377 ait
1724 2340 1737 2377 :
1798 2342 1818 2373 ‹
1872 2321 2014 2377 Ecce

436 2436 539 2491 ego
569 2419 834 2475 adducam
867 2418 1107 2490 (servum
1131 2414 1334 2487 meum)
1361 2414 1639 2470 Orientem
1662 2415 1727 2469 ⁸⁷.
1768 2434 1789 2469 ι
1818 2415 1884 2468 Et
1903 2430 2014 2469 non

437 2513 611 2566 multo
643 2519 770 2582 post
804 2532 816 2565 :
867 2530 887 2564 ι
919 2510 1166 2566 Coronas
1223 2509 1280 2563 in
1317 2508 1494 2579 ipsius
1525 2506 1657 2564 Jesu
1706 2507 1888 2577 capite
1911 2522 2014 2578 po-

436 2618 536 2659 nes
567 2604 632 2667 °',
678 2622 698 2655 ι
753 2602 1020 2671 subjicit:
1071 2619 1091 2653 ι
1145 2598 1273 2655 Haec
1328 2600 1404 2654 ait
1456 2598 1722 2655 Dominus
1763 2600 2015 2670 omnipo-

437 2699 560 2745 tens
591 2688 770 2746 :Ecce
793 2691 879 2745 vir
907 2689 1103 2745 Oriens
1128 2703 1332 2745 nomen
1360 2688 1480 2757 ejus
1507 2688 1575 2743 °’.
1618 2707 1637 2741 ι
1670 2687 1736 2741 Ει
1764 2698 1909 2759 post.
1945 2729 1959 2743 .
1996 2731 2013 2745 .

438 2783 487 2853 (ι
512 2781 701 2837 subter
732 2784 881 2851 eum)
906 2782 1114 2837 orietur
1133 2788 1187 2836 et
1220 2779 1511 2851 mdiﬁcabit
1538 2780 1799 2850 templum
1832 2779 2017 2836 Domi-

436 2888 509 2928 no
529 2874 599 2939 '°,
622 2894 641 2926 ι
667 2880 789 2930 et...
807 2874 874 2929 ad
890 2872 1168 2929 Christum
1189 2872 1478 2927 referenda
1491 2879 1709 2928 sunt....
1728 2872 1895 2942 hujus
1911 2872 2032 2930 loci.

436 2963 740 3034 sequentia.
756 2961 1140 3018 Verumtamen
1168 2959 1392 3019 Iudaeis.
1438 3004 1453 3018 .
1490 3003 1504 3018 .
1536 3004 1550 3018 .
1587 3001 1601 3015 .
1646 3003 1661 3018 .
1694 2964 2014 3029 ostendere;

436 3069 563 3108 cum
595 3053 813 3124 quidem
843 3054 1065 3115 minime
1095 3053 1414 3129 prophetam
1441 3068 1494 3108 a.
1526 3095 1539 3109 .
1579 3094 1593 3109 .
1638 3096 1653 3110 .
1698 3070 1921 3125 .regno.
1952 3055 2018 3110 Et

435 3144 734 3215 prophetiae
779 3145 1137 3216 temporibus.
1180 3185 1195 3200 .
1240 3184 1254 3199 .
1300 3186 1314 3200 .
1360 3186 1372 3197 .
1417 3186 1431 3199 .
1477 3185 1492 3200 .
1538 3188 1551 3200 .
1600 3188 1614 3201 .
1657 3188 1671 3201 .
1722 3148 2017 3202 excitatum

2119 1925 2353 2021 κηρύξαι
2388 1942 2751 2018 αἰχμαλώτοις
2796 1941 3009 2009 ἄφεσιν,
3040 1930 3129 1988 οἷα
3174 1933 3238 2003 δὴ
3276 1930 3379 1994 τὰς
3425 1925 3716 1998 ἡμετέρας

2117 2020 2205 2106 είς
2242 2039 2432 2094 ἑαυτὸν
2481 2033 2764 2091 ἀναλαϐὼν
2798 2028 3072 2101 ἁμαρτίας
3122 2026 3383 2097 ῥυπαροῖς
3435 2020 3718 2091 κέχρηται

2119 2134 2249 2204 παρ’
2295 2129 2453 2202 ήμῶν
2495 2126 2786 2196 ἐνδύμασιθ
2820 2121 2995 2176 ταῦτα
3038 2119 3083 2172 δ’
3120 2120 3153 2171 6
3195 2114 3385 2185 Πατὴρ
3432 2110 3718 2204 tim

2119 2201 2345 2278 xeiedst
2373 2220 2443 2273 τά
2487 2218 2586 2288 τῆς
2628 2215 2882 2287 θεότητος
2923 2209 3213 2267 ἀναλαϐεῖν
3258 2209 3378 2261 θεῖα
3427 2205 3525 2259 καὶ
3559 2201 3719 2268 ἀξιο-

2120 2316 2310 2391 πρεπῆ
2356 2317 2454 2386 τῆς
2496 2311 2615 2366 κατ’
2668 2308 2898 2382 οὐρανὸν
2950 2301 3359 2376 ἀρχιερωσύνης
3407 2296 3715 2367 ἐνδύματα.

2120 2409 2320 2464 Τούτωκ
2374 2405 2431 2458 δὲ
2476 2406 2568 2458 καὶ
2610 2399 2752 2456 κατά
2778 2400 2879 2470 τὴν
2909 2395 3148 2469 ἱστορίαν
3180 2393 3364 2464 περὶτ
3405 2429 3424 2445 .
3466 2430 3480 2441 .
3528 2429 3546 2441 .
3591 2404 3719 2441 τοτε

2132 2498 2337 2571 Ἰησοῦν
2377 2493 2623 2558 τυπικῶς
2659 2493 2735 2556 ὡς
2777 2492 2927 2553 εἰκὸς
2963 2484 3348 2558 γεγενημένων
3378 2483 3473 2550 ἀφ’
3508 2480 3717 2551 ἑτέρας

2104 2583 2293 2662 ’ἀρχῆς
2322 2590 2350 2641 6
2374 2587 2530 2657 λόγος
2574 2584 2710 2656 πρός
2732 2599 2794 2636 τε
2823 2580 2986 2636 αὐτὸν
3013 2579 3106 2632 τὸν
3144 2577 3316 2647 ἄνδρα
3358 2571 3574 2662 Ἰησοῦν
3619 2571 3718 2662 καὶ

2119 2660 2259 2750 τοὺς
2311 2680 2409 2733 σὺν
2460 2676 2609 2748 αύτῷ
2651 2716 2665 2729 .
2713 2716 2728 2728 .
2773 2713 2788 2728 .
2831 2667 3329 2744 (τε)ρατοσκόπους,
3375 2660 3622 2734 ἡγοῦμαι
3671 2660 3718 2712 δ’

2120 2756 2295 2837 οὕτως
2320 2773 2447 2836 τοὺς
2471 2772 2571 2840 τῆς
2601 2764 2979 2839 πνευματικῆς
3020 2802 3035 2816 .
3081 2802 3094 2816 .
3135 2799 3151 2814 .
3197 2798 3212 2813 .
3261 2798 3276 2811 .
3320 2798 3333 2809 .
3371 2753 3719 2825 ἠξιωμένους

2121 2863 2453 2935 ὠνομάσθαι,
2484 2860 2670 2933 φησίν,
2706 2878 2724 2912 ι
2762 2857 2896 2912 Ἰδοὺ
2928 2852 3040 2923 ἐγὼ
3071 2852 3189 2921 ἄγω
3216 2849 3309 2902 τὸν
3333 2887 3350 2901 .
3391 2887 3408 2902 .
3452 2886 3467 2899 .
3509 2884 3553 2935 ._
3574 2882 3593 2899 .
3637 2883 3666 2935 ,ξ
3698 2880 3720 2898 .

2136 2932 2441 3021 Ἀνατολήν.
2478 2969 2497 3002 ι
2531 2932 2639 3003 Καὶ
2666 2944 3020 3007 ὑποκαταϐὰς
3047 2939 3213 2996 αὐτοῦ
3248 2937 3342 2991 τοῦ
3375 2932 3556 3007 Ἰησοῦ
3588 2933 3721 2994 τοὺς

2126 3038 2465 3110 στείφάνους)
2511 3040 2579 3109 τῇ
2629 3035 2840 3106 κεφαλῇ
2890 3032 3137 3095 ἐπιθεὶς,
3188 3026 3440 3098 ἐπιφέρει
3494 3024 3717 3092 λέγων·

2131 3150 2151 3183 ι
2179 3132 2320 3186 Τάδε
2350 3131 2497 3200 λέγει
2526 3128 2731 3201 Κύριος
2754 3124 3152 3196 παντοκράτωρ
3173 3138 3187 3151 ο
3223 3119 3335 3174 ἰδοὺ
3369 3117 3512 3188 ἀνὴρ
3562 3118 3721 3170 Ἀνα-

437 3237 702 3291 haberent
726 3236 1037 3302 ostendere,
1082 3236 1188 3292 nisi
1213 3235 1481 3291 Joannem
1513 3245 1567 3293 et
1595 3237 1886 3294 Dominum
1916 3254 2016 3294 no-

2123 3225 2255 3298 τολὴ
2282 3224 2454 3295 ὄνομα
2480 3240 2492 3252 ·
2525 3242 2544 3275 ι
2571 3220 2666 3275 καὶ
2696 3218 2940 3273 ύποκάτ.
2986 3257 3001 3270 .
3045 3254 3061 3268 .
3105 3253 3123 3267 .
3164 3253 3184 3267 .
3226 3253 3239 3270 .
3283 3229 3304 3263 ι
3338 3208 3600 3265 άνατελεῖ
3625 3211 3722 3262 καὶ

440 3334 616 3381 strum
640 3323 828 3380 Jesum
858 3324 1158 3383 Christum.
1204 3325 1340 3392 Quis
1391 3328 1557 3399 igitur
1611 3330 2021 3399 prophetizatus

442 3427 654 3484 tempus
678 3424 762 3471 est
788 3414 999 3472 dicere.
1022 3455 1036 3468 .
1058 3457 1070 3471 .
1093 3459 1109 3473 .
1132 3458 1146 3471 .
1171 3458 1185 3472 .
1230 3416 1288 3473 Si
1329 3433 1461 3473 vero
1506 3418 1773 3486 dicerent,
1798 3419 1915 3475 haec
1953 3419 2023 3474 ad

438 3505 624 3563 Jesum
653 3506 823 3561 ﬁlium
839 3505 1067 3563 Josedec
1095 3517 1373 3579 spectant,
1399 3509 1799 3565 ostendendum
1831 3517 1914 3565 est
1943 3511 2023 3566 eis

439 3596 667 3652 minime
693 3596 773 3651 illi
802 3612 925 3669 quae
952 3596 1098 3652 dicta
1131 3605 1258 3653 sunt
1281 3599 1593 3656 convenire.
1617 3599 1848 3666 Quando
1876 3602 2023 3655 enim

439 3698 693 3744 vocatum
720 3695 806 3744 est
844 3703 1045 3744 nomen
1073 3688 1194 3759 ejus
1223 3686 1420 3745 Oriens
1440 3688 1664 3755 ?;Quam
1702 3690 1775 3744 ob
1799 3704 2023 3746 causam

441 3780 546 3834 hac
571 3778 1015 3835 denominatione
1055 3779 1352 3850 dignatur?
1384 3781 1670 3845 Quomodo
1710 3796 1837 3836 eum
1864 3781 2026 3835 dece-

441 3880 545 3938 ret,
573 3890 592 3924 ι
619 3869 686 3926 Et
704 3873 910 3929 sedebit
928 3881 982 3928 et
1010 3871 1380 3928 dominabitur
1402 3888 1566 3944 super
1596 3874 1733 3929 solio
1756 3874 1888 3929 tuo?
1914 3894 1934 3926 ι
1959 3889 2024 3929 ac

439 3964 744 4034 praesertim
782 3962 937 4028 illud,
967 3987 986 4016 ι
1024 3970 1079 4019 et
1111 3964 1215 4019 erit
1241 3964 1499 4019 sacerdos
1529 3979 1561 4018 a
1588 3965 1796 4020 dextris
1828 3965 2014 4036 ejus?»

444 4053 505 4109 Si
532 4054 679 4111 enim
705 4055 825 4125 ipse
862 4062 1009 4111 esset
1046 4056 1304 4112 sacerdos
1332 4071 1591 4126 magnus,
1631 4056 1757 4126 quis
1786 4055 1927 4112 foret
1956 4056 2025 4111 ad

440 4147 721 4202 dexteram
747 4146 869 4217 ejus
923 4146 1064 4201 alius
1113 4161 1179 4201 ac
1219 4146 1337 4218 ipse
1383 4146 1676 4202 sacerdos?
1737 4145 2026 4202 Manifeste

442 4248 623 4295 autem
653 4240 821 4295 alium
848 4254 911 4294 ac
943 4239 1096 4293 illum
1131 4254 1256 4294 esse
1283 4237 1445 4293 docet
1474 4238 1751 4294 Orientem
1776 4238 2025 4293 nomina-

441 4339 579 4387 tum.
613 4330 827 4387 Etenim
852 4330 916 4385 ad
944 4332 1122 4401 ipsum
1155 4330 1441 4385 Dominum
1468 4336 1523 4386 et
1561 4330 1630 4385 ad
1663 4332 2027 4388 circumstan-

440 4432 526 4480 tes
590 4439 713 4479 eum
767 4424 843 4478 ait
885 4421 1208 4493 Scriptura:
1258 4441 1278 4474 ι
1323 4422 1506 4488 Audi,
1551 4421 1720 4488 Jesu,
1769 4424 2025 4480 sacerdos

442 4532 667 4589 magne,
704 4524 764 4571 tu
793 4524 848 4571 et
885 4516 1046 4569 amici
1082 4515 1202 4570 tui:
1234 4530 1365 4571 ecce
1408 4516 1554 4570 enim
1600 4530 1703 4586 ego
1755 4515 2023 4570 adducam

2125 3317 2467 3386 οἰκοδομήσει
2498 3314 2589 3368 τὸν
2635 3307 2782 3366 οἷκον
2825 3308 3029 3381 Κυρίου
3063 3326 3084 3360 ι
3122 3303 3343 3368 καὶτὰς
3380 3343 3395 3358 .
3442 3342 3460 3357 .
3502 3342 3517 3357 .
3568 3341 3586 3356 .
3629 3302 3724 3355 καὶ

2123 3408 2195 3462 τά
2238 3408 2331 3460 ἐπὶ
2374 3407 2466 3461 τὸν
2515 3402 2750 3475 Χριστὸν
2794 3397 3103 3471 ἀναφέροιτ⁹
3133 3397 3223 3462 ἂν,
3254 3395 3357 3466 τῆς
3400 3390 3721 3465 προσηκού-

2127 3519 2227 3575 σης
2266 3542 2281 3558 .
2327 3540 2346 3557 .
2387 3499 2659 3573 (τυ)χόντα
2704 3495 3011 3567 διηγήσεως
3035 3508 3050 3521 σ
3085 3488 3225 3561 πλὴν
3253 3487 3351 3541 καὶ
3375 3488 3596 3575 τοῖςῗὲκ
3616 3501 3723 3575 πε-

2126 3574 2354 3665 ριτομῇς
2386 3589 2479 3643 καὶ
2522 3627 2535 3641 .
2580 3628 2595 3641 .
2640 3628 2657 3644 .
2701 3625 2716 3639 .
2761 3624 2777 3640 .
2823 3625 2837 3638 .
2882 3623 2898 3637 .
2938 3580 3065 3636 αλδν
3109 3619 3124 3632 .
3170 3619 3185 3631 .
3231 3619 3243 3630 .
3289 3617 3305 3631 .
3346 3574 3719 3646 παραθέσθαι.

2124 3684 2248 3737 ἐπεὶ
2280 3681 2401 3754 μηδ’
2430 3680 2566 3742 ὅλως
2594 3677 2880 3748 προφήτην
2929 3671 3036 3725 ἀπὸ
3066 3670 3167 3741 τῆς
3208 3709 3224 3725 .
3266 3707 3280 3720 .
3324 3705 3342 3723 .
3385 3705 3400 3720 .
3446 3705 3463 3720 .
3508 3680 3722 3737 περσου

2127 3773 2400 3846 βασιλείας
2419 3789 2431 3801 ·
2463 3770 2558 3824 καὶ
2585 3768 2694 3822 τῶν
2718 3767 2818 3838 τῆς
2848 3762 3188 3836 προφητείας
3210 3760 3419 3831 χρόνων
3459 3798 3474 3809 .
3520 3798 3535 3810 .
3585 3797 3602 3810 .
3646 3796 3664 3810 .
3704 3798 3719 3811 .

2128 3908 2145 3925 .
2189 3909 2206 3926 .
2249 3906 2263 3921 .
2303 3861 2672 3936 ἐγηγερμένον
2698 3859 2871 3931 ἔχοιεν
2899 3853 3187 3921 ἐπιδεῖξαι,
3225 3851 3300 3923 μὴ
3327 3852 3511 3919 ὃτι’γε
3538 3848 3722 3904 Ἰωάν-

2124 3978 2223 4033 νην
2258 3958 2472 4014 καὶτὸν
2534 3955 2738 4025 Κύριον
2794 3950 2951 4024 ἡμῶν
2999 3947 3209 4020 Ἰησοῦν
3236 3945 3496 4018 Χριστόν,
3532 3944 3637 4007 Τίς
3658 3943 3722 4012 δή

2124 4049 2217 4108 οὖν
2243 4055 2271 4107 6
2301 4047 2776 4123 προφητευόμενος
2819 4045 2940 4116 ὥρα
2979 4043 3159 4111 λέγειν
3205 4082 3215 4093 .
3257 4080 3276 4096 .
3314 4040 3365 4091 εί
3391 4038 3452 4091 δὲ
3485 4037 3719 4105 λέγοιεν,

2124 4144 2299 4199 ταῦτα
2330 4144 2411 4206 εἰς
2440 4142 2530 4195 τὸν
2571 4138 2777 4211 Ἰησοῦν
2800 4136 2892 4190 τὸν
2933 4134 3029 4189 τοῦ
3066 4132 3313 4187 Ἰωσεδὲκ
3356 4131 3718 4201 ἀναφέρεται,

2124 4234 2361 4289 δεικτέον
2385 4234 2589 4297 αὐτοῖς,
2616 4233 2699 4285 ὅτι
2718 4227 2981 4300 μηδαμῶς
3013 4228 3206 4296 ἐκείνῳ
3228 4224 3294 4278 τὰ
3322 4211 3600 4295 λεγόμενα
3624 4226 3721 4294 ἀρ-

2130 4326 2284 4398 μόζει
2304 4343 2317 4357 ο
2351 4326 2481 4378 πότε
2514 4324 2622 4394 γάρ
2667 4320 2868 4393 ἐκλήθη
2894 4320 2957 4373 τὸ
2986 4319 3157 4390 ὄνομα
3198 4314 3368 4371 αὑτοῦ
3386 4359 3396 4365 .
3414 4315 3678 4383 ’Δνατολή
3704 4331 3718 4376 ;

2125 4418 2215 4473 διὰ
2238 4418 2291 4471 τί
2321 4417 2379 4471 δὲ
2408 4417 2501 4469 καὶ
2529 4414 2735 4485 ταύτης
2765 4410 3012 4478 ἀξιοῦται
3044 4411 3145 4482 τῆς
3168 4407 3582 4480 προσηγορίας;
3606 4407 3720 4467 πῶς

2129 4511 2187 4564 δὲ
2219 4509 2448 4582 ἀρμὸσει
2488 4505 2637 4578 αὐτῷ
2663 4505 2745 4571 τὸ,
2785 4523 2805 4556 ι
2849 4503 2959 4557 Καὶ
2990 4502 3262 4555 καθιεῖται
3302 4500 3399 4552 καὶ
3435 4496 3601 4569 ἄρξει
3631 4498 3722 4549 ἐπὶ

442 4624 661 4667 servum
709 4624 892 4663 meum
918 4605 1217 4663 Orientem.
1256 4626 1275 4659 ι
1313 4606 1373 4661 Si
1410 4607 1578 4676 igitur
1601 4607 1652 4662 ei
1683 4606 1799 4661 haec
1831 4606 2018 4662 dicun-

2130 4604 2225 4657 τοῦ
2254 4603 2443 4674 θρόνου
2468 4600 2666 4667 αύτοῢ;
2702 4617 2722 4651 ι
2761 4596 2993 4669 μάλιστα
3006 4594 3064 4647 δὲ
3088 4593 3172 4658 τὸ,
3205 4613 3223 4644 ι
3254 4593 3368 4646 Καὶ
3394 4591 3552 4644 ἔσται
3575 4591 3608 4644 6
3651 4592 3723 4643 ls-

442 4712 570 4768 tur,
640 4701 912 4772 quomodo
974 4699 1281 4755 existimari
1336 4707 1515 4769 potest
1576 4699 1645 4754 de
1700 4699 1822 4769 ipso
1870 4700 2021 4756 dici:

449 4815 469 4848 ι
504 4793 643 4849 Ecce
668 4794 752 4848 vir
782 4790 977 4847 Oriens
1005 4789 1249 4862 (nomen)
1281 4790 1441 4860 ejus?
1479 4809 1500 4842 ι
1543 4788 1746 4861 Aperte
1782 4790 1870 4845 his
1903 4806 2024 4845 ver-

443 4888 529 4944 bis
553 4886 674 4942 dum
698 4886 1055 4956 designantur
1075 4897 1359 4953 personae;
1393 4882 1563 4938 altera
1595 4882 1837 4953 quidem,
1857 4896 2022 4952 quam

443 4977 742 5049 alloquitur
762 4975 1044 5042 divinitas,
1077 4975 1250 5029 altera
1280 4973 1347 5029 de
1376 4989 1484 5044 qua
1525 4975 1887 5045 prophetizat.
1921 4973 2024 5028 Cui

440 5076 499 5123 et
527 5069 647 5124 sine
685 5065 1063 5122 controversia
1091 5064 1446 5120 induceretur
1473 5063 1542 5118 ad
1565 5064 1866 5129 Christum,
1895 5078 2025 5118 vere

445 5162 638 5216 lilium.
681 5198 699 5216 .
735 5200 752 5214 .
796 5197 811 5214 .
855 5199 871 5216 .
951 5199 966 5213 .
1018 5198 1035 5214 .
1079 5200 1096 5216 .
1141 5200 1155 5215 .
1201 5199 1215 5214 .
1270 5158 1592 5228 intelligitur
1645 5156 1880 5225 justitia.
1923 5154 2025 5211 Hic

441 5260 590 5308 esset
619 5251 799 5307 Pater.
845 5293 858 5307 .
909 5293 924 5307 .
968 5291 982 5305 .
1028 5293 1043 5308 .
1088 5291 1103 5306 .
1139 5251 1385 5307 victoria:
1413 5250 1633 5306 coronis
1658 5248 1879 5305 Christo
1922 5250 2025 5303 im-

443 5345 640 5415 positis
681 5385 697 5400 .
741 5386 756 5402 .
803 5386 816 5400 .
863 5386 875 5399 .
920 5382 936 5398 .
980 5384 996 5400 .
1041 5385 1054 5399 .
1101 5383 1114 5399 .
1178 5350 1359 5399 vocat.
1422 5340 1654 5411 Propter
1717 5340 2025 5396 doctrinam

445 5435 589 5489 inter
618 5434 888 5490 homines.
938 5475 951 5489 .
991 5474 1007 5489 .
1048 5473 1063 5488 .
1109 5476 1121 5488 .
1167 5473 1184 5490 .
1228 5474 1242 5489 .
1286 5474 1302 5489 .
1346 5474 1361 5489 .
1404 5433 1757 5503 Primumque
1804 5442 1859 5486 et
1910 5446 2026 5485 ma-

445 5538 617 5595 gnum
649 5522 839 5578 Pontif
877 5560 894 5579 .
938 5564 952 5578 .
998 5565 1013 5579 .
1058 5564 1071 5578 .
1111 5522 1533 5594 primogenitum
1582 5519 1702 5590 ejus
1761 5517 2021 5574 Verbum.

447 5615 593 5672 Deus
622 5615 843 5685 quidem
867 5630 993 5671 cum
1031 5615 1103 5672 sit
1128 5621 1181 5672 et
1214 5613 1499 5670 Dominus.
1548 5654 1559 5666 .
1606 5651 1618 5663 .
1668 5655 1681 5669 .
1728 5649 1740 5661 .
1786 5648 1801 5665 .
1843 5624 2026 5666 sacer-

2135 4697 2260 4767 ρεὺς
2288 4697 2353 4748 ὲκ
2382 4693 2567 4759 δεξιῶν
2600 4688 2762 4745 αὐτοῦ
2789 4707 2803 4757 ;
2846 4707 2865 4740 ι
2908 4689 2957 4741 εἰ
2983 4686 3093 4758 γὰρ
3122 4684 3284 4748 αὐτὸς
3325 4683 3630 4753 ἐτύγχανεν
3650 4681 3724 4734 ὢν

2132 4788 2161 4838 ὁ
2192 4786 2368 4857 ἱερεὺς
2402 4787 2430 4837 6
2476 4783 2669 4854 μέγας,
2720 4780 2804 4843 τίς
2844 4779 2889 4831 δ’
2922 4779 2988 4832 ἂν
3027 4777 3114 4848 εἴη
3143 4779 3172 4830 6
3203 4776 3268 4828 ὲκ
3298 4773 3492 4840 δεξιῶν
3530 4773 3722 4833 αὐτοῦ,

2131 4878 2321 4949 ἕτερος
2346 4876 2421 4930 ὢν
2450 4878 2579 4947 παρ’
2610 4874 2772 4929 αὐτὸν
2807 4871 2986 4943 ἱερεύς
3010 4887 3025 4937 ;
3065 4869 3248 4938 σαφῶς
3273 4866 3329 4920 δὲ
3356 4867 3553 4937 ἕτερον
3591 4867 3723 4936 παρ’

2132 4968 2338 5020 ἐκεῖνον
2398 4960 2535 5018 εἶναι
2590 4964 2831 5017 διδάσκει
2888 4960 2978 5013 τὸν
3035 4959 3328 5029 λεγόμενον
3390 4955 3719 5027 Ἀνατολήν·

2133 5057 2270 5129 πρὸς
2296 5055 2403 5128 γὰρ
2443 5056 2535 5108 τὸν
2573 5054 2735 5107 αὑτὸν
2768 5051 2974 5123 Κύριον
3001 5051 3098 5103 καὶ
3123 5048 3295 5120 το(ὺς)
3341 5087 3355 5100 .
3402 5088 3417 5102 ,
3458 5048 3604 5117 ἀμφ’
3632 5048 3723 5100 αξ-

2131 5150 2332 5220 τοῦ(ὸν)
2381 5149 2545 5219 φησὶν
2575 5149 2604 5200 6
2635 5147 2822 5215 λόγος’
2863 5162 2882 5195 ι
2922 5145 3124 5196 Ἄκουε
3152 5142 3218 5214 δὴ
3261 5141 3440 5211 Ἰησοῦ
3479 5143 3512 5194 6
3545 5144 3722 5213 ἱερεὺς

2132 5238 2162 5289 6
2193 5236 2384 5307 μέγας,
2439 5237 2503 5288 σὺ
2547 5234 2641 5288 καὶ
2674 5235 2724 5288 οἱ
2757 5232 2981 5303 πλησίον
3012 5249 3106 5284 σου
3127 5248 3141 5261 ο
3170 5230 3283 5283 ἰδοὺ
3331 5230 3446 5299 ἐγὼ
3473 5231 3599 5300 ἄγω
3632 5232 3720 5285 τὸν

2132 5326 2317 5382 δοῦλόν
2348 5344 2448 5398 μου
2486 5325 2805 5395 Ἀνατολήν’
2850 5343 2869 5376 ι
2900 5324 2949 5376 εἰ
2982 5322 3048 5393 δὴ
3076 5318 3167 5376 οὖν
3192 5321 3344 5392 αὐτῷ
3370 5322 3553 5377 ταῦτα
3573 5324 3716 5395 εἰρη-

2130 5437 2241 5484 ται,
2276 5418 2392 5481 πῶς
2436 5417 2502 5471 ἂν
2535 5405 2614 5470 ἔτι
2651 5416 2834 5489 χώραν
2868 5416 3078 5487 ἔχει(οή
3115 5414 3178 5467 τὸ
3214 5415 3346 5486 περὶ
3378 5414 3548 5468 αὐτοῦ
3571 5414 3715 5480 λὲγε-

2133 5512 2259 5567 σθαι
2282 5511 2521 5581 νομίζειν
2548 5511 2660 5576 τὸ,‹
2683 5510 2814 5564 Ἰδοὺ
2845 5510 2984 5580 ἀνὴρ
3010 5506 3277 5577 ἀνατολὴν
3319 5545 3335 5559 .
3380 5546 3395 5559 .
3441 5545 3457 5560 .
3498 5504 3669 5574 αύτῷς
3692 5522 3709 5553 ι

2133 5606 2326 5677 Σαφῶς
2356 5606 2419 5678 δή
2449 5605 2537 5659 διὰ
2578 5605 2780 5659 τούτων
2824 5602 2918 5656 δύο
2959 5600 3293 5672 παρίσταται
3323 5600 3595 5669 πρόσωπα
3616 5614 3630 5627 ·
3660 5597 3712 5647 ἓν

520 5771 568 5802 ⁸⁵
608 5767 838 5823 Zachar.
869 5767 1030 5834 v1,“
1055 5797 1079 5805 η
1105 5767 1190 5821 14.
1270 5767 1312 5799 ⁸⁸
1354 5765 1497 5825 llelzz
1551 5785 1621 5832 .1,
1657 5764 1744 5822 N.
1821 5766 1862 5797 "
1905 5764 2018 5820 Zac‘i

2123 5805 2134 5817 .
2172 5778 2270 5826 ιιι,
2306 5765 2357 5816 8.
2437 5762 2479 5793 ⁸⁸
2526 5759 2750 5814 Zachar.
2795 5775 2867 5823 Vt,
2904 5757 2990 5812 11.
3070 5756 3112 5789 ⁸⁸
3152 5754 3286 5811 ibid.
3332 5754 3418 5809 12.
3496 5755 3544 5785 ⁷⁸
3581 5750 3705 5808 ibid.
