3856 6226
171 377 200 423 1
221 369 319 425 149
1228 367 1521 423 ECLOGA?)
1552 365 1750 422 PROPI

1854 365 2242 424 l‘lCIEu—LIB.
2285 367 2368 422 ΙΙΙν
3317 375 3454 428 11ὗο

170 491 278 560 μὲν
318 482 363 557 ᾧ
401 489 459 542 τὸ
486 488 625 542 θεῖον
653 487 714 558 (f.
742 486 828 557 ἱδὲ
861 488 936 559 νο)
969 487 1296 555 διαλέγεται,
1324 489 1510 559 ἕτερον
1533 487 1607 552 ιδὲ
1634 489 1750 559 περῖ

1865 489 1965 543 dos
1997 489 2185 557 primae
2213 496 2266 543 et
2319 488 2573 542 increataa
2617 489 2856 546 deitatis.
2902 529 2916 544 .
2960 528 2975 544 .
3020 532 3034 545 .
3079 530 3094 545 .
3137 529 3152 545 .
3199 534 3210 547 .
3258 532 3270 544 .
3331 510 3456 551 esse

161 574 234 635 οὗ
262 579 628 651 προφητεύει·
741 581 834 633 καὶ
864 578 1249 650 ἀναμφιλόγως
1295 581 1533 648 ἁνάγοιτ’
1564 581 1629 635 ἂν
1667 582 1750 634 ἐπῑ

1862 597 1989 635 eum
2037 580 2172 636 dicit
2202 595 2232 633 a
2265 595 2376 651 quo
2429 581 2645 651 excepit
2701 581 2960 648 homine,
3009 584 3295 640 sacerdote
3337 602 3455 639 ma—

160 674 264 726 τὸν
287 673 522 744 Χριστὸν
560 671 651 725 τὸν
690 671 905 743 ἀληθῶς
935 671 1050 725 υἱὸν
1089 671 1184 724 τοῦ
1227 712 1240 724 .
1288 712 1300 724 .
1347 714 1358 725 .
1407 713 1420 726 .
1466 715 1479 728 .
1525 713 1537 726 .
1580 674 1750 746 ἑρμη-

1860 687 1987 744 gno.
2027 713 2043 727 .
2080 713 2095 728 .
2132 712 2145 725 .
2183 713 2197 727 .
2233 711 2246 724 .
2281 715 2293 726 .
2328 713 2343 728 .
2385 673 2505 742 ipso
2535 672 2885 728 manifestato
2909 691 3005 744 per
3035 677 3296 732 unitatem
3328 694 3454 734 cum

161 765 388 819 νεύεται
413 764 512 819 ὶαὼ
533 764 843 834 δικαιοσύνη
860 780 872 792 ·
901 755 1055 826 οὗτος
1082 763 1127 816 δ’
1155 763 1221 816 ἂν
1245 762 1330 834 εἴη
1356 766 1384 817 ὁ
1408 764 1596 836 Πατὴρ
1623 805 1637 818 .
1682 805 1696 818 .
1743 807 1755 818 .

159 858 300 920 τοὺς
326 855 435 908 τῶν
469 855 798 929 νικητηρίων
840 855 1141 927 περιτιθεὶς
1184 854 1264 926 τῷ
1294 855 1514 926 Χριστῷ
1559 857 1760 927 στεφά-

1861 764 1958 820 Dei
1987 764 2297 836 Unigenito.
2329 765 2538 832 Quibus
2570 782 2700 821 vero
2734 783 2860 821 cum
2912 767 3120 824 fusiore
3150 785 3288 840 opus
3309 781 3457 827 esset

1864 857 2270 927 explanatione,
2302 858 2418 912 haec
2466 858 2716 914 suﬁicere
2773 860 3058 931 proposito
3106 872 3296 916 nostro
3351 877 3456 933 pu-

158 966 299 1012 νους
341 989 353 1000 .
401 990 412 1002 .
457 988 472 1002 .
515 989 529 1001 .
573 991 647 1021 .,.
693 988 705 1000 .
751 989 764 1001 .
809 988 826 1004 .
873 986 886 998 .
931 986 945 1000 .
991 989 1005 1001 .
1051 988 1063 999 .
1110 987 1124 1000 .
1170 989 1183 1002 .
1226 947 1750 1021 καλεῖοδιὰτὴνείς

1865 960 2067 1005 tamus.

159 1039 494 1112 ἀνθρώπους
536 1040 891 1094 ἀνατείλασαν
918 1040 985 1094 αὐ
1024 1081 1038 1095 .
1084 1081 1098 1094 .
1143 1081 1158 1096 .
1200 1082 1212 1093 .
1395 1085 1408 1098 .
1448 1082 1460 1094 .
1501 1043 1847 1097 διδασκαλίαν
1869 1045 1962 1098 καὶ
1989 1045 2080 1098 τὸν
2124 1045 2341 1117 πρῶτον
2376 1047 2471 1100 καὶ
2507 1047 2679 1117 μέγαν
2717 1050 2846 1119 ἀρχι
2875 1088 2888 1101 .
2933 1091 2947 1103 .
3023 1091 3036 1104 .
3081 1089 3097 1104 .
3139 1089 3154 1103 .
3201 1091 3214 1104 .
3260 1089 3272 1103 .
3319 1088 3334 1102 .
3379 1088 3393 1102 .
3437 1112 3452 1126 ⁸

159 1133 517 1204 πρωτότοκον
554 1133 716 1186 αὐτοῦ
747 1134 947 1203 Λόγον·
979 1133 1110 1186 Θεὸν
1136 1135 1233 1206 μὲν
1259 1135 1389 1189 ὄντα
1422 1136 1516 1190 καὶ
1550 1136 1755 1209 Κύριον
1794 1137 1902 1190 τῶν
1945 1178 1958 1190 .
2003 1177 2020 1193 .
2067 1181 2079 1194 .
2129 1181 2140 1193 .
2190 1183 2202 1194 .
2248 1181 2264 1196 .
2309 1182 2322 1194 .
2365 1181 2377 1194 .
2421 1157 2496 1192 ων
2527 1141 2675 1212 ἱερέα
2719 1141 2778 1193 δέ
2826 1142 2925 1212 τῆς
2959 1140 3182 1214 πρώτης
3211 1142 3304 1195 καὶ
3330 1145 3455 1209 ἀγε-

161 1227 338 1296 νήτου
366 1226 646 1297 θεότητος·
692 1268 704 1279 .
748 1266 762 1281 .
809 1269 823 1281 .
867 1269 881 1282 .
928 1271 941 1283 .
983 1245 1064 1299 ωρ
1084 1228 1140 1282 δὲ
1169 1224 1310 1283 εἶναι
1338 1231 1500 1283 αὐτόν
1533 1247 1695 1301 φησιν
1720 1226 1780 1285 οὗ
1820 1232 2107 1303 ἀνείληφεν
2147 1232 2455 1304 ἀνθρώπου,
2497 1234 2689 1304 ἱερέως
2721 1234 2957 1305 μεγάλου
3000 1275 3012 1288 .
3057 1274 3072 1289 .
3115 1275 3130 1289 .
3175 1275 3190 1289 .
3233 1275 3248 1287 .
3289 1234 3454 1288 αὑτοῦ

159 1318 602 1392 χρηματίζοντος
632 1321 720 1374 διὰ
759 1321 856 1391 τὴν
889 1320 1081 1374 ἐνωσιν
1124 1321 1222 1390 τὴν
1270 1323 1407 1394 πρὸς
1452 1322 1540 1376 τὸν
1586 1324 1862 1395 Μονογενῆ
1927 1323 2022 1377 τοῦ
2052 1323 2211 1380 Θεοῦ.
2241 1324 2449 1397 Πολλῆς
2497 1325 2555 1378 δὲ
2609 1326 2716 1380 τῶν
2749 1326 2891 1381 κατὰ
2942 1327 3034 1381 τὸν
3071 1327 3234 1382 τόπον
3271 1326 3453 1398 δεομέ-

160 1433 278 1468 νων
311 1414 663 1486 ἐξ(ηγήσεως)
703 1413 862 1468 ἱκανὰ
894 1414 987 1467 καὶ
1029 1413 1203 1468 ταῦτα
1231 1412 1307 1478 ὡς
1341 1414 1476 1486 πρὸς
1505 1413 1604 1485 τὴν
1651 1416 1935 1487 παροῦσαν
1963 1417 2238 1472 ὑπόθεσιν.
2756 1438 2762 1444 ·

687 1556 1083 1610 ΚΕΦΑΛΑΙΟΝ
1122 1559 1250 1613 KA'.

771 1670 882 1724 Τοῢ
905 1671 1114 1724 αὐτοῦ.

2433 1553 2664 1610 CAPUT
2703 1553 2895 1610 XXIV.

2456 1669 2541 1722 Ea:
2584 1669 2785 1724 eodem.

245 1803 265 1836 ι
302 1785 507 1856 Χαῖρε.
545 1824 557 1836 .
604 1827 616 1840 ,
661 1822 676 1837 .
720 1825 734 1839 .
771 1784 1010 1858 θύγατερ
1037 1783 1196 1850 Σιὼν,
1225 1788 1488 1858 κήρυσσε,
1523 1787 1750 1859 θύγατερ

1942 1803 1960 1836 ‹
1999 1783 2224 1838 Exsulta
2254 1781 2457 1854 (satis),
2489 1782 2600 1836 ﬁlia
2642 1781 2798 1845 Sion,
2835 1783 3041 1852 jubila,
3077 1784 3186 1839 ﬁlia
3223 1783 3452 1843 Jerusa-

169 1876 571 1947 ’ῐερουσαλήμο
631 1876 770 1940 ίδοὺ,
814 1878 842 1930 ὁ
882 1876 951 1947 βα
993 1917 1006 1929 .
1051 1915 1066 1929 .
1111 1915 1125 1930 .
1169 1915 1184 1930 .
1231 1918 1244 1931 .
1286 1875 1502 1948 ἔρχεταί
1551 1895 1632 1930 σοι
1678 1879 1750 1931 δί-

1861 1881 1987 1935 lem.
2017 1877 2155 1932 Ecce
2186 1875 2298 1932 Rex
2323 1876 2497 1947 (tuus)
2523 1878 2703 1931 veniet
2721 1876 2818 1930 tibi
2845 1877 3030 1946 justus
3083 1886 3137 1932 et
3161 1876 3442 1934 Salvator:

155 1987 326 2033 καιος
353 1971 449 2022 καὶ
483 1966 670 2032 σώζων
712 1969 874 2032 αὐτὸς
906 1969 1087 2040 πραῢς
1120 1970 1212 2022 καὶ
1246 1970 1338 2022 ἐπι
1382 2009 1394 2021 .
1441 2011 1455 2024 .
1500 2009 1513 2022 .
1557 2009 1572 2023 .
1617 2010 1632 2024 .
1678 2010 1691 2022 .
1736 2009 1749 2022 .

1857 1974 1974 2042 ipse
2004 1964 2213 2041 pauper
2263 1969 2592 2042 (ascendens
2639 1977 2834 2041 super)
2880 1971 3092 2027 asinam
3119 2011 3133 2035 ,
3189 1978 3244 2026 et
3283 1987 3448 2041 super

155 2062 464 2130 ὑποζύγιον
494 2064 587 2116 καὶ
622 2061 800 2116 πῶλον
828 2061 965 2116 νέον.
995 2064 1106 2116 Καὶ
1135 2061 1502 2134 ἐξολοθρεύσει
1535 2063 1756 2134 ἅρματα.

155 2154 227 2221 ἐξ
266 2154 525 2226 Ἐφραίμ,
571 2154 665 2208 καὶ
708 2154 873 2206 ἵππον
915 2153 975 2219 ἐξ
1019 2154 1393 2226 Ἰερουσαλὴμ,
1440 2155 1532 2208 καὶ
1575 2155 1754 2221 ἐξολο-

154 2246 459 2316 θρεύσεται
500 2246 651 2313 τόξον
690 2231 1005 2317 πολεμικὸν,
1050 2247 1146 2300 καὶ¹
1192 2245 1395 2318 πλῆθος
1430 2248 1524 2302 καὶ
1564 2249 1754 2320 εἰρήνη

154 2339 230 2404 ἐξ
263 2339 455 2404 ἐθνῶν,
487 2341 582 2393 καὶ
613 2339 872 2410 κατάρξει
898 2340 1006 2393 ἀπὸ
1036 2339 1332 2411 θαλάσσης,
1363 2323 1457 2394 καὶ
1491 2341 1753 2412 ποταμῶν

152 2434 235 2487 δι’
263 2433 492 2490 ἐκϐολὰς
517 2433 637 2503 γῆς.
685 2452 703 2484 ι
735 2432 993 2504 Θυγάτηρ
1023 2430 1184 2494 Σιὼν,
1211 2450 1244 2505 ῃ
1281 2433 1615 2504 προστάσσει
1644 2434 1756 2504 χαί-

158 2542 288 2596 ρειν
318 2527 346 2578 ὁ
389 2523 580 2592 Λόγος,
625 2524 774 2577 πᾶσα
817 2526 851 2594 ἡ
898 2524 998 2593 τῆς
1044 2526 1242 2594 νοητῆς
1289 2525 1382 2577 καὶ
1431 2526 1753 2596 ἐπουρανίου

155 2616 310 2670 Σιὼν
331 2618 379 2670 οἱ
407 2633 805 2687 κατατυγχανει
851 2614 970 2685 (sic)
1003 2614 1145 2686 ψυχή
1170 2633 1183 2645 ο
1213 2615 1246 2686 ἦ
1293 2615 1370 2687 (ἡ)
1401 2617 1496 2668 καὶ
1525 2618 1618 2670 ἐπὶ
1652 2603 1756 2687 γῆς

156 2706 257 2761 διὰ
280 2704 516 2778 Χριστοῦ
547 2706 788 2759 συστᾶσα
821 2703 881 2768 ἐξ
919 2703 1088 2757 ἐθνῶν
1125 2703 1402 2776 ἡκκλησία
1554 2703 1755 2775 ὁμοίως

156 2802 213 2855 δ’
246 2796 314 2854 αὖ
352 2799 511 2852 πάλιν
549 2799 796 2869 θυγάτηρ
835 2797 1209 2868 Ἰερουσαλὴμ,
1236 2800 1269 2868 ἡ
1302 2797 1620 2866 συγγένειαν
1657 2798 1754 2867 φέ-

161 2910 344 2967 ρουσα
385 2893 483 2962 τῆς
538 2891 860 2964 ἐπουρανίου
909 2890 1292 2962 Ἰερουσαλήμο
1328 2885 1416 2944 οἷά
1462 2908 1550 2954 τις
1597 2887 1666 2962 ἦν
1719 2893 1752 2962 ἡ

156 2987 385 3041 Παύλου
421 2985 688 3054 λέγοντος,
728 3003 748 3038 ι
790 2985 855 3037 Ἦ
883 2984 939 3037 δὲ
963 2985 1075 3038 ἄνω
1116 2985 1469 3055 Ἰερουσαλὴμ
1493 2983 1754 3056 ἐλευθέρα

154 3081 338 3145 ἐστὶν,
373 3079 496 3150 ῆτις
522 3077 670 3130 ἐστὶν
707 3077 888 3147 μήτηρ
910 3075 1090 3146 ἡμῶν.
1130 3095 1150 3127 ι
1178 3075 1310 3140 Ταῖς
1344 3075 1407 3146 δὴ
1436 3069 1529 3128 οὖν
1567 3074 1753 3128 τοιαύ-

153 3189 289 3234 ταις
314 3168 512 3242 ψυχαῖς
538 3172 566 3224 ό
604 3169 775 3237 Λόγος
805 3167 1208 3239 (ἐπι)δημήσειν
1248 3168 1340 3220 τὸν
1389 3167 1626 3237 Χριστὸν
1655 3165 1751 3221 τοῦ

154 3265 305 3320 Θεοῦ
365 3264 834 3336 προανακηρύττει
893 3263 1260 3335 ἐπιϐεϐηκότα
1319 3265 1609 3335 ὑποζυγίῳ.
1659 3266 1754 3318 καὶ

155 3359 333 3429 πώλῳ
359 3358 464 3429 νέῳ
483 3375 497 3389 ·
522 3356 667 3410 οὕτω
693 3356 792 3428 τῆς
821 3356 1165 3427 ἀνθρωπείας
1206 3356 1440 3426 φύσεως,
1468 3357 1534 3426 ἣν
1569 3358 1755 3430 ἐπιδη-

154 3453 350 3523 μήσας
379 3448 728 3521 (ἀνεί)ληφεν,
784 3447 1076 3518 νοουμένης
1098 3465 1111 3478 ·
1155 3446 1270 3518 μεθ’
1297 3443 1365 3520 ἦς
1392 3447 1754 3520 ἐξωλόθρευσε

154 3544 348 3596 πᾶσαν
375 3540 674 3612 πολεμικὴν
707 3539 934 3610 δύναμιν
962 3539 1068 3592 ἀπὸ
1093 3539 1272 3610 πάσης
1293 3539 1756 3612 ἐκκλησιαστικῆς

155 3637 262 3691 καὶ
308 3635 493 3706 φέρειν
541 3633 788 3706 καρποὺς
832 3633 1020 3702 ἁγίους
1073 3632 1373 3704 δυναμένης
1415 3633 1616 3704 ψυχῆς,
1658 3633 1752 3689 τοῦ

171 3727 420 3800 Ἐφραῖμ
467 3729 546 3792 είς
603 3725 981 3798 καρποφορίαν
1035 3725 1609 3796 μεταλαμϐανομένου,
1659 3726 1754 3780 καὶ

153 3821 246 3884 εἰς
293 3819 482 3890 ὅρασιν
521 3818 745 3890 εἰρήνης
787 3815 931 3870 κατὰ
974 3815 1075 3887 τὴν
1114 3815 1340 3870 Ἐλλάδα
1380 3815 1626 3885 γλῶτταν
1653 3817 1754 3886 τῆς

170 3909 532 3981 Ἰερουσαλήμ
547 3926 561 3940 ·
587 3909 681 3962 καὶ
711 3908 775 3978 δὴ
796 3906 1182 3978 ἐξολοθρεύσας
1206 3908 1333 3969 τοὺς
1363 3906 1628 3978 πρότερον
1652 3906 1753 3977 τῆς

154 4001 582 4074 ἀνθρωπότητος
608 4001 1008 4072 ἐπικρατούσας
1030 3999 1148 4068 (sic)
1172 3998 1430 4068 δαίμονας
1459 3998 1750 4069 πονηροὺς,

155 4095 223 4162 ἐξ
282 4093 537 4147 ἁπάντων
585 4093 692 4146 τῶν
747 4093 916 4146 πάλαι
958 4091 1172 4155 τούτοις
1213 4091 1543 4161 ὑποχειρίων
1583 4090 1752 4144 ἐθνῶν

159 4186 400 4258 μυρίους
446 4186 604 4248 ὅσους
642 4183 748 4237 ὑπὸ
775 4185 866 4237 τὸν
896 4183 1093 4254 εὐσεϐῆ
1125 4186 1226 4255 τῆς
1263 4181 1612 4246 διδασκαλίας
1658 4183 1754 4236 αὐ-

151 4277 257 4331 τοῦ
284 4277 445 4346 ζυγὸν
479 4277 814 4347 ὑπηγάγετο.
847 4275 1031 4329 Ταῦτα
1056 4276 1154 4347 μὲν
1184 4275 1327 4330 κατὰ
1355 4275 1591 4328 διάνοιαν
1614 4292 1628 4305 ο
1659 4275 1752 4328 καὶ

157 4367 345 4440 ῥητῶς
389 4369 443 4422 δέ
467 4371 502 4422 ’ό
548 4368 782 4437 Χριστὸς
823 4367 1251 4440 ἐνανθρωπήσας
1281 4368 1377 4421 καὶ
1422 4365 1752 4437 σωματικῶς

151 4461 264 4524 τὰς
291 4461 417 4529 περὶ
443 4459 608 4513 αὐτοῦ
650 4459 985 4532 προφητείας
1012 4458 1295 4523 ἐπιτελῶν,
1329 4458 1424 4513 καὶ
1451 4459 1625 4529 ταύτῃ
1652 4457 1751 4510 πέ-

157 4569 267 4624 ρας
308 4551 659 4616 ἐπιτέθεικεν,
698 4553 787 4605 ὅτε
829 4551 970 4604 κατὰ
1015 4551 1104 4604 τὸν
1153 4551 1545 4623 εὐαγγελιστὴν
1596 4547 1750 4604 εἶπεν

151 4648 279 4709 τοῖς
321 4644 513 4698 ἐαυτοῦ
551 4644 838 4717 μαθηταῖς,
881 4663 900 4695 ι
947 4644 1310 4716 Πορευθέντες
1337 4647 1419 4708 είς
1461 4645 1561 4715 τὴν
1604 4644 1746 4698 ἀπέ-

153 4753 317 4793 ναντι
365 4736 580 4807 κώμην,
623 4737 883 4808 εὑρήσετε
916 4735 1036 4791 ὄνον
1081 4737 1177 4790 καὶ
1208 4738 1387 4791 πῶλον
1422 4739 1745 4811 δεδεμένηνο

153 4829 427 4893 λύσαντες
456 4825 548 4882 οὖν
585 4828 755 4901 αὐτὴν
788 4829 1058 4901 ἀγάγετεο
1093 4831 1188 4884 καὶ
1217 4830 1312 4884 ἐάν
1342 4849 1426 4895 τις
1460 4833 1588 4902 ὑμῖν
1619 4833 1748 4905 εἴπῃ

150 4920 214 4975 τί
242 4923 467 4985 ποιεῖτε,
495 4922 691 4992 ἐρεῖτε,
718 4923 746 4973 ὁ
770 4921 975 4992 Κύριος
1001 4923 1108 4975 ἀπο
1133 4921 1356 4995 (αὐτῶν)
1384 4923 1569 4994 χρείαν
1599 4924 1709 4995 ἔχει
1729 4943 1742 4956 ·

153 5010 258 5066 καὶ
302 5009 628 5074 ἀπελθόντες
661 5011 856 5065 ἐκεῖνοι
903 5012 1164 5083 ἐποίησαν
1191 5012 1375 5077 καθὼς
1415 5015 1746 5086 προσέταξεν

153 5101 369 5170 ᾳύτοῖς.
408 5118 426 5151 ι
460 5099 676 5152 Τούτων
702 5101 748 5152 δ’
799 5099 972 5163 οὕτως
1015 5101 1270 5170 ἐχόντων,
1314 5101 1650 5172 παραθετέον
1677 5101 1748 5156 τὰ

157 5191 308 5265 ῥητὰ
331 5194 445 5256 τοῖς
471 5193 646 5262 μόνως
673 5193 1001 5263 σωματικῶς
1034 5195 1127 5246 καὶ
1159 5193 1463 5258 Ἰουδαϊκῶς
1504 5194 1576 5248 τὰ
1619 5212 1751 5266 προ-

158 5278 394 5349 κείμενα
438 5280 530 5334 ἐπὶ
574 5283 641 5351 τῇ
675 5280 770 5333 τοῦ
817 5280 1055 5352 Χριστοῦ
1100 5283 1371 5354 παρουσίᾳ
1421 5285 1748 5356 γενήσεσθαι

156 5370 592 5441 φανταζομένοις
613 5389 628 5404 ο
658 5373 895 5427 δεικτέον
920 5391 980 5426 τε
1010 5375 1141 5429 αὐτο
1163 5375 1220 5428 δὲ
1247 5374 1364 5447 (sic)
1388 5377 1536 5441 ὅπως
1561 5378 1654 5430 ἐπὶ
1681 5381 1746 5449 τῇ

153 5459 257 5515 τοῦ
303 5463 555 5536 Σωτῆρος
598 5465 755 5535 ἡμῶν
805 5467 1077 5538 παρουσίᾳ
1123 5468 1217 5521 καὶ
1265 5469 1591 5539 σωματικῶς
1642 5487 1748 5541 περ

152 5569 268 5606 αυτ
306 5592 319 5604 .
365 5594 377 5606 .
421 5595 435 5609 .
479 5573 577 5624 φεν
611 5557 748 5626 μετὰ
771 5557 878 5610 τῶν
900 5558 1074 5612 ἄλλων
1105 5560 1256 5630 καὶὴ
1291 5560 1574 5629 φάσκουσα
1609 5579 1745 5632 προ-

157 5643 385 5712 φητεία,
430 5664 446 5696 ι
478 5647 588 5699 Καὶ
632 5647 999 5720 ἐξολοθρεύσει
1026 5650 1248 5723 ἅρματα
1277 5652 1334 5718 ἐξ
1382 5651 1621 5723 Ἐφραῖμ
1652 5654 1745 5708 καὶ

237 5822 276 5851 ⁷¹
323 5819 550 5878 Zachar.
587 5840 635 5878 ix
661 5864 675 5890 ,
709 5829 760 5892 9,
839 5829 921 5884 lU.

1859 2062 2065 2131 pullum
2102 2060 2271 2114 ﬁlium
2303 2059 2491 2114 asinae.
2543 2058 2609 2113 Et
2665 2060 2978 2130 disperdam
3027 2061 3346 2130 quadrigam
3381 2077 3448 2116 ex

1858 2155 2137 2224 Ephraim,
2172 2161 2226 2209 et
2251 2169 2452 2224 equum
2483 2155 2550 2210 de
2586 2152 2925 2218 Jerusalem,
2981 2164 3036 2208 et
3087 2153 3448 2222 dissipabitur

1856 2261 2020 2300 arcus
2058 2245 2187 2301 belli
2217 2263 2230 2298 :
2267 2252 2322 2299 et
2345 2245 2599 2315 loquetur
2621 2259 2807 2315 pacem
2832 2245 3110 2314 gentilem,
3132 2254 3184 2298 ct
3208 2254 3447 2314 potestas

1857 2336 1978 2405 ejus
2003 2349 2032 2387 a
2061 2334 2200 2388 mari
2224 2350 2400 2403 usque
2431 2334 2496 2388 ad
2533 2350 2712 2399 mare,
2767 2342 2820 2389 et
2854 2349 2884 2387 a
2926 2333 3240 2390 ﬂuminibus
3274 2351 3449 2405 usque

1857 2426 1923 2480 ad
1971 2424 2108 2479 ﬁnes
2141 2432 2302 2480 terra:
2333 2424 2401 2476 η.
2441 2443 2460 2475 ι
2503 2422 2649 2476 Filia
2682 2423 2811 2478 Sion
2832 2464 2846 2488 ,
2879 2440 3042 2494 quam
3098 2425 3249 2495 jubet
3279 2426 3449 2479 laetari

1859 2516 2186 2587 Scriptura,
2240 2517 2420 2572 omnis
2471 2522 2555 2571 est
2605 2516 2870 2586 spiritalis
2927 2517 3277 2586 coelestisque
3315 2515 3448 2572 Sion

1857 2610 2071 2673 anima,
2124 2607 2208 2662 vel
2243 2608 2298 2662 in
2348 2614 2495 2662 terra
2529 2623 2626 2677 per
2672 2607 2952 2663 Christum
3002 2616 3155 2663 stans
3204 2609 3448 2678 gentium

1856 2701 2123 2756 Ecclesia.
2160 2697 2425 2754 Similiter
2455 2716 2650 2755 rursus
2683 2699 2791 2754 ﬁlia
2825 2699 3128 2756 Jerusalem
3151 2739 3165 2763 ,
3209 2715 3331 2768 quae
3367 2699 3448 2753 af-

1858 2794 1981 2849 ﬁnis
2011 2801 2095 2848 est
2129 2793 2342 2848 caelesti
2371 2790 2712 2858 Jerusalem;
2769 2793 2837 2848 de
2873 2809 2979 2863 qua
3033 2793 3177 2863 apud
3219 2791 3446 2847 Paulum

1856 2893 2192 2940 memoratur
2219 2886 2523 2941 dicentem:
2570 2905 2589 2937 ‹
2627 2885 2723 2940 illa
2752 2894 2934 2940 autem
2967 2901 3087 2956 quae
3114 2902 3332 2942 sursum
3361 2894 3446 2942 est

1854 2976 2177 3043 Jerusalem,
2205 2979 2378 3034 libera
2422 2987 2541 3044 est,
2575 2994 2696 3049 quae
2728 2987 2813 3034 est
2862 2987 3038 3034 mater
3084 2987 3269 3034 nostra
3312 2980 3377 3034 τ’.
3421 3001 3438 3032 ι

1857 3069 2082 3125 Talibus
2113 3070 2279 3140 igitur
2315 3071 2514 3126 animis
2555 3069 2843 3140 Scriptura
2910 3070 3226 3126 adfuturum
3285 3070 3444 3126 Chri-

1857 3172 2001 3217 stum
2032 3161 2126 3218 Dei
2179 3163 2549 3233 praenuntiat,
2596 3163 2876 3220 sedentem
2912 3180 3077 3234 super
3116 3166 3328 3220 asinam
3389 3175 3444 3220 et

1781 3233 1826 3294 (δ
1857 3273 2022 3328 super
2066 3257 2275 3327 pullum
2329 3255 2499 3310 ﬁlium
2530 3254 2734 3321 asinae;
2785 3256 2866 3310 sic
2901 3255 3047 3310 enim
3080 3255 3446 3325 interpretan-

1854 3357 1944 3403 tur
2001 3359 2253 3404 naturam
2299 3349 2618 3412 humanam,
2674 3349 2728 3400 in
2778 3362 2887 3417 qua
2921 3355 3292 3402 commoratus
3337 3355 3442 3402 est.

1853 3441 2059 3497 Deinde
2083 3441 2456 3511 pessumdedit
2489 3455 2708 3495 omnem
2737 3439 2992 3495 hostilem
3025 3447 3348 3510 potestatem
3375 3457 3443 3495 ex

1852 3535 2000 3589 omni
2035 3535 2430 3599 ecclesiastica,
2455 3541 2510 3588 et
2551 3541 2773 3589 sanctos
2804 3531 2946 3587 ferre
2995 3531 3206 3588 fructus
3231 3533 3444 3588 valente

1853 3629 2072 3692 anima,
2128 3627 2387 3698 Ephraim
2445 3626 2726 3682 fructuum
2758 3627 2970 3696 copiam
3032 3625 3444 3696 Jerusalemque

1852 3721 2037 3790 lingua
2066 3719 2254 3775 Graeca
2304 3719 2575 3775 visionem
2626 3719 2782 3789 pacis
2823 3718 3186 3789 signiﬁcante.
3243 3717 3443 3774 Deletis

1851 3827 1982 3883 ergo
2008 3813 2099 3883 qni
2125 3813 2279 3882 prius
2305 3812 2592 3866 hominum
2640 3826 2814 3882 genus
2841 3817 3234 3880 oppresserunt
3259 3811 3444 3879 pravis

1852 3903 2210 3969 daemonibus,
2242 3915 2308 3959 ex
2345 3903 2601 3958 omnibus
2637 3903 2731 3972 qui
2767 3903 3044 3973 quondam
3081 3902 3310 3956 istorum
3340 3903 3444 3957 sub

1851 3997 2059 4051 ditione
2082 4002 2241 4051 erant
2269 3995 2438 4050 millia
2485 3995 2655 4048 multa
2705 3994 2809 4050 sub
2850 3995 2998 4064 pium
3029 3993 3292 4048 doctrinae
3331 4009 3445 4049 suae

1847 4090 2036 4159 jugum
2071 4088 2319 4143 deduxit.
2358 4087 2481 4143 Hace
2509 4087 2728 4158 quidem
2776 4087 2844 4142 de
2861 4087 3443 4158 hujttstlocisigniﬁca-

1851 4183 2019 4238 tione.
2056 4183 2120 4236 Et
2144 4183 2362 4253 proprie
2391 4180 2649 4238 Christus
2681 4180 2859 4235 factus
2897 4181 3060 4234 homo
3100 4188 3153 4235 et
3183 4197 3444 4251 corpora-

1851 4276 1979 4330 liter
2007 4275 2075 4331 de
2100 4291 2159 4331 se
2186 4275 2306 4346 ipso
2338 4273 2641 4345 prophetiis
2673 4273 2943 4343 impletis,
2974 4274 3102 4329 huic
3143 4273 3304 4329 ﬁnem
3334 4275 3440 4328 im-

1853 4368 2057 4440 posuit,
2084 4383 2210 4423 cum
2241 4366 2546 4423 secundum
2577 4367 2972 4436 evangelistam
3012 4367 3296 4437 discipulis
3325 4368 3441 4424 suis

1853 4461 2028 4516 dixit:
2072 4480 2090 4512 ι
2127 4459 2204 4516 lte
2240 4461 2294 4515 in
2329 4460 2620 4516 castellum
2667 4459 2815 4530 quod
2839 4466 3032 4514 contra
3069 4474 3169 4514 vos
3200 4467 3326 4525 est,
3387 4468 3442 4515 et

1781 4582 1825 4636 Ι)
1856 4552 2036 4608 statim
2058 4552 2348 4608 invenietis
2372 4552 2586 4608 asinam
2617 4551 2891 4622 alligatam
2913 4591 2929 4614 ,
2954 4550 3028 4606 'et
3059 4552 3270 4622 pullum
3313 4567 3440 4606 cum

1854 4658 1956 4709 ea;
1990 4643 2184 4699 solvite
2215 4650 2269 4697 et
2319 4642 2575 4699 adducite
2618 4641 2773 4695 mihi.
2808 4639 2880 4694 Et
2919 4641 2964 4696 si
2995 4642 3120 4711 quis
3157 4643 3312 4696 vobis
3343 4643 3443 4695 ali-

1854 4735 1987 4806 quid
2021 4735 2242 4801 dixerit,
2271 4736 2441 4791 dicite
2470 4738 2600 4806 quia
2625 4734 2890 4791 Dominus
2914 4751 3053 4806 opus
3099 4734 3188 4789 his
3239 4734 3438 4798 habet;

1853 4835 1907 4883 et
1942 4827 2230 4883 confestim
2266 4827 2504 4884 dimittet
2529 4843 2644 4884 eos.
2690 4827 2756 4881 Et
2788 4829 3050 4882 abeuntes
3090 4827 3167 4880 illi
3197 4825 3443 4880 fecerunt

1852 4923 1993 4978 sicut
2021 4930 2356 4993 praeceperat
2389 4922 2470 4978 eis
2495 4922 2562 4975 ⁷³.
2599 4941 2616 4973 ι
2655 4919 2782 4975 Haec
2814 4921 2888 4972 ita
2931 4934 3055 4973 cum
3088 4934 3147 4974 se
3174 4919 3440 4980 habeant,

1853 5015 2173 5080 exponenda
2218 5022 2348 5070 sunt
2389 5014 2505 5069 haec
2552 5013 2716 5068 verba
2768 5012 2878 5067 illis
2925 5011 3018 5081 qui
3065 5009 3442 5065 tantummodo

1853 5104 2148 5159 carnaliter
2173 5111 2227 5159 et
2249 5103 2478 5159 Judaice
2506 5118 2570 5159 ea
2605 5103 2674 5158 de
2699 5102 3170 5167 Christiadventu
3196 5102 3312 5156 ﬁeri
3331 5103 3443 5171 opi-

1853 5203 2087 5255 nantur:
2118 5195 2606 5250 demonstrandum
2660 5202 2746 5249 est
2793 5195 2875 5249 eis
2908 5193 3185 5263 quomodo
3217 5192 3285 5248 de
3321 5192 3440 5246 Sal-

1853 5288 2064 5344 vatoris
2078 5288 2253 5343 nostri
2277 5287 2738 5351 manifestatione,
2762 5288 2847 5343 vel
2872 5286 3189 5344 carnaliter.
3224 5326 3240 5341 .
3278 5327 3291 5340 .
3323 5325 3338 5340 .
3371 5327 3383 5339 .
3423 5328 3436 5340 .

1857 5397 1983 5436 cum
2009 5380 2132 5435 aliis
2155 5387 2209 5436 et
2241 5379 2526 5450 prophetia
2558 5379 2747 5435 dicens
2778 5397 2793 5433 :
2843 5397 2862 5429 ι
2899 5376 3184 5448 Disperdet
3217 5375 3440 5446 quadri-

1857 5486 1953 5541 gas
2002 5486 2070 5526 ex
2096 5469 2355 5540 Ephraim
2395 5477 2451 5524 et
2479 5485 2679 5539 equum
2712 5468 2780 5523 de
2809 5465 3132 5523 Jerusalem.
3175 5469 3194 5520 δ
3247 5465 3440 5521 Divina

1855 5562 2021 5632 igitur
2061 5563 2412 5634 cmlestisque
2459 5561 2666 5617 Christi
2714 5560 2968 5631 potentia:
3024 5557 3282 5614 ineffabili
3330 5559 3440 5612 vir-

1828 5661 1970 5709 tute
2011 5663 2153 5725 post.
2195 5697 2208 5711 .
2251 5697 2263 5710 .
2305 5696 2316 5708 .
2356 5697 2367 5710 .
2403 5695 2416 5710 .
2456 5696 2468 5709 .
2521 5655 2684 5727 hujus
2714 5653 3007 5728 hinsidias;
3043 5654 3326 5724 ipsamque
3352 5649 3438 5707 Jc:

1001 5831 1043 5860 "
1086 5829 1258 5884 Galat.
1296 5847 1366 5898 tv,
1403 5830 1491 5887 26.
1573 5832 1616 5866 ⁷³
1660 5832 1848 5888 Matth.
1884 5848 1972 5888 xxt
1997 5873 2010 5900 ,
2041 5832 2215 5900 2,5,6.
