3856 6226
455 291 606 353 usi
1165 294 1439 350 EUSEBII
1478 280 1964 354 CJESARIENSIS
2000 295 2151 354 OPP.
2190 294 2374 351 rans
2400 298 2494 352 ιιι.
2534 328 2602 338 -
2642 293 3055 354 EXEGETICA.
3608 299 3736 356 “Si

452 407 692 463 rusalern
728 420 873 461 cum.
907 447 921 460 .
961 444 976 459 .
1010 443 1025 459 .
1061 445 1076 460 .
1109 444 1127 462 .
1162 444 1176 460 .
1219 405 1275 460 in
1314 405 1518 475 quibus
1546 405 1736 462 hostili
1768 415 2001 478 potestat

2146 410 2311 463 ἵππον
2359 407 2422 480 (ι.
2461 407 2553 479 55)
2602 407 2665 474 ἐξ
2709 409 3138 482 Ἰερουσαλήμ.»
3192 408 3257 464 Ἦ
3299 408 3435 479 γοῦν
3474 410 3580 464 τοῦ
3621 413 3736 483 Χρι-

451 498 852 570 pessumdcdit.
910 497 1086 557 Tunc.
1138 540 1150 553 .
1195 538 1208 552 .
1247 539 1261 554 .
1296 540 1310 554 .
1347 537 1361 552 .
1396 538 1411 552 .
1448 539 1463 553 .
1501 540 1515 554 .
1550 543 1563 556 .
1595 539 1613 553 .
1662 501 1927 572 populum
1978 502 2003 556 ll

2145 500 2273 556 στοῦ
2309 501 2430 555 θεία
2462 502 2559 555 καὶ
2602 502 2852 573 οὐράνιος
2894 500 3126 573 δύναμις
3153 502 3458 574 ἀπορρήτῳ
3490 504 3736 574 ἐνεργείᾳ

450 590 568 660 ipsa
606 588 1091 660 Ephraim‘saepius
1108 590 1471 645 nominatum.
1507 630 1520 643 .
1657 631 1672 647 .
1811 631 1827 647 .
1864 631 1879 647 .
1915 632 1933 648 .
1969 631 1984 646 .

2145 593 2283 665 μετά
2321 592 2420 663 τὴν
2463 630 2479 647 .
2525 634 2538 648 .
2585 632 2598 645 .
2644 631 2657 667 τ
2697 590 2885 646 τούτου
2935 591 3254 664 ἐπιϐουλήν·
3302 593 3485 664 αὑτήν
3527 610 3596 646 τε
3645 594 3734 665 τὴν

450 692 828 754 praeceptum;
872 680 1215 752 frequentem
1272 696 1477 751 equum
1515 682 1572 739 in
1623 681 1930 741 Jerusalem
1977 700 2003 742 e

2154 682 2515 755 Ἰερουσαλὴμ
2543 682 2642 736 σὺν
2671 682 2768 737 καὶ
2804 685 2872 755 τῇ
2904 699 3051 753 προγ
3092 724 3106 738 .
3148 722 3164 737 .
3207 723 3222 738 .
3268 722 3283 735 .
3326 723 3344 738 .
3389 721 3406 735 .
3446 684 3515 737 ὲν
3544 678 3639 748 αἷς
3673 688 3732 755 τῇ

448 776 791 846 quadrigam.
819 816 836 834 .
865 816 879 831 .
910 814 926 831 .
954 813 994 830 ..
1038 814 1052 828 .
1086 791 1183 851 per
1207 776 1476 833 bellorum
1508 777 1676 833 acies.
1707 819 1723 834 .
1763 819 1779 834 .
1814 819 1830 835 .
1862 816 1876 834 .
1913 819 1927 834 .
1963 816 1979 833 .

2140 789 2487 848 τυγχανουσῃ
2521 773 2793 845 πολεμικῇ
2820 774 3047 845 δυνάμει
3076 773 3448 847 ἐξωλόθρευσε
3468 791 3483 804 ·
3531 774 3629 827 τότ
3666 815 3682 829 .
3716 815 3731 827 .

449 867 622 923 factos
640 883 836 938 equos,
854 868 1146 938 pecoribus
1161 869 1550 940 insipientibus
1570 869 1858 926 assimilat.
1883 912 1896 926 .
1917 913 1931 925 .
1973 912 1987 927 .
2018 914 2031 926 .

2143 908 2158 922 .
2202 906 2215 917 .
2260 908 2275 921 .
2315 864 2442 918 λαὸν
2466 863 2558 917 τὸν
2593 866 2653 918 ὲν
2681 864 2824 943 αὐτῇ
2858 862 3098 936 Ἐφραῒμ
3119 863 3380 928 πολλάκις
3406 863 3734 934 ὠνομασμέ-

446 973 586 1029 quos
620 959 837 1029 penitus
861 974 1057 1015 omnes
1073 960 1340 1015 adventus
1372 959 1673 1016 Salvatoris
1700 961 1878 1017 nostri
1907 975 2003 1026 pes

2138 956 3733 1037 vov.................swolﬁv'ainde}-

446 1050 739 1106 sumdedit.
784 1091 800 1108 .
844 1092 859 1108 .
903 1092 918 1108 .
966 1092 981 1107 .
1029 1093 1043 1106 .
1087 1091 1104 1107 .
1147 1052 1441 1107 salutarem
1469 1051 1814 1122 prtesentiam
1849 1051 2003 1125 perdi

2137 1068 2298 1105 νοντα
2324 1052 2489 1104 ἵππον
2522 1052 2581 1105 ὲν
2613 1052 2680 1121 τῇ
2700 1049 3055 1122 Ἰερουσαλὴμ
3085 1049 3176 1104 καὶ
3203 1051 3393 1122 ἁρματ
3419 1089 3437 1104 .
3482 1089 3504 1105 .
3546 1092 3563 1106 .
3606 1090 3625 1106 .
3664 1088 3680 1102 .
3716 1089 3732 1103 .

442 1139 516 1194 tis
548 1138 678 1195 illis.
718 1181 733 1194 .
782 1182 809 1211 .,
840 1180 855 1195 .
898 1180 913 1195 .
959 1182 974 1195 .
1020 1180 1035 1197 .
1082 1181 1097 1195 .
1139 1142 1294 1196 multi
1338 1158 1407 1197 ex
1464 1142 1722 1198 omnibus
1772 1142 2003 1213 gentibu;

2136 1139 2304 1204 τικῶς
2326 1137 2414 1192 διὰ
2442 1137 2541 1203 τὰς
2571 1139 2630 1193 ὲν
2666 1141 2780 1202 τοῖς
2810 1139 3068 1210 πολέμοις
3091 1139 3436 1212 παρατάξεις
3468 1158 3505 1193 τ
3545 1181 3560 1193 .
3605 1179 3623 1194 .
3664 1181 3679 1196 .
3716 1180 3731 1195 .

441 1229 499 1284 in
562 1232 783 1290 animis.
828 1272 843 1287 .
882 1271 901 1289 .
947 1275 960 1287 .
1005 1272 1020 1288 .
1065 1270 1082 1287 .
1121 1240 1474 1303 acceperunt.
1540 1233 1650 1290 Deo
1704 1241 1925 1304 regente
1974 1248 2003 1288 e

2135 1250 2241 1286 κατ
2279 1273 2291 1286 .
2339 1271 2354 1285 .
2397 1272 2410 1284 .
2457 1273 2471 1287 .
2516 1269 2531 1284 .
2578 1271 2591 1284 .
2638 1271 2653 1286 .
2694 1231 3023 1303 γενομένους
3054 1233 3285 1298 ἵππους·
3331 1234 3606 1305 κτήνεσιν
3628 1235 3734 1297 τοῖς

440 1321 763 1392 imperante.
808 1366 823 1381 .
868 1364 884 1381 .
928 1366 946 1383 .
992 1366 1006 1379 .
1050 1366 1064 1380 .
1103 1365 1119 1378 .
1160 1325 1393 1395 angelici
1436 1324 1592 1381 verbi
1637 1326 1819 1382 omnis
1870 1332 2003 1381 terra

2134 1327 2382 1396 ἀνοήτοις
2405 1324 2534 1396 παρ’
2560 1324 2723 1397 ὁμοια
2752 1365 2766 1380 .
2802 1363 2816 1376 .
2845 1362 2861 1378 .
2904 1365 2920 1379 .
2963 1364 2978 1377 .
3023 1361 3040 1378 .
3082 1365 3099 1380 .
3140 1366 3156 1380 .
3201 1365 3216 1379 .
3259 1363 3276 1379 .
3320 1325 3457 1388 ,οὓς
3491 1324 3732 1397 ἐναργῶς

438 1414 765 1471 secundum.
808 1456 826 1473 .
869 1455 886 1473 .
932 1459 946 1473 .
991 1461 1005 1472 .
1047 1458 1063 1475 .
1113 1460 1126 1473 .
1167 1417 1341 1472 divini
1375 1418 1528 1473 verbi
1552 1418 1914 1488 prophetiam.

2136 1418 2348 1482 πάντας
2381 1420 2416 1490 ή
2456 1417 2730 1490 παρουσία
2766 1414 2862 1470 τοῦ
2896 1416 3151 1490 Σωτῆρος
3185 1417 3346 1488 ἡμῶν
3393 1417 3732 1490 ὲξωλόθρευσ

436 1544 456 1562 .
500 1548 514 1562 .
557 1550 572 1565 .
616 1551 633 1567 .
671 1512 803 1581 γοῦν
835 1512 933 1585 τὴν
962 1515 1230 1585 σωτήριον
1274 1515 1578 1585 παρουσίαν
1621 1512 2112 1584 ὲξολοθρευθέντων
2143 1515 2369 1568 ἐκείνων
2411 1554 2424 1565 .
2470 1553 2484 1568 .
2529 1551 2544 1567 .
2589 1552 2604 1566 .
2630 1550 2663 1565 η.
2702 1511 2868 1582 τυχὸν
2908 1511 3116 1582 πλῆθος
3171 1511 3234 1577 ἐξ
3294 1511 3568 1566 ἁπάντων
3626 1510 3731 1565 τῶν

433 1600 604 1658 ἐθνῶν
630 1604 731 1675 τὴν
759 1605 818 1659 ὲν
844 1609 964 1671 ταῖς
988 1606 1189 1677 ψυχαῖς
1228 1645 1244 1660 .
1289 1648 1303 1661 .
1348 1644 1363 1659 .
1408 1647 1423 1662 ,
1467 1648 1478 1659 .
1532 1645 1547 1659 .
1592 1645 1605 1658 .
1647 1604 2002 1670 κατεδέξαντο
2030 1624 2043 1637 ·
2083 1606 2176 1660 τοῦ
2231 1605 2367 1660 Θεοῦ
2403 1604 2780 1676 κατάρξαντος
2827 1590 3428 1678 καὶκατακρατήσεως
3474 1644 3490 1657 .
3536 1646 3551 1661 .
3596 1644 3611 1657 .
3652 1645 3668 1657 .
3710 1642 3726 1657 .

433 1691 727 1761 άγγελικοῦ
758 1693 926 1766 ῥητοῦ
971 1696 1073 1766 τῆς
1109 1693 1438 1765 οἰκουμένης
1480 1693 1700 1765 ἁπάοης
1746 1694 1887 1749 κατὰ
1930 1697 2031 1768 τὴν

1030 1807 1262 1864 CAPUT
1302 1804 1478 1865 XXV.

919 1919 1005 1974 Ex
1038 1917 1220 1975 eodem
1257 1917 1301 1971 Ζ
1305 1918 1544 1975 acltaria.

505 2049 525 2084 ι
561 2030 628 2085 Et
670 2028 996 2087 confortabo
1028 2043 1126 2084 eos
1177 2027 1233 2082 in
1282 2026 1517 2082 Domino
1543 2068 1558 2094 ,
1614 2036 1670 2083 et
1719 2027 1774 2081 in
1804 2028 2028 2082 nomine

427 2123 593 2197 (ejus)
623 2123 1021 2186 ambulabunt,
1058 2121 1192 2175 dicit
1223 2118 1490 2176 Dominus
1513 2119 1582 2177 ⁷⁵.
1617 2140 1636 2173 ι
1675 2118 1892 2176 Rursus
1921 2119 2027 2175 Do-

426 2219 609 2272 minus
628 2216 722 2271 Dei
739 2215 979 2271 Verbum
1000 2229 1059 2269 se
1078 2211 1513 2267 confortaturum
1538 2213 1825 2283 pollicetur
1842 2214 2023 2283 justos

423 2310 481 2365 in
516 2308 749 2363 Domino
806 2306 917 2361 Deo
978 2320 1206 2370 eorum,
1265 2302 1438 2359 Deum
1471 2313 1527 2360 et
1585 2304 1802 2361 Patrem
1860 2322 2023 2361 suum

420 2401 738 2458 ostendens.
766 2398 892 2455 ideo
922 2398 978 2454 in
1012 2399 1344 2456 testimoniis
1382 2399 1450 2455 de
1479 2396 1642 2453 Patre
1674 2405 1730 2454 et
1756 2396 1895 2453 Filio
1917 2399 2022 2456 hoc

426 2508 646 2565 quoque
670 2492 876 2548 dictum
901 2492 1349 2548 memoravimus.

985 2604 1214 2660 CAPUT
1248 2604 1443 2661 XXVI.

1060 2718 1147 2773 Ea:
1182 2718 1385 2775 eodem.

500 2855 519 2887 ι
558 2833 626 2889 Ει
659 2841 997 2905 cognoscent
1028 2830 1327 2888 Chananaei
1384 2845 1586 2903 pecora
1646 2832 1783 2887 mihi
1831 2840 2018 2888 custo-

411 2928 634 2992 dienda,
668 2926 797 2998 quia
837 2924 1068 2981 verbum
1099 2923 1315 2982 Domini
1345 2933 1449 2980 est.
1481 2923 1549 2979 Et
1572 2924 1751 2980 dicam
1780 2925 1848 2980 ad
1877 2938 2012 2981 eos:

413 3020 476 3078 3i
507 3019 711 3076 bonum
739 3026 825 3075 est
873 3017 931 3072 in
960 3017 1138 3073 oculis
1172 3017 1373 3073 vestris
1399 3055 1415 3077 .
1458 3015 1648 3072 alferte
1700 3016 2013 3074 mercedem

411 3127 629 3180 meam;
659 3118 715 3167 et
761 3111 811 3165 si
871 3124 1003 3173 non,
1030 3109 1322 3180 quiescite.
1360 3107 1426 3162 Et
1454 3108 1837 3179 appenderunt
1868 3123 2013 3164 mer-

2072 1739 2084 1750 .
2134 1737 2147 1748 .
2190 1737 2204 1751 .
2250 1737 2263 1750 .
2288 1736 2324 1751 -.
2371 1738 2384 1751 .
2423 1712 2493 1767 ην
2525 1693 2622 1748 τοῦ
2658 1693 2803 1748 θείου
2828 1696 3003 1765 Λόγου
3034 1695 3397 1768 προφητείαν.

2057 1819 2104 1878 Β

2632 1812 3033 1873 ΚΕΦΑΛΑῙΟΝ
3086 1812 3216 1866 ΚΕ’.

2597 1925 2711 1981 Τοῦ
2741 1925 2931 1981 αὐτοῦ
2971 1928 3254 1997 Ζαχαρία.

2205 2054 2226 2087 ι
2271 2038 2382 2091 Καὶ
2420 2038 2739 2111 κατισχύσω
2790 2041 2988 2105 αὐτοὺς
3032 2042 3090 2095 ἐν
3127 2042 3323 2114 Κυρίῳ
3367 2042 3499 2114 Θεῷ
3533 2042 3729 2108 αὐτῶν,

2127 2130 2219 2182 καὶ
2252 2131 2311 2183 ὲν
2362 2129 2442 2203 τῷ
2469 2131 2695 2203 ὀνόματι
2735 2172 2749 2187 .
2794 2172 2809 2188 .
2854 2175 2869 2188 .
2915 2175 2929 2188 .
2973 2175 2988 2189 .
3033 2173 3047 2188 .
3092 2174 3108 2189 .
3146 2136 3554 2206 καυχήσονται,
3585 2136 3727 2205 λέγει

2125 2219 2350 2292 Κύριος.
2394 2242 2413 2275 ι
2451 2224 2624 2278 Πάλιν
2657 2223 2863 2298 Κύριος
2895 2228 2924 2280 ό
2961 2226 3057 2279 τοῦ
3085 2225 3222 2279 Θεοῦ
3256 2227 3442 2296 Λόγος
3472 2229 3725 2299 κατισχύε-

2125 2314 2262 2386 (σειν
2291 2315 2653 2388 ύπι)σχνεῖται
2681 2319 2809 2382 τοὺς
2835 2318 3019 2383 ἀξίους
3047 2320 3105 2373 ὲν
3133 2320 3326 2392 Κυρίῳ
3353 2320 3486 2392 Θεῷ
3527 2322 3723 2386 αὐτῶν,

2122 2407 2215 2460 τὸν
2246 2407 2379 2462 Θεὸν
2404 2409 2500 2463 καὶ
2526 2409 2749 2483 Πατέρα
2774 2412 2970 2466 ἑαυτοῦ
3000 2412 3195 2485 δηλῶν.
3226 2413 3319 2466 Διὸ
3348 2414 3411 2468 ὲν
3440 2417 3564 2479 τοῖς
3600 2414 3725 2487 rapi

2122 2500 2335 2574 Πατρὸς
2360 2502 2455 2557 καὶ
2484 2502 2615 2557 Υἱοῦ
2640 2504 2735 2557 καὶ
2759 2502 2919 2558 τοῦτο
2951 2503 3347 2576 σεσημειώσθω
3371 2504 3438 2559 τὺ
3462 2506 3654 2578 ῥητόν.

2632 2614 3037 2673 ΚΕΦΔΛΑΙΟΝ
3069 2619 3214 2688 Kcr.

2725 2729 2837 2786 Τοῦ
2891 2730 3105 2787 αὑτοῦ.

2194 2860 2214 2894 ι
2259 2842 2372 2901 Καὶ
2394 2843 2696 2913 γνώσονται
2724 2844 2775 2897 οἱ
2802 2845 3099 2899 Χαναναῖοι
3131 2845 3201 2900 τὰ
3230 2846 3486 2917 πρόϐατα
3511 2847 3587 2901 τὰ
3618 2865 3722 2917 qr.»

2116 2934 2431 3006 λασσόμενά
2462 2953 2574 3007 μοι,
2608 2935 2744 2989 διότι
2787 2935 2945 3006 λόγος
2988 2939 3196 3009 Κυρίου
3242 2939 3414 2992 ἐστίν.
3456 2941 3574 2994 Καὶ
3606 2940 3721 3013 ἐρῶ

2116 3026 2254 3099 πρὸς
2278 3026 2495 3093 αύτούς·
2529 3029 2593 3082 ΕΙ
2619 3028 2784 3083 καλὸν
2814 3029 3048 3084 ἐνώπιον
3077 3029 3234 3101 ὑμῶν
3256 3034 3430 3097 ἐστιν,
3464 3032 3593 3088 δότε
3622 3033 3721 3088 τὸν

2118 3117 2307 3190 μισθόν
2341 3135 2465 3190 μου,
2500 3120 2533 3192 ἢ
2569 3120 2907 3175 ἀπείπασθε·
2955 3122 3052 3176 καὶ
3099 3122 3335 3194 ἔστησαν
3379 3125 3474 3178 τὸν
3523 3127 3721 3196 μισθόν

409 3205 603 3262 cedem
635 3219 813 3258 meam
839 3203 1065 3274 triginta
1099 3208 1413 3273 argenteos.
1469 3200 1536 3254 Et
1566 3200 1771 3271 projeci
1802 3201 1925 3257 illos
1954 3201 2003 3256 in

2121 3225 2218 3280 μου
2246 3208 2542 3280 τριάκοντα
2579 3211 2912 3283 ἀργυρίους·
2965 3212 3062 3265 καὶ
3104 3211 3357 3266 ἐνέϐαλον
3399 3214 3606 3278 αὐτοὺς
3638 3217 3719 3278 εἰς

407 3297 638 3354 domum
684 3295 899 3352 Domini
938 3294 1008 3350 acl
1047 3296 1396 3350 statuariuni.
1445 3295 1513 3349 Et
1547 3293 1770 3365 praecidi
1802 3295 2012 3366 virgam

411 3405 591 3447 meam
624 3389 946 3445 secundam.
992 3427 1007 3441 .
1047 3427 1062 3443 .
1109 3426 1124 3440 .
1170 3427 1186 3443 .
1229 3428 1242 3441 .
1288 3428 1304 3442 .
1350 3426 1363 3440 .
1405 3394 1466 3441 ut
1500 3386 1854 3443 dissolverem
1883 3403 2008 3459 ger-

406 3485 732 3540 manitatem
774 3483 919 3537 inter
951 3480 1147 3536 Judam
1180 3488 1235 3535 et
1270 3481 1438 3541 Israel
1468 3482 1535 3534 ⁷⁵.
1597 3500 1616 3533 ι
1667 3481 1811 3548 Quid
1862 3482 2008 3538 enim

409 3593 519 3633 non
546 3576 616 3647 de
649 3575 881 3630 Domino
925 3582 980 3630 et
1012 3574 1296 3629 Salvatore
1329 3581 1519 3628 nostro
1542 3572 1672 3630 Jesu
1702 3573 1941 3631 Christo.
1991 3615 2005 3628 .

746 3668 1040 3740 praevisum
1106 3673 1270 3737 atque
1338 3665 1661 3738 praedictum
1744 3666 1911 3722 fuerit
1976 3681 2008 3721 a

408 3762 619 3820 sanctis
650 3752 745 3817 Dei
779 3760 1082 3831 prOphctis.
1132 3799 1144 3812 .
1191 3800 1205 3814 .
1251 3800 1263 3811 .
1307 3798 1321 3811 .
1369 3797 1382 3811 .
1431 3798 1444 3812 .
1487 3758 1633 3815 enim
1698 3773 1730 3814 e
1779 3758 2008 3830 Virgine

407 3855 668 3910 nativitas
691 3853 814 3924 ejus
834 3860 889 3908 et
920 3851 1244 3907 nativitatis.
1284 3892 1300 3908 .
1343 3893 1359 3909 .
1413 3893 1425 3906 .
1473 3891 1488 3905 .
1533 3891 1548 3905 .
1596 3891 1612 3907 .
1651 3858 1709 3906 et
1743 3850 1903 3905 radix
1932 3866 2002 3907 ex

404 3963 514 4019 qua
553 3945 857 4003 secundum
889 3960 1113 4001 carnem
1157 3944 1380 4015 genitus
1409 3951 1515 4000 est.
1562 3985 1578 4001 .
1622 3984 1637 3999 .
1686 3984 1700 3997 .
1744 3983 1759 3999 .
1805 3984 1821 3997 .
1863 3984 1874 3998 .
1919 3982 1935 3998 .
1986 3982 2003 3999 .

411 4038 555 4094 Huic
591 4039 884 4094 incarnato
917 4037 1007 4091 vix
1053 4036 1325 4092 credenda
1354 4052 1452 4109 per
1479 4036 1794 4108 prophetas.
1834 4079 1849 4093 .
1882 4077 1899 4094 .
1932 4077 1946 4091 .
1985 4079 2000 4093 .

407 4128 712 4200 Scripturae
754 4142 785 4182 a
826 4138 1018 4183 sancto
1064 4126 1274 4198 Spiritu
1329 4128 1587 4199 dignatus
1620 4135 1724 4183 est.
1774 4126 1835 4182 In
1882 4143 2004 4184 om-

406 4221 572 4277 nibus
603 4228 658 4275 et
684 4228 938 4285 mortem,
974 4227 1026 4274 et
1060 4218 1253 4274 mortis
1289 4218 1581 4288 imaginem
1613 4218 1999 4280 ostenderunt,

405 4326 519 4367 non
573 4310 913 4366 omittentes.
956 4350 973 4365 .
1020 4351 1034 4364 .
1079 4348 1093 4363 .
1140 4349 1155 4363 .
1197 4322 1377 4378 neque
1436 4323 1557 4379 qua:
1623 4309 1847 4377 pertulit
1899 4306 1998 4362 lla-

399 4400 563 4473 gella,
596 4406 652 4456 ct
679 4407 858 4473 sputa,
888 4398 1173 4469 l‘ustesque
1221 4408 1277 4454 et
1314 4398 1635 4469 opprobria.
1691 4397 1798 4454 Sed
1851 4398 1999 4454 hunc

399 4493 498 4564 qui
524 4491 752 4547 tradidit
779 4506 906 4546 eum
953 4488 1346 4546 insidiantibus
1375 4490 1772 4562 discipulorum
1825 4482 2025 4547 unum-

2112 3302 2205 3357 τὸν
2246 3296 2394 3357 οἷκον
2422 3304 2630 3375 Κυρίου
2655 3306 2736 3368 εἰς
2760 3303 2822 3357 τὸ
2853 3305 3241 3377 χωνευτήριον.
3286 3307 3399 3360 Καὶ
3425 3306 3718 3380 ἀπέρριψε

2111 3388 2211 3460 τὴν
2243 3389 2438 3461 ῥάϐδον
2481 3390 2580 3462 τὴν
2616 3391 2879 3464 δευτέραν
2921 3433 2936 3447 .
2981 3434 2996 3448 .
3042 3437 3058 3452 .
3102 3432 3115 3448 .
3162 3437 3174 3449 .
3219 3433 3235 3450 .
3279 3435 3294 3449 .
3341 3436 3355 3448 .
3394 3437 3409 3451 .
3448 3396 3553 3449 τοῦ
3594 3397 3716 3452 διαο

2114 3478 2372 3534 σκεδάσαι
2397 3480 2498 3553 τὴν
2522 3480 2790 3554 διαθήκην
2814 3483 3088 3554 ἀναμέσον
3131 3484 3326 3549 Ἰούδα,
3366 3487 3465 3539 καὶ
3491 3487 3712 3557 ἀναμέ-

2114 3586 2204 3624 σον
2249 3571 2488 3642 Ἰσραήλ.
2528 3591 2547 3625 ι
2578 3573 2689 3627 Καὶ
2721 3575 2774 3628 τί
2805 3573 2916 3647 γὰρ
2946 3576 3068 3650 οὐχὶ
3106 3575 3216 3629 τῶν
3241 3577 3334 3629 ἐπὶ
3362 3575 3463 3630 τοῦ
3492 3578 3711 3651 Κυρίου

2109 3661 2205 3714 καὶ
2250 3660 2504 3732 Σωτῆρος
2551 3662 2709 3735 ἡμῶν
2765 3663 2942 3735 Ἰησοῦ
2993 3663 3232 3737 Χριστοῦ
3282 3682 3378 3718 συν
3419 3706 3434 3719 .
3478 3704 3495 3719 .
3544 3704 3563 3720 .
3599 3684 3713 3722 των

2110 3749 2458 3822 προέγνωστό
2497 3769 2555 3806 τε
2602 3753 2698 3807 καὶ
2734 3754 3033 3827 προείρητο
3072 3758 3186 3819 τοῖς
3227 3756 3392 3827 ἱεροῖς
3417 3755 3518 3809 τοῦ
3568 3756 3711 3812 Θεοῦ

2111 3843 2417 3914 προφήταις
2465 3885 2476 3895 .
2525 3884 2538 3899 .
2584 3884 2598 3897 .
2643 3888 2656 3899 .
2700 3884 2716 3900 .
2762 3886 2777 3900 .
2822 3887 2837 3900 .
2877 3847 2988 3917 γὰρ
3043 3848 3108 3900 ὲκ
3159 3847 3434 3920 παρθένου
3486 3849 3710 3918 γένεσις
3824 3924 3825 3935 χ

2106 3932 2615 4007 αὑτοῦκαὶὸτῆς
2663 3937 3708 4003 γενέσεως.............

2104 4023 2171 4096 λῆ
2208 4025 2304 4079 καὶ
2347 4027 2382 4096 η
2425 4023 2552 4097 ῥίζα
2577 4025 2637 4090 ἐξ
2665 4021 2736 4100 ἧς
2762 4025 2824 4079 τὸ
2866 4026 3009 4081 κατὰ
3037 4027 3214 4098 σάρκα
3241 4025 3607 4097 γεγέννηται·
3640 4027 3711 4082 τά

2103 4133 2166 4170 τε
2206 4157 2220 4171 .
2266 4157 2281 4170 .
2320 4156 2334 4170 .
2378 4157 2393 4171 .
2439 4157 2452 4171 .
2497 4157 2510 4170 .
2556 4157 2571 4172 .
2612 4159 2625 4170 .
2669 4157 2684 4171 .
2729 4158 2743 4172 .
2783 4117 2933 4189 αὐτῷ
2974 4118 3375 4191 ἐπιδημήσαντι
3418 4118 3708 4191 παράδοξα

2101 4208 2193 4263 διὰ
2238 4208 2350 4264 τῶν
2404 4210 2669 4265 ἀνέκαθεν
2719 4211 3016 4284 προφητῶν
3057 4252 3073 4267 .
3116 4251 3132 4266 .
3175 4252 3192 4267 .
3236 4250 3253 4265 .
3290 4211 3393 4282 τῆς
3444 4212 3559 4265 ὑπὸ
3609 4212 3704 4267 τοῦ

2103 4302 2251 4357 θείου
2295 4304 2616 4374 Πνεύματος
2659 4303 2868 4375 ἠξιώθη
2919 4304 3175 4376 Γραφῆς·
3222 4306 3316 4358 ἐπὶ
3343 4306 3481 4358 πᾶσι
3519 4304 3587 4358 δὲ
3612 4290 3731 4360 καῖ’

2100 4393 2194 4445 τὸν
2242 4394 2472 4449 θάνατον
2517 4396 2612 4448 καὶ
2652 4395 2716 4448 τὸ
2754 4394 2950 4449 τούτου
2997 4392 3137 4458 εἶδος
3159 4395 3601 4488 προεδηλωσαν,
3641 4397 3702 4450 οὐ

2101 4488 2473 4559 παραλιπόντε
2511 4526 2527 4542 .
2568 4525 2584 4541 .
2631 4530 2646 4545 .
2688 4527 2704 4542 .
2748 4526 2764 4542 .
2805 4528 2820 4543 .
2858 4488 2967 4542 οὐδ’
3013 4488 3083 4554 ἃς
3111 4490 3377 4560 ὑπέμεινε
3425 4491 3704 4561 μάστιγας

403 4583 731 4641 indicantes.
778 4581 1110 4639 Nominatim
1149 4583 1318 4654 igitur
1345 4598 1472 4637 eum
1532 4593 1854 4641 exsecratus
1910 4596 1996 4642 est

2121 4582 2193 4637 ιαὶ
2218 4584 2578 4671 ὲμπτυσμοῦς
2615 4583 2939 4656 ραπίσματά
2978 4600 3039 4637 τε
3068 4584 3166 4638 καὶ⁵
3191 4583 3410 4657 ὕϐρεις·
3440 4584 3585 4639 ἀλλὰ
3610 4585 3704 4639 τὸν

402 4692 500 4748 per
558 4674 849 4733 Jeremiam
912 4674 1153 4747 Spiritus
1212 4686 1441 4731 sanctus
1484 4675 1727 4734 dicens:
1795 4697 1816 4729 ι
1857 4677 1995 4735 Pec-

396 4774 583 4820 catum
646 4763 788 4820 Juda
855 4767 1120 4836 scriptum
1159 4775 1245 4821 est
1296 4765 1439 4837 ston
1487 4766 1666 4823 ferreo
1716 4768 1773 4823 iu
1809 4785 1995 4840 ungue

399 4855 755 4912 adamantino
813 4857 881 4912 ⁷³.
948 4877 973 4910 ι
1047 4854 1176 4911 Haec
1252 4856 1311 4911 in
1380 4855 1651 4913 Hebraico
1719 4865 1776 4913 et
1845 4859 1992 4931 apud

399 4948 541 5005 LXX
586 4950 916 5022 lnterpretes
980 4949 1262 5016 invenies;
1317 4958 1484 5020 atque
1535 4951 1595 5006 in
1630 4953 1804 5009 variis
1834 4954 1985 5024 psal-

396 5044 504 5100 mis
567 5059 690 5116 qua:
755 5045 826 5101 de
904 5043 997 5099 illo
1069 5044 1323 5101 feruntur
1381 5044 1584 5101 disces.
1653 5044 1813 5101 Nunc
1888 5062 1989 5103 au-

396 5147 504 5194 tem
541 5138 825 5209 praecitato
886 5148 1036 5196 textu
1079 5154 1340 5212 expresse
1385 5138 1738 5195 denariorum
1791 5156 1985 5197 nume-

394 5245 548 5296 rum,
584 5232 785 5302 quibus
838 5235 1079 5307 acceptis
1127 5235 1300 5295 Judas
1348 5241 1671 5311 magistrum
1717 5240 1986 5298 insidian-

393 5322 543 5379 tibus
572 5323 819 5391 tradidit,
856 5326 1042 5382 divina
1088 5331 1420 5400 praenuntiat
1467 5329 1769 5403 Scriptura.
1808 5330 1988 5389 Caete-

394 5429 519 5468 rum
550 5415 658 5470 dici
684 5426 920 5487 possunt
941 5434 1064 5490 quae
1086 5423 1377 5478 retulimus
1401 5424 1468 5479 de
1496 5423 1702 5479 Christi
1728 5438 1985 5495 persona,

393 5506 603 5561 scilicet
623 5507 900 5576 quomodo
940 5510 1268 5569 insidiantes
1297 5514 1372 5578 ei,
1405 5529 1545 5585 quos
1577 5515 1713 5569 alias
1740 5513 1983 5586 quidem,

2103 4676 2459 4749 προδώσαντα
2484 4677 2647 4732 αὐτὸν
2673 4681 2786 4741 τοῖς
2808 4677 3251 4733 ἐπιϐουλεύουσιν
3278 4681 3339 4732 ὲν
3369 4679 3557 4733 αὐτῶν
3583 4679 3703 4748 (ἕνα

2097 4770 2228 4839 τῶν)
2289 4769 2548 4842 μαθητῶν
2595 4771 2935 4842 μηνύσαντες
2961 4789 2976 4803 ·
3030 4771 3294 4843 ὀνομαστὶ
3349 4771 3487 4840 γοῦν
3532 4772 3703 4827 αὐτὸν

2097 4865 2444 4937 ὲστηλίτευσε
2487 4865 2578 4920 διὰ
2616 4866 2883 4937 Ἱερεμίου
2928 4866 2991 4921 τὸ
3039 4866 3181 4921 θεῖον
3226 4865 3458 4938 Πνεῦμα
3491 4867 3699 4937 cpiam,

2100 4978 2121 5012 ι
2171 4959 2440 5032 Ἀμαρτία
2476 4960 2650 5015 Ἰούδα
2679 4962 2990 5032 γέγραπται
3020 4962 3078 5021 ὲν
3099 4960 3349 5030 γραφείῳ
3380 4959 3619 5032 σιδηρῷ,
3640 4962 3700 5014 ὲν

2094 5050 2247 5123 δνυχι
2280 5052 2643 5124 ἀδαμαντινῳ.
2675 5072 2695 5104 ι
2737 5052 2922 5107 Ταῦτα
2944 5052 2989 5105 δ’
3028 5053 3087 5106 ὲν
3115 5050 3267 5123 αὐτῷ
3286 5052 3368 5120 τῷ
3413 5051 3697 5125 Ἑϐραῑκῷ

2095 5144 2190 5198 καὶ
2213 5148 2326 5209 τοῖς
2352 5144 2560 5209 λοιποῖς
2582 5144 2765 5218 εὕροις
2781 5144 2846 5199 ἂν
2870 5145 3022 5217 παρὰ
3039 5145 3164 5208 τοὺς
3187 5147 3242 5198 0'
3280 5145 3686 5218 Ἐρμηπυτάς·

2094 5238 2191 5289 καὶ
2226 5239 2285 5290 ὲν
2327 5236 2564 5307 ψαλμοῖς
2589 5237 2648 5291 δὲ
2685 5236 2964 5308 διαφόροις
2996 5234 3191 5307 μάθοις
3218 5234 3287 5289 ἂν
3314 5237 3391 5290 τὰ
3434 5238 3562 5290 κατ’
3594 5238 3689 5290 αὐ-

2092 5330 2184 5383 τὸν
2210 5322 2517 5401 δηλούμενα
2535 5346 2549 5360 ·
2582 5331 2679 5384 καὶ
2726 5329 2820 5383 νῦν
2849 5329 2893 5383 δ’
2923 5329 3078 5383 οὐδὲν
3103 5324 3268 5401 ἦττον
3294 5328 3390 5382 διὰ
3414 5329 3521 5399 τῆς
3556 5345 3687 5399 προ-

2092 5422 2354 5494 κειμένης
2382 5422 2582 5491 λέξεως
2630 5423 2814 5493 σαφῶς
2864 5424 2958 5477 καὶ
2997 5422 3088 5477 τὸν
3128 5422 3489 5495 άριθμδντοῦ
3514 5424 3686 5493 ἀργυο

2095 5515 2209 5586 ρίου
2263 5516 2402 5587 ὅπερ
2447 5514 2629 5569 λαϐὼν
2666 5517 2696 5569 ὁ
2747 5516 2945 5580 Ἰούδας
2986 5506 3427 5588 προῦδωκέτοίς
3458 5513 3681 5569 ἐπιϐωο

397 5615 417 5647 ‹
460 5596 735 5669 principes
768 5599 1131 5659 Sodomorum
1154 5612 1207 5660 et
1242 5607 1504 5677 populum
1535 5605 1926 5677 Gomorrlue",
1958 5625 1978 5659 ι

2121 5606 2305 5661 εύουσι
2331 5607 2425 5664 τὸν
2446 5608 2783 5675 διδάσκαλον,
2816 5610 2848 5680 ἡ
2881 5608 3002 5663 θεία
3037 5608 3441 5682 προθε(σπίζει)
3464 5608 3677 5682 rma.

463 5750 505 5782 "
533 5749 696 5807 Zach.
733 5767 787 5820 ι,
828 5753 942 5820 l2._
987 5757 1033 5789 ⁷⁸
1061 5755 1229 5814 Ζιιιειι.
1259 5774 1336 5825 x1,
1374 5760 1562 5820 ll-M.
1636 5760 1814 5820 "Jcr.
1849 5779 1997 5831 xm,

2183 5765 2233 5838 _"
2277 5764 2380 5820 lsa.
2441 5781 2477 5832 ι,
2537 5765 2619 5821 ιο.

3822 5120 3826 5277 1
