3856 6226
122 356 292 411 λιιξῑδ

1173 349 1469 407 ECLOGA:
1511 348 2081 407 PROPIIETICAE.—
2103 349 2234 405 LIB.
2271 349 2363 407 III.

3289 358 3427 413 “54

122 472 376 540 Δέγοιτο
399 469 444 523 δ’
474 469 540 524 ἂν
567 467 637 521 τ’ἆι
669 468 1007 540 προκείμενα
1037 469 1102 522 ἐκ
1134 466 1430 541 προσώπου
1468 468 1565 522 τοῦ
1597 466 1734 539 Χρι-

1840 468 2191 537 propbeticus
2220 474 2381 521 vocat
2428 481 2645 531 sermo.
2707 474 2841 522 tunc
2889 468 3159 538 temporis’
3211 469 3429 526 Chana-

128 560 301 628 στοῦ,
335 560 524 631 ὥσπερ
560 561 685 623 τοὺς
728 558 1223 624 ἐπιϐουλεύσαντας
1259 558 1443 630 αύτῷ,
1489 557 1585 622 οὒς
1620 557 1737 612 ἐτέ-

132 652 284 724 ρωθι
317 652 416 723 μὲν
448 651 516 723 (f.
548 651 619 706 '55
644 650 721 723 νο)
754 669 771 701 ι
801 650 1073 723 ἄρχοντας
1099 649 1351 721 Σοδόμων
1376 650 1467 704 καὶ
1487 649 1615 703 λαὸν
1641 649 1737 701 Γο-

134 744 363 816 μόρρας
392 763 411 795 ι
443 742 472 794 6
501 745 599 814 τῆς
627 742 969 815 προφητείας
1008 741 1278 796 ἀποκαλεῖ
1302 740 1480 810 λόγος,
1515 741 1608 793 ἐπὶ
1637 737 1734 793 τοῦ

128 836 418 908 παρόντος
458 835 517 889 δὲ
566 834 907 898 Χαναναίους
945 833 1034 887 διὰ
1069 833 1171 905 τὴν
1213 834 1352 907 πρὸς
1392 835 1518 898 τοὺς
1549 833 1734 887 Χανα-

130 929 334 993 ναίους
369 927 688 999 ἐξομοίωσιν
715 927 912 991 αὐτοὺς
938 926 1215 999 ὀνομάζει.
1250 927 1474 998 Φήσασα
1518 924 1649 994 γοῦν
1700 926 1734 996 ἡ

131 1021 459 1095 προφητεία
483 1022 566 1087 τὸ,
603 1039 624 1072 ι
659 1021 768 1074 Καὶ
790 1019 1092 1089 γνώσονται
1124 1021 1173 1074 οί
1205 1020 1523 1084 Χαναναῖοι,
1559 1039 1578 1071 ι
1612 1020 1736 1072 ἐπι-

131 1114 330 1188 φέρει,
372 1114 698 1168 διδάσκουσα
736 1113 885 1184 ἡμᾶς
924 1112 1079 1177 τίνας
1125 1111 1391 1184 βούλεται-
1423 1112 1751 1183 σημαίνειν,

130 1205 242 1259 καί
266 1221 453 1276 φησιν,
487 1222 506 1254 ι
539 1202 610 1256 τὰ
633 1202 879 1276 πρόϐατα
898 1200 967 1255 τὰ
994 1201 1380 1273 φυλασσόμενά
1410 1218 1520 1273 μοι.
1555 1221 1574 1254 ι
1602 1202 1735 1255 Τίνα

129 1291 202 1351 δὲ
246 1292 319 1368 ἦν
370 1294 545 1349 ταῦτα
577 1295 646 1349 τὰ
679 1296 953 1367 πρόϐατα,
1002 1294 1071 1348 τὰ
1120 1295 1387 1368 πρότερον
1436 1294 1515 1366 τῷ
1546 1294 1736 1368 Κυρίῳ

133 1388 558 1459 φυλασσόμενα,
596 1386 631 1459 ἢ
660 1391 688 1441 6
713 1390 778 1441 ἐκ
823 1387 1131 1460 περιτομῆς
1162 1386 1329 1453 λαός;
1369 1385 1462 1451 οὒς
1498 1386 1596 1441 νῦν
1626 1389 1740 1441 Χα-

130 1481 401 1545 ναναίους
421 1480 692 1551 ὀνομάσας
713 1481 742 1532 6
761 1480 951 1549 Λόγος,
981 1481 1057 1544 ὡς
1079 1482 1145 1534 ὲκ
1171 1478 1464 1552 προσώπου
1484 1479 1581 1534 τοῦ
1607 1481 1739 1550 Χρια

133 1573 278 1628 στοῦ
308 1574 503 1642 ἐπάγει
530 1572 727 1642 λέγων,
761 1590 781 1623 ι
814 1573 910 1626 καὶ
937 1570 1049 1645 ἐρῶ
1073 1572 1211 1645 πρὸς
1237 1572 1437 1636 αὐτοὺς
1472 1593 1492 1626 ι
1523 1572 1591 1626 τά
1614 1574 1739 1626 ἀνα-

130 1667 531 1739 γεγραμμένα,
564 1665 601 1720 ἃ
648 1666 742 1720 καὶ
778 1665 926 1734 λέγοι
971 1665 1038 1720 ἂν
1083 1665 1220 1738 πρὸς
1261 1666 1390 1729 τοὺς
1417 1664 1735 1720 ἐπιϐουλεύ-

134 1772 352 1818 σαντας
379 1754 549 1825 αὐτῷ,
577 1755 718 1824 ὑπὲρ
756 1748 832 1808 ὧν
876 1755 1076 1819 αὐτοὺς
1118 1754 1451 1825 εὐεργέτησε
1490 1756 1617 1819 τοὺς
1650 1773 1738 1825 μι-

1842 574 1990 615 meos
2016 567 2241 632 propter
2262 572 2448 615 eorum
2485 574 2609 614 cum
2634 557 2959 617 Chananaeis
2987 560 3426 629 similitudinem,

1836 658 2021 708 vocat.
2048 650 2347 723 Postquam
2372 651 2540 722 igitur
2573 653 2862 724 prophetia
2885 652 3047 723 dixit,
3076 672 3096 705 ι
3127 651 3196 707 Ει
3224 667 3432 724 cogno-

1837 751 1994 801 scent
2020 743 2333 811 Cbananaai,
2364 762 2378 796 ι
2417 743 2626 814 adjicit,
2650 759 2752 799 nos
2779 744 2985 801 docens
3014 759 3154 816 quos
3182 744 3434 801 indicare

1834 838 1988 904 velit,
2018 837 2280 909 dicitque,
2307 853 2329 889 ι
2368 852 2561 909 greges
2609 852 2731 908 quae
2781 837 3174 893 custodiuntur
3213 838 3370 894 mihi.
3404 857 3423 891 ι
3453 840 3462 893 1

1838 929 1971 998 Quae
2000 938 2180 986 autem
2203 936 2360 986 erant
2391 930 2501 985 illa:
2544 945 2758 1002 greges,
2786 930 2943 1000 prius
2972 929 3205 985 Domino
3235 939 3428 985 custo-

1838 1022 1986 1088 ditae,
2013 1023 2121 1078 nisi
2144 1021 2584 1078 circumcisionis
2629 1021 2904 1093 populus?
2930 1036 3070 1092 quos
3112 1035 3261 1076 nunc
3283 1019 3428 1076 Cha-

1837 1127 2061 1170 nanaeos
2096 1128 2299 1169 vocans
2328 1110 2637 1183 Scriptura,
2662 1113 2823 1184 quasi
2857 1114 2925 1169 de
2949 1111 3156 1169 Christi
3188 1126 3426 1183 persona

1839 1206 2012 1271 addit,
2046 1224 2065 1257 ι
2107 1213 2163 1261 et
2189 1205 2368 1261 dicam
2411 1205 2478 1260 ad
2508 1222 2605 1262 eos
2641 1224 2660 1259 ι
2689 1222 2812 1278 quae
2840 1207 3043 1277 scripta
3103 1213 3262 1272 sunt,
3307 1220 3432 1278 quae

1837 1305 1892 1355 et
1920 1298 2103 1353 dicere
2127 1303 2307 1367 potest
2331 1297 2729 1354 insidiantibus
2759 1298 2887 1365 sibi,
2911 1298 3071 1370 quasi
3129 1301 3198 1353 ab
3242 1298 3312 1354 iis
3340 1313 3428 1354 re-

1840 1399 2031 1461 petens
2064 1400 2291 1445 suorum
2323 1390 2381 1445 in
2435 1406 2532 1447 eos
2569 1389 2962 1448 beneficiorum
2991 1393 3302 1448 mercedem
3321 1430 3338 1457 ,
3367 1392 3431 1447 ii-

1837 1483 1960 1539 dem
1999 1484 2211 1540 scilicet
2243 1484 2300 1538 in
2336 1497 2398 1540 se
2421 1523 2437 1550 ,
2485 1493 3023 1556 consentaneamque
3057 1485 3182 1541 ﬁdei
3228 1487 3428 1554 vitam;

1840 1575 1921 1630 sic
1944 1575 2091 1631 enim
2133 1575 2398 1647 intelligo,
2429 1594 2449 1628 ι
2489 1575 2681 1633 aﬂ'erte
2726 1578 3034 1634 mercedem
3075 1593 3275 1635 meam.
3311 1598 3331 1632 ι
3364 1578 3432 1635 Hi

1838 1683 1991 1734 vero,
2021 1669 2325 1724 secundum
2365 1684 2429 1725 ea
2453 1685 2576 1740 quae
2606 1670 2745 1725 alias
2773 1670 2843 1726 de
2884 1670 3024 1741 ipsis
3069 1672 3140 1727 ab
3170 1686 3237 1727 eo
3283 1671 3430 1728 dicta

1840 1769 1989 1828 sunt,
2026 1781 2046 1814 ι
2084 1762 2191 1818 Pro
2213 1778 2279 1818 eo
2309 1772 2372 1819 ut
2396 1778 2483 1819 me
2504 1763 2816 1835 diligerent,
2843 1764 3206 1820 detrahebant
3248 1765 3381 1820 mihi
3412 1783 3426 1821 :

133 1848 312 1911 σθοὺς
339 1846 530 1918 ῶσπερ
559 1847 726 1901 αἰτῶν
758 1848 977 1912 αὐτοὺς,
1011 1845 1157 1900 τοῦτ’
1195 1846 1312 1900 ἐστι
1338 1846 1436 1919 τὴν
1461 1850 1538 1911 εἰς
1569 1848 1736 1901 αὑτὸν

1840 1869 1940 1927 ego
1968 1861 2150 1909 autem
2180 1854 2428 1911 orabam.
2460 1855 2529 1909 Et
2556 1833 2861 1926 posuerunt
2881 1856 3175 1912 adversum
3202 1871 3289 1913 me
3313 1873 3429 1912 ma-

133 1941 335 1995 πίστιν
362 1940 457 1993 καὶ
499 1939 592 1993 τὸν
628 1939 801 2012 ταύτῃ
846 1938 1182 2009 κατάλληλον
1223 1937 1363 2009 βίονο
1410 1937 1584 2002 οὕτως
1623 1938 1732 2011 γὰρ

131 2033 335 2089 ἀκούω
366 2033 482 2098 τοῦ,
526 2052 546 2084 ι
578 2033 697 2087 δότε
727 2033 818 2087 τὸν
859 2031 1051 2103 μισθόν
1090 2049 1223 2103 μου·
1262 2052 1281 2085 ι
1307 2032 1357 2085 οί
1391 2031 1469 2095 δὲ,
1498 2032 1641 2087 κατά
1675 2033 1736 2085 τὸ

130 2124 377 2196 ἑτέρωθι
420 2124 547 2195 περί
588 2123 768 2177 αὐτῶν
807 2121 1097 2194 εἰρημένον
1144 2123 1236 2176 ὑπ’
1284 2121 1474 2187 αὐτοῦ,
1521 2142 1539 2172 ι
1590 2123 1735 2175 Ἀντί

129 2218 239 2273 τοῦ
286 2219 510 2288 ἀγαπᾷν
554 2232 642 2288 με,
674 2215 1011 2271 ἐνδιέϐαλλόν
1044 2232 1134 2286 με,
1181 2213 1292 2284 ἐγὼ
1325 2214 1382 2269 δὲ
1425 2216 1733 2288 προσηυχό-

136 2327 286 2382 μην⁸
326 2309 420 2363 καὶ
460 2308 644 2362 ἔθεντο
684 2308 808 2361 κατ’
847 2305 986 2377 ἐμοῦ
1027 2305 1177 2360 κακὰ
1210 2306 1331 2359 ἀντὶ
1361 2305 1606 2374 ἀγαθῶν,
1642 2307 1735 2360 καὶ

136 2405 309 2474 μῖσος
334 2403 455 2456 ἀντὶ
483 2402 582 2472 τῆς
608 2396 942 2470 ἀγαπήσεώς
988 2414 1088 2468 μου
1106 2414 1120 2428 ο
1164 2416 1184 2451 ι
1231 2397 1528 2470 τριάκοντα
1566 2399 1736 2470 ἀργυ-

139 2495 301 2567 ρίους
342 2494 636 2564 στήσαντες
668 2491 943 2562 παρέσχον
971 2488 1049 2561 τῷ
1099 2489 1357 2564 προδότῃ,
1388 2489 1630 2561 ὠσπερεὶ
1655 2506 1737 2543 το-

138 2587 340 2641 σούτου
382 2586 544 2640 αὑτὸν
576 2587 642 2657 τῇ
682 2584 1023 2658 ἀσεϐεστάτῃ
1052 2582 1234 2639 αὐτῶν
1275 2582 1454 2654 κρίσει
1491 2580 1737 2653 τιμώμε-

136 2695 247 2732 νοι.
297 2677 435 2731 Ἀλλ’
463 2677 586 2729 ἐπεὶ
615 2677 677 2729 τὸ
708 2675 939 2729 ἑκάστου
972 2675 1133 2749 ἔργον
1172 2673 1355 2728 ὁποῖόν
1385 2676 1500 2727 ἐστι
1532 2673 1593 2725 τὸ
1624 2672 1736 2744 πῦρ

137 2768 455 2838 δοκιμάσει,
497 2765 689 2819 τούτου
726 2765 885 2838 χάριν
933 2764 1183 2820 καθεῖναι
1236 2764 1455 2828 αὐτοὺς,
1495 2782 1514 2814 ι
1554 2764 1631 2826 εἰς
1676 2762 1736 2815 τὺ

140 2860 532 2932 χωνευτήριον,
571 2877 591 2910 ι
627 2855 771 2910 τοῦτ’
801 2855 947 2910 ἔστιν
971 2859 1052 2921 είς
1079 2855 1139 2909 τὸ
1165 2855 1265 2928 τῆς
1295 2855 1525 2927 κρίσεως
1555 2853 1649 2907 καὶ
1675 2852 1737 2905 τὸ

140 2954 245 3025 τῆς
274 2952 551 3016 κολάσεως
598 2952 731 3024 πῦρ,
766 2953 794 3004 6
845 2950 1050 3022 Κύριος
1085 2949 1452 3022 προστάσσει·
1489 2945 1641 3009 τίνας
1678 2944 1736 2998 δὲ

142 3049 349 3111 αὐτοὺς
380 3046 415 3118 ἢ
451 3047 579 3109 τοὺς
621 3044 1113 3106 ἐπιϐουλεύσαντας
1148 3041 1331 3112 αύτῷ;
1377 3041 1487 3094 Καὶ
1539 3040 1737 3110 σκέψαι

137 3144 224 3208 δὲ,
256 3141 445 3213 φησὶν,
473 3142 523 3193 εἰ
562 3138 783 3210 δόκιμόν
810 3139 978 3202 ἐστιν,
1007 3135 1165 3206 δῆλον
1208 3134 1252 3188 δ’
1286 3134 1369 3187 ὃτι
1394 3132 1456 3187 τὸ
1492 3133 1611 3187 κατ’
1638 3134 1738 3186 αύ-

137 3234 240 3289 τοῦ
265 3231 497 3306 δρασθὲν
536 3232 719 3294 αὐτοῖς
738 3247 751 3259 ·
783 3229 930 3298 λέγει
971 3226 1031 3281 δὲ
1062 3226 1258 3291 αὐτοὺς
1292 3225 1351 3279 ἐν
1381 3223 1460 3295 τῷ
1486 3229 1618 3296 πυρὶ
1648 3224 1733 3278 δο-

138 3324 609 3400 κιμασθήσεσθαι,
639 3323 698 3377 ὃν
749 3322 948 3395 τρόπον
993 3319 1090 3373 καὶ
1130 3316 1294 3381 αὐτὸς
1335 3318 1364 3370 6
1407 3316 1613 3389 Κύριος
1643 3315 1733 3369 διὰ

137 3420 249 3489 τῆς
276 3420 356 3481 εἰς
384 3417 562 3487 σάρκα
591 3413 884 3485 ἐπιδημίας
913 3412 1006 3465 καὶ
1038 3408 1132 3464 τοῦ
1162 3408 1368 3473 πάθους
1398 3407 1730 3478 ἐδοκιμάσθη

139 3512 295 3583 ὑπὲρ
341 3508 549 3571 αὐτῶντ
594 3508 691 3561 καὶ
731 3506 839 3577 γὰρ
880 3505 946 3576 δὴ
990 3501 1415 3574 προηγουμένως
1455 3499 1731 3572 ἐνηνθρώ-

140 3622 317 3675 πησε,
349 3603 442 3657 καὶ
473 3600 739 3656 πέπονθεν
765 3599 906 3670 ὑπὲρ
936 3596 1211 3668 σωτηρίας
1241 3594 1350 3649 τῶν
1376 3593 1733 3648 ἀπολωλότων

144 3697 443 3768 προϐάτων
459 3697 606 3751 οῐκου
622 3694 864 3765 Ἰσραὴλ.
892 3691 1116 3752 Τούτοις
1131 3688 1260 3761 ἐξῆς
1283 3688 1379 3742 καὶ
1393 3687 1491 3760 τὴν
1512 3685 1652 3758 μετά
1670 3685 1729 3739 τὸ

145 3790 327 3855 πάθος
354 3789 447 3843 τοῦ
465 3789 716 3862 Σωτῆρος
742 3789 777 3859 ὴ
786 3786 900 3859 μῶν
928 3782 1203 3855 ἀποϐολὴν
1230 3780 1411 3836 αὐτῶν
1449 3780 1733 3852 σημαίνων

142 3882 366 3951 ὁΔόγος
393 3882 547 3952 φησί,
579 3898 599 3931 ι
628 3880 723 3934 καί¹
743 3876 1024 3951 ἀπέῤῥιψα
1041 3874 1139 3948 τὴν
1171 3873 1365 3946 ῥάϐδον
1404 3871 1521 3944 τὴν,
1545 3872 1732 3926 δευτέ-

1838 1948 1888 2001 la
1921 1962 2024 2017 pro
2055 1947 2237 2013 bonis,
2256 1954 2312 2004 et
2338 1948 2523 2004 odium
2555 1964 2656 2020 pro
2682 1948 2976 2025 dilectione
3004 1962 3124 2003 mea
3155 1950 3221 2004 ⁷⁸.
3253 1969 3274 2002 ›
3303 1948 3430 2003 Tri-

1835 2036 1987 2108 ginta
2016 2052 2275 2116 nummos
2329 2045 2566 2094 statutos
2621 2038 2892 2109 proditori
2938 2039 3239 2104 dederunt,
3292 2041 3429 2094 tanti

1835 2143 1958 2184 eum
1996 2129 2322 2199 impiissima
2379 2130 2742 2187 aestimatione
2792 2131 3080 2188 facientes.
3140 2129 3248 2187 Sed
3297 2147 3428 2187 cum

1834 2221 2101 2293 cujusque
2127 2238 2267 2293 opus
2299 2225 2462 2294 quale
2494 2223 2569 2280 sit
2600 2224 2725 2295 igne
2748 2233 2834 2281 est
2867 2226 3213 2298 probandum
3236 2264 3252 2290 ,
3303 2224 3426 2280 ideo

1834 2315 2105 2386 projicere
2139 2331 2237 2371 eos
2276 2316 2343 2371 ad
2388 2312 2740 2385 st'atuarium,
2768 2318 2821 2373 id
2878 2329 2963 2375 est
3011 2318 3070 2374 in
3120 2319 3318 2389 judicii
3376 2326 3435 2375 et

1835 2407 2089 2477 supplicii
2120 2407 2331 2477 ignem,
2361 2407 2628 2465 Dominus
2662 2410 2838 2479 jubet.
2870 2409 3105 2477 Quinam
3137 2425 3271 2465 vero
3302 2422 3433 2467 sunt

1833 2499 1910 2564 ii,
1944 2501 2052 2556 nisi
2083 2499 2305 2556 sibimet
2346 2501 2450 2573 ipsi
2483 2491 2847 2557 insidiantes?
2874 2504 3202 2574 Appretiare
3250 2504 3430 2573 jubet,

1834 2588 2045 2646 scilicet
2066 2589 2124 2643 in
2144 2589 2214 2644 iis
2240 2604 2362 2659 quae
2393 2591 2658 2647 adversus
2681 2606 2741 2647 se
2764 2590 3125 2648 admiserunt.
3166 2592 3309 2649 Dicit
3333 2609 3433 2650 eos

1834 2682 1893 2737 in
1920 2681 2045 2750 igne
2067 2681 2382 2752 probandos
2409 2696 2555 2748 esse,
2585 2682 3046 2754 quemadmodum
3092 2690 3148 2737 et
3174 2684 3294 2754 ipse
3327 2683 3431 2740 Ι)οα

1835 2773 2019 2830 minus
2044 2774 2102 2828 in
2125 2774 2527 2831 incarnationis
2561 2783 2616 2830 et
2647 2776 2923 2847 passionis
2973 2782 3218 2846 tempore
3248 2778 3318 2831 ab
3348 2778 3433 2833 eis

1838 2867 2099 2938 probatus
2133 2876 2238 2925 est.
2272 2867 2489 2925 Etenim
2519 2870 2759 2941 primum
2790 2871 2955 2926 homo
3001 2871 3184 2927 factus
3214 2880 3272 2927 et
3304 2888 3433 2943 pas-

1836 2972 1935 3015 sus
1956 2969 2041 3015 est
2066 2975 2166 3030 pro
2202 2960 2540 3029 perditarum
2575 2961 2760 3016 ovium
2799 2961 2997 3017 domus
3024 2961 3193 3018 Israel
3231 2965 3429 3021 salute.

1835 3049 1935 3107 His
1962 3050 2161 3108 deinde
2186 3060 2313 3122 post
2343 3052 2647 3109 Salvatoris
2673 3053 2851 3109 nostri
2892 3056 3199 3124 passionem
3244 3072 3433 3126 repro-

1836 3142 2112 3199 bationem
2148 3158 2339 3199 eorum
2373 3143 2626 3200 indicans
2648 3142 2935 3214 Scriptura
2960 3146 3113 3210 dicit,
3170 3165 3190 3199 ι
3219 3154 3274 3201 et
3296 3160 3434 3216 pra:-

1839 3235 1951 3290 cidi
1975 3236 2186 3307 virgam
2237 3250 2414 3291 meam
2450 3237 2769 3292 secundam.
2800 3256 2823 3289 ο
2856 3235 2989 3304 Quae
3021 3240 3096 3294 sit
3130 3239 3243 3294 haec
3276 3239 3434 3310 virga

1834 3324 2040 3382 docens
2072 3325 2263 3395 adjicit
2319 3344 2338 3377 ι
2376 3324 2706 3395 funiculum,
2742 3347 2762 3380 ι
2802 3330 2871 3385 de
2895 3346 3005 3402 quo
3037 3331 3261 3395 dicitur,
3283 3348 3303 3383 ι
3344 3330 3436 3386 fu-

1832 3418 2077 3473 niculum
2109 3416 2445 3477 hereditatis
2469 3421 2591 3490 ejus
2621 3419 2808 3477 Israel.
2832 3422 2910 3475 ⁷⁸»
2954 3421 3299 3481 Manifestius
3324 3424 3430 3495 igi-

1833 3517 1923 3565 tur
1946 3511 2081 3566 illud
2105 3511 2369 3579 ostendit,
2392 3513 2719 3584 subjiciens,
2753 3532 2771 3566 ι
2804 3522 2866 3570 ιιι
2886 3515 3244 3573 dissolverem
3277 3519 3435 3588 prius

1831 3608 2221 3657 testamentum
2249 3602 2370 3670 Dei,
2399 3603 2542 3660 inter
2561 3602 2760 3660 Iudam
2787 3614 2841 3662 et
2875 3607 3064 3663 Israel.
3096 3629 3115 3661 ι
3153 3607 3222 3662 Ει
3245 3618 3434 3678 aperte

1835 3700 1984 3763 patet
2033 3693 2155 3763 ipso
2220 3693 2523 3752 Salvatoris
2585 3697 2763 3753 nostri
2839 3704 3086 3769 tempore
3153 3701 3435 3755 corruisse

1835 3797 2027 3839 omnes
2051 3783 2241 3855 legalis
2272 3786 2455 3843 cultus
2484 3788 2887 3855 observantias,
2914 3804 2984 3845 ex
3026 3805 3136 3861 quo
3164 3806 3313 3845 nunc
3339 3808 3436 3849 us-

1840 3890 1949 3944 que
1980 3877 2202 3946 penitus
2239 3877 2429 3935 deletae
2453 3889 2602 3935 sunt.

150 3992 309 4049 ραν.ι
343 3975 439 4038 Τίς
469 3974 527 4028 δέ
558 3974 707 4026 ἐστιν
737 3969 876 4042 αὕτη
926 3969 1195 4024 διδάσκων
1265 3966 1516 4039 ἐπιφέρει
1552 3965 1614 4019 τὸ
1657 3984 1674 4016 ι
1715 3967 2022 4040 σχοινισμα,
2058 3990 2079 4023 ›
2119 3972 2248 4043 περὶ
2288 3966 2348 4026 οῦ
2411 3972 2644 4044 εἴρηται,
2688 3992 2707 4026 ι
2753 3972 3037 4047 σχοινισμα
3071 3975 3434 4048 κληρονομίας

146 4067 320 4124 αὑτοῦ
365 4067 595 4141 Ἰσραήλ.
635 4088 655 4121 ι
693 4065 1034 4136 Σαφέστερον
1075 4060 1207 4132 γοῦν
1253 4060 1410 4115 τοῦτο
1461 4059 1792 4132 παρίστησιν
1829 4063 2117 4133 ἐπιλέγων,
2148 4083 2168 4117 ι
2217 4065 2311 4119 τοῦ
2345 4065 2693 4121 διασκεδάσαι
2720 4069 2820 4141 τὴν
2869 4069 3137 4141 προτέραν
3166 4070 3433 4144 διαθήκην

144 4162 245 4217 τοῦ
278 4161 435 4226 Θεοῦ,
472 4162 571 4233 τὴν
603 4159 876 4231 ἀναμέσον
917 4157 1087 4211 Ἰούδα
1122 4154 1217 4209 καὶ
1252 4155 1525 4225 ἀναμέσον
1563 4155 1809 4226 Ἰσραήλ·
1858 4177 1879 4211 ›
1931 4160 2024 4213 καὶ
2062 4159 2250 4229 σαφῶς
2282 4159 2557 4215 δείκνυται
2584 4162 2694 4215 ἀπὸ
2725 4161 2837 4215 τῶν
2856 4180 2951 4216 του
2992 4163 3245 4236 Σωτῆρος
3275 4165 3433 4237 ἡμῶν

147 4254 361 4325 χρόνων
407 4250 787 4325 περιῃρημένα
837 4249 936 4321 τῆς
973 4246 1228 4319 λατρείας
1282 4246 1500 4317 ἁπάσης
1561 4247 1647 4318 τῆς
1680 4248 1822 4302 κατὰ
1871 4250 1963 4304 τὸν
2001 4252 2164 4324 νόμον
2210 4251 2269 4321 ἐξ
2305 4252 2515 4307 ἐκείνου
2555 4256 2649 4308 καὶ
2683 4256 2764 4319 εἰς
2802 4255 2964 4329 δεῦρο
2994 4255 3431 4330 καθαιρεθείσης.

662 4363 1059 4420 ΚΕΦΑΛΑΙΟΝ
1114 4363 1235 4418 ΚΖ¹.

614 4460 726 4515 Τοῦ
761 4457 949 4513 αὐτοῦ
989 4456 1272 4525 Ζαχαρία.

227 4576 249 4611 ι
304 4554 597 4626 Ῥομφαία,
639 4549 957 4623 ἐξεγέρθητι
982 4548 1075 4603 ἐπὶ
1100 4546 1192 4601 τὸν
1224 4545 1460 4618 ποιμένα
1490 4563 1614 4615 μου,
1643 4545 1738 4600 καὶ
1772 4527 1816 4581 D

156 4652 252 4704 ἐπὶ
283 4648 454 4722 ἄνδρα
494 4646 719 4717 πολίτην
749 4641 937 4707 αὐτοῦ,
984 4641 1133 4710 λέγει
1178 4638 1382 4711 Κύριος
1430 4639 1738 4710 παντοκρά-

152 4758 288 4813 τωρ,
319 4738 558 4804 πάταξον
604 4736 695 4790 τὸν
723 4732 981 4806 ποιμένα,
1016 4732 1112 4786 καὶ
1148 4729 1735 4803 διασκορπισθήτωσαν

153 4834 224 4889 τὰ
255 4833 531 4905 πρόϐατα·
564 4832 660 4885 καὶ
685 4827 999 4900 ἐπιστρέψω
1024 4825 1127 4898 τὴν
1156 4825 1315 4898 χεῖρά
1349 4841 1451 4894 μου
1484 4824 1579 4877 ἐπὶ
1609 4824 1737 4886 τοὺς

154 4928 437 5001 ποιμένας.
474 4948 493 4979 ι
539 4925 800 4994 Ἐπείπερ
826 4924 855 4974 6
882 4917 1273 4989 εὐαγγελιστὴς
1301 4918 1384 4981 τὸ,
1429 4935 1448 4967 ι
1489 4916 1734 4983 Πάταξον

152 5022 245 5076 τὸν
270 5018 524 5090 ποιμένα,
560 5016 656 5070 καὶ
681 5011 1231 5083 διασκορπισθήσεται
1260 5009 1329 5063 τὰ
1353 5008 1602 5080 πρόϐατα
1632 5008 1734 5078 τῆς

157 5111 408 5182 ποίμνης,
448 5128 468 5163 ι
499 5105 749 5162 ἐντεῦθεν
791 5103 968 5160 λαϐὼν
1025 5103 1170 5161 κατὰ
1209 5100 1300 5154 τὸν
1344 5099 1418 5171 (9}
1465 5099 1734 5171 σωτηρίου

157 5205 360 5269 πάθους
400 5202 591 5273 καιρὸν
636 5200 810 5269 πέρας
841 5194 1122 5268 εἰληφέναι
1150 5191 1409 5259 ἐδίδαξεν,
1448 5192 1534 5245 ὅτε
1567 5208 1731 5245 κατα-

156 5295 439 5366 λείψαντες
475 5292 637 5346 αὑτὸν
678 5293 728 5344 οἰ
774 5287 1015 5360 μαθηταὶ
1043 5284 1537 5357 διεσκορπίσθησαν
1560 5300 1572 5313 ·
1610 5282 1735 5336 τού-

157 5407 247 5444 του
274 5387 340 5457 δὴ
369 5387 529 5457 χάριν
556 5384 652 5438 καὶ
695 5385 856 5453 ἡμεῖς
888 5376 1352 5450 ὲσημειωσάμεθα
1381 5375 1444 5429 τὸ
1491 5375 1675 5447 ῥητὸν,
1709 5375 1738 5428 ὃ

157 5483 248 5538 καὶ
276 5482 479 5550 πολλῆς
508 5479 759 5549 δεόμενον
783 5474 1082 5540 ἐξετάσεως
1114 5473 1194 5536 είς
1218 5469 1523 5541 ἐπιτήδειον
1545 5467 1739 5539 ἀναθη-

160 5575 365 5648 σόμεθα
393 5573 604 5644 καιρόν.

2395 4367 2626 4424 CAPUT
2663 4366 2881 4424 XXVII.

2338 4459 2426 4515 Ea:
2449 4460 2632 4516 eodem
2671 4459 2957 4516 Zacharia.

1920 4570 1940 4603 ι
1971 4550 2224 4619 Framea,
2250 4553 2544 4618 suscitare,
2588 4568 2754 4624 super
2785 4561 3062 4624 pastorem
3113 4570 3292 4610 meum
3314 4596 3330 4621 ,
3379 4564 3436 4614 et

1846 4659 2013 4715 super
2037 4645 2217 4700 virum
2247 4645 2610 4702 coharentem
2637 4645 2796 4712 mihi,
2821 4644 2956 4701 dicit
3006 4644 3271 4703 Dominus
3314 4663 3435 4703 om-

1843 4737 2133 4813 nipotens;
2161 4748 2387 4808 percute
2409 4745 2778 4810 pastorem,et
2799 4737 3185 4808 dispergentur
3202 4753 3353 4803 oves,
3377 4747 3432 4796 et

1842 4839 2157 4886 convertam
2179 4846 2402 4907 manum
2432 4847 2610 4887 meam
2640 4831 2710 4886 ad
2741 4841 2988 4902 pastores
3018 4832 3086 4886 ⁸ο.
3133 4851 3154 4884 ι
3190 4830 3436 4903 Evange-

1839 4921 1966 4978 lista
1994 4938 2232 4993 quoque,
2267 4943 2286 4976 ι
2321 4923 2629 4981 Percutiam
2659 4933 3028 4996 pastorem,et
3053 4925 3435 4995 dispergentur

1842 5029 1974 5070 oves
2010 5015 2192 5086 gregis
2234 5015 2303 5080 “,
2335 5035 2354 5069 ι
2389 5015 2602 5081 dicens,
2634 5016 2750 5072 haec
2805 5017 2862 5071 in
2919 5015 3223 5073 Salvatoris
3251 5016 3426 5071 nostri

1841 5108 2118 5179 passionis
2150 5118 2394 5179 tempore
2425 5108 2647 5179 impleta
2687 5109 2860 5165 fuisse
2879 5109 3224 5165 demonstrat
3243 5147 3260 5174 ,
3299 5122 3425 5162 cum

1842 5201 2119 5270 discipuli,
2151 5215 2218 5257 eo
2262 5201 2475 5265 relicto,
2496 5201 2780 5273 fugerunt.
2826 5202 3038 5258 Idcirco
3072 5218 3174 5258 nos
3210 5216 3428 5272 quoque

1845 5293 1992 5347 hunc
2016 5294 2330 5349 notavimus
2359 5295 2570 5359 locum,
2614 5302 2670 5350 et
2720 5294 2927 5351 fusiore
2955 5293 3337 5364 explanatione
3362 5291 3432 5352 ii-

1843 5376 2189 5442 Iustrandum
2218 5397 2528 5459 opportuno
2557 5395 2804 5460 tempore
2836 5387 3217 5445 tractabimus.

157 5714 173 5721 -
226 5691 273 5724 "
307 5689 453 5747 Psal.
488 5704 640 5754 cvm,
669 5688 724 5749 4,
758 5688 807 5742 5.
884 5683 931 5717 τ’
981 5682 1135 5740 Deut.
1179 5697 1351 5751 nm,
1387 5680 1438 5735 9.
1517 5679 1563 5712 '°
1591 5675 1755 5733 lar-Ii.
1792 5691 1911 5745 sui,
1944 5677 1994 5734 7.
2071 5678 2113 5711 “
2148 5677 2341 5734 Matth.
2373 5694 2522 5743 xxvi,
2558 5677 2651 5736 3i.

230 5805 306 5877 (9.)
342 5803 693 5861 Desideratur
717 5801 832 5857 τοῦ.
873 5799 1026 5855 Ευιτ.
