3814 6220
415 294 591 358 1155,

947 405 1178 461 CAPUT
1219 403 1457 461 XXVIII.

996 573 1004 581 .
1032 496 1118 551 Ea:
1172 497 1373 551 eodem.

485 629 505 663 ι
552 608 618 665 Et
648 608 957 681 egredietur
1000 609 1265 665 Dominus
1309 617 1364 665 et
1429 609 1767 680 praeliabitur
1808 619 2001 665 contra

412 711 601 774 gentes
635 702 756 759 illas
784 742 799 767 ,
851 710 994 758 sicut
1043 703 1322 773 praeliatus
1352 711 1439 758 est
1498 703 1555 757 in
1611 703 1701 758 die
1744 703 2004 758 certami-

413 796 519 849 nis.
553 835 566 849 .
631 833 647 850 .
688 833 702 847 .
736 834 749 848 .
793 792 855 847 Et
889 793 1071 857 veniet
1098 791 1364 847 Dominus
1403 792 1545 848 Deus
1574 808 1748 858 meus,
1778 808 2001 847 omnes-

412 903 516 956 que
544 886 718 942 sancti
741 900 862 940 cum
892 900 958 940 eo
988 885 1053 940 “.
1080 904 1100 937 ι
1129 884 1195 939 Et
1220 885 1335 940 hate
1367 886 1472 941 rati
1496 884 1565 941 de
1586 886 1831 943 secundo
1885 886 1994 943 dici

556 978 763 1033 Christi
793 977 1031 1033 adventu
1064 976 1396 1034 notavimus.

974 1153 1205 1211 CAPUT
1247 1153 1440 1210 XXIX.

1014 1250 1066 1306 E
1095 1251 1392 1308 Malae/tia.

489 1387 507 1418 ι
544 1364 666 1421 Non
692 1373 779 1422 est
803 1365 941 1422 mihi
973 1367 1227 1424 voluntas
1261 1367 1317 1422 in
1344 1367 1523 1433 vobis,
1546 1368 1683 1423 dicit
1725 1368 1991 1426 Dominus

411 1461 803 1532 omnipotens:
834 1471 889 1516 et
946 1476 1148 1517 munus
1194 1476 1306 1516 non
1362 1463 1663 1533 suscipiam
1715 1463 1782 1519 de
1829 1479 1992 1519 manu

406 1562 612 1612 vestra.
643 1554 726 1609 Ab
754 1561 880 1610 ortu
903 1556 1051 1610 enim
1084 1556 1219 1611 solis
1250 1571 1428 1627 usque
1455 1558 1523 1612 ad
1554 1573 1835 1622 occasum,
1873 1574 1993 1613 ma-

406 1662 574 1717 gnum
637 1653 721 1701 est
778 1661 980 1701 nomen
1027 1660 1209 1701 meum
1251 1646 1307 1700 in
1339 1647 1597 1717 gentibus
1633 1665 1646 1701 :
1675 1653 1729 1701 et
1762 1648 1817 1701 in
1844 1646 1992 1702 omni

1102 288 1375 346 EUSEBII
1417 286 1902 345 CAESARIENSIS
1934 288 2086 339 OI’I’.
2132 288 2312 346 PARS
2352 290 2438 348 Ill.
2477 327 2543 336 —~
2583 296 2998 355 EXEGETICA.

2023 407 2072 461 Α

3546 306 3682 361 H56

2601 416 2995 470 ΚΕΦᾹΛΔΙΟΝ
3036 418 3149 470 KII'

2723 505 2833 559 Τοῦ
2859 506 3065 559 αὑτοῦ.

2180 631 2199 665 ι
2244 612 2307 685 (Γ.
2334 615 2424 686 54)
2463 617 2573 670 Καί
2604 616 2942 683 ἐξελεύσεται
2972 618 3197 691 Κύριος,
3238 620 3332 673 καὶ
3374 618 3684 689 παρατάξε-

2101 724 2190 763 ται
2223 708 2281 760 ἐν
2308 711 2421 771 τοῖς
2455 707 2663 763 ἔθνεσιν
2688 709 2935 774 ἐκείνοις,
2966 709 3149 774 καθὼς
3176 711 3359 782 ἡμέρα
3397 710 3641 782 πολέμου
3666 728 3681 739 °

2100 798 2196 851 ttat
2245 797 2515 868 παρέσται
2561 799 2766 874 Κύριος
2796 801 2825 853 6
2869 800 3001 863 Θεός
3055 818 3179 871 μου,
3228 801 3323 853 καὶ
3378 802 3584 865 πάντες
3636 806 3683 855 οἱ

2099 889 2243 958 ἅγιοι
2293 892 2414 960 μετ’
2465 891 2653 947 αὐτοῦ.
2701 910 2721 943 ι
2769 893 2882 946 Καὶ
2927 892 3100 947 ταῦτα
3144 892 3503 958 ὑπονοοῦντες
3552 898 3684 965 περὶ

2097 980 2195 1051 τῆς
2232 980 2494 1052 δευτέρας
2523 982 2778 1043 λέγεσθαι
2811 983 2903 1038 τοῦ
2935 985 3171 1056 Χριστοῦ
3216 986 3523 1057 παρουσίας
3556 987 3685 1059 Ecq-

2101 1090 2167 1143 με
2177 1072 2475 1143 ιωσάμεθα.

2606 1167 3000 1222 ΚΕΦΑΛΑῐυΝ
3038 1167 3165 1221 ΚΘΕ

2670 1259 2782 1313 Τοῦ
2813 1259 3093 1330 ἀγγέλου.

2175 1388 2194 1419 ι
2242 1368 2356 1423 Οὐκ
2407 1369 2523 1423 ἐστι
2572 1387 2673 1440 μου
2722 1369 2935 1441 θέλημα
2980 1373 3038 1425 ὲν
3083 1374 3233 1443 ὑμῖν,
3276 1372 3428 1442 λέγει
3476 1373 3687 1442 Κύριος

2096 1461 2512 1534 παντοκράτωρ,
2561 1463 2654 1516 καὶ
2704 1461 2895 1516 θυσίαν
2936 1464 2998 1516 οὐ
3052 1464 3417 1535 προσδέξομαι
3458 1466 3525 1518 ὲκ
3571 1464 3683 1516 τῶν

2095 1553 2297 1624 χειρῶν
2341 1554 2516 1626 ὑμῶν.
2568 1556 2713 1609 Διότι
2764 1554 2873 1609 ἀπὸ
2915 1555 3187 1609 ἀνατολῶν
3233 1556 3386 1627 ἡλίου
3436 1557 3535 1610 καὶ
3576 1558 3683 1617 ἕως

2094 1644 2315 1716 δυσμῶν
2352 1647 2413 1700 τὸ
2442 1647 2614 1719 ὄνομα
2645 1665 2747 1720 μου
2772 1648 3082 1717 δεδόξασται
3108 1651 3167 1702 έν
3209 1652 3322 1714 τοῖς
3352 1650 3558 1718 ἔθνεσι,
3588 1655 3683 1707 καὶ

407 1740 529 1794 loco
579 1737 940 1802 sacriﬁcatur,
987 1745 1043 1793 et
1097 1739 1324 1794 oﬁ'ertur
1356 1738 1565 1793 nomini
1622 1754 1746 1795 meo
1787 1739 1979 1795 oblatic

2111 1756 2153 1792 εν
2201 1740 2366 1793 παντὶ
2412 1742 2563 1813 τόπῳ
2611 1741 2861 1815 θυμίαμα
2905 1744 3271 1815 προσφέρεται
3320 1744 3402 1814 τῷ
3454 1745 3684 1816 ὀνόματί

405 1832 611 1887 munda
633 1851 645 1886 :
667 1831 794 1902 quia
820 1846 1077 1901 magnum
1095 1838 1182 1887 est
1203 1845 1399 1885 nomen
1419 1845 1602 1885 meum
1625 1831 1680 1885 in
1711 1831 1987 1901 gentibus,

414 1924 542 1980 dicit
555 1922 828 1980 Dominus
847 1923 1225 1993 omnipotens:
1251 1931 1306 1978 et
1321 1938 1419 1978 vos
1437 1923 1710 1993 polluistis
1732 1924 1861 1978 illud
1876 1925 1942 1977 ⁸³.
1968 1944 1985 1976 ι

408 2017 566 2071 Sicut
593 2032 813 2080 manus,
857 2024 911 2070 et
970 2018 1226 2081 dextera,
1257 2024 1311 2072 et
1367 2016 1656 2071 brachium
1708 2024 1763 2072 et
1812 2018 1991 2072 virtus

405 2107 503 2188 Dei
548 2109 793 2164 omnium
855 2107 1093 2164 Verbum
1143 2109 1265 2179 ejus
1319 2110 1376 2163 in
1426 2108 1627 2164 divinis
1674 2110 1991 2164 nominatur

405 2201 733 2271 Scripturis,
758 2200 835 2255 ita
897 2209 950 2257 et
980 2217 1105 2256 eum
1156 2201 1412 2272 designat
1464 2216 1665 2257 nomen
1718 2200 1834 2257 Dei.
1873 2200 1987 2257 Hoc

402 2294 571 2364 igitur
597 2294 844 2349 divinum
890 2309 1088 2350 nomen
1123 2297 1282 2365 quasi
1322 2313 1340 2347 ι
1377 2293 1446 2349 ab
1492 2300 1616 2349 ortu
1651 2295 1786 2350 solis
1816 2310 1990 2366 usque

403 2386 472 2441 ad
500 2402 758 2443 occasum
791 2387 1134 2458 gloriﬁcatur
1154 2387 1208 2441 in
1244 2387 1535 2457 gentibus,
1559 2405 1579 2438 ι
1615 2387 1790 2442 cuivis
1813 2387 1993 2441 mani-

401 2477 604 2535 I’estum
633 2495 730 2549 per
767 2478 1186 2549 pmdimtiones
1237 2495 1359 2549 qua:
1401 2480 1458 2534 in
1516 2478 1722 2534 Christi
1770 2481 1992 2536 nomine

406 2569 611 2640 ubique
645 2567 802 2622 ﬁunt.
837 2566 1051 2637 Quippe
1074 2568 1129 2622 in
1163 2569 1314 2623 omni
1352 2568 1475 2624 loco
1527 2568 1773 2639 spiritale
1802 2569 1992 2624 incen-

402 2675 526 2716 sum
556 2668 612 2715 et
645 2659 901 2730 precibus
926 2675 1123 2731 purum
1180 2659 1643 2730 incruentumque
1692 2675 1757 2715 ac
1814 2662 1988 2716 ratio-

400 2752 527 2807 nale
569 2752 903 2807 sacriﬁcium
943 2767 1041 2822 per
1071 2767 1261 2807 verum
1320 2767 1707 2823 summumque
1764 2753 1988 2823 pontiﬁ-

401 2859 520 2900 cem
557 2841 667 2898 Deo
697 2842 958 2899 oﬁ‘erunt.
985 2842 1200 2909 Quibus
1235 2859 1368 2899 vero
1393 2844 1498 2900 hoc
1541 2845 1706 2900 modo
1755 2846 1990 2901 adoran-

401 2937 573 3000 tibus,
604 2937 910 3007 corporalia
936 2936 1140 3006 prioris
1176 2938 1365 3008 populi
1399 2937 1668 2993 sacriﬁcia
1699 2954 1988 2995 recessura

400 3031 534 3085 dicit
557 3028 721 3086 Deus.
759 3029 1109 3086 Manifestum
1156 3031 1326 3101 igitur
1372 3031 1648 3101 quomodo
1675 3039 1799 3102 post
1825 3031 1987 3087 Chri-

2097 1846 2221 1899 μου,
2259 1830 2353 1882 καὶ
2380 1828 2540 1884 θυσία
2566 1831 2814 1903 καθαρά-
2849 1831 2983 1885 διότι
3017 1832 3160 1902 μέγα
3189 1831 3251 1886 τὺ
3276 1832 3456 1902 δνομά
3496 1849 3600 1902 μου
3626 1833 3683 1883 ἐν

2092 1924 2206 1985 τοῖς
2250 1921 2446 1985 ἔθνεσι,
2492 1922 2641 1991 λέγει
2687 1922 2892 1995 Κύριος
2943 1924 3369 1995 παντοκράτωρ·
3419 1923 3585 1993 ὑμεῖς
3626 1922 3683 1976 δι

2096 2016 2387 2088 βεδηλοῦτε
2434 2016 2587 2070 αὑτό.
2625 2037 2643 2069 ι
2690 2018 2903 2089 "nam?
2946 2018 3069 2089 χεὶρ
3097 2018 3190 2069 καὶ
3226 2015 3378 2081 δεξιὰ
3414 2018 3516 2071 καὶ
3546 2016 3681 2087 βρα-

2093 2109 2226 2179 χίων
2265 2110 2359 2163 καὶ
2387 2110 2613 2180 δύναμις
2642 2107 2738 2162 τοῦ
2768 2108 2903 2162 Θεοῦ
2943 2108 3051 2161 τῶν
3078 2107 3213 2162 ὅλων
3240 2110 3271 2161 6
3306 2108 3486 2174 Λόγος
3517 2104 3682 2158 αὑτοῦ

2096 2201 2154 2253 ὲν
2188 2202 2308 2264 ταῖς
2354 2199 2530 2264 θείαις
2569 2199 2885 2270 ὠνόμασται
2923 2199 3193 2270 Τραφαῖς,
3236 2196 3412 2261 οὕτως
3443 2198 3475 2250 6
3520 2196 3683 2258 αὐτὸς

2096 2292 2190 2346 καὶ
2226 2292 2395 2363 ὄνομα
2440 2290 2764 2364 χρηματίζει
2802 2290 2895 2344 τοῦ
2924 2290 3081 2344 Θεοῦ.
3128 2290 3295 2344 Τοῦτο
3322 2285 3417 2342 οὖν
3447 2289 3513 2342 ’ὠ
3541 2288 3683 2342 θεῖον

2096 2384 2266 2456 ὄνομα
2299 2385 2373 2449 ὡς
2403 2403 2421 2435 ι
2456 2385 2551 2438 ἀπ’
2595 2382 2867 2439 ἀνατολῶν
2905 2383 3057 2454 ἡλίου
3090 2384 3185 2437 καὶ⁸
3208 2381 3433 2453 δυσμῶν
3470 2381 3683 2448 δεδόξα-

2099 2496 2220 2532 σται
2261 2480 2319 2531 ὲν
2347 2480 2458 2542 τοῖς
2486 2477 2715 2542 ἔθνεσιν,
2748 2495 2767 2528 ι
2810 2476 2970 2528 παντί
3012 2492 3091 2544 τῳ
3132 2473 3400 2546 πρόδηλον
3428 2473 3544 2527 ἀπὸ
3573 2472 3679 2526 τῶν

2094 2570 2402 2641 πανταχόσε
2459 2570 2907 2641 χρηματιζόντων
2958 2567 3101 2623 κατά
3143 2568 3240 2638 τὴν
3291 2567 3391 2620 τοῦ
3440 2564 3679 2637 Χριστοῦ

2093 2663 2467 2734 προσηγορίαν
2486 2680 2497 2691 ·
2530 2664 2578 2716 οἳ
2607 2662 2701 2715 καὶ
2722 2662 2780 2715 ὲν
2807 2659 2971 2715 παντὶ
2999 2660 3150 2729 τόπῳ
3176 2658 3560 2728 πνευματικὸν
3589 2656 3679 2708 θυ-

2096 2758 2277 2829 μίαμα
2311 2758 2407 2811 καὶ
2447 2757 2546 2829 τὴν
2588 2755 2655 2809 δι’
2690 2754 2867 2826 εὐχῶν
2908 2751 3152 2823 καθαρὰν
3192 2751 3287 2805 καὶ
3336 2749 3678 2821 ἀναίμακτον

2093 2855 2188 2909 καὶ
2216 2850 2440 2921 λογικὴν
2466 2849 2656 2902 θυσίαν
2681 2847 2772 2900 διὰ
2795 2844 2890 2900 τοῦ
2915 2844 3035 2899 κατ’
3070 2843 3330 2913 ἀλήθειαν
3373 2841 3676 2913 ἀρχιερέως

2093 2945 2429 3018 προσάγουσι
2454 2941 2532 3011 τῷ
2558 2939 2703 3011 Θεῷ·
2734 2938 2945 2993 τούτων
2968 2937 3026 2990 δὲ
3071 2935 3256 2990 τοῦτον
3301 2933 3677 3006 λατρευόντων

2090 3038 2183 3117 τὸν
2214 3037 2435 3109 τρόπον,
2469 3034 2569 3098 τάς
2605 3030 2926 3102 σωματικὰς
2967 3028 3062 3084 τοῦ
3102 3027 3371 3100 προτέρου
3418 3027 3552 3080 λαοῦ
3590 3026 3673 3080 θυι

401 3125 472 3179 sti
498 3124 933 3180 incarnationem
976 3124 1236 3194 utrinque
1293 3123 1455 3179 ﬁnem
1513 3127 1799 3196 prophetia
1828 3141 1979 3181 acce-

2111 3114 2215 3193 τίας
2246 3124 2768 3196 ἀποστραφήσεσθαί
2803 3139 2967 3194 φησιν
3009 3122 3039 3173 6
3065 3120 3231 3185 Θεόςο
3262 3118 3363 3173 καὶ
3398 3119 3469 3190 δὴ
3515 3118 3677 3186 σαφὲς

400 3217 575 3288 perit;
647 3216 850 3271 ctenim
912 3216 1340 3288 prioris.populi
1392 3217 1778 3287 reprobatione
1821 3217 1985 3273 simul

399 3307 653 3362 submota
710 3315 840 3361 sunt
874 3307 944 3362 ab
967 3309 1047 3362 eis
1073 3309 1374 3363 secundum
1402 3309 1591 3365 Daniel
1631 3309 1902 3365 sacriﬁcia
1932 3319 1986 3365 ct

399 3399 718 3463 libamenta,
772 3414 873 3455 nec
924 3416 1033 3454 non
1062 3408 1116 3455 et
1167 3402 1411 3472 gentium
1439 3402 1506 3457 ad
1542 3403 1789 3457 omnium
1813 3401 1982 3457 Deum

401 3493 686 3547 conversio
717 3493 1011 3548 subsecuta
1033 3500 1138 3548 est.

965 3692 1409 3766 capurhxxx.

1035 3786 1120 3841 Ea:
1144 3787 1349 3842 eodem.

475 3919 496 3954 ι
538 3899 767 3957 Pactum
796 3915 976 3956 meum
1020 3900 1123 3956 fuit
1159 3917 1283 3956 cum
1316 3916 1382 3959 eo
1427 3904 1552 3958 vitae
1599 3911 1654 3958 et
1693 3903 1845 3976 pacis
1880 3919 1893 3956 :
1928 3909 1981 3959 et

396 3993 522 4051 dedi
570 3995 621 4050 ei
681 3995 1256 4064 timorem,et.timuit
1287 4012 1393 4061 me,
1448 4005 1503 4052 et
1555 4010 1586 4049 a
1630 3995 1770 4052 facie
1804 3996 1983 4051 nomi-

399 4089 491 4143 nis
529 4085 636 4143 mei
660 4087 909 4158 pavebat.
948 4087 1057 4144 Lex
1091 4089 1341 4144 veritatis
1382 4087 1488 4141 Iuit
1536 4088 1590 4142 in
1632 4102 1731 4143 ore
1762 4088 1904 4157 ejus,
1928 4096 1981 4143 et

397 4180 665 4251 iniquitas
714 4197 826 4236 non
877 4189 963 4236 est
1009 4182 1230 4236 inventa
1280 4183 1335 4237 in
1371 4181 1533 4237 labiis
1557 4181 1721 4251 ejus:
1762 4182 1817 4237 in
1843 4197 1978 4253 pace

395 4283 452 4328 et
482 4275 535 4328 in
561 4274 819 4344 aequitate
853 4274 1155 4328 ambulavit
1184 4289 1422 4339 mecum,
1459 4280 1515 4329 et
1545 4274 1747 4331 multos
1784 4275 1980 4329 avertit

396 4360 467 4415 ab
501 4360 810 4432 iniquitate.
863 4360 1033 4417 Labia
1097 4363 1243 4417 enim
1306 4365 1611 4420 sacerdotis
1664 4364 1980 4421 custodient

2090 3218 2207 3281 πῶς
2241 3216 2381 3287 μετά
2406 3216 2502 3287 τὴν
2534 3214 2626 3267 τοῦ
2649 3211 2885 3284 Χριστοῦ
2915 3209 3214 3282 παρουσίαν
3238 3208 3363 3261 κατ’
3390 3208 3675 3278 ἀμφότερα

2088 3308 2262 3378 πέρας
2277 3305 2497 3376 εἴληφεν
2528 3307 2562 3376 ἡ
2586 3303 2913 3375 προφητεία*
2944 3302 3083 3355 κατά
3098 3317 3159 3353 τε
3177 3298 3277 3371 τὴν
3296 3299 3377 3371 (3)
3408 3298 3675 3370 προτέρου

2087 3397 2216 3451 λαοῦ
2247 3397 2537 3469 ἀποϐολὴν,
2574 3395 2690 3467 ἅμα
2719 3412 2780 3447 τε
2819 3390 3075 3465 ἀρθείσης
3102 3392 3161 3458 ἐξ
3187 3391 3374 3446 αὐτῶν
3411 3393 3564 3447 κατά
3590 3392 3674 3445 τὸν

2085 3489 2287 3560 Δανιὴλ
2316 3487 2508 3550 θυσίας
2536 3487 2631 3540 καὶ
2669 3485 2923 3555 σπονδῆς,
2955 3486 3049 3539 καὶ
3072 3483 3216 3538 κατὰ
3238 3482 3342 3555 τὴν
3375 3484 3491 3538 τῶν
3514 3483 3675 3537 ἐθνῶν

2088 3584 2179 3635 ἐπὶ
2203 3582 2291 3633 τὸν
2320 3579 2429 3633 τῶν
2461 3578 2597 3632 ὅλων
2626 3578 2758 3630 Θεὸν
2789 3576 3145 3648 ἐπιστροφήν.

2616 3686 3012 3741 ΚΕΦΑΛΔΙΟΝ
3045 3686 3125 3739 Λ¹.

2709 3782 2819 3836 Τοῦ
2840 3778 3047 3834 αὐτοῦ.

2159 3920 2177 3952 ι
2232 3901 2298 3954 Ἡ
2329 3896 2559 3970 διαθήκη
2594 3891 2662 3968 ἦν
2715 3896 2835 3966 μετ’
2878 3890 3043 3947 αὐτοῦ
3098 3889 3200 3960 τῆς
3246 3887 3398 3960 ζωῆς
3428 3890 3533 3943 καὶ
3582 3887 3673 3952 τῖες

2085 3995 2329 4066 εἰρήνης,
2379 3991 2474 4045 καὶ
2528 3990 2705 4043 ἔδωκα
2736 3985 2885 4057 αὐτῷ
2933 3984 3082 4055 φόϐῳ
3115 3981 3400 4052 φοϐεῖσθαί
3450 3999 3547 4053 με,
3586 3979 3672 4037 ναὶ

2084 4088 2193 4142 ἀπὸ
2225 4083 2517 4159 προσώπου
2548 4080 2810 4153 ὀνόματός
2861 4094 2960 4149 μου
2998 4074 3314 4130 στέλλεσθαι
3348 4073 3545 4129 αὐτόν.
3572 4072 3672 4126 Νό-

2086 4196 2185 4250 μος
2210 4176 2465 4249 ἀληθείας
2492 4171 2559 4249 ἦν
2590 4175 2648 4228 ὲν
2675 4172 2754 4243 τῷ
2779 4172 3005 4241 στόματι
3035 4166 3222 4235 αὑτοῦ,
3250 4167 3349 4221 καὶ
3370 4166 3567 4221 ἀδικία
3583 4164 3670 4235 οὐχ

2082 4269 2279 4341 εὑρέθη
2312 4270 2370 4321 ὲν
2393 4265 2628 4338 χείλεσιν
2653 4260 2842 4315 αὑτοῦ·
2867 4262 2925 4314 ὲν
2951 4260 3140 4330 εἰρήνῃ
3172 4254 3533 4311 κατευθύνων
3557 4259 3673 4311 ἑπο-

2085 4360 2254 4433 ρεύθη
2298 4359 2414 4429 μετ’
2453 4353 2615 4427 ἐμοῦ,
2647 4355 2742 4408 καὶ
2782 4350 3009 4414 πολλοὺς
3037 4347 3376 4420 ἐπέστρεψεν
3406 4347 3528 4401 ἀπὺ
3565 4345 3668 4401 (Bt-

395 4452 707 4513 scientiam,
742 4461 795 4508 et
818 4453 988 4525 legem
1038 4456 1319 4525 requirent
1370 4472 1435 4510 ex
1497 4472 1593 4513 ore
1635 4458 1759 4527 ejus
1795 4473 1808 4508 :
1845 4458 1972 4528 quia

2111 4453 2225 4516 είας.
2258 4452 2379 4504 ’Ότι
2417 4448 2570 4520 χείλη
2598 4446 2792 4519 ἱερέως
2816 4442 3110 4514 φυλάξεται
3137 4440 3362 4509 γνῶσιν,
3386 4440 3489 4493 καὶ
3517 4440 3668 4509 νόμον

394 4547 621 4616 angelus
653 4545 869 4601 Domini
896 4548 1288 4618 omnipotentis
1334 4558 1418 4605 est
1437 4549 1505 4603 ἰ.
1543 4569 1561 4602 ι
1598 4549 1724 4605 Haec
1754 4565 1974 4620 quoque

2113 4544 2473 4613 κζητήσουσιν
2499 4542 2563 4593 ὲκ
2585 4539 2855 4609 στόματος
2881 4535 3069 4594 αὐτοῦ,
3097 4536 3179 4586 ὅτι
3207 4528 3444 4599 ἄγγελος
3468 4531 3665 4603 Κυρίου

393 4652 518 4691 cum
547 4637 879 4695 testimoniis
910 4639 978 4695 de
1004 4638 1227 4696 Christo
1253 4656 1495 4711 congrua
1529 4650 1846 4712 reputantes
1882 4659 1972 4698 re-

393 4730 639 4787 tulimus.
676 4718 903 4786 Pactum
945 4732 1093 4787 enim
1132 4733 1256 4787 vitae
1284 4740 1338 4787 et
1372 4732 1525 4802 pacis
1568 4747 1691 4786 cum
1723 4748 1789 4788 eo
1814 4741 1967 4801 erat;

391 4822 609 4877 timoris
639 4837 769 4877 vero
800 4823 1029 4894 spiritus
1064 4837 1189 4879 cum
1236 4824 1453 4878 caeteris
1510 4838 1675 4893 super
1721 4839 1846 4878 eum
1883 4839 1972 4879 re-

392 4916 621 4987 quievit,
643 4915 799 4985 juxta
840 4915 956 4969 haec
997 4912 1154 4970 Isaia:
1181 4915 1346 4970 verba
1376 4932 1389 4967 :
1426 4932 1445 4965 ι
1483 4913 1551 4969 Ει
1585 4915 1815 4985 replebit
1839 4932 1968 4971 eum

390 5010 620 5080 spiritus
657 5008 870 5065 timoris
903 5006 1120 5063 Domini
1139 5006 1208 5063 ⁸⁸.
1252 5028 1271 5061 ι
1310 5006 1573 5063 Veritatis
1608 5024 1829 5079 quoque
1860 5008 1969 5075 lex,

390 5118 498 5158 non
530 5110 711 5157 autem
743 5103 923 5173 typica
951 5101 1007 5157 in
1049 5115 1146 5157 ore
1174 5101 1294 5171 ejus
1320 5109 1460 5167 erat,
1496 5108 1551 5156 et
1595 5116 1707 5155 non
1751 5101 1972 5156 inventa

388 5205 473 5251 est
497 5195 760 5265 iniquitas
803 5195 859 5249 in
904 5193 1066 5251 labiis
1131 5193 1273 5263 ejus.
1304 5191 1471 5248 Juxta
1517 5192 1663 5247 enim
1716 5192 1970 5247 eumdem

2080 4633 2519 4706 παντοκράτορὸς
2547 4633 2716 4684 ἐστιν.
2752 4649 2770 4681 ι
2802 4628 2912 4683 Καὶ
2942 4626 3093 4680 ταῦθ’
3122 4624 3388 4697 ἁρμόζειν
3422 4624 3666 4691 ὑπολαμ-

2078 4733 2333 4795 ϐάνοντες
2354 4732 2474 4793 ταῖς
2501 4728 2629 4799 περὶ
2658 4722 2897 4796 Χριστοῦ
2931 4718 3257 4793 μαρτυρίαις
3286 4714 3661 4786 ἐκτεθείμεθα·

2076 4826 2110 4896 ἤ
2139 4842 2200 4878 τε
2229 4823 2338 4894 γὰρ
2369 4821 2599 4892 διαθήκη
2636 4819 2736 4887 τῆς
2761 4814 2909 4884 ζωῆς
2943 4812 3037 4866 καὶ
3067 4810 3166 4880 τῆς
3185 4808 3412 4878 εἰρήνης
3450 4802 3526 4876 ἦν
3558 4803 3663 4877 μετ’

2079 4914 2267 4979 αὑτοῦ,
2303 4913 2365 4966 τό
2408 4929 2469 4964 τε
2504 4908 2597 4963 τοῦ
2647 4907 2814 4977 φόϐου
2848 4901 3070 4972 πνεῦμα
3106 4898 3243 4971 μετά
3282 4897 3379 4951 καὶ
3409 4897 3528 4951 τῶν
3569 4897 3665 4949 λοι-

2080 5007 2198 5061 πῶν
2233 5007 2319 5059 ἐπ’
2352 5003 2516 5058 αὐτὸν
2549 4997 2894 5055 ἀνεπαύσατο
2926 4993 3068 5049 κατά
3090 4993 3171 5057 τὸ,
3201 5010 3222 5041 ι
3249 4990 3364 5043 Καὶ
3395 4988 3661 5060 ἐμπλήσει

2079 5098 2240 5153 αὑτὸν
2274 5095 2493 5167 πνεῦμα
2542 5092 2708 5162 φόὸου
2746 5088 2905 5151 Θεοῦ,
2945 5108 2964 5140 ι
2996 5086 3290 5156 λεγόμενον
3330 5084 3390 5134 ὲν
3438 5082 3657 5150 Ἡσαΐᾳ⁸

2078 5191 2236 5245 τοῦτο
2268 5190 2324 5243 δὲ
2354 5188 2449 5242 καὶ
2478 5188 2505 5240 6
2532 5187 2631 5257 τῆς
2663 5182 2919 5253 ἀληθείας
2951 5180 3134 5249 νόμος,
3160 5176 3283 5247 οὐχὶ
3308 5175 3369 5228 δὲ
3389 5176 3418 5228 6
3443 5170 3658 5231 τυπικὺς

389 5285 606 5348 Isaiam,
661 5285 1008 5355 iniquitatem
1054 5299 1167 5339 non
1225 5283 1374 5349 fecit,
1422 5299 1525 5339 nec
1584 5284 1841 5339 inventus
1888 5291 1975 5339 est

2111 5303 2131 5339 ν
2160 5283 2239 5353 τῷ
2273 5282 2502 5351 στόματι
2533 5275 2622 5351 ἦν,
2659 5279 2753 5330 καὶ
2778 5276 2958 5328 ἀδικία
2990 5273 3088 5342 οὐχ
3121 5269 3322 5342 εὑρέθη
3350 5270 3411 5321 ἓν
3434 5267 3657 5339 χείλεσιν

391 5377 555 5434 dolus
579 5379 632 5433 in
665 5379 821 5434 labiis
868 5381 1008 5447 ejus.
1043 5377 1212 5445 Quasi
1249 5379 1593 5435 coexsistens
1640 5379 1822 5449 patria
1857 5379 1973 5431 vir-

390 5476 506 5523 tute
537 5489 555 5522 ι
596 5472 651 5525 in
685 5486 818 5542 pace
855 5480 910 5526 et
952 5472 1007 5526 in
1040 5473 1297 5544 aequitate
1333 5491 1351 5525 ι
1384 5472 1685 5528 ambulavit
1725 5486 1849 5525 cum
1880 5486 1969 5537 eo,

2071 5373 2257 5428 αὐτοῦ’
2292 5371 2435 5424 κατά
2472 5368 2579 5437 γὰρ
2622 5365 2714 5418 τὸν
2754 5364 2986 5417 Ἡσαΐαν
3014 5359 3291 5432 ἁμαρτίαν
3336 5358 3439 5411 οὐκ
3478 5355 3653 5423 εποίη-

2044 5482 2187 5529 -σεν,
2213 5464 2334 5517 οὐδὲ
2362 5460 2559 5533 εὑρέθη
2581 5458 2729 5521 δόλος
2760 5458 2816 5508 ἐν
2847 5454 3081 5525 χείλεσιν
3113 5449 3300 5506 αὐτοῦ·
3334 5443 3423 5502 οἷα
3454 5448 3514 5503 δὲ
3549 5460 3652 5500 συν·

460 5630 506 5661 ⁸²
539 5628 706 5684 Zach.
737 5646 849 5695 xtv,
876 5629 911 5683 '5
936 5670 951 5693 ,
1002 5630 1053 5682 .‘S.
1129 5629 1175 5660 ⁸³
1211 5630 1439 5687 Malach.
1485 5647 1535 5697 ι,
1590 5630 1778 5686 10-12.
1857 5630 1901 5663 ³³
1935 5628 1979 5683 Μ

2111 5626 2232 5692 ιλιι,
2267 5623 2380 5678 5-7.
2458 5621 2501 5654 ⁸⁵
2535 5618 2641 5675 lsa.
2679 5634 2750 5682 xl,
2794 5616 2846 5670 5.

463 5725 541 5794 (ὃ)
582 5723 930 5780 Desideratur
967 5726 1077 5779 τοῦ.
1111 5725 1267 5779 ιζοιτ.
