3814 6220
121 303 262 358 ‘llz‘i'l

1137 297 1436 356 ECLOGIE
1478 297 1956 358 PROPllE'IlC/E.
1996 333 2061 342 —
2107 302 2238 358 LIB.
2281 303 2373 360 Ill.

3238 308 3403 384 giras

121 423 199 476 ὼν
235 424 306 493 τῇ
360 422 597 491 πατρικῇ
645 418 873 491 δυνάμει
912 436 930 469 ι
971 419 1029 473 ὲν
1069 420 1262 494 εἰρήνῃ
1308 421 1653 476 κατευθύνων
1693 442 1711 474 ι

1834 423 2010 479 multis
2038 438 2229 479 eorum
2254 425 2347 494 qui
2373 424 2530 493 prius
2574 423 2743 479 Deum
2783 422 3112 495 ignorabant
3150 422 3219 477 ad
3266 439 3402 478 con-

124 513 422 587 ιπορεύετο
461 513 578 585 μετ’
608 511 797 576 αὐτοῦ,
831 510 1061 576 πολλοὺς
1097 512 1208 565 τῶν
1253 514 1421 567 πάλαι
1452 514 1544 568 τὸν
1585 515 1718 568 Θεὸν

126 593 203 678 μὴ
233 606 456 659 εἰδότων
494 606 575 669 εἰς
608 602 945 675 ἐπιστροφὴν
971 604 1139 673 ἄγων·
1166 606 1296 677 παρ’
1323 606 1488 660 αὐτοῦ
1510 607 1588 671 δὲ,
1621 606 1717 660 ᾶτε

124 700 431 770 ἀρχιερέως
455 696 606 760 ὄντος
630 697 723 749 καὶ
743 696 842 768 τὴν
875 697 1001 768 περί
1032 697 1249 752 πάντων
1277 697 1337 763 (f.
1364 698 1433 773 ξ’»ι
1461 699 1537 771 νο)
1573 699 1717 768 γνῶ-

125 808 212 843 σιν
251 789 726 859 διαφυλάττοντος,
768 789 860 843 τὸν
895 789 1037 843 θεῖον
1083 791 1246 862 νόμον
1292 789 1626 863 ὲξεζήτησάν
1659 810 1717 845 τε

122 885 218 937 καὶ
253 863 671 955 έκζητήσουσιν,
695 877 776 946 οἷς
798 882 981 955 μέλλει
1013 883 1115 953 τῆς
1146 884 1267 937 κατ’
1297 884 1460 938 αὐτὸν
1494 886 1720 957 ἐπιστή-

125 992 269 1047 μης·
300 977 465 1041 αὐτὸς
493 977 603 1047 γάρ
644 980 793 1031 ἐστιν
829 994 849 1027 ι
887 979 917 1030 6
938 976 1038 1047 τῆς
1075 976 1317 1049 μεγάλης
1363 976 1557 1049 βουλῆς
1588 979 1720 1047 Ἀγ-

119 1066 303 1135 γελος,
342 1087 360 1119 ι
398 1066 661 1120 διακονῶν
705 1067 799 1120 καὶ
820 1065 1149 1135 διαγγέλλων
1196 1067 1358 1121 παντὶ
1405 1066 1618 1139 γενητῷ
1657 1067 1720 1121 τὸ

120 1155 217 1210 τοῦ
248 1158 466 1227 Πατρὸς
490 1156 757 1228 βούλημα.

643 1271 1042 1326 ΚΕΦΑΛΛΙΟΝ
1071 1268 1200 1327 ΛΑ’.

751 1383 862 1438 Τοῦ
895 1385 1103 1439 αὑτοῦ.

197 1513 219 1547 ι
277 1493 408 1549 Ἰδοὺ
437 1495 814 1563 ἐξαποστέλλω
838 1498 931 1551 τὸν
956 1496 1186 1568 ἄγγελόν
1218 1515 1340 1569 μου,
1375 1499 1472 1553 καὶ⁷
1502 1498 1719 1553 ἐπιϐλέ-

121 1588 288 1657 ψεται
310 1588 429 1643 ὁδὸν
454 1589 562 1660 πρὸ
587 1589 883 1660 προσώπου
917 1607 1041 1661 μου,
1071 1590 1166 1646 καὶ
1199 1591 1465 1661 ἐξαίφνης
1491 1592 1611 1663 ήξει
1642 1594 1721 1656 εἰς

120 1685 215 1739 τὸν
237 1684 378 1739 ναὸν
406 1684 604 1739 ἑαυτοῦ
631 1685 854 1757 Κύριος,
885 1686 946 1740 ὃν
984 1688 1142 1758 ὑμεῖς
1178 1688 1410 1759 ζητεῖτε,
1450 1691 1544 1743 καὶ
1571 1692 1600 1743 6
1624 1690 1722 1759 ἄγ-

119 1780 282 1847 γελος
311 1778 414 1855 τῆς
440 1777 728 1851 διαθήκης,
757 1779 817 1833 δν
854 1782 1013 1851 ὑμεῖς
1046 1779 1229 1834 θέλετε
1249 1800 1262 1812 ·
1302 1782 1432 1847 ἰδοὺ,
1476 1782 1718 1855 ἔρχεται,

116 1868 275 1937 λέγει
298 1851 506 1941 Κύριος
528 1872 945 1943 παντοκράτωρ.
972 1872 1084 1925 Καὶ
1112 1872 1197 1936 τίς
1223 1874 1487 1945 ὑπομενεῖ
1507 1851 1719 1946 ήμέραν

120 1962 334 2015 deﬂeta
362 1963 563 2028 αὐτοῦς
597 1963 629 2035 ἢ
664 1965 749 2029 τίς
774 1964 1145 2037 ύποστήσεται
1179 1967 1238 2020 ὲν
1260 1970 1327 2038 τῇ
1361 1968 1604 2041 ὀπτασίᾳ
1624 1970 1720 2031 αὑ-

115 2053 251 2118 τ.·ῦ;
279 2054 415 2108 διότι
447 2055 610 2120 αὐτὸς
648 2057 1028 2129 εἰσπορεύεται
1065 2057 1143 2123 ὼς
1175 2060 1287 2131 πῦρ
1327 2062 1718 2133 χωνευτηρίου,

118 2147 219 2201 καὶ
243 2147 323 2211 ὡς
345 2147 477 2202 ποιά
498 2148 823 2203 πλυνόντων·
846 2150 941 2203 καί⁸
960 2149 1230 2229 καθιείται
1255 2152 1613 2222 ἀναχωνεύων
1627 2154 1723 2207 καὶ

117 2239 440 2311 καθαρίζων
466 2240 543 2304 ὡς
569 2242 630 2294 τὺ
656 2242 918 2314 ἀργύριον
947 2243 1041 2297 καὶ
1064 2243 1127 2296 τὸ
1154 2243 1396 2315 χρυσίον.
1430 2264 1449 2297 ι
1489 2245 1569 2297 Τὰ
1594 2247 1722 2317 περὶ

114 2331 220 2400 τῆς
238 2331 503 2403 δευτέρας
530 2333 625 2387 τοῦ
656 2333 891 2406 Χριστοῦ
933 2336 1238 2407 παρουσίας
1281 2336 1376 2389 καὶ
1403 2335 1493 2390 διὰ
1517 2336 1722 2390 τούτων

118 2423 555 2494 προφητεύεται,
585 2424 823 2497 ὁπηνίκα
864 2466 877 2479 .
923 2468 937 2481 .
983 2466 995 2479 .
1040 2444 1067 2491 ς
1092 2426 1187 2480 τοῦ
1210 2427 1346 2481 Θεοῦ
1384 2429 1478 2483 καὶ
1508 2430 1722 2501 Πατρὸς

118 2514 231 2569 τῶν
264 2516 407 2571 ὅλων
448 2517 833 2583 ὲξαποσταλεὶς
871 2519 1034 2583 αὐτὸς
1064 2522 1092 2573 6
1124 2521 1360 2591 Χριστὸς
1389 2522 1485 2575 τοῦ
1531 2521 1665 2575 Θεοῦ
1695 2523 1723 2574 6

117 2607 265 2679 ν(ῦν)
289 2607 584 2679 λεγόμενος
618 2628 637 2660 ι
667 2611 767 2681 τῆς
806 2610 1073 2683 διαθήκης
1106 2611 1336 2681 ἄγγελος
1371 2612 1722 2682 ὲπιὸλέψεται

120 2701 243 2755 ὁδὸν
283 2702 397 2771 πρὸ
419 2699 714 2771 προσώπου
734 2702 829 2756 τοῦ
866 2703 1100 2776 Πατρὺς,
1130 2700 1164 2757 ἰ
1191 2704 1334 2758 τοῦτ’
1362 2704 1478 2757 εστι
1521 2722 1720 2775 προευ-

116 2793 376 2863 τρεπίσει
410 2795 505 2847 καὶ⁵
547 2794 1067 2865 προπαρασκευάσει
1118 2794 1220 2858 τὰς
1265 2795 1372 2848 τῶν
1418 2793 1722 2865 ἀνθρώπων

118 2883 307 2954 ψυχὰς
340 2887 407 2957 τῇ
442 2884 537 2938 τοῦ
579 2886 795 2957 Πατρδς
824 2885 1103 2958 βασιλείᾳ·
1134 2886 1221 2939 ὅτε
1256 2887 1321 2940 ὲκ
1350 2885 1583 2955 λογικῶν
1629 2885 1721 2939 καὶ

118 2976 390 3047 ἐμψύχων
427 2975 590 3029 λίθων
608 2976 699 3029 τὸν
723 2975 1090 3047 πνευματικὸν
1109 2976 1256 3038 ναὸν,
1281 2975 1426 3029 τοῦτ’
1456 2976 1572 3029 ἐστι
1626 2977 1722 3048 τὴν

131 3069 485 3139 Ἐκκλησίαν,
539 3068 1000 3133 ὲπισκευάσαντος
1046 3068 1245 3132 αὐτοῦ,
1297 3067 1417 3138 ἥξει
1479 3069 1641 3133 αὐτὸς
1694 3072 1724 3124 6

1821 516 2128 570 versionem
2166 517 2440 586 impulsis.
2474 517 2632 587 Apud
2685 530 2833 581 eum,
2871 522 2927 569 ut
2976 530 3253 570 summum
3310 530 3400 570 sa-

1822 606 2122 672 cerdotem,
2150 614 2205 662 et
2238 607 2307 661 de
2349 606 2608 661 omnibus
2657 600 2949 661 scientiam
2974 604 3399 665 custodientem,

1821 697 2062 750 divinam
2094 698 2268 769 legem
2329 698 2737 768 requisiverunt
2791 705 2849 752 et
2888 698 3173 766 requirent
3221 695 3401 766 ipsius

1822 789 2069 843 scientia:
2110 790 2363 846 studiosi.
2420 788 2542 860 Ipse
2584 798 2671 843 est
2691 788 2839 844 enim
2893 806 2912 838 ι
2947 788 3130 859 magni
3182 786 3402 844 consilii

1821 880 2061 951 Angelus
2088 880 2158 944 ⁸⁸,
2189 901 2208 933 ι
2243 890 2298 937 et
2328 879 2511 937 Patris
2552 881 2890 938 voluntatem
2940 879 3090 936 omni
3136 886 3405 935 creaturae

1822 975 2176 1030 annuntians.

2374 1274 2608 1332 CAPUT
2648 1274 2824 1330 XXXI

2437 1389 2521 1444 Ea:
2557 1392 2758 1446 eodem.

1900 1524 1920 1559 ι
1961 1505 2104 1562 Ecce
2148 1520 2251 1576 ego
2284 1505 2446 1560 mitto
2491 1504 2746 1575 angelum
2802 1517 3008 1570 meum,
3039 1511 3094 1559 et
3127 1517 3405 1573 prmparao

1827 1601 1907 1657 bit
1935 1601 2079 1657 viam
2147 1605 2273 1654 ante
2330 1598 2524 1653 faciem
2555 1612 2753 1653 meam.
2795 1594 2863 1649 Et
2888 1596 3072 1651 statim
3126 1596 3307 1652 veniet
3337 1595 3408 1650 ad

1824 1709 1984 1750 suum
2016 1693 2280 1763 templum
2312 1690 2654 1754 Dominator,
2686 1704 2849 1760 quem
2890 1704 2991 1744 vos
3027 1687 3275 1758 quaeritis
3306 1703 3319 1739 :
3351 1694 3407 1743 et

1751 1817 1792 1873 Β
1824 1787 2051 1857 angelus
2099 1783 2437 1849 testamenti,
2495 1797 2659 1852 quem
2699 1796 2800 1837 vos
2826 1780 3013 1835 vultis.
3048 1778 3188 1833 Ecce
3231 1779 3403 1843 venit,

1821 1877 1953 1931 dicit
1988 1876 2250 1929 Dominus
2275 1874 2646 1942 omnipotens.
2682 1869 2749 1923 Et
2778 1869 2904 1940 quis
2933 1868 3135 1938 poterit
3163 1866 3409 1937 cogitare

1826 1969 1970 2024 diem
2002 1968 2277 2021 adventus
2330 1965 2473 2035 ejus,
2522 1970 2577 2019 et
2625 1962 2752 2032 quis
2792 1961 2960 2017 stabit
3009 1960 3075 2014 ad
3106 1957 3407 2014 videndum

1822 2058 1988 2115 eum?
2011 2056 2131 2128 Ipse
2164 2057 2308 2111 enim
2351 2056 2511 2125 quasi
2542 2055 2686 2126 ignis
2712 2050 2980 2115 conﬂans,
3016 2057 3071 2105 et
3099 2048 3408 2105 emundans

1825 2157 2134 2221 argentum,
2160 2158 2213 2205 et
2241 2149 2521 2220 purgabit,
2560 2155 2618 2201 et
2659 2144 2865 2200 colahit
2888 2157 2986 2198 eos
3016 2141 3178 2213 quasi
3209 2156 3409 2196 aurum

1823 2251 1877 2300 et
1909 2243 2067 2314 quasi
2097 2248 2384 2313 argentum
2435 2240 2503 2294 ⁸⁷.
2539 2259 2557 2291 ι
2597 2237 2724 2293 Haec
2774 2236 2843 2292 de
2904 2234 3149 2291 secundo
3200 2232 3409 2289 Christi

1825 2338 2064 2394 adventu
2105 2336 2475 2407 prophetizatj,
2528 2332 2773 2405 quando.
2818 2372 2832 2385 .
2869 2372 2884 2387 .
2949 2330 3044 2387 Dei
3104 2336 3160 2386 et
3224 2326 3409 2382 Patris

1825 2430 2068 2484 omnium
2090 2429 2295 2482 missus
2324 2426 2443 2497 ipse
2465 2424 2740 2488 Christus,
2768 2422 2838 2478 de
2854 2436 2964 2493 quo
2987 2436 3134 2475 nunc
3160 2418 3364 2474 dicitur
3388 2430 3404 2467 :

1831 2539 1850 2570 ι
1889 2518 2202 2575 testamenti
2257 2516 2500 2587 Angelus
2523 2513 2851 2585 praeparabit
2881 2514 3021 2566 viam
3047 2518 3176 2566 ante
3213 2509 3410 2564 faciem

1825 2609 2027 2675 Patris,
2067 2628 2086 2662 ι
2125 2608 2180 2663 id
2238 2615 2324 2664 est
2372 2607 2655 2660 hominum
2720 2604 2935 2659 animas
2988 2601 3171 2657 Patris
3234 2613 3407 2670 regno

1824 2703 2052 2758 idoneas
2108 2710 2270 2772 atque
2322 2708 2551 2771 paratas
2602 2698 2832 2763 elliciet;
2870 2709 2996 2750 cum
3042 2692 3407 2748 rationalibus

1826 2793 2318 2865 spiritualibusque
2386 2792 2664 2862 lapidibus
2738 2791 3024 2861 spirituale
3092 2788 3401 2858 templum,

1827 2885 2039 2940 scilicet
2060 2883 2385 2947 Ecclesiam,
2410 2885 2531 2952 ipso
2551 2890 2916 2953 praeparante,
2948 2881 3132 2937 veniet
3162 2881 3277 2951 ipse
3300 2878 3409 2933 Do-

1836 2979 2021 3034 minus
2074 2977 2327 3048 Deusque
2355 2975 2597 3032 Verbum
2622 2976 2786 3031 simul
2810 2990 2935 3030 cum
2961 2975 3080 3045 ipso
3100 2971 3411 3029 testamenti

1828 3072 2038 3143 Angelo
2095 3072 2154 3126 in
2203 3071 2468 3141 templum
2499 3068 2647 3140 quod
2704 3075 3066 3125 memoratum
3121 3072 3240 3133 est;
3282 3064 3412 3120 dein

118 3160 336 3231 Κύριος
358 3162 454 3215 καὶ
500 3160 633 3226 Θεὸς
663 3162 836 3230 Λόγος
870 3162 987 3232 ἅμα
1026 3161 1174 3232 αὐτῷ
1213 3161 1291 3233 τῷ
1321 3162 1423 3232 τῆς
1459 3161 1728 3235 διαθήκης

1834 3178 1958 3242 cum
1982 3162 2284 3219 secundum
2308 3160 2429 3230 ejus
2450 3159 2741 3213 adventum
2760 3157 3155 3229 prmnuntians,
3170 3153 3409 3209 Verbum

130 3252 384 3324 Ἀγγέλῳ
402 3255 484 3317 είς
508 3254 599 3307 τὸν
626 3253 994 3325 δεδηλωμένον
1018 3256 1146 3309 ναόν
1161 3273 1173 3284 ·
1206 3248 1346 3320 εἶτα,
1378 3249 1467 3308 οἷα
1497 3254 1594 3327 τὴν
1608 3255 1727 3308 δευ-

115 3344 294 3416 τέραν
336 3345 500 3399 αὑτοῦ
550 3346 875 3423 παρουσίαν.
895 3346 1303 3417 προαγγέλλων,
1350 3350 1379 3401 6
1430 3347 1602 3416 Λόγος
1650 3347 1726 3411 ὼς

120 3437 267 3507 πρὸς
297 3438 426 3502 τοὺς
452 3438 810 3510 ἁμαρτωλούς
844 3455 1029 3508 φησιν,
1060 3456 1078 3489 ι
1128 3439 1257 3493 Ἰδοὺ
1280 3439 1496 3511 ἔρχεται
1521 3441 1726 3513 Κύριος

119 3529 558 3602 παντοκράτωρ·
595 3532 690 3585 καὶ
732 3530 818 3593 τίς
851 3531 1112 3600 ὑπομενεῖ
1140 3528 1355 3601 ἡμέραν
1380 3530 1585 3583 εἰσόδου
1632 3532 1729 3583 αύ-

118 3622 262 3688 τοῦ;
291 3623 328 3693 ἦ
361 3624 443 3688 τίς
473 3625 835 3696 ὑποστήσεται
874 3626 932 3678 ὲν
959 3626 1025 3695 τῇ
1061 3624 1299 3696 ὀπτασίᾳ
1333 3625 1534 3689 αὐτοῦ;
1581 3646 1599 3678 ι
1634 3627 1727 3680 καὶ

120 3716 195 3769 τὰ
238 3715 410 3788 ἑξῆς·
451 3712 533 3780 οἷς
572 3717 846 3788 ἐπιμελῶς
904 3717 1236 3790 προσεκτέον
1270 3718 1362 3770 ὑπ’
1425 3717 1591 3771 αὐτοῦ
1631 3718 1726 3771 τοῦ

122 3809 573 3879 παντοκράτορος
613 3809 819 3881 Κυρίου
854 3808 927 3872 ὡς
968 3809 1097 3879 περὶ
1141 3808 1331 3879 ἑτέρου
1381 3807 1721 3879 λεγομένοις·

121 3898 225 3950 καὶ
267 3898 532 3952 πευστέον
569 3917 630 3951 τε
673 3900 783 3953 τῶν
815 3902 880 3954 ὲκ
930 3900 1252 3973 περιτομῆς,
1292 3899 1349 3952 εἴ
1389 3917 1513 3954 τινα
1553 3899 1727 3971 ἔχοιεν

120 3990 313 4059 λέγειν
344 3991 436 4044 τὸν
484 3990 718 4045 ἐνταῦθα
757 3991 1085 4063 δηλούμενον
1129 3991 1335 4063 Κύριον
1374 3993 1469 4046 καὶ
1505 3992 1594 4046 τὸν
1631 3994 1726 4047 σὺν

122 4083 284 4154 αὐτῷ
319 4083 582 4151 Ἄγγελον
608 4084 708 4153 τῆς
745 4084 1030 4156 διαθήκης,
1072 4084 1200 4156 περὶ
1219 4078 1282 4139 οὗ
1302 4085 1507 4156 Κύριος
1536 4086 1565 4137 6
1592 4101 1728 4138 παν-

122 4176 421 4247 τοκράτωρ
440 4175 641 4246 φάσκει
672 4177 755 4241 τὸ,
788 4196 807 4229 ι
852 4177 984 4231 Ἰδοὺ
1010 4175 1251 4249 ἔρχεται,
1278 4196 1298 4229 ι
1324 4176 1420 4230 καὶ
1443 4175 1513 4230 τὰ
1539 4175 1723 4229 λοιπά·

122 4269 195 4322 δι’
222 4262 303 4323 ὧν
337 4267 458 4322 καθ’
495 4271 641 4341 ἡμᾶς
674 4271 710 4341 ἡ
752 4269 981 4341 δευτέρα
1023 4268 1120 4323 τοῦ
1150 4268 1389 4340 Χριστοῦ
1422 4268 1726 4338 καταγγέλ-

123 4361 285 4414 λεται
330 4362 627 4432 παρουσία·
663 4361 722 4426 ὃς
755 4362 926 4430 Λόγος
974 4359 1110 4415 Θεοῦ
1157 4361 1437 4432 τυγχάνων
1478 4377 1724 4432 παραγε-

123 4454 359 4523 νόμενος
405 4453 815 4526 εἰσπορεύσεται
858 4456 938 4518 είς
968 4454 1068 4526 τὴν
1096 4453 1327 4507 ἑκάστου
1356 4452 1554 4523 ψυχὴν,
1605 4451 1725 4521 κρί-

123 4561 240 4596 νων
270 4542 504 4597 ’ἐκαστον
545 4544 676 4617 περὶ
707 4543 817 4597 τῶν
860 4544 1008 4616 αὐτῷ
1044 4543 1185 4597 κατὰ
1216 4544 1305 4598 τὸν
1336 4543 1448 4613 βίον
1509 4559 1726 4614 πεπρα-

123 4636 376 4708 γμένων,
399 4637 678 4692 ὲκπλύνων
704 4654 763 4690 τε
791 4637 886 4690 καὶ
910 4637 997 4690 διὰ
1025 4636 1192 4708 πυρὸς
1224 4633 1427 4707 χρυσοῦ
1450 4635 1604 4707 δίκην
1620 4653 1727 4705 χω-

124 4729 330 4795 νεύων,
364 4732 461 4785 καί⁵
490 4730 801 4802 καθαρίζων
838 4730 908 4785 τὰ
936 4733 1152 4785 πάντων
1179 4729 1502 4801 ήγεμονικά.
1536 4730 1727 4782 Πᾶσαν

124 4818 267 4892 γοῦν
325 4823 424 4895 τὴν
469 4820 646 4894 κρίσῑν
674 4826 703 4878 6
729 4824 919 4896 Πατὴρ
950 4824 1181 4878 δέδωκεν
1207 4822 1285 4894 τῷ
1316 4821 1431 4893 Υίῷ
1464 4820 1607 4876 κατὰ
1635 4821 1727 4874 τὸν

123 4915 417 4985 φάσκοντα
442 4916 535 4969 καὶ
555 4918 612 4969 ὲν
641 4915 890 4987 Ψαλμοῖς
919 4915 1097 4984 λόγον,
1134 4934 1153 4966 ι
1192 4916 1250 4969 '0
1277 4914 1431 4979 Θεὸς,
1462 4913 1523 4966 τὸ
1550 4911 1727 4985 κρῖμά

126 5024 232 5061 σου
260 5005 341 5078 τῷ
370 5005 579 5075 βασιλεῖ
607 5007 716 5073 δὸς,
756 5008 852 5062 καὶ
891 5007 988 5079 τὴν
1015 5004 1362 5078 δικαιοσύνην
1400 5022 1495 5058 σου
1519 5004 1597 5076 τῷ
1622 5004 1723 5076 υἱῷ

123 5096 227 5151 τοῦ
277 5097 572 5167 βασιλέως·
610 5099 816 5171 κρίνειν
856 5099 948 5154 τὸν
986 5098 1115 5152 λαόν
1165 5114 1258 5151 σου
1302 5097 1361 5150 ὲν
1387 5094 1721 5169 δικαιοσύνῃ,

1830 3256 1990 3326 quasi
2035 3254 2105 3308 ad
2154 3259 2474 3323 peccatores
2508 3249 2682 3305 dicit:
2721 3267 2740 3299 ι
2775 3247 2917 3303 Ecce
2958 3247 3109 3303 venit
3144 3245 3411 3299 Dominus

1830 3348 2177 3417 omnipotens
2210 3362 2221 3396 :
2253 3352 2309 3401 et
2339 3343 2463 3414 quis
2502 3341 2705 3413 poterit
2736 3340 2980 3411 cogitare
3011 3339 3156 3394 diem
3202 3337 3412 3391 adven-

1830 3451 1919 3495 tus
1966 3439 2108 3509 ejus,
2140 3445 2195 3494 et
2252 3438 2377 3508 quis
2430 3437 2601 3493 stabit
2643 3436 2710 3490 ad
2756 3432 3054 3489 videndum
3095 3430 3262 3487 eum?
3291 3448 3311 3480 ι
3345 3425 3415 3481 Et

1829 3531 2041 3601 reliqua
2067 3546 2192 3601 quae
2223 3529 2514 3601 diligenter
2574 3526 2927 3591 attendenda,
2956 3533 3016 3580 ut
3069 3524 3135 3579 ab
3161 3523 3411 3590 omnipo-

1829 3625 1995 3679 tentis
2028 3622 2149 3690 Dei,
2184 3624 2341 3694 quasi
2371 3623 2632 3686 alterius,
2684 3636 2780 3675 ore
2840 3620 3077 3694 prolata;
3130 3623 3187 3671 et
3238 3616 3307 3669 ab
3341 3613 3412 3669 iis

1829 3716 1922 3787 qui
1954 3732 2019 3771 ex
2053 3716 2479 3771 circumcisione
2516 3722 2645 3771 sunt
2689 3710 3084 3770 sciscitandum
3116 3722 3186 3761 an
3227 3705 3412 3761 Domi—

1828 3826 1964 3866 num
2003 3809 2278 3882 quemvis,
2313 3810 2402 3865 cui
2457 3811 2577 3864 haec
2608 3809 2755 3864 dicta
2806 3802 3160 3865 conveniant,
3188 3805 3244 3854 et
3281 3810 3410 3853 cum

1828 3919 1889 3959 et.
1915 3903 2179 3973 Angelum
2233 3902 2533 3957 testimonii
2572 3901 2836 3978 inducere
2896 3892 3129 3965 possint,
3188 3889 3258 3944 de
3300 3902 3413 3959 quo

1830 3994 2183 4063 omnipotens
2231 3992 2373 4049 Deus
2423 3992 2541 4047 haec
2575 3991 2762 4046 dicat:
2798 4005 2817 4038 ι
2856 3985 2995 4040 Ecce
3034 3981 3209 4046 venit,
3240 3998 3259 4031 ι
3300 3983 3409 4033 etc.

1831 4086 1929 4142 His
1956 4087 2144 4157 igitur,
2177 4093 2238 4139 ut
2267 4085 2427 4139 nobis
2455 4083 2691 4147 videtur,
2724 4076 3000 4136 secundus
3044 4070 3412 4132 annuntiatur

1826 4177 2039 4233 Christi
2088 4176 2379 4232 adventus.
2425 4174 2564 4240 Qui,
2613 4187 2739 4227 cum
2809 4167 3049 4223 Verbum
3097 4162 3193 4218 Dei
3239 4167 3409 4224 esset,

1826 4268 2222 4339 superveniens
2272 4267 2327 4321 in
2401 4266 2670 4337 cujusque
2738 4261 2980 4317 animam
3043 4253 3412 4327 ingredietur,

1827 4377 2102 4433 quemque
2133 4361 2446 4431 dijudicans
2477 4376 2543 4413 ex
2587 4372 2709 4427 ejus
2743 4356 2866 4409 vitae
2895 4349 3178 4422 operibus,
3209 4358 3407 4415 expur-

1829 4470 1969 4525 gans
2024 4464 2079 4509 et
2132 4452 2294 4524 quasi
2362 4466 2557 4506 aurum
2623 4450 2748 4521 igne
2805 4446 3033 4506 colans,
3087 4446 3416 4506 mentesque

1831 4544 2080 4601 omnium
2112 4541 2442 4617 emundans.
2480 4539 2654 4595 Omne
2711 4538 2880 4615 igitur
2928 4531 3200 4604 judicium
3246 4525 3410 4580 Pater

1830 4638 1981 4692 dedit
2044 4636 2185 4691 Filio
2242 4650 2343 4691 suo
2374 4635 2531 4704 juxta
2581 4632 2730 4687 hunc
2789 4633 2844 4684 in
2901 4625 3138 4682 Psalmis
3186 4622 3410 4675 locum:

1836 4747 1854 4780 ι
1893 4728 2060 4789 Deus.
2087 4726 2355 4797 judicium
2384 4736 2537 4780 tuum
2574 4724 2689 4796 regi
2734 4722 2825 4785 da,
2851 4728 2904 4776 et
2931 4716 3205 4790 justitiam
3252 4720 3402 4768 tuam

1835 4819 1949 4873 lilio
1979 4819 2126 4890 regis
2163 4818 2454 4888 :judicare
2500 4817 2762 4887 populum
2813 4824 2965 4869 tuum
3000 4811 3054 4863 in
3084 4806 3319 4878 justitia,
3358 4809 3413 4857 ct

1830 4926 2101 4982 pauperes
2160 4918 2286 4966 tuos
2337 4910 2394 4964 in
2444 4907 2656 4977 judicio
2702 4907 2747 4939 ⁸⁸
2802 4925 2820 4957 ›
2860 4903 2991 4959 Inde
3036 4900 3149 4955 Rea:
3192 4894 3410 4967 quidem

1831 5003 2092 5058 divinitas
2131 5010 2187 5058 et
2235 5003 2353 5074 ipse
2401 4999 2546 5055 Deus
2585 4997 2825 5054 Verbum
2861 4995 3169 5067 appellatur
3202 5008 3213 5044 :
3248 4999 3410 5059 quem

1832 5106 2014 5150 autem
2050 5095 2294 5165 suscepit
2325 5093 2625 5160 hominem,
2654 5110 2671 5142 ι
2707 5091 2850 5146 (ilius
2883 5090 3048 5159 regis.

124 5190 232 5243 καὶ
255 5191 386 5254 τοὺς
413 5169 663 5261 πτωχούς
687 5209 781 5246 σου
806 5203 866 5247 εν
895 5193 1076 5265 κρίσει
1099 5209 1111 5222 ·
1150 5211 1169 5244 ι
1198 5191 1328 5246 ἔνθα
1344 5190 1650 5256 βασιλεὺς
1672 5190 1771 5262 μὲν
1807 5192 1841 5263 ή
1877 5190 2065 5260 θεότης
2105 5189 2200 5244 καί¹
2224 5187 2388 5251 αὐτὸς
2412 5189 2440 5241 6
2470 5186 2603 5250 Θεὸς
2640 5187 2813 5255 Λόγος
2843 5183 3233 5253 ἀνηγόρευται·
3270 5173 3328 5226 ὂν
3355 5169 3408 5222 δὲ

124 5284 426 5355 ἀνείληφεν
458 5284 765 5357 ἄνθρωπον,
801 5304 820 5338 ι
860 5286 975 5349 υἱὸς
1012 5284 1107 5338 τοῦ
1140 5283 1422 5355 βασιλέως.
1466 5302 1485 5334 ι

651 5400 1050 5459 ΚΕΦΛΛΑΙΟΝ
1083 5399 1207 5453 ΛΒ⁹.

398 5532 403 5540 -
618 5494 730 5550 Τοῦ
760 5493 948 5549 αὑτοῦ
983 5489 1242 5561 ἀγγέλου

214 5612 235 5643 ε
264 5591 376 5644 Καὶ
404 5588 653 5644 ἀνατελεῖ
670 5591 784 5653 τοῖς
804 5586 971 5657 φοϐου
980 5586 1159 5657 μένοις
1185 5584 1246 5637 τὸ
1262 5583 1432 5653 ὖνομά
1456 5598 1553 5651 μου
1575 5580 1726 5645 “to;

242 5746 292 5778 "
322 5744 426 5802 lsa.
464 5760 539 5811 Ix,
572 5744 625 5799 6.
707 5744 750 5777 ⁸⁷
791 5741 1022 5797 Malach.
1057 5756 1139 5806 ιιι,
1176 5739 1289 5794 1-5.
1367 5739 1410 5771 ⁸⁸
1442 5737 1587 5796 Psal.
1620 5753 1766 5806 LXXI,

2406 5389 2637 5448 CAPUT
2677 5382 2888 5442 XXXII.

2293 5484 2380 5540 Em
2407 5482 2588 5539 eodem
2623 5476 2915 5533 Malachia.

1912 5600 1930 5633 ι
1978 5581 2042 5636 Et
2067 5581 2274 5636 orietur
2310 5576 2466 5635 vobis
2501 5570 2821 5630 timentibus
2868 5579 3068 5623 nomen
3116 5574 3297 5619 meum
3325 5566 3414 5619 sol

1809 5736 1841 5770 σε)
