3856 6226
453 289 590 346 “59

1156 286 1424 342 EUSEBII
1455 281 1936 341 CIESARIENSIS
1974 280 2128 336 OPP.
2160 278 2342 335 PARS
2385 278 2472 334 III.
2515 309 2585 319 —
2613 276 3030 334 EXEGETICA.

3587 280 3713 334 “60

448 405 695 476 justitia‘,
724 410 778 460 et
803 404 1010 459 sanitas
1039 403 1093 456 in
1123 403 1318 472 pennis
1351 418 1472 472 ejus
1493 404 1559 458 ⁸ο.
1601 423 1620 455 ι
1655 401 1746 457 Sol
1792 401 2000 471 justitia

2122 396 2492 470 δικαιοσύνης,
2545 396 2638 449 καὶ
2685 394 2830 458 ἴασις
2880 396 2939 446 ἐν
2989 396 3108 456 ταῖς
3153 391 3412 465 πτέρυξιν
3463 393 3656 446 αὐτοῦ.
3693 416 3707 444 ι

452 514 472 547 ι
511 496 603 551 lux
640 503 725 552 est
776 511 905 550 vera
967 509 1087 563 quae
1147 494 1420 547 illuminat
1471 505 1686 546 omnem
1740 493 2015 547 hominem

444 587 755 646 venientem
794 587 849 640 in
892 587 1038 640 hunc
1081 583 1349 638 mundum
1370 585 1451 651 9°;
1492 604 1511 637 ι
1549 585 1642 654 qui
1689 586 1824 640 solis
1883 585 2017 640 oriri

445 675 651 729 dicitur
667 675 987 730 timentibus
1015 690 1215 729 nomen
1248 673 1431 730 Patris
1459 676 1613 745 ejus;
1666 676 1826 746 cujus
1864 691 2020 730 occa-

445 779 569 819 sum
606 766 712 829 his,
747 767 840 835 qui
877 781 986 819 non
1013 765 1149 819 tales
1181 771 1363 828 erunt,
1393 765 1633 820 minatur
1660 765 1745 821 his
1787 766 1970 821 verbis
2001 783 2013 818 :

449 874 470 907 c
502 856 799 912 Occumbet
821 857 903 910 sol
929 873 1094 926 super
1120 857 1417 926 prophetas
1456 858 1718 928 populum
1755 864 1934 912 meum
1961 858 2017 912 in

442 964 690 1004 errorem
720 947 1044 1003 inducentes
1065 949 1134 1002 ⁹¹.
1168 967 1187 1000 ι

511 1125 640 1180 Haec
667 1125 886 1195 quidem
915 1141 946 1180 e
973 1125 1265 1180 duodecim
1311 1127 1593 1198 prophetis
1621 1142 1633 1177 :
1665 1142 1789 1182 cum
1820 1130 2013 1181 autem

441 1217 596 1272 Isaia:
645 1217 983 1281 testimonia,
1034 1233 1270 1288 quorum
1329 1235 1562 1288 magnus
1583 1229 1670 1274 est
1727 1235 2012 1284 numerus,

442 1309 708 1383 peculiari
728 1310 866 1364 libro
890 1317 1126 1364 tractare
1149 1311 1307 1364 nobis
1332 1311 1673 1380 propositum
1713 1319 1819 1376 est,
1855 1312 2014 1366 nobis

441 1403 806 1458 liceatordine
835 1403 1054 1457 inverso
1084 1411 1405 1458 cancrorum
1430 1418 1752 1474 magnorum
1778 1406 2016 1475 prophe-

443 1505 618 1550 tarum
657 1493 980 1547 documenta
1021 1492 1304 1564 indagare.

963 1604 1195 1660 CAPUT
1243 1604 1479 1661 XXXIII.

1055 1713 1104 1768 E
1131 1713 1386 1770 Ieremia.

514 1847 533 1881 ι
563 1829 645 1884 Tu
671 1835 890 1891 autem,
928 1826 1178 1893 Domine,
1212 1828 1599 1884 demonstrasti
1629 1829 1784 1893 milii,
1823 1835 1878 1884 et
1917 1844 2004 1884 co-

433 1923 596 1993 gnovi
630 1940 644 1976 :
686 1928 820 1975 tunc
857 1919 1146 1976 ostendisti
1177 1919 1310 1973 mihi
1338 1919 1519 1974 studia
1556 1935 1766 1974 eorum.
1803 1919 1868 1974 Et
1911 1937 2012 1992 ego

434 2012 594 2084 quasi
623 2028 797 2084 agnus
827 2018 1170 2076 mansuetus,
1195 2011 1286 2081 qui
1321 2019 1574 2081 portatur
1601 2013 1670 2065 ad
1691 2013 1967 2067 victimam
1993 2031 2007 2068 :

431 2110 489 2159 et
522 2119 634 2158 non
658 2104 889 2170 cognovi
917 2103 1045 2172 quia
1067 2102 1444 2172 cogitaverunt
1475 2117 1642 2174 super
1687 2119 1773 2158 me
1819 2106 2008 2160 consi-

433 2194 507 2248 lia
535 2194 778 2249 dicentes
813 2212 824 2246 :
855 2190 1132 2248 Mittamus
1185 2194 1392 2264 lignum
1438 2194 1494 2247 in
1543 2210 1737 2265 panem
1789 2197 1911 2265 ejus
1956 2207 2009 2252 et

432 2287 729 2342 erodamus
756 2302 880 2342 cum
909 2286 977 2341 de
1005 2293 1152 2340 terra
1183 2287 1504 2350 viventium,
1544 2295 1600 2342 et
1647 2303 1850 2343 nomen
1889 2288 2009 2357 ejus

431 2393 545 2433 non
579 2389 912 2434 memoretur
939 2378 1171 2448 amplius
1189 2379 1258 2431 ".
1305 2397 1322 2430 ι
1364 2377 1628 2433 Dominus
1651 2377 2011 2450 Salvatorque

431 2478 620 2524 noster
665 2466 830 2524 Jesus
889 2468 1165 2534 Christus,
1209 2469 1366 2539 juxta
1417 2469 1572 2526 Isaiae
1622 2471 2005 2541 prophetiam,

438 2579 457 2613 ι
497 2558 654 2615 Sicut
695 2561 814 2615 ovis
867 2559 936 2614 ad
981 2561 1318 2616 occisionem
1364 2561 1565 2617 ductus
1604 2571 1712 2625 est,
1752 2570 1807 2618 et
1846 2565 2004 2633 quasi

429 2667 604 2722 agnus
647 2667 833 2707 coram
882 2651 1143 2707 tondente
1191 2668 1250 2707 se
1294 2653 1666 2721 obmutuit”;
1706 2673 1724 2705 ι
1761 2663 1816 2709 et
1849 2655 2007 2724 juxta

428 2744 577 2796 illam
614 2758 734 2813 quae
775 2743 931 2798 nobis
963 2743 1020 2798 in
1053 2759 1218 2798 manu
1248 2753 1354 2808 est,
1390 2764 1408 2796 ι
1439 2747 1598 2817 quasi
1645 2762 1820 2818 agnus
1854 2764 2008 2801 nian-

428 2842 621 2890 suetus
650 2835 743 2904 qui
769 2843 1020 2905 portatur
1052 2835 1121 2889 ad
1158 2836 1436 2890 victimam
1465 2841 1710 2893 nescius.
1745 2859 1764 2892 ι
1813 2839 2006 2896 Passio

425 2932 482 2981 et
510 2940 643 2980 crux
660 2927 780 2997 ejus
804 2928 1034 2981 indicari
1064 2935 1295 2997 possunt
1315 2929 1401 2984 his
1426 2931 1606 2985 verbis
1633 2950 1645 2984 :
1672 2947 1691 2980 ι
1725 2930 2005 2987 Mittamus

427 3019 636 3090 lignum
680 3020 735 3074 in
780 3035 974 3090 panem
1005 3023 1126 3090 ejus
1155 3029 1209 3076 et
1237 3020 1529 3078 erodamus
1577 3038 1703 3077 eum
1743 3023 1812 3080 de
1861 3032 2004 3079 terra

2121 490 2309 552 Ἥλιος
2335 488 2682 559 δικαιοσύνης
2702 487 2760 540 τὸ
2791 506 2810 538 ι
2844 486 2960 556 φῶς
2984 489 3133 539 ἐστιν
3152 487 3214 539 τὸ
3237 485 3498 556 ἀληθινὸν
3528 487 3594 538 τὸ
3619 504 3718 557 σεω-

2117 581 2264 646 τίζον
2299 584 2475 636 πάντα
2507 582 2796 652 ἄνθρωπον
2834 580 3132 650 ἐρχόμενον
3173 581 3256 643 είς
3295 580 3393 633 τὸν
3428 579 3669 649 κόσμον·
3698 600 3715 630 ι

2117 673 2176 738 ὃς
2221 674 2403 744 μόνοις
2461 673 2772 752 άνατέλλειν
2823 671 3040 742 εἴρηται
3081 673 3196 733 τοῖς
3221 669 3623 742 ,φοϐουμένοις
3669 672 3720 722 τὸ

2117 769 2284 838 δνομα
2313 766 2406 821 τοῦ
2442 765 2654 836 Πατρὸς
2697 763 2862 819 αὑτοῦ
2882 781 2896 794 ·
2928 766 3042 826 τοῖς
3082 761 3274 833 γάρτοι
3341 762 3422 833 μὴ
3457 761 3721 822 τοιούτοις

2117 855 2370 908 δύσεσθαι
2413 855 2650 918 ἀπειλεῖ,
2691 853 2835 907 κατὰ
2865 851 2948 906 τδο
2978 851 3040 923 (f.
3074 853 3164 918 55)
3199 871 3216 903 ι
3252 852 3366 904 Καὶ
3423 850 3655 904 δύσεται
3695 852 3722 902 ὁ

2117 947 2270 1016 ἥλιος
2304 948 2398 999 ἐπί
2439 949 2567 1009 τοὺς
2601 947 2886 1018 προφήτας
2928 946 3056 1006 τοὺς
3104 942 3428 1005 πλανῶντας
3459 941 3558 994 τὸν
3599 939 3721 993 λαόν

2121 1056 2246 1108 μου,
2289 1057 2307 1089 ι
2333 1037 2389 1090 ἐν
2421 1055 2526 1090 τινι
2551 1038 2658 1090 τῶν
2690 1036 2984 1108 προφητῶν
3023 1035 3334 1106 εἰρημένον.

2188 1127 2375 1182 Ταῦτα
2419 1128 2518 1198 μὲν
2551 1128 2620 1181 τὰ
2666 1128 2772 1180 ἀπὸ
2817 1127 2925 1180 τῶν
2965 1125 3175 1179 δώδεκα
3221 1121 3564 1194 προφητῶν·
3611 1120 3720 1176 ἀλλ’

2118 1218 2240 1270 ἐπεὶ
2275 1219 2344 1272 τά
2393 1220 2457 1272 ἐκ
2487 1219 2581 1272 τοῦ
2624 1219 2848 1272 Ἡσαΐου
2875 1218 2962 1272 διά
2998 1218 3059 1271 τὸ
3089 1216 3290 1286 πλῆθος
3339 1216 3402 1266 ἐν
3443 1213 3565 1284 ἰδίῳ
3597 1228 3724 1278 συγ·

2117 1309 2406 1379 γράμματι
2458 1309 2771 1381 περιλαϐεῖν
2818 1311 2949 1380 ἡμῖν
2999 1309 3308 1380 πρόκειται,
3363 1306 3509 1378 φέρε
3562 1323 3722 1375 μετα.

2116 1399 2311 1463 ϐάντες
2343 1401 2411 1454 τά
2443 1402 2552 1454 ἀπὸ
2583 1402 2691 1454 τῶν
2733 1401 2937 1456 λοιπῶν
2971 1401 3224 1471 μεγάλων
3252 1397 3563 1472 προφητῶν
3600 1399 3719 1450 ἐπι-

2118 1492 2466 1564 σκεψώμεθα.

2627 1607 3024 1661 ΚΕΦΑΛᾹῘΟΝ
3051 1607 3168 1660 ΛΓν.

2617 1721 2712 1773 Ἐκ
2749 1719 2858 1774 τοῦ
2903 1719 3207 1787 Ἰερεμίου.

2191 1857 2210 1890 ι
2251 1837 2447 1908 Κύριε,
2483 1831 2750 1903 γνώρισόν
2777 1847 2888 1901 μοι,
2927 1829 3025 1882 κα)⁸
3050 1827 3366 1898 γνώσομαι·
3413 1827 3544 1881 τότε
3577 1823 3720 1882 εἶδον

2113 1929 2181 1984 τὰ
2200 1925 2610 1998 ἐπιτηδεύματα
2635 1921 2837 1975 αὐτῶν.
2873 1918 3014 1986 Ἐγὼ
3034 1920 3112 1982 ὡς
3133 1918 3317 1989 ἀρνίον
3345 1919 3567 1972 ἄκακον
3592 1920 3720 1987 ἀγό-

2118 2038 2277 2092 μενον
2299 2019 2394 2072 τοῦ
2417 2014 2642 2070 θύεσθαι
2671 2014 2772 2067 οὐκ
2800 2013 2970 2081 ἐγνων
2991 2029 3004 2042 °
3035 2013 3124 2065 ἐπ’
3155 2013 3258 2082 ἐμὲ
3278 2012 3609 2080 ἐλογίσαντο
3635 2013 3720 2066 λέ-

2111 2127 2322 2181 γοντες·
2363 2107 2529 2162 Δεῦτε
2558 2107 2652 2160 καὶ
2683 2103 3010 2174 ἐμϐάλωμεν
3035 2102 3190 2169 ξύλον
3213 2103 3293 2166 εἰς
3322 2102 3490 2174 ἄρτον
3519 2102 3718 2164 αὑτοῦ,

2112 2204 2208 2258 καὶ
2241 2200 2586 2273 ἐκτρίψωμεν
2621 2197 2784 2252 αὐτὸν
2810 2198 2915 2249 ἀπὸ
2938 2198 3042 2266 γῆς
3064 2195 3302 2260 ζώντων,
3329 2198 3430 2250 καὶ
3452 2199 3518 2250 τὸ
3544 2199 3721 2268 ὄνομα

2111 2292 2272 2348 αὐτοῦ
2305 2292 2366 2346 οὐ
2422 2291 2498 2361 μὴ
2545 2286 2758 2359 μνησθῇ
2807 2287 2907 2340 ἔτι.
2971 2306 2991 2339 ι
3029 2287 3086 2340 '0
3119 2285 3309 2358 Σωτὴρ
3352 2287 3451 2339 καὶ
3503 2287 3718 2360 Κύρπ

2110 2383 2268 2454 ἡμῶν
2302 2381 2507 2453 Ἰησοῦς
2539 2379 2772 2451 Χριστὸς
2799 2375 2989 2447 (xeo-cdt
3015 2375 3114 2447 τὴν
3143 2378 3200 2428 ἐν
3228 2375 3308 2446 τῷ
3342 2376 3551 2447 Ἡσαΐᾳ
3579 2395 3716 2449 προ-

2111 2476 2358 2548 φητείαν,
2395 2492 2414 2526 ι
2445 2474 2521 2538 ὼς
2574 2471 2846 2544 πρόϐατον
2888 2469 2982 2522 ἐπὶ
3031 2469 3244 2540 σφαγὴν
3291 2469 3457 2539 ἤχθη,
3495 2473 3602 2524 καὶ
3641 2471 3717 2533 1'»;

2110 2569 2278 2640 ἀμνὸς
2311 2567 2551 2621 ἐναντίον
2590 2565 2682 2618 τοῦ
2719 2563 3005 2636 κείραντος
3031 2562 3194 2616 αὑτὸν
3232 2562 3470 2632 ἄφωνος.
3517 2585 3539 2616 ι
3570 2565 3718 2618 κατὰ

2107 2663 2165 2716 δὲ
2190 2663 2290 2730 τὴν
2341 2659 2476 2732 μετὰ
2524 2661 2729 2730 χεῖρας,
2772 2675 2791 2707 ι
2830 2657 2905 2721 ὠς
2952 2655 3138 2727 ἀρνίον
3183 2654 3388 2708 ἄκακον
3436 2656 3715 2726 ἀγόμενον

2108 2754 2201 2809 τοῦ
2227 2753 2450 2807 θυέσθαι
2487 2753 2587 2805 οὐκ
2620 2750 2792 2820 ἔγνων
2817 2768 2829 2779 ο
2869 2769 2887 2800 ι
2918 2749 3012 2802 καὶ
3051 2748 3111 2802 τὺ
3155 2749 3296 2802 κατὰ
3326 2747 3418 2801 τὸν
3470 2751 3715 2820 σταυῴν

2105 2845 2162 2898 δέ
2176 2844 2346 2908 πάθος
2371 2843 2536 2898 αὐτοῦ
2566 2843 2789 2896 δύναται
2811 2840 3101 2912 δηλοῦσθαι
3133 2839 3223 2893 διὰ
3245 2839 3362 2892 τοῦ·
3388 2840 3591 2894 «Δεῦτε
3614 2843 3716 2894 καὶ

2107 2934 2434 3006 ἐμϐάλωμεν
2484 2932 2637 2996 ξύλον
2679 2935 2760 2995 είς
2793 2930 2955 3000 ἄρτον
2998 2929 3163 2984 αὑτοῦ
3212 2931 3309 2983 καὶ
3356 2931 3716 3001 ἐπιτρίψωμεν

2107 3026 2268 3080 αὐτὸν
2302 3026 2410 3079 ἀπὸ
2439 3025 2541 3095 γῆς
2588 3024 2803 3088 ζώντων
2829 3040 2841 3052 ·
2879 3022 2971 3075 καὶ
3003 3023 3064 3074 τὸ
3110 3022 3282 3092 δνομα
3327 3021 3494 3075 αὐτοῦ
3530 3024 3597 3074 ού
3635 3026 3714 3094 μὴ

425 3111 769 3178 viventium;
804 3119 859 3168 et
910 3129 1110 3169 nomen
1155 3113 1276 3183 ejus
1332 3128 1442 3168 non
1489 3123 1826 3170 memoretur
1883 3132 2000 3170 am-

2116 3121 2322 3192 μνησθῇ
2368 3119 2468 3173 ἔτι·
2513 3139 2530 3171 ι
2568 3121 2711 3191 ειπερ
2738 3121 2802 3171 ἐκ
2824 3115 3116 3188 προσώπου
3157 3116 3408 3170 λέλεκται
3434 3116 3547 3168 τῶν
3587 3119 3712 3168 ἐπι-

425 3207 591 3277 plius.
632 3226 652 3259 ι
686 3205 816 3271 Quae
845 3209 1064 3277 quidem
1096 3223 1162 3262 ex
1197 3223 1432 3278 persona
1480 3208 1628 3263 dicta
1677 3220 1806 3264 sunt
1856 3210 1996 3265 insi»

425 3299 692 3354 diantium
724 3299 796 3356 ei.
832 3299 1046 3354 Etenim
1076 3301 1121 3356 si
1153 3315 1354 3371 corpus
1375 3301 1495 3370 ejus
1535 3303 1694 3371 panis
1735 3302 1857 3365 fuit,
1889 3303 2006 3358 sic-

2108 3210 2513 3265 ϐουλευσάντων
2542 3208 2710 3280 αὐτῷ.
2746 3211 2809 3261 Εἰ
2836 3208 2948 3279 γὰρ
2969 3208 3033 3278 δὴ
3055 3208 3117 3260 τὸ
3153 3206 3310 3277 σῶμα
3337 3205 3503 3259 αὑτοῦ
3543 3207 3714 3277 ἄρτος

2105 3297 2194 3374 ἦν,
2223 3303 2297 3365 ὡς
2346 3302 2508 3365 αὐτὸς
2545 3300 2787 3354 διδάσκει
2846 3299 2983 3370 πρὸς
3027 3299 3153 3361 τοὺς
3202 3298 3451 3369 μαθητάς
3503 3297 3710 3366 λέγων,

425 3400 487 3446 ιιι
543 3392 663 3461 ipse
711 3391 1009 3462 discipulos
1035 3409 1166 3448 suos
1215 3394 1398 3457 docet,
1429 3393 1662 3450 dicens:
1705 3414 1723 3446 ι
1759 3395 2000 3466 Accipite

2116 3415 2130 3446 ι
2165 3394 2394 3458 Λάϐετε,
2433 3394 2658 3463 φάγετε,
2684 3392 2843 3445 τοῦτό
2882 3393 3002 3444 ἐστι
3034 3391 3096 3444 τὸ
3133 3389 3290 3461 σῶμά
3323 3408 3450 3461 μου,
3492 3411 3510 3442 ι
3544 3391 3710 3444 τοῦτο

423 3489 479 3537 et
510 3483 796 3547 comedite,
834 3485 938 3538 hoc
967 3493 1051 3540 est
1083 3501 1286 3556 corpus
1309 3503 1492 3541 meum
1517 3487 1582 3551 “,
1627 3507 1645 3539 ι
1691 3489 1838 3558 ligno
1873 3505 2000 3544 vere

2116 3489 2148 3541 5‘
2177 3484 2245 3558 ἦν
2274 3487 2336 3540 τὸ
2368 3487 2505 3558 πρὸς
2545 3485 2624 3556 τῷ
2653 3482 2793 3554 ξύλῳ
2825 3482 2969 3537 κατὰ
3000 3483 3090 3536 τὸν
3137 3483 3371 3553 σταυρὸν
3416 3483 3710 3552 δειγματι-

422 3575 754 3643 applicatum
783 3583 868 3630 est
895 3590 992 3645 per
1029 3591 1272 3640 crucem,
1298 3577 1442 3631 unde
1472 3593 1580 3630 non
1611 3579 1885 3633 immerito
1918 3579 2000 3633 di-

2116 3577 2250 3641 ςθέν,
2281 3577 2408 3648 περὶ
2436 3575 2603 3628 αὑτοῦ
2637 3575 2832 3642 λέγοιτ’
2875 3571 2940 3624 ἂν
2975 3570 3201 3634 εἰκότως
3228 3570 3311 3634 τὸ,
3342 3589 3361 3620 ι
3403 3569 3578 3622 Δεῦτε
3611 3571 3707 3624 καὶ

420 3665 586 3728 citur,
622 3683 641 3716 ι
674 3663 952 3721 Mittamus
979 3666 1183 3737 lignum
1218 3667 1272 3720 in
1309 3683 1505 3736 panem
1528 3669 1668 3737 ejus.
1716 3689 1735 3720 ι
1786 3673 1916 3736 Quae
1946 3671 2000 3726 in

2116 3669 2431 3740 ἐμϐάλωμεν
2459 3665 2613 3731 ξύλον
2643 3668 2722 3729 εἰς
2756 3664 2919 3735 ἄρτον
2950 3662 3116 3716 αὐτοῦ
3137 3679 3152 3692 ⁸
3192 3682 3210 3714 ι
3242 3664 3290 3715 εί
3320 3663 3376 3715 δὲ
3404 3663 3503 3714 καὶ
3534 3660 3707 3730 βαθυ-

420 3755 569 3810 hunc
597 3756 778 3812 locum
810 3757 1049 3812 diximus
1081 3758 1218 3812 nulli
1252 3766 1381 3814 sunt
1433 3759 1824 3829 impedimento
1865 3762 2000 3833 quin

2116 3762 2266 3831 ιὲρας
2290 3759 2465 3830 ἔχοιτο
2497 3756 2728 3829 θεωρίας
2757 3757 2827 3808 τὰ
2863 3753 3005 3808 κατὰ
3033 3754 3125 3807 τὸν
3160 3754 3345 3818 τόπον,
3368 3752 3525 3806 οὐδὲν
3565 3751 3706 3824 πρὸς

419 3849 733 3905 accuratius
763 3851 1185 3920 contempletur.

946 3962 1176 4018 CAPUT
1203 3964 1443 4020 XXXIV.

1052 4072 1136 4126 Ex
1159 4075 1359 4129 eodem.

493 4205 514 4240 ι
551 4187 766 4258 Reliqui
818 4187 1044 4244 domum
1097 4207 1319 4253 meam,
1373 4189 1556 4246 dimisi
1621 4192 1994 4248 haereditatem

413 4295 594 4335 meam
633 4299 646 4334 :
682 4279 806 4335 dedi
830 4281 1086 4336 dilectam
1116 4283 1355 4336 animam
1386 4299 1560 4338 meam
1605 4283 1661 4338 in
1700 4300 1862 4338 manu
1892 4287 1996 4339 ini-

413 4371 680 4426 micorum
709 4372 848 4441 ejus.
893 4371 1057 4428 Facta
1087 4383 1170 4428 est
1195 4375 1328 4429 milii
1354 4375 1644 4431 haereditas
1680 4391 1801 4432 inea
1834 4377 1994 4447 quasi

412 4460 502 4517 leo
524 4462 579 4516 in
610 4463 746 4517 silva
783 4483 797 4517 :
832 4463 982 4518 dedit
1027 4476 1220 4519 contra
1253 4481 1339 4520 me
1385 4483 1608 4532 vocem,
1666 4469 1790 4523 ideo
1845 4469 1990 4524 odivi

2102 3855 2277 3905 ἐκεῖνο
2306 3851 2466 3903 λυπεῖ
2496 3848 2677 3901 καὶτὰ
2706 3847 2990 3919 εἰρημένα.

2628 3958 3024 4013 ΚΕΦΑΛΑΙΟΝ
3060 3960 3182 4012 ΛΔ’.

2721 4073 2837 4127 Τοῦ
2863 4073 3073 4126 αὐτοῦ.

2175 4209 2193 4242 ι
2245 4188 2707 4259 Ἑγκαταλὲλοιπα
2736 4186 2826 4240 τὸν
2857 4182 3003 4240 οἶκόν
3043 4202 3167 4255 μου,
3199 4185 3389 4254 ἀφῆκα
3426 4183 3528 4255 τὴν
3560 4187 3699 4256 κληο

2100 4285 2354 4354 ρονομίαν
2383 4299 2506 4351 μου,
2543 4280 2718 4333 ἔδωκα
2751 4279 2848 4349 τὴν
2876 4277 3244 4348 ἠγαπημένην
3262 4278 3446 4347 ψυχήν
3478 4296 3585 4348 μου
3620 4285 3702 4342 εις

2095 4377 2284 4448 χεῖρας
2308 4373 2518 4444 ἐχθρῶν
2533 4371 2725 4440 αὐτῆς.
2759 4369 3020 4441 Ἑγενήθη
3046 4380 3079 4439 η
3100 4369 3434 4440 κληρονομία
3450 4388 3556 4440 μου
3574 4373 3698 4437 ἐμοὶ

2097 4466 2174 4528 ὼς
2198 4465 2336 4519 λέων
2361 4466 2419 4517 ἐν
2442 4462 2652 4535 δρυμῷ,
2680 4461 2877 4516 ἐδωκεν
2904 4463 2993 4514 ἐπ’
3020 4461 3122 4533 ἐμὲ
3156 4462 3342 4532 φωνὴν
3383 4463 3586 4532 αὐτῆς.
3611 4464 3696 4517 διὰ

408 4568 556 4607 eam.
593 4553 850 4624 Nunquid
884 4556 1000 4610 avis
1057 4555 1298 4611 discolor
1321 4557 1610 4614 haereditas
1653 4575 1773 4614 mea
1817 4560 1994 4614 mihi?

2116 4557 2254 4612 τοῦτο
2283 4557 2521 4628 ἐμίσησα
2551 4556 2739 4626 αὐτήν.
2781 4554 2874 4624 Μὴ
2908 4553 3172 4623 σπήλαιον
3203 4555 3394 4624 ὑαίνης
3422 4556 3458 4624 ἠ
3488 4563 3696 4628 κληρο-

412 4647 663 4716 nunquid
709 4648 826 4702 avis
855 4647 1027 4701 tincta
1059 4664 1156 4718 per
1181 4650 1400 4703 totum?
1431 4649 1624 4707 Venite
1646 4692 1661 4716 ,
1691 4667 1990 4724 congrega-

410 4735 544 4790 mini
588 4751 778 4791 omnes
817 4738 1008 4792 bestia:
1055 4745 1236 4800 terrae,
1273 4749 1562 4808 properate
1604 4741 1673 4794 ad
1715 4743 1987 4798 devoran-

403 4827 561 4884 dum.
593 4828 847 4883 Pastores
877 4830 1036 4883 multi
1069 4829 1309 4885 demoliti
1348 4839 1476 4886 sunt
1507 4833 1718 4887 vineam
1770 4850 1945 4889 meam
1968 4875 1983 4899 ,

406 4918 871 4972 conculcaverunt
920 4927 1128 4988 partem
1188 4934 1413 4974 meam:
1456 4919 1728 4975 dederunt
1775 4923 1984 4991 portio-

408 5021 532 5060 nem
567 5022 742 5060 meam
777 5006 1189 5062 desiderabilem
1238 5009 1294 5062 in
1331 5009 1608 5064 desertum
1645 5013 1979 5068 solitudinis.

407 5096 714 5152 Posuerunt
739 5113 856 5152 eam
882 5099 936 5151 in
959 5099 1392 5168 dissipatienem,
1413 5103 1657 5172 luxitque
1685 5119 1851 5173 super
1873 5121 1976 5160 me.

405 5189 751 5246 Desolatione
781 5191 1022 5245 desolata
1055 5199 1139 5246 est
1183 5195 1364 5248 omnis
1395 5202 1562 5258 terra,
1615 5197 1743 5266 quia
1792 5199 1980 5253 nullus

405 5290 490 5336 est
535 5283 628 5350 qui
675 5282 938 5351 recogitet
993 5284 1157 5339 corde
1184 5286 1252 5337 ⁸⁵.
1293 5305 1313 5338 ι
1351 5285 1580 5342 Videtur
1636 5289 1815 5342 audiri
1871 5289 1978 5344 Do-

402 5372 538 5425 mini
571 5371 980 5442 Salvatorisquc
1007 5376 1178 5430 nostri
1205 5392 1330 5442 vox,
1355 5378 1422 5432 de
1447 5380 1649 5449 templo
1671 5379 1975 5436 Jerusalem

405 5463 633 5518 dicens:
673 5482 691 5515 ι
730 5463 944 5535 Reliqui
994 5467 1216 5523 domum
1281 5486 1478 5527 meam.
1519 5493 1536 5524 ι
1575 5472 1639 5526 Ει
1689 5474 1756 5528 de
1795 5475 1978 5544 priore

557 5639 789 5722 λειω-ιιι
923 5642 977 5697 2-
1378 5669 1417 5722 ιτ
1454 5654 1506 5709 9-

407 5726 552 5772 uvi,
582 5711 668 5762 ‘26.
746 5713 789 5743 ’⁵
823 5711 932 5764 Jer.
961 5730 1062 5778 xu,
1093 5718 1244 5771 7-H.

1626 5657 1668 5688 "
1698 5655 1862 5712 Mich.
1902 5673 1984 5723 ιιι,
2014 5657 2064 5713 6.

2096 4651 2258 4721 νομία
2293 4665 2394 4720 μου
2429 4647 2627 4718 ἐμοὶ,ἢ
2662 4646 2926 4716 σπήλαιον
2957 4644 3144 4716 κύκλῳ
3170 4646 3337 4716 αὐτῆς
3359 4663 3374 4711 ;
3397 4646 3694 4708 Βαδίσατε,

2096 4742 2434 4811 συναγάγετε
2461 4741 2637 4794 πάντα
2667 4739 2738 4792 τὰ
2781 4737 2945 4810 θηρία
2969 4736 3067 4790 τοῦ
3099 4737 3289 4809 ἀγροῦ,
3321 4739 3419 4790 καὶ
3455 4738 3693 4793 ἐλθέτω-

2095 4852 2194 4888 σαν
2229 4833 2325 4886 τοῦ
2370 4835 2565 4902 φαγεῖν
2609 4831 2801 4900 αὐτήν.
2837 4829 3105 4899 Ποιμένες
3143 4829 3328 4882 πολλοὶ
3372 4828 3693 4901 διέφθειραν

2093 4924 2183 4978 τὸν
2211 4922 2510 4995 άμπελῶνά
2533 4938 2655 4992 μου,
2682 4919 2950 4991 ἐμόλυναν
2979 4919 3078 4990 τὴν
3109 4920 3303 4992 μερίδα
3323 4938 3448 4990 μου,
3474 4921 3693 4974 ἔδωκαν

2091 5015 2283 5086 μερίδα
2322 5013 2670 5084 ἐπιθυμητὴν
2703 5014 2781 5074 είς
2813 5011 3020 5082 ἔρημον
3060 5010 3282 5074 ἄϐατον,
3323 5012 3565 5083 ἐγενήθη
3609 5015 3691 5076 ei;

2085 5107 2390 5178 ἀφανισμὸν
2435 5105 2744 5166 ἀπωλείας⁸
2791 5103 2857 5155 δι’
2901 5103 3004 5174 ἐμὲ
3056 5103 3352 5173 ἀφανισμῷ
3403 5105 3685 5173 ἠφανίσθη

2084 5199 2235 5250 πᾶσα
2260 5199 2292 5268 ή
2315 5198 2406 5268 γῆ,
2429 5198 2511 5250 ὅτι
2542 5196 2641 5248 οὐκ
2668 5194 2815 5246 ἐστιν
2849 5193 2989 5263 ἀνὴρ
3009 5192 3293 5263 τιθέμενος
3316 5198 3378 5248 ἐν
3405 5196 3632 5268 καρδίᾳ.
3660 5217 3679 5246 ι

2087 5293 2271 5344 Ἐοικε
2297 5291 2390 5344 τοῦ
2420 5277 2625 5360 Κυρίου
2649 5288 2746 5342 καὶ
2765 5287 3017 5359 Σωτῆρος
3047 5286 3205 5358 ἡμῶν
3235 5284 3375 5340 εἶναι
3405 5289 3562 5359 φωνὴ
3589 5293 3682 5342 καὶ

2084 5385 2119 5454 ἡ
2152 5383 2437 5452 φάσκουσα
2489 5382 2617 5452 περὶ
2665 5381 2763 5450 μὲν
2807 5378 2902 5432 τοῦ
2946 5381 3004 5432 ἐν
3043 5379 3401 5450 Ίεῳυσαλὴμ
3429 5380 3539 5434 νεὼ
3581 5383 3675 5446 τὸ,

2092 5493 2110 5528 ι
2149 5474 2583 5544 ἐγκαταλέλοιπα
2624 5473 2715 5526 τὸν
2748 5467 2897 5526 οῒκόν
2934 5488 3059 5542 μου,
3094 5491 3113 5523 ι
3153 5473 3284 5542 περὶ
3310 5473 3368 5526 δὲ
3411 5473 3514 5543 τῆς
3544 5489 3680 5547 προ-

2182 5659 2226 5689 "
2255 5657 2455 5714 Ierem.
2491 5671 2567 5726 τι,
2606 5656 2689 5726 18,
2716 5655 2802 5711 l9.
2878 5654 2924 5690 9’
2953 5651 3055 5708 lsa.
3089 5668 3209 5719 Lm,
3263 5653 3314 5709 7.
3398 5654 3444 5687 "
3477 5653 3668 5710 Matth.
