3856 6226
171 380 317 435 “Gl

1215 369 1511 430 ECLOGE
1549 362 2037 426 PROPHETICE.
2068 398 2137 407 —
2169 363 2300 422 LIB.
2337 365 2380 420 l.

3313 366 3452 422 11(ιῖ

162 502 340 574 τέρας
387 497 736 570 Συναγωγῆς,
775 496 809 568 ἢ
859 495 954 550 καὶ
990 495 1146 565 μερίς
1187 510 1317 546 ποτε
1361 491 1454 545 καὶ
1490 491 1551 561 (f.
1583 489 1653 545 55
1686 490 1760 561 το)

1887 486 2180 559 Synagoga,
2207 505 2331 560 quae
2366 505 2610 561 unquam
2638 505 2767 561 pars
2798 498 2852 546 et
2906 490 3184 546 funiculus
3216 491 3453 546 haeredi-

165 593 462 664 οχοίνισμα
506 590 871 662 κληρονομίας
912 587 1076 641 αὑτοῦ
1106 587 1350 654 γέγονεν,
1386 585 1464 647 τὸ,
1507 604 1524 632 ι
1550 582 1765 652 Ἀφῆκα

1874 582 2006 638 tatis
2033 582 2154 651 ejus
2178 581 2320 636 facta
2347 589 2452 645 est,
2485 599 2504 632 ι
2548 581 2736 638 Dimisi
2772 582 3144 638 hereditatem
3177 597 3378 647 meam,
3429 602 3450 636 ι

163 685 274 755 τὴν
309 681 670 755 κληρονομίαν
704 698 826 751 μου,
862 699 880 731 ι
915 677 1057 733 κατὰ
1083 678 1162 742 τὸ,
1199 695 1218 727 t
1250 676 1487 738 Ποσάκις
1522 673 1766 745 ἠθέλησα

1887 674 2026 737 iuxta
2057 673 2188 728 illud
2223 693 2235 728 :
2277 692 2296 726 ι
2334 674 2561 741 Quoties
2599 675 2746 729 volui
2771 689 3106 746 congregare
3135 674 3276 731 ﬁlios
3305 682 3453 737 tuos.

166 777 599 844 ἐπισυναγαγεῖν
619 773 686 827 τὰ
717 773 883 826 τέκνα
917 787 1031 833 σου,
1061 769 1119 822 ὃν
1148 769 1349 840 τρόπον
1382 767 1530 839 ὅρνις
1554 769 1768 818 ἑπισυν-

167 867 300 936 ἀγει
347 867 414 920 τὰ
455 864 642 918 νοσσία
681 864 848 933 αὐτῆς
901 862 1005 914 ὑπὸ
1054 860 1152 923 τὰς
1205 859 1502 930 πτέρυγας,
1542 858 1636 911 καὶ
1667 857 1767 910 οὐκ

163 959 477 1030 ἠθελήσατε
495 975 508 988 ⁸
547 957 676 1009 Ἰδοὺ
698 954 916 1025 ἀφίεται
942 955 1068 1023 ὑμῖν
1092 953 1119 1004 ό
1141 948 1288 1016 οἶκος
1317 950 1468 1022 ὑμῶν
1491 949 1713 1022 ἔρημος.
1743 967 1761 999 ι

162 1050 346 1113 Αὐτὸς
375 1050 417 1102 δ’
446 1049 474 1101 ὁ
522 1047 691 1101 εἰπὼν
732 1065 750 1097 ι
789 1045 978 1107 Οὐδεὶς
1014 1045 1158 1115 αίρει
1184 1043 1282 1112 τὴν
1329 1042 1507 1112 ψυχήν
1546 1058 1644 1112 μου
1671 1038 1766 1094 ἀπ’

163 1142 331 1214 ὲμοῦ’
376 1141 623 1207 ἐξουσίαν
671 1139 780 1210 ἔχω
825 1137 995 1190 θεῖναι
1047 1137 1238 1207 αὐτὴν,
1284 1155 1301 1187 ι
1343 1136 1507 1205 φησὶν
1541 1134 1632 1188 καὶ
1684 1134 1764 1199 τὸ,

169 1253 198 1289 ο
211 1235 428 1288 Ἕδωκα
442 1235 538 1306 τὴν
555 1231 916 1303 ἠγαπημένην
932 1231 1108 1302 ψυχήν
1128 1248 1228 1301 μου
1253 1247 1275 1282 ε
1286 1231 1331 1293 ίς
1347 1231 1535 1299 χεῖρας
1559 1226 1769 1300 ἑχθρῶν

163 1330 366 1400 αὐτῆς.
403 1348 422 1379 ι
451 1327 639 1397 Τούτῳ
668 1327 726 1379 δὲ
766 1325 858 1378 καὶ
901 1323 1133 1394 ἐγενήθη
1167 1324 1200 1393 ἡ
1236 1322 1477 1392 προτέρα
1507 1319 1768 1392 κληρονο-

167 1424 279 1494 μία
304 1421 378 1484 ὡς
404 1421 539 1474 λέων
565 1423 623 1474 ἐν
651 1418 844 1491 δρυμῷ
864 1433 877 1447 ·
910 1415 1108 1468 ἔδωκέν
1140 1431 1199 1466 τε
1223 1415 1307 1466 ἐπ’
1340 1411 1502 1466 αὑτὸν
1535 1412 1634 1480 τὴν
1660 1428 1772 1480 φω-

161 1515 274 1588 νὴν
316 1512 507 1584 αὐτῆς,
557 1513 794 1583 ὁπηνίκα
852 1508 1186 1580 παραδόντες
1229 1505 1393 1559 αὐτὸν
1433 1503 1512 1574 τῷ
1554 1503 1772 1574 Πιλάτῳ

165 1607 501 1677 ὲστήκεισαν
522 1601 955 1673 κατηγοροῦντες
979 1597 1146 1652 αὐτοῦ
1178 1599 1271 1652 καὶ
1297 1597 1575 1668 μονονουχὶ
1607 1593 1772 1665 βοῶν-

162 1713 290 1759 τες,
331 1713 350 1746 ι
382 1691 532 1763 Αἶρε,
556 1690 698 1766 αἶρε,
738 1690 970 1763 σταύρου
1005 1690 1166 1744 αὐτόν
1188 1706 1200 1721 ·
1240 1709 1258 1741 ι
1292 1686 1381 1741 διὰ
1404 1687 1563 1740 τοῦτο
1590 1685 1648 1738 δέ
1671 1702 1774 1756 φη-

166 1803 285 1851 σιν,
342 1805 359 1836 ι
383 1784 654 1855 Ἐμίοησα
685 1780 878 1852 αὐτὴν,
923 1798 940 1829 ι
979 1779 1068 1832 διὰ
1112 1778 1180 1831 τὰ
1225 1777 1414 1848 μίσους
1442 1776 1568 1842 ἄξια
1594 1773 1766 1842 αὐτῆς

1873 769 2333 838 quemadmodum
2391 770 2508 824 avis
2555 767 2744 822 nidum
2786 783 2948 822 suum
2995 768 3099 823 sub
3146 767 3362 837 pennis,
3403 776 3458 822 et

1874 861 2140 915 noluisti!
2177 861 2318 914 Ecce
2345 860 2688 930 relinquetur
2720 860 2876 915 vobis
2905 860 3102 915 demus
3145 867 3329 914 vestra
3361 858 3458 916 de-

1877 952 2102 1006 serta".
2141 972 2159 1003 ι
2202 950 2321 1022 Ipse
2345 959 2526 1006 autem
2557 952 2694 1006 dixit
2729 969 2742 1006 :
2775 971 2794 1003 ι
2827 952 2998 1007 Nemo
3025 953 3168 1008 tollit
3214 954 3455 1008 animam

1879 1057 2088 1108 meam;
2121 1051 2446 1113 potestatem
2498 1043 2674 1097 habeo
2721 1059 2924 1113 ponere
2973 1043 3197 1112 eam";
3234 1065 3254 1097 ι
3291 1051 3458 1115 atque

1877 1133 2052 1188 illud:
2099 1153 2116 1185 ι
2159 1133 2289 1188 Dedi
2329 1135 2582 1190 dilectam
2614 1136 2852 1190 animam
2886 1151 3060 1190 meam
3109 1137 3165 1190 in
3202 1137 3458 1192 manibus
3544 1208 3550 1216 _

1879 1226 2225 1281 inimicorum
2249 1228 2391 1293 ejus.
2418 1247 2436 1279 ι
2474 1227 2613 1282 Huic
2637 1244 2767 1282 vero
2795 1229 2935 1283 facta
2964 1237 3048 1284 est
3061 1231 3209 1299 prior
3225 1230 3457 1286 haeredi-

1880 1327 1966 1374 tas
1993 1320 2151 1389 quasi
2181 1320 2266 1374 leo
2295 1320 2348 1373 in
2375 1321 2532 1375 silva.
2562 1320 2715 1374 Dedit
2739 1331 2928 1375 contra
2949 1339 3074 1378 eum
3094 1338 3282 1377 vocem
3313 1323 3454 1392 ejus.

1879 1423 2004 1462 cum
2054 1411 2336 1464 tradentes
2365 1426 2488 1466 eum
2515 1409 2694 1467 Pilato
2727 1411 3094 1478 adduxerunt,
3130 1422 3456 1470 accusantes

1877 1502 2354 1574 vociferantesque
2383 1505 2763 1561 tantummodo
2800 1527 2812 1561 :
2847 1527 2866 1558 ι
2897 1505 3074 1570 Tolle,
3099 1508 3248 1575 tolle,
3277 1509 3460 1563 cruci-

1881 1598 1982 1666 fige
2009 1612 2134 1651 eum
2153 1598 2233 1664 ’3;
2268 1617 2285 1649 ι
2313 1608 2649 1669 quaprOpter
2671 1601 2779 1655 ait:
2807 1621 2825 1652 ι
2853 1599 3008 1656 0divi
3030 1617 3172 1669 eam,
3205 1623 3224 1656 ι
3250 1604 3320 1658 ob
3336 1603 3458 1673 ejus

1879 1701 2045 1757 opera
2073 1688 2200 1742 odio
2231 1690 2418 1760 digna,
2453 1700 2508 1745 et
2533 1694 2677 1761 quod
2713 1693 2851 1747 nihil
2886 1693 2938 1747 in
2980 1709 3104 1748 eum
3151 1709 3338 1750 amore
3374 1695 3459 1750 di-

1882 1794 2047 1848 gnum
2098 1781 2472 1838 ostenderant.
2519 1786 2650 1849 Quae
2684 1799 2812 1839 vero
2865 1793 3190 1855 sequuntur,
3237 1793 3290 1841 et
3339 1786 3458 1842 haec

166 1876 337 1948 ἔργα,
371 1877 466 1928 καὶ
497 1869 684 1928 suae
720 1872 886 1944 μηδὲν
913 1873 992 1934 είς
1034 1869 1194 1923 αὑτὸν
1222 1868 1443 1939 ἀγάπης
1475 1864 1623 1931 ἄξιον
1657 1867 1779 1918 ἐπι·

1887 1872 2186 1940 praesertim
2221 1891 2233 1927 :
2273 1892 2291 1924 ι
2333 1872 2564 1944 Propter
2605 1891 2692 1931 me
2730 1877 3068 1932 desolatidhc
3098 1878 3341 1933 desolata
3371 1886 3458 1934 est

166 1964 486 2032 δείξασθαι’
513 1964 575 2016 τὸ
600 1963 643 2016 δ’
673 1961 819 2031 ἑξῆς,
846 1961 938 2014 καὶ
971 1959 1206 2030 μάλιστα
1229 1957 1312 2022 τὸ,
1342 1976 1361 2008 ι
1393 1957 1470 2009 Δι’
1501 1955 1603 2025 ἑμὲ
1627 1955 1771 2023 ἀφα-

166 2055 360 2126 νισμῷ
397 2054 670 2126 ἠφανίσθη
706 2055 854 2106 πᾶσα
887 2052 1037 2122 ήγῆ,
1079 2070 1097 2102 ι
1129 2049 1304 2102 ἔοικεν
1329 2047 1524 2120 δηλοῦν
1550 2047 1650 2118 τὴν
1685 2045 1774 2100 διὰ

166 2149 269 2202 τὸν
310 2149 534 2218 Σωτῆρα
564 2147 700 2218 μετὰ
731 2147 790 2199 τὸ
820 2145 988 2208 πάθος
1019 2142 1184 2197 αὐτοῦ
1230 2142 1442 2197 τελείαν
1475 2140 1775 2212 γενομένην

172 2239 385 2293 ἅλωσιν
413 2239 508 2291 καὶ
538 2236 918 2307 αἰχμαλωσίαν
947 2235 1042 2288 τοῦ
1077 2234 1346 2306 προτέρου
1373 2233 1529 2299 λαοῦ,
1556 2234 1651 2288 καὶ
1676 2233 1777 2304 τὴν

169 2334 260 2395 είς
295 2331 520 2402 ἔσχατον
545 2331 642 2401 τῆς
673 2328 1027 2400 Ἰερουσαλὴμ
1058 2329 1358 2398 ἐρήμωσιν.

696 2443 1098 2498 ΚΕΦᾹΛΑΙΟΝ
1139 2443 1262 2496 ΛΕ’.

807 2539 914 2592 Τοῦ
941 2537 1150 2590 αὐτοῦ.

259 2655 280 2689 ι
317 2635 510 2706 Κύριε,
542 2633 693 2706 ἰσχύς
723 2651 822 2705 μου
846 2633 939 2685 καὶ
965 2631 1187 2704 βοηθεία
1217 2647 1340 2702 μου,
1370 2629 1464 2684 καὶ
1487 2627 1775 2700 καταφυγή

178 2743 290 2797 μου
319 2727 375 2778 ἑν
398 2725 582 2797 ἡμέρᾳ
608 2723 814 2778 κακῶν.
851 2723 994 2794 Πρὸς
1013 2723 1072 2775 σὲ
1097 2721 1225 2792 ἔθνη
1245 2721 1469 2792 ἥξουσιν
1500 2721 1595 2775 ἀπ’
1624 2722 1780 2791 ἐσχά-

171 2836 278 2871 του
315 2818 412 2889 τῆς
459 2817 582 2889 γῆς,
633 2818 727 2870 καὶ
769 2815 1005 2887 ἐροῦσιν,
1049 2815 1136 2877 Ὠς
1176 2804 1348 2885 ψευδῆ
1389 2815 1690 2886 ἐκτήσαντο
1730 2815 1778 2866 oi

178 2909 422 2980 ’πατέρες
449 2909 605 2980 ἡμῶν
645 2907 858 2968 εἴδωλα,
895 2908 989 2961 καὶ
1033 2908 1132 2961 οὐκ
1160 2907 1305 2960 ἔστιν
1339 2908 1395 2959 ἑν
1425 2907 1607 2970 αὐτοῖς
1638 2905 1781 2974 ὠφέ-

171 2997 357 3070 λημα.
401 3000 462 3052 Et
501 3001 715 3072 ποιήσει
744 2996 925 3068 ἑαυτῷ
969 2997 1253 3071 ἄνθρωπος
1292 2997 1466 3060 θεοὺς,
1497 2996 1592 3048 καὶ
1629 2996 1781 3048 αὐτοὶ

175 3094 287 3147 οὒκ
307 3092 412 3146 είσὶ
443 3091 552 3145 θεοί
572 3109 586 3158 ;
608 3091 706 3144 Διὰ
733 3089 910 3153 τοῦτο,
950 3091 1082 3155 ἰδοὺ,
1118 3089 1228 3157 ἐγὼ
1257 3089 1479 3161 δηλώσω
1516 3090 1698 3152 αὐτοῖς
1722 3089 1779 3141 ἐν

177 3186 264 3257 τῷ
299 3186 473 3258 καιρῷ
511 3185 682 3256 τούτῳ
712 3185 809 3257 τὴν
841 3185 1000 3257 χεῖρά
1037 3202 1160 3255 μου,
1192 3184 1286 3237 καὶ
1330 3183 1548 3257 γνωριῶ
1594 3183 1779 3248 αὐτοῖς
1807 3211 1849 3269 C

176 3279 288 3349 τὴν
322 3278 545 3348 δύναμίν
581 3296 702 3348 μου,
741 3277 834 3329 καὶ
867 3275 1166 3346 γνώσονται
1201 3278 1280 3330 ὅτι
1315 3275 1426 3345 ἑγὼ
1456 3276 1679 3348 Κύριος.
1711 3280 1778 3345 )K

191 3368 470 3440 ’Δμαρτία
507 3365 674 3420 ’ἰούδα
722 3369 1031 3436 γέγραπται
1079 3367 1137 3418 ἐν
1169 3364 1418 3436 γραφείῳ
1465 3364 1690 3437 σιδηρῷ,
1723 3367 1783 3418 ἑν

179 3461 340 3530 ὄνυχι
383 3459 726 3529 ἀδαμαντίνῳ
769 3457 1222 3528 ὲκκεκολαμμένη
1270 3459 1364 3511 ἐπὶ
1411 3458 1503 3511 τοῦ
1553 3457 1782 3530 στήθους

181 3553 288 3623 τῆς
321 3551 545 3622 καρδίας
578 3550 775 3604 αὐτῶν.
815 3570 832 3601 ι
869 3551 1003 3621 Περὶ
1035 3550 1142 3602 τῶν
1176 3550 1264 3603 διὰ
1291 3549 1528 3622 Χριστοῦ
1558 3547 1648 3603 τὸν
1673 3551 1781 3604 τῶν

181 3642 326 3695 ὅλων
366 3641 750 3710 ἑπεγνωκότων
784 3640 914 3693 Θεὸν
958 3641 1340 3712 προφητεύσας
1378 3643 1406 3694 ὁ
1443 3641 1618 3710 λόγος,
1655 3643 1783 3712 ἑξῆς

182 3734 387 3803 ὶπάγει
437 3734 690 3806 περὶτῆς
732 3733 872 3786 κατὰ
915 3732 1008 3786 τοῦ
1059 3734 1311 3806 Σωτῆρος
1351 3732 1446 3786 τοῦ
1516 3734 1782 3787 Ἰουδαίων

185 3825 322 3879 λαοῦ
367 3825 658 3896 ἁμαρτίας,
693 3825 1073 3889 ἁνεξάλειπτον
1118 3826 1287 3897 αὐτὴν
1327 3824 1544 3878 ἔσεσθαι
1581 3825 1782 3896 σημαί-

187 3934 299 3970 νων
326 3917 465 3971 κατὲι
489 3918 588 3980 τὰς
623 3916 1023 3988 παρατεθείσας
1051 3919 1190 3987 μετὰ
1217 3918 1556 3988 ἀστερίσκων
1583 3917 1778 3984 λέξεις·

185 4008 258 4072 ἃς
277 4006 498 4059 δύναταί
525 4023 609 4069 τις
647 4009 742 4061 καὶ
782 4007 875 4060 ἐπὶ
905 4005 996 4061 τοῦ
1029 4006 1291 4078 προδότου
1332 4007 1502 4060 Ἰούδα
1537 4008 1782 4080 ἑφαρμὸ-

191 4099 329 4163 ζειν,
355 4100 430 4163 ὡς
453 4099 547 4153 καὶ
567 4100 827 4171 ὀνομαστὶ
846 4098 924 4170 τῷ
948 4098 1078 4170 θείῳ
1100 4098 1380 4169 Πνεύματι
1407 4099 1785 4172 προεγνωσμέ-

189 4208 288 4245 νου
320 4207 378 4243 τε
404 4191 500 4244 καὶ
527 4207 962 4262 προαναπεφωνη
973 4191 1157 4262 μένου.

691 4305 1087 4360 ΚΕΦΑΛΑΙΟΝ
1140 4305 1282 4372 AG’.

817 4397 926 4451 T017
957 4396 1170 4452 αὑτοῦ.

279 4491 434 4555 Ἰδοὺ,
469 4490 673 4563 ήμέραι
721 4488 994 4562 ἔρχονται,
1043 4487 1193 4556 λέγει
1235 4487 1462 4560 Κύριος,
1504 4487 1599 4542 καὶ
1645 4488 1779 4541 ἁνα-

1875 1973 2044 2028 terra,
2082 1984 2100 2016 ι
2136 1967 2431 2022 ostendere
2453 1969 2711 2023 videntur
2739 1969 2948 2040 antiqui
2981 1971 3169 2041 populi
3196 1985 3459 2026 consum-

1875 2066 2078 2110 matam
2134 2067 2260 2127 post
2305 2057 2610 2116 Salvatoris
2660 2062 3002 2130 passionem,
3031 2063 3248 2117 ruinam
3295 2069 3460 2132 atque

1875 2148 2268 2218 captivitatem,
2291 2148 2706 2223 Jerusalemque
2738 2153 2795 2208 in
2845 2161 3166 2225 perpetuum
3207 2151 3460 2209 solitudi-

1876 2259 2020 2297 nem.

2424 2442 2654 2500 CAPUT
2686 2442 2902 2500 XXXV.

2512 2535 2597 2590 Ex
2625 2537 2827 2591 eodem.

1956 2645 1975 2678 ι
2009 2625 2257 2690 Domine,
2295 2625 2561 2681 fortitudo
2593 2643 2711 2681 mea
2742 2635 2796 2682 et
2827 2627 2995 2682 robur
3028 2642 3230 2693 meum,
3277 2635 3330 2684 et
3374 2644 3461 2686 re-

1881 2719 2089 2791 fugium
2145 2736 2326 2775 meum
2382 2721 2436 2774 in
2481 2720 2569 2776 die
2617 2721 3011 2776 tribulationis.
3056 2721 3138 2776 Ad
3182 2731 3236 2777 te
3269 2732 3462 2794 gentes

1881 2813 2100 2868 venient
2131 2813 2198 2866 ab
2227 2814 2486 2867 extremis
2512 2823 2693 2876 terrae,
2722 2821 2774 2869 et
2802 2814 2985 2869 dicent
3015 2832 3026 2867 :
3066 2812 3202 2870 Vere
3233 2814 3462 2869 menda-

1882 2905 2027 2958 cium
2059 2903 2421 2975 possederunt
2453 2916 2633 2975 patres
2664 2906 2862 2969 nostri,
2893 2905 3209 2969 vanitatem,
3237 2921 3360 2977 qua:
3380 2906 3462 2964 eis

1885 3013 1990 3052 non
2018 2997 2246 3068 profuit.
2279 2998 2534 3068 Nunquid
2567 2997 2730 3053 faciet
2755 2998 2860 3053 sibi
2893 2999 3058 3055 homo
3085 2999 3239 3066 deos,
3271 3007 3325 3054 et
3355 2999 3460 3070 ipsi

1885 3105 1992 3144 non
2044 3100 2172 3146 Sunt
2201 3091 2319 3145 dii?
2352 3089 2562 3145 idcirco
2590 3107 2718 3146 ecce
2761 3107 2862 3163 ego
2911 3092 3192 3148 ostendam
3235 3093 3315 3147 eis
3366 3106 3464 3162 per

1883 3181 2056 3236 vicem
2092 3182 2254 3248 hanc,
2283 3181 2570 3238 ostendam
2601 3184 2682 3237 eis
2705 3197 2926 3237 manum
2968 3198 3143 3237 meam
3193 3190 3247 3238 et
3289 3182 3467 3236 virtu~

1886 3282 1994 3328 tem
2025 3289 2224 3336 meam,
2257 3286 2310 3328 et
2335 3275 2509 3329 scient
2536 3273 2662 3344 quia
2694 3290 2892 3330 nomen
2926 3276 3057 3330 mihi
3095 3274 3464 3344 Dominusx

1885 3367 2173 3422 Peccatum
2210 3365 2348 3421 Iuda
2393 3370 2658 3438 scriptum
2690 3376 2775 3424 est
2805 3369 2945 3440 stylo
2979 3367 3158 3433 ferreo
3196 3369 3248 3423 in
3283 3385 3468 3444 ungue

1885 3463 2239 3516 adamantino
2273 3502 2288 3525 ,
2338 3469 2619 3516 exaratum
2669 3470 2834 3530 Super
2878 3459 3224 3514 latitudinem
3283 3459 3468 3517 cordis

1883 3555 2153 3610 eorum”.
2199 3574 2216 3606 ι
2252 3553 2327 3609 De
2358 3554 2424 3608 iis
2446 3553 2536 3623 qui
2571 3567 2666 3623 per
2687 3552 2970 3610 Christum
2995 3555 3237 3608 omnlum
3269 3570 3470 3625 cogno-

1883 3657 2079 3702 verunt
2122 3645 2293 3702 Deum
2357 3645 2645 3717 Scriptura
2694 3645 3056 3716 prophetizat,
3097 3653 3152 3700 et
3201 3648 3468 3703 continuo

1883 3738 2196 3793 Judzeorum
2249 3738 2434 3808 populi
2461 3737 2724 3793 adversus
2757 3736 3097 3792 Salvatorem
3149 3736 3468 3806 iniquitates

1885 3833 2160 3897 indicans,
2194 3831 2517 3886 indelebiles
2547 3845 2640 3886 eas
2670 3830 2787 3885 fore
2817 3829 3060 3885 ostendit
3102 3837 3294 3884 notato
3323 3840 3467 3887 aste-

1886 3925 2048 3979 riscis
2075 3923 2218 3978 loco.
2252 3921 2386 3988 Quae
2418 3921 2636 3990 quidem
2659 3931 2713 3975 et
2741 3919 2992 3975 tradituri
3023 3917 3178 3975 Iudae
3221 3920 3469 3992 adaptarl

1885 4024 2140 4088 possunt,
2177 4030 2208 4070 a
2249 4013 2458 4086 Spiritu
2488 4021 2680 4069 sancto
2723 4013 3044 4069 nominatim
3086 4023 3213 4070 ante
3253 4023 3468 4087 tempus

1885 4111 2104 4180 cognito
2139 4115 2301 4179 atque
2330 4108 2631 4162 nominato.

2418 4280 2651 4338 CAPUT
2688 4278 2930 4337 XXXVI.

2521 4373 2602 4427 Ea:
2629 4373 2828 4428 eodem.
3466 4412 3471 4418 .

1965 4485 1984 4518 ι
2016 4464 2158 4522 Ecce
2187 4465 2306 4521 dies
2337 4465 2585 4529 veniunt,
2618 4463 2758 4518 dicit
2781 4463 3045 4518 Dominus
3069 4480 3082 4516 :
3107 4472 3163 4516 et
3187 4459 3470 4517 suscitabo

190 4583 384 4653 στήσω
546 4550 710 4634 Δαυῒδ
753 4550 1020 4650 ανατολήν
1064 4550 1297 4647 δικαίαν,
1325 4550 1456 4633 ’καί
1482 4577 1779 4651 βασιλεύσει

1890 4559 2063 4615 David
2094 4574 2316 4630 germen
2342 4559 2554 4628 justum
2585 4576 2597 4610 :
2634 4563 2688 4611 et
2718 4555 2968 4626 regnabit
2997 4569 3092 4610 rex
3122 4594 3137 4617 ,
3169 4561 3223 4608 et
3251 4554 3469 4624 sapiens

195 4670 469 4744 βασιλεὺς,
497 4669 594 4723 καὶ
618 4669 859 4738 συνήσει,
894 4667 988 4720 καὶ
1016 4668 1233 4738 ποιήσει
1260 4667 1435 4737 κρίμα
1461 4665 1556 4717 καὶ
1578 4665 1786 4717 δικαιο-

194 4760 368 4834 σύνην
388 4760 482 4815 ἐπὶ
508 4761 606 4832 τῆς
635 4762 760 4832 γῆς.
810 4760 898 4813 Ἐν
926 4762 1046 4823 ταῖς
1071 4759 1306 4831 ἡμέραις
1335 4755 1502 4810 αὐτοῦ
1539 4755 1785 4825 σωθήσε-

191 4873 290 4909 ται
308 4857 401 4910 καὶ
433 4854 659 4919 Ἰούδας,
681 4853 778 4908 καὶ
811 4853 1028 4924 Ἰσραὴλ
1050 4851 1466 4922 κατασκηνώσει
1490 4849 1784 4914 πεποιθὼς,

195 4949 296 5003 καὶ
324 4947 485 5002 τοῦτο
514 4947 574 5000 τὸ
608 4946 801 5017 ὄνομα,
843 4944 872 4998 ὃ
905 4945 1356 5008 καλέσειαύτοὺς
1395 4943 1621 5013 Κύριος,
1672 4942 1787 4994 Ἰω-

199 5041 359 5095 σεδὲκ
385 5042 444 5092 ἑν
471 5042 583 5102 τοῖς
608 5039 936 5111 προφήταις.
975 5037 1063 5090 Ἐν
1087 5039 1154 5108 τῇ
1183 5035 1364 5106 ήμέρα
1394 5035 1601 5105 ἐκείνῃ,
1637 5030 1789 5087 εἶπεν

197 5131 426 5202 Κύριος,
477 5130 752 5201 συντρίψω
805 5129 964 5198 ζυγὸν
997 5128 1103 5181 ἀπὸ
1140 5129 1410 5198 τραχήλου
1444 5124 1646 5190 αὐτῶν,
1697 5125 1792 5178 καί⁸

191 5227 325 5288 τοὺς
352 5223 585 5294 δεσμοὺς
619 5221 796 5275 αὐτῶν
825 5220 1124 5292 διαρῤήξω,
1157 5220 1253 5274 καὶ
1285 5219 1383 5272 ούκ
1407 5217 1676 5290 ἑργῶνται
1703 5218 1792 5270 αύ-

193 5317 281 5370 τοὶ
311 5315 389 5368 ἑτι
418 5315 739 5388 ἀλλοτρίοις,
771 5314 867 5366 καὶ
897 5312 1167 5386 ἑργῶνται
1200 5305 1279 5382 τῷ
1318 5312 1508 5383 Κυρίῳ
1538 5309 1658 5382 Θεῷ
1686 5311 1786 5362 αύ-

192 5405 328 5468 τῶν,
355 5408 448 5461 καὶ
472 5406 563 5459 τὸν
589 5405 752 5458 Δαυῒδ
780 5404 1002 5475 βασιλέα
1023 5403 1200 5457 αὐτῶν
1228 5404 1516 5474 ἀναστήσω
1543 5402 1743 5464 αὐτοῖς.
1759 5421 1778 5454 ›

195 5498 422 5562 Τούτοις
447 5497 514 5550 τὰ
538 5498 893 5570 παραπλήσια
925 5497 1019 5550 καὶ
1049 5499 1106 5550 ἑν
1137 5496 1310 5568 ἑτέρῳ
1335 5495 1429 5550 τοῦ
1463 5491 1628 5548 αὐτοῦ
1653 5511 1786 5564 προ-

194 5591 368 5661 φήτου
412 5589 563 5659 τόπῳ
606 5588 821 5660 εἴρηται
863 5589 921 5640 ἑν
961 5586 1188 5650 τούτοιςο
1223 5609 1240 5638 ι
1291 5585 1418 5640 Ἰδοὺ
1455 5584 1658 5657 ήμέραι
1698 5583 1787 5655 ἕρ-

1891 4655 2041 4710 erit:
2087 4660 2143 4708 et
2193 4651 2362 4707 faciet
2396 4649 2667 4720 judicium
2706 4657 2760 4705 et
2797 4648 3066 4718 justitiam
3110 4649 3163 4702 in
3207 4655 3374 4702 terra.
3409 4644 3471 4701 In

1893 4744 2088 4800 diebus
2111 4744 2218 4798 illis
2245 4743 2548 4798 salvabitur
2571 4741 2710 4796 Juda
2729 4781 2744 4805 ,
2776 4748 2831 4796 et
2853 4739 3022 4794 lsrael
3049 4737 3317 4794 habitabit
3338 4751 3473 4792 con-

1894 4836 2162 4892 fidenter:
2213 4841 2269 4889 et
2308 4833 2414 4887 hoc
2456 4842 2541 4886 est
2579 4846 2780 4886 nomen
2823 4829 2970 4901 quod
3015 4827 3292 4882 vocabunt
3319 4841 3468 4890 eum,

1896 4927 2164 4984 Dominus
2187 4969 2202 4994 ,
2233 4923 2467 4981 Josedec
2496 4925 2551 4978 in
2585 4924 2869 4994 prophetis
2893 4923 2932 4974 ¹.
2954 4963 2966 4976 .
2991 4959 3008 4987 ._
3028 4918 3087 4974 In
3119 4919 3208 4974 die
3236 4919 3328 4972 illa
3348 4957 3364 4982 ,
3394 4917 3474 4972 ait

1891 5021 2162 5078 Dominus
2185 5060 2201 5085 ,
2227 5026 2510 5074 conteram
2535 5017 2726 5088 jugum
2755 5017 2824 5071 de
2849 5015 2992 5070 collo
3019 5027 3209 5068 eorum
3227 5051 3243 5076 ,
3274 5018 3332 5066 et
3357 5010 3475 5064 vin-

1893 5115 2017 5170 cula
2043 5127 2236 5169 eorum
2262 5112 2603 5181 disrumpam
2628 5151 2643 5174 ,
2671 5116 2725 5164 et
2768 5123 2880 5164 non
2919 5105 3354 5161 dominabuntur
3390 5102 3474 5158 eis

1891 5206 2129 5276 amplius
2169 5204 2371 5269 alieni,
2418 5203 2515 5259 sed
2556 5202 2798 5258 servient
2839 5199 3075 5255 Domino
3108 5197 3218 5252 Deo
3247 5210 3382 5258 suo,
3418 5204 3474 5250 et

1892 5296 2062 5352 David
2100 5295 2214 5368 regi
2275 5311 2377 5351 suo
2405 5308 2565 5365 quem
2591 5292 2872 5349 suscitabo
2899 5291 2980 5346 eis
3009 5290 3052 5344 ¹.
3079 5308 3098 5342 ι
3125 5288 3224 5343 His
3257 5287 3369 5341 fere
3399 5286 3475 5341 si-

1891 5391 2044 5446 milia
2074 5392 2128 5445 in
2160 5390 2268 5444 alio
2301 5389 2550 5458 ejusdem
2586 5385 2868 5458 prophetae
2911 5384 3035 5438 loco
3079 5381 3342 5436 dicuntur
3384 5378 3473 5437 his

1889 5484 2072 5540 verbis
2099 5502 2111 5537 :
2138 5500 2156 5533 ι
2183 5481 2322 5536 Ecce
2351 5479 2469 5536 dies
2494 5479 2753 5542 veniunt,
2777 5475 2914 5532 dicit
2939 5472 3207 5529 Dominus
3227 5513 3243 5538 ,
3273 5479 3329 5528 et
3354 5487 3478 5528 sus.

1891 5580 2072 5636 citabo
2121 5577 2347 5634 verbum
2401 5574 2605 5629 bonum
2649 5569 2794 5643 quod
2840 5569 3060 5624 locutus
3108 5579 3232 5621 sum
3279 5563 3346 5620 ad
3375 5563 3477 5619 do-

267 5744 314 5775 "
352 5742 485 5800 Luc.
514 5759 632 5806 xm,
654 5743 746 5809 '54,
779 5744 868 5798 55.
942 5743 988 5776 "’
1018 5741 1176 5798 Joan.
1211 5759 1268 5809 κ,
1308 5742 1394 5800 18.
1470 5740 1516 5777 ³⁸
1538 5739 1698 5797 Joan.
1734 5755 1849 5809 xxx,
1876 5738 1964 5795 l5.
2043 5737 2088 5770 ”
2117 5734 2228 5792 Jer.
2260 5746 2373 5799 xvr,
2409 5728 2606 5798 19-21;
2659 5743 2792 5794 xvn,
2823 5725 2876 5781 Ι.
2952 5723 2971 5758 ί
3003 5719 3118 5777 Jer.
3148 5735 3310 5788 um,
3341 5717 3395 5784 5,
3416 5716 3472 5773 ὅ.

197 5818 218 5847 ²
247 5813 358 5869 Jer.
394 5831 522 5880 xxx,
553 5813 610 5877 8,
637 5813 690 5869 9.

521 5908 788 5972 ΡΑτιιοι..
839 5909 959 5971 Gn.
991 5906 1199 5970 XXII.

3049 5859 3126 5955 37
