3856 6226
413 309 553 364 H63
1117 311 1386 368 EUSEBII
1425 314 1909 371 CESARIENS!S
1946 315 2098 373 OPP.
2148 313 2333 369 PARS
2372 314 2458 369 ll‘l.
2503 347 2570 356 --
2610 314 3022 373 EXEGETICA.
3580 319 3704 374 “64

413 444 560 482 ιιιυιιι
591 425 758 484 Israel
785 436 839 484 et
868 429 934 484 ad
967 429 1190 484 domum
1215 430 1378 488 Juda.
1409 431 1467 486 In
1497 432 1697 489 diebus
1727 433 1836 489 illis
1864 440 1920 488 et

2180 447 2312 495 νται,
2348 430 2497 499 λέγει
2525 430 2748 502 Κύριος,
2785 432 2878 484 καὶ
2905 431 3257 503 ἐξαναστήσω
3287 447 3372 484 σοι
3401 431 3499 484 τὸν
3524 431 3592 494 (f.
3624 432 3703 501 58)

412 529 658 590 tempore
685 521 782 575 illo
805 561 820 584 ,
853 523 1168 592 germinare
1201 523 1400 578 faciam
1452 523 1624 580 David
1665 541 1891 597 germen
1919 527 1935 596 j

2180 538 2262 592 γον
2300 539 2401 590 μου
2433 522 2523 576 τὸν
2550 521 2776 590 ἀγαθὸν,
2816 522 2875 575 ὃν
2906 522 3147 593 ἐλάλησα
3180 523 3272 575 ἐπὶ
3298 524 3392 576 τὸν
3417 517 3579 577 οἶκον
3615 523 3703 578 Ἱε-

410 615 578 670 stitia
607 614 649 670 '.
681 633 700 666 ι
728 613 941 681 Quibus
995 618 1262 672 continuo
1318 618 1543 688 subjicit
1573 639 1587 674 :
1652 640 1669 670 ι
1694 620 1834 686 Quia
1886 621 1933 675 h:

2181 611 2392 682 υσαλὴμ
2437 611 2532 666 καὶ
2575 612 2670 665 ὲπὶ
2697 613 2788 666 τὸν
2810 607 2959 667 οἷκον
2997 612 3186 666 Ἰούδα·
3223 614 3282 666 ἐν
3314 617 3440 678 ταῖς
3472 615 3704 688 ἡμέραις

408 707 544 761 dicit
591 706 902 762 Dominus:
953 707 1070 762 Non
1126 708 1377 763 interibit
1420 710 1488 763 de
1531 708 1702 764 David
1752 713 1854 776 vir,
1903 728 1931 781 q

2180 707 2340 768 είναις
2379 706 2474 759 καὶ
2512 708 2569 758 έν
2598 705 2678 777 τῷ
2709 706 2888 778 καιρῷ
2928 706 3123 778 ἐκείνῳ
3153 707 3399 760 ἀνατελῶ
3428 708 3510 778 τῷ
3548 709 3703 762 ama

409 799 596 853 sedeat
641 815 806 870 super
839 801 1098 854 thronum
1149 801 1351 855 domus
1384 800 1553 858 Israel
1583 822 1594 855 :
1632 812 1687 858 et
1721 803 1788 858 de
1817 818 1932 858 sace

2176 798 2368 868 ατολὴν
2413 798 2650 852 δικαίαν.
2697 821 2717 852 ο
2754 795 2848 863 Οἷς
2893 798 3020 869 ἑξῆς
3062 799 3335 872 ἐπιφέρει,
3384 802 3474 854 ὅτι
3513 821 3532 851 ι
3570 802 3699 855 Τάδε

404 889 628 946 dotibus
658 900 711 945 et
739 892 808 947 de
845 891 1050 947 Levitis
1082 908 1192 948 non
1229 893 1480 948 interibit
1513 895 1597 949 vir
1629 912 1660 950 a
1697 897 1837 951 facie
1877 911 1926 949 m

2180 906 2246 958 {Et
2281 888 2504 960 Κύριος⁸
2551 890 2667 942 Οὐκ
2713 888 3228 961 ὲξολοθρευθήσεται
3253 889 3334 960 τῷ
3372 889 3547 943 Δαυῒδ
3572 891 3703 963 ἀνὴρ

404 981 498 1049 qui
525 980 717 1036 oﬂ‘erat
745 982 1187 1036 holocautomata
1206 1023 1221 1047 ,
1250 993 1304 1038 et
1334 985 1593 1039 incendat
1625 986 1927 1040 sacriﬁciur

2178 981 2411 1052 θήμενος
2444 982 2536 1034 ἐπὶ
2564 982 2758 1054 θρόνου
2781 982 2932 1035 οἴκου
2968 983 3207 1055 Ἰσραήλ·
3237 985 3332 1037 καὶ
3353 986 3475 1047 τοῖς
3501 982 3701 1054 ἱερεῦσι

401 1081 456 1131 et
497 1074 667 1128 cadat
704 1076 958 1131 victimas
988 1077 1248 1131 omnibus
1279 1077 1477 1133 diebus
1513 1078 1554 1132 ⁸.
1595 1099 1614 1130 ι
1645 1078 1710 1132 Ει
1756 1095 1922 1135 rursu

2178 1081 2211 1140 ’ς
2251 1077 2526 1138 Λευῖταις
2558 1074 2656 1127 οὐκ
2696 1074 3210 1147 ὲξολοθρευθήσεται
3253 1077 3395 1147 ἀνὴρ
3431 1078 3503 1129 ὲκ
3539 1092 3701 1148 προσ-

406 1187 426 1219 ι
452 1165 578 1222 Hac
604 1167 740 1222 dicit
771 1167 1040 1224 Dominus
1071 1190 1084 1224 :
1121 1171 1179 1224 Si
1224 1171 1444 1226 irritum
1491 1180 1674 1243 potest
1727 1173 1845 1229 ﬁeri
1897 1190 1929 1244 p

2174 1185 2247 1223 του
2280 1186 2382 1240 μου
2417 1169 2705 1240 ἀναφέρων
2737 1167 3168 1239 ὁλοκαυτώματα
3194 1169 3287 1221 καὶ
3318 1168 3470 1221 θύων
3489 1167 3697 1232 θυσίαν,

399 1269 552 1315 ctum
583 1275 764 1315 meum
793 1275 918 1314 cum
950 1261 1040 1316 die
1066 1302 1080 1325 ,
1112 1270 1168 1317 et
1197 1271 1418 1332 pactum
1441 1281 1622 1318 meum
1656 1280 1782 1320 cum
1808 1278 1922 1321 nocn

2172 1262 2189 1313 ι
2230 1259 2398 1314 ποιῶν
2442 1259 2592 1330 θῦμα
2643 1261 2826 1323 πάσας
2872 1260 2970 1324 τὰς
3015 1261 3250 1331 ἡμέρας.
3287 1279 3307 1313 ι
3352 1260 3472 1313 Καὶ
3517 1259 3695 1314 πάλιν·

397 1360 460 1406 ut
492 1369 600 1407 non
640 1353 713 1408 sit
756 1353 876 1408 dies
911 1361 966 1408 et
1006 1369 1119 1408 nox
1148 1355 1203 1409 in
1234 1364 1480 1426 tempore
1509 1373 1644 1424 suo;
1679 1367 1734 1413 et
1768 1370 1920 1428 pactu

2175 1353 2292 1407 Γὰδε
2327 1352 2472 1421 λέγει
2505 1351 2730 1424 Κύριος⁸
2768 1353 2833 1404 Εἰ
2869 1351 3251 1405 διασκεδάσετε
3289 1351 3390 1423 τὴν
3426 1351 3698 1423 διαθήκην

399 1461 578 1500 meum
611 1445 824 1500 irritum
856 1461 981 1501 esse
1009 1447 1212 1516 poterit
1242 1465 1366 1504 cum
1413 1449 1582 1504 David
1624 1465 1784 1506 servo
1828 1468 1922 1506 mel

2172 1462 2195 1496 υ
2237 1443 2334 1515 τὴν
2379 1444 2618 1515 ἡμέραν,
2664 1443 2761 1496 καὶ
2798 1442 2896 1513 τὴν
2926 1442 3192 1515 διαθήκην
3226 1460 3327 1514 μου
3362 1442 3469 1515 τὴν
3503 1444 3695 1506 νύκτα,

399 1545 458 1589 ut
489 1551 596 1614 non
627 1539 698 1593 sit
727 1553 790 1593 ex
823 1553 888 1592 eo
919 1538 1063 1593 ﬁlius
1093 1540 1186 1609 qui
1218 1549 1408 1611 regnet
1440 1542 1494 1595 in
1524 1541 1725 1596 throno
1751 1543 1902 1611 ejus,

2170 1541 2182 1593 3
2215 1540 2289 1612 μὴ
2321 1536 2464 1594 εἶναι
2497 1540 2711 1612 ἡμέραν
2747 1540 2840 1593 καὶ
2875 1538 3047 1592 νύκτα
3078 1540 3135 1591 ἐν
3169 1539 3248 1610 τῷ
3273 1539 3460 1612 καιρῷ
3493 1539 3693 1593 αὐτῶν·

397 1627 600 1684 Levita
626 1638 681 1683 et
711 1629 1030 1686 sacerdotes
1062 1633 1304 1687 ministri
1338 1635 1462 1688 mei.
1487 1632 1644 1689 Sicut
1672 1651 1920 1691 enumert

2174 1635 2181 1685 ἱ
2213 1651 2278 1702 γε
2309 1634 2343 1705 ὴ
2373 1632 2618 1704 Διαθήκη
2657 1650 2756 1704 μου
2792 1633 3320 1703 διασκεδασθήσεται
3353 1632 3499 1702 μετὰ
3532 1631 3697 1685 Δαυῒδ

396 1737 505 1776 non
531 1730 762 1792 possunt
789 1724 965 1779 stella
988 1724 1115 1778 coeli
1135 1763 1150 1787 ,
1179 1737 1233 1778 et
1259 1726 1442 1781 metiri
1472 1741 1641 1781 arena
1673 1728 1871 1792 maris,
1902 1745 1919 1783 ε

2174 1725 2181 1776 i
2210 1725 2400 1780 δούλου
2433 1741 2557 1795 μου,
2596 1724 2688 1777 τοῦ
2725 1723 2799 1795 μὴ
2836 1721 2975 1778 εἷναι
3010 1722 3160 1794 αὐτῷ
3184 1723 3298 1776 υἱὸν
3335 1722 3697 1793 βασιλεύοντα

395 1816 769 1886 multiplicabo
817 1831 1003 1872 semen
1054 1815 1227 1872 David
1277 1820 1420 1873 servi
1474 1820 1605 1882 mei,
1657 1827 1713 1874 et
1763 1818 1917 1876 Levit

2173 1858 2179 1871 .
2216 1816 2310 1871 τοῦ
2343 1816 2534 1889 θρόνου
2566 1815 2753 1880 αὐτοῦ,
2794 1817 2889 1870 καὶ
2930 1817 3059 1879 τοὺς
3082 1817 3315 1878 Λευῖτας
3356 1817 3492 1878 τοὺς
3528 1817 3696 1887 ἱερεῖς

391 1909 678 1964 ministros
713 1925 864 1965 meos
897 1911 940 1962 ⁸.
971 1930 991 1962 ι
1022 1910 1202 1980 Atque
1235 1910 1434 1965 iterum
1466 1919 1594 1982 post
1636 1927 1813 1982 pauca
1857 1915 1914 1968 ai‘

2175 1928 2209 1974 ης
2238 1909 2690 1981 λειτουργοῦντας
2727 1927 2836 1979 μοι·
2867 1909 2943 1972 ὡς
2982 1911 3083 1962 οὐκ
3119 1908 3637 1981 έξαριθμηθήσεται
3658 1911 3698 1981 ἡ

395 2019 414 2050 ι
449 2000 576 2056 Hac
604 2001 738 2057 dicit
767 2001 1033 2058 Dominus
1058 2020 1072 2056 :
1107 2002 1166 2057 Si
1196 2011 1418 2072 pactum
1450 2019 1630 2058 meum
1660 2005 1806 2059 inter
1832 2003 1918 2060 die

2168 2019 2310 2074 ιαμις
2335 2003 2431 2056 τοῦ
2459 2003 2714 2075 οὐρανοῦ,
2753 2003 2876 2056 οὐδὲ
2914 2003 3393 2074 ὲκμετρηθήσεται
3429 2005 3465 2072 ή
3498 2003 3691 2074 ἅμμος

388 2101 442 2146 et
472 2101 721 2157 noctem,
751 2099 807 2148 et
834 2093 983 2164 leges
1013 2094 1156 2148 calo
1181 2103 1236 2148 et
1271 2103 1432 2148 terra
1461 2111 1569 2150 non
1595 2097 1753 2166 posui
1778 2114 1793 2163 ;
1821 2112 1911 2167 eqt

2168 2113 2178 2158 ;
2209 2095 2510 2168 θαλάσσης,
2545 2095 2720 2160 οὕτως
2753 2094 3011 2166 πληθυνῶ
3041 2094 3104 2148 τὸ
3134 2095 3359 2166 σπέρμα
3391 2093 3563 2146 Δαυῒδ
3596 2094 3691 2147 τοῦ

389 2184 513 2239 dem
541 2193 595 2239 et
622 2199 808 2240 semen
839 2183 1012 2240 Jacob
1039 2193 1093 2240 et
1124 2185 1295 2240 David
1329 2187 1474 2241 servi
1509 2188 1614 2242 mei
1646 2189 1912 2259 projician

2171 2189 2265 2243 λου
2315 2207 2416 2260 μου
2466 2191 2562 2242 καὶ
2605 2190 2734 2252 τοὺς
2778 2189 3012 2251 Λευῒτας
3056 2187 3184 2250 τοὺς
3225 2186 3693 2258 λειτουργοῦντάς

388 2284 449 2331 ut
477 2292 585 2331 non
618 2292 894 2333 assumam
923 2279 990 2333 de
1021 2279 1233 2334 semine
1263 2278 1386 2346 ejus
1433 2280 1715 2350 principes
1745 2283 1911 2336 semin

2179 2322 2191 2334 .
2227 2301 2244 2334 ι
2272 2283 2383 2337 Καὶ
2418 2278 2575 2345 αὖθις
2611 2283 2750 2354 μετὰ
2781 2280 2988 2352 βραχέα
3015 2279 3253 2350 εἴρηται·
3293 2298 3312 2329 ι
3355 2280 3500 2332 Τάδε
3535 2279 3694 2349 λέγει

385 2366 697 2431 Abraham,
734 2366 888 2422 Isaac
919 2375 974 2422 et
1003 2365 1176 2421 Jacob
1205 2368 1247 2422 ⁸.
1281 2387 1299 2418 ι
1329 2365 1618 2432 Quodnam
1671 2367 1817 2422 enim
1849 2384 1908 2438 ge

2168 2390 2300 2443 ριος·
2346 2373 2410 2426 El
2457 2372 2533 2443 μὴ
2580 2371 2890 2442 διαθήκηίν)
2937 2388 3036 2440 μου
3072 2371 3288 2442 ἡμέρας
3323 2370 3423 2423 καὶ
3465 2371 3685 2436 νυκτὸς,

385 2475 510 2514 men
561 2457 827 2514 Dominus
884 2458 1078 2513 Davidi
1132 2459 1505 2514 suscitaturus
1536 2459 1670 2514 est?
1719 2458 1908 2513 Diviuu

2166 2464 2468 2535 νιὸάσματα
2502 2463 2736 2535 ούρανοῦ
2765 2464 2860 2516 καὶ
2889 2465 2991 2532 γῆς
3026 2463 3128 2515 οὐκ
3172 2461 3359 2528 ἔταξα,
3393 2462 3489 2515 καί
3525 2479 3595 2530 γε
3625 2465 3689 2517 τὸ

391 2552 650 2617 Verbum,
680 2553 749 2608 de
797 2568 907 2623 quo
952 2552 1088 2606 alias
1137 2551 1381 2605 dicitur:
1416 2570 1434 2601 ι
1465 2550 1608 2606 Ecce
1636 2551 1742 2613 vir,
1773 2548 1914 2606 Orici

2158 2555 2300 2628 έρμα
2337 2554 2533 2609 Ἰακὼὸ
2559 2556 2652 2608 καὶ
2681 2553 2845 2608 Δαυῖδ
2865 2555 2956 2607 τὸν
2981 2553 3170 2607 δοῦλόν
3203 2571 3307 2624 μου
3329 2554 3681 2624 ἀποδοκιμιῖι,

384 2661 584 2700 nomen
627 2645 749 2713 ejus
781 2647 801 2676 "
829 2663 845 2712 ;
878 2665 896 2695 ι
927 2645 1020 2714 qui
1069 2653 1122 2698 et
1168 2651 1502 2713 regnaturus
1547 2645 1907 2713 prauuntiatu

2156 2649 2166 2701 ἱ
2211 2647 2288 2719 μὴ
2326 2648 2513 2702 λαϐεῖν
2556 2650 2620 2701 ὲκ
2662 2645 2753 2700 τοῦ
2804 2647 3119 2718 σπέρματος
3152 2645 3319 2698 αὑτοῦ
3357 2645 3624 2717 ἄρχοντα.
3660 2666 3679 2698 ι

383 2751 451 2792 ac
485 2757 504 2789 ι
532 2738 757 2808 sapiens
786 2736 893 2791 erit
925 2744 980 2790 et
1017 2733 1182 2788 faciet
1209 2733 1480 2804 judicium
1512 2742 1568 2788 et
1605 2733 1881 2802 justitiam

2157 2741 2183 2792 ,‘t
2219 2741 2304 2802 τίς
2333 2739 2399 2793 ἂν
2443 2740 2528 2809 εἰή
2583 2739 2688 2792 ὑπὸ
2727 2737 2820 2791 τοῦ
2872 2737 3079 2809 Κυρίου
3126 2738 3552 2808 ἁναστησομένη
3605 2738 3680 2807 τῷ

381 2837 552 2884 terra.
583 2849 601 2881 ι
626 2829 725 2884 llic
751 2837 801 2884 et
834 2829 888 2883 in
921 2828 1168 2883 tenebris
1198 2827 1522 2883 sedentibus
1553 2827 1753 2881 animis
1783 2842 1904 2896 surg

2159 2831 2234 2885 δῒδ
2264 2831 2532 2902 ἀνατολή;
2577 2831 2636 2884 Ὁ
2678 2830 2821 2892 θεῖος
2850 2830 3044 2898 Λόγος,
3079 2829 3208 2900 περὶ
3234 2823 3296 2882 οὗ
3337 2829 3435 2882 καὶ
3472 2831 3532 2882 ὲν
3559 2830 3682 2882 ἑτέ-

381 2923 472 2976 lux
504 2923 559 2978 in
595 2922 809 2978 caelesti
840 2937 1014 2993 regno
1055 2938 1194 2988 suo;
1260 2923 1493 2992 quique.
1535 2921 1693 2990 juxta
1733 2921 1904 2991 Apost

2160 2943 2187 2990 ς
2214 2925 2449 2996 εἴρηται,
2486 2942 2503 2974 ι
2528 2923 2658 2976 Ἰδοὺ
2691 2921 2849 2993 ἀνὴρ,
2893 2920 3154 2992 ’Λνατολὴ
3184 2919 3358 2991 ὄνομα
3383 2919 3556 2990 αὐτῷ·
3575 2940 3593 2970 ι
3618 2919 3679 2981 ὃς

379 3017 614 3079 stolum,
653 3036 672 3068 ι
701 3017 984 3086 plenitudo
1027 3016 1273 3086 gentium
1307 3015 1536 3070 intrabit
1565 3015 1609 3077 ⁸,
1645 3035 1661 3066 i
1696 3022 1750 3069 et
1785 3029 1902 3068 omn

2157 3039 2164 3071 ι
2219 3016 2558 3088 βασιλεύσειν
2613 3013 3021 3086 προφητεύεται
3065 3014 3159 3067 καὶ
3197 3032 3216 3064 ι
3271 3014 3529 3083 συνήσειν
3582 3014 3680 3066 καὶ

379 3124 543 3164 verus
570 3108 736 3164 Israel
765 3125 890 3163 cum
916 3109 1187 3178 spirituali
1214 3107 1374 3162 Juda.
1403 3106 1800 3172 Salvabuntur,
1824 3122 1894 3176 qu

2153 3111 2316 3182 ιήσειν
2342 3110 2516 3181 κρίμα
2542 3109 2637 3161 καὶ
2667 3106 3014 3178 δικαιοσύνην
3043 3107 3136 3159 ἐπὶ
3165 3109 3264 3177 τῆς
3290 3107 3416 3176 γῆς.
3451 3125 3470 3158 ι
3505 3102 3676 3169 Οὗτος

377 3210 434 3256 et
460 3203 679 3258 vocabit
724 3202 878 3272 ipsos
924 3201 1192 3257 Dominus
1232 3201 1560 3256 nominatim
1584 3240 1598 3263 ,
1633 3215 1775 3269 quos
1813 3200 1898 3269 ips

2156 3203 2248 3256 καὶ
2271 3205 2394 3265 ταῖς
2431 3204 2488 3254 έν
2524 3199 2705 3254 σκότει
2741 3197 3083 3270 καθημέναις
3113 3197 3314 3268 ψυχαῖς
3357 3195 3679 3261 ὲξανατεὶεῐ

377 3293 577 3363 dignos
612 3293 887 3362 judicabit
933 3295 988 3347 in
1030 3294 1294 3358 Josedec,
1339 3293 1483 3363 quod
1533 3294 1900 3363 interpretant‘

2149 3313 2181 3359 ις
2203 3295 2344 3348 κατὰ
2372 3295 2470 3364 τὴν
2494 3293 2774 3363 βασιλείαν
2801 3290 2965 3344 αὑτοῦ
2992 3290 3089 3362 τὴν
3119 3290 3471 3362 ἐπουράνιον·
3533 3290 3672 3342 ἐπὰν

376 3385 474 3440 Dei
493 3386 694 3455 justas.
733 3384 791 3439 in
817 3384 906 3440 die
936 3394 1118 3441 autem
1149 3387 1240 3439 illa
1263 3425 1278 3449 ,
1311 3401 1436 3439 cum
1470 3385 1788 3440 liberaverit
1819 3383 1899 3439 De

2168 3387 2310 3441 κατὰ
2358 3388 2449 3440 τὸν
2509 3386 2832 3440 Ἀπόστολον
2885 3404 2904 3436 α
2937 3385 2998 3438 τὸ
3043 3384 3315 3458 πλήρωμα
3345 3383 3458 3434 τῶν
3499 3382 3672 3436 ἐθνῶν

364 3491 471 3531 ιεοε
499 3490 529 3528 a
562 3475 766 3530 diaboli
801 3476 1068 3530 servitute
1089 3516 1102 3539 ,
1134 3476 1271 3530 adeo
1303 3481 1363 3529 ut
1403 3491 1512 3529 non
1553 3477 1668 3546 jam
1709 3476 1825 3539 illi,
1858 3491 1883 3530 s

2150 3479 2301 3550 ελθῇ,
2346 3499 2363 3530 ι
2413 3479 2509 3532 καὶ
2560 3481 2669 3541 πᾶς
2714 3481 2743 3531 6
2792 3476 3046 3546 ἀληθινὸς
3109 3475 3328 3546 Ἰσραὴλ
3381 3475 3520 3545 μετὰ
3574 3474 3671 3528 τοῦ

372 3583 508 3624 vero
541 3566 778 3622 Domino
810 3565 925 3621 Deo
956 3565 1234 3630 serviant,
1267 3567 1542 3620 oriturum
1571 3566 1654 3621 eis
1682 3565 1826 3620 Deus
1856 3565 1895 3617 D

2144 3570 2435 3641 ευματικοῦ
2473 3569 2647 3623 Ἰούδα
2689 3569 3015 3640 σωθήσεται,
3053 3568 3149 3632 οὓς
3194 3571 3288 3622 καὶ
3315 3568 3536 3621 καλέσει
3566 3570 3667 3621 αὐ-

373 3661 551 3717 ιιίᾶθηι
583 3677 765 3732 regem
795 3661 1108 3732 pollicetur,
1163 3659 1378 3714 scilicet
1423 3666 1612 3712 natum
1661 3675 1691 3714 e
1735 3658 1896 3713 David

2142 3680 2186 3726 ις
2216 3665 2244 3714 6
2273 3661 2482 3734 Κύριος
2519 3661 2801 3732 ὀνομαστὶ,
2831 3660 2924 3725 οὒς
2955 3661 3141 3726 ἀξίους
3174 3661 3374 3724 αὐτοὺς
3396 3663 3585 3730 κρινεῖ
3609 3662 3665 3713 ὲν

372 3754 582 3808 semine
635 3750 971 3807 Salvatorem
1030 3759 1280 3805 nostrum
1314 3791 1331 3816 ,
1385 3766 1547 3820 quem
1606 3752 1894 3820 peculiarit

2182 3755 2504 3819 ’IwcsBsxlv,
2557 3755 2695 3828 ὅπερ
2745 3753 3113 3826 ἑρμηνεύεται
3154 3756 3208 3806 οἱ
3249 3750 3358 3805 τοῦ
3387 3751 3541 3806 Θεοῦ
3574 3751 3665 3805 δίο

372 3844 675 3914 Scriptura
707 3845 812 3898 hoc
838 3843 1268 3914 designaverunt
1298 3844 1538 3899 nomine.
1569 3840 1629 3896 In
1662 3843 1764 3898 hac
1791 3844 1895 3914 igit‘

2139 3864 2234 3900 ιοι.
2289 3847 2376 3899 Ἐν
2398 3846 2585 3918 ἐκείνῃ
2621 3845 2678 3898 δὲ
2715 3848 2781 3916 τῇ
2811 3844 3000 3917 ήμ⁶ἐρᾳ
3035 3843 3172 3914 μετὰ
3197 3843 3259 3896 τὸ
3285 3841 3661 3913 ἐλευθερῶσαι

369 3941 658 4013 prOphctia
715 3941 889 3996 David
950 3941 1256 3996 secundum
1313 3937 1655 3994 Salvatorem
1703 3947 1892 3993 nostru

2143 3939 2299 3992 νΘεὺν
2322 3939 2446 4002 τοὺς
2476 3938 2914 4010 προειρημένους
2951 3936 3060 3988 ἀπὸ
3093 3935 3328 4006 τῆςὺπὴ
3357 3935 3451 3988 τὸν
3482 3933 3666 3988 δ;ἁ.6ο-

367 4035 722 4090 existimatus
751 4034 916 4088 homo
946 4035 1170 4089 dicitur.
1219 4031 1455 4088 Germen
1503 4041 1687 4086 autem
1724 4032 1886 4101 justit

2141 4051 2147 4077 ν
2189 4031 2588 4103 αἰχμαλωσίας,
2633 4030 2708 4092 ὼς
2759 4029 2957 4100 μηκέτι
3007 4029 3105 4099 μὲν
3155 4029 3376 4098 ἐκείνῳ,
3423 4027 3576 4096 μόνῳ
3608 4026 3664 4078 δι

364 4128 540 4184 deitas
570 4135 654 4184 est
682 4143 804 4198 qua
831 4128 885 4181 in
919 4127 1038 4197 ipso
1064 4129 1227 4198 viget,
1254 4145 1272 4178 ι
1299 4126 1713 4194 soljustitia5'i
1749 4125 1804 4179 in
1834 4126 1882 4178 al

2149 4123 2248 4195 ρίῳ
2275 4121 2353 4194 τῷ
2379 4121 2498 4192 Θεῷ
2523 4120 2704 4174 αὐτῶν
2723 4119 3030 4192 λατρεύειν,
3060 4121 3392 4190 ἀναστήσειν
3421 4119 3614 4182 αὐτοῖς
3635 4119 3663 4170 ό

365 4220 675 4290 appellata;
709 4234 834 4272 cum
886 4219 1110 4289 quidem
1139 4237 1158 4269 ι
1189 4219 1282 4272 lux
1315 4233 1476 4282 vera,
1509 4234 1632 4288 qua
1666 4218 1886 4272 illumin

2140 4218 2188 4278 ὃς
2231 4216 2572 4285 ὑπισχνεῖται
2606 4211 2830 4283 βασιλέα
2865 4212 2958 4265 τὸν
2985 4211 3168 4275 Δαυῒδ,
3195 4212 3296 4264 οὐκ
3333 4210 3498 4264 ἄλλον
3531 4211 3663 4264 ὅντα

363 4327 582 4366 omnem
631 4311 907 4367 hominem
937 4312 1244 4366 venientem
1276 4311 1332 4364 in
1366 4311 1513 4365 hunc
1554 4311 1817 4365 mundum
1852 4312 1886 4364 θλ

2134 4307 2148 4359 3
2178 4309 2242 4360 ἐκ
2272 4307 2588 4377 σπέρματος
2614 4304 2778 4357 Δαυῖδ
2819 4305 3115 4375 γενομένου
3163 4303 3420 4374 Σωτῆρος
3468 4301 3657 4374 ἡμῶν,

362 4402 476 4459 Deo
527 4404 694 4474 igitur
737 4403 908 4468 dicit,
961 4403 1106 4473 quod
1152 4419 1263 4457 non
1312 4403 1561 4456 interibit
1604 4403 1689 4456 vir
1735 4403 1847 4457 dux

2137 4401 2405 4472 διαφόρως
2444 4403 2498 4453 αἱ
2532 4402 2745 4472 Γραφαὶ
2777 4401 2871 4455 καὶ
2898 4402 3073 4471 τούτῳ
3097 4403 3405 4470 προσεῖπαν
3432 4399 3512 4469 τῷ
3537 4399 3659 4452 ὀνό-

360 4497 617 4568 princeps
660 4496 922 4553 Ecclesia
963 4498 1108 4567 ejus,
1157 4498 1464 4567 spiritualis
1489 4498 1701 4552 scilicet
1747 4496 1883 4551 dom

2135 4511 2208 4546 τι.
2245 4495 2302 4546 '0
2339 4493 2438 4564 μὲν
2473 4489 2567 4545 οὖν
2601 4495 2659 4545 έν
2689 4495 2753 4564 τῇ
2795 4493 3102 4564 προφητείᾳ
3142 4491 3306 4546 Δαυῗδ
3335 4495 3368 4545 6
3389 4492 3538 4544 κατὰ
3566 4492 3658 4552 τὸν

359 4591 528 4646 lsrael
559 4608 573 4657 ;
603 4606 703 4645 nec
735 4591 1056 4659 spirituales
1088 4587 1183 4644 Dei
1216 4589 1536 4644 sacerdotes
1573 4603 1818 4658 unquam
1849 4587 1881 4642 d

2137 4587 2276 4656 τῆρα
2299 4585 2458 4656 ἡμῶν
2480 4585 2599 4639 νοού
2610 4603 2767 4655 μενος
2793 4585 2888 4640 ἄνθ
2899 4603 3079 4657 ρωπος
3105 4585 3344 4654 λέγεται’
3373 4587 3407 4655 ή
3434 4585 3494 4638 δὲ
3522 4586 3659 4640 ἀνα·

357 4683 606 4739 fecturos
657 4698 782 4738 esse
827 4681 1114 4752 Scriptura
1161 4682 1542 4752 prophetizat.
1600 4681 1730 4736 thus
1777 4679 1880 4749 spii

2141 4678 2174 4748 ὴ
2197 4680 2230 4748 ἡ
2259 4678 2466 4741 δικαία,
2494 4678 2528 4748 ἡ
2551 4680 2670 4730 κατ’
2696 4678 2858 4732 αὑτὸν
2881 4677 3183 4749 ένεργοῦσα
3206 4677 3422 4748 θεότης,
3454 4697 3473 4728 ι
3504 4678 3660 4748 ἥλιος

357 4774 504 4828 tuale
536 4773 792 4834 ferentes.
827 4787 1161 4842 suavemque
1191 4772 1463 4826 bonorum
1493 4785 1719 4841 operum
1765 4769 1878 4824 dict

2135 4770 2386 4841 αιοσύνης
2418 4790 2436 4821 ι
2474 4772 2531 4823 έν
2576 4771 2758 4834 ἄλλοις
2787 4768 3188 4841 ὀνομαζομένη·
3239 4769 3365 4822 ἐπεὶ
3406 4769 3503 4822 καὶ
3538 4788 3558 4820 ¢
3597 4770 3658 4822 τὺ

355 4881 548 4920 rumve
577 4866 802 4919 odorem
823 4904 837 4927 ,
870 4877 1086 4917 necnon
1143 4864 1490 4918 incruentam
1526 4879 1830 4934 puramque
1859 4882 1878 4919 η

2137 4880 2164 4927 ς
2198 4863 2258 4916 τὸ
2286 4863 2536 4934 ἀληθινὸν
2565 4863 2594 4916 ὃ
2630 4863 2856 4933 φωτίζει
2888 4862 3067 4916 πάντα
3091 4863 3378 4934 ἄνθρωπον
3413 4861 3657 4932 ἐρχόμε-

355 4958 603 5010 ctimam.
648 4955 782 5021 Qua
823 4955 969 5008 enim
1014 4955 1071 5008 ni
1101 4955 1177 5008 ita
1211 4955 1592 5025 acceperimus
1614 4995 1628 5018 ,
1662 4957 1878 5012 mendat

2128 4957 2243 5019 ἐἰς
2273 4955 2363 5008 τὸν
2395 4955 2597 5026 κόσμον
2631 4975 2649 5007 i
2693 4957 2794 5009 οὐκ
2838 4954 2973 5025 ἄλλη
3021 4972 3106 5018 τις
3146 4954 3311 5008 αὑτοῦ
3358 4955 3651 5024 τυγχάνει.

355 5049 674 5118 pr0phetias
704 5053 979 5116 arguunt,
1014 5062 1140 5104 cum
1183 5048 1469 5102 terrestris
1508 5047 1734 5103 Davidis
1779 5048 1878 5101 tim

2130 5065 2139 5098 ι
2173 5046 2292 5117 Θεῷ
2330 5047 2508 5102 τοίνυν
2549 5047 2714 5118 φησιν
2749 5047 2849 5100 οὑκ
2886 5042 3443 5116 ἐξολοθρευθὴσεσθαι
3476 5045 3653 5117 ἄνδρα

353 5155 460 5195 nus
507 5139 860 5209 typicumque
889 5138 1278 5202 sacerdotium,
1311 5155 1419 5192 non
1463 5142 1576 5208 jam
1608 5139 1876 5195 subsistat:

2128 5138 2178 5191 ού
2188 5157 2346 5209 μενον
2377 5140 2469 5192 καὶ
2499 5139 2815 5211 προεστῶτα
2838 5141 2935 5210 τῆς
2959 5135 3286 5207 Ἐκκλησίας
3313 5135 3508 5201 αὐτοῦ,
3526 5138 3651 5207 ἥτις

352 5231 578 5286 Davidis
619 5231 840 5300 quidem
875 5246 904 5284 c
938 5231 1149 5285 semine
1183 5245 1341 5300 reges
1369 5231 1482 5300 jam
1513 5229 1769 5285 Jeremia
1797 5241 1875 5284 ter

2126 5231 2192 5283 τὶν
2220 5234 2249 5284 ὁ
2292 5231 2661 5300 πνευματικὸς
2704 5226 2852 5293 οἶκος
2908 5229 3146 5301 Ἰσραήλ·
3195 5228 3311 5281 ἀλλ’
3356 5228 3480 5280 οὐδὲ
3518 5230 3649 5292 τοὺς

353 5322 583 5394 poribus
624 5321 838 5376 detrusi
875 5329 1069 5388 erant;
1115 5322 1371 5378 leviticus
1409 5337 1540 5377 vero
1564 5363 1578 5386 ,
1623 5323 1876 5378 sacerdot

2122 5322 2181 5377 τὰ
2208 5324 2446 5378 διάνοιαν
2476 5326 2643 5396 ἱερεῖς
2661 5321 2756 5377 τοῦ
2783 5322 2918 5377 Θεοῦ
2943 5322 3241 5392 διαλείψειν
3265 5325 3295 5375 ὁ
3314 5322 3479 5390 λόγος
3507 5338 3645 5393 προ-

351 5415 528 5483 lisque
557 5413 740 5468 cultus
781 5429 890 5468 non
935 5415 1112 5468 multo
1159 5423 1286 5485 post
1319 5412 1626 5470 Salvatoris
1673 5415 1874 5470 incarn:

2120 5414 2284 5481 τεύει,
2315 5416 2377 5471 τὸ
2406 5417 2780 5486 πνευματικὸν
2817 5415 3194 5486 ἀναφέροντας
3225 5412 3505 5485 θυμίαμα,
3546 5414 3643 5466 καὶ

349 5507 558 5562 tionem
587 5517 818 5562 eversus
845 5514 932 5561 est
960 5524 978 5576 ;
1008 5521 1076 5560 ex
1101 5521 1212 5577 quo
1254 5521 1405 5562 nunc
1435 5521 1612 5579 usque
1651 5521 1765 5562 non
1809 5507 1872 5562 lic

2118 5526 2138 5562 ν
2170 5508 2239 5562 δι’
2267 5507 2446 5582 ἔργων
2468 5507 2692 5577 ἀγαθῶν
2725 5507 2819 5563 καὶ
2847 5507 3025 5578 λόγων
3049 5505 3112 5577 (l'.
3137 5504 3208 5560 ’56
3237 5504 3318 5578 νο)
3342 5504 3520 5577 εὐώδη
3542 5504 3641 5560 καὶ

417 5688 574 5744 'Jer.
604 5705 802 5761 ιιξιιι,
837 5689 1032 5761 Ηδ5.
1107 5688 1129 5719 ⁸
1161 5688 1293 5761 ibid.
1330 5689 1417 5756 l7,
1449 5689 1533 5746 l8.
1611 5688 1784 5747 'ibitl.
1815 5687 1940 5746 20-9

2115 5691 2122 5712 '
2149 5688 2378 5748 Malach.
2403 5707 2481 5752 ιν,
2503 5688 2556 5744 2.
2640 5689 2661 5720 ⁶
2692 5687 2932 5761 ibid._25,
2959 5687 3050 5744 26.
3128 5687 3148 5716 τ
3178 5684 3412 5742 Zachar.
3439 5698 3521 5752 vx,
3543 5679 3638 5740 Β.

345 5765 378 5822 ³,
397 5760 552 5815 Rom.
583 5758 774 5826 “‘25.
823 5761 872 5847 γ’
917 5758 1074 5814 Joan.
1109 5774 1159 5826 ι,
1198 5759 1232 5814 9
