  <div class='ocr_page' id='page_1' title='image "/cluster/home/n/w/nwhite01/storage/ocr_20150623/22/nnc1.0046978372/638.png"; bbox 0 0 3856 6226; ppageno 0'>
   <div class='ocr_carea' id='block_1_1' title="bbox 198 391 346 448">
    <p class='ocr_par' dir='ltr' id='par_1_1' title="bbox 198 391 346 448">
     <span class='ocr_line' id='line_1_1' title="bbox 198 391 346 448; baseline -0.02 0"><span class='ocrx_word' id='word_1_1' title='bbox 198 391 346 448; x_wconf 69' lang='lat' dir='ltr'>H65</span> 
     </span>
    </p>
   </div>
   <div class='ocr_carea' id='block_1_2' title="bbox 1264 374 2454 438">
    <p class='ocr_par' dir='ltr' id='par_1_2' title="bbox 1264 374 2454 438">
     <span class='ocr_line' id='line_1_2' title="bbox 1264 374 2454 438; baseline -0.004 0"><span class='ocrx_word' id='word_1_2' title='bbox 1264 376 1565 438; x_wconf 63' lang='lat' dir='ltr'>ECLOGA:</span> <span class='ocrx_word' id='word_1_3' title='bbox 1605 374 2090 434; x_wconf 62' lang='lat' dir='ltr'>PBOPHETICE.</span> <span class='ocrx_word' id='word_1_4' title='bbox 2133 380 2209 417; x_wconf 64' lang='lat'>‘—‘</span> <span class='ocrx_word' id='word_1_5' title='bbox 2237 374 2370 432; x_wconf 80' lang='lat' dir='ltr'><strong>LIB.</strong></span> <span class='ocrx_word' id='word_1_6' title='bbox 2411 374 2454 433; x_wconf 84' lang='grc' dir='ltr'>Ι.</span> 
     </span>
    </p>
   </div>
   <div class='ocr_carea' id='block_1_3' title="bbox 3348 372 3487 429">
    <p class='ocr_par' dir='ltr' id='par_1_3' title="bbox 3348 372 3487 429">
     <span class='ocr_line' id='line_1_3' title="bbox 3348 372 3487 429; baseline -0.007 -1"><span class='ocrx_word' id='word_1_7' title='bbox 3348 372 3487 429; x_wconf 75' lang='lat'><em>“66</em></span> 
     </span>
    </p>
   </div>
   <div class='ocr_carea' id='block_1_4' title="bbox 195 488 1778 582">
    <p class='ocr_par' dir='ltr' id='par_1_4' title="bbox 195 497 1778 582">
     <span class='ocr_line' id='line_1_4' title="bbox 195 497 1778 582; baseline -0.008 -18"><span class='ocrx_word' id='word_1_8' title='bbox 195 510 548 582; x_wconf 77' lang='grc' dir='ltr'>ἀναίμακτον</span> <span class='ocrx_word' id='word_1_9' title='bbox 589 501 686 561; x_wconf 67' lang='grc' dir='ltr'>καὶ</span> <span class='ocrx_word' id='word_1_10' title='bbox 725 497 972 576; x_wconf 74' lang='grc' dir='ltr'>καθαρὰν</span> <span class='ocrx_word' id='word_1_11' title='bbox 1014 497 1227 555; x_wconf 88' lang='grc' dir='ltr'>θυσίαν.</span> <span class='ocrx_word' id='word_1_12' title='bbox 1269 501 1334 553; x_wconf 82' lang='grc' dir='ltr'><strong>Εἰ</strong></span> <span class='ocrx_word' id='word_1_13' title='bbox 1370 499 1480 572; x_wconf 81' lang='grc' dir='ltr'>γὰρ</span> <span class='ocrx_word' id='word_1_14' title='bbox 1529 501 1602 572; x_wconf 80' lang='grc' dir='ltr'>μὴ</span> <span class='ocrx_word' id='word_1_15' title='bbox 1646 497 1778 554; x_wconf 81' lang='grc' dir='ltr'>ταῦθ</span> 
     </span>
    </p>
   </div>
   <div class='ocr_carea' id='block_1_5' title="bbox 1886 488 3488 582">
    <p class='ocr_par' dir='ltr' id='par_1_5' title="bbox 1905 488 3488 562">
     <span class='ocr_line' id='line_1_5' title="bbox 1905 488 3488 562; baseline -0.002 -12"><span class='ocrx_word' id='word_1_16' title='bbox 1905 510 2005 550; x_wconf 87' lang='lat' dir='ltr'>eos</span> <span class='ocrx_word' id='word_1_17' title='bbox 2037 493 2194 549; x_wconf 88' lang='lat' dir='ltr'><strong>adire</strong></span> <span class='ocrx_word' id='word_1_18' title='bbox 2223 490 2556 548; x_wconf 83' lang='lat' dir='ltr'>Jerusalem.</span> <span class='ocrx_word' id='word_1_19' title='bbox 2587 489 2745 558; x_wconf 84' lang='lat' dir='ltr'><strong>Quod</strong></span> <span class='ocrx_word' id='word_1_20' title='bbox 2788 490 2835 545; x_wconf 86' lang='lat' dir='ltr'>si</span> <span class='ocrx_word' id='word_1_21' title='bbox 2876 489 3145 560; x_wconf 86' lang='lat' dir='ltr'><strong>objiciant</strong></span> <span class='ocrx_word' id='word_1_22' title='bbox 3180 488 3357 546; x_wconf 65' lang='lat' dir='ltr'><strong>Judaei</strong></span> <span class='ocrx_word' id='word_1_23' title='bbox 3389 506 3488 562; x_wconf 78' lang='lat' dir='ltr'>per</span> 
     </span>
    </p>
   </div>
   <div class='ocr_carea' id='block_1_6' title="bbox 196 590 1800 671">
    <p class='ocr_par' dir='ltr' id='par_1_6' title="bbox 196 590 1800 671">
     <span class='ocr_line' id='line_1_6' title="bbox 196 590 1800 671; baseline -0.007 -17"><span class='ocrx_word' id='word_1_24' title='bbox 196 601 381 666; x_wconf 77' lang='grc' dir='ltr'>οὕτως</span> <span class='ocrx_word' id='word_1_25' title='bbox 409 599 756 671; x_wconf 78' lang='grc' dir='ltr'>ὲκλὰϐοιμεν,</span> <span class='ocrx_word' id='word_1_26' title='bbox 787 595 906 668; x_wconf 85' lang='grc' dir='ltr'>ῶρα</span> <span class='ocrx_word' id='word_1_27' title='bbox 931 594 1147 665; x_wconf 83' lang='grc' dir='ltr'>ψευδεῖς</span> <span class='ocrx_word' id='word_1_28' title='bbox 1182 591 1506 662; x_wconf 81' lang='grc' dir='ltr'>ἀπελέγχειν</span> <span class='ocrx_word' id='word_1_29' title='bbox 1543 590 1645 655; x_wconf 85' lang='grc' dir='ltr'>τὰς</span> <span class='ocrx_word' id='word_1_30' title='bbox 1672 607 1800 663; x_wconf 90' lang='grc' dir='ltr'>προ-</span> 
     </span>
    </p>
   </div>
   <div class='ocr_carea' id='block_1_7' title="bbox 201 682 1797 766">
    <p class='ocr_par' dir='ltr' id='par_1_7' title="bbox 201 682 1797 766">
     <span class='ocr_line' id='line_1_7' title="bbox 201 682 1797 766; baseline -0.005 -20"><span class='ocrx_word' id='word_1_31' title='bbox 201 693 461 766; x_wconf 74' lang='grc' dir='ltr'>φητείας,</span> <span class='ocrx_word' id='word_1_32' title='bbox 483 689 563 762; x_wconf 81' lang='grc' dir='ltr'>τῷ</span> <span class='ocrx_word' id='word_1_33' title='bbox 595 690 733 762; x_wconf 88' lang='grc' dir='ltr'>μήτε</span> <span class='ocrx_word' id='word_1_34' title='bbox 756 688 848 741; x_wconf 78' lang='grc' dir='ltr'>τὸν</span> <span class='ocrx_word' id='word_1_35' title='bbox 874 686 1062 759; x_wconf 85' lang='grc' dir='ltr'>θρόνον</span> <span class='ocrx_word' id='word_1_36' title='bbox 1086 683 1248 739; x_wconf 77' lang='grc' dir='ltr'>Δαυῒδ</span> <span class='ocrx_word' id='word_1_37' title='bbox 1278 682 1625 755; x_wconf 70' lang='grc' dir='ltr'>σωματικῶς,</span> <span class='ocrx_word' id='word_1_38' title='bbox 1659 685 1797 756; x_wconf 82' lang='grc' dir='ltr'>μήτε</span> 
     </span>
    </p>
   </div>
   <div class='ocr_carea' id='block_1_8' title="bbox 198 770 1798 855">
    <p class='ocr_par' dir='ltr' id='par_1_8' title="bbox 198 770 1798 855">
     <span class='ocr_line' id='line_1_8' title="bbox 198 770 1798 855; baseline -0.006 -19"><span class='ocrx_word' id='word_1_39' title='bbox 198 784 309 855; x_wconf 79' lang='grc' dir='ltr'>τὴν</span> <span class='ocrx_word' id='word_1_40' title='bbox 354 780 638 854; x_wconf 83' lang='grc' dir='ltr'>ἱερατικὴν</span> <span class='ocrx_word' id='word_1_41' title='bbox 678 776 1056 848; x_wconf 88' lang='grc' dir='ltr'>λειτουργείαν</span> <span class='ocrx_word' id='word_1_42' title='bbox 1093 773 1190 845; x_wconf 83' lang='grc' dir='ltr'>τὴν</span> <span class='ocrx_word' id='word_1_43' title='bbox 1220 775 1457 844; x_wconf 81' lang='grc' dir='ltr'>τυπικὴν</span> <span class='ocrx_word' id='word_1_44' title='bbox 1494 772 1664 825; x_wconf 78' lang='grc' dir='ltr'>εἰσέτι</span> <span class='ocrx_word' id='word_1_45' title='bbox 1702 770 1798 826; x_wconf 82' lang='grc' dir='ltr'>νῦν</span> 
     </span>
    </p>
   </div>
   <div class='ocr_carea' id='block_1_9' title="bbox 203 862 1797 942">
    <p class='ocr_par' dir='ltr' id='par_1_9' title="bbox 203 862 1797 942">
     <span class='ocr_line' id='line_1_9' title="bbox 203 862 1797 942; baseline -0.006 -15"><span class='ocrx_word' id='word_1_46' title='bbox 203 872 554 926; x_wconf 83' lang='grc' dir='ltr'>συνεστάναι·</span> <span class='ocrx_word' id='word_1_47' title='bbox 590 869 698 922; x_wconf 88' lang='grc' dir='ltr'>τῶν</span> <span class='ocrx_word' id='word_1_48' title='bbox 738 868 838 942; x_wconf 82' lang='grc' dir='ltr'>μὲν</span> <span class='ocrx_word' id='word_1_49' title='bbox 877 869 942 920; x_wconf 82' lang='grc' dir='ltr'>ὲκ</span> <span class='ocrx_word' id='word_1_50' title='bbox 980 866 1296 939; x_wconf 84' lang='grc' dir='ltr'>σπέρματος</span> <span class='ocrx_word' id='word_1_51' title='bbox 1334 864 1498 918; x_wconf 74' lang='grc' dir='ltr'>Δαυῖδ</span> <span class='ocrx_word' id='word_1_52' title='bbox 1531 862 1797 935; x_wconf 83' lang='grc' dir='ltr'>βασιλέων</span> 
     </span>
    </p>
   </div>
   <div class='ocr_carea' id='block_1_10' title="bbox 197 956 1800 1033">
    <p class='ocr_par' dir='ltr' id='par_1_10' title="bbox 197 956 1800 1033">
     <span class='ocr_line' id='line_1_10' title="bbox 197 956 1800 1033; baseline -0.005 -14"><span class='ocrx_word' id='word_1_53' title='bbox 197 962 267 1030; x_wconf 82' lang='grc' dir='ltr'>ἐξ</span> <span class='ocrx_word' id='word_1_54' title='bbox 284 963 464 1018; x_wconf 82' lang='grc' dir='ltr'>αὐτῶν</span> <span class='ocrx_word' id='word_1_55' title='bbox 485 963 596 1017; x_wconf 88' lang='grc' dir='ltr'>τῶν</span> <span class='ocrx_word' id='word_1_56' title='bbox 635 960 898 1033; x_wconf 89' lang='grc' dir='ltr'>Ἱερεμίου</span> <span class='ocrx_word' id='word_1_57' title='bbox 928 959 1137 1030; x_wconf 83' lang='grc' dir='ltr'>χρόνων</span> <span class='ocrx_word' id='word_1_58' title='bbox 1161 957 1593 1021; x_wconf 81' lang='grc' dir='ltr'>διαλελοιπότων,</span> <span class='ocrx_word' id='word_1_59' title='bbox 1622 959 1724 1029; x_wconf 83' lang='grc' dir='ltr'>τῆς</span> <span class='ocrx_word' id='word_1_60' title='bbox 1743 956 1800 1011; x_wconf 81' lang='grc' dir='ltr'>δὲ</span> 
     </span>
    </p>
   </div>
   <div class='ocr_carea' id='block_1_11' title="bbox 197 1048 1796 1127">
    <p class='ocr_par' dir='ltr' id='par_1_11' title="bbox 197 1048 1796 1127">
     <span class='ocr_line' id='line_1_11' title="bbox 197 1048 1796 1127; baseline -0.004 -17"><span class='ocrx_word' id='word_1_61' title='bbox 197 1055 483 1127; x_wconf 79' lang='grc' dir='ltr'>λευῖτικῆς</span> <span class='ocrx_word' id='word_1_62' title='bbox 526 1055 622 1108; x_wconf 72' lang='grc' dir='ltr'>καὶ</span> <span class='ocrx_word' id='word_1_63' title='bbox 665 1052 945 1124; x_wconf 76' lang='grc' dir='ltr'>ἱερατικῆς</span> <span class='ocrx_word' id='word_1_64' title='bbox 991 1048 1336 1123; x_wconf 80' lang='grc' dir='ltr'>λειτουργίας</span> <span class='ocrx_word' id='word_1_65' title='bbox 1381 1050 1499 1120; x_wconf 78' lang='grc' dir='ltr'>μετ’</span> <span class='ocrx_word' id='word_1_66' title='bbox 1555 1050 1617 1102; x_wconf 81' lang='grc' dir='ltr'>οὐ</span> <span class='ocrx_word' id='word_1_67' title='bbox 1661 1049 1796 1103; x_wconf 68' lang='grc' dir='ltr'>πολὺ</span> 
     </span>
    </p>
   </div>
   <div class='ocr_carea' id='block_1_12' title="bbox 195 1136 1800 1220">
    <p class='ocr_par' dir='ltr' id='par_1_12' title="bbox 195 1136 1800 1220">
     <span class='ocr_line' id='line_1_12' title="bbox 195 1136 1800 1220; baseline -0.004 -19"><span class='ocrx_word' id='word_1_68' title='bbox 195 1150 308 1220; x_wconf 81' lang='grc' dir='ltr'>τῆς</span> <span class='ocrx_word' id='word_1_69' title='bbox 326 1147 421 1200; x_wconf 78' lang='grc' dir='ltr'>τοῦ</span> <span class='ocrx_word' id='word_1_70' title='bbox 441 1144 875 1220; x_wconf 22' lang='grc' dir='ltr'>Σωτῆροςθήμῶν</span> <span class='ocrx_word' id='word_1_71' title='bbox 901 1143 1222 1214; x_wconf 88' lang='grc' dir='ltr'>παρουσίας·</span> <span class='ocrx_word' id='word_1_72' title='bbox 1249 1141 1309 1206; x_wconf 83' lang='grc' dir='ltr'>ἐξ</span> <span class='ocrx_word' id='word_1_73' title='bbox 1333 1136 1401 1214; x_wconf 81' lang='grc' dir='ltr'>ἧς</span> <span class='ocrx_word' id='word_1_74' title='bbox 1422 1141 1515 1194; x_wconf 75' lang='grc' dir='ltr'>καὶ</span> <span class='ocrx_word' id='word_1_75' title='bbox 1540 1141 1621 1205; x_wconf 86' lang='grc' dir='ltr'>είς</span> <span class='ocrx_word' id='word_1_76' title='bbox 1639 1140 1800 1213; x_wconf 82' lang='grc' dir='ltr'>δεῦρο</span> 
     </span>
    </p>
   </div>
   <div class='ocr_carea' id='block_1_13' title="bbox 192 1232 1798 1307">
    <p class='ocr_par' dir='ltr' id='par_1_13' title="bbox 192 1232 1798 1307">
     <span class='ocr_line' id='line_1_13' title="bbox 192 1232 1798 1307; baseline -0.005 -13"><span class='ocrx_word' id='word_1_77' title='bbox 192 1240 329 1293; x_wconf 83' lang='grc' dir='ltr'>οὐδὲ</span> <span class='ocrx_word' id='word_1_78' title='bbox 358 1238 659 1292; x_wconf 75' lang='grc' dir='ltr'>ἐπιϐαίνειν</span> <span class='ocrx_word' id='word_1_79' title='bbox 682 1238 865 1300; x_wconf 78' lang='grc' dir='ltr'>αὐτοῖς</span> <span class='ocrx_word' id='word_1_80' title='bbox 902 1235 1002 1305; x_wconf 73' lang='grc' dir='ltr'>τῆς</span> <span class='ocrx_word' id='word_1_81' title='bbox 1044 1233 1400 1307; x_wconf 83' lang='grc' dir='ltr'>Ἰερουσαλὴμ</span> <span class='ocrx_word' id='word_1_82' title='bbox 1421 1232 1648 1300; x_wconf 79' lang='grc' dir='ltr'>ἔξεστιν.</span> <span class='ocrx_word' id='word_1_83' title='bbox 1686 1233 1798 1287; x_wconf 78' lang='grc' dir='ltr'>Καὶ</span> 
     </span>
    </p>
   </div>
   <div class='ocr_carea' id='block_1_14' title="bbox 197 1325 1797 1401">
    <p class='ocr_par' dir='ltr' id='par_1_14' title="bbox 197 1325 1797 1401">
     <span class='ocr_line' id='line_1_14' title="bbox 197 1325 1797 1401; baseline -0.005 -17"><span class='ocrx_word' id='word_1_84' title='bbox 197 1331 253 1383; x_wconf 81' lang='grc' dir='ltr'>εί</span> <span class='ocrx_word' id='word_1_85' title='bbox 290 1327 550 1401; x_wconf 82' lang='grc' dir='ltr'>φάσκοιέν</span> <span class='ocrx_word' id='word_1_86' title='bbox 584 1346 648 1398; x_wconf 88' lang='grc' dir='ltr'>γε</span> <span class='ocrx_word' id='word_1_87' title='bbox 681 1329 729 1381; x_wconf 87' lang='grc' dir='ltr'>οἱ</span> <span class='ocrx_word' id='word_1_88' title='bbox 762 1330 827 1381; x_wconf 82' lang='grc' dir='ltr'>ἐκ</span> <span class='ocrx_word' id='word_1_89' title='bbox 859 1327 1161 1399; x_wconf 83' lang='grc' dir='ltr'>περιτομῆς</span> <span class='ocrx_word' id='word_1_90' title='bbox 1187 1325 1253 1378; x_wconf 87' lang='grc' dir='ltr'>δι’</span> <span class='ocrx_word' id='word_1_91' title='bbox 1287 1325 1345 1378; x_wconf 83' lang='grc' dir='ltr'>ὃν</span> <span class='ocrx_word' id='word_1_92' title='bbox 1368 1341 1499 1389; x_wconf 88' lang='grc' dir='ltr'>φασι</span> <span class='ocrx_word' id='word_1_93' title='bbox 1530 1325 1797 1397; x_wconf 88' lang='grc' dir='ltr'>πατριάρ-</span> 
     </span>
    </p>
   </div>
   <div class='ocr_carea' id='block_1_15' title="bbox 195 1416 1794 1494">
    <p class='ocr_par' dir='ltr' id='par_1_15' title="bbox 195 1416 1794 1494">
     <span class='ocr_line' id='line_1_15' title="bbox 195 1416 1794 1494; baseline -0.003 -18"><span class='ocrx_word' id='word_1_94' title='bbox 195 1440 310 1494; x_wconf 86' lang='grc' dir='ltr'>χην</span> <span class='ocrx_word' id='word_1_95' title='bbox 336 1422 411 1494; x_wconf 82' lang='grc' dir='ltr'>μὴ</span> <span class='ocrx_word' id='word_1_96' title='bbox 436 1420 809 1475; x_wconf 79' lang='grc' dir='ltr'>ἐκλελοιπέναι</span> <span class='ocrx_word' id='word_1_97' title='bbox 829 1419 889 1472; x_wconf 84' lang='grc' dir='ltr'>τὸ</span> <span class='ocrx_word' id='word_1_98' title='bbox 916 1419 1137 1491; x_wconf 85' lang='grc' dir='ltr'>σπέρμα</span> <span class='ocrx_word' id='word_1_99' title='bbox 1158 1418 1339 1481; x_wconf 78' lang='grc' dir='ltr'>Δαυῒδ,</span> <span class='ocrx_word' id='word_1_100' title='bbox 1371 1417 1486 1471; x_wconf 85' lang='grc' dir='ltr'>ἀλλ’</span> <span class='ocrx_word' id='word_1_101' title='bbox 1508 1416 1794 1487; x_wconf 79' lang='grc' dir='ltr'>ἐλεγκτέον</span> 
     </span>
    </p>
   </div>
   <div class='ocr_carea' id='block_1_16' title="bbox 1905 583 3489 657">
    <p class='ocr_par' dir='ltr' id='par_1_16' title="bbox 1905 583 3489 657">
     <span class='ocr_line' id='line_1_16' title="bbox 1905 583 3489 657; baseline 0 -16"><span class='ocrx_word' id='word_1_102' title='bbox 1905 599 2073 657; x_wconf 87' lang='lat' dir='ltr'>quem</span> <span class='ocrx_word' id='word_1_103' title='bbox 2119 584 2315 640; x_wconf 87' lang='lat' dir='ltr'><strong>dicunt</strong></span> <span class='ocrx_word' id='word_1_104' title='bbox 2358 583 2732 656; x_wconf 83' lang='lat' dir='ltr'><strong>patriarcham</strong></span> <span class='ocrx_word' id='word_1_105' title='bbox 2782 597 2895 639; x_wconf 89' lang='lat' dir='ltr'>non</span> <span class='ocrx_word' id='word_1_106' title='bbox 2945 583 3217 641; x_wconf 74' lang='lat' dir='ltr'>defecisse</span> <span class='ocrx_word' id='word_1_107' title='bbox 3262 583 3489 641; x_wconf 85' lang='lat' dir='ltr'><strong>Davidis</strong></span> 
     </span>
    </p>
   </div>
   <div class='ocr_carea' id='block_1_17' title="bbox 1905 678 3488 749">
    <p class='ocr_par' dir='ltr' id='par_1_17' title="bbox 1905 678 3488 749">
     <span class='ocr_line' id='line_1_17' title="bbox 1905 678 3488 749; baseline -0.002 -13"><span class='ocrx_word' id='word_1_108' title='bbox 1905 694 2093 737; x_wconf 85' lang='lat' dir='ltr'>semen</span> <span class='ocrx_word' id='word_1_109' title='bbox 2114 718 2130 743; x_wconf 87' lang='lat'>,</span> <span class='ocrx_word' id='word_1_110' title='bbox 2166 678 2613 749; x_wconf 86' lang='lat' dir='ltr'><strong>respondendum</strong></span> <span class='ocrx_word' id='word_1_111' title='bbox 2644 692 2755 733; x_wconf 92' lang='lat' dir='ltr'>non</span> <span class='ocrx_word' id='word_1_112' title='bbox 2783 692 2949 748; x_wconf 88' lang='lat' dir='ltr'>posse</span> <span class='ocrx_word' id='word_1_113' title='bbox 2976 693 3075 734; x_wconf 89' lang='lat' dir='ltr'><strong>eos</strong></span> <span class='ocrx_word' id='word_1_114' title='bbox 3121 678 3269 734; x_wconf 90' lang='lat' dir='ltr'><strong>hunc</strong></span> <span class='ocrx_word' id='word_1_115' title='bbox 3296 684 3488 736; x_wconf 80' lang='lat' dir='ltr'><strong>osten-</strong></span> 
     </span>
    </p>
   </div>
   <div class='ocr_carea' id='block_1_18' title="bbox 1905 770 3488 841">
    <p class='ocr_par' dir='ltr' id='par_1_18' title="bbox 1905 770 3488 841">
     <span class='ocr_line' id='line_1_18' title="bbox 1905 770 3488 841; baseline -0.001 -14"><span class='ocrx_word' id='word_1_116' title='bbox 1905 772 2037 828; x_wconf 83' lang='lat' dir='ltr'>dere</span> <span class='ocrx_word' id='word_1_117' title='bbox 2079 773 2137 826; x_wconf 92' lang='lat' dir='ltr'>in</span> <span class='ocrx_word' id='word_1_118' title='bbox 2187 770 2414 827; x_wconf 89' lang='lat' dir='ltr'><strong>Davidis</strong></span> <span class='ocrx_word' id='word_1_119' title='bbox 2461 771 2604 827; x_wconf 84' lang='lat' dir='ltr'><strong>solio</strong></span> <span class='ocrx_word' id='word_1_120' title='bbox 2647 772 2966 838; x_wconf 73' lang='lat' dir='ltr'><strong>sedentem,</strong></span> <span class='ocrx_word' id='word_1_121' title='bbox 3019 772 3077 825; x_wconf 93' lang='lat' dir='ltr'>in</span> <span class='ocrx_word' id='word_1_122' title='bbox 3119 772 3321 826; x_wconf 93' lang='lat' dir='ltr'><strong>throno</strong></span> <span class='ocrx_word' id='word_1_123' title='bbox 3364 770 3488 841; x_wconf 78' lang='lat' dir='ltr'><strong>ejus</strong></span> 
     </span>
    </p>
   </div>
   <div class='ocr_carea' id='block_1_19' title="bbox 1908 863 3484 935">
    <p class='ocr_par' dir='ltr' id='par_1_19' title="bbox 1908 863 3484 935">
     <span class='ocr_line' id='line_1_19' title="bbox 1908 863 3484 935; baseline 0 -17"><span class='ocrx_word' id='word_1_124' title='bbox 1908 873 2258 935; x_wconf 84' lang='lat' dir='ltr'><strong>regnantem,</strong></span> <span class='ocrx_word' id='word_1_125' title='bbox 2290 870 2457 935; x_wconf 89' lang='lat' dir='ltr'><strong>atque</strong></span> <span class='ocrx_word' id='word_1_126' title='bbox 2484 863 2654 921; x_wconf 87' lang='lat' dir='ltr'><strong>Israel</strong></span> <span class='ocrx_word' id='word_1_127' title='bbox 2705 864 3105 921; x_wconf 75' lang='lat' dir='ltr'>dominantem.</span> <span class='ocrx_word' id='word_1_128' title='bbox 3163 863 3291 920; x_wconf 69' lang='lat' dir='ltr'><strong>Haec</strong></span> <span class='ocrx_word' id='word_1_129' title='bbox 3338 867 3484 919; x_wconf 90' lang='lat' dir='ltr'><strong>enim</strong></span> 
     </span>
    </p>
   </div>
   <div class='ocr_carea' id='block_1_20' title="bbox 1902 953 3484 1026">
    <p class='ocr_par' dir='ltr' id='par_1_20' title="bbox 1902 953 3484 1026">
     <span class='ocr_line' id='line_1_20' title="bbox 1902 953 3484 1026; baseline 0.001 -19"><span class='ocrx_word' id='word_1_130' title='bbox 1902 953 2190 1024; x_wconf 73' lang='lat' dir='ltr'><strong>prophetia</strong></span> <span class='ocrx_word' id='word_1_131' title='bbox 2219 953 2355 1009; x_wconf 84' lang='lat' dir='ltr'><strong>dicit</strong></span> <span class='ocrx_word' id='word_1_132' title='bbox 2386 970 2670 1025; x_wconf 86' lang='lat' dir='ltr'><strong>nunquam</strong></span> <span class='ocrx_word' id='word_1_133' title='bbox 2699 970 2825 1011; x_wconf 89' lang='lat' dir='ltr'><strong>esse</strong></span> <span class='ocrx_word' id='word_1_134' title='bbox 2863 953 3148 1009; x_wconf 75' lang='lat' dir='ltr'><strong>defectura</strong></span> <span class='ocrx_word' id='word_1_135' title='bbox 3172 993 3187 1018; x_wconf 89' lang='lat'>,</span> <span class='ocrx_word' id='word_1_136' title='bbox 3212 970 3356 1026; x_wconf 67' lang='lat' dir='ltr'><strong>qua:</strong></span> <span class='ocrx_word' id='word_1_137' title='bbox 3395 962 3484 1009; x_wconf 83' lang='lat' dir='ltr'><strong>ta-</strong></span> 
     </span>
    </p>
   </div>
   <div class='ocr_carea' id='block_1_21' title="bbox 1901 1046 3482 1120">
    <p class='ocr_par' dir='ltr' id='par_1_21' title="bbox 1901 1046 3482 1120">
     <span class='ocr_line' id='line_1_21' title="bbox 1901 1046 3482 1120; baseline 0.001 -19"><span class='ocrx_word' id='word_1_138' title='bbox 1901 1062 2027 1102; x_wconf 89' lang='lat' dir='ltr'>men</span> <span class='ocrx_word' id='word_1_139' title='bbox 2057 1062 2087 1100; x_wconf 91' lang='lat' dir='ltr'>a</span> <span class='ocrx_word' id='word_1_140' title='bbox 2127 1048 2463 1119; x_wconf 81' lang='lat' dir='ltr'><strong>captivitatis</strong></span> <span class='ocrx_word' id='word_1_141' title='bbox 2500 1056 2747 1120; x_wconf 87' lang='lat' dir='ltr'><strong>tempore</strong></span> <span class='ocrx_word' id='word_1_142' title='bbox 2795 1047 3087 1103; x_wconf 79' lang='lat' dir='ltr'><strong>manifeste</strong></span> <span class='ocrx_word' id='word_1_143' title='bbox 3122 1046 3482 1110; x_wconf 81' lang='lat' dir='ltr'><strong>defecerunt.</strong></span> 
     </span>
    </p>
   </div>
   <div class='ocr_carea' id='block_1_22' title="bbox 1900 1139 3485 1211">
    <p class='ocr_par' dir='ltr' id='par_1_22' title="bbox 1900 1139 3485 1211">
     <span class='ocr_line' id='line_1_22' title="bbox 1900 1139 3485 1211; baseline -0.001 -16"><span class='ocrx_word' id='word_1_144' title='bbox 1900 1154 1969 1195; x_wconf 80' lang='lat' dir='ltr'><strong>ex</strong></span> <span class='ocrx_word' id='word_1_145' title='bbox 1998 1156 2108 1211; x_wconf 88' lang='lat' dir='ltr'>quo</span> <span class='ocrx_word' id='word_1_146' title='bbox 2131 1140 2318 1196; x_wconf 89' lang='lat' dir='ltr'><strong>nullus</strong></span> <span class='ocrx_word' id='word_1_147' title='bbox 2344 1155 2588 1211; x_wconf 79' lang='lat' dir='ltr'><strong>unquam</strong></span> <span class='ocrx_word' id='word_1_148' title='bbox 2617 1140 2842 1197; x_wconf 90' lang='lat' dir='ltr'><strong>Davidis</strong></span> <span class='ocrx_word' id='word_1_149' title='bbox 2869 1156 2901 1196; x_wconf 93' lang='lat' dir='ltr'><strong>e</strong></span> <span class='ocrx_word' id='word_1_150' title='bbox 2933 1141 3145 1197; x_wconf 84' lang='lat' dir='ltr'><strong>semine</strong></span> <span class='ocrx_word' id='word_1_151' title='bbox 3181 1154 3282 1195; x_wconf 79' lang='lat' dir='ltr'><strong>rex</strong></span> <span class='ocrx_word' id='word_1_152' title='bbox 3312 1139 3485 1195; x_wconf 88' lang='lat' dir='ltr'><strong>lsrael</strong></span> 
     </span>
    </p>
   </div>
   <div class='ocr_carea' id='block_1_23' title="bbox 1902 1234 3486 1304">
    <p class='ocr_par' dir='ltr' id='par_1_23' title="bbox 1902 1234 3486 1304">
     <span class='ocr_line' id='line_1_23' title="bbox 1902 1234 3486 1304; baseline -0.002 -11"><span class='ocrx_word' id='word_1_153' title='bbox 1902 1237 2198 1293; x_wconf 84' lang='lat' dir='ltr'><strong>invenitur.</strong></span> <span class='ocrx_word' id='word_1_154' title='bbox 2252 1236 2397 1304; x_wconf 88' lang='lat' dir='ltr'><strong>Quid</strong></span> <span class='ocrx_word' id='word_1_155' title='bbox 2442 1245 2497 1293; x_wconf 93' lang='lat' dir='ltr'><strong>et</strong></span> <span class='ocrx_word' id='word_1_156' title='bbox 2538 1234 2608 1293; x_wconf 89' lang='lat' dir='ltr'>de</span> <span class='ocrx_word' id='word_1_157' title='bbox 2652 1237 2965 1293; x_wconf 88' lang='lat' dir='ltr'><strong>sacerdotio</strong></span> <span class='ocrx_word' id='word_1_158' title='bbox 3003 1237 3288 1300; x_wconf 87' lang='lat' dir='ltr'><strong>dicerent,</strong></span> <span class='ocrx_word' id='word_1_159' title='bbox 3334 1249 3486 1291; x_wconf 89' lang='lat' dir='ltr'><strong>nunc</strong></span> 
     </span>
    </p>
   </div>
   <div class='ocr_carea' id='block_1_24' title="bbox 1902 1324 3485 1398">
    <p class='ocr_par' dir='ltr' id='par_1_24' title="bbox 1902 1324 3485 1398">
     <span class='ocr_line' id='line_1_24' title="bbox 1902 1324 3485 1398; baseline 0 -18"><span class='ocrx_word' id='word_1_160' title='bbox 1902 1327 2123 1397; x_wconf 81' lang='lat' dir='ltr'><strong>penitus</strong></span> <span class='ocrx_word' id='word_1_161' title='bbox 2162 1324 2378 1391; x_wconf 82' lang='lat' dir='ltr'><strong>deleto,</strong></span> <span class='ocrx_word' id='word_1_162' title='bbox 2428 1325 2578 1397; x_wconf 91' lang='lat' dir='ltr'><strong>quod</strong></span> <span class='ocrx_word' id='word_1_163' title='bbox 2620 1334 2803 1383; x_wconf 89' lang='lat' dir='ltr'><strong>tamen</strong></span> <span class='ocrx_word' id='word_1_164' title='bbox 2847 1340 3131 1398; x_wconf 82' lang='lat' dir='ltr'><strong>nunquam</strong></span> <span class='ocrx_word' id='word_1_165' title='bbox 3175 1327 3485 1398; x_wconf 87' lang='lat' dir='ltr'><strong>periturum</strong></span> 
     </span>
    </p>
   </div>
   <div class='ocr_carea' id='block_1_25' title="bbox 1899 1418 3456 1490">
    <p class='ocr_par' dir='ltr' id='par_1_25' title="bbox 1899 1418 3456 1490">
     <span class='ocr_line' id='line_1_25' title="bbox 1899 1418 3456 1490; baseline 0.001 -18"><span class='ocrx_word' id='word_1_166' title='bbox 1899 1418 2191 1490; x_wconf 82' lang='lat' dir='ltr'><strong>prophetia</strong></span> <span class='ocrx_word' id='word_1_167' title='bbox 2220 1420 2553 1490; x_wconf 70' lang='lat' dir='ltr'><strong>praenuntiat</strong></span> <span class='ocrx_word' id='word_1_168' title='bbox 2574 1418 2600 1473; x_wconf 70' lang='grc' dir='ltr'>’ί</span> <span class='ocrx_word' id='word_1_169' title='bbox 3450 1422 3456 1431; x_wconf 84' lang='grc'><em>’</em></span> 
     </span>
    </p>
   </div>
   <div class='ocr_carea' id='block_1_26' title="bbox 192 1507 3485 1586">
    <p class='ocr_par' dir='ltr' id='par_1_26' title="bbox 192 1507 3485 1586">
     <span class='ocr_line' id='line_1_26' title="bbox 192 1507 3485 1586; baseline -0.001 -19"><span class='ocrx_word' id='word_1_170' title='bbox 192 1532 261 1567; x_wconf 78' lang='grc' dir='ltr'>τε</span> <span class='ocrx_word' id='word_1_171' title='bbox 296 1512 403 1586; x_wconf 86' lang='grc' dir='ltr'>(γε)</span> <span class='ocrx_word' id='word_1_172' title='bbox 435 1515 631 1577; x_wconf 75' lang='grc' dir='ltr'>αὐτοὺς</span> <span class='ocrx_word' id='word_1_173' title='bbox 671 1511 747 1586; x_wconf 84' lang='grc' dir='ltr'>μὴ</span> <span class='ocrx_word' id='word_1_174' title='bbox 779 1512 1111 1583; x_wconf 77' lang='grc' dir='ltr'>δυναμένους</span> <span class='ocrx_word' id='word_1_175' title='bbox 1151 1509 1431 1575; x_wconf 79' lang='grc' dir='ltr'>ἀποδεῖξαι</span> <span class='ocrx_word' id='word_1_176' title='bbox 1474 1507 1784 1581; x_wconf 87' lang='grc' dir='ltr'>καθήμενον</span> <span class='ocrx_word' id='word_1_177' title='bbox 1822 1508 1984 1564; x_wconf 82' lang='grc' dir='ltr'>αὑτὸν</span> <span class='ocrx_word' id='word_1_178' title='bbox 2010 1510 2103 1564; x_wconf 86' lang='grc' dir='ltr'>ἐπὶ</span> <span class='ocrx_word' id='word_1_179' title='bbox 2125 1510 2317 1582; x_wconf 85' lang='grc' dir='ltr'>θρόνου</span> <span class='ocrx_word' id='word_1_180' title='bbox 2347 1511 2534 1577; x_wconf 83' lang='grc' dir='ltr'>Δαυϊδ,</span> <span class='ocrx_word' id='word_1_181' title='bbox 2565 1512 2660 1566; x_wconf 82' lang='grc' dir='ltr'>καὶ</span> <span class='ocrx_word' id='word_1_182' title='bbox 2687 1510 3041 1582; x_wconf 81' lang='grc' dir='ltr'>βασιλεύοντα</span> <span class='ocrx_word' id='word_1_183' title='bbox 3060 1510 3155 1565; x_wconf 69' lang='grc' dir='ltr'>ἐπὶ</span> <span class='ocrx_word' id='word_1_184' title='bbox 3210 1509 3306 1565; x_wconf 80' lang='grc' dir='ltr'>τοῦ</span> <span class='ocrx_word' id='word_1_185' title='bbox 3366 1509 3485 1583; x_wconf 70' lang='grc' dir='ltr'>θρόε</span> 
     </span>
    </p>
   </div>
   <div class='ocr_carea' id='block_1_27' title="bbox 195 1598 3485 1676">
    <p class='ocr_par' dir='ltr' id='par_1_27' title="bbox 195 1598 3485 1676">
     <span class='ocr_line' id='line_1_27' title="bbox 195 1598 3485 1676; baseline -0.001 -14"><span class='ocrx_word' id='word_1_186' title='bbox 195 1626 296 1662; x_wconf 86' lang='grc' dir='ltr'>νου</span> <span class='ocrx_word' id='word_1_187' title='bbox 331 1607 514 1672; x_wconf 73' lang='grc' dir='ltr'>αὐτοῦ,</span> <span class='ocrx_word' id='word_1_188' title='bbox 559 1607 653 1660; x_wconf 71' lang='grc' dir='ltr'>καὶ</span> <span class='ocrx_word' id='word_1_189' title='bbox 696 1605 931 1676; x_wconf 85' lang='grc' dir='ltr'>ἄρχοντα</span> <span class='ocrx_word' id='word_1_190' title='bbox 975 1604 1068 1659; x_wconf 80' lang='grc' dir='ltr'>τοῦ</span> <span class='ocrx_word' id='word_1_191' title='bbox 1122 1602 1358 1675; x_wconf 86' lang='grc' dir='ltr'>Ἰσραήλ·</span> <span class='ocrx_word' id='word_1_192' title='bbox 1398 1601 1571 1656; x_wconf 79' lang='grc' dir='ltr'>ταῦτα</span> <span class='ocrx_word' id='word_1_193' title='bbox 1612 1601 1723 1672; x_wconf 84' lang='grc' dir='ltr'>γὰρ</span> <span class='ocrx_word' id='word_1_194' title='bbox 1749 1603 1783 1673; x_wconf 87' lang='grc' dir='ltr'>ή</span> <span class='ocrx_word' id='word_1_195' title='bbox 1822 1602 2129 1674; x_wconf 80' lang='grc' dir='ltr'>προφητεία</span> <span class='ocrx_word' id='word_1_196' title='bbox 2157 1604 2293 1675; x_wconf 74' lang='grc' dir='ltr'>φησὶ</span> <span class='ocrx_word' id='word_1_197' title='bbox 2323 1602 2683 1676; x_wconf 85' lang='grc' dir='ltr'>μηδεπώποτε</span> <span class='ocrx_word' id='word_1_198' title='bbox 2711 1598 3025 1676; x_wconf 78' lang='grc' dir='ltr'>διαλείψειν,</span> <span class='ocrx_word' id='word_1_199' title='bbox 3081 1604 3235 1660; x_wconf 76' lang='grc' dir='ltr'>θ.καὶ</span> <span class='ocrx_word' id='word_1_200' title='bbox 3294 1605 3485 1676; x_wconf 82' lang='grc' dir='ltr'>σαφῶς</span> 
     </span>
    </p>
   </div>
   <div class='ocr_carea' id='block_1_28' title="bbox 198 1691 3485 1774">
    <p class='ocr_par' dir='ltr' id='par_1_28' title="bbox 198 1691 3485 1774">
     <span class='ocr_line' id='line_1_28' title="bbox 198 1691 3485 1774; baseline -0.001 -20"><span class='ocrx_word' id='word_1_201' title='bbox 198 1703 537 1774; x_wconf 84' lang='grc' dir='ltr'>παρίσταται</span> <span class='ocrx_word' id='word_1_202' title='bbox 569 1699 678 1754; x_wconf 82' lang='grc' dir='ltr'>ἀπὸ</span> <span class='ocrx_word' id='word_1_203' title='bbox 701 1700 810 1753; x_wconf 90' lang='grc' dir='ltr'>τῶν</span> <span class='ocrx_word' id='word_1_204' title='bbox 837 1700 940 1772; x_wconf 83' lang='grc' dir='ltr'>τῆς</span> <span class='ocrx_word' id='word_1_205' title='bbox 997 1697 1376 1770; x_wconf 76' lang='grc' dir='ltr'>αἰχμαλωσίας</span> <span class='ocrx_word' id='word_1_206' title='bbox 1409 1696 1617 1768; x_wconf 71' lang='grc' dir='ltr'>χρόνων</span> <span class='ocrx_word' id='word_1_207' title='bbox 1649 1694 2045 1759; x_wconf 84' lang='grc' dir='ltr'>διαλελοιπότα,</span> <span class='ocrx_word' id='word_1_208' title='bbox 2100 1696 2159 1764; x_wconf 82' lang='grc' dir='ltr'>ἐξ</span> <span class='ocrx_word' id='word_1_209' title='bbox 2191 1692 2253 1752; x_wconf 75' lang='grc' dir='ltr'>οὗ</span> <span class='ocrx_word' id='word_1_210' title='bbox 2301 1697 2439 1770; x_wconf 83' lang='grc' dir='ltr'>μηδὲ</span> <span class='ocrx_word' id='word_1_211' title='bbox 2471 1691 2552 1761; x_wconf 74' lang='grc' dir='ltr'>εἷς</span> <span class='ocrx_word' id='word_1_212' title='bbox 2622 1695 2949 1767; x_wconf 85' lang='grc' dir='ltr'>βασιλεύσας</span> <span class='ocrx_word' id='word_1_213' title='bbox 3008 1697 3105 1750; x_wconf 82' lang='grc' dir='ltr'>τοῦ</span> <span class='ocrx_word' id='word_1_214' title='bbox 3146 1696 3362 1771; x_wconf 82' lang='grc' dir='ltr'>Ἰσραὴλ</span> <span class='ocrx_word' id='word_1_215' title='bbox 3416 1697 3485 1750; x_wconf 75' lang='grc' dir='ltr'>ἐκ</span> 
     </span>
    </p>
   </div>
   <div class='ocr_carea' id='block_1_29' title="bbox 194 1789 3484 1870">
    <p class='ocr_par' dir='ltr' id='par_1_29' title="bbox 194 1789 3484 1870">
     <span class='ocr_line' id='line_1_29' title="bbox 194 1789 3484 1870; baseline -0.002 -19"><span class='ocrx_word' id='word_1_216' title='bbox 194 1797 301 1851; x_wconf 81' lang='grc' dir='ltr'>τοῦ</span> <span class='ocrx_word' id='word_1_217' title='bbox 334 1797 646 1870; x_wconf 86' lang='grc' dir='ltr'>σπέρματος</span> <span class='ocrx_word' id='word_1_218' title='bbox 682 1794 845 1849; x_wconf 80' lang='grc' dir='ltr'>Δαυῒδ</span> <span class='ocrx_word' id='word_1_219' title='bbox 875 1793 1277 1865; x_wconf 60' lang='grc' dir='ltr'>ἀποδείκνυται·</span> <span class='ocrx_word' id='word_1_220' title='bbox 1308 1791 1362 1845; x_wconf 88' lang='grc' dir='ltr'>τί</span> <span class='ocrx_word' id='word_1_221' title='bbox 1396 1791 1442 1844; x_wconf 85' lang='grc' dir='ltr'>δ’</span> <span class='ocrx_word' id='word_1_222' title='bbox 1470 1790 1537 1846; x_wconf 86' lang='grc' dir='ltr'>ἂν</span> <span class='ocrx_word' id='word_1_223' title='bbox 1565 1791 1794 1864; x_wconf 83' lang='grc' dir='ltr'>φήσαιεν</span> <span class='ocrx_word' id='word_1_224' title='bbox 1834 1789 1929 1844; x_wconf 73' lang='grc' dir='ltr'>καὶ</span> <span class='ocrx_word' id='word_1_225' title='bbox 1957 1790 2086 1863; x_wconf 76' lang='grc' dir='ltr'>περὶ</span> <span class='ocrx_word' id='word_1_226' title='bbox 2122 1791 2221 1862; x_wconf 82' lang='grc' dir='ltr'>τῆς</span> <span class='ocrx_word' id='word_1_227' title='bbox 2252 1790 2496 1863; x_wconf 85' lang='grc' dir='ltr'>ἐναργῶς</span> <span class='ocrx_word' id='word_1_228' title='bbox 2536 1789 2681 1845; x_wconf 83' lang='grc' dir='ltr'>κατὰ</span> <span class='ocrx_word' id='word_1_229' title='bbox 2711 1789 2801 1844; x_wconf 83' lang='grc' dir='ltr'>τὸν</span> <span class='ocrx_word' id='word_1_230' title='bbox 2832 1789 3078 1861; x_wconf 77' lang='grc' dir='ltr'>παρόντα</span> <span class='ocrx_word' id='word_1_231' title='bbox 3106 1790 3297 1861; x_wconf 78' lang='grc' dir='ltr'>καιρὸν</span> <span class='ocrx_word' id='word_1_232' title='bbox 3343 1789 3484 1843; x_wconf 72' lang='grc' dir='ltr'>καθα·</span> 
     </span>
    </p>
   </div>
   <div class='ocr_carea' id='block_1_30' title="bbox 193 1883 2734 1962">
    <p class='ocr_par' dir='ltr' id='par_1_30' title="bbox 193 1883 2734 1962">
     <span class='ocr_line' id='line_1_30' title="bbox 193 1883 2734 1962; baseline -0.002 -20"><span class='ocrx_word' id='word_1_233' title='bbox 193 1889 484 1962; x_wconf 76' lang='grc' dir='ltr'>ῃρημένης</span> <span class='ocrx_word' id='word_1_234' title='bbox 526 1888 817 1960; x_wconf 83' lang='grc' dir='ltr'>ίερατείας,</span> <span class='ocrx_word' id='word_1_235' title='bbox 867 1887 933 1958; x_wconf 74' lang='grc' dir='ltr'>ἥν</span> <span class='ocrx_word' id='word_1_236' title='bbox 962 1885 1322 1959; x_wconf 84' lang='grc' dir='ltr'>μηδεπώποτε</span> <span class='ocrx_word' id='word_1_237' title='bbox 1364 1883 1912 1956; x_wconf 81' lang='grc' dir='ltr'>ἐξολοθρευθήσεσθαι</span> <span class='ocrx_word' id='word_1_238' title='bbox 1941 1884 1974 1954; x_wconf 83' lang='grc' dir='ltr'>ἠ</span> <span class='ocrx_word' id='word_1_239' title='bbox 2002 1885 2309 1959; x_wconf 75' lang='grc' dir='ltr'>προφητεία</span> <span class='ocrx_word' id='word_1_240' title='bbox 2336 1883 2734 1957; x_wconf 85' lang='grc' dir='ltr'>προαγορεύει;</span> 
     </span>
    </p>
   </div>
   <div class='ocr_carea' id='block_1_31' title="bbox 707 2001 1276 2058">
    <p class='ocr_par' dir='ltr' id='par_1_31' title="bbox 707 2001 1276 2058">
     <span class='ocr_line' id='line_1_31' title="bbox 707 2001 1276 2058; baseline -0.002 -2"><span class='ocrx_word' id='word_1_241' title='bbox 707 2002 1107 2057; x_wconf 76' lang='grc' dir='ltr'>ΚΕΦΑΛΑΙΟΝ</span> <span class='ocrx_word' id='word_1_242' title='bbox 1153 2001 1276 2058; x_wconf 85' lang='grc' dir='ltr'>ΛΖ’.</span> 
     </span>
    </p>
   </div>
   <div class='ocr_carea' id='block_1_32' title="bbox 816 2116 1182 2173">
    <p class='ocr_par' dir='ltr' id='par_1_32' title="bbox 816 2116 1182 2173">
     <span class='ocr_line' id='line_1_32' title="bbox 816 2116 1182 2173; baseline -0.005 -1"><span class='ocrx_word' id='word_1_243' title='bbox 816 2117 929 2172; x_wconf 84' lang='grc' dir='ltr'>Τοῦ</span> <span class='ocrx_word' id='word_1_244' title='bbox 969 2116 1182 2173; x_wconf 82' lang='grc' dir='ltr'>αὑτοῦ.</span> 
     </span>
    </p>
   </div>
   <div class='ocr_carea' id='block_1_33' title="bbox 279 2228 1792 2304">
    <p class='ocr_par' dir='ltr' id='par_1_33' title="bbox 279 2228 1792 2304">
     <span class='ocr_line' id='line_1_33' title="bbox 279 2228 1792 2304; baseline 0.001 -21"><span class='ocrx_word' id='word_1_245' title='bbox 279 2247 302 2283; x_wconf 76' lang='grc' dir='ltr'>ι</span> <span class='ocrx_word' id='word_1_246' title='bbox 340 2230 473 2285; x_wconf 79' lang='grc' dir='ltr'>Ἰδοὺ</span> <span class='ocrx_word' id='word_1_247' title='bbox 501 2230 709 2302; x_wconf 79' lang='grc' dir='ltr'>ἡμέραι</span> <span class='ocrx_word' id='word_1_248' title='bbox 745 2228 1020 2302; x_wconf 75' lang='grc' dir='ltr'>ἔρχονται,</span> <span class='ocrx_word' id='word_1_249' title='bbox 1056 2231 1191 2302; x_wconf 78' lang='grc' dir='ltr'>φησὶ</span> <span class='ocrx_word' id='word_1_250' title='bbox 1218 2229 1447 2303; x_wconf 84' lang='grc' dir='ltr'>Κύριος,</span> <span class='ocrx_word' id='word_1_251' title='bbox 1478 2232 1574 2285; x_wconf 75' lang='grc' dir='ltr'>καὶ</span> <span class='ocrx_word' id='word_1_252' title='bbox 1604 2231 1792 2304; x_wconf 70' lang='grc' dir='ltr'>διαθήι</span> 
     </span>
    </p>
   </div>
   <div class='ocr_carea' id='block_1_34' title="bbox 194 2322 1792 2397">
    <p class='ocr_par' dir='ltr' id='par_1_34' title="bbox 194 2322 1792 2397">
     <span class='ocr_line' id='line_1_34' title="bbox 194 2322 1792 2397; baseline -0.003 -18"><span class='ocrx_word' id='word_1_253' title='bbox 194 2341 370 2397; x_wconf 83' lang='grc' dir='ltr'>σομαι</span> <span class='ocrx_word' id='word_1_254' title='bbox 403 2323 479 2394; x_wconf 83' lang='grc' dir='ltr'>τῷ</span> <span class='ocrx_word' id='word_1_255' title='bbox 502 2323 638 2394; x_wconf 79' lang='grc' dir='ltr'>οἴκῳ</span> <span class='ocrx_word' id='word_1_256' title='bbox 679 2322 897 2395; x_wconf 83' lang='grc' dir='ltr'>Ἰσραὴλ</span> <span class='ocrx_word' id='word_1_257' title='bbox 931 2324 1026 2377; x_wconf 69' lang='grc' dir='ltr'>καὶ</span> <span class='ocrx_word' id='word_1_258' title='bbox 1050 2322 1130 2394; x_wconf 84' lang='grc' dir='ltr'>τῷ</span> <span class='ocrx_word' id='word_1_259' title='bbox 1154 2323 1289 2395; x_wconf 73' lang='grc' dir='ltr'>οἴκῳ</span> <span class='ocrx_word' id='word_1_260' title='bbox 1333 2322 1504 2377; x_wconf 85' lang='grc' dir='ltr'>Ἰούδα</span> <span class='ocrx_word' id='word_1_261' title='bbox 1528 2323 1792 2396; x_wconf 82' lang='grc' dir='ltr'>διαθήκην</span> 
     </span>
    </p>
   </div>
   <div class='ocr_carea' id='block_1_35' title="bbox 187 2413 1792 2490">
    <p class='ocr_par' dir='ltr' id='par_1_35' title="bbox 187 2413 1792 2490">
     <span class='ocr_line' id='line_1_35' title="bbox 187 2413 1792 2490; baseline -0.004 -17"><span class='ocrx_word' id='word_1_262' title='bbox 187 2419 414 2490; x_wconf 74' lang='grc' dir='ltr'>καινήν·</span> <span class='ocrx_word' id='word_1_263' title='bbox 455 2417 517 2471; x_wconf 89' lang='grc' dir='ltr'>οὐ</span> <span class='ocrx_word' id='word_1_264' title='bbox 552 2414 696 2470; x_wconf 86' lang='grc' dir='ltr'>κατά</span> <span class='ocrx_word' id='word_1_265' title='bbox 721 2415 822 2487; x_wconf 84' lang='grc' dir='ltr'>τὴν</span> <span class='ocrx_word' id='word_1_266' title='bbox 854 2415 1121 2487; x_wconf 84' lang='grc' dir='ltr'>διαθήκην</span> <span class='ocrx_word' id='word_1_267' title='bbox 1156 2415 1224 2486; x_wconf 70' lang='grc' dir='ltr'>ἢν</span> <span class='ocrx_word' id='word_1_268' title='bbox 1252 2413 1510 2487; x_wconf 83' lang='grc' dir='ltr'>διεθέμην</span> <span class='ocrx_word' id='word_1_269' title='bbox 1540 2416 1653 2480; x_wconf 87' lang='grc' dir='ltr'>τοῖς</span> <span class='ocrx_word' id='word_1_270' title='bbox 1687 2432 1792 2468; x_wconf 89' lang='grc' dir='ltr'>πα-</span> 
     </span>
    </p>
   </div>
   <div class='ocr_carea' id='block_1_36' title="bbox 186 2505 1792 2581">
    <p class='ocr_par' dir='ltr' id='par_1_36' title="bbox 186 2505 1792 2581">
     <span class='ocr_line' id='line_1_36' title="bbox 186 2505 1792 2581; baseline -0.004 -17"><span class='ocrx_word' id='word_1_271' title='bbox 186 2509 395 2581; x_wconf 74' lang='grc' dir='ltr'>τράσιν</span> <span class='ocrx_word' id='word_1_272' title='bbox 425 2506 605 2562; x_wconf 86' lang='grc' dir='ltr'>αὐτῶν</span> <span class='ocrx_word' id='word_1_273' title='bbox 632 2511 691 2562; x_wconf 76' lang='grc' dir='ltr'>ἐν</span> <span class='ocrx_word' id='word_1_274' title='bbox 729 2506 913 2579; x_wconf 76' lang='grc' dir='ltr'>ἡμέρᾳ</span> <span class='ocrx_word' id='word_1_275' title='bbox 937 2505 1329 2579; x_wconf 78' lang='grc' dir='ltr'>ἐπιλαδομένου</span> <span class='ocrx_word' id='word_1_276' title='bbox 1358 2522 1462 2577; x_wconf 89' lang='grc' dir='ltr'>μου</span> <span class='ocrx_word' id='word_1_277' title='bbox 1489 2505 1592 2577; x_wconf 83' lang='grc' dir='ltr'>τῆς</span> <span class='ocrx_word' id='word_1_278' title='bbox 1609 2505 1792 2578; x_wconf 79' lang='grc' dir='ltr'>χειρὸς</span> 
     </span>
    </p>
   </div>
   <div class='ocr_carea' id='block_1_37' title="bbox 190 2594 1790 2671">
    <p class='ocr_par' dir='ltr' id='par_1_37' title="bbox 190 2594 1790 2671">
     <span class='ocr_line' id='line_1_37' title="bbox 190 2594 1790 2671; baseline -0.003 -15"><span class='ocrx_word' id='word_1_279' title='bbox 190 2594 382 2657; x_wconf 80' lang='grc' dir='ltr'>αύτῶν</span> <span class='ocrx_word' id='word_1_280' title='bbox 417 2602 710 2670; x_wconf 78' lang='grc' dir='ltr'>ἐξαγαγεῖν</span> <span class='ocrx_word' id='word_1_281' title='bbox 744 2600 942 2663; x_wconf 81' lang='grc' dir='ltr'>αὐτοὺς</span> <span class='ocrx_word' id='word_1_282' title='bbox 975 2599 1040 2652; x_wconf 82' lang='grc' dir='ltr'>ἐκ</span> <span class='ocrx_word' id='word_1_283' title='bbox 1066 2602 1170 2671; x_wconf 86' lang='grc' dir='ltr'>γῆς</span> <span class='ocrx_word' id='word_1_284' title='bbox 1193 2598 1490 2668; x_wconf 80' lang='grc' dir='ltr'>Αἰγύπτου·</span> <span class='ocrx_word' id='word_1_285' title='bbox 1525 2599 1606 2652; x_wconf 80' lang='grc' dir='ltr'>ὅτι</span> <span class='ocrx_word' id='word_1_286' title='bbox 1635 2598 1790 2652; x_wconf 75' lang='grc' dir='ltr'>αὐτοὶ</span> 
     </span>
    </p>
   </div>
   <div class='ocr_carea' id='block_1_38' title="bbox 186 2689 1788 2766">
    <p class='ocr_par' dir='ltr' id='par_1_38' title="bbox 186 2689 1788 2766">
     <span class='ocr_line' id='line_1_38' title="bbox 186 2689 1788 2766; baseline -0.003 -18"><span class='ocrx_word' id='word_1_287' title='bbox 186 2695 299 2748; x_wconf 76' lang='grc' dir='ltr'>οὐκ</span> <span class='ocrx_word' id='word_1_288' title='bbox 325 2694 607 2766; x_wconf 84' lang='grc' dir='ltr'>ἐνέμειναν</span> <span class='ocrx_word' id='word_1_289' title='bbox 647 2696 704 2747; x_wconf 85' lang='grc' dir='ltr'>ἐν</span> <span class='ocrx_word' id='word_1_290' title='bbox 738 2695 804 2764; x_wconf 84' lang='grc' dir='ltr'>τῇ</span> <span class='ocrx_word' id='word_1_291' title='bbox 842 2690 1076 2765; x_wconf 80' lang='grc' dir='ltr'>διαθήκῃ</span> <span class='ocrx_word' id='word_1_292' title='bbox 1115 2709 1239 2764; x_wconf 89' lang='grc' dir='ltr'>μου,</span> <span class='ocrx_word' id='word_1_293' title='bbox 1272 2691 1369 2745; x_wconf 71' lang='grc' dir='ltr'>καὶ</span> <span class='ocrx_word' id='word_1_294' title='bbox 1403 2690 1511 2761; x_wconf 84' lang='grc' dir='ltr'>ἐγὼ</span> <span class='ocrx_word' id='word_1_295' title='bbox 1536 2689 1788 2762; x_wconf 74' lang='grc' dir='ltr'>ἠμέλησα</span> 
     </span>
    </p>
   </div>
   <div class='ocr_carea' id='block_1_39' title="bbox 184 2782 1789 2858">
    <p class='ocr_par' dir='ltr' id='par_1_39' title="bbox 184 2782 1789 2858">
     <span class='ocr_line' id='line_1_39' title="bbox 184 2782 1789 2858; baseline -0.004 -16"><span class='ocrx_word' id='word_1_296' title='bbox 184 2786 396 2850; x_wconf 82' lang='grc' dir='ltr'>αὐτῶν,</span> <span class='ocrx_word' id='word_1_297' title='bbox 428 2786 563 2858; x_wconf 78' lang='grc' dir='ltr'>φησὶ</span> <span class='ocrx_word' id='word_1_298' title='bbox 581 2784 806 2857; x_wconf 79' lang='grc' dir='ltr'>Κύριος,</span> <span class='ocrx_word' id='word_1_299' title='bbox 837 2787 920 2840; x_wconf 84' lang='grc' dir='ltr'>ὅτι</span> <span class='ocrx_word' id='word_1_300' title='bbox 951 2784 1089 2856; x_wconf 76' lang='grc' dir='ltr'>αὕτη</span> <span class='ocrx_word' id='word_1_301' title='bbox 1115 2784 1423 2857; x_wconf 85' lang='grc' dir='ltr'>ήδιαθήκη,</span> <span class='ocrx_word' id='word_1_302' title='bbox 1450 2783 1518 2854; x_wconf 80' lang='grc' dir='ltr'>ἢν</span> <span class='ocrx_word' id='word_1_303' title='bbox 1540 2782 1789 2853; x_wconf 87' lang='grc' dir='ltr'>διαθήσο-</span> 
     </span>
    </p>
   </div>
   <div class='ocr_carea' id='block_1_40' title="bbox 192 2869 1786 2948">
    <p class='ocr_par' dir='ltr' id='par_1_40' title="bbox 192 2869 1786 2948">
     <span class='ocr_line' id='line_1_40' title="bbox 192 2869 1786 2948; baseline -0.004 -18"><span class='ocrx_word' id='word_1_304' title='bbox 192 2894 300 2948; x_wconf 84' lang='grc' dir='ltr'>μαι</span> <span class='ocrx_word' id='word_1_305' title='bbox 330 2874 408 2947; x_wconf 82' lang='grc' dir='ltr'>τῷ</span> <span class='ocrx_word' id='word_1_306' title='bbox 430 2874 564 2947; x_wconf 79' lang='grc' dir='ltr'>οίκῳ</span> <span class='ocrx_word' id='word_1_307' title='bbox 598 2874 835 2947; x_wconf 87' lang='grc' dir='ltr'>Ἰσραήλ·</span> <span class='ocrx_word' id='word_1_308' title='bbox 865 2874 1003 2946; x_wconf 82' lang='grc' dir='ltr'>μετὰ</span> <span class='ocrx_word' id='word_1_309' title='bbox 1024 2874 1119 2937; x_wconf 84' lang='grc' dir='ltr'>τὰς</span> <span class='ocrx_word' id='word_1_310' title='bbox 1147 2869 1361 2945; x_wconf 81' lang='grc' dir='ltr'>ἡμέρας</span> <span class='ocrx_word' id='word_1_311' title='bbox 1391 2871 1626 2935; x_wconf 85' lang='grc' dir='ltr'>ἐκείνας,</span> <span class='ocrx_word' id='word_1_312' title='bbox 1652 2870 1786 2941; x_wconf 85' lang='grc' dir='ltr'>φησὶ</span> 
     </span>
    </p>
   </div>
   <div class='ocr_carea' id='block_1_41' title="bbox 184 2962 1783 3043">
    <p class='ocr_par' dir='ltr' id='par_1_41' title="bbox 184 2962 1783 3043">
     <span class='ocr_line' id='line_1_41' title="bbox 184 2962 1783 3043; baseline -0.004 -20"><span class='ocrx_word' id='word_1_313' title='bbox 184 2962 422 3043; x_wconf 77' lang='grc' dir='ltr'>Κύριος,</span> <span class='ocrx_word' id='word_1_314' title='bbox 456 2968 633 3033; x_wconf 78' lang='grc' dir='ltr'>διδοὺς</span> <span class='ocrx_word' id='word_1_315' title='bbox 672 2969 871 3039; x_wconf 82' lang='grc' dir='ltr'>νόμους</span> <span class='ocrx_word' id='word_1_316' title='bbox 917 2984 1016 3039; x_wconf 91' lang='grc' dir='ltr'>μου</span> <span class='ocrx_word' id='word_1_317' title='bbox 1054 2969 1134 3031; x_wconf 89' lang='grc' dir='ltr'>είς</span> <span class='ocrx_word' id='word_1_318' title='bbox 1168 2967 1268 3039; x_wconf 80' lang='grc' dir='ltr'>τὴν</span> <span class='ocrx_word' id='word_1_319' title='bbox 1306 2966 1546 3020; x_wconf 80' lang='grc' dir='ltr'>διάνοιαν</span> <span class='ocrx_word' id='word_1_320' title='bbox 1581 2964 1783 3029; x_wconf 82' lang='grc' dir='ltr'>αὐτῶν,</span> 
     </span>
    </p>
   </div>
   <div class='ocr_carea' id='block_1_42' title="bbox 184 3056 1784 3134">
    <p class='ocr_par' dir='ltr' id='par_1_42' title="bbox 184 3056 1784 3134">
     <span class='ocr_line' id='line_1_42' title="bbox 184 3056 1784 3134; baseline -0.003 -18"><span class='ocrx_word' id='word_1_321' title='bbox 184 3063 290 3117; x_wconf 73' lang='grc' dir='ltr'>καὶ</span> <span class='ocrx_word' id='word_1_322' title='bbox 337 3062 428 3115; x_wconf 80' lang='grc' dir='ltr'>ἐπὶ</span> <span class='ocrx_word' id='word_1_323' title='bbox 472 3060 702 3134; x_wconf 85' lang='grc' dir='ltr'>καρδίας</span> <span class='ocrx_word' id='word_1_324' title='bbox 741 3060 925 3115; x_wconf 78' lang='grc' dir='ltr'>αὐτῶν</span> <span class='ocrx_word' id='word_1_325' title='bbox 956 3060 1158 3130; x_wconf 75' lang='grc' dir='ltr'>γράψω</span> <span class='ocrx_word' id='word_1_326' title='bbox 1190 3059 1409 3122; x_wconf 78' lang='grc' dir='ltr'>αὐτοὺς,</span> <span class='ocrx_word' id='word_1_327' title='bbox 1453 3056 1548 3112; x_wconf 74' lang='grc' dir='ltr'>καὶ</span> <span class='ocrx_word' id='word_1_328' title='bbox 1590 3057 1784 3130; x_wconf 73' lang='grc' dir='ltr'>ἔσομαι</span> 
     </span>
    </p>
   </div>
   <div class='ocr_carea' id='block_1_43' title="bbox 185 3148 1785 3223">
    <p class='ocr_par' dir='ltr' id='par_1_43' title="bbox 185 3148 1785 3223">
     <span class='ocr_line' id='line_1_43' title="bbox 185 3148 1785 3223; baseline -0.002 -15"><span class='ocrx_word' id='word_1_329' title='bbox 185 3149 378 3219; x_wconf 81' lang='grc' dir='ltr'>αὐτοῖς</span> <span class='ocrx_word' id='word_1_330' title='bbox 412 3148 492 3218; x_wconf 79' lang='grc' dir='ltr'>είς</span> <span class='ocrx_word' id='word_1_331' title='bbox 521 3154 675 3217; x_wconf 78' lang='grc' dir='ltr'>Θεὸν,</span> <span class='ocrx_word' id='word_1_332' title='bbox 709 3154 804 3208; x_wconf 81' lang='grc' dir='ltr'>καὶ</span> <span class='ocrx_word' id='word_1_333' title='bbox 841 3153 1001 3206; x_wconf 74' lang='grc' dir='ltr'>αὐτοὶ</span> <span class='ocrx_word' id='word_1_334' title='bbox 1041 3152 1251 3206; x_wconf 80' lang='grc' dir='ltr'>ἔσονταί</span> <span class='ocrx_word' id='word_1_335' title='bbox 1290 3169 1379 3223; x_wconf 87' lang='grc' dir='ltr'>μοι</span> <span class='ocrx_word' id='word_1_336' title='bbox 1409 3151 1490 3215; x_wconf 88' lang='grc' dir='ltr'>είς</span> <span class='ocrx_word' id='word_1_337' title='bbox 1518 3150 1664 3205; x_wconf 86' lang='grc' dir='ltr'>λαόν·</span> <span class='ocrx_word' id='word_1_338' title='bbox 1691 3152 1785 3205; x_wconf 59' lang='grc' dir='ltr'>καί⁵</span> 
     </span>
    </p>
   </div>
   <div class='ocr_carea' id='block_1_44' title="bbox 181 3236 1782 3317">
    <p class='ocr_par' dir='ltr' id='par_1_44' title="bbox 181 3236 1782 3317">
     <span class='ocr_line' id='line_1_44' title="bbox 181 3236 1782 3317; baseline -0.002 -18"><span class='ocrx_word' id='word_1_339' title='bbox 181 3245 250 3299; x_wconf 78' lang='grc' dir='ltr'>οὐ</span> <span class='ocrx_word' id='word_1_340' title='bbox 281 3245 355 3317; x_wconf 77' lang='grc' dir='ltr'>μὴ</span> <span class='ocrx_word' id='word_1_341' title='bbox 379 3243 661 3309; x_wconf 80' lang='grc' dir='ltr'>διδάξωσιν</span> <span class='ocrx_word' id='word_1_342' title='bbox 684 3244 914 3307; x_wconf 68' lang='grc' dir='ltr'>ἕκαστος</span> <span class='ocrx_word' id='word_1_343' title='bbox 938 3244 1030 3297; x_wconf 83' lang='grc' dir='ltr'>τὸν</span> <span class='ocrx_word' id='word_1_344' title='bbox 1063 3240 1291 3314; x_wconf 86' lang='grc' dir='ltr'>πλησίον</span> <span class='ocrx_word' id='word_1_345' title='bbox 1315 3242 1505 3307; x_wconf 79' lang='grc' dir='ltr'>αὑτοῦ,</span> <span class='ocrx_word' id='word_1_346' title='bbox 1533 3242 1628 3297; x_wconf 74' lang='grc' dir='ltr'>καὶ</span> <span class='ocrx_word' id='word_1_347' title='bbox 1650 3236 1782 3296; x_wconf 80' lang='grc' dir='ltr'>ἐκα-</span> 
     </span>
    </p>
   </div>
   <div class='ocr_carea' id='block_1_45' title="bbox 2412 1990 2950 2054">
    <p class='ocr_par' dir='ltr' id='par_1_45' title="bbox 2412 1990 2950 2054">
     <span class='ocr_line' id='line_1_45' title="bbox 2412 1990 2950 2054; baseline -0.004 0"><span class='ocrx_word' id='word_1_348' title='bbox 2412 1997 2643 2054; x_wconf 72' lang='lat' dir='ltr'>CAPUT</span> <span class='ocrx_word' id='word_1_349' title='bbox 2685 1990 2950 2053; x_wconf 72' lang='lat' dir='ltr'>XXXVII.</span> 
     </span>
    </p>
   </div>
   <div class='ocr_carea' id='block_1_46' title="bbox 2539 2105 2856 2171">
    <p class='ocr_par' dir='ltr' id='par_1_46' title="bbox 2539 2105 2856 2171">
     <span class='ocr_line' id='line_1_46' title="bbox 2539 2105 2856 2171; baseline 0.003 -3"><span class='ocrx_word' id='word_1_350' title='bbox 2539 2105 2623 2169; x_wconf 80' lang='lat' dir='ltr'>Ea:</span> <span class='ocrx_word' id='word_1_351' title='bbox 2656 2114 2856 2171; x_wconf 73' lang='lat' dir='ltr'><strong>eodem.</strong></span> 
     </span>
    </p>
   </div>
   <div class='ocr_carea' id='block_1_47' title="bbox 1971 2224 3478 2300">
    <p class='ocr_par' dir='ltr' id='par_1_47' title="bbox 1971 2224 3478 2300">
     <span class='ocr_line' id='line_1_47' title="bbox 1971 2224 3478 2300; baseline 0.001 -11"><span class='ocrx_word' id='word_1_352' title='bbox 1971 2253 1995 2289; x_wconf 81' lang='grc' dir='ltr'>ι</span> <span class='ocrx_word' id='word_1_353' title='bbox 2037 2234 2183 2291; x_wconf 78' lang='lat' dir='ltr'><strong>Ecce</strong></span> <span class='ocrx_word' id='word_1_354' title='bbox 2219 2233 2340 2291; x_wconf 87' lang='lat' dir='ltr'><strong>dies</strong></span> <span class='ocrx_word' id='word_1_355' title='bbox 2385 2234 2651 2300; x_wconf 90' lang='lat' dir='ltr'><strong>venient,</strong></span> <span class='ocrx_word' id='word_1_356' title='bbox 2682 2233 2816 2290; x_wconf 89' lang='lat' dir='ltr'><strong>dicit</strong></span> <span class='ocrx_word' id='word_1_357' title='bbox 2854 2232 3160 2291; x_wconf 78' lang='lat' dir='ltr'><strong>Dominus:</strong></span> <span class='ocrx_word' id='word_1_358' title='bbox 3196 2244 3250 2290; x_wconf 92' lang='lat' dir='ltr'><strong>et</strong></span> <span class='ocrx_word' id='word_1_359' title='bbox 3285 2224 3478 2290; x_wconf 76' lang='lat' dir='ltr'><strong>feriam</strong></span> 
     </span>
    </p>
   </div>
   <div class='ocr_carea' id='block_1_48' title="bbox 1892 2325 3479 2395">
    <p class='ocr_par' dir='ltr' id='par_1_48' title="bbox 1892 2325 3479 2395">
     <span class='ocr_line' id='line_1_48' title="bbox 1892 2325 3479 2395; baseline 0 -12"><span class='ocrx_word' id='word_1_360' title='bbox 1892 2326 2081 2383; x_wconf 82' lang='lat' dir='ltr'><strong>domui</strong></span> <span class='ocrx_word' id='word_1_361' title='bbox 2130 2327 2299 2383; x_wconf 85' lang='lat' dir='ltr'><strong>Israel</strong></span> <span class='ocrx_word' id='word_1_362' title='bbox 2342 2335 2399 2382; x_wconf 94' lang='lat' dir='ltr'><strong>et</strong></span> <span class='ocrx_word' id='word_1_363' title='bbox 2426 2326 2615 2382; x_wconf 90' lang='lat' dir='ltr'><strong>domui</strong></span> <span class='ocrx_word' id='word_1_364' title='bbox 2663 2325 2804 2382; x_wconf 80' lang='lat' dir='ltr'><strong>Juda</strong></span> <span class='ocrx_word' id='word_1_365' title='bbox 2853 2325 3035 2385; x_wconf 68' lang='lat' dir='ltr'><strong>fmdus</strong></span> <span class='ocrx_word' id='word_1_366' title='bbox 3080 2341 3285 2382; x_wconf 86' lang='lat' dir='ltr'><strong>novum</strong></span> <span class='ocrx_word' id='word_1_367' title='bbox 3319 2345 3335 2395; x_wconf 91' lang='lat'><strong>;</strong></span> <span class='ocrx_word' id='word_1_368' title='bbox 3366 2343 3479 2384; x_wconf 89' lang='lat' dir='ltr'>nou</span> 
     </span>
    </p>
   </div>
   <div class='ocr_carea' id='block_1_49' title="bbox 1891 2416 3482 2491">
    <p class='ocr_par' dir='ltr' id='par_1_49' title="bbox 1891 2416 3482 2491">
     <span class='ocr_line' id='line_1_49' title="bbox 1891 2416 3482 2491; baseline -0.001 -17"><span class='ocrx_word' id='word_1_369' title='bbox 1891 2416 2195 2475; x_wconf 88' lang='lat' dir='ltr'><strong>secundum</strong></span> <span class='ocrx_word' id='word_1_370' title='bbox 2230 2425 2473 2489; x_wconf 89' lang='lat' dir='ltr'><strong>pactum,</strong></span> <span class='ocrx_word' id='word_1_371' title='bbox 2523 2416 2674 2489; x_wconf 91' lang='lat' dir='ltr'><strong>quod</strong></span> <span class='ocrx_word' id='word_1_372' title='bbox 2722 2417 2905 2489; x_wconf 83' lang='lat' dir='ltr'><strong>pepigi</strong></span> <span class='ocrx_word' id='word_1_373' title='bbox 2938 2433 3064 2473; x_wconf 93' lang='lat' dir='ltr'>cum</span> <span class='ocrx_word' id='word_1_374' title='bbox 3105 2418 3360 2491; x_wconf 84' lang='lat' dir='ltr'><strong>patribus</strong></span> <span class='ocrx_word' id='word_1_375' title='bbox 3385 2434 3482 2476; x_wconf 84' lang='lat' dir='ltr'><strong>eo-</strong></span> 
     </span>
    </p>
   </div>
   <div class='ocr_carea' id='block_1_50' title="bbox 1890 2508 3482 2581">
    <p class='ocr_par' dir='ltr' id='par_1_50' title="bbox 1890 2508 3482 2581">
     <span class='ocr_line' id='line_1_50' title="bbox 1890 2508 3482 2581; baseline -0.001 -17"><span class='ocrx_word' id='word_1_376' title='bbox 1890 2525 2037 2576; x_wconf 87' lang='lat' dir='ltr'><strong>rum,</strong></span> <span class='ocrx_word' id='word_1_377' title='bbox 2093 2510 2147 2565; x_wconf 91' lang='lat' dir='ltr'>in</span> <span class='ocrx_word' id='word_1_378' title='bbox 2195 2509 2285 2565; x_wconf 92' lang='lat' dir='ltr'>die</span> <span class='ocrx_word' id='word_1_379' title='bbox 2330 2525 2439 2581; x_wconf 88' lang='lat' dir='ltr'>qua</span> <span class='ocrx_word' id='word_1_380' title='bbox 2489 2508 2824 2580; x_wconf 87' lang='lat' dir='ltr'><strong>apprehendi</strong></span> <span class='ocrx_word' id='word_1_381' title='bbox 2874 2524 3097 2565; x_wconf 88' lang='lat' dir='ltr'><strong>manum</strong></span> <span class='ocrx_word' id='word_1_382' title='bbox 3146 2524 3360 2576; x_wconf 77' lang='lat' dir='ltr'><strong>eorum,</strong></span> <span class='ocrx_word' id='word_1_383' title='bbox 3419 2517 3482 2564; x_wconf 88' lang='lat' dir='ltr'>ut</span> 
     </span>
    </p>
   </div>
   <div class='ocr_carea' id='block_1_51' title="bbox 1889 2597 3479 2670">
    <p class='ocr_par' dir='ltr' id='par_1_51' title="bbox 1889 2597 3479 2670">
     <span class='ocr_line' id='line_1_51' title="bbox 1889 2597 3479 2670; baseline -0.002 -14"><span class='ocrx_word' id='word_1_384' title='bbox 1889 2601 2180 2657; x_wconf 87' lang='lat' dir='ltr'><strong>educerem</strong></span> <span class='ocrx_word' id='word_1_385' title='bbox 2204 2615 2303 2657; x_wconf 90' lang='lat' dir='ltr'>eos</span> <span class='ocrx_word' id='word_1_386' title='bbox 2355 2600 2424 2656; x_wconf 92' lang='lat' dir='ltr'><strong>de</strong></span> <span class='ocrx_word' id='word_1_387' title='bbox 2471 2607 2622 2654; x_wconf 89' lang='lat' dir='ltr'><strong>terra</strong></span> <span class='ocrx_word' id='word_1_388' title='bbox 2672 2597 2892 2670; x_wconf 65' lang='lat' dir='ltr'><strong>Egypti</strong></span> <span class='ocrx_word' id='word_1_389' title='bbox 2922 2615 2938 2665; x_wconf 92' lang='lat'><strong>;</strong></span> <span class='ocrx_word' id='word_1_390' title='bbox 2967 2604 3188 2669; x_wconf 88' lang='lat' dir='ltr'><strong>pactum</strong></span> <span class='ocrx_word' id='word_1_391' title='bbox 3220 2598 3367 2669; x_wconf 87' lang='lat' dir='ltr'><strong>quod</strong></span> <span class='ocrx_word' id='word_1_392' title='bbox 3400 2598 3479 2654; x_wconf 90' lang='lat' dir='ltr'><strong>ir-</strong></span> 
     </span>
    </p>
   </div>
   <div class='ocr_carea' id='block_1_52' title="bbox 1888 2692 3480 2765">
    <p class='ocr_par' dir='ltr' id='par_1_52' title="bbox 1888 2692 3480 2765">
     <span class='ocr_line' id='line_1_52' title="bbox 1888 2692 3480 2765; baseline -0.001 -16"><span class='ocrx_word' id='word_1_393' title='bbox 1888 2693 2055 2749; x_wconf 90' lang='lat' dir='ltr'><strong>ritum</strong></span> <span class='ocrx_word' id='word_1_394' title='bbox 2089 2694 2359 2758; x_wconf 81' lang='lat' dir='ltr'><strong>fecerunt,</strong></span> <span class='ocrx_word' id='word_1_395' title='bbox 2388 2700 2444 2749; x_wconf 89' lang='lat' dir='ltr'><strong>et</strong></span> <span class='ocrx_word' id='word_1_396' title='bbox 2468 2708 2568 2765; x_wconf 95' lang='lat' dir='ltr'>ego</span> <span class='ocrx_word' id='word_1_397' title='bbox 2596 2692 2914 2749; x_wconf 88' lang='lat' dir='ltr'><strong>dominatus</strong></span> <span class='ocrx_word' id='word_1_398' title='bbox 2944 2707 3065 2749; x_wconf 89' lang='lat' dir='ltr'>sum</span> <span class='ocrx_word' id='word_1_399' title='bbox 3099 2706 3313 2758; x_wconf 89' lang='lat' dir='ltr'><strong>eorum,</strong></span> <span class='ocrx_word' id='word_1_400' title='bbox 3342 2692 3480 2748; x_wconf 84' lang='lat' dir='ltr'><strong>dicit</strong></span> 
     </span>
    </p>
   </div>
   <div class='ocr_carea' id='block_1_53' title="bbox 1887 2781 3476 2855">
    <p class='ocr_par' dir='ltr' id='par_1_53' title="bbox 1887 2781 3476 2855">
     <span class='ocr_line' id='line_1_53' title="bbox 1887 2781 3476 2855; baseline -0.002 -16"><span class='ocrx_word' id='word_1_401' title='bbox 1887 2783 2173 2841; x_wconf 89' lang='lat' dir='ltr'><strong>Dominus.</strong></span> <span class='ocrx_word' id='word_1_402' title='bbox 2213 2785 2318 2842; x_wconf 86' lang='lat' dir='ltr'><strong>Sed</strong></span> <span class='ocrx_word' id='word_1_403' title='bbox 2354 2785 2460 2840; x_wconf 91' lang='lat' dir='ltr'>hoc</span> <span class='ocrx_word' id='word_1_404' title='bbox 2506 2784 2613 2840; x_wconf 90' lang='lat' dir='ltr'><strong>erit</strong></span> <span class='ocrx_word' id='word_1_405' title='bbox 2656 2795 2898 2855; x_wconf 90' lang='lat' dir='ltr'><strong>pactum,</strong></span> <span class='ocrx_word' id='word_1_406' title='bbox 2927 2782 3076 2853; x_wconf 86' lang='lat' dir='ltr'><strong>quod</strong></span> <span class='ocrx_word' id='word_1_407' title='bbox 3115 2781 3306 2839; x_wconf 82' lang='lat' dir='ltr'><strong>feriam</strong></span> <span class='ocrx_word' id='word_1_408' title='bbox 3349 2798 3476 2838; x_wconf 86' lang='lat' dir='ltr'>cum</span> 
     </span>
    </p>
   </div>
   <div class='ocr_carea' id='block_1_54' title="bbox 1886 2873 3479 2940">
    <p class='ocr_par' dir='ltr' id='par_1_54' title="bbox 1886 2873 3479 2940">
     <span class='ocr_line' id='line_1_54' title="bbox 1886 2873 3479 2940; baseline -0.001 -8"><span class='ocrx_word' id='word_1_409' title='bbox 1886 2877 2052 2934; x_wconf 88' lang='lat' dir='ltr'><strong>domo</strong></span> <span class='ocrx_word' id='word_1_410' title='bbox 2087 2878 2256 2934; x_wconf 88' lang='lat' dir='ltr'><strong>lsrael</strong></span> <span class='ocrx_word' id='word_1_411' title='bbox 2285 2896 2299 2932; x_wconf 89' lang='lat'><strong>:</strong></span> <span class='ocrx_word' id='word_1_412' title='bbox 2337 2876 2471 2933; x_wconf 82' lang='lat' dir='ltr'><strong>Post</strong></span> <span class='ocrx_word' id='word_1_413' title='bbox 2497 2877 2616 2931; x_wconf 90' lang='lat' dir='ltr'><strong>dies</strong></span> <span class='ocrx_word' id='word_1_414' title='bbox 2656 2876 2804 2939; x_wconf 88' lang='lat' dir='ltr'><strong>illos,</strong></span> <span class='ocrx_word' id='word_1_415' title='bbox 2841 2876 2976 2930; x_wconf 86' lang='lat' dir='ltr'><strong>dicit</strong></span> <span class='ocrx_word' id='word_1_416' title='bbox 3009 2873 3295 2940; x_wconf 80' lang='lat' dir='ltr'><strong>Domitius,</strong></span> <span class='ocrx_word' id='word_1_417' title='bbox 3331 2874 3479 2930; x_wconf 82' lang='lat' dir='ltr'><strong>dabo</strong></span> 
     </span>
    </p>
   </div>
   <div class='ocr_carea' id='block_1_55' title="bbox 1886 2964 3479 3042">
    <p class='ocr_par' dir='ltr' id='par_1_55' title="bbox 1886 2964 3479 3042">
     <span class='ocr_line' id='line_1_55' title="bbox 1886 2964 3479 3042; baseline -0.003 -17"><span class='ocrx_word' id='word_1_418' title='bbox 1886 2970 2058 3042; x_wconf 88' lang='lat' dir='ltr'><strong>legem</strong></span> <span class='ocrx_word' id='word_1_419' title='bbox 2106 2984 2283 3026; x_wconf 89' lang='lat' dir='ltr'><strong>meam</strong></span> <span class='ocrx_word' id='word_1_420' title='bbox 2320 2969 2377 3025; x_wconf 93' lang='lat' dir='ltr'>in</span> <span class='ocrx_word' id='word_1_421' title='bbox 2421 2968 2734 3025; x_wconf 86' lang='lat' dir='ltr'><strong>visceribus</strong></span> <span class='ocrx_word' id='word_1_422' title='bbox 2763 2982 2977 3031; x_wconf 90' lang='lat' dir='ltr'><strong>eorum,</strong></span> <span class='ocrx_word' id='word_1_423' title='bbox 3006 2974 3062 3022; x_wconf 87' lang='lat' dir='ltr'>et</span> <span class='ocrx_word' id='word_1_424' title='bbox 3096 2965 3154 3021; x_wconf 86' lang='lat' dir='ltr'>in</span> <span class='ocrx_word' id='word_1_425' title='bbox 3187 2964 3353 3022; x_wconf 88' lang='lat' dir='ltr'><strong>corde</strong></span> <span class='ocrx_word' id='word_1_426' title='bbox 3380 2976 3479 3021; x_wconf 77' lang='lat' dir='ltr'><strong>eo-</strong></span> 
     </span>
    </p>
   </div>
   <div class='ocr_carea' id='block_1_56' title="bbox 1884 3058 3478 3128">
    <p class='ocr_par' dir='ltr' id='par_1_56' title="bbox 1884 3058 3478 3128">
     <span class='ocr_line' id='line_1_56' title="bbox 1884 3058 3478 3128; baseline -0.004 -10"><span class='ocrx_word' id='word_1_427' title='bbox 1884 3079 2007 3119; x_wconf 92' lang='lat' dir='ltr'>rum</span> <span class='ocrx_word' id='word_1_428' title='bbox 2039 3062 2276 3118; x_wconf 89' lang='lat' dir='ltr'><strong>scribam</strong></span> <span class='ocrx_word' id='word_1_429' title='bbox 2291 3076 2446 3117; x_wconf 81' lang='lat' dir='ltr'><strong>eam:</strong></span> <span class='ocrx_word' id='word_1_430' title='bbox 2474 3067 2528 3116; x_wconf 91' lang='lat' dir='ltr'><strong>et</strong></span> <span class='ocrx_word' id='word_1_431' title='bbox 2560 3075 2657 3117; x_wconf 93' lang='lat' dir='ltr'>ero</span> <span class='ocrx_word' id='word_1_432' title='bbox 2683 3059 2764 3116; x_wconf 89' lang='lat' dir='ltr'>eis</span> <span class='ocrx_word' id='word_1_433' title='bbox 2793 3059 2848 3114; x_wconf 90' lang='lat' dir='ltr'>in</span> <span class='ocrx_word' id='word_1_434' title='bbox 2872 3058 3064 3124; x_wconf 85' lang='lat' dir='ltr'><strong>Deum,</strong></span> <span class='ocrx_word' id='word_1_435' title='bbox 3094 3068 3149 3114; x_wconf 89' lang='lat' dir='ltr'><strong>et</strong></span> <span class='ocrx_word' id='word_1_436' title='bbox 3177 3058 3280 3128; x_wconf 90' lang='lat' dir='ltr'><strong>ipsi</strong></span> <span class='ocrx_word' id='word_1_437' title='bbox 3312 3064 3478 3113; x_wconf 88' lang='lat' dir='ltr'><strong>erunt</strong></span> 
     </span>
    </p>
   </div>
   <div class='ocr_carea' id='block_1_57' title="bbox 1885 3151 3476 3226">
    <p class='ocr_par' dir='ltr' id='par_1_57' title="bbox 1885 3151 3476 3226">
     <span class='ocr_line' id='line_1_57' title="bbox 1885 3151 3476 3226; baseline -0.003 -16"><span class='ocrx_word' id='word_1_438' title='bbox 1885 3157 2020 3210; x_wconf 86' lang='lat' dir='ltr'><strong>mihi</strong></span> <span class='ocrx_word' id='word_1_439' title='bbox 2054 3157 2109 3210; x_wconf 91' lang='lat' dir='ltr'>in</span> <span class='ocrx_word' id='word_1_440' title='bbox 2144 3154 2425 3226; x_wconf 91' lang='lat' dir='ltr'><strong>populum.</strong></span> <span class='ocrx_word' id='word_1_441' title='bbox 2459 3152 2525 3208; x_wconf 88' lang='lat' dir='ltr'>Et</span> <span class='ocrx_word' id='word_1_442' title='bbox 2556 3169 2667 3208; x_wconf 87' lang='lat' dir='ltr'>non</span> <span class='ocrx_word' id='word_1_443' title='bbox 2710 3152 2931 3209; x_wconf 89' lang='lat' dir='ltr'><strong>docebit</strong></span> <span class='ocrx_word' id='word_1_444' title='bbox 2982 3151 3126 3206; x_wconf 84' lang='lat' dir='ltr'><strong>ultra</strong></span> <span class='ocrx_word' id='word_1_445' title='bbox 3173 3151 3259 3207; x_wconf 87' lang='lat' dir='ltr'>vir</span> <span class='ocrx_word' id='word_1_446' title='bbox 3287 3153 3476 3223; x_wconf 56' lang='lat' dir='ltr'><strong>proxie</strong></span> 
     </span>
    </p>
   </div>
   <div class='ocr_carea' id='block_1_58' title="bbox 1886 3243 3476 3316">
    <p class='ocr_par' dir='ltr' id='par_1_58' title="bbox 1886 3243 3476 3316">
     <span class='ocr_line' id='line_1_58' title="bbox 1886 3243 3476 3316; baseline -0.003 -12"><span class='ocrx_word' id='word_1_447' title='bbox 1886 3265 2034 3305; x_wconf 88' lang='lat' dir='ltr'>mum</span> <span class='ocrx_word' id='word_1_448' title='bbox 2061 3264 2242 3314; x_wconf 91' lang='lat' dir='ltr'><strong>suum,</strong></span> <span class='ocrx_word' id='word_1_449' title='bbox 2274 3256 2330 3303; x_wconf 91' lang='lat' dir='ltr'><strong>et</strong></span> <span class='ocrx_word' id='word_1_450' title='bbox 2365 3247 2452 3303; x_wconf 86' lang='lat' dir='ltr'>vir</span> <span class='ocrx_word' id='word_1_451' title='bbox 2484 3245 2709 3302; x_wconf 81' lang='lat' dir='ltr'><strong>fratrem</strong></span> <span class='ocrx_word' id='word_1_452' title='bbox 2758 3260 2941 3312; x_wconf 87' lang='lat' dir='ltr'><strong>suum,</strong></span> <span class='ocrx_word' id='word_1_453' title='bbox 2985 3244 3178 3301; x_wconf 89' lang='lat' dir='ltr'><strong>dicens</strong></span> <span class='ocrx_word' id='word_1_454' title='bbox 3207 3266 3218 3300; x_wconf 91' lang='lat'><strong>:</strong></span> <span class='ocrx_word' id='word_1_455' title='bbox 3253 3243 3476 3316; x_wconf 84' lang='lat' dir='ltr'><strong>Cogno-</strong></span> 
     </span>
    </p>
   </div>
   <div class='ocr_carea' id='block_1_59' title="bbox 184 3332 1778 3413">
    <p class='ocr_par' dir='ltr' id='par_1_59' title="bbox 184 3332 1776 3406">
     <span class='ocr_line' id='line_1_59' title="bbox 184 3332 1776 3406; baseline -0.001 -16"><span class='ocrx_word' id='word_1_456' title='bbox 184 3343 319 3401; x_wconf 72' lang='grc' dir='ltr'>ὀτος</span> <span class='ocrx_word' id='word_1_457' title='bbox 354 3335 444 3390; x_wconf 72' lang='grc' dir='ltr'>τὸν</span> <span class='ocrx_word' id='word_1_458' title='bbox 479 3336 709 3406; x_wconf 79' lang='grc' dir='ltr'>ἀδελφὸν</span> <span class='ocrx_word' id='word_1_459' title='bbox 746 3334 912 3389; x_wconf 79' lang='grc' dir='ltr'>αὐτοῦ</span> <span class='ocrx_word' id='word_1_460' title='bbox 959 3334 1154 3404; x_wconf 86' lang='grc' dir='ltr'>λέγων,</span> <span class='ocrx_word' id='word_1_461' title='bbox 1205 3334 1380 3389; x_wconf 86' lang='grc' dir='ltr'>Γνῶθι</span> <span class='ocrx_word' id='word_1_462' title='bbox 1422 3332 1511 3389; x_wconf 81' lang='grc' dir='ltr'>τὸν</span> <span class='ocrx_word' id='word_1_463' title='bbox 1554 3335 1776 3406; x_wconf 85' lang='grc' dir='ltr'>Κύριον·</span> 
     </span>
    </p>
   </div>
   <div class='ocr_carea' id='block_1_60' title="bbox 1886 3332 3475 3413">
    <p class='ocr_par' dir='ltr' id='par_1_60' title="bbox 1886 3339 3475 3410">
     <span class='ocr_line' id='line_1_60' title="bbox 1886 3339 3475 3410; baseline -0.002 -12"><span class='ocrx_word' id='word_1_464' title='bbox 1886 3356 1978 3398; x_wconf 91' lang='lat' dir='ltr'>sce</span> <span class='ocrx_word' id='word_1_465' title='bbox 2023 3339 2315 3396; x_wconf 89' lang='lat' dir='ltr'><strong>Dominum</strong></span> <span class='ocrx_word' id='word_1_466' title='bbox 2344 3359 2357 3395; x_wconf 88' lang='lat'><strong>:</strong></span> <span class='ocrx_word' id='word_1_467' title='bbox 2387 3354 2580 3395; x_wconf 90' lang='lat' dir='ltr'><strong>omnes</strong></span> <span class='ocrx_word' id='word_1_468' title='bbox 2607 3339 2752 3394; x_wconf 87' lang='lat' dir='ltr'><strong>enim</strong></span> <span class='ocrx_word' id='word_1_469' title='bbox 2785 3346 3120 3410; x_wconf 80' lang='lat' dir='ltr'><strong>cognOscent</strong></span> <span class='ocrx_word' id='word_1_470' title='bbox 3145 3354 3252 3405; x_wconf 91' lang='lat' dir='ltr'>me,</span> <span class='ocrx_word' id='word_1_471' title='bbox 3297 3354 3329 3392; x_wconf 90' lang='lat' dir='ltr'>a</span> <span class='ocrx_word' id='word_1_472' title='bbox 3370 3339 3475 3395; x_wconf 70' lang='lat' dir='ltr'><strong>ml—</strong></span> 
     </span>
    </p>
   </div>
   <div class='ocr_carea' id='block_1_61' title="bbox 179 3421 1781 3500">
    <p class='ocr_par' dir='ltr' id='par_1_61' title="bbox 179 3421 1781 3500">
     <span class='ocr_line' id='line_1_61' title="bbox 179 3421 1781 3500; baseline -0.002 -17"><span class='ocrx_word' id='word_1_473' title='bbox 179 3421 273 3483; x_wconf 77' lang='grc' dir='ltr'>ὅτι</span> <span class='ocrx_word' id='word_1_474' title='bbox 303 3426 502 3492; x_wconf 79' lang='grc' dir='ltr'>πάντες</span> <span class='ocrx_word' id='word_1_475' title='bbox 536 3427 810 3500; x_wconf 86' lang='grc' dir='ltr'>εἰδήσουσί</span> <span class='ocrx_word' id='word_1_476' title='bbox 844 3444 910 3499; x_wconf 91' lang='grc' dir='ltr'>με</span> <span class='ocrx_word' id='word_1_477' title='bbox 952 3427 1060 3481; x_wconf 84' lang='grc' dir='ltr'>ἀπὸ</span> <span class='ocrx_word' id='word_1_478' title='bbox 1102 3426 1301 3500; x_wconf 84' lang='grc' dir='ltr'>μικροῦ</span> <span class='ocrx_word' id='word_1_479' title='bbox 1344 3427 1524 3482; x_wconf 83' lang='grc' dir='ltr'>αὐτῶν</span> <span class='ocrx_word' id='word_1_480' title='bbox 1556 3426 1660 3491; x_wconf 73' lang='grc' dir='ltr'>ἕως</span> <span class='ocrx_word' id='word_1_481' title='bbox 1686 3444 1781 3498; x_wconf 91' lang='grc' dir='ltr'>με-</span> 
     </span>
    </p>
   </div>
   <div class='ocr_carea' id='block_1_62' title="bbox 179 3514 1781 3590">
    <p class='ocr_par' dir='ltr' id='par_1_62' title="bbox 179 3514 1781 3590">
     <span class='ocr_line' id='line_1_62' title="bbox 179 3514 1781 3590; baseline -0.004 -15"><span class='ocrx_word' id='word_1_482' title='bbox 179 3518 358 3589; x_wconf 77' lang='grc' dir='ltr'>γάλου</span> <span class='ocrx_word' id='word_1_483' title='bbox 406 3518 606 3582; x_wconf 77' lang='grc' dir='ltr'>αὐτῶν,</span> <span class='ocrx_word' id='word_1_484' title='bbox 655 3518 791 3589; x_wconf 76' lang='grc' dir='ltr'>φησὶ</span> <span class='ocrx_word' id='word_1_485' title='bbox 835 3514 1062 3590; x_wconf 85' lang='grc' dir='ltr'>Κύριος·</span> <span class='ocrx_word' id='word_1_486' title='bbox 1110 3517 1193 3571; x_wconf 80' lang='grc' dir='ltr'>ὅτι</span> <span class='ocrx_word' id='word_1_487' title='bbox 1239 3516 1381 3581; x_wconf 84' lang='grc' dir='ltr'>ἵλεος</span> <span class='ocrx_word' id='word_1_488' title='bbox 1419 3517 1616 3589; x_wconf 76' lang='grc' dir='ltr'>ἔσομαι</span> <span class='ocrx_word' id='word_1_489' title='bbox 1658 3519 1781 3580; x_wconf 89' lang='grc' dir='ltr'>ταῖς</span> 
     </span>
    </p>
   </div>
   <div class='ocr_carea' id='block_1_63' title="bbox 181 3606 1779 3681">
    <p class='ocr_par' dir='ltr' id='par_1_63' title="bbox 181 3606 1779 3681">
     <span class='ocr_line' id='line_1_63' title="bbox 181 3606 1779 3681; baseline -0.004 -13"><span class='ocrx_word' id='word_1_490' title='bbox 181 3606 429 3676; x_wconf 74' lang='grc' dir='ltr'>ἀδικίαις</span> <span class='ocrx_word' id='word_1_491' title='bbox 469 3611 681 3675; x_wconf 79' lang='grc' dir='ltr'>αὐτῶν,</span> <span class='ocrx_word' id='word_1_492' title='bbox 725 3610 820 3665; x_wconf 74' lang='grc' dir='ltr'>καὶ</span> <span class='ocrx_word' id='word_1_493' title='bbox 866 3609 976 3663; x_wconf 87' lang='grc' dir='ltr'>τῶν</span> <span class='ocrx_word' id='word_1_494' title='bbox 1028 3609 1313 3681; x_wconf 86' lang='grc' dir='ltr'>ἁμαρτιῶν</span> <span class='ocrx_word' id='word_1_495' title='bbox 1361 3608 1544 3663; x_wconf 86' lang='grc' dir='ltr'>αὐτῶν</span> <span class='ocrx_word' id='word_1_496' title='bbox 1592 3609 1654 3662; x_wconf 79' lang='grc' dir='ltr'>οὐ</span> <span class='ocrx_word' id='word_1_497' title='bbox 1704 3607 1779 3679; x_wconf 83' lang='grc' dir='ltr'>μὴ</span> 
     </span>
    </p>
   </div>
   <div class='ocr_carea' id='block_1_64' title="bbox 187 3699 1783 3775">
    <p class='ocr_par' dir='ltr' id='par_1_64' title="bbox 187 3699 1783 3775">
     <span class='ocr_line' id='line_1_64' title="bbox 187 3699 1783 3775; baseline -0.003 -19"><span class='ocrx_word' id='word_1_498' title='bbox 187 3702 419 3775; x_wconf 79' lang='grc' dir='ltr'>μνησθῶ</span> <span class='ocrx_word' id='word_1_499' title='bbox 441 3703 542 3757; x_wconf 75' lang='grc' dir='ltr'>ἔτι.</span> <span class='ocrx_word' id='word_1_500' title='bbox 578 3723 597 3754; x_wconf 70' lang='grc' dir='ltr'>ι</span> <span class='ocrx_word' id='word_1_501' title='bbox 632 3702 828 3772; x_wconf 84' lang='grc' dir='ltr'>Σαφῶς</span> <span class='ocrx_word' id='word_1_502' title='bbox 864 3704 922 3755; x_wconf 84' lang='grc' dir='ltr'>ἐν</span> <span class='ocrx_word' id='word_1_503' title='bbox 945 3703 1069 3766; x_wconf 83' lang='grc' dir='ltr'>ταῖς</span> <span class='ocrx_word' id='word_1_504' title='bbox 1096 3700 1379 3764; x_wconf 80' lang='grc' dir='ltr'>ἐπιούσαις</span> <span class='ocrx_word' id='word_1_505' title='bbox 1407 3699 1645 3772; x_wconf 79' lang='grc' dir='ltr'>ἡμέραις</span> <span class='ocrx_word' id='word_1_506' title='bbox 1666 3717 1783 3754; x_wconf 78' lang='grc' dir='ltr'>καιο</span> 
     </span>
    </p>
   </div>
   <div class='ocr_carea' id='block_1_65' title="bbox 182 3789 1780 3868">
    <p class='ocr_par' dir='ltr' id='par_1_65' title="bbox 182 3789 1780 3868">
     <span class='ocr_line' id='line_1_65' title="bbox 182 3789 1780 3868; baseline -0.003 -19"><span class='ocrx_word' id='word_1_507' title='bbox 182 3794 288 3867; x_wconf 78' lang='grc' dir='ltr'>νὴν</span> <span class='ocrx_word' id='word_1_508' title='bbox 310 3796 573 3868; x_wconf 78' lang='grc' dir='ltr'>διαθήκην</span> <span class='ocrx_word' id='word_1_509' title='bbox 595 3797 623 3848; x_wconf 96' lang='lat'>6</span> <span class='ocrx_word' id='word_1_510' title='bbox 645 3794 846 3867; x_wconf 85' lang='grc' dir='ltr'>Κύριος</span> <span class='ocrx_word' id='word_1_511' title='bbox 872 3792 1224 3865; x_wconf 86' lang='grc' dir='ltr'>διαθήσεσθαι</span> <span class='ocrx_word' id='word_1_512' title='bbox 1256 3789 1629 3863; x_wconf 77' lang='grc' dir='ltr'>προθεσπίζει·</span> <span class='ocrx_word' id='word_1_513' title='bbox 1657 3809 1780 3844; x_wconf 88' lang='grc' dir='ltr'>και-</span> 
     </span>
    </p>
   </div>
   <div class='ocr_carea' id='block_1_66' title="bbox 183 3884 1778 3961">
    <p class='ocr_par' dir='ltr' id='par_1_66' title="bbox 183 3884 1778 3961">
     <span class='ocr_line' id='line_1_66' title="bbox 183 3884 1778 3961; baseline 0.001 -20"><span class='ocrx_word' id='word_1_514' title='bbox 183 3889 288 3961; x_wconf 74' lang='grc' dir='ltr'>νὴν</span> <span class='ocrx_word' id='word_1_515' title='bbox 338 3889 396 3944; x_wconf 86' lang='grc' dir='ltr'>δέ</span> <span class='ocrx_word' id='word_1_516' title='bbox 442 3889 523 3960; x_wconf 84' lang='grc' dir='ltr'>τῷ</span> <span class='ocrx_word' id='word_1_517' title='bbox 558 3889 728 3961; x_wconf 79' lang='grc' dir='ltr'>μηδὲν</span> <span class='ocrx_word' id='word_1_518' title='bbox 783 3888 929 3961; x_wconf 77' lang='grc' dir='ltr'>ἔχειν</span> <span class='ocrx_word' id='word_1_519' title='bbox 976 3888 1162 3960; x_wconf 85' lang='grc' dir='ltr'>ὅμοιον</span> <span class='ocrx_word' id='word_1_520' title='bbox 1204 3884 1270 3961; x_wconf 79' lang='grc' dir='ltr'>τῇ</span> <span class='ocrx_word' id='word_1_521' title='bbox 1319 3887 1546 3960; x_wconf 84' lang='grc' dir='ltr'>παλαιᾷ,</span> <span class='ocrx_word' id='word_1_522' title='bbox 1594 3888 1660 3959; x_wconf 81' lang='grc' dir='ltr'>ἢν</span> <span class='ocrx_word' id='word_1_523' title='bbox 1691 3888 1778 3942; x_wconf 82' lang='grc' dir='ltr'>διὰ</span> 
     </span>
    </p>
   </div>
   <div class='ocr_carea' id='block_1_67' title="bbox 181 3978 1773 4052">
    <p class='ocr_par' dir='ltr' id='par_1_67' title="bbox 181 3978 1773 4052">
     <span class='ocr_line' id='line_1_67' title="bbox 181 3978 1773 4052; baseline 0 -19"><span class='ocrx_word' id='word_1_524' title='bbox 181 3980 467 4044; x_wconf 86' lang='grc' dir='ltr'>Μωῦσέως</span> <span class='ocrx_word' id='word_1_525' title='bbox 522 3980 581 4032; x_wconf 85' lang='grc' dir='ltr'>ἐν</span> <span class='ocrx_word' id='word_1_526' title='bbox 623 3983 691 4051; x_wconf 82' lang='grc' dir='ltr'>τῇ</span> <span class='ocrx_word' id='word_1_527' title='bbox 724 3981 916 4052; x_wconf 83' lang='grc' dir='ltr'>ἐρήμῳ</span> <span class='ocrx_word' id='word_1_528' title='bbox 951 3980 1196 4033; x_wconf 90' lang='grc' dir='ltr'>δοθεῖσαν</span> <span class='ocrx_word' id='word_1_529' title='bbox 1245 3978 1773 4051; x_wconf 82' lang='grc' dir='ltr'>προμεμαθήκαμεν.</span> 
     </span>
    </p>
   </div>
   <div class='ocr_carea' id='block_1_68' title="bbox 180 4068 1777 4140">
    <p class='ocr_par' dir='ltr' id='par_1_68' title="bbox 180 4068 1777 4140">
     <span class='ocr_line' id='line_1_68' title="bbox 180 4068 1777 4140; baseline -0.002 -17"><span class='ocrx_word' id='word_1_530' title='bbox 180 4068 255 4123; x_wconf 91' lang='grc' dir='ltr'>Τί</span> <span class='ocrx_word' id='word_1_531' title='bbox 283 4068 326 4121; x_wconf 76' lang='grc' dir='ltr'>δ’</span> <span class='ocrx_word' id='word_1_532' title='bbox 354 4070 420 4122; x_wconf 81' lang='grc' dir='ltr'>ἂν</span> <span class='ocrx_word' id='word_1_533' title='bbox 452 4069 590 4139; x_wconf 81' lang='grc' dir='ltr'>πρὸς</span> <span class='ocrx_word' id='word_1_534' title='bbox 623 4069 798 4123; x_wconf 78' lang='grc' dir='ltr'>ταῦτα</span> <span class='ocrx_word' id='word_1_535' title='bbox 826 4071 982 4139; x_wconf 85' lang='grc' dir='ltr'>φαῖεν</span> <span class='ocrx_word' id='word_1_536' title='bbox 1007 4071 1055 4122; x_wconf 87' lang='grc' dir='ltr'>οί</span> <span class='ocrx_word' id='word_1_537' title='bbox 1085 4071 1148 4122; x_wconf 84' lang='grc' dir='ltr'>ἐκ</span> <span class='ocrx_word' id='word_1_538' title='bbox 1178 4071 1501 4140; x_wconf 81' lang='grc' dir='ltr'>περιτομῆς,</span> <span class='ocrx_word' id='word_1_539' title='bbox 1530 4068 1777 4139; x_wconf 87' lang='grc' dir='ltr'>ἐναργῶς</span> 
     </span>
    </p>
   </div>
   <div class='ocr_carea' id='block_1_69' title="bbox 181 4159 1779 4233">
    <p class='ocr_par' dir='ltr' id='par_1_69' title="bbox 181 4159 1779 4233">
     <span class='ocr_line' id='line_1_69' title="bbox 181 4159 1779 4233; baseline -0.001 -18"><span class='ocrx_word' id='word_1_540' title='bbox 181 4159 519 4215; x_wconf 81' lang='grc' dir='ltr'>ἀποϐλέπειν</span> <span class='ocrx_word' id='word_1_541' title='bbox 542 4160 944 4233; x_wconf 82' lang='grc' dir='ltr'>ἐπιχειροῦντες</span> <span class='ocrx_word' id='word_1_542' title='bbox 966 4163 1088 4225; x_wconf 85' lang='grc' dir='ltr'>ταῖς</span> <span class='ocrx_word' id='word_1_543' title='bbox 1115 4159 1496 4232; x_wconf 78' lang='grc' dir='ltr'>προφητείαις,</span> <span class='ocrx_word' id='word_1_544' title='bbox 1526 4160 1619 4213; x_wconf 69' lang='grc' dir='ltr'>καὶ</span> <span class='ocrx_word' id='word_1_545' title='bbox 1649 4161 1779 4232; x_wconf 80' lang='grc' dir='ltr'>μᾶλ-</span> 
     </span>
    </p>
   </div>
   <div class='ocr_carea' id='block_1_70' title="bbox 179 4249 1772 4323">
    <p class='ocr_par' dir='ltr' id='par_1_70' title="bbox 179 4249 1772 4323">
     <span class='ocr_line' id='line_1_70' title="bbox 179 4249 1772 4323; baseline 0.001 -19"><span class='ocrx_word' id='word_1_546' title='bbox 179 4249 278 4305; x_wconf 80' lang='grc' dir='ltr'>λον</span> <span class='ocrx_word' id='word_1_547' title='bbox 310 4250 625 4322; x_wconf 84' lang='grc' dir='ltr'>αἱρούμενοι</span> <span class='ocrx_word' id='word_1_548' title='bbox 662 4251 871 4315; x_wconf 85' lang='grc' dir='ltr'>ἀτελεῖς</span> <span class='ocrx_word' id='word_1_549' title='bbox 913 4250 1083 4316; x_wconf 84' lang='grc' dir='ltr'>αὐτὰς</span> <span class='ocrx_word' id='word_1_550' title='bbox 1114 4250 1480 4305; x_wconf 77' lang='grc' dir='ltr'>ἐπιδεικνύναι</span> <span class='ocrx_word' id='word_1_551' title='bbox 1518 4252 1552 4323; x_wconf 80' lang='grc' dir='ltr'>ἢ</span> <span class='ocrx_word' id='word_1_552' title='bbox 1589 4251 1772 4306; x_wconf 90' lang='grc' dir='ltr'>πείθε-</span> 
     </span>
    </p>
   </div>
   <div class='ocr_carea' id='block_1_71' title="bbox 184 4338 1774 4416">
    <p class='ocr_par' dir='ltr' id='par_1_71' title="bbox 184 4338 1774 4416">
     <span class='ocr_line' id='line_1_71' title="bbox 184 4338 1774 4416; baseline 0 -19"><span class='ocrx_word' id='word_1_553' title='bbox 184 4342 314 4397; x_wconf 85' lang='grc' dir='ltr'>σθαι</span> <span class='ocrx_word' id='word_1_554' title='bbox 345 4346 412 4414; x_wconf 78' lang='grc' dir='ltr'>τῇ</span> <span class='ocrx_word' id='word_1_555' title='bbox 459 4343 705 4416; x_wconf 77' lang='grc' dir='ltr'>ἀληθείᾳ,</span> <span class='ocrx_word' id='word_1_556' title='bbox 741 4343 831 4397; x_wconf 87' lang='grc' dir='ltr'>διὰ</span> <span class='ocrx_word' id='word_1_557' title='bbox 872 4343 965 4397; x_wconf 80' lang='grc' dir='ltr'>τοῦ</span> <span class='ocrx_word' id='word_1_558' title='bbox 1012 4338 1412 4415; x_wconf 81' lang='grc' dir='ltr'>παραδέχεσθαι</span> <span class='ocrx_word' id='word_1_559' title='bbox 1441 4344 1539 4416; x_wconf 79' lang='grc' dir='ltr'>τὴν</span> <span class='ocrx_word' id='word_1_560' title='bbox 1581 4344 1774 4415; x_wconf 77' lang='grc' dir='ltr'>καινὴν</span> 
     </span>
    </p>
   </div>
   <div class='ocr_carea' id='block_1_72' title="bbox 179 4430 1772 4507">
    <p class='ocr_par' dir='ltr' id='par_1_72' title="bbox 179 4430 1772 4507">
     <span class='ocr_line' id='line_1_72' title="bbox 179 4430 1772 4507; baseline 0.003 -22"><span class='ocrx_word' id='word_1_561' title='bbox 179 4430 296 4485; x_wconf 83' lang='grc' dir='ltr'>τῶν</span> <span class='ocrx_word' id='word_1_562' title='bbox 339 4432 688 4501; x_wconf 77' lang='grc' dir='ltr'>Εὐαγγελιῶν</span> <span class='ocrx_word' id='word_1_563' title='bbox 732 4432 828 4488; x_wconf 82' lang='grc' dir='ltr'>τοῦ</span> <span class='ocrx_word' id='word_1_564' title='bbox 882 4433 1134 4506; x_wconf 82' lang='grc' dir='ltr'>Σωτῆρος</span> <span class='ocrx_word' id='word_1_565' title='bbox 1177 4433 1335 4506; x_wconf 84' lang='grc' dir='ltr'>ήμῶν</span> <span class='ocrx_word' id='word_1_566' title='bbox 1376 4433 1663 4507; x_wconf 83' lang='grc' dir='ltr'>διαθήκην,</span> <span class='ocrx_word' id='word_1_567' title='bbox 1704 4431 1772 4507; x_wconf 83' lang='grc' dir='ltr'>ἦς</span> 
     </span>
    </p>
   </div>
   <div class='ocr_carea' id='block_1_73' title="bbox 182 4524 1773 4598">
    <p class='ocr_par' dir='ltr' id='par_1_73' title="bbox 182 4524 1773 4598">
     <span class='ocr_line' id='line_1_73' title="bbox 182 4524 1773 4598; baseline 0.003 -23"><span class='ocrx_word' id='word_1_568' title='bbox 182 4525 640 4595; x_wconf 81' lang='grc' dir='ltr'>παραγενομένης</span> <span class='ocrx_word' id='word_1_569' title='bbox 672 4524 1048 4578; x_wconf 85' lang='grc' dir='ltr'>πεπαλαίωται</span> <span class='ocrx_word' id='word_1_570' title='bbox 1078 4528 1111 4597; x_wconf 88' lang='grc' dir='ltr'>ή</span> <span class='ocrx_word' id='word_1_571' title='bbox 1148 4524 1361 4597; x_wconf 83' lang='grc' dir='ltr'>πρώτη,</span> <span class='ocrx_word' id='word_1_572' title='bbox 1399 4527 1572 4598; x_wconf 84' lang='grc' dir='ltr'>πέρας</span> <span class='ocrx_word' id='word_1_573' title='bbox 1602 4528 1773 4598; x_wconf 86' lang='grc' dir='ltr'>ῐσχειν</span> 
     </span>
    </p>
   </div>
   <div class='ocr_carea' id='block_1_74' title="bbox 180 4613 1770 4691">
    <p class='ocr_par' dir='ltr' id='par_1_74' title="bbox 180 4613 1770 4691">
     <span class='ocr_line' id='line_1_74' title="bbox 180 4613 1770 4691; baseline 0.003 -24"><span class='ocrx_word' id='word_1_574' title='bbox 180 4613 468 4685; x_wconf 77' lang='grc' dir='ltr'>ἀρξαμένη</span> <span class='ocrx_word' id='word_1_575' title='bbox 493 4615 553 4679; x_wconf 83' lang='grc' dir='ltr'>ἐξ</span> <span class='ocrx_word' id='word_1_576' title='bbox 573 4616 695 4669; x_wconf 81' lang='grc' dir='ltr'>ὅτου</span> <span class='ocrx_word' id='word_1_577' title='bbox 721 4617 1166 4688; x_wconf 84' lang='grc' dir='ltr'>παραγενόμενος</span> <span class='ocrx_word' id='word_1_578' title='bbox 1185 4620 1214 4671; x_wconf 86' lang='lat'>6</span> <span class='ocrx_word' id='word_1_579' title='bbox 1232 4618 1464 4689; x_wconf 86' lang='grc' dir='ltr'>Χριστὸς</span> <span class='ocrx_word' id='word_1_580' title='bbox 1485 4618 1770 4691; x_wconf 82' lang='grc' dir='ltr'>ἐπλήρωσε</span> 
     </span>
    </p>
   </div>
   <div class='ocr_carea' id='block_1_75' title="bbox 1886 3433 3470 3504">
    <p class='ocr_par' dir='ltr' id='par_1_75' title="bbox 1886 3433 3470 3504">
     <span class='ocr_line' id='line_1_75' title="bbox 1886 3433 3470 3504; baseline -0.001 -13"><span class='ocrx_word' id='word_1_581' title='bbox 1886 3435 2039 3491; x_wconf 90' lang='lat' dir='ltr'><strong>nimo</strong></span> <span class='ocrx_word' id='word_1_582' title='bbox 2083 3451 2276 3490; x_wconf 89' lang='lat' dir='ltr'><strong>eorum</strong></span> <span class='ocrx_word' id='word_1_583' title='bbox 2329 3447 2505 3504; x_wconf 86' lang='lat' dir='ltr'><strong>usque</strong></span> <span class='ocrx_word' id='word_1_584' title='bbox 2554 3434 2623 3489; x_wconf 91' lang='lat' dir='ltr'>ad</span> <span class='ocrx_word' id='word_1_585' title='bbox 2670 3434 2992 3501; x_wconf 77' lang='lat' dir='ltr'><strong>maximum,</strong></span> <span class='ocrx_word' id='word_1_586' title='bbox 3044 3434 3121 3489; x_wconf 87' lang='lat' dir='ltr'>ait</span> <span class='ocrx_word' id='word_1_587' title='bbox 3168 3433 3470 3497; x_wconf 86' lang='lat' dir='ltr'><strong>Dominus.</strong></span> 
     </span>
    </p>
   </div>
   <div class='ocr_carea' id='block_1_76' title="bbox 1887 3524 3470 3597">
    <p class='ocr_par' dir='ltr' id='par_1_76' title="bbox 1887 3524 3470 3597">
     <span class='ocr_line' id='line_1_76' title="bbox 1887 3524 3470 3597; baseline 0.001 -18"><span class='ocrx_word' id='word_1_588' title='bbox 1887 3526 2016 3597; x_wconf 88' lang='lat' dir='ltr'><strong>quia</strong></span> <span class='ocrx_word' id='word_1_589' title='bbox 2047 3525 2387 3596; x_wconf 82' lang='lat' dir='ltr'><strong>propitiabor</strong></span> <span class='ocrx_word' id='word_1_590' title='bbox 2417 3524 2694 3595; x_wconf 86' lang='lat' dir='ltr'><strong>iniquitati</strong></span> <span class='ocrx_word' id='word_1_591' title='bbox 2724 3532 3009 3588; x_wconf 88' lang='lat' dir='ltr'><strong>corum,et</strong></span> <span class='ocrx_word' id='word_1_592' title='bbox 3038 3525 3251 3596; x_wconf 85' lang='lat' dir='ltr'><strong>peccati</strong></span> <span class='ocrx_word' id='word_1_593' title='bbox 3278 3535 3470 3582; x_wconf 88' lang='lat' dir='ltr'><strong>eorunt</strong></span> 
     </span>
    </p>
   </div>
   <div class='ocr_carea' id='block_1_77' title="bbox 1885 3615 3470 3689">
    <p class='ocr_par' dir='ltr' id='par_1_77' title="bbox 1885 3615 3470 3689">
     <span class='ocr_line' id='line_1_77' title="bbox 1885 3615 3470 3689; baseline -0.001 -16"><span class='ocrx_word' id='word_1_594' title='bbox 1885 3633 1994 3673; x_wconf 88' lang='lat' dir='ltr'>non</span> <span class='ocrx_word' id='word_1_595' title='bbox 2025 3618 2372 3673; x_wconf 87' lang='lat' dir='ltr'><strong>memorabor</strong></span> <span class='ocrx_word' id='word_1_596' title='bbox 2399 3617 2637 3689; x_wconf 81' lang='lat' dir='ltr'><strong>amplius</strong></span> <span class='ocrx_word' id='word_1_597' title='bbox 2660 3615 2724 3671; x_wconf 82' lang='grc'>¹⁶.</span> <span class='ocrx_word' id='word_1_598' title='bbox 2762 3634 2780 3669; x_wconf 77' lang='grc' dir='ltr'>ι</span> <span class='ocrx_word' id='word_1_599' title='bbox 2819 3615 3108 3673; x_wconf 78' lang='lat' dir='ltr'><strong>Manifeste</strong></span> <span class='ocrx_word' id='word_1_600' title='bbox 3136 3616 3193 3670; x_wconf 93' lang='lat' dir='ltr'>in</span> <span class='ocrx_word' id='word_1_601' title='bbox 3232 3632 3470 3687; x_wconf 36' lang='lat' dir='ltr'><strong>sequene</strong></span> 
     </span>
    </p>
   </div>
   <div class='ocr_carea' id='block_1_78' title="bbox 1885 3705 3472 3766">
    <p class='ocr_par' dir='ltr' id='par_1_78' title="bbox 1885 3705 3472 3766">
     <span class='ocr_line' id='line_1_78' title="bbox 1885 3705 3472 3766; baseline -0.001 -2"><span class='ocrx_word' id='word_1_602' title='bbox 1885 3710 2034 3766; x_wconf 85' lang='lat' dir='ltr'><strong>tibus</strong></span> <span class='ocrx_word' id='word_1_603' title='bbox 2077 3709 2274 3766; x_wconf 89' lang='lat' dir='ltr'><strong>diebus</strong></span> <span class='ocrx_word' id='word_1_604' title='bbox 2326 3724 2532 3765; x_wconf 90' lang='lat' dir='ltr'><strong>novum</strong></span> <span class='ocrx_word' id='word_1_605' title='bbox 2587 3713 2976 3764; x_wconf 86' lang='lat' dir='ltr'><strong>testamentum</strong></span> <span class='ocrx_word' id='word_1_606' title='bbox 3026 3705 3292 3762; x_wconf 88' lang='lat' dir='ltr'><strong>Dominus</strong></span> <span class='ocrx_word' id='word_1_607' title='bbox 3340 3720 3371 3762; x_wconf 69' lang='grc' dir='ltr'>ι</span> <span class='ocrx_word' id='word_1_608' title='bbox 3411 3721 3472 3763; x_wconf 86' lang='lat' dir='ltr'><strong>se</strong></span> 
     </span>
    </p>
   </div>
   <div class='ocr_carea' id='block_1_79' title="bbox 1885 3798 3470 3872">
    <p class='ocr_par' dir='ltr' id='par_1_79' title="bbox 1885 3798 3470 3872">
     <span class='ocr_line' id='line_1_79' title="bbox 1885 3798 3470 3872; baseline -0.001 -16"><span class='ocrx_word' id='word_1_609' title='bbox 1885 3801 2189 3857; x_wconf 83' lang='lat' dir='ltr'><strong>feriendum</strong></span> <span class='ocrx_word' id='word_1_610' title='bbox 2233 3800 2592 3872; x_wconf 87' lang='lat' dir='ltr'><strong>pronuntiat;</strong></span> <span class='ocrx_word' id='word_1_611' title='bbox 2639 3815 2863 3864; x_wconf 90' lang='lat' dir='ltr'><strong>novum,</strong></span> <span class='ocrx_word' id='word_1_612' title='bbox 2907 3798 3111 3870; x_wconf 89' lang='lat' dir='ltr'><strong>quippe</strong></span> <span class='ocrx_word' id='word_1_613' title='bbox 3153 3798 3299 3869; x_wconf 89' lang='lat' dir='ltr'><strong>quod</strong></span> <span class='ocrx_word' id='word_1_614' title='bbox 3330 3799 3470 3854; x_wconf 90' lang='lat' dir='ltr'><strong>nihil</strong></span> 
     </span>
    </p>
   </div>
   <div class='ocr_carea' id='block_1_80' title="bbox 1882 3888 3471 3965">
    <p class='ocr_par' dir='ltr' id='par_1_80' title="bbox 1882 3888 3471 3965">
     <span class='ocr_line' id='line_1_80' title="bbox 1882 3888 3471 3965; baseline -0.001 -18"><span class='ocrx_word' id='word_1_615' title='bbox 1882 3894 2051 3949; x_wconf 84' lang='lat' dir='ltr'><strong>veteri</strong></span> <span class='ocrx_word' id='word_1_616' title='bbox 2071 3894 2248 3950; x_wconf 89' lang='lat' dir='ltr'><strong>simile</strong></span> <span class='ocrx_word' id='word_1_617' title='bbox 2266 3894 2609 3965; x_wconf 83' lang='lat' dir='ltr'><strong>haberet,per</strong></span> <span class='ocrx_word' id='word_1_618' title='bbox 2624 3888 2845 3965; x_wconf 74' lang='lat' dir='ltr'><strong>Moysen</strong></span> <span class='ocrx_word' id='word_1_619' title='bbox 2867 3893 2925 3948; x_wconf 90' lang='lat' dir='ltr'>in</span> <span class='ocrx_word' id='word_1_620' title='bbox 2944 3890 3164 3947; x_wconf 83' lang='lat' dir='ltr'><strong>deserto</strong></span> <span class='ocrx_word' id='word_1_621' title='bbox 3180 3891 3471 3962; x_wconf 59' lang='lat' dir='ltr'><strong>pervulga»</strong></span> 
     </span>
    </p>
   </div>
   <div class='ocr_carea' id='block_1_81' title="bbox 1883 3984 3469 4058">
    <p class='ocr_par' dir='ltr' id='par_1_81' title="bbox 1883 3984 3469 4058">
     <span class='ocr_line' id='line_1_81' title="bbox 1883 3984 3469 4058; baseline -0.001 -17"><span class='ocrx_word' id='word_1_622' title='bbox 1883 3996 2019 4044; x_wconf 92' lang='lat' dir='ltr'><strong>tum.</strong></span> <span class='ocrx_word' id='word_1_623' title='bbox 2050 3985 2191 4054; x_wconf 83' lang='lat' dir='ltr'><strong>Quid</strong></span> <span class='ocrx_word' id='word_1_624' title='bbox 2234 3988 2302 4043; x_wconf 89' lang='lat' dir='ltr'>ad</span> <span class='ocrx_word' id='word_1_625' title='bbox 2357 3988 2474 4043; x_wconf 65' lang='lat' dir='ltr'>hmo</span> <span class='ocrx_word' id='word_1_626' title='bbox 2526 3988 2923 4058; x_wconf 86' lang='lat' dir='ltr'><strong>responderent</strong></span> <span class='ocrx_word' id='word_1_627' title='bbox 2964 3984 3159 4054; x_wconf 78' lang='lat' dir='ltr'><strong>Judaei,</strong></span> <span class='ocrx_word' id='word_1_628' title='bbox 3190 3986 3383 4042; x_wconf 90' lang='lat' dir='ltr'><strong>oculos</strong></span> <span class='ocrx_word' id='word_1_629' title='bbox 3436 3999 3469 4040; x_wconf 86' lang='lat' dir='ltr'>a</span> 
     </span>
    </p>
   </div>
   <div class='ocr_carea' id='block_1_82' title="bbox 1883 4077 3468 4149">
    <p class='ocr_par' dir='ltr' id='par_1_82' title="bbox 1883 4077 3468 4149">
     <span class='ocr_line' id='line_1_82' title="bbox 1883 4077 3468 4149; baseline -0.001 -16"><span class='ocrx_word' id='word_1_630' title='bbox 1883 4080 2186 4149; x_wconf 88' lang='lat' dir='ltr'><strong>prophetiis</strong></span> <span class='ocrx_word' id='word_1_631' title='bbox 2248 4086 2496 4135; x_wconf 89' lang='lat' dir='ltr'><strong>avertere</strong></span> <span class='ocrx_word' id='word_1_632' title='bbox 2542 4088 2804 4135; x_wconf 89' lang='lat' dir='ltr'><strong>conantes</strong></span> <span class='ocrx_word' id='word_1_633' title='bbox 2833 4117 2851 4144; x_wconf 89' lang='lat'>,</span> <span class='ocrx_word' id='word_1_634' title='bbox 2905 4093 3107 4148; x_wconf 83' lang='lat' dir='ltr'><strong>easque</strong></span> <span class='ocrx_word' id='word_1_635' title='bbox 3166 4077 3468 4147; x_wconf 80' lang='lat' dir='ltr'><strong>inexpletas</strong></span> 
     </span>
    </p>
   </div>
   <div class='ocr_carea' id='block_1_83' title="bbox 1881 4165 3464 4240">
    <p class='ocr_par' dir='ltr' id='par_1_83' title="bbox 1881 4165 3464 4240">
     <span class='ocr_line' id='line_1_83' title="bbox 1881 4165 3464 4240; baseline -0.001 -17"><span class='ocrx_word' id='word_1_636' title='bbox 1881 4185 2048 4240; x_wconf 88' lang='lat' dir='ltr'><strong>quam</strong></span> <span class='ocrx_word' id='word_1_637' title='bbox 2077 4185 2236 4225; x_wconf 89' lang='lat' dir='ltr'><strong>veras</strong></span> <span class='ocrx_word' id='word_1_638' title='bbox 2266 4169 2499 4225; x_wconf 85' lang='lat' dir='ltr'><strong>inveniri</strong></span> <span class='ocrx_word' id='word_1_639' title='bbox 2537 4169 2828 4234; x_wconf 87' lang='lat' dir='ltr'><strong>malentes,</strong></span> <span class='ocrx_word' id='word_1_640' title='bbox 2864 4171 3089 4239; x_wconf 82' lang='lat' dir='ltr'><strong>accepto</strong></span> <span class='ocrx_word' id='word_1_641' title='bbox 3139 4165 3464 4238; x_wconf 84' lang='lat' dir='ltr'><strong>Evangelio-</strong></span> 
     </span>
    </p>
   </div>
   <div class='ocr_carea' id='block_1_84' title="bbox 1880 4256 3465 4330">
    <p class='ocr_par' dir='ltr' id='par_1_84' title="bbox 1880 4256 3465 4330">
     <span class='ocr_line' id='line_1_84' title="bbox 1880 4256 3465 4330; baseline -0.001 -14"><span class='ocrx_word' id='word_1_642' title='bbox 1880 4277 2004 4316; x_wconf 88' lang='lat' dir='ltr'>rum</span> <span class='ocrx_word' id='word_1_643' title='bbox 2058 4256 2361 4318; x_wconf 88' lang='lat' dir='ltr'><strong>Salvatoris</strong></span> <span class='ocrx_word' id='word_1_644' title='bbox 2400 4261 2576 4316; x_wconf 86' lang='lat' dir='ltr'><strong>nostri</strong></span> <span class='ocrx_word' id='word_1_645' title='bbox 2635 4262 2989 4326; x_wconf 82' lang='lat' dir='ltr'><strong>testamento,</strong></span> <span class='ocrx_word' id='word_1_646' title='bbox 3039 4270 3152 4330; x_wconf 91' lang='lat' dir='ltr'>quo</span> <span class='ocrx_word' id='word_1_647' title='bbox 3199 4273 3465 4329; x_wconf 48' lang='lat' dir='ltr'><strong>supervee</strong></span> 
     </span>
    </p>
   </div>
   <div class='ocr_carea' id='block_1_85' title="bbox 1880 4352 3464 4427">
    <p class='ocr_par' dir='ltr' id='par_1_85' title="bbox 1880 4352 3464 4427">
     <span class='ocr_line' id='line_1_85' title="bbox 1880 4352 3464 4427; baseline -0.002 -17"><span class='ocrx_word' id='word_1_648' title='bbox 1880 4355 2065 4411; x_wconf 88' lang='lat' dir='ltr'><strong>niente</strong></span> <span class='ocrx_word' id='word_1_649' title='bbox 2109 4355 2262 4427; x_wconf 86' lang='lat' dir='ltr'><strong>prius</strong></span> <span class='ocrx_word' id='word_1_650' title='bbox 2304 4356 2666 4411; x_wconf 88' lang='lat' dir='ltr'><strong>inveteratum</strong></span> <span class='ocrx_word' id='word_1_651' title='bbox 2700 4362 2825 4421; x_wconf 88' lang='lat' dir='ltr'><strong>est;</strong></span> <span class='ocrx_word' id='word_1_652' title='bbox 2861 4353 3005 4427; x_wconf 84' lang='lat' dir='ltr'><strong>quod</strong></span> <span class='ocrx_word' id='word_1_653' title='bbox 3040 4352 3261 4424; x_wconf 90' lang='lat' dir='ltr'><strong>quidem</strong></span> <span class='ocrx_word' id='word_1_654' title='bbox 3310 4352 3464 4409; x_wconf 85' lang='lat' dir='ltr'><strong>desi-</strong></span> 
     </span>
    </p>
   </div>
   <div class='ocr_carea' id='block_1_86' title="bbox 1878 4445 3462 4519">
    <p class='ocr_par' dir='ltr' id='par_1_86' title="bbox 1878 4445 3462 4519">
     <span class='ocr_line' id='line_1_86' title="bbox 1878 4445 3462 4519; baseline -0.002 -16"><span class='ocrx_word' id='word_1_655' title='bbox 1878 4464 2011 4504; x_wconf 87' lang='lat' dir='ltr'><strong>nere</strong></span> <span class='ocrx_word' id='word_1_656' title='bbox 2061 4448 2228 4519; x_wconf 84' lang='lat' dir='ltr'><strong>coepit</strong></span> <span class='ocrx_word' id='word_1_657' title='bbox 2275 4456 2339 4504; x_wconf 72' lang='lat' dir='ltr'><strong>ex</strong></span> <span class='ocrx_word' id='word_1_658' title='bbox 2384 4456 2495 4519; x_wconf 82' lang='lat' dir='ltr'><strong>qtto</strong></span> <span class='ocrx_word' id='word_1_659' title='bbox 2544 4447 2938 4518; x_wconf 80' lang='lat' dir='ltr'><strong>superveniens</strong></span> <span class='ocrx_word' id='word_1_660' title='bbox 2982 4445 3237 4501; x_wconf 87' lang='lat' dir='ltr'><strong>Christus</strong></span> <span class='ocrx_word' id='word_1_661' title='bbox 3287 4445 3462 4517; x_wconf 85' lang='lat' dir='ltr'><strong>legem</strong></span> 
     </span>
    </p>
   </div>
   <div class='ocr_carea' id='block_1_87' title="bbox 1878 4534 3462 4608">
    <p class='ocr_par' dir='ltr' id='par_1_87' title="bbox 1878 4534 3462 4608">
     <span class='ocr_line' id='line_1_87' title="bbox 1878 4534 3462 4608; baseline -0.001 -17"><span class='ocrx_word' id='word_1_662' title='bbox 1878 4545 2044 4607; x_wconf 90' lang='lat' dir='ltr'><strong>atque</strong></span> <span class='ocrx_word' id='word_1_663' title='bbox 2098 4536 2168 4592; x_wconf 88' lang='lat' dir='ltr'>de</span> <span class='ocrx_word' id='word_1_664' title='bbox 2218 4551 2279 4593; x_wconf 90' lang='lat' dir='ltr'><strong>se</strong></span> <span class='ocrx_word' id='word_1_665' title='bbox 2328 4537 2448 4608; x_wconf 90' lang='lat' dir='ltr'><strong>ipso</strong></span> <span class='ocrx_word' id='word_1_666' title='bbox 2497 4537 2814 4608; x_wconf 73' lang='lat' dir='ltr'><strong>prophetiae</strong></span> <span class='ocrx_word' id='word_1_667' title='bbox 2863 4536 3126 4607; x_wconf 85' lang='lat' dir='ltr'><strong>implevit.</strong></span> <span class='ocrx_word' id='word_1_668' title='bbox 3184 4534 3462 4591; x_wconf 84' lang='lat' dir='ltr'><strong>Venturos</strong></span> 
     </span>
    </p>
   </div>
   <div class='ocr_carea' id='block_1_88' title="bbox 1878 4626 3463 4701">
    <p class='ocr_par' dir='ltr' id='par_1_88' title="bbox 1878 4626 3463 4701">
     <span class='ocr_line' id='line_1_88' title="bbox 1878 4626 3463 4701; baseline 0.001 -18"><span class='ocrx_word' id='word_1_669' title='bbox 1878 4629 2045 4700; x_wconf 88' lang='lat' dir='ltr'><strong>igitur</strong></span> <span class='ocrx_word' id='word_1_670' title='bbox 2070 4628 2204 4684; x_wconf 90' lang='lat' dir='ltr'><strong>dicit</strong></span> <span class='ocrx_word' id='word_1_671' title='bbox 2233 4629 2371 4696; x_wconf 90' lang='lat' dir='ltr'><strong>dies,</strong></span> <span class='ocrx_word' id='word_1_672' title='bbox 2420 4630 2623 4701; x_wconf 81' lang='lat' dir='ltr'><strong>quibus</strong></span> <span class='ocrx_word' id='word_1_673' title='bbox 2670 4629 2828 4685; x_wconf 80' lang='lat' dir='ltr'><strong>feriet</strong></span> <span class='ocrx_word' id='word_1_674' title='bbox 2869 4626 3135 4686; x_wconf 90' lang='lat' dir='ltr'><strong>Dominus</strong></span> <span class='ocrx_word' id='word_1_675' title='bbox 3164 4634 3463 4685; x_wconf 88' lang='lat' dir='ltr'><strong>testamen-</strong></span> 
     </span>
    </p>
   </div>
   <div class='ocr_carea' id='block_1_89' title="bbox 180 4700 1778 4794">
    <p class='ocr_par' dir='ltr' id='par_1_89' title="bbox 180 4700 1772 4794">
     <span class='ocr_line' id='line_1_89' title="bbox 180 4700 1772 4794; baseline 0.003 -35"><span class='ocrx_word' id='word_1_676' title='bbox 180 4705 276 4794; x_wconf 78' lang='grc' dir='ltr'>τδν</span> <span class='ocrx_word' id='word_1_677' title='bbox 305 4706 475 4777; x_wconf 59' lang='grc' dir='ltr'>ιόμον,</span> <span class='ocrx_word' id='word_1_678' title='bbox 499 4708 717 4771; x_wconf 74' lang='grc' dir='ltr'>καὶτὰς</span> <span class='ocrx_word' id='word_1_679' title='bbox 736 4708 862 4780; x_wconf 79' lang='grc' dir='ltr'>περὶ</span> <span class='ocrx_word' id='word_1_680' title='bbox 886 4700 1051 4762; x_wconf 75' lang='grc' dir='ltr'>αὑτοῦ</span> <span class='ocrx_word' id='word_1_681' title='bbox 1076 4709 1432 4781; x_wconf 85' lang='grc' dir='ltr'>προφητείας.</span> <span class='ocrx_word' id='word_1_682' title='bbox 1460 4709 1647 4786; x_wconf 65' lang='grc' dir='ltr'>ζΗξειν</span> <span class='ocrx_word' id='word_1_683' title='bbox 1672 4711 1772 4783; x_wconf 83' lang='grc' dir='ltr'>μὲν</span> 
     </span>
    </p>
   </div>
   <div class='ocr_carea' id='block_1_90' title="bbox 1886 4700 3457 4794">
    <p class='ocr_par' dir='ltr' id='par_1_90' title="bbox 1886 4722 3457 4794">
     <span class='ocr_line' id='line_1_90' title="bbox 1886 4722 3457 4794; baseline 0.001 -16"><span class='ocrx_word' id='word_1_684' title='bbox 1886 4731 1991 4778; x_wconf 75' lang='lat' dir='ltr'>tum</span> <span class='ocrx_word' id='word_1_685' title='bbox 2022 4722 2401 4794; x_wconf 88' lang='lat' dir='ltr'><strong>novum,quod</strong></span> <span class='ocrx_word' id='word_1_686' title='bbox 2431 4722 2487 4776; x_wconf 89' lang='lat' dir='ltr'>in</span> <span class='ocrx_word' id='word_1_687' title='bbox 2517 4722 2849 4794; x_wconf 88' lang='lat' dir='ltr'><strong>evangelicis</strong></span> <span class='ocrx_word' id='word_1_688' title='bbox 2870 4722 3139 4793; x_wconf 92' lang='lat' dir='ltr'><strong>scriptum</strong></span> <span class='ocrx_word' id='word_1_689' title='bbox 3170 4730 3256 4777; x_wconf 85' lang='lat' dir='ltr'>est</span> <span class='ocrx_word' id='word_1_690' title='bbox 3280 4723 3457 4780; x_wconf 83' lang='lat' dir='ltr'><strong>libris.</strong></span> 
     </span>
    </p>
   </div>
   <div class='ocr_carea' id='block_1_91' title="bbox 179 4793 1771 4875">
    <p class='ocr_par' dir='ltr' id='par_1_91' title="bbox 179 4793 1771 4875">
     <span class='ocr_line' id='line_1_91' title="bbox 179 4793 1771 4875; baseline 0.004 -23"><span class='ocrx_word' id='word_1_691' title='bbox 179 4793 278 4852; x_wconf 81' lang='grc' dir='ltr'>οὖν</span> <span class='ocrx_word' id='word_1_692' title='bbox 317 4798 528 4870; x_wconf 81' lang='grc' dir='ltr'>ἡμέρας</span> <span class='ocrx_word' id='word_1_693' title='bbox 573 4799 631 4854; x_wconf 86' lang='grc' dir='ltr'>ἐν</span> <span class='ocrx_word' id='word_1_694' title='bbox 670 4796 757 4864; x_wconf 74' lang='grc' dir='ltr'>αἷς</span> <span class='ocrx_word' id='word_1_695' title='bbox 797 4798 1150 4872; x_wconf 78' lang='grc' dir='ltr'>διαθήσεσθαί</span> <span class='ocrx_word' id='word_1_696' title='bbox 1178 4814 1343 4874; x_wconf 85' lang='grc' dir='ltr'>φησιν</span> <span class='ocrx_word' id='word_1_697' title='bbox 1375 4804 1404 4856; x_wconf 89' lang='lat'>6</span> <span class='ocrx_word' id='word_1_698' title='bbox 1434 4802 1640 4875; x_wconf 86' lang='grc' dir='ltr'>Κύριος</span> <span class='ocrx_word' id='word_1_699' title='bbox 1671 4804 1771 4875; x_wconf 80' lang='grc' dir='ltr'>τὴν</span> 
     </span>
    </p>
   </div>
   <div class='ocr_carea' id='block_1_92' title="bbox 180 4887 1771 4967">
    <p class='ocr_par' dir='ltr' id='par_1_92' title="bbox 180 4887 1771 4967">
     <span class='ocr_line' id='line_1_92' title="bbox 180 4887 1771 4967; baseline 0.005 -24"><span class='ocrx_word' id='word_1_700' title='bbox 180 4887 377 4959; x_wconf 79' lang='grc' dir='ltr'>καινὴν</span> <span class='ocrx_word' id='word_1_701' title='bbox 421 4888 718 4963; x_wconf 85' lang='grc' dir='ltr'>διαθήκην·</span> <span class='ocrx_word' id='word_1_702' title='bbox 754 4890 899 4945; x_wconf 77' lang='grc' dir='ltr'>τοῦτ’</span> <span class='ocrx_word' id='word_1_703' title='bbox 941 4891 1055 4946; x_wconf 78' lang='grc' dir='ltr'>ἐστι</span> <span class='ocrx_word' id='word_1_704' title='bbox 1095 4892 1194 4964; x_wconf 83' lang='grc' dir='ltr'>τὴν</span> <span class='ocrx_word' id='word_1_705' title='bbox 1249 4893 1525 4967; x_wconf 78' lang='grc' dir='ltr'>ἔγγραφον</span> <span class='ocrx_word' id='word_1_706' title='bbox 1565 4897 1624 4950; x_wconf 89' lang='grc' dir='ltr'>ἐν</span> <span class='ocrx_word' id='word_1_707' title='bbox 1659 4900 1771 4962; x_wconf 87' lang='grc' dir='ltr'>τοῖς</span> 
     </span>
    </p>
   </div>
   <div class='ocr_carea' id='block_1_93' title="bbox 180 4976 1770 5061">
    <p class='ocr_par' dir='ltr' id='par_1_93' title="bbox 180 4976 1770 5061">
     <span class='ocr_line' id='line_1_93' title="bbox 180 4976 1770 5061; baseline 0.006 -29"><span class='ocrx_word' id='word_1_708' title='bbox 180 4976 379 5051; x_wconf 83' lang='grc' dir='ltr'>(ἐντὸς)</span> <span class='ocrx_word' id='word_1_709' title='bbox 407 4980 516 5033; x_wconf 90' lang='grc' dir='ltr'>τῶν</span> <span class='ocrx_word' id='word_1_710' title='bbox 550 4982 926 5050; x_wconf 81' lang='grc' dir='ltr'>εύαγγελικῶν</span> <span class='ocrx_word' id='word_1_711' title='bbox 955 4982 1197 5053; x_wconf 79' lang='grc' dir='ltr'>βιόλίων.</span> <span class='ocrx_word' id='word_1_712' title='bbox 1239 4978 1400 5058; x_wconf 80' lang='grc' dir='ltr'>Ἑξῆς</span> <span class='ocrx_word' id='word_1_713' title='bbox 1437 4986 1481 5040; x_wconf 81' lang='grc' dir='ltr'>δ’</span> <span class='ocrx_word' id='word_1_714' title='bbox 1517 4989 1770 5061; x_wconf 87' lang='grc' dir='ltr'>ἐπιφέρει</span> 
     </span>
    </p>
   </div>
   <div class='ocr_carea' id='block_1_94' title="bbox 177 5071 1765 5151">
    <p class='ocr_par' dir='ltr' id='par_1_94' title="bbox 177 5071 1765 5151">
     <span class='ocr_line' id='line_1_94' title="bbox 177 5071 1765 5151; baseline 0.006 -25"><span class='ocrx_word' id='word_1_715' title='bbox 177 5071 357 5141; x_wconf 79' lang='grc' dir='ltr'>λέγων</span> <span class='ocrx_word' id='word_1_716' title='bbox 381 5073 411 5126; x_wconf 86' lang='grc' dir='ltr'>ὁ</span> <span class='ocrx_word' id='word_1_717' title='bbox 443 5074 606 5138; x_wconf 75' lang='grc' dir='ltr'>αὐτὸς</span> <span class='ocrx_word' id='word_1_718' title='bbox 633 5073 860 5146; x_wconf 83' lang='grc' dir='ltr'>Κύριος,</span> <span class='ocrx_word' id='word_1_719' title='bbox 891 5074 968 5140; x_wconf 85' lang='grc' dir='ltr'>ὡς</span> <span class='ocrx_word' id='word_1_720' title='bbox 1003 5076 1144 5148; x_wconf 87' lang='grc' dir='ltr'>μετά</span> <span class='ocrx_word' id='word_1_721' title='bbox 1164 5077 1265 5142; x_wconf 80' lang='grc' dir='ltr'>τὰς</span> <span class='ocrx_word' id='word_1_722' title='bbox 1290 5078 1504 5151; x_wconf 77' lang='grc' dir='ltr'>ἡμέρας</span> <span class='ocrx_word' id='word_1_723' title='bbox 1528 5071 1765 5149; x_wconf 80' lang='grc' dir='ltr'>ἐκείνας,</span> 
     </span>
    </p>
   </div>
   <div class='ocr_carea' id='block_1_95' title="bbox 176 5163 1767 5244">
    <p class='ocr_par' dir='ltr' id='par_1_95' title="bbox 176 5163 1767 5244">
     <span class='ocr_line' id='line_1_95' title="bbox 176 5163 1767 5244; baseline 0.006 -25"><span class='ocrx_word' id='word_1_724' title='bbox 176 5163 242 5219; x_wconf 71' lang='grc' dir='ltr'>ἐν</span> <span class='ocrx_word' id='word_1_725' title='bbox 281 5165 472 5229; x_wconf 80' lang='grc' dir='ltr'>αὑταῖς</span> <span class='ocrx_word' id='word_1_726' title='bbox 507 5165 568 5234; x_wconf 82' lang='lat' dir='ltr'><strong>(f.</strong></span> <span class='ocrx_word' id='word_1_727' title='bbox 604 5166 693 5236; x_wconf 81' lang='lat'>57)</span> <span class='ocrx_word' id='word_1_728' title='bbox 729 5164 849 5231; x_wconf 81' lang='grc' dir='ltr'>ταῖς</span> <span class='ocrx_word' id='word_1_729' title='bbox 881 5167 1144 5232; x_wconf 87' lang='grc' dir='ltr'>διανοίαις</span> <span class='ocrx_word' id='word_1_730' title='bbox 1174 5166 1282 5223; x_wconf 84' lang='grc' dir='ltr'>τῶν</span> <span class='ocrx_word' id='word_1_731' title='bbox 1313 5171 1767 5244; x_wconf 81' lang='grc' dir='ltr'>παραδεξομένων</span> 
     </span>
    </p>
   </div>
   <div class='ocr_carea' id='block_1_96' title="bbox 174 5250 1763 5334">
    <p class='ocr_par' dir='ltr' id='par_1_96' title="bbox 174 5250 1763 5334">
     <span class='ocr_line' id='line_1_96' title="bbox 174 5250 1763 5334; baseline 0.008 -29"><span class='ocrx_word' id='word_1_732' title='bbox 174 5250 282 5324; x_wconf 79' lang='grc' dir='ltr'>τὴν</span> <span class='ocrx_word' id='word_1_733' title='bbox 320 5254 514 5325; x_wconf 87' lang='grc' dir='ltr'>καινὴν</span> <span class='ocrx_word' id='word_1_734' title='bbox 543 5254 811 5327; x_wconf 87' lang='grc' dir='ltr'>διαθήκην</span> <span class='ocrx_word' id='word_1_735' title='bbox 851 5256 1145 5328; x_wconf 71' lang='grc' dir='ltr'>ἐγγράφων</span> <span class='ocrx_word' id='word_1_736' title='bbox 1189 5260 1316 5324; x_wconf 85' lang='grc' dir='ltr'>τοὺς</span> <span class='ocrx_word' id='word_1_737' title='bbox 1357 5260 1519 5325; x_wconf 79' lang='grc' dir='ltr'>ἰδίους</span> <span class='ocrx_word' id='word_1_738' title='bbox 1544 5262 1763 5334; x_wconf 84' lang='grc' dir='ltr'>νόμους,</span> 
     </span>
    </p>
   </div>
   <div class='ocr_carea' id='block_1_97' title="bbox 174 5341 1765 5422">
    <p class='ocr_par' dir='ltr' id='par_1_97' title="bbox 174 5341 1765 5422">
     <span class='ocr_line' id='line_1_97' title="bbox 174 5341 1765 5422; baseline 0.008 -25"><span class='ocrx_word' id='word_1_739' title='bbox 174 5341 323 5398; x_wconf 84' lang='grc' dir='ltr'>ὥστε</span> <span class='ocrx_word' id='word_1_740' title='bbox 347 5346 544 5409; x_wconf 79' lang='grc' dir='ltr'>αὐτοὺς</span> <span class='ocrx_word' id='word_1_741' title='bbox 571 5343 711 5400; x_wconf 79' lang='grc' dir='ltr'>εἶναι</span> <span class='ocrx_word' id='word_1_742' title='bbox 735 5351 814 5412; x_wconf 89' lang='grc' dir='ltr'>είς</span> <span class='ocrx_word' id='word_1_743' title='bbox 841 5347 969 5403; x_wconf 82' lang='grc' dir='ltr'>λαὸν</span> <span class='ocrx_word' id='word_1_744' title='bbox 998 5348 1075 5421; x_wconf 84' lang='grc' dir='ltr'>τῷ</span> <span class='ocrx_word' id='word_1_745' title='bbox 1105 5349 1246 5422; x_wconf 85' lang='grc' dir='ltr'>Θεῷ,</span> <span class='ocrx_word' id='word_1_746' title='bbox 1276 5344 1369 5405; x_wconf 70' lang='grc' dir='ltr'>καί</span> <span class='ocrx_word' id='word_1_747' title='bbox 1392 5352 1555 5407; x_wconf 80' lang='grc' dir='ltr'>αὐτὸν</span> <span class='ocrx_word' id='word_1_748' title='bbox 1583 5355 1765 5419; x_wconf 83' lang='grc' dir='ltr'>αὐτοῖς</span> 
     </span>
    </p>
   </div>
   <div class='ocr_carea' id='block_1_98' title="bbox 173 5432 1763 5515">
    <p class='ocr_par' dir='ltr' id='par_1_98' title="bbox 173 5432 1763 5515">
     <span class='ocr_line' id='line_1_98' title="bbox 173 5432 1763 5515; baseline 0.006 -25"><span class='ocrx_word' id='word_1_749' title='bbox 173 5436 263 5500; x_wconf 74' lang='grc' dir='ltr'>είς</span> <span class='ocrx_word' id='word_1_750' title='bbox 296 5434 450 5501; x_wconf 85' lang='grc' dir='ltr'>Θεὸν,</span> <span class='ocrx_word' id='word_1_751' title='bbox 502 5437 751 5509; x_wconf 79' lang='grc' dir='ltr'>οὐδαμῶς</span> <span class='ocrx_word' id='word_1_752' title='bbox 795 5432 886 5493; x_wconf 74' lang='grc' dir='ltr'>ὑπ’</span> <span class='ocrx_word' id='word_1_753' title='bbox 913 5440 1260 5515; x_wconf 83' lang='grc' dir='ltr'>ἀνθρωπίνης</span> <span class='ocrx_word' id='word_1_754' title='bbox 1289 5442 1637 5510; x_wconf 86' lang='grc' dir='ltr'>διδασκαλίας</span> <span class='ocrx_word' id='word_1_755' title='bbox 1670 5447 1763 5499; x_wconf 74' lang='grc' dir='ltr'>ἐπὶ</span> 
     </span>
    </p>
   </div>
   <div class='ocr_carea' id='block_1_99' title="bbox 172 5527 1761 5611">
    <p class='ocr_par' dir='ltr' id='par_1_99' title="bbox 172 5527 1761 5611">
     <span class='ocr_line' id='line_1_99' title="bbox 172 5527 1761 5611; baseline 0.007 -30"><span class='ocrx_word' id='word_1_756' title='bbox 172 5527 241 5582; x_wconf 81' lang='grc' dir='ltr'>τὸ</span> <span class='ocrx_word' id='word_1_757' title='bbox 262 5527 552 5597; x_wconf 81' lang='grc' dir='ltr'>γινώσκειν</span> <span class='ocrx_word' id='word_1_758' title='bbox 571 5529 663 5584; x_wconf 81' lang='grc' dir='ltr'>τὸν</span> <span class='ocrx_word' id='word_1_759' title='bbox 686 5527 892 5604; x_wconf 84' lang='grc' dir='ltr'>Κύριον</span> <span class='ocrx_word' id='word_1_760' title='bbox 916 5535 1406 5606; x_wconf 78' lang='grc' dir='ltr'>παραγινομένους,</span> <span class='ocrx_word' id='word_1_761' title='bbox 1431 5537 1761 5611; x_wconf 86' lang='grc' dir='ltr'>αύτομαθεῖς</span> 
     </span>
    </p>
   </div>
   <div class='ocr_carea' id='block_1_100' title="bbox 173 5617 1764 5702">
    <p class='ocr_par' dir='ltr' id='par_1_100' title="bbox 173 5617 1764 5702">
     <span class='ocr_line' id='line_1_100' title="bbox 173 5617 1764 5702; baseline 0.01 -30"><span class='ocrx_word' id='word_1_762' title='bbox 173 5617 226 5672; x_wconf 76' lang='grc' dir='ltr'>δ’</span> <span class='ocrx_word' id='word_1_763' title='bbox 249 5619 463 5693; x_wconf 79' lang='grc' dir='ltr'>ῶσπερ,</span> <span class='ocrx_word' id='word_1_764' title='bbox 509 5623 708 5693; x_wconf 79' lang='grc' dir='ltr'>μᾶλλον</span> <span class='ocrx_word' id='word_1_765' title='bbox 747 5626 805 5680; x_wconf 79' lang='grc' dir='ltr'>δέ</span> <span class='ocrx_word' id='word_1_766' title='bbox 845 5624 1220 5694; x_wconf 83' lang='grc' dir='ltr'>θεοδιδάκτους</span> <span class='ocrx_word' id='word_1_767' title='bbox 1261 5626 1583 5702; x_wconf 83' lang='grc' dir='ltr'>ἐσομένους,</span> <span class='ocrx_word' id='word_1_768' title='bbox 1614 5632 1644 5687; x_wconf 85' lang='grc' dir='ltr'>δ</span> <span class='ocrx_word' id='word_1_769' title='bbox 1672 5635 1764 5688; x_wconf 81' lang='grc' dir='ltr'>καὶ</span> 
     </span>
    </p>
   </div>
   <div class='ocr_carea' id='block_1_101' title="bbox 174 5707 1766 5799">
    <p class='ocr_par' dir='ltr' id='par_1_101' title="bbox 174 5707 1766 5799">
     <span class='ocr_line' id='line_1_101' title="bbox 174 5707 1766 5799; baseline 0.01 -34"><span class='ocrx_word' id='word_1_770' title='bbox 174 5707 313 5767; x_wconf 70' lang='grc' dir='ltr'>αὐτὸ</span> <span class='ocrx_word' id='word_1_771' title='bbox 357 5714 664 5788; x_wconf 82' lang='grc' dir='ltr'>καταμάθοι</span> <span class='ocrx_word' id='word_1_772' title='bbox 705 5716 773 5772; x_wconf 78' lang='grc' dir='ltr'>ἄν</span> <span class='ocrx_word' id='word_1_773' title='bbox 825 5736 910 5784; x_wconf 89' lang='grc' dir='ltr'>τις</span> <span class='ocrx_word' id='word_1_774' title='bbox 956 5720 1099 5777; x_wconf 77' lang='grc' dir='ltr'>κατὰ</span> <span class='ocrx_word' id='word_1_775' title='bbox 1145 5722 1237 5778; x_wconf 82' lang='grc' dir='ltr'>τὸν</span> <span class='ocrx_word' id='word_1_776' title='bbox 1289 5723 1530 5798; x_wconf 84' lang='grc' dir='ltr'>παρόντα</span> <span class='ocrx_word' id='word_1_777' title='bbox 1574 5724 1766 5799; x_wconf 72' lang='grc' dir='ltr'>καιρὸν</span> 
     </span>
    </p>
   </div>
   <div class='ocr_carea' id='block_1_102' title="bbox 253 5867 862 5939">
    <p class='ocr_par' dir='ltr' id='par_1_102' title="bbox 253 5867 862 5939">
     <span class='ocr_line' id='line_1_102' title="bbox 253 5867 862 5939; baseline 0.013 -15"><span class='ocrx_word' id='word_1_778' title='bbox 253 5868 300 5903; x_wconf 76' lang='grc'><strong>⁸⁸</strong></span> <span class='ocrx_word' id='word_1_779' title='bbox 343 5867 456 5927; x_wconf 75' lang='lat' dir='ltr'><strong>Jer.</strong></span> <span class='ocrx_word' id='word_1_780' title='bbox 491 5886 642 5939; x_wconf 72' lang='lat' dir='ltr'><strong>xxxi,</strong></span> <span class='ocrx_word' id='word_1_781' title='bbox 675 5873 862 5932; x_wconf 65' lang='lat'>51-34.</span> 
     </span>
    </p>
   </div>
   <div class='ocr_carea' id='block_1_103' title="bbox 1870 4814 3461 4888">
    <p class='ocr_par' dir='ltr' id='par_1_103' title="bbox 1870 4814 3461 4888">
     <span class='ocr_line' id='line_1_103' title="bbox 1870 4814 3461 4888; baseline 0.001 -18"><span class='ocrx_word' id='word_1_782' title='bbox 1870 4815 2009 4871; x_wconf 90' lang='lat' dir='ltr'><strong>Dein</strong></span> <span class='ocrx_word' id='word_1_783' title='bbox 2043 4816 2269 4885; x_wconf 74' lang='lat' dir='ltr'><strong>subiicit</strong></span> <span class='ocrx_word' id='word_1_784' title='bbox 2315 4814 2506 4871; x_wconf 91' lang='lat' dir='ltr'><strong>dicens</strong></span> <span class='ocrx_word' id='word_1_785' title='bbox 2537 4816 2655 4888; x_wconf 84' lang='lat' dir='ltr'><strong>ipse</strong></span> <span class='ocrx_word' id='word_1_786' title='bbox 2688 4815 2975 4879; x_wconf 90' lang='lat' dir='ltr'><strong>Dominus,</strong></span> <span class='ocrx_word' id='word_1_787' title='bbox 3008 4815 3155 4884; x_wconf 90' lang='lat' dir='ltr'><strong>quod</strong></span> <span class='ocrx_word' id='word_1_788' title='bbox 3192 4823 3315 4886; x_wconf 91' lang='lat' dir='ltr'><strong>post</strong></span> <span class='ocrx_word' id='word_1_789' title='bbox 3342 4814 3461 4871; x_wconf 86' lang='lat' dir='ltr'><strong>dies</strong></span> 
     </span>
    </p>
   </div>
   <div class='ocr_carea' id='block_1_104' title="bbox 1868 4907 3460 4979">
    <p class='ocr_par' dir='ltr' id='par_1_104' title="bbox 1868 4907 3460 4979">
     <span class='ocr_line' id='line_1_104' title="bbox 1868 4907 3460 4979; baseline -0.002 -15"><span class='ocrx_word' id='word_1_790' title='bbox 1868 4908 1994 4964; x_wconf 89' lang='lat' dir='ltr'><strong>illos</strong></span> <span class='ocrx_word' id='word_1_791' title='bbox 2045 4909 2103 4964; x_wconf 91' lang='lat' dir='ltr'>in</span> <span class='ocrx_word' id='word_1_792' title='bbox 2151 4907 2464 4964; x_wconf 85' lang='lat' dir='ltr'><strong>visceribus</strong></span> <span class='ocrx_word' id='word_1_793' title='bbox 2497 4918 2689 4964; x_wconf 87' lang='lat' dir='ltr'><strong>eorum</strong></span> <span class='ocrx_word' id='word_1_794' title='bbox 2741 4908 2835 4979; x_wconf 89' lang='lat' dir='ltr'>qui</span> <span class='ocrx_word' id='word_1_795' title='bbox 2888 4918 3089 4963; x_wconf 88' lang='lat' dir='ltr'><strong>novum</strong></span> <span class='ocrx_word' id='word_1_796' title='bbox 3142 4908 3460 4977; x_wconf 87' lang='lat' dir='ltr'><strong>acceperint</strong></span> 
     </span>
    </p>
   </div>
   <div class='ocr_carea' id='block_1_105' title="bbox 1868 4996 3457 5073">
    <p class='ocr_par' dir='ltr' id='par_1_105' title="bbox 1868 4996 3457 5073">
     <span class='ocr_line' id='line_1_105' title="bbox 1868 4996 3457 5073; baseline -0.001 -16"><span class='ocrx_word' id='word_1_797' title='bbox 1868 5008 2278 5067; x_wconf 85' lang='lat' dir='ltr'><strong>testamentum,</strong></span> <span class='ocrx_word' id='word_1_798' title='bbox 2310 5002 2458 5073; x_wconf 80' lang='lat' dir='ltr'><strong>leges</strong></span> <span class='ocrx_word' id='word_1_799' title='bbox 2479 5014 2609 5058; x_wconf 89' lang='lat' dir='ltr'><strong>suas</strong></span> <span class='ocrx_word' id='word_1_800' title='bbox 2655 5002 2879 5067; x_wconf 82' lang='lat' dir='ltr'><strong>seribet,</strong></span> <span class='ocrx_word' id='word_1_801' title='bbox 2913 5009 2976 5056; x_wconf 93' lang='lat' dir='ltr'>ut</span> <span class='ocrx_word' id='word_1_802' title='bbox 3001 5002 3113 5056; x_wconf 88' lang='lat' dir='ltr'><strong>sint</strong></span> <span class='ocrx_word' id='word_1_803' title='bbox 3134 5000 3210 5055; x_wconf 88' lang='lat' dir='ltr'><strong>illi</strong></span> <span class='ocrx_word' id='word_1_804' title='bbox 3254 4996 3366 5056; x_wconf 84' lang='lat' dir='ltr'>Deo</span> <span class='ocrx_word' id='word_1_805' title='bbox 3401 5000 3457 5056; x_wconf 92' lang='lat' dir='ltr'>in</span> 
     </span>
    </p>
   </div>
   <div class='ocr_carea' id='block_1_106' title="bbox 1867 5093 3457 5166">
    <p class='ocr_par' dir='ltr' id='par_1_106' title="bbox 1867 5093 3457 5166">
     <span class='ocr_line' id='line_1_106' title="bbox 1867 5093 3457 5166; baseline -0.001 -16"><span class='ocrx_word' id='word_1_806' title='bbox 1867 5095 2152 5166; x_wconf 89' lang='lat' dir='ltr'><strong>populum,</strong></span> <span class='ocrx_word' id='word_1_807' title='bbox 2184 5095 2409 5166; x_wconf 88' lang='lat' dir='ltr'><strong>ipseque</strong></span> <span class='ocrx_word' id='word_1_808' title='bbox 2449 5094 2558 5151; x_wconf 89' lang='lat' dir='ltr'><strong>illis</strong></span> <span class='ocrx_word' id='word_1_809' title='bbox 2600 5096 2653 5150; x_wconf 95' lang='lat' dir='ltr'>in</span> <span class='ocrx_word' id='word_1_810' title='bbox 2712 5095 2906 5158; x_wconf 90' lang='lat' dir='ltr'><strong>Deum,</strong></span> <span class='ocrx_word' id='word_1_811' title='bbox 2960 5094 3185 5149; x_wconf 87' lang='lat' dir='ltr'><strong>minime</strong></span> <span class='ocrx_word' id='word_1_812' title='bbox 3216 5093 3457 5149; x_wconf 82' lang='lat' dir='ltr'><strong>humana</strong></span> 
     </span>
    </p>
   </div>
   <div class='ocr_carea' id='block_1_107' title="bbox 1869 5182 3455 5259">
    <p class='ocr_par' dir='ltr' id='par_1_107' title="bbox 1869 5182 3455 5259">
     <span class='ocr_line' id='line_1_107' title="bbox 1869 5182 3455 5259; baseline -0.001 -17"><span class='ocrx_word' id='word_1_813' title='bbox 1869 5182 2117 5244; x_wconf 86' lang='lat' dir='ltr'><strong>doctrina</strong></span> <span class='ocrx_word' id='word_1_814' title='bbox 2146 5186 2214 5241; x_wconf 87' lang='lat' dir='ltr'>ad</span> <span class='ocrx_word' id='word_1_815' title='bbox 2241 5186 2456 5242; x_wconf 86' lang='lat' dir='ltr'><strong>Domini</strong></span> <span class='ocrx_word' id='word_1_816' title='bbox 2478 5185 2762 5242; x_wconf 89' lang='lat' dir='ltr'><strong>scientiam</strong></span> <span class='ocrx_word' id='word_1_817' title='bbox 2792 5187 3034 5251; x_wconf 89' lang='lat' dir='ltr'><strong>adducti,</strong></span> <span class='ocrx_word' id='word_1_818' title='bbox 3068 5186 3164 5242; x_wconf 89' lang='lat' dir='ltr'>sed</span> <span class='ocrx_word' id='word_1_819' title='bbox 3189 5186 3258 5241; x_wconf 91' lang='lat' dir='ltr'>ab</span> <span class='ocrx_word' id='word_1_820' title='bbox 3287 5185 3455 5259; x_wconf 88' lang='lat' dir='ltr'><strong>ipsis-</strong></span> 
     </span>
    </p>
   </div>
   <div class='ocr_carea' id='block_1_108' title="bbox 1870 5276 3455 5350">
    <p class='ocr_par' dir='ltr' id='par_1_108' title="bbox 1870 5276 3455 5350">
     <span class='ocr_line' id='line_1_108' title="bbox 1870 5276 3455 5350; baseline 0.001 -18"><span class='ocrx_word' id='word_1_821' title='bbox 1870 5279 2123 5349; x_wconf 90' lang='lat' dir='ltr'><strong>metipsis</strong></span> <span class='ocrx_word' id='word_1_822' title='bbox 2148 5279 2232 5335; x_wconf 89' lang='lat' dir='ltr'>vel</span> <span class='ocrx_word' id='word_1_823' title='bbox 2273 5279 2460 5350; x_wconf 84' lang='lat' dir='ltr'><strong>potius</strong></span> <span class='ocrx_word' id='word_1_824' title='bbox 2490 5295 2517 5331; x_wconf 86' lang='lat' dir='ltr'>a</span> <span class='ocrx_word' id='word_1_825' title='bbox 2549 5276 2663 5333; x_wconf 90' lang='lat' dir='ltr'>Deo</span> <span class='ocrx_word' id='word_1_826' title='bbox 2700 5277 2901 5339; x_wconf 85' lang='lat' dir='ltr'><strong>edocti,</strong></span> <span class='ocrx_word' id='word_1_827' title='bbox 2944 5292 3065 5349; x_wconf 72' lang='lat' dir='ltr'><strong>qua!</strong></span> <span class='ocrx_word' id='word_1_828' title='bbox 3103 5278 3320 5348; x_wconf 85' lang='lat' dir='ltr'><strong>quidem</strong></span> <span class='ocrx_word' id='word_1_829' title='bbox 3354 5293 3455 5333; x_wconf 87' lang='lat' dir='ltr'><strong>no-</strong></span> 
     </span>
    </p>
   </div>
   <div class='ocr_carea' id='block_1_109' title="bbox 1871 5367 3455 5441">
    <p class='ocr_par' dir='ltr' id='par_1_109' title="bbox 1871 5367 3455 5441">
     <span class='ocr_line' id='line_1_109' title="bbox 1871 5367 3455 5441; baseline -0.002 -16"><span class='ocrx_word' id='word_1_830' title='bbox 1871 5378 1988 5425; x_wconf 76' lang='lat' dir='ltr'><strong>Stro</strong></span> <span class='ocrx_word' id='word_1_831' title='bbox 2019 5374 2270 5441; x_wconf 87' lang='lat' dir='ltr'><strong>tempore</strong></span> <span class='ocrx_word' id='word_1_832' title='bbox 2297 5370 2521 5440; x_wconf 90' lang='lat' dir='ltr'><strong>impleta</strong></span> <span class='ocrx_word' id='word_1_833' title='bbox 2549 5368 2729 5440; x_wconf 90' lang='lat' dir='ltr'><strong>quivis</strong></span> <span class='ocrx_word' id='word_1_834' title='bbox 2763 5369 2921 5425; x_wconf 73' lang='lat' dir='ltr'><strong>facile</strong></span> <span class='ocrx_word' id='word_1_835' title='bbox 2954 5369 3238 5439; x_wconf 87' lang='lat' dir='ltr'><strong>percipiet.</strong></span> <span class='ocrx_word' id='word_1_836' title='bbox 3282 5367 3455 5440; x_wconf 85' lang='lat' dir='ltr'><strong>Quip-</strong></span> 
     </span>
    </p>
   </div>
   <div class='ocr_carea' id='block_1_110' title="bbox 1869 5455 3453 5528">
    <p class='ocr_par' dir='ltr' id='par_1_110' title="bbox 1869 5455 3453 5528">
     <span class='ocr_line' id='line_1_110' title="bbox 1869 5455 3453 5528; baseline 0.002 -17"><span class='ocrx_word' id='word_1_837' title='bbox 1869 5468 1938 5527; x_wconf 85' lang='lat' dir='ltr'><strong>pe</strong></span> <span class='ocrx_word' id='word_1_838' title='bbox 1968 5455 2155 5513; x_wconf 87' lang='lat' dir='ltr'><strong>videre</strong></span> <span class='ocrx_word' id='word_1_839' title='bbox 2184 5464 2271 5513; x_wconf 85' lang='lat' dir='ltr'>est</span> <span class='ocrx_word' id='word_1_840' title='bbox 2301 5458 2576 5528; x_wconf 87' lang='lat' dir='ltr'><strong>quomodo</strong></span> <span class='ocrx_word' id='word_1_841' title='bbox 2612 5458 2668 5513; x_wconf 88' lang='lat' dir='ltr'>in</span> <span class='ocrx_word' id='word_1_842' title='bbox 2703 5458 2915 5514; x_wconf 86' lang='lat' dir='ltr'><strong>viscera</strong></span> <span class='ocrx_word' id='word_1_843' title='bbox 2963 5463 3018 5514; x_wconf 85' lang='lat' dir='ltr'><strong>et</strong></span> <span class='ocrx_word' id='word_1_844' title='bbox 3049 5458 3217 5514; x_wconf 88' lang='lat' dir='ltr'><strong>corda</strong></span> <span class='ocrx_word' id='word_1_845' title='bbox 3258 5473 3453 5514; x_wconf 82' lang='lat' dir='ltr'><strong>eorum</strong></span> 
     </span>
    </p>
   </div>
   <div class='ocr_carea' id='block_1_111' title="bbox 1867 5548 3454 5622">
    <p class='ocr_par' dir='ltr' id='par_1_111' title="bbox 1867 5548 3454 5622">
     <span class='ocr_line' id='line_1_111' title="bbox 1867 5548 3454 5622; baseline 0 -17"><span class='ocrx_word' id='word_1_846' title='bbox 1867 5551 1965 5621; x_wconf 86' lang='lat' dir='ltr'>qui</span> <span class='ocrx_word' id='word_1_847' title='bbox 1995 5562 2094 5622; x_wconf 87' lang='lat' dir='ltr'>per</span> <span class='ocrx_word' id='word_1_848' title='bbox 2117 5548 2397 5608; x_wconf 89' lang='lat' dir='ltr'><strong>Christum</strong></span> <span class='ocrx_word' id='word_1_849' title='bbox 2431 5553 2488 5607; x_wconf 92' lang='lat' dir='ltr'>in</span> <span class='ocrx_word' id='word_1_850' title='bbox 2534 5551 2705 5608; x_wconf 90' lang='lat' dir='ltr'><strong>Deum</strong></span> <span class='ocrx_word' id='word_1_851' title='bbox 2743 5551 2997 5618; x_wconf 80' lang='lat' dir='ltr'><strong>credunt,</strong></span> <span class='ocrx_word' id='word_1_852' title='bbox 3046 5566 3250 5606; x_wconf 88' lang='lat' dir='ltr'><strong>novum</strong></span> <span class='ocrx_word' id='word_1_853' title='bbox 3279 5557 3454 5607; x_wconf 83' lang='lat' dir='ltr'><strong>testa-</strong></span> 
     </span>
    </p>
   </div>
   <div class='ocr_carea' id='block_1_112' title="bbox 1873 5638 3451 5714">
    <p class='ocr_par' dir='ltr' id='par_1_112' title="bbox 1873 5638 3451 5714">
     <span class='ocr_line' id='line_1_112' title="bbox 1873 5638 3451 5714; baseline 0.002 -20"><span class='ocrx_word' id='word_1_854' title='bbox 1873 5649 2118 5696; x_wconf 89' lang='lat' dir='ltr'><strong>mentum</strong></span> <span class='ocrx_word' id='word_1_855' title='bbox 2144 5638 2468 5713; x_wconf 86' lang='lat' dir='ltr'><strong>Domiuiq-ue</strong></span> <span class='ocrx_word' id='word_1_856' title='bbox 2500 5641 2654 5714; x_wconf 84' lang='lat' dir='ltr'><strong>leges</strong></span> <span class='ocrx_word' id='word_1_857' title='bbox 2679 5642 2884 5712; x_wconf 84' lang='lat' dir='ltr'><strong>scripta</strong></span> <span class='ocrx_word' id='word_1_858' title='bbox 2927 5641 3059 5706; x_wconf 75' lang='lat' dir='ltr'><strong>sint,</strong></span> <span class='ocrx_word' id='word_1_859' title='bbox 3096 5641 3451 5713; x_wconf 86' lang='lat' dir='ltr'><strong>perspicienti</strong></span> 
     </span>
    </p>
   </div>
   <div class='ocr_carea' id='block_1_113' title="bbox 1872 5728 3454 5804">
    <p class='ocr_par' dir='ltr' id='par_1_113' title="bbox 1872 5728 3454 5804">
     <span class='ocr_line' id='line_1_113' title="bbox 1872 5728 3454 5804; baseline 0.004 -22"><span class='ocrx_word' id='word_1_860' title='bbox 1872 5728 2017 5791; x_wconf 82' lang='lat' dir='ltr'><strong>inter</strong></span> <span class='ocrx_word' id='word_1_861' title='bbox 2060 5745 2165 5787; x_wconf 82' lang='lat' dir='ltr'>nos</span> <span class='ocrx_word' id='word_1_862' title='bbox 2198 5731 2606 5790; x_wconf 89' lang='lat' dir='ltr'><strong>multitudinem</strong></span> <span class='ocrx_word' id='word_1_863' title='bbox 2637 5732 2974 5804; x_wconf 79' lang='lat' dir='ltr'><strong>privatorum</strong></span> <span class='ocrx_word' id='word_1_864' title='bbox 3013 5732 3297 5788; x_wconf 88' lang='lat' dir='ltr'><strong>hominum</strong></span> <span class='ocrx_word' id='word_1_865' title='bbox 3346 5732 3454 5789; x_wconf 74' lang='lat' dir='ltr'>hac</span> 
     </span>
    </p>
   </div>
  </div>
