3856 6226
404 336 545 394 1137

1115 335 1388 394 EUSEBII
1426 333 1907 391 CESARIENSIS
1943 333 2095 390 OPP.
2138 334 2321 390 PARS
2359 333 2448 392 III.
2480 365 2549 374 —
2590 320 3002 387 EXEGETICA,

3540 326 3659 382 1168

401 450 618 521 egregia
647 455 702 504 et
732 448 979 519 sapiente
1010 447 1364 519 praeditorum
1396 448 1620 512 virtute,
1651 463 1815 517 quam
1845 463 1973 516 aegre

2092 447 2484 518 πληρούμενον·
2537 449 2636 502 ίδοι
2682 449 2726 502 δ’
2765 448 2832 501 ἄν
2871 463 2956 508 τις
2985 446 3135 506 ὅπως
3166 443 3257 496 ἐπὶ
3294 442 3397 506 τὰς
3437 442 3658 504 διανοίας

402 539 458 594 in
500 539 806 595 litterarum
851 540 1202 611 peritissimis
1233 551 1396 610 atque
1431 540 1831 609 scripturarum
1867 546 1987 594 stu-

399 634 493 689 dio
523 633 967 688 incumbentibus
997 633 1293 688 inveneris.

2094 541 2189 592 καὶ
2213 539 2313 602 τὰς
2342 540 2570 610 καρδίας
2591 539 2700 593 τῶν
2728 540 2818 591 διὰ
2843 535 3083 606 Χριστοῦ
3116 536 3195 597 είς
3221 534 3314 586 τὸν
3348 533 3482 585 Θεὸν
3510 549 3659 584 πεπι-

2088 633 2390 687 στευκότων
2426 636 2460 704 ἡ
2498 634 2656 705 καινὴ
2687 633 2918 703 διαθήκη
2949 632 3042 685 καὶ
3070 631 3120 683 οἱ
3157 629 3250 683 τοῦ
3293 629 3500 701 Κυρίου
3525 629 3664 698 νόμοι

399 729 773 801 γεγραμμένοι
808 730 966 794 είσὶν,
1002 730 1050 781 εί
1079 728 1384 799 καταμάθοι
1450 728 1508 781 ἐν
1538 731 1670 799 ἡμῖν
1709 726 1912 798 πλῆθος
1965 726 2174 799 ἀνδρῶν
2223 728 2503 792 παντελῶς
2564 728 2788 782 ἰδιωτῶν
2844 726 3103 796 τοιαύτην
3159 723 3665 792 ἐνεπιδεικνυμένιιιν

399 823 655 896 ἐνάρετον
699 825 794 879 καὶ
835 824 1201 895 ὲμφιλόσοφον
1235 825 1531 889 πολιτείαν,
1579 827 1647 896 ἢν
1716 827 1776 878 οὑ
1850 823 2061 894 ταχέως
2099 825 2246 878 ἐστὶν
2283 827 2464 898 εὑρεῖν
2512 826 2662 898 παρὰ
2704 828 2819 890 τοῖς
2854 823 3166 894 φιλολογίαν
3207 820 3532 892 ἠσκηκόσιν,
3581 818 3666 872 καὶ

402 919 545 988 μέγα
583 918 866 992 φρονοῦσιν
898 919 990 971 ἐπὶ
1018 920 1082 988 τῇ
1115 919 1222 971 τῶν
1252 919 1478 989 γραφῶν
1519 919 1740 992 μελέτῃ.

909 1033 1140 1089 CAPUT
1186 1033 1477 1088 XXXVIII.

1034 1147 1079 1201 E
1107 1147 1346 1203 Threnis.

481 1281 502 1316 ι
537 1262 776 1334 Spiritus
821 1264 937 1318 oris
982 1266 1157 1319 nostri
1187 1265 1443 1320 Christus
1495 1262 1760 1318 Dominus
1787 1270 1984 1332 captus

397 1363 480 1412 est
511 1357 564 1409 in
597 1356 838 1426 peccatis
877 1373 1090 1419 eorum,
1132 1359 1218 1412 cui
1256 1357 1498 1412 diximus
1531 1375 1543 1410 :
1588 1355 1646 1410 In
1672 1356 1862 1410 umbra
1890 1364 1983 1410 tua

396 1449 645 1504 vivemus
694 1450 749 1504 in
803 1450 1147 1518 gentibus“.
1188 1469 1205 1502 ι
1255 1450 1351 1504 Hic
1401 1448 1680 1503 Christum
1724 1462 1984 1518 expresse

395 1542 688 1597 nominans
727 1541 946 1597 divinus
981 1541 1237 1613 Spiritus,
1287 1541 1600 1597 Judaaorum
1641 1541 1982 1610 persecutio-

394 1651 494 1690 nes
521 1637 906 1704 praenuutiavit
935 1637 1039 1692 hoc
1071 1639 1255 1698 verbo,
1285 1658 1301 1687 ι
1324 1647 1518 1705 captus
1549 1644 1632 1690 est
1661 1636 1714 1689 in
1743 1634 1982 1705 peccatis

397 1740 612 1780 eorum.
642 1745 660 1777 ι
713 1726 886 1797 Cujus
945 1729 1047 1784 sub
1099 1731 1436 1785 munimento
1492 1732 1791 1800 umbraque
1835 1728 1985 1797 ipsos

394 1819 640 1873 victuros
685 1835 808 1875 esse
861 1820 1056 1891 spiritu
1097 1823 1467 1888 prmvidebaut
1513 1824 1826 1894 prophetae,
1902 1821 1986 1873 vi-

2600 1033 2999 1091 ΚΕΦΑΛΑΙΟΝ
3037 1032 3171 1088 ΑΠ’.

2590 1149 2724 1205 Ἀπὸ
2761 1148 2881 1203 τῶν
2921 1148 3187 1218 Θρήνων.

2167 1281 2186 1314 ι
2233 1262 2460 1336 Πνεῦμα
2503 1263 2795 1335 προσώπου
2836 1262 2990 1333 ἡμῶν
3031 1260 3266 1332 Χριστος
3314 1258 3522 1330 Κύριος
3556 1274 3667 1309 συν.

2089 1352 2295 1424 ελήφθη
2327 1355 2385 1407 ἐν
2413 1356 2532 1418 ταῖς
2557 1354 2873 1426 διαφθοραῖς
2900 1353 3100 1418 αὑτῶν,
3133 1344 3194 1404 οὗ
3222 1352 3469 1420 εἴπομεν,
3500 1349 3585 1401 Ἐν
3605 1351 3664 1419 τῇ

2092 1445 2221 1514 σκιᾷ
2247 1444 2412 1498 αὑτοῦ
2449 1443 2728 1516 ζηώμεθα
2757 1448 2815 1498 ἐν
2844 1447 2956 1507 τοῖς
2990 1443 3215 1496 ἔθνεσιν.
3251 1461 3269 1492 ι
3302 1442 3414 1495 Καὶ
3446 1439 3668 1494 ἐνταῦθα

2089 1534 2181 1589 τὸν
2221 1535 2454 1607 Χριστὸν
2495 1537 2792 1610 διαρρήδην
2839 1535 3114 1606 όνομάσαν
3149 1533 3211 1587 τὸ
3254 1533 3397 1586 θεῖον
3433 1532 3665 1601 Πνεῦμα,

2087 1623 2188 1695 τὴν
2219 1625 2322 1678 ὑπὸ
2365 1625 2631 1679 Ἰουδαίων
2665 1625 2957 1696 ἐπιϐουλὴν
3004 1625 3406 1694 προυθέσπισεν
3444 1622 3531 1680 διὰ
3558 1620 3665 1683 τοῦ,

2095 1734 2113 1768 ι
2154 1716 2462 1789 συνελήφθη
2504 1719 2561 1771 ἐν
2594 1720 2714 1782 ταῖς
2754 1718 3075 1790 διαφθοραῖς
3113 1717 3311 1771 αὑτῶνσ
3345 1736 3364 1768 ι
3403 1716 3591 1769 τούτου
3615 1715 3668 1768 δὲ

2089 1809 2195 1863 ὑπὸ
2232 1809 2331 1881 τὴν
2369 1809 2578 1882 σκέπην
2609 1812 2702 1865 καὶ
2735 1812 2833 1883 τὴν
2880 1811 3038 1865 σκιάν
3079 1809 3412 1882 ζησομένους
3453 1807 3668 1872 ἑαυτοὺς

3351 1904 3378 1928 γ

394 1918 694 1981 cturosque
732 1913 786 1967 in
829 1913 1087 1983 gentibus
1121 1930 1242 1982 quae
1279 1916 1331 1968 in
1363 1915 1647 1970 Christum
1692 1912 1973 1968 creditura

2087 1901 2165 1972 τῷ
2188 1901 2459 1973 πνεύματι
2489 1904 2784 1976 προεώρων
2810 1907 2860 1958 οἱ
2894 1906 3192 1978 προφῆται,
3216 1905 3312 1957 καὶ
3346 1903 3669 1975 ζησομένους

394 2008 561 2072 atque
594 2019 690 2073 per
727 2019 852 2059 eum
901 2007 1289 2076 prophetarum
1329 2005 1644 2077 Scripturas
1675 2014 1981 2076 accepturae

391 2101 599 2150 εεεοηι.

927 2292 1156 2348 CAPUT
1195 2294 1435 2350 XXXIX.

1013 2408 1061 2462 Ε
1090 2411 1324 2466 Baruch.

471 2539 492 2573 ι
527 2519 662 2588 Quis
710 2523 959 2578 ascendit
1002 2526 1057 2579 in
1109 2526 1334 2588 caelum,
1384 2533 1438 2580 et
1486 2526 1698 2596 accepit
1748 2543 1890 2592 eam,
1924 2535 1980 2583 et

383 2611 578 2668 eduxit
611 2627 730 2668 eam
772 2614 838 2669 de
879 2616 1159 2672 nubibus?
1197 2616 1334 2684 Quis
1383 2617 1757 2673 transfretavit
1807 2633 1976 2684 mare,

390 2714 444 2760 et
491 2707 699 2761 invenit
749 2708 921 2772 illam,
974 2719 1028 2764 et
1065 2711 1247 2765 attulit
1277 2726 1397 2765 eam
1435 2727 1601 2781 super
1635 2727 1830 2766 aurum
1875 2712 1980 2768 ele-

387 2800 594 2853 ctum?
639 2797 761 2854 Non
813 2807 898 2855 est
929 2801 1024 2871 qui
1075 2802 1250 2871 possit
1299 2801 1442 2857 scire
1477 2803 1596 2858 vias
1623 2803 1766 2873 ejus,
1800 2819 1978 2874 neque

386 2892 484 2961 qui
530 2893 787 2963 exquirat
833 2893 1059 2949 semitas
1088 2894 1247 2962 ejus:
1293 2895 1387 2949 sed
1415 2895 1508 2964 qui
1554 2897 1658 2950 scit
1695 2896 1974 2961 universa,

389 2984 544 3038 novit
582 2999 725 3050 eam,
764 2993 819 3039 et
871 2986 1152 3041 adinvenit
1200 3003 1319 3041 eam
1357 2987 1645 3057 prudentia
1695 3003 1836 3043 sua;
1885 2991 1976 3059 qui

388 3078 722 3147 praeparavit
769 3088 972 3132 terram
1007 3079 1061 3132 in
1094 3090 1300 3134 aeterno
1355 3088 1621 3151 tempore,
1666 3089 1719 3136 et
1749 3083 1978 3152 replevit

387 3183 507 3224 eam
550 3170 854 3240 pecudibus
883 3178 936 3225 et
981 3172 1473 3243 quadrupedibus:
1525 3174 1617 3244 qui
1655 3175 1855 3229 emittit
1890 3177 1975 3230 lu-

2082 1997 2140 2048 ἐν
2179 1998 2294 2058 τοῖς
2332 1995 2510 2048 ἔθνεσι
2563 1999 2674 2060 τοῖς
2727 1997 3012 2068 μέλλουσιν
3046 2001 3127 2062 είς
3167 1997 3260 2051 τὸν
3302 1997 3542 2067 Χριστὸν
3585 2015 3669 2049 πι-

2083 2087 2316 2150 στεύειν,
2350 2089 2446 2142 καὶ
2474 2090 2542 2142 δι’
2567 2089 2735 2144 αὑτοῦ
2768 2091 2867 2156 τὰς
2898 2091 3008 2146 τῶν
3042 2089 3340 2164 προφητῶν
3375 2089 3668 2161 παραδέχε-

2082 2179 2206 2234 σθαι
2235 2181 2475 2251 Γραφάς.

2593 2299 2991 2352 ΚΕΦᾹΛΑΙΟΝ
3033 2297 3152 2353 ΛΘ’.

2593 2411 2728 2465 Ἀπὸ
2766 2412 2872 2466 τοῦ
2911 2414 3106 2480 Βαρού
3111 2433 3170 2482 χ.

2157 2538 2174 2570 ι
2211 2521 2308 2583 Τίς
2335 2521 2506 2592 ἀνέϐη
2533 2525 2613 2586 είς
2640 2524 2730 2576 τὸν
2755 2525 3006 2596 οὑρανὸν,
3032 2527 3128 2578 καὶ
3148 2525 3342 2580 ἔλαϐεν
3366 2527 3559 2599 αὑτὴν,
3580 2527 3668 2581 καὶ

2082 2612 2442 2666 κατεϐίϐασεν
2473 2615 2646 2685 αὑτὴν
2674 2616 2738 2668 ἐκ
2757 2616 2867 2669 τῶν
2896 2617 3170 2686 νεφελῶν;
3199 2619 3296 2681 Τίς
3317 2619 3475 2690 διέϐη
3504 2620 3668 2692 πέραν

2082 2704 2378 2778 θαλάσσης,
2415 2707 2511 2760 καὶ
2545 2702 2702 2778 εὗρεν
2735 2709 2926 2780 αὑτὴν,
2962 2711 3059 2763 καὶ
3089 2711 3226 2764 οἴσει
3255 2713 3427 2784 αὑτὴν
3456 2713 3668 2784 χρυσίου

2080 2797 2377 2864 ἐκλεκτοῦ;
2427 2801 2541 2854 Οὑκ
2587 2801 2732 2854 ἔστιν
2781 2803 2808 2856 ό
2851 2802 3136 2871 γινώσκων
3175 2805 3276 2876 τὴν
3317 2806 3442 2859 ὁδον
3485 2807 3667 2877 αὑτῆς,

2080 2890 2200 2944 οὐδὲ
2223 2893 2251 2944 6
2280 2891 2683 2964 ἐνθυμούμενος
2716 2895 2815 2966 τὴν
2848 2896 3034 2967 τρίϐον
3062 2897 3251 2967 αὑτῆς.
3298 2898 3440 2952 Ἀλλ’
3467 2901 3497 2953 6
3524 2900 3668 2964 εἰδὼς

2079 2983 2148 3036 τά
2185 2983 2362 3037 πάντα
2390 2984 2649 3052 γινώσκει
2684 2986 2873 3058 αὑτὴν,
2909 2987 3131 3058 ἐξεῦρεν
3165 2991 3337 3060 αὑτὴν
3366 2995 3433 3063 τῇ
3469 2993 3672 3046 συνέσει

2078 3073 2267 3126 αὑτοῦ·
2309 3077 2338 3127 6
2369 3077 2462 3127 καὶ
2494 3078 2912 3141 κατασκευάσας
2939 3078 3038 3150 τὴν
3081 3083 3186 3150 γῆν
3238 3083 3319 3144 είς
3369 3082 3464 3136 τὸν
3509 3084 3671 3136 αἰῶνα

2080 3166 2289 3236 χρόνον,
2342 3167 2639 3237 ἐνέπλησεν
2693 3169 2862 3241 αὑτὴν
2915 3172 3132 3240 κτηνῶν
3184 3175 3558 3243 τετραπόδων.
3621 3177 3672 3228 ὀ

386 3276 536 3329 men,
574 3270 629 3315 et
663 3263 857 3315 vadit:
901 3271 954 3316 et
1005 3265 1223 3318 vocavit
1268 3264 1426 3328 illud,
1477 3275 1532 3319 et
1577 3265 1762 3320 obedit
1791 3268 1869 3320 illi
1919 3268 1972 3322 in

2082 3257 2429 3310 ἀποστέλλων
2458 3257 2518 3310 τὸ
2553 3259 2668 3329 φῶς
2709 3261 2803 3313 καὶ
2849 3262 3166 3332 πορεύεται,
3215 3265 3483 3319 ἐκάλεσεν
3526 3267 3669 3331 αὑτὸ,

388 3359 651 3408 tremore.
689 3351 871 3408 Stella:
899 3365 1082 3409 autem
1119 3355 1390 3411 dederunt
1420 3357 1601 3413 lumen
1635 3358 1689 3412 in
1716 3359 1982 3416 custodiis

389 3446 529 3510 suis,
574 3455 629 3501 et
680 3447 873 3502 lanatae
911 3457 1082 3502 sunt:
1135 3450 1351 3504 vocavit
1401 3466 1516 3514 eas,
1569 3462 1623 3506 et
1673 3452 1976 3508 dixerunt:

387 3539 702 3596 Adsumus:
726 3550 780 3596 et
808 3541 1065 3595 luxerunt
1088 3543 1136 3596 ei
1177 3557 1300 3595 eum
1326 3542 1690 3612 iucunditate,
1727 3546 1820 3614 qui
1853 3545 1980 3600 fecit

389 3630 536 3686 illas.
571 3629 673 3686 IIic
699 3638 784 3687 est
815 3631 958 3686 Deus
988 3640 1198 3697 noster,
1231 3641 1285 3688 et
1321 3649 1429 3688 non
1450 3634 1812 3690 mstimahitur
1835 3638 1977 3692 alius

388 3725 655 3781 adversus
688 3741 834 3781 eum.
884 3724 984 3780 IIic
1029 3727 1566 3789 adinvenitomnem
1619 3729 1760 3782 viam
1811 3729 1974 3784 disci-

394 3816 603 3886 plime;
637 3826 692 3872 et
715 3817 942 3872 tradidit
970 3818 1118 3876 illam
1163 3816 1334 3873 Jacob
1366 3834 1540 3888 puero
1568 3834 1691 3882 suo,
1725 3827 1780 3874 et
1807 3817 1978 3875 Israel

387 3906 589 3965 dilecto
641 3925 761 3964 suo.
807 3909 936 3964 Post
978 3911 1090 3966 haec
1125 3911 1176 3965 in
1213 3910 1376 3967 terris
1411 3911 1563 3967 visus
1601 3919 1706 3975 est,
1759 3919 1814 3967 et
1851 3928 1974 3966 cum

386 3999 706 4057 hominibus
745 4013 1111 4059 conversatus
1151 4012 1236 4058 est
1264 4005 1327 4058 ι’.
1381 4023 1398 4054 ι
1433 4004 1568 4069 Quis
1622 4005 1873 4060 ascendit
1921 4005 1976 4058 in

385 4091 610 4156 caelum,
647 4093 744 4154 ait,
773 4101 828 4148 et
866 4094 1080 4163 accepit
1107 4094 1270 4148 eam?
1302 4102 1356 4148 et
1409 4096 1616 4164 reliqua
1646 4113 1659 4160 ;
1706 4097 1980 4166 comperi-

385 4199 512 4240 mus
535 4201 566 4239 a
593 4193 788 4242 sancto
824 4187 1086 4256 Apostolo
1115 4188 1260 4257 quod
1307 4207 1324 4238 ι
1378 4188 1470 4256 qui
1504 4187 1789 4242 descendit
1813 4187 1974 4246 Jesus

383 4277 662 4343 Christus,
692 4278 812 4348 ipse
845 4286 930 4334 est
957 4286 1010 4334 et
1041 4279 1132 4348 qui
1157 4279 1409 4333 ascendit
1440 4295 1606 4348 super
1634 4295 1825 4336 omnes
1852 4294 1971 4335 cce-

384 4367 468 4425 los
492 4370 556 4425 ¹³.
601 4387 622 4421 ι
681 4367 787 4435 Qui
843 4377 896 4424 et
931 4376 1187 4439 su~cepto
1230 4367 1468 4439 Spiritus
1508 4371 1686 4426 sancti
1721 4387 1967 4438 munere,

383 4459 594 4516 dimisit
623 4466 788 4528 atque
829 4459 1030 4513 infudit
1059 4462 1113 4512 in
1149 4474 1338 4513 eorum
1377 4461 1591 4516 animas
1625 4462 1716 4531 qui
1745 4477 1970 4532 accepe-

385 4557 513 4605 runt
546 4549 677 4605 illud
711 4567 726 4616 ;
759 4550 903 4605 unde
943 4550 998 4603 in
1045 4547 1278 4604 Psalmis
1310 4551 1512 4606 dicitur
1540 4571 1552 4606 :
1597 4571 1614 4602 ι
1656 4553 1964 4609 Ascendisti

381 4644 442 4698 in
481 4643 690 4708 altum,
738 4643 932 4714 cepisti
969 4643 1364 4714 captivitatem,
1421 4646 1683 4715 accepisti
1735 4645 1877 4702 dona
1909 4648 1964 4702 in

380 4737 700 4792 hominibus
729 4737 793 4792 “.
826 4756 845 4788 ι
891 4735 1022 4791 Post
1047 4736 1163 4792 haec
1201 4737 1255 4791 in
1286 4737 1390 4792 hoc
1427 4739 1618 4794 eodem
1659 4740 1778 4796 loco
1811 4741 1967 4796 addi-

379 4835 511 4882 tur:
560 4845 581 4880 ι
628 4827 728 4882 Ilic
780 4836 865 4883 est
901 4827 1044 4884 Deus
1080 4837 1286 4894 noster,
1338 4839 1394 4884 et
1443 4847 1553 4885 non
1605 4832 1966 4887 zestimabitur

380 4921 523 4976 alius
565 4920 830 4976 adversus
874 4935 1021 4975 eum.
1065 4940 1083 4974 ι
1137 4921 1274 4986 Quis
1324 4929 1506 4976 autem
1548 4923 1659 4988 ille,
1713 4923 1820 4980 nisi
1869 4925 1964 4994 qui

380 5010 628 5066 ascendit
664 5011 719 5066 in
759 5012 983 5075 cmlum,
1015 5023 1070 5067 et
1098 5013 1422 5068 descendit?
1463 5013 1758 5084 Postquam
1816 5019 1960 5071 enim

378 5099 768 5170 interrogative
830 5101 1035 5157 dictum
1107 5111 1238 5158 est:
1302 5121 1320 5154 ι
1391 5102 1527 5169 Quis
1594 5106 1841 5161 ascendit
1908 5107 1960 5162 in

380 5189 629 5246 coelum?
666 5209 684 5241 ι
729 5193 1094 5261 respondetur
1125 5232 1140 5257 ,
1190 5212 1208 5245 ι
1258 5195 1347 5250 hic
1410 5203 1495 5251 est
1544 5195 1688 5254 Deus
1753 5208 1959 5265 noster,

376 5289 432 5335 et
469 5297 580 5336 non
623 5283 986 5338 aastimahitur
1022 5287 1164 5341 alius
1216 5287 1482 5346 adversus
1541 5305 1712 5357 eum;
1763 5309 1786 5344 ι
1815 5292 1960 5360 quod

375 5378 433 5426 et
502 5373 846 5442 apertissime
909 5376 1292 5433 demonstrant
1354 5381 1470 5437 haec
1535 5398 1657 5452 quae
1724 5383 1960 5440 inferius

379 5463 770 5533 subjiciuntur.
813 5485 832 5518 ι
876 5467 1010 5526 Post
1042 5470 1156 5527 haec
1185 5472 1239 5525 in
1263 5474 1428 5528 terris
1455 5474 1608 5530 visus
1641 5483 1726 5531 est
1753 5484 1806 5530 et
1835 5492 1960 5530 cum

377 5555 694 5612 hominibus
731 5571 1090 5619 conversatus
1122 5573 1229 5621 est.
1275 5584 1294 5616 ι
1329 5564 1612 5622 Adversus
1642 5567 1772 5622 illud
1798 5569 1963 5639 igitur

379 5643 475 5700 Dei
505 5643 744 5702 Verbum
781 5651 1138 5709 manifestum
1163 5663 1248 5711 est
1276 5655 1420 5725 quod
1449 5672 1558 5711 non
1593 5659 1962 5714 mstimabitur

377 5737 520 5793 alius
565 5754 752 5795 eorum
781 5745 876 5812 qui
906 5748 1086 5801 vocati
1135 5757 1264 5803 sunt
1319 5749 1416 5804 dii.
1455 5769 1474 5802 ‹
1512 5751 1641 5807 Post
1679 5752 1816 5817 haec,
1860 5755 1957 5819 ait,

453 5892 494 5922 “
527 5891 727 5952 Thren.
788 5912 862 5963 tv,
894 5897 986 5956 20.

2085 3352 2177 3403 καὶ
2224 3351 2534 3421 ὑπήκουσεν
2577 3351 2727 3423 αὑτῴ
2770 3353 2979 3425 τρόμῳ.
3029 3357 3092 3408 Oi
3136 3356 3191 3408 δὲ
3223 3357 3462 3429 ἀστέρες
3510 3359 3671 3429 ἔλαμ-

2080 3442 2188 3511 ψαν
2240 3445 2297 3495 ἐν
2347 3446 2466 3506 ταῖς
2513 3444 2781 3512 φυλακαῖς
2832 3447 3042 3510 αὑτῶν,
3107 3448 3203 3502 καὶ
3251 3450 3668 3521 εὑφράνθησαν·

2078 3534 2338 3588 ἐκάλεσεν
2393 3535 2612 3600 αὑτοὺς,
2672 3539 2764 3590 καὶ
2819 3533 2995 3603 εἷπον,
3061 3540 3377 3612 Πάρεσμεν·
3431 3543 3672 3615 ἔλαμψαν

2081 3625 2200 3696 μετ’
2224 3627 2565 3698 εὐφροσύνης
2594 3629 2672 3699 τῷ
2707 3633 2992 3701 ποιήσαντι
3021 3633 3237 3697 αὐτούς.
3280 3626 3456 3698 Οὗτος
3487 3639 3516 3689 6
3547 3636 3672 3699 656.;

2074 3719 2257 3788 ἡμῶν,
2297 3721 2355 3772 οὑ
2388 3720 2770 3793 λογισθήσεται
2803 3724 2991 3795 ἔτερος
3025 3725 3160 3795 πρὸς
3190 3727 3375 3780 αὑτόν.
3427 3728 3670 3800 Ἐξεῦρεν

2077 3813 2255 3865 πᾶσαν
2281 3812 2398 3865 ὁδὸν
2429 3815 2761 3886 ἐπιστήμης,
2789 3817 2884 3869 καὶ
2919 3817 3120 3871 ἔδωκεν
3160 3817 3329 3889 αὐτὴν
3371 3819 3446 3871 Ἰα
3465 3819 3572 3872 (ὼϐ
3595 3819 3668 3889 τῷ

2078 3905 2230 3960 παιδὶ
2269 3905 2456 3970 αὑτοῦ,
2490 3907 2584 3959 καὶ
2625 3908 2837 3980 Ἰσραὴλ
2863 3908 2940 3979 τῷ
2975 3911 3322 3982 ἠγαπημένῳ
3362 3912 3454 3964 ὑπ’
3483 3913 3667 3965 αὑτοῦ·

2082 3997 2221 4068 μετὰ
2247 3998 2407 4052 τοῦτο
2437 4000 2530 4054 ἐπὶ
2563 4000 2664 4070 τῆς
2683 4001 2787 4071 γῆς
2808 4000 2987 4071 ῶφθη,
3023 4003 3117 4054 καὶ
3149 4006 3208 4054 ἐν
3231 4005 3343 4066 τοῖς
3363 4003 3671 4073 ἀνθρώποις

2080 4092 2520 4164 συνανεστράφη.
2557 4112 2574 4144 ι
2606 4093 2701 4156 Τίς
2733 4093 2898 4164 ἀνέϐη
2922 4096 3003 4158 εἰς
3019 4094 3109 4146 τὸν
3123 4094 3374 4164 οὐρανὸν,
3402 4099 3562 4167 φησὶ,
3584 4099 3674 4149 καὶ

2075 4183 2267 4237 ἔλαϐεν
2307 4184 2504 4256 αὑτὴν,
2537 4185 2630 4239 καὶ⁸
2667 4185 3027 4239 κατεϐίϐασεν
3061 4187 3267 4257 αὑτήνς
3293 4187 3390 4240 καὶ
3416 4189 3488 4241 τὰ
3517 4190 3665 4260 ἐξῆς·

2072 4276 2437 4346 διδασκόμεθα
2487 4278 2542 4331 δὲ
2581 4279 2688 4332 ἀπὸ
2729 4278 2821 4331 τοῦ
2871 4278 3018 4350 ἱεροῦ
3079 4280 3404 4334 ’Δποστᾶιου
3437 4281 3517 4345 ὡς
3568 4283 3671 4353 ἄρα

2078 4387 2096 4419 ι
2129 4371 2157 4422 6
2186 4368 2432 4432 καταϐὰς
2469 4369 2674 4440 Ἰησοῦς
2701 4371 2968 4442 Χριστὸς,
3001 4370 3163 4432 αὑτός
3195 4372 3311 4423 ἐστι
3345 4371 3442 4423 καὶ
3476 4373 3505 4423 6
3542 4373 3668 4424 ἀνα-

2072 4459 2174 4524 ϐὰς
2202 4460 2457 4531 ὑπεράνω
2491 4462 2709 4514 πάντων
2748 4460 2856 4516 τῶν
2903 4461 3164 4533 οὐρανῶν·
3207 4481 3224 4513 ι
3277 4462 3333 4525 ὃς
3367 4463 3465 4516 καί
3495 4461 3669 4515 λαϐὼν

2069 4553 2169 4623 τὴν
2195 4553 2290 4606 τοῦ
2313 4555 2469 4621 ἁγίου
2517 4553 2833 4624 Πνεύματος
2881 4554 3091 4626 δωρεάν
3125 4554 3458 4608 κατεϐίϐασέ
3493 4573 3552 4608 τε
3582 4557 3670 4608 καὶ

2074 4645 2289 4715 ἐξέχεεν
2315 4647 2407 4698 ἐπὶ
2437 4646 2536 4710 τὰς
2569 4646 2676 4698 τῶν
2711 4645 3172 4717 παραδεξαμένων
3205 4645 3386 4699 αὑτῶν
3431 4647 3545 4717 (ὴν)
3579 4647 3672 4714 ψυ-

2073 4737 2192 4806 χάς·
2226 4737 2348 4790 ὅθεν
2377 4738 2472 4791 καὶ
2507 4738 2564 4790 ἐν
2595 4736 2842 4807 Ψαλμοῖς
2882 4738 3098 4809 εἴρηται
3127 4736 3207 4800 τὸ,
3263 4756 3281 4788 ι
3329 4738 3567 4800 Ἀναϐὰς
3594 4739 3667 4799 εἰς

2074 4827 2207 4897 ὕψος
2239 4827 2668 4900 ᾐχμαλώτευσας
2705 4829 2767 4900 (I.
2805 4830 2894 4890 57,
2919 4833 2998 4898 νο)
3029 4829 3431 4899 αἰχμαλωσίαν,
3478 4829 3670 4891 ἔλαϐες

2071 4920 2278 4992 δόματα
2317 4923 2375 4974 ἐν
2419 4921 2746 4993 ἀνθρώποις.
2795 4942 2812 4973 ι
2865 4922 3020 4991 Ἑξῆς
3049 4923 3103 4975 δὲ
3133 4925 3190 4976 ἐν
3227 4925 3294 4994 τῇ
3330 4923 3670 4994 προκειμένῃ

2070 5018 2255 5087 γραφῇ
2281 5017 2309 5068 6
2340 5015 2498 5084 λόγος
2526 5015 2712 5086 φησὶν,
2739 5034 2758 5065 ι
2791 5008 2960 5079 Οὗτος
2985 5017 3012 5068 ό
3039 5013 3172 5078 Θεὸς
3216 5017 3249 5084 ὴ
3260 5014 3377 5085 μῶν
3415 5016 3478 5068 οὑ
3532 5015 3671 5084 λογι-

2073 5107 2329 5178 σθήσεται
2351 5106 2536 5177 έτερος
2563 5107 2699 5178 πρὸς
2727 5107 2909 5160 αὑτόν·
2951 5125 2970 5157 ›
3008 5107 3092 5170 τίς
3123 5106 3181 5159 δὲ
3219 5102 3395 5171 οὗτος,
3428 5106 3462 5176 ἦ
3486 5110 3516 5160 6
3541 5108 3667 5159 ἁνα-

2071 5197 2171 5262 ϐὰς
2194 5201 2272 5262 είς
2291 5197 2380 5251 τὸν
2406 5198 2635 5270 οὑρανὸν
2663 5199 2755 5251 καί
2777 5197 3046 5262 καταϐάς;
3066 5197 3156 5267 Τῷ
3183 5198 3293 5267 γὰρ
3320 5217 3340 5249 ς
3375 5198 3472 5261 Τίς
3498 5198 3662 5265 ἀνέϐη

2069 5294 2149 5355 είς
2178 5291 2268 5344 τὸν
2299 5291 2559 5362 οὑρανόν;
2590 5309 2609 5342 ι
2658 5288 3088 5360 ἐρωτηματικῶς
3113 5289 3393 5360 εἰρημένῳ
3420 5288 3662 5342 ἀποδέδο-

2066 5402 2156 5437 ται
2185 5384 2272 5449 τὸ,
2311 5403 2330 5434 ι
2357 5377 2525 5446 Οὗτος
2557 5384 2585 5436 ὁ
2613 5382 2746 5446 Θεὸς
2766 5382 2942 5454 ήμῶν,
2969 5383 3029 5434 οὑ
3067 5381 3452 5453 λογισθήσεται
3477 5382 3662 5449 ἕτερος

2066 5475 2206 5544 πρὸς
2234 5474 2419 5528 αὑτόνο
2464 5493 2484 5526 ι
2516 5474 2848 5544 σαφέστερον
2880 5473 3037 5527 τοῦτο
3070 5474 3222 5544 δηλοί
3256 5474 3318 5526 τὸ
3359 5472 3484 5540 ἑξῆς
3511 5474 3662 5543 εἰρη-

2069 5566 2250 5636 μένον,
2274 5566 2363 5630 τὺ,
2402 5585 2419 5616 ι
2458 5563 2614 5619 Μετὰ
2655 5563 2813 5618 τοῦτο
2841 5564 2932 5618 ἐπὶ
2959 5565 3058 5635 τῆς
3098 5565 3201 5634 γῆς
3230 5561 3406 5634 ὤφθη,
3457 5561 3552 5613 καὶ
3603 5561 3661 5613 ἐν

2064 5662 2176 5722 τοῖς
2211 5658 2518 5730 ἀνθρώποις
2551 5658 2988 5728 συνανεστράφη.
3014 5676 3032 5708 ι
3065 5655 3211 5727 Πρὸς
3240 5655 3425 5708 τοῦτον
3447 5648 3544 5705 οὖν
3566 5651 3659 5720 δῆ-

2063 5751 2155 5804 λον
2184 5753 2266 5805 ὅτι
2290 5752 2381 5805 τὸν
2419 5751 2513 5804 τοῦ
2545 5750 2688 5804 Θεοῦ
2721 5750 2894 5818 Λόγον
2934 5751 2995 5803 οὑ
3035 5748 3414 5821 λογισθήσεται
3469 5747 3657 5816 ἕτερος

1069 5901 1109 5935 ¹²
1143 5900 1377 5961 Baruch.
1436 5921 1539 5974 ιιι,
1597 5907 1794 5964 2968.
1876 5908 1973 5963 ⁸³1

2082 5925 2154 5968 es.
2194 5910 2433 5975 ιν,10.ο
2461 5910 2503 5942 ”
2543 5903 2689 5968 Psal.
2731 5923 2902 5976 uvn,
2938 5907 3022 5963 l9.
