3856 6226
226 343 379 401 1169

1305 355 1599 414 ECLOGA:
1641 351 2125 416 PROPHETICE.
2167 391 2237 401 —
2274 359 2404 418 LIB.
2440 362 2482 418 I.

3373 371 3510 427 H70

219 466 342 518 τῶν
379 465 678 538 ὲπικτητὴν
697 468 798 538 τὴν
832 468 925 522 τοῦ
982 469 1118 525 Θεοῦ
1176 473 1546 545 προσηγορίαν
1599 474 1818 544 ἐσχηκό-

1932 475 1987 529 in
2025 477 2192 533 terris
2229 478 2384 536 visus
2433 485 2558 546 est;
2597 497 2616 532 ι
2672 481 2902 547 scilicet,
2956 489 3015 538 ut
3067 493 3303 552 constat,
3359 501 3508 558 post-

220 572 362 608 των.
392 575 409 606 1
444 554 595 608 Μετὰ
620 556 777 610 τοῦτο
817 557 924 621 δὲ,,
955 561 1138 630 φησιν,
1181 561 1273 614 ὲπὶ
1315 563 1413 632 τῆς
1463 562 1569 632 γῆς
1601 561 1779 632 ὤφθη⁴
1802 582 1820 614 ι

223 647 390 717 δῆλον
421 649 504 700 ὅτι
544 647 682 718 μετά
710 649 770 702 τὸ
796 650 886 704 διὰ
925 653 1089 723 νόμου
1125 655 1218 706 καὶ
1258 656 1554 727 προφητῶν
1585 656 1684 728 τήν
1721 659 1828 710 πᾶ-

171 811 178 815 _
225 755 336 792 σαν
381 740 496 793 ὁδὸν
540 741 639 811 τῆς
672 742 999 812 ἐπαγγελίας
1028 745 1335 800 δεδωκέναι·
1383 766 1400 798 1
1426 747 1645 820 ἐξεῦρεν
1677 748 1784 818 γὰρ
1809 788 1824 810 ,

224 833 389 901 φησι,
459 834 639 886 πᾶσαν
701 835 821 887 ὁδὸν
885 839 1216 908 ἐπιστήμης,
1259 840 1353 891 καὶ
1379 839 1572 892 ἔδωκεν
1656 841 1826 912 αὑτήν

237 923 548 994 Ἰακὼϐ-τῷ
587 924 734 978 παιδὶ
773 927 960 991 αὐτοῦ,
1003 929 1097 980 καὶ
1139 929 1352 1001 Ἰσραὴλ
1383 929 1462 998 τῷ
1482 931 1826 1000 ἠγαπημένῳ

224 1012 326 1066 ὑπ’
353 1013 537 1066 αὑτοῦ·
573 1010 694 1068 εἶτα
733 1034 752 1066 1
799 1017 936 1086 μετά
976 1016 1135 1071 τοῦτο
1164 1019 1256 1072 ἐπὶ
1280 1019 1378 1090 τῆς
1407 1019 1511 1088 γῆς
1527 1017 1702 1090 ῶφθη,
1733 1021 1826 1073 καὶ

220 1107 348 1169 τοῖς
381 1105 686 1177 ἀνθρώποις
720 1111 1153 1181 συνανεστράφη.
1189 1129 1208 1162 ι

756 1201 1154 1254 ΚΕΦΑΛΑΙΟΝ
1208 1202 1300 1256 Μ’.

723 1293 864 1346 Ἀπὸ
888 1293 994 1348 τοῦ
1033 1294 1334 1361 Ἰεζεκιήλ.

314 1400 335 1433 1
376 1382 519 1436 Ἀντί
538 1382 730 1438 τούτου
747 1385 871 1438 τάδε
888 1385 1033 1454 λέγει
1059 1386 1263 1458 Κύριος
1283 1405 1296 1418 ο
1336 1389 1489 1454 Ἰδοὺ,
1519 1389 1630 1459 ἐγὼ
1656 1392 1824 1463 κρίνω

227 1471 506 1542 ἀναμέσον
537 1473 812 1544 προϐάτου
858 1477 1079 1548 ἰσχυροῦ
1115 1479 1208 1531 καὶ
1239 1480 1514 1551 ἀναμέσον
1549 1483 1822 1552 προϐάτου

227 1565 516 1629 ἀσθενοῦς.
555 1568 679 1620 Ἐπὶ
705 1570 826 1630 ταῖς
855 1569 1114 1640 πλευραῖς
1141 1571 1235 1624 καὶ
1270 1575 1382 1636 τοῖς
1414 1572 1583 1644 ὤμοις
1611 1575 1823 1628 διωθεί-

228 1653 349 1718 σθε,
371 1656 465 1708 καὶ
495 1659 607 1719 τοῖς
625 1657 850 1727 κέρασιν
869 1660 1022 1730 ὑμῶν
1043 1662 1408 1732 ὲκερατίζετε·
1433 1665 1540 1718 πᾶν
1567 1665 1628 1718 τὸ
1654 1665 1824 1719 ἐκλεῖ-

227 1765 335 1801 πον
367 1748 704 1818 ὲξεθλίψατε.
732 1752 842 1804 Καὶ
855 1750 1015 1804 σώσω
1028 1751 1094 1805 τὰ
1119 1753 1370 1824 πρόϐατά
1395 1773 1516 1825 μου,
1543 1757 1637 1810 καὶ
1657 1758 1716 1809 οὐ
1747 1757 1821 1829 μὴ

1930 583 2095 636 quam
2133 571 2312 626 onmis
2342 571 2621 643 Evangelii
2664 573 2750 628 via
2782 590 2879 646 per
2909 575 3080 646 legem
3111 585 3166 631 et
3213 581 3514 650 prophetas

1929 665 2116 726 aperta
2146 665 2251 714 est.
2290 679 2309 712 1
2347 661 2643 716 Adinvenit
2700 665 2878 727 enim,
2932 664 3030 730 ait,
3083 680 3298 722 ornnem
3364 669 3507 724 viain

1921 750 2254 821 disciplinae,
2305 759 2362 808 et
2413 752 2639 808 tradidit
2697 755 2845 808 illam
2893 754 3064 810 Iacob
3093 772 3262 827 puero
3291 776 3413 824 suo,
3453 769 3509 816 et

1929 839 2097 895 Israel
2141 842 2344 897 dilecto
2393 858 2536 910 suo;
2573 863 2592 895 ›
2647 844 2795 909 dein,
2835 863 2853 897 1
2911 855 3035 917 post
3093 849 3208 903 haac
3244 851 3299 904 in
3348 855 3508 908 terris

1929 932 2080 988 visus
2113 940 2223 999 est,
2247 942 2301 989 et
2329 949 2451 990 cum
2482 935 2795 993 hominibus
2825 947 3180 997 conversatus
3213 950 3318 997 est.
3359 961 3380 995 ι

2523 1199 2752 1256 CAPUT
2791 1200 2904 1258 XL.

2483 1289 2566 1342 Ea:
2632 1290 2922 1346 Ezechiele.

2004 1398 2021 1430 1
2065 1378 2193 1435 Haec
2235 1388 2430 1435 contra
2465 1381 2600 1435 dicit
2638 1380 2952 1438 Dominus:
2997 1382 3137 1439 Ecce
3189 1399 3290 1454 ego
3319 1383 3508 1454 judico

1925 1471 2070 1531 inter
2122 1489 2290 1544 pecus
2339 1475 2540 1545 pingue
2568 1483 2622 1530 et
2656 1491 2822 1544 pecus
2876 1476 3225 1530 macilentum
3261 1497 3274 1532 :
3308 1493 3408 1548 pro
3439 1493 3508 1534 eo

1923 1563 2069 1633 quod
2099 1564 2364 1618 lateribus
2389 1575 2442 1618 et
2468 1564 2713 1619 humeris
2747 1564 3148 1634 impingebatis,
3170 1576 3224 1619 ct
3245 1566 3508 1624 cornibus

1925 1655 2128 1710 vestris
2152 1656 2502 1710 ventilabatis
2527 1656 2711 1711 omnia
2745 1656 2957 1710 inﬁrma
2983 1671 3202 1728 pecora,
3236 1659 3410 1713 donec
3433 1659 3510 1714 di~

1924 1755 2310 1818 spergerentur
2334 1748 2517 1804 foras:
2561 1750 2782 1803 salvabo
2820 1764 3036 1820 gregem
3081 1767 3283 1814 meum,
3315 1759 3368 1806 et
3399 1768 3506 1811 non

225 1833 369 1893 ὦσιν
397 1840 477 1894 ἔτι
531 1843 611 1904 είς
654 1843 964 1914 προνομὴν,
1001 1845 1096 1897 καὶ
1138 1846 1310 1916 κρινῶ
1355 1848 1625 1918 ἀναμέσον
1668 1851 1818 1920 κριοῦ

1929 1840 2034 1894 erit
2061 1839 2202 1892 ultra
2235 1839 2290 1892 in
2319 1839 2591 1910 rapinam,
2619 1847 2672 1893 et
2689 1839 2952 1908 iudicabo
2974 1840 3115 1893 inter
3147 1857 3313 1910 pecus
3339 1851 3390 1895 et
3415 1856 3509 1910 pe-

227 1932 370 2002 πρὸς
410 1933 587 2002 κριόν·
631 1935 727 1988 καὶ
770 1937 1061 2007 ἀναστήσω
1103 1938 1284 2001 αὐτοῖς
1340 1940 1569 2010 ποιμένα
1609 1941 1822 2010 ἕτερον’

227 2023 328 2075 καὶ
360 2024 693 2096 ποιμανεῖ[ς]
733 2027 961 2090 αὐτοὺς,
1010 2027 1102 2080 τὸν
1148 2028 1334 2081 δοῦλόν
1376 2047 1477 2100 μου
1521 2030 1701 2093 Δαυῖδ,
1732 2032 1825 2084 καὶ

224 2114 384 2168 ἔσται
417 2116 597 2169 αὐτῶν
617 2117 841 2188 ποιμὴν.
877 2119 970 2171 καὶ
1005 2118 1198 2189 ἔσομαι
1227 2122 1411 2185 αὐτοῖς
1431 2124 1511 2186 είς
1540 2122 1690 2187 Θεὸν,
1728 2127 1824 2178 καὶ

224 2205 396 2258 Δαυῒδ
423 2207 612 2278 ἄρχων
640 2211 698 2262 ὲν
730 2209 880 2280 μέσῳ
918 2210 1120 2262 αὐτῶν·
1153 2211 1264 2280 ἐγὼ
1296 2213 1502 2284 Κύριος
1524 2213 1820 2285 λελάληκα.

225 2298 341 2350 Καὶ
383 2298 706 2371 διαθήσομαι
747 2300 825 2371 τῷ
869 2302 1028 2354 Δαυῖδ
1077 2302 1343 2376 διαθήκην
1375 2307 1590 2378 καινὴν,
1635 2305 1823 2377 διαθή-

225 2406 334 2460 κην
363 2390 604 2461 εἰρήνης.
633 2412 651 2442 ι
700 2393 850 2444 Ἐπεὶ
889 2394 984 2446 καὶ
1038 2394 1096 2446 ὲν
1131 2393 1310 2459 ἄλλοις
1355 2397 1444 2449 τὸν
1491 2398 1826 2468 προφητευό-

229 2497 393 2550 μενον
417 2481 576 2534 Δαυῒδ
603 2483 701 2535 οὑκ
739 2482 896 2535 ἀλλον
931 2484 1248 2555 ἀποδίδομεν
1280 2486 1375 2540 τοῦ
1417 2489 1480 2540 ὲκ
1514 2489 1825 2560 σπέρματος

226 2571 393 2623 Δαυῖδ
426 2573 788 2643 γεγενημένου
835 2573 1088 2643 Σωτῆρος
1117 2575 1294 2644 ἡμῶν,
1338 2576 1528 2629 τούτου
1567 2577 1631 2648 δὴ
1663 2577 1824 2646 χάριν

227 2661 326 2712 καὶ
351 2658 537 2712 ἐνθάδε
566 2661 662 2730 τήν
679 2662 986 2732 περικοπὴν
1013 2664 1498 2734 ὲπεσημηνάμεθα·
1520 2666 1603 2729 τίς
1625 2667 1734 2737 γάρ
1755 2666 1822 2721 ἂν

223 2747 388 2810 ἄλλος
414 2751 496 2819 εἴη
519 2751 547 2801 6
574 2751 881 2821 ποιμαίνειν
914 2751 1122 2822 μέλλων
1153 2754 1223 2807 τὰ
1242 2756 1333 2808 τοῦ
1351 2757 1556 2828 Κυρίου
1575 2757 1824 2829 πρόὸατα

231 2842 374 2910 μετὰ
407 2842 468 2894 τὸ
501 2843 754 2914 κριθῆναι
791 2848 929 2902 αὐτὰ
965 2851 1054 2901 ὑπ’
1097 2850 1264 2903 αὑτοῦ
1286 2890 1300 2913 ,
1335 2851 1367 2920 ἢ
1400 2855 1428 2904 6
1473 2852 1630 2922 μόνος
1659 2853 1822 2917 καλὸς

227 2933 456 3004 ποιμὴν,
483 2937 511 2988 6
555 2937 630 3006 μὴ
677 2939 947 3009 ὑπεριδὼν
985 2941 1322 3012 διωθούμενοι
1363 2943 1457 2996 καὶ
1501 2943 1822 3015 διολλύμενα

229 3024 339 3076 ὑπὸ
371 3025 480 3077 τῶν
513 3027 902 3098 ἀντικειμένων
929 3029 1211 3101 δυνάμεων
1235 3032 1301 3084 τὰ
1329 3032 1521 3101 λογικὰ
1553 3033 1654 3102 τῆς
1684 3035 1821 3100 ιδίας

226 3116 397 3169 αὐτοῦ
433 3119 665 3189 ποίμνης
694 3121 962 3189 πρόϐατα,
995 3123 1129 3178 ἀλλὰ
1161 3125 1272 3189 θεὶς
1298 3125 1393 3196 τὴν
1428 3127 1618 3179 ἑαυτοῦ
1642 3127 1818 3200 ψυχήν

1929 1945 2047 1984 cus.
2088 1929 2150 1983 Et
2184 1929 2466 1986 suscitabo
2510 1946 2677 2000 super
2729 1945 2825 1985 eos
2882 1931 3158 2002 pastorem
3193 1949 3380 1998 unum,
3413 1933 3504 2002 qui

1929 2029 2116 2092 pascat
2131 2037 2249 2086 eos,
2283 2037 2499 2078 servum
2532 2037 2712 2077 meum
2748 2021 2954 2077 David:
2991 2023 3105 2093 ipse
3153 2032 3341 2093 pascet
3385 2041 3504 2090 eos,

1927 2124 1982 2170 et
2031 2114 2147 2184 ipse
2176 2116 2281 2170 erit
2322 2115 2403 2170 eis
2436 2115 2491 2168 in
2533 2121 2831 2188 pastorem.
2865 2114 2978 2186 Ego
3023 2124 3203 2171 autem
3245 2115 3505 2172 Dominus

1926 2223 2023 2262 ero
2055 2209 2136 2263 eis
2175 2207 2229 2262 in
2284 2205 2456 2261 Deum
2485 2225 2497 2261 :
2530 2213 2585 2262 et
2612 2223 2805 2263 servus
2839 2225 2995 2263 meus
3035 2208 3202 2262 David
3250 2210 3508 2280 princeps

1927 2302 1981 2355 in
2007 2299 2188 2354 medio
2211 2315 2400 2355 eorum
2435 2315 2572 2370 :ego
2606 2300 2870 2356 Dominus
2904 2300 3120 2356 locutus
3147 2317 3286 2358 sum.
3323 2302 3384 2354 Et
3423 2303 3506 2356 fa-

1925 2392 2064 2446 ciam
2095 2406 2219 2444 cum
2255 2389 2422 2444 David
2458 2398 2676 2460 pactum
2707 2407 2931 2455 novum,
2964 2402 3179 2462 pactqu
3205 2394 3356 2462 pacis
3377 2395 3438 2448 “’.
3481 2413 3500 2446 ι

1922 2478 2042 2534 Jam
2081 2481 2210 2534 alibi
2272 2482 2581 2534 nuntiatum
2612 2481 2911 2550 proplietiis
2959 2480 3127 2536 David
3169 2499 3280 2536 non
3337 2485 3506 2537 alium

1921 2585 2047 2624 esse
2076 2569 2420 2626 ostendimus
2454 2585 2519 2625 ac
2550 2587 2580 2625 e
2610 2573 2816 2626 semine
2848 2570 3015 2625 David
3045 2579 3226 2625 ortum
3259 2571 3508 2627 Salvato-

1923 2677 2038 2716 rem
2070 2668 2357 2726 nostrum;
2395 2661 2482 2716 hic
2511 2677 2732 2731 quoque
2762 2663 2829 2718 de
2866 2663 3057 2718 eodem
3101 2663 3247 2718 bunc
3299 2665 3504 2734 accipi-

1925 2769 2047 2808 mus
2079 2753 2278 2808 locum.
2317 2754 2454 2820 Quis
2497 2755 2642 2808 enim
2676 2755 2818 2810 alius
2858 2763 3004 2810 esset
3049 2753 3263 2810 Domini
3310 2772 3506 2826 pecora

1915 2845 2263 2915 judicaturus
2310 2853 2695 2916 pasturusque,
2730 2846 2837 2901 nisi
2894 2848 3048 2902 solus
3076 2849 3254 2904 bonus
3284 2847 3503 2914 Pastor,

1923 2935 2016 3004 qui
2044 2951 2152 2989 non
2185 2938 2517 3006 contempsit
2551 2937 2800 3007 dispersa
2823 2947 2876 2993 et
2908 2939 3120 3008 perdita
3144 2940 3213 2994 ab
3248 2940 3506 2996 adversa-

1921 3027 2021 3080 riis
2054 3028 2416 3096 potestatibus
2448 3028 2755 3098 spiritualia
2782 3031 2991 3099 proprii
3027 3031 3200 3101 ipsius
3228 3032 3387 3086 ovilis
3413 3048 3506 3100 pe-

1921 3130 2074 3179 cora,
2104 3115 2200 3171 sed
2233 3118 2469 3171 animam
2513 3133 2668 3172 suam
2711 3135 2811 3189 pro
2849 3136 3038 3174 eorum
3075 3123 3250 3177 salute
3282 3125 3504 3192 posuit;

227 3207 376 3276 ὑπὲρ
401 3212 498 3280 τῆς
532 3211 710 3265 αὐτῶν
755 3215 1050 3286 σωτηρίας,
1093 3210 1169 3269 ὧν
1214 3218 1447 3289 ἄρχοντα
1479 3220 1508 3271 6
1544 3219 1677 3280 Θεὸς
1723 3221 1817 3273 acati.

1925 3221 2197 3276 quemque
2231 3205 2376 3264 Deus
2408 3215 2462 3263 et
2504 3206 2665 3262 Pater
2687 3210 2808 3279 cjus
2840 3210 3141 3279 principem
3172 3225 3360 3266 eorum
3381 3221 3504 3282 post

225 3299 424 3370 Πατὴρ
467 3301 632 3356 αὑτοῦ
682 3308 1048 3378 καταστήσειν
1100 3309 1494 3376 ἐπαγγέλλεται
1540 3310 1678 3380 μετὰ
1730 3311 1822 3365 τὸν

225 3390 466 3462 κρίσεως
484 3395 694 3466 καιρὸν.
717 3396 1108 3468 διαθησόμενος
1126 3400 1275 3471 αὐτῷ
1297 3401 1564 3473 διαθήκην
1577 3404 1818 3474 εἰρήνης,

225 3481 341 3542 ὅτε,
368 3483 744 3551 ὑποταγέντων
782 3486 930 3557 αὐτῷ
964 3488 1072 3541 τῶν
1103 3490 1334 3560 ἐχθρῶν,
1359 3491 1582 3562 ἔσχατος
1604 3494 1821 3547 πάντων

229 3573 328 3625 καὶ
359 3574 522 3638 αὐτὸς
542 3577 571 3628 6
604 3577 700 3630 νῦν
732 3579 1108 3648 ἀντικείμενος
1138 3581 1215 3652 τῷ
1253 3583 1396 3654 λόγῳ
1437 3585 1531 3638 καὶ
1560 3587 1627 3656 τῇ
1663 3585 1824 3656 σοφίᾳ

228 3663 325 3716 καὶ
356 3669 421 3736 τῇ
461 3667 572 3738 ζωῇ
604 3668 837 3734 Θάνατος
869 3671 1383 3743 καταργηθήσεταις

737 3779 1138 3831 ΚΕΦΑΛΑΙυΝ
1178 3778 1315 3833 MA’.

854 3870 965 3923 Τοῦ
993 3870 1202 3924 αὐτοῦ.

310 3975 329 4009 1
364 3957 501 4010 Τάδε
539 3957 684 4026 λέγει
718 3959 956 4030 Κύριος,
997 3961 1126 4014 Ἰδοὺ
1149 4001 1162 4024 ,
1198 3959 1308 4030 ἐγὼ
1352 3961 1612 4033 λαμϐάνω
1644 3962 1820 4017 πάντα

225 4044 378 4102 οἷκον
439 4050 653 4120 Ἰσραὴλ
685 4053 748 4103 ὲκ
792 4051 958 4122 μέσου
1013 4053 1120 4106 τῶν
1153 4053 1340 4117 ἐθνῶν,
1394 4048 1454 4108 οὗ
1503 4055 1820 4126 εἰσήλθοσαν

225 4141 366 4202 ἐκεῖ,
402 4143 493 4194 καὶ
525 4143 738 4208 συνάξω
779 4144 978 4206 αὐτοὺς
1025 4146 1105 4206 εἰς
1139 4145 1239 4214 τὴν
1281 4145 1383 4214 γῆν
1413 4145 1506 4198 τοῦ
1558 4146 1772 4217 Ἰσραὴλ
1801 4187 1816 4211 ,

225 4233 324 4286 καὶ
355 4231 510 4285 δώσω
539 4234 735 4297 αὐτοὺς
755 4237 836 4298 είς
873 4234 998 4306 ἔθνη
1041 4237 1100 4289 ἐν
1140 4237 1205 4306 τῇ
1241 4239 1310 4306 γῇ
1342 4253 1465 4306 μου,
1500 4238 1592 4290 καὶ
1621 4240 1678 4290 ἐν
1708 4240 1820 4301 τοῖς

223 4326 412 4396 ὄρεσιν
446 4327 676 4397 Ἰσραήλ
708 4330 801 4379 καὶ
838 4328 1021 4398 ἄρχων
1063 4323 1145 4391 εἷς
1179 4327 1330 4381 ἔσται
1363 4328 1564 4392 αὐτῶν,
1599 4331 1691 4383 καὶ
1720 4331 1819 4385 οὐκ

223 4416 442 4470 ἔσονται
473 4419 658 4470 οὐκέτι
688 4421 768 4482 εἰς
809 4418 903 4472 δύο
935 4419 1086 4492 ἔθνη·
1122 4419 1232 4472 οὐδ’
1269 4422 1331 4474 οὐ
1367 4421 1440 4492 μὴ
1473 4421 1819 4492 διαιρεθῶσιν

223 4509 308 4572 είς
336 4509 430 4562 δύο
457 4509 757 4579 βασιλείας,
781 4512 869 4565 ἵνα
897 4513 970 4583 μὴ
999 4513 1411 4583 μιαίνωνταιὲτι
1437 4517 1494 4567 ὲν
1518 4518 1629 4579 τοῖς
1661 4515 1817 4569 είδώ-

1917 3298 2114 3368 judicii
2144 3309 2358 3370 tempus
2393 3301 2710 3364 constituet,
2762 3303 3000 3357 initurus
3050 3318 3175 3356 cum
3235 3319 3301 3358 eo
3356 3305 3506 3374 pacis

1925 3400 2169 3461 pactum,
2195 3407 2319 3446 cum
2367 3393 2605 3450 subditis
2639 3394 2742 3464 ipsi
2773 3395 3013 3450 inimicis
3047 3396 3188 3463 suis,
3230 3405 3506 3466 postrema

1923 3483 2166 3536 omnium
2191 3491 2356 3553 atque
2397 3485 2618 3550 rationi,
2650 3495 2704 3542 et
2748 3487 3051 3556 sapientiae,
3074 3497 3129 3543 et
3162 3488 3284 3543 vitae
3311 3488 3505 3545 advor-

1922 3587 1983 3627 sa
2017 3588 2167 3630 mors
2196 3573 2504 3630 deiebitur?

2542 3773 2771 3830 CAPUT
2797 3773 2933 3830 XLI.

2559 3865 2645 3920 Ea:
2665 3867 2866 3922 eodem.

1999 3975 2017 4008 1
2063 3955 2189 4012 Haec
2220 3957 2356 4013 dicit
2411 3957 2675 4015 Dominus
2704 3978 2716 4013 :
2749 3958 2889 4014 Ecce
2922 3973 3022 4030 ego
3053 3973 3328 4015 assumam
3384 3975 3504 4014 om-

1921 4067 2044 4106 nem
2091 4053 2313 4106 domum
2360 4050 2524 4106 Israel
2571 4052 2640 4108 de
2687 4053 2866 4106 medio
2918 4052 3222 4114 nationum,
3255 4051 3324 4106 ad
3363 4064 3503 4122 quas
3590 4090 3596 4096 -

1921 4145 2209 4200 abierunt:
2261 4153 2318 4200 et
2353 4145 2697 4215 congregabo
2752 4161 2848 4200 eos
2888 4145 3128 4215 undique
3180 4146 3235 4199 in
3298 4155 3501 4199 terram

1919 4234 2109 4302 Israel,
2135 4245 2190 4292 et
2221 4236 2415 4290 faciam
2447 4251 2544 4291 eos
2599 4237 2652 4290 in
2696 4245 2912 4307 gentem
2949 4251 3109 4290 unam
3140 4236 3194 4290 in
3218 4245 3360 4290 terra
3383 4251 3502 4290 mea

1920 4337 1975 4382 et
2004 4329 2056 4382 in
2088 4330 2366 4384 montibus
2390 4329 2580 4394 Israel,
2617 4338 2672 4386 et
2699 4347 2791 4385 rex
2812 4347 2957 4385 unus
2985 4332 3091 4387 erit
3121 4329 3378 4384 omnibus
3401 4331 3503 4383 im-

1922 4435 2121 4490 perans
2159 4441 2170 4476 :
2207 4431 2262 4476 et
2291 4439 2400 4477 non
2445 4431 2608 4478 erunt
2647 4425 2788 4477 ultra
2843 4424 2965 4478 dure
3013 4431 3226 4493 gentes,
3278 4438 3378 4476 nec
3417 4421 3504 4475 di-

1923 4514 2179 4568 videntur
2237 4515 2474 4584 amplius
2521 4517 2575 4569 in
2626 4516 2737 4570 duo
2783 4532 2972 4586 regna.
3012 4514 3197 4585 Neque
3255 4513 3502 4584 polluen-

222 4601 338 4665 λοις
357 4602 556 4656 αὐτῶν·
588 4604 682 4656 καὶ
717 4603 951 4676 ῥύσομαι
974 4607 1171 4668 αὐτοὺς
1201 4606 1308 4659 ἀπὸ
1345 4605 1534 4659 πασῶν
1561 4607 1670 4661 τῶν
1694 4609 1818 4661 ἀνο-

1925 4611 2010 4656 tur
2041 4605 2184 4656 ultra
2232 4604 2288 4657 in
2333 4603 2495 4659 idolis
2532 4605 2688 4660 suis:
2729 4613 2782 4660 et
2816 4606 3000 4659 salvos
3047 4620 3142 4659 eos
3203 4602 3400 4658 faciam
3435 4603 3503 4657 de

224 4692 369 4765 μιῶν
393 4693 595 4757 αὐτῶν,
613 4688 688 4746 ὦν
713 4696 958 4766 ἥμαρτον
983 4695 1042 4765 (Γ.
1078 4696 1168 4764 ’58)
1201 4698 1256 4750 ὲν
1283 4697 1493 4761 αὑταῖς,
1523 4699 1617 4751 καὶ
1648 4699 1817 4752 καθα-

225 4783 332 4856 ριῶ
371 4785 566 4849 αὐτοὺς
623 4787 734 4840 ἀπὸ
776 4788 965 4842 πασῶν
1010 4788 1118 4841 τῶν
1167 4791 1450 4862 ἁμαρτιῶν
1496 4790 1697 4859 αὐτῶν,
1739 4787 1815 4846 ὧν

219 4877 470 4949 ἥμαρτον
503 4881 561 4930 ὲν
595 4881 816 4947 αὑταῖς,
851 4882 945 4935 καὶ
977 4882 1223 4953 καθαριῶ
1269 4885 1486 4948 αὐτοὺς,
1531 4885 1625 4938 καὶ
1662 4885 1812 4940 ἔσον-

219 4969 314 5022 ταί
344 4987 434 5040 μοι
463 4973 542 5034 εἰς
574 4971 720 5036 λαὸν,
769 4973 864 5026 καὶ
897 4971 1008 5041 ἐγὼ
1043 4973 1246 5044 Κύριος
1277 4975 1474 5046 ἔσομαι
1508 4978 1690 5042 αὺτοῖς
1733 4979 1812 5042 είς

220 5062 375 5116 Θεόν.
414 5065 523 5117 Καὶ
553 5067 581 5118 6
599 5065 782 5129 δοῦλός
820 5083 921 5136 μου
950 5065 1113 5120 Δαυῖδ
1146 5067 1329 5137 ἄρχων
1359 5070 1418 5121 ὲν
1447 5070 1596 5140 μέσῳ
1631 5071 1811 5124 αὐτῶν

220 5153 376 5208 ἔσται
409 5157 612 5228 ποιμὴν
662 5152 744 5220 εἷς
792 5159 1008 5212 πάντων
1033 5201 1047 5224 ,
1081 5161 1162 5214 ὅτι
1194 5163 1251 5213 ἐν
1286 5163 1400 5224 τοῖς
1426 5163 1809 5233 προστάγμασι

224 5263 330 5317 μου
358 5249 733 5319 πορεύσονται,
765 5251 859 5304 καὶ
880 5252 947 5305 τὰ
975 5253 1220 5324 κρίματά
1243 5272 1345 5326 μου
1369 5255 1693 5323 φυλάξουσιν
1715 5257 1810 5311 καὶ

220 5339 540 5409 ποιήσουσιν
568 5341 729 5405 αὐτὰ,
762 5344 856 5397 καὶ⁹
884 5348 1299 5417 κατοικήσουσιν
1329 5347 1420 5400 ἐπὶ
1449 5348 1546 5418 τῆς
1569 5347 1674 5417 γῆς
1697 5389 1710 5408 ,
1741 5348 1807 5417 ἢν

219 5430 336 5500 ἐγὼ
359 5433 568 5487 δέδωκα
595 5435 672 5505 τῷ
687 5436 857 5508 δούλῳ
883 5455 984 5509 μου
1021 5437 1234 5502 Ἰακὼϐ,
1265 5434 1325 5493 οὗ
1352 5438 1677 5510 κατῴκησαν
1693 5439 1810 5491 ὲκεῐ

217 5527 271 5580 οἱ
308 5526 542 5598 πατέρες
575 5529 778 5595 αὐτῶν,
825 5531 920 5584 καὶ
953 5533 1370 5602 κατοικήσουσιν
1397 5534 1485 5585 ἐπ’
1518 5533 1687 5602 αὐτῆς
1710 5532 1807 5585 αὐτ

217 5615 302 5668 τοι
330 5632 346 5646 ο
395 5618 488 5670 καὶ
530 5617 691 5672 Δαυῖδ
738 5622 766 5674 6
807 5620 990 5685 δοῦλός
1027 5639 1126 5692 μου
1169 5622 1352 5693 ἄρχων
1389 5622 1568 5676 αὐτῶν
1601 5624 1682 5684 είς
1717 5621 1806 5674 τὸν

217 5706 554 5763 αἰῶναὶ”Καὶ
584 5709 912 5783 διαθήσομαι
932 5713 1117 5779 αὐτοῖς
1141 5714 1405 5788 διαθήκην
1430 5714 1676 5786 εἰρήνης,
1714 5714 1806 5767 καὶ

293 5821 334 5852 ¹³
363 5819 558 5879 Ezecli.
586 5839 772 5893 xxxiv,
804 5825 992 5882 20-25.

1923 4693 2199 4748 universis
2223 4693 2466 4760 sedibus,
2489 4694 2544 4748 in
2573 4695 2779 4764 quibus
2818 4703 3206 4764 peccaverunt,
3224 4701 3281 4748 et
3309 4709 3504 4748 emun-

1921 4783 2064 4838 dabo
2093 4798 2189 4837 eos
2227 4802 2239 4837 :
2276 4790 2331 4838 et
2377 4790 2542 4838 erunt
2595 4785 2728 4838 mihi
2782 4785 3038 4854 populus,
3075 4792 3128 4838 et
3165 4799 3268 4853 ego
3295 4798 3392 4837 ero
3419 4783 3504 4837 eis

1922 4874 2084 4932 Deus.
2111 4875 2175 4931 Et
2203 4892 2398 4932 servus
2423 4892 2578 4932 meus
2602 4877 2766 4931 David
2788 4893 2881 4932 rex
2911 4893 3076 4946 super
3095 4891 3212 4940 eos,
3231 4884 3285 4930 et
3315 4883 3504 4944 pastor

1922 4985 2064 5025 unus
2108 4971 2213 5024 erit
2241 4969 2486 5024 omnium
2519 4986 2708 5025 eorum
2743 4988 2757 5024 :
2793 4971 2849 5024 in
2883 4970 3108 5040 iudiciis
3134 4968 3273 5024 meis
3306 4967 3504 5022 ambu-

1919 5064 2132 5124 labunt,
2165 5069 2220 5116 et
2252 5062 2508 5115 mandata
2543 5078 2663 5114 mea
2706 5063 3038 5129 custodierit,
3074 5071 3129 5117 et
3166 5061 3373 5118 facient
3414 5078 3500 5118 ea.

1918 5155 1985 5210 Et
2014 5155 2342 5212 habitabunt
2374 5171 2540 5225 super
2571 5162 2800 5218 terram,
2850 5171 3013 5225 quam
3037 5154 3164 5210 dedi
3188 5170 3350 5210 servo
3381 5171 3504 5210 meo

1915 5246 2107 5313 Iacob,
2139 5251 2192 5302 in
2217 5265 2322 5318 qua
2356 5249 2736 5303 habitaverunt
2769 5257 2951 5319 patres
2978 5249 3142 5304 vestri
3168 5267 3182 5303 :
3208 5257 3261 5303 et
3285 5249 3504 5304 habita-

1920 5343 2056 5397 bunt
2085 5358 2247 5413 super
2276 5359 2396 5397 eam
2428 5343 2554 5412 ipsi,
2579 5351 2632 5398 et
2678 5342 2771 5396 ﬁlii
2793 5359 3006 5407 eorum,
3048 5351 3103 5398 et
3136 5343 3230 5396 ﬁlii
3261 5343 3500 5397 ﬁliorum

1915 5449 2129 5497 eorum,
2171 5449 2342 5504 usque
2381 5433 2434 5487 in
2482 5436 2872 5503 sempiternum
2931 5453 2944 5488 :
2993 5443 3048 5488 ct
3088 5433 3257 5488 David
3309 5449 3503 5490 servus

1916 5538 2072 5578 meus
2111 5523 2366 5594 princeps
2396 5539 2586 5578 eorum
2621 5523 2674 5576 in
2722 5533 3064 5594 perpetuum.
3097 5520 3165 5575 Et
3196 5523 3499 5594 percutiam

1916 5615 2026 5670 illis
2079 5615 2261 5674 foedus
2313 5617 2490 5688 pacis,
2523 5624 2744 5688 pactum
2787 5618 3188 5687 sempiternum
3221 5617 3325 5674 erit
3355 5620 3437 5674 eis
3481 5637 3494 5674 :

1914 5717 1969 5767 et
2002 5709 2242 5768 Iundabo
2265 5726 2380 5778 eos,
2404 5717 2458 5767 et
2486 5711 2887 5782 multiplicabo,
2916 5717 2969 5766 et
3011 5710 3152 5767 dabo
3186 5711 3470 5768 sanctiﬁca
