3814 6220
408 311 539 368 “7|

1133 310 1403 367 EUSEBII
1439 309 1919 370 CAESARIENSIS
1957 313 2110 370 OPP.
2151 315 2334 371 PARS
2372 315 2456 374 III.
2490 348 2559 358 —
2582 315 2992 373 EXEGETICA.

405 429 605 482 tionem
642 441 818 482 meam
846 427 898 482 in
919 425 1101 483 medio
1125 442 1317 483 eorum
1339 430 1393 482 in
1430 440 1789 498 perpetuum;
1819 439 1870 486 et
1898 448 1952 487 er

2122 434 2334 507 ἰιαθήκη
2364 435 2579 499 αἰώνιος
2608 433 2762 488 ἔσται
2794 435 2912 504 μετ’
2935 430 3136 484 αὐτῶν·
3169 432 3264 486 καὶ
3287 432 3437 504 θήσω
3463 432 3538 485 τὰ
3569 436 3688 501 ἆγιὰ

403 520 819 574 tabernaculum
883 536 1062 575 meum
1126 521 1180 575 in
1213 522 1294 576 eis
1327 540 1339 575 :
1372 531 1427 577 et
1485 537 1580 578 ero
1637 524 1718 578 eis
1747 521 1911 588 Deus,
1943 533 1996 580 et

405 613 508 682 ipsi
542 622 705 669 erunt
733 614 868 668 mihi
917 613 1174 684 populus.
1208 612 1274 667 Et
1306 615 1484 670 scient
1514 627 1702 686 gentes
1734 617 1862 687 quia
1894 632 1997 688 ego

403 705 670 763 Dominus
704 708 1081 763 sanctiﬁcator
1105 708 1295 774 Israel,
1329 726 1455 764 cum
1482 710 1646 765 fuerit
1679 711 1993 767 sanctifica-

403 797 480 851 tio
511 812 628 850 mea
691 797 746 851 in
782 797 961 852 medio
1005 814 1196 853 eorum
1250 801 1303 853 in
1357 810 1680 871 perpetuum
1707 801 1774 856 ¹⁶.
1817 821 1836 853 ι
1864 802 1996 858 Post

401 886 767 957 dispersionis
806 890 1111 959 spiritualis
1148 893 1374 962 verique
1403 893 1570 947 Israel
1607 895 1992 964 congregatio-

401 995 550 1043 nem,
581 990 634 1034 et
678 990 800 1050 post
841 985 1182 1052 perditarum
1231 985 1428 1041 domus
1479 985 1647 1041 Israel
1695 990 1879 1040 ovium
1912 988 1996 1042 in-

399 1074 734 1136 ventionem,
775 1075 1114 1142 plenitudine
1147 1080 1390 1148 gentium
1426 1092 1826 1141 consummata,
1862 1091 1994 1136 tunc

398 1162 664 1220 Dominus
716 1168 832 1237 ipse
870 1168 1055 1223 futuro
1098 1171 1220 1239 ejus
1277 1173 1478 1240 popqu
1528 1187 1588 1226 se
1641 1172 1753 1227 fore
1797 1172 1990 1238 Deum,

396 1257 626 1327 ejusque
671 1274 888 1314 servum
937 1260 1104 1315 David
1150 1263 1452 1333 principem
1485 1265 1912 1319 constituturum
1937 1267 1991 1321 in

395 1352 576 1406 medio
619 1367 832 1415 eorum,
870 1353 962 1422 qui
1007 1364 1194 1422 pascet
1245 1370 1341 1408 eos
1389 1362 1444 1407 et
1487 1354 1860 1409 dominabitur
1910 1357 1991 1411 eis

395 1455 506 1497 non
540 1459 714 1512 parvo
745 1452 801 1496 et
847 1446 1000 1498 brevi
1042 1455 1307 1514 tempore,
1340 1445 1434 1499 sed
1481 1447 1534 1499 in
1575 1437 1988 1517 sempiternum,

395 1535 708 1602 pollicetur.
745 1532 1076 1592 Existimth
1104 1535 1293 1604 igitur,
1335 1535 1483 1596 licet,
1507 1533 1677 1588 Judmi
1711 1535 1988 1590 hominem

393 1625 545 1678 illum
591 1623 759 1678 lilium
817 1623 973 1679 Jesse
1026 1623 1314 1694 Scriptura
1361 1625 1719 1694 praenuntiari
1776 1626 1877 1691 eis,
1909 1640 1994 1678 re-

391 1731 559 1787 gnum
587 1715 709 1785 ejus
735 1724 998 1771 terrestre
1026 1717 1130 1771 sibi
1169 1717 1456 1786 ﬁngentes,
1491 1716 1695 1787 Deique
1717 1717 1987 1787 promissa

2107 541 2208 596 μου
2225 527 2298 580 ἐν
2327 527 2476 598 μέσῳ
2501 525 2680 579 αὐτῶν
2700 527 2780 586 εἰς
2805 523 2897 577 τὸν
2919 521 3110 588 αἰῶνα,
3151 524 3244 576 καὶ
3268 523 3423 576 ἔσται
3463 525 3500 592 ἡ
3533 539 3688 577 κατα-

2104 616 2373 687 σκήνωσίς
2401 634 2501 687 μου
2526 619 2583 668 ὲν
2603 617 2807 679 αὐτοῖς,
2833 615 2928 668 καὶ
2960 614 3175 667 ἔσονταί
3197 630 3286 685 μοι
3315 615 3398 676 εἰς
3423 613 3582 677 λαὸν,
3605 614 3694 666 ειιιι)⁵

2101 705 2214 774 ἐγὼ
2241 705 2435 778 ἔσομαι
2471 707 2655 769 αὐτοῖς
2693 707 2774 769 είς
2803 705 2957 760 Θεόν.
3003 707 3114 760 Καὶ
3137 705 3438 772 γνώσονται
3465 705 3544 758 τὰ
3570 704 3689 772 ἔθνη

2101 798 2184 851 ὅτι
2206 797 2316 867 ἐγώ
2342 801 2456 868 εἰμι
2480 798 2687 870 Κύριος
2706 799 2735 851 ὁ
2758 797 2998 866 ἁγιάζων
3025 799 3245 864 αὐτοὺς,
3280 800 3337 851 ἐν
3357 797 3438 868 τῷ
3469 794 3691 852 εἶναιτὰ

2102 891 2235 961 ἅγιά
2274 911 2375 963 μου
2401 895 2458 946 ἐν
2492 893 2641 962 μέσῳ
2671 891 2849 945 αὐτῶν
2881 893 2962 954 είς
2997 891 3090 945 τὸν
3114 890 3304 944 αἰῶνα.
3345 910 3364 941 ι
3410 891 3576 943 Μετὰ
3601 891 3693 960 τὴν

2099 985 2201 1055 τῆς
2245 986 2543 1056 διασπορᾶς
2587 984 2681 1036 τοῦ
2737 985 3109 1055 πνευματικοῦ
3151 985 3244 1036 καὶ
3284 983 3552 1053 ἀληθινοῦ
3596 985 3693 1037 ‘Ic—

2105 1079 2242 1151 ραὴλ
2271 1078 2712 1149 ἐπισυναγωγὴν,
2756 1079 2851 1130 καὶ
2883 1078 3019 1148 μετά
3052 1077 3149 1146 τὴν
3176 1075 3394 1146 εὕρεσιν
3419 1075 3538 1127 τῶν
3593 1077 3694 1128 ἀπ-

2099 1171 2377 1224 ολωλότων
2414 1170 2702 1244 προϐάτων
2743 1169 2893 1223 οἴκου
2936 1168 3170 1240 Ἰσραὴλ,
3189 1168 3283 1220 τοῦ
3322 1165 3695 1238 πληρώματος

2099 1260 2206 1314 τῶν
2233 1259 2402 1314 ἐθνῶν
2430 1260 2965 1331 προεισεληλυθότος,
2992 1258 3291 1329 τηνικαῦτα
3319 1260 3349 1310 ὁ
3371 1257 3586 1328 Κύριος
3611 1259 3694 1310 αύ-

2099 1348 2189 1411 τὸς
2216 1348 2312 1418 μὲν
2339 1347 2555 1401 ἔσεσθαι
2584 1350 2663 1412 εἰς
2696 1348 2830 1401 Θεὸν
2855 1348 2931 1418 τῷ
2970 1348 3210 1418 ἐσομένῳ
3239 1347 3406 1401 αὐτοῦ
3438 1347 3585 1418 λαῷ,
3609 1347 3694 1400 τὸν

2097 1441 2154 1494 δὲ
2183 1439 2367 1493 δοῦλον
2390 1440 2552 1493 αὑτοῦ
2590 1441 2752 1494 Δαυῖδ
2799 1442 3036 1511 ἄρχοντα
3075 1439 3260 1511 θήσειν
3289 1442 3349 1491 ἐν
3388 1438 3552 1509 μέσῳ
3604 1439 3694 1492 αύ-

2095 1535 2225 1596 τῶν,
2250 1533 2628 1604 ποιμανοῦντα
2659 1533 2862 1595 αὐτοὺς
2890 1533 2982 1585 καὶ
3015 1532 3250 1604 ἄρχοντα
3274 1531 3462 1583 αὐτῶν
3489 1532 3594 1583 οὐκ
3611 1532 3692 1583 ἐπ’

2096 1625 2276 1694 ὀλίγον
2312 1627 2407 1678 καὶ
2441 1625 2650 1696 βραχύν
2698 1642 2820 1678 τινα
2862 1625 3050 1697 χρόνον
3084 1623 3196 1678 ἀλλ’
3241 1624 3337 1675 ἐπὶ
3383 1623 3479 1676 τὸν
3523 1623 3692 1676 αἰῶνα

2097 1717 2460 1785 ὑπισχνεῖται.
2493 1714 2804 1768 Οἱέσθωσαν
2839 1715 2938 1785 μὲν
2963 1711 3056 1767 οὖν
3097 1713 3186 1766 τὸν
3229 1712 3528 1783 ἄνθρωπον
3557 1714 3691 1767 ἐκεῖ·

392 1808 448 1862 In
499 1809 951 1878 corruptibilihus
1015 1809 1482 1878 terrestribusque
1519 1817 1574 1864 et
1622 1809 1808 1863 divina
1860 1824 1952 1878 pro

2122 1825 2178 1860 ον
2209 1809 2299 1860 τὸν
2333 1807 2446 1860 υἱὸν
2491 1807 2689 1859 Ἰεσσαὶ
2722 1804 3260 1874 κατεπαγγέλλεσθαι
3281 1805 3568 1873 τὸνλόγον
3601 1805 3693 1858 αύ-

391 1900 656 1955 missione
689 1901 934 1972 indignis
964 1909 1350 1971 exspectantes
1395 1921 1408 1955 :
1445 1915 1545 1955 nos
1587 1916 1720 1955 vero
1764 1901 1990 1956 minime

391 2006 696 2062 congruere
718 2008 844 2046 cum
866 1993 1069 2047 divinis
1093 1994 1407 2062 promissis,
1429 2008 1606 2062 neque
1630 1992 1696 2047 ad
1728 1991 1986 2047 Davidem

393 2079 574 2149 ipsom
608 2090 861 2151 spectare
892 2099 1013 2152 quae
1037 2085 1197 2152 quasi
1229 2083 1296 2137 de
1317 2099 1382 2137 eo
1403 2083 1550 2136 dicta
1583 2090 1731 2148 sunt,
1763 2099 1989 2154 persua-

390 2187 512 2226 sum
549 2173 838 2238 habentes,
867 2178 982 2230 haec
1006 2177 1072 2230 de
1111 2175 1396 2231 Salvatore
1429 2176 1770 2248 Dominoque
1799 2188 1989 2233 nostro

387 2258 518 2316 Jesu
546 2262 768 2318 Christo
794 2279 823 2318 e
848 2265 1057 2319 semine
1087 2266 1208 2334 ejus
1243 2266 1545 2321 secundum
1582 2284 1804 2323 carnem
1844 2273 1989 2338 getti-

389 2364 444 2407 to
464 2356 792 2426 accipimus,
832 2358 1152 2428 prophetiae
1176 2359 1303 2412 huic
1322 2359 1494 2430 magis
1512 2363 1802 2416 convenire
1824 2377 1986 2432 quam

387 2449 466 2502 ilu'i
499 2448 666 2502 David
715 2458 1055 2520 reputantes,
1091 2452 1146 2505 in
1177 2453 1258 2506 eis
1308 2469 1432 2523 qua:
1463 2455 1620 2523 quasi
1655 2455 1720 2508 de
1754 2470 1987 2525 persona

387 2536 556 2592 David
590 2541 642 2593 in
681 2542 856 2596 sacris
906 2541 1211 2613 Scripturis
1244 2544 1534 2613 leguntur;
1571 2544 1685 2598 hrec
1723 2547 1934 2600 scilicet
1965 2565 1978 2601 :

391 2649 412 2682 ε
458 2629 720 2687 Dominus
747 2633 969 2688 dixitad
1010 2650 1097 2689 me
1125 2655 1137 2689 :
1172 2634 1346 2690 Filius
1380 2653 1533 2692 meus
1557 2654 1618 2693 es
1649 2645 1728 2701 tu,
1764 2654 1865 2709 ego
1889 2641 1987 2693 ho-

383 2722 474 2778 die
511 2725 674 2792 genui
725 2735 777 2781 te
803 2727 878 2792 ¹⁷;
922 2746 940 2778 ι
973 2728 1254 2798 atqueilla
1295 2748 1309 2784 ι
1360 2749 1378 2780 ι
1421 2730 1743 2784 Constitnes
1789 2746 1875 2785 me
1930 2731 1986 2786 in

382 2824 546 2885 caput
593 2818 856 2886 gentium,
884 2838 901 2869 ι
937 2835 1059 2888 qua:
1114 2820 1169 2874 in
1209 2819 1424 2875 decimo
1488 2823 1724 2891 septimo
1775 2824 1986 2892 psalmo

381 2906 643 2962 dicuntur
667 2909 744 2976 ‘3;
783 2910 874 2963 ubi
905 2927 1097 2967 rursus
1132 2914 1288 2982 quasi
1315 2913 1383 2968 de
1415 2914 1538 2983 ejus
1585 2929 1820 2983 persona
1855 2915 1988 2986 legi-

379 3014 536 3055 mus:
567 3019 586 3052 ¢
607 2999 853 3073 Pepulus
883 3019 1044 3073 quem
1079 3020 1190 3059 non
1239 3008 1493 3081 cognovi,
1539 3008 1767 3061 servivit
1803 3008 1934 3061 mihi
1967 3025 1982 3074 ;

379 3091 435 3146 In
467 3094 657 3148 auditu
691 3096 841 3149 auris
858 3096 1100 3151 ubedivit
1131 3097 1263 3150 mihi
1291 3099 1355 3149 ".
1385 3115 1403 3148 ι
1429 3097 1501 3152 De
1523 3114 1633 3168 quo
1663 3099 1810 3154 enim
1837 3097 1984 3155 Deus

2089 1901 2203 1961 τοῖς
2235 1898 2284 1950 οἱ
2313 1899 2377 1950 ἐκ
2422 1897 2762 1968 περιτόμης,
2819 1895 3097 1965 βασιλείαν
3144 1897 3307 1949 αὑτοῦ
3363 1897 3692 1967 σωματικὴν

2090 1984 2248 2051 αὖθις
2277 1986 2707 2057 φανταζόμενοι,
2739 1988 2835 2040 καὶ
2865 1989 2964 2052 τὰς
2997 1988 3318 2058 ὑποσχέσεις
3349 1989 3445 2041 τοῦ
3481 1988 3623 2042 Θεοῦ
3637 1989 3693 2042 ὲν

2091 2080 2348 2151 φθαρτοῖς
2373 2081 2470 2134 καὶ
2502 2080 2708 2149 γηῖνοις
2742 2081 2837 2133 καὶ
2883 2081 3030 2144 θείας
3059 2081 3295 2146 ἀναξίοις
3320 2081 3692 2150 ὲπαγγελείας

2090 2175 2540 2246 καραδοκοῦντες·
2595 2176 2755 2244 ἡμεῖς
2805 2173 2861 2229 δὲ
2916 2175 3178 2246 μηδαμῶς
3226 2176 3498 2245 ἁρμόζειν
3560 2177 3691 2246 μήτε

2091 2267 2262 2331 θείαις
2287 2269 2635 2340 ὑποσχέσεσι,
2669 2272 2805 2342 μήτε
2849 2268 2954 2340 μὴν
2986 2271 3064 2331 εἰς
3107 2268 3270 2322 αὑτὸν
3314 2268 3692 2338 ἀναφέρεσθαι

2089 2356 2180 2410 τὸν
2217 2357 2411 2422 Δαυῒδ,
2459 2361 2528 2414 τὰ
2560 2361 2635 2423 ὡς
2668 2360 2796 2429 περὶ
2830 2359 2996 2416 αὑτοῦ
3047 2358 3314 2428 λεγόμενα
3373 2359 3690 2430 πειθόμενα

2090 2451 2184 2503 ἐπὶ
2207 2452 2296 2504 τὸν
2331 2455 2394 2504 ἐκ
2425 2452 2736 2522 σπέρματος
2774 2450 2937 2505 αὐτοῦ
2964 2450 3055 2502 τὸν
3080 2450 3220 2502 κατὰ
3252 2451 3438 2520 σάρκα
3467 2452 3692 2522 γενόμε-

2090 2558 2178 2594 νον
2199 2542 2428 2614 Σωτῆρα
2456 2544 2550 2595 καὶ
2577 2542 2780 2614 Κύριον
2797 2543 2828 2612 ἡ
2838 2541 2953 2610 μῶν
2992 2540 3195 2611 Ἰησοῦν
3220 2542 3466 2611 Χριστὸν
3485 2543 3690 2613 ἐκλαμ-

2089 2631 2376 2704 ϐάνωμεν,
2410 2634 2508 2696 τὰς
2559 2633 2897 2705 προφητείας
2946 2635 3120 2704 τούτῳ
3169 2633 3372 2703 μᾶλλον
3425 2635 3690 2706 ἁρμόζειν

2088 2725 2231 2796 ἥπερ
2260 2725 2453 2795 ἐκείνῳ
2479 2725 2558 2796 τῷ
2597 2725 2759 2778 Δαυῒδ
2790 2725 3025 2794 οίόμενοι
3045 2765 3060 2788 ,
3088 2725 3156 2777 τὰ
3181 2726 3259 2787 ὼς
3298 2724 3368 2778 Ξιν
3416 2729 3486 2778 ὲκ
3525 2744 3689 2799 προσ-

2086 2816 2236 2870 ώπου
2262 2816 2422 2870 Δαυῒδ
2454 2819 2510 2869 ὲν
2538 2820 2657 2881 ταῖς
2682 2819 2855 2888 ἱεραῖς
2881 2818 3126 2886 Γραφαῖς
3158 2818 3530 2889 ὲμφερόμενα
3551 2837 3565 2850 ο
3587 2815 3691 2873 οἷον

2087 2911 2233 2963 ἐστιν
2266 2909 2358 2974 τὸ,
2401 2931 2418 2962 ι
2457 2911 2663 2982 Κύριος
2697 2908 2850 2964 εἶπεν
2889 2911 3024 2982 πρὸς
3053 2911 3154 2981 μὲ,
3188 2911 3315 2973 Υἱός
3358 2928 3467 2981 μου
3513 2912 3564 2964 εἰ
3604 2913 3686 2965 σύ’

2087 3002 2198 3071 ἐγὼ
2228 3007 2468 3076 σήμερον
2492 3003 2800 3075 γεγέννηκά
2827 3021 2885 3056 σε
2905 3021 2917 3033 ·
2957 3023 2976 3054 ι
3013 3003 3107 3056 καὶ
3132 3003 3214 3065 τὸ,
3247 3022 3264 3054 ι
3298 3005 3690 3075 Καταστήσας

2091 3111 2158 3166 με
2192 3097 2271 3159 εἰς
2318 3097 2561 3167 κεφαλὴν
2605 3095 2796 3162 ἐθνῶν,
2834 3116 2852 3148 ι
2903 3095 3194 3166 λεγόμενον
3241 3099 3299 3149 ὲν
3347 3095 3416 3160 ιζ’
3463 3097 3687 3167 ψαλμῷ·

375 3184 585 3249 dixisse
611 3187 1014 3245 existimandus
1049 3197 1134 3244 est
1161 3208 1172 3243 :
1201 3208 1220 3241 ι
1250 3189 1371 3260 Ipse
1397 3191 1671 3246 invocabit
1691 3190 1946 3258 meJ’ate

2122 3185 2208 3238 θθα
2261 3184 2423 3238 πάλιν
2469 3189 2545 3250 ὡς
2591 3188 2656 3239 ἐκ
2711 3186 3001 3257 προσώπου
3057 3186 3221 3238 αὐτοῦ
3275 3185 3543 3240 λέλεκται
3601 3188 3688 3251 τὸ,

376 3291 534 3334 meus
554 3291 614 3331 es
647 3284 704 3330 tu
727 3279 795 3341 ",
830 3298 848 3330 ι
885 3287 1049 3348 atque
1080 3298 1092 3332 :
1133 3297 1152 3330 ί
1184 3279 1249 3333 Ει
1277 3297 1377 3351 ego
1414 3282 1833 3351 primogenitum
1873 3298 1976 3354 po-

376 3382 504 3422 nam
552 3383 676 3422 eum
712 3370 779 3431 ²¹,
821 3388 840 3420 ι
882 3371 989 3424 nisi
1025 3369 1092 3424 de
1119 3367 1406 3425 Salvatore
1445 3379 1658 3435 nostro,
1691 3371 1978 3441 unigenito

373 3459 498 3528 ejus
532 3459 713 3516 Filio?
741 3460 887 3528 Quid
925 3464 1074 3518 enim
1109 3464 1389 3534 singulare
1431 3480 1543 3535 pne
1590 3466 1804 3521 cmteris
1845 3482 1975 3536 pro-

374 3551 557 3622 phetis
599 3553 1058 3623 justisque-viris
1105 3557 1286 3610 evenit
1341 3555 1550 3619 Davidi,
1599 3566 1658 3612 ut
1691 3560 1850 3630 quasi
1908 3562 1977 3616 de

380 3644 501 3713 ipso
531 3645 651 3700 solo
682 3645 960 3701 diceretur
1003 3647 1586 3720 praphetizareturque
1631 3667 1753 3705 eum
1791 3667 1973 3721 regem

375 3747 760 3796 surrecturum
812 3757 937 3796 esse
989 3749 1379 3812 pastoremque
1433 3741 1528 3797 Dei
1583 3745 1804 3799 ovimn?
1847 3744 1973 3800 llaec

373 3828 548 3899 igitur
579 3832 763 3900 omnia
792 3833 1063 3897 videntes,
1098 3843 1263 3903 atque
1311 3835 1464 3890 Isaia:
1506 3838 1848 3906 preplictiam
1899 3848 1975 3891 at-

371 3921 680 3984 tendentes,
729 3931 852 3992 post
883 3923 1106 3981 Davidis
1149 3934 1380 3981 mortem
1429 3928 1543 3982 haec
1578 3929 1683 3982 alia
1722 3945 1972 3999 praznun-

368 4013 596 4068 tiantctn
627 4013 696 4070 de
742 4015 968 4070 Christo
1005 4035 1017 4071 :
1061 4035 1082 4068 «η
1129 4017 1460 4089 Egredictur
1502 4020 1654 4090 virga
1685 4019 1754 4075 do
1784 4020 1970 4076 radice

365 4102 614 4166 Jesse,et
645 4106 746 4162 llos
775 4107 843 4162 de
872 4109 1060 4164 radice
1089 4110 1211 4179 ejus
1243 4111 1538 4167 ascendet:
1568 4120 1624 4166 et
1654 4113 1967 4183 requiescet

366 4209 534 4263 super
559 4211 684 4251 eum
709 4196 949 4266 Spiritus
983 4198 1198 4257 Domini
1230 4203 1310 4265 ἰς
1351 4220 1370 4252 ι
1412 4209 1465 4256 et
1493 4217 1614 4271 quae
1639 4211 1966 4271 sequuntur,

366 4283 512 4341 sicut
554 4300 618 4338 ea
651 4301 969 4356 quarnunc
1022 4298 1358 4355 scrutamur,
1395 4289 1463 4345 de
1523 4293 1642 4360 ipso
1694 4293 1854 4361 quasi
1901 4291 1970 4347 de

365 4372 577 4433 Davide
608 4375 756 4430 dicta
783 4378 1143 4435 credidimus.
1183 4379 1347 4436 Solus
1377 4383 1525 4436 enim
1557 4382 1813 4439 Christus
1848 4382 1964 4451 Dei,

364 4470 743 4539 metaphorice
772 4471 943 4527 David
972 4470 1300 4544 appellatus,
1331 4477 1508 4532 bonus
1540 4485 1728 4546 pastor
1752 4477 1962 4532 inverti-

361 4566 473 4624 tur,
507 4561 618 4616 dux
653 4573 707 4617 et
739 4564 979 4618 salvator
1014 4563 1105 4617 Dei
1138 4566 1317 4635 gregis
1356 4574 1411 4619 et
1439 4564 1697 4619 Ecclesiae
1736 4565 1954 4632 factus;

359 4655 454 4726 qui
493 4671 586 4709 rex
621 4671 787 4727 super
818 4672 1034 4712 omnem
1079 4657 1420 4727 spiritua‘lem
1476 4655 1641 4713 Israel
1692 4673 1722 4711 a
1791 4657 1956 4714 Patre

361 4748 806 4812 constituendus,
833 4750 1013 4804 soluta
1035 4765 1066 4804 a
1085 4749 1317 4806 Domino
1349 4750 1536 4822 populi
1566 4750 1688 4820 ejus
1719 4750 1957 4820 captivi-

359 4848 470 4893 tate
509 4841 948 4911 prophetizatur.

2087 3294 2106 3327 σ
2147 3277 2289 3341 Aab;
2321 3277 2379 3330 ὃν
2409 3279 2510 3331 οὐκ
2543 3278 2715 3347 ἔγνων
2743 3279 3023 3332 ὲδούλευσέ
3051 3295 3160 3348 μοι·
3202 3281 3282 3342 είς
3310 3279 3496 3350 ἀκοὴν
3529 3280 3688 3333 ὠτίου

2081 3369 2361 3441 ὑπήκουσὲ
2407 3388 2531 3440 μου.
2574 3390 2592 3422 ι
2635 3371 2770 3441 Περὶ
2808 3371 2952 3434 τίνος
2990 3371 3046 3424 δὲ
3085 3371 3245 3424 ἄλλου
3292 3372 3583 3441 προσήκει

2079 3462 2169 3517 τὸν
2197 3463 2328 3516 Θεὸν
2357 3465 2588 3532 φάσκειν
2622 3465 2870 3517 ὑπονοεῖν
2899 3463 2978 3526 τὸ,
3021 3482 3039 3514 ι
3082 3463 3254 3526 Αὐτὸς
3285 3462 3688 3517 ὲπικαλέσεταί

2083 3573 2172 3628 με,
2201 3557 2395 3627 Πατήρ
2427 3574 2526 3626 μου
2555 3550 2606 3608 εἴ
2635 3557 2722 3608 σύ·
2758 3577 2776 3608 ι
2819 3556 2914 3609 καὶ
2943 3557 3023 3618 τὸ,
3066 3575 3083 3606 ‹
3130 3555 3303 3624 Κάγὼ
3333 3557 3688 3626 πρωτότοκον

2079 3647 2320 3721 θήσομαι
2345 3649 2530 3712 αὐτὸν,
2566 3668 2584 3699 ι
2621 3647 2654 3719 ἢ
2684 3650 2814 3721 περὶ
2844 3648 2937 3701 τοῦ
2970 3647 3222 3718 Σωτῆρος
3255 3648 3418 3717 ἡμῶν
3457 3647 3560 3700 τοῦ
3592 3666 3685 3720 μοι

2075 3740 2328 3806 νογενοῦς
2358 3738 2549 3801 παιδὸς
2588 3737 2787 3802 αὐτοῦ;
2825 3737 2888 3790 Τί
2912 3737 3022 3808 γὰρ
3058 3735 3336 3806 ἐξαίρετον
3369 3739 3536 3806 παρὰ
3562 3737 3686 3798 τοὺς

2075 3830 2298 3896 λοιποὺς
2323 3833 2609 3902 προφήτας
2637 3849 2697 3884 τε
2721 3831 2815 3884 καὶ
2847 3829 3089 3891 δικαίους
3117 3828 3318 3897 ἄνδρας
3346 3827 3686 3899 κατωρθῶτο

2073 3924 2152 3995 τῷ
2183 3924 2363 3987 Δαυῒδ,
2390 3925 2465 3987 ὡς
2492 3925 2619 3996 περὶ
2649 3925 2809 3994 μόνου
2846 3921 3014 3975 αὑτοῦ
3047 3920 3219 3973 ταῦτα
3253 3920 3523 3988 λέγεσθαι
3543 3965 3557 3985 ,
3595 3922 3684 3974 καὶ

2075 4017 2238 4070 αὐτὸν
2259 4014 2704 4088 προφητεύεσθαι
2740 4010 2897 4077 αὖθις
2925 4011 3331 4082 ἀναστήσεσθαι
3363 4010 3601 4080 βασιλέα
3626 4027 3684 4064 τε

2073 4109 2167 4160 καὶ
2195 4106 2428 4176 ποιμένα
2443 4105 2552 4159 τῶν
2583 4105 2676 4161 τοῦ
2697 4104 2834 4158 Θεοῦ
2855 4102 3174 4174 προδάτωνς
3196 4101 3390 4154 Ταῦτα
3415 4101 3485 4172 δὴ
3507 4103 3684 4155 πάντα

2074 4195 2439 4268 συνορῶντες,
2483 4194 2802 4266 ἐφιστάντες
2839 4197 2906 4265 τῇ
2945 4193 3036 4246 τοῦ
3091 4193 3314 4246 Ἡσαΐου
3365 4192 3684 4263 προφητείᾳ

2071 4289 2212 4362 μετὰ
2247 4290 2347 4361 τὴν
2377 4290 2472 4345 τοῦ
2518 4289 2682 4344 Δαυῖδ
2720 4289 2976 4360 τελευτὴν
3021 4285 3491 4360 ἀνακηρυττούσῃ
3521 4287 3593 4340 τά
3624 4301 3681 4339 τε

2069 4381 2204 4437 ἄλλα
2234 4383 2363 4454 περὶ
2395 4382 2488 4434 τοῦ
2521 4381 2785 4451 Χριστοῦ,
2810 4383 2904 4435 xa‘t
2934 4380 3029 4445 τὺ,
3072 4399 3090 4431 ι
3141 4378 3532 4443 Ἐξελεύσεται
3589 4379 3682 4449 ῥά·

2069 4474 2191 4538 εδος
2214 4474 2278 4526 ὲκ
2305 4473 2404 4544 τῆς
2423 4473 2579 4544 ῥίζης
2609 4473 2826 4538 Ἰεσσαὶ,
2849 4472 2944 4525 καὶ
2968 4471 3127 4535 ἄνθος
3151 4472 3216 4523 ἐκ
3241 4469 3346 4538 τῆς
3370 4470 3539 4542 ῥίζης
3557 4473 3682 4524 ἀνα-

2067 4567 2324 4637 ϐήσεται,
2367 4568 2461 4620 καὶ
2493 4565 2936 4621 ὲπαναπαύσεται
2970 4566 3055 4616 ἐπ’
3090 4563 3251 4616 αὑτὸν
3299 4552 3540 4634 Πνεῦμα
3588 4561 3679 4616 τοῦ

2067 4657 2128 4726 (I'.
2168 4657 2258 4718 58,
2293 4659 2368 4728 v°)
2401 4657 2558 4710 Θεοῦ·
2602 4677 2620 4708 ι
2655 4657 2749 4710 καὶ
2774 4656 2840 4710 τὰ
2873 4655 3082 4718 τούτοις
3116 4655 3243 4724 ἑξῆς
3276 4654 3521 4718 εἰκότως
3553 4653 3682 4724 περὶ

2061 4749 2157 4803 τοῦ
2190 4749 2352 4802 αὑτοῦ
2388 4749 2482 4802 καὶ
2510 4749 2578 4802 τὰ
2613 4747 2822 4813 ἐνθάδε,
2865 4746 2940 4809 ὠς
2972 4747 3101 4817 περὶ
3132 4742 3293 4797 Δαυῒδ
3329 4743 3681 4815 προφητευό-

2067 4860 2221 4914 μενα,
2251 4843 2506 4912 λέγεσθαι
2533 4839 2896 4912 πεπείσμεθα.
2921 4839 3099 4901 Μόνος
3119 4837 3272 4908 γάρὸ
3295 4837 3550 4907 Χριστὸς
3587 4834 3678 4890 τοῦ

357 4930 515 4994 Θεοῦ,
549 4935 691 4986 κατά
713 4934 812 5006 τὴν
849 4935 1160 5006 μεταφορὰν
1186 4936 1285 5008 τῆς
1312 4937 1684 5010 προσηγορίας
1713 4939 1807 4992 καὶ
1837 4937 2000 4992 Δαυῒδ
2023 4940 2394 5012 χρηματίσας,
2459 4937 2665 5009 ποιμὴν
2732 4940 2760 4991 ό
2816 4935 2980 4999 καλὸς
3019 4933 3421 4998 ἀναδέδεικται,
3498 4933 3678 5005 ἀρχη-

354 5025 452 5095 γὸς
479 5027 572 5079 καὶ
601 5017 791 5100 Σωτὴρ
812 5028 912 5098 τῆς
927 5028 1020 5082 τοῦ
1036 5028 1172 5083 Θεοῦ
1195 5030 1428 5101 ποίμνης
1453 5048 1514 5083 τε
1543 5032 1638 5084 καὶ
1688 5031 2015 5103 Ἐκκλησίας
2051 5033 2437 5104 γεγενημένος
2470 5032 2529 5096 ὃς
2564 5031 2814 5102 βασιλεὺς
2841 5030 2935 5084 ἐπὶ
2974 5031 3149 5082 πάντα
3183 5027 3276 5080 τὸν
3310 5027 3517 5098 νοητὸν
3565 5029 3668 5082 Ίσο

357 5119 498 5190 ραὴλ
525 5119 629 5173 ὑπὸ
667 5119 761 5173 τοῦ
793 5121 1006 5193 Πατρὸς
1073 5123 1579 5196 κατασταθήσεσθαι
1615 5122 1754 5194 μετὰ
1816 5124 1878 5199 τὸ
1943 5125 2271 5197 ἐπιστρέψαι
2306 5125 2518 5197 Κύριον
2559 5126 2658 5196 τὴν
2709 5122 3087 5194 αἰχμαλωσίαν
3134 5119 3231 5174 τοῦ
3289 5120 3432 5174 λαοῦ
3503 5119 3674 5177 αὑτοῦ

359 5210 784 5284 προφητεύεται.

2574 5337 2802 5391 ΚΕΦΑΛ
2810 5332 2972 5389 ΑΙΟΝ
3009 5335 3140 5389 MB’.

2589 5428 2720 5485 Ἀπὸ
2753 5428 2859 5484 τοῦ
2884 5427 3127 5493 Δανιὴλ.

2137 5525 2333 5600 Δανιὴλ
2360 5525 2508 5580 ἐστιν
2531 5523 2560 5575 ὁ
2598 5521 2843 5590 φάσκωνο
2887 5541 2906 5571 ε
2941 5520 3052 5573 Καὶ
3083 5520 3139 5571 ὲν
3164 5519 3278 5582 τοῖς
3308 5517 3534 5588 χρόνοις
3551 5513 3658 5572 τῶν

933 5335 1165 5401 CAPUT
1218 5337 1377 5394 XLII.

978 5428 1023 5483 Ε
1029 5444 1065 5482 :t:
1098 5428 1341 5486 Daniele.

439 5513 567 5579 Haec
594 5515 782 5590 Daniel
813 5519 950 5575 dicit
989 5541 1002 5578 :
1040 5539 1058 5572 ι
1102 5523 1159 5576 In
1192 5523 1385 5580 diebus
1432 5533 1612 5582 autem
1658 5542 1952 5598 regnorum

445 5670 489 5748 ἕο
513 5669 710 5748 E_z_ech.
737 5691 946 5737 xxxvu.
977 5675 1168 5748 21-98.
1247 5680 1286 5714 '7
1319 5678 1461 5736 Psal.
1511 5698 1569 5745 II,
1607 5682 1657 5740 7.
1742 5684 1783 5718 "
1811 5683 1955 5741 Psal.
1983 5699 2115 5748 xvn,
2143 5683 2231 5740 Η.
2314 5683 2356 5726 (³
2390 5683 2522 5740 ibid.
2561 5683 2648 5748 45.
2728 5685 2771 5716 ³ο
2799 5681 2948 5739 Psal.
2981 5695 3246 5746 cxxxvttt,
3271 5679 3369 5734 27.
3449 5678 3495 5710 "
3529 5677 3657 5736 ibid.

1742 5684 1783 5718 "
1811 5683 1955 5741 Psal.
1983 5699 2115 5750 xvu,
2143 5683 2231 5740 Η.

377 5739 473 5807 28.
551 5744 595 5776 "
625 5742 733 5813 lsq.
768 5763 845 5814 ιι,
884 5751 946 5812 1,
985 5747 1036 5804 2.
