3814 6220
146 339 294 394 ΗΠ

1225 332 1518 392 ECLOG/E
1561 332 2051 392 PBOPHETICA‘I.
2091 370 2160 379 —
2197 336 2324 392 LIB.
2369 337 2411 391 Ι.

3307 341 3454 396 ΗΤΔ

150 454 426 525 βασιλέων
480 453 776 525 ἀναστήσει
813 454 842 506 6
883 452 1017 516 Θεὸς
1059 451 1154 504 τοῦ
1189 451 1420 522 οὐρανοῦ
1476 449 1753 520 βασιλείαν

1932 468 2078 507 arum
2119 453 2410 508 suscitabit
2443 449 2589 510 Deus
2611 453 2735 509 caeli
2767 454 2999 510 alterum
3041 471 3289 526 regnum,
3315 457 3462 526 quod

150 547 346 619 ἀλλην,
372 547 599 618 ἧτις“είς
633 549 759 610 τοὺς
774 546 976 610 αἰῶνας
999 545 1152 600 ἔσται
1183 547 1278 600 καὶ
1303 545 1364 599 ού
1389 544 1754 615 φθαρήσεται,

153 640 252 693 καὶ
290 638 433 710 αὕτη
467 641 500 711 ἡ
527 639 773 710 βασιλεία
791 639 918 694 ἄλλο
947 639 1100 702 ἔθνος
1133 639 1194 691 οὐ
1235 636 1310 708 μὴ
1339 637 1498 710 ἐάσῃ,
1525 633 1757 700 πατάξει

151 731 210 785 δὲ
241 731 341 785 καὶ
373 732 626 801 ἀφανίσει
655 731 754 794 τὰς
779 731 1073 802 βασιλείας.
1108 730 1202 783 καὶ
1231 727 1369 799 αὑτὴ
1407 729 1662 799 στήσεται
1681 729 1761 790 είς

151 823 246 877 τὸν
272 822 468 888 αίῶνα,
492 822 745 894 καθάπερ
773 822 1022 894 ἑώρακας
1044 821 1105 886 ἐξ
1131 822 1289 893 ὅρους
1311 819 1590 892 τμηθέντα
1616 817 1763 871 λίθον

152 917 286 972 ἄνευ
303 916 525 988 χειρῶν,
553 918 648 970 καὶ
676 916 973 988 συνηλόησε
998 916 1059 968 τὸ
1081 915 1369 986 ὄστρακον,
1395 913 1485 966 τὸν
1510 911 1750 983 σίδηρον,

155 1011 251 1063 καὶ
281 1009 375 1062 τὸν
410 1008 640 1080 χαλκὸν,
671 1009 883 1062 καὶτὸν
913 1009 1173 1079 ἄργυρον,
1212 1007 1305 1060 καὶ
1341 1007 1431 1058 τὸν
1471 1003 1694 1075 χρυσόν.
1740 1021 1758 1052 ι

157 1104 273 1156 Καὶ
291 1103 470 1158 ταῦτα
491 1104 619 1175 περὶ
651 1102 754 1172 τῆς
792 1103 885 1155 ἐπὶ
919 1101 1200 1170 συντελείᾳ
1232 1099 1341 1152 τῶν
1363 1097 1575 1152 αίώνων
1608 1115 1763 1170 γενη-

159 1197 401 1268 σομένης
431 1195 527 1250 τοῦ
560 1194 800 1267 Χριστοῦ
847 1193 1126 1265 βασιλείας
1167 1190 1442 1264 δηλοῦταιο
1479 1191 1507 1242 ὁ
1541 1189 1651 1260 γάρ
1681 1205 1764 1243 τοι

158 1289 330 1352 λίθος,
363 1290 392 1342 ό
415 1288 474 1354 ἐξ
513 1289 672 1360 ὅρους
697 1287 928 1358 τμηθεὶς
964 1287 1091 1341 ἄνευ
1130 1283 1350 1356 χειρῶν,
1383 1281 1652 1353 σύμϐολον
1687 1281 1755 1335 ἂν

155 1382 244 1452 εἴη
279 1380 375 1434 τοῦ
403 1380 580 1448 Λόγου
612 1379 706 1432 τοῦ
747 1378 883 1432 Θεοῦ
907 1418 922 1442 ,
952 1379 1048 1431 καὶ
1073 1381 1131 1430 ἐν
1170 1376 1356 1438 ἄλλαις
1401 1372 1764 1444 προφητείαις

154 1473 313 1526 λίθου
347 1471 915 1544 προσαγορευθέντος,
955 1471 1031 1534 ὼς
1065 1470 1158 1523 ἐπὶ
1190 1466 1309 1530 τοῦ,
1345 1487 1364 1518 ι
1406 1465 1538 1518 Ἰδοὺ
1570 1464 1764 1534 τίθημι

152 1569 214 1620 ἐν
251 1565 394 1619 Σιὼν
426 1565 571 1619 λίθον
602 1566 995 1635 ἀκρογωνιαίον
1033 1561 1289 1616 ἐκλεκτὸν
1325 1559 1562 1630 ἔντιμον⁸
1599 1577 1617 1609 ι
1649 1556 1764 1620 καὶ,

157 1680 177 1712 ε
213 1659 379 1715 Λίθον
399 1658 458 1712 ὃν
482 1658 894 1729 ἀπεδοκίμασαν
926 1659 978 1710 οί
1008 1654 1441 1726 οἰκοδομοῦντες,
1461 1645 1614 1714 οὗτος
1642 1651 1766 1718 ἐγε-

149 1747 293 1820 νήθη
323 1750 402 1811 είς
435 1747 677 1818 κεφαλὴν
709 1748 934 1816 γωνίας.
969 1766 987 1798 ι
1015 1747 1215 1800 Τοῦτον
1245 1744 1338 1799 οὖν
1362 1761 1528 1815 φησιν
1561 1745 1589 1796 6
1624 1759 1767 1813 παρ-

149 1838 236 1894 ὼν
267 1841 426 1908 λόγος
484 1840 586 1902 τὰς
647 1839 923 1909 βασιλείας
963 1838 1057 1892 τοῦ
1087 1837 1294 1908 κόσμου
1325 1836 1420 1890 καὶ
1451 1836 1552 1899 τὰς
1588 1833 1762 1907 ἀρχὰς

153 1935 254 1988 καὶ
278 1933 379 1997 τὰς
401 1932 648 1999 ἐξουσίας
677 1933 773 1987 καὶ
821 1934 948 1996 τοὺς
978 1931 1430 2004 κοσμοκράτορας
1457 1929 1755 1984 καθελόντα

154 2029 255 2082 καὶ
285 2028 644 2100 συντρίψαντα
680 2025 931 2093 καθέξειν
974 2025 1074 2096 τὴν
1106 2023 1216 2078 τῶν
1260 2023 1432 2093 ἁγίων
1479 2020 1755 2094 βασιλείαν

154 2123 241 2186 είς
279 2121 371 2176 τὸν
396 2122 590 2178 αἰῶνα.

675 2231 1074 2287 ΚΕΦΑΛΑΙΟΝ
1113 2232 1246 2286 MI".

789 2341 898 2400 Τοῦ
926 2345 1136 2400 αὑτοῦ.

233 2455 704 2528 Ναϐουχοδονόσορ
730 2457 758 2508 6
781 2455 1032 2527 βασιλεὺς
1061 2453 1190 2518 τοὺς
1223 2452 1352 2524 περὶ⁵
1379 2452 1470 2506 τὸν
1507 2450 1756 2504 Ἀνανίαν

155 2549 241 2610 είς
267 2545 367 2617 τὴν
400 2546 627 2616 κάμινον
664 2546 759 2599 τοῦ
793 2545 965 2616 πυρὸς
995 2542 1251 2615 ἐμϐαλὼν
1273 2583 1287 2608 ,
1311 2542 1385 2606 ὠς
1410 2541 1551 2611 ἔγνω
1588 2541 1756 2614 μηδὲν

156 2640 363 2702 αὐτοὺς
401 2639 508 2692 ὑπὸ
551 2637 646 2692 τοῦ
693 2640 865 2709 πυρὸς
902 2637 1295 2709 ἠδικημένους,
1345 2635 1621 2706 αὐτόπτης
1658 2633 1753 2688 τοῦ

157 2732 470 2804 παραδόξου
509 2733 819 2804 γενόμενος,
871 2734 985 2796 τοῖς
1035 2729 1230 2784 ἑαυτοῦ
1277 2729 1453 2799 φίλοις
1516 2726 1756 2800 εἰρηκὼς

155 2825 595 2897 ἀναγέγραπταιο
637 2845 654 2876 ι
687 2825 820 2896 Οὐχὶ
844 2827 991 2897 τρεῖς
1009 2824 1207 2896 ἄνδρας
1231 2821 1497 2893 ἐϐάλομεν
1522 2823 1578 2874 ἐν
1604 2820 1756 2892 μέσῳ

155 2917 256 2971 τοῦ
282 2917 486 2989 πυρός;
522 2937 541 2970 ι
592 2917 992 2988 συμφησάντων
1026 2915 1084 2968 δέ
1130 2912 1331 2977 αὐτῶν,
1373 2931 1391 2964 ι
1444 2912 1572 2965 Ἰδοὺ
1623 2909 1753 2979 ἐγὼ,

155 3011 352 3080 φησὶν,
411 3011 522 3081 ὁρῶ
571 3011 769 3081 ἄνδρας
785 3009 1058 3080 τέσσαρας
1093 3005 1436 3078 λελυμένους,
1475 3004 1568 3058 καί⁵
1598 3019 1754 3074 περι-

155 3103 474 3166 πατοῦντας
507 3104 564 3156 ἐν
587 3101 665 3171 τῷ
695 3101 862 3173 πυρὶ,
894 3100 989 3154 καὶ
1024 3097 1200 3170 φθορὰ
1238 3097 1464 3168 οὐδεμία
1507 3097 1654 3149 ἐστὶν
1697 3096 1754 3147 ἐν

1864 541 2234 596 in'aeternum
2285 543 2392 597 erit
2442 551 2497 598 et
2544 559 2655 598 non
2698 543 3082 616 dissipabitur,
3130 555 3184 602 et
3234 562 3464 618 regnum

1860 633 1984 697 eius
2015 635 2170 690 alteri
2201 635 2404 706 p0pulo
2447 651 2556 690 non
2584 635 2870 692 tradetur:
2903 639 3239 694 comminuet
3281 650 3462 695 autem

1864 735 1919 781 et
1967 737 2257 780 consumet
2297 727 2553 782 universa
2597 745 2762 799 regna
2814 729 2930 784 haec
2967 750 2980 785 :
3014 738 3069 786 et
3118 731 3297 802 ipsum
3345 742 3464 789 sta-

1864 819 1943 874 bit
1994 819 2048 872 in
2093 827 2359 874 aeternum
2399 838 2412 874 :
2451 821 2752 875 secundum
2784 823 2931 891 quod
2961 823 3169 889 vidisti,
3203 825 3350 895 quod
3394 826 3464 882 de

1867 919 2052 966 monte
2105 912 2387 967 abscissus
2421 919 2505 966 est
2557 913 2694 983 lapis
2743 915 2864 970 sine
2912 915 3197 981 manibus,
3231 925 3284 971 et
3314 933 3466 974 com-

1867 1003 2067 1056 minuit
2117 1011 2336 1065 testam,
2375 1014 2427 1058 et
2463 1005 2690 1069 ferrum,
2723 1014 2777 1061 et
2825 1022 2923 1070 ass,
2952 1014 3007 1062 et
3055 1016 3368 1078 argentum,
3409 1017 3464 1065 et

1869 1108 2064 1147 aurum
2099 1093 2164 1146 ".
2192 1113 2211 1146 ι
2249 1094 2315 1148 Et
2354 1095 2468 1150 hate
2502 1096 2569 1150 de
2593 1097 2799 1152 Christi
2835 1098 2888 1152 in
2927 1102 3464 1157 consummationem

1869 1188 2053 1243 smeuli
2085 1203 2252 1258 regno
2291 1189 2624 1243 referuntur.
2656 1189 2823 1260 Lapis
2846 1193 2991 1246 enim
3018 1192 3086 1248 de
3116 1203 3304 1250 monte
3341 1194 3462 1252 sine

1869 1280 2124 1335 manibus
2169 1281 2475 1347 abscissus,
2512 1282 2821 1352 symbolum
2857 1291 3005 1338 esset
3047 1283 3206 1340 Verbi
3242 1285 3360 1346 Dei,
3403 1293 3462 1340 ut

1870 1372 1925 1425 in
1976 1372 2099 1425 aliis
2139 1371 2450 1427 ostenditur
2498 1373 2802 1442 prophetiis
2848 1373 2936 1428 his
2991 1375 3173 1431 verbis
3208 1395 3221 1429 :
3256 1394 3274 1426 ι
3321 1374 3464 1432 Ecce

1868 1479 1970 1534 ego
1999 1464 2213 1517 mittam
2267 1464 2323 1518 in
2369 1463 2742 1519 fundamentis
2801 1464 2934 1519 Sion
2983 1465 3215 1536 lapidem
3256 1466 3461 1537 proba-

1870 1563 2025 1619 tum,
2086 1557 2400 1626 angularem
2443 1558 2520 1624 “;
2564 1576 2583 1608 ι
2637 1567 2802 1628 atque
2850 1577 2864 1613 :
2919 1576 2938 1610 ι
2984 1557 3242 1630 Lapidem
3297 1577 3461 1632 quem

1870 1648 2304 1718 reprobaveruut
2350 1649 2706 1717 aedificantes,
2740 1651 2832 1705 hic
2880 1649 3056 1708 factus
3089 1660 3175 1708 est
3210 1652 3264 1706 in
3295 1662 3463 1724 caput

1873 1743 2060 1813 anguli
2095 1743 2161 1795 ³⁸.
2202 1761 2221 1793 ›
2275 1741 2432 1798 lIunc
2470 1743 2616 1798 enim
2671 1744 2746 1798 ait
2798 1758 3040 1814 praesens
3086 1746 3240 1801 locus
3291 1761 3460 1817 regna

1795 1823 1836 1878 Β
1867 1835 2081 1900 mundi,
2128 1835 2496 1906 principatus,
2541 1843 2842 1906 potestates
2882 1844 2936 1891 ct
2982 1836 3172 1891 mundi
3217 1845 3461 1904 rectores

1863 1935 2198 1984 evertentem
2230 1936 2284 1984 et
2319 1929 2615 1992 delentem,
2649 1936 2965 1984 sanctorum
2991 1945 3220 2002 regnum
3251 1930 3308 1985 in
3337 1946 3464 2002 per-

1864 2028 2094 2092 petuum
2129 2031 2529 2092 occupaturum
2561 2035 2708 2077 €588.

2438 2195 2670 2254 CAPUT
2725 2195 2908 2253 XLIII.

2497 2310 2582 2364 Ea:
2614 2311 2817 2366 eodem.

1934 2425 2447 2482 Nabuchodonosor
2478 2439 2594 2489 rex,
2626 2425 2893 2492 conjectis
2919 2425 2972 2478 in
3001 2424 3281 2482 fornacem
3318 2429 3460 2500 ignis

1863 2522 2076 2577 Anania
2115 2521 2346 2591 ejusque
2390 2519 2580 2580 sociis,
2616 2534 2743 2574 cum
2782 2522 3146 2590 comperisset
3198 2537 3294 2576 eos
3339 2523 3462 2593 igne

1863 2611 2089 2676 illaesos,
2124 2613 2350 2683 ipseque
2381 2610 2633 2665 miraculi
2660 2601 2820 2665 testis
2849 2626 2972 2665 esse
2996 2612 3286 2679 voluisset,
3322 2613 3462 2666 ami-

1864 2707 1946 2762 cis
1995 2704 2114 2761 suis
2169 2703 2380 2760 dixisse
2427 2705 2603 2758 t'ertur
2639 2722 2654 2759 ;
2693 2724 2711 2756 ι
2748 2701 2941 2758 Nonne
2994 2711 3109 2761 tres
3162 2705 3312 2759 viros
3358 2707 3462 2760 mi-

1865 2800 2040 2854 simus
2085 2798 2143 2853 in
2178 2797 2416 2852 medium
2461 2797 2606 2869 ignis
2637 2797 2978 2868 compeditos
3013 2797 3100 2851 "?
3138 2818 3154 2849 ι
3194 2798 3295 2851 Cui
3333 2814 3458 2854 cum

1865 2891 1956 2948 isti
2000 2891 2430 2961 respondissent,
2482 2906 2608 2945 vere
2631 2890 2734 2945 hoc
2767 2905 2924 2956 esse,
2962 2907 2981 2940 ι
3006 2888 3146 2944 Ecce
3175 2905 3299 2961 ego,
3359 2893 3457 2957 ait,

1872 2986 2032 3041 video
2056 2993 2293 3056 quatuor
2324 2985 2474 3039 viros
2505 2983 2713 3039 solutos
2738 2989 2791 3037 et
2814 2982 3156 3038 ambulantes
3188 2983 3242 3037 in
3280 2983 3460 3040 medio

1863 3079 2029 3151 ignis,
2049 3090 2103 3134 et
2134 3079 2266 3132 nihil
2292 3077 2663 3148 corruptionis
2682 3076 2737 3130 in
2753 3078 2832 3132 eis
2848 3087 2956 3144 est,
2970 3085 3025 3133 et
3042 3077 3253 3148 species
3275 3081 3456 3148 quarti

154 3198 368 3261 αὐτοῖς,
392 3198 534 3266 καὶὴ
557 3197 746 3268 ὅρασις
764 3195 855 3248 τοῦ
880 3195 1142 3264 τετάρτου
1162 3192 1416 3264 ὁμοίωμα
1429 3189 1544 3243 υίοῦ
1560 3187 1716 3242 Θεοῦ·
1733 3207 1751 3238 ι

1932 3172 2064 3227 nilis
2094 3169 2233 3227 Filio
2260 3169 2354 3226 Dei
2386 3171 2453 3224 ³⁷.
2487 3190 2505 3222 ι
2543 3168 2848 3226 Hebraicus
2876 3176 3059 3226 textus
3089 3190 3108 3222 ι
3141 3171 3458 3227 similitudi-

151 3289 420 3353 ὡσαύτως
445 3289 502 3342 δέ
533 3289 628 3343 καὶ
658 3289 720 3342 τὸ
754 3286 1038 3359 Ἑϐραῖκὸν
1068 3304 1086 3336 ι
1110 3284 1360 3356 ὁμοίωμα
1400 3281 1545 3335 ’Υἱοῦ
1573 3279 1708 3334 Θεοῦ
1741 3299 1760 3330 ι

161 3382 447 3454 περιέχει,
501 3383 595 3435 καὶ
635 3383 682 3434 οἱ
719 3380 896 3434 λοιποὶ
937 3380 993 3433 δέ
1031 3378 1236 3450 ὁμοίως
1267 3375 1628 3430 ὲκδεδὼκασιν
1675 3373 1768 3444 ἐρ-

160 3474 452 3544 μηνευταί·
473 3472 664 3526 τούτου
687 3472 752 3543 δὴ
775 3468 866 3526 οὖν
897 3467 1530 3542 ἓνεκαξέσημειωσάμεθα
1560 3467 1650 3520 τὸν
1680 3465 1767 3518 τό·

160 3582 288 3629 πον,
320 3566 396 3629 ὠς
420 3568 514 3619 καὶ
543 3565 792 3619 ἐντεῦθεν
816 3583 881 3636 ση
891 3565 1224 3636 μαινομένης
1252 3563 1354 3636 τῆς
1386 3561 1478 3614 τοῦ
1509 3560 1640 3614 Υἱοῦ
1664 3558 1759 3612 τοῦ

156 3658 300 3714 θεοῦ
328 3660 721 3732 προσηγορίας.

666 3775 1066 3830 ΚΕΦᾹΛΑΙΟΝ
1108 3775 1238 3827 ΜΔ⁹⁹

806 3890 917 3945 Τοῦ
944 3888 1154 3946 αὐτοῦ.

245 4008 334 4063 Ἑν
366 4012 479 4073 τοῖς
503 4009 773 4081 δράμασιν
799 4008 827 4060 6
849 4006 1048 4078 Δανιὴλ
1079 4021 1265 4076 φησιν’
1302 4021 1322 4055 ‹
1373 4000 1672 4073 Ἐθεώρουν
1702 4000 1760 4053 ἐν

153 4103 513 4174 όρὰματιτῆς
539 4101 755 4167 νυκτὸς,
781 4100 876 4153 καὶ
899 4099 1030 4161 ἰδοὺ,
1058 4099 1151 4151 ἐπὶ
1174 4096 1283 4150 τῶν
1308 4093 1546 4165 νεφελῶν
1562 4091 1654 4146 τοῦ
1670 4093 1760 4145 οὐ·

157 4195 327 4266 ρανοῦ
359 4195 433 4260 ὼς
458 4195 587 4257 Υἱὸς
619 4192 908 4266 ἀνθρώπου
939 4192 1232 4265 ἐρχόμενος
1265 4189 1360 4242 καὶ
1391 4187 1496 4251 ἕως
1524 4185 1618 4239 τοῦ
1645 4185 1758 4238 Πα-

152 4285 314 4341 λαιοῦ
347 4285 456 4338 τῶν
487 4283 708 4357 ἡμερῶν
745 4282 944 4352 ἔφθασε
971 4323 986 4346 ,
1033 4281 1129 4335 καὶ
1172 4277 1521 4352 προσηνέχθη
1561 4274 1711 4347 αὐτῷ
1738 4315 1753 4340 ,

153 4379 254 4433 καὶ
285 4378 439 4448 ἐδόθη
470 4377 616 4448 αὐτῷ
646 4375 921 4448 ἡέξουσία
956 4375 1099 4445 καλή
1122 4373 1256 4444 τιμὴ
1289 4371 1386 4424 καὶ
1412 4372 1444 4442 ή
1481 4368 1749 4439 βασιλεία’

152 4475 254 4528 καὶ
299 4473 499 4536 πάντες
547 4475 598 4525 οί
646 4470 767 4524 λαοὶ
789 4512 804 4536 ,
839 4468 1040 4538 φυλαὶ,
1091 4467 1336 4537 γλῶσσαι
1376 4463 1752 4518 δουλεύσουσιν

1869 3281 1992 3321 nem
2018 3263 2141 3320 Filii
2173 3263 2268 3318 Dei
2294 3285 2311 3317 ι
2333 3263 2455 3329 fert,
2482 3262 2682 3334 aliique
2709 3263 2961 3320 similiter
2979 3264 3269 3320 ediderunt
3286 3265 3458 3322 inter

1868 3365 2068 3429 pretes.
2105 3357 2318 3412 Idcirco
2370 3357 2515 3411 hunc
2547 3357 2862 3413 notavimus
2892 3357 3097 3426 locum,
3131 3367 3322 3431 utpote
3365 3359 3458 3415 hie

1868 3449 2154 3523 designata
2195 3449 2320 3504 Filii
2359 3448 2456 3506 Dei
2490 3449 2956 3506 denominatione.

2423 3757 2653 3814 CAPUT
2695 3755 2880 3812 XLIV.

2465 3871 2550 3928 Ea:
2581 3872 2782 3927 eodem.

1931 3989 1992 4046 In
2036 3989 2342 4047 visionibus
2397 3989 2583 4043 Daniel
2644 3988 2777 4042 dicit
2834 4006 2849 4043 :
2917 4005 2936 4038 ι
2979 3986 3327 4058 Aspiciebam
3393 3989 3452 4047 in

1858 4083 2073 4139 visione
2112 4082 2328 4148 noctis,
2369 4088 2423 4136 et
2478 4095 2608 4135 ecce
2650 4094 2774 4134 cum
2838 4079 3079 4135 nubibus
3115 4080 3240 4135 cmli
3287 4083 3449 4151 quasi

1857 4174 2032 4230 Filius
2063 4174 2300 4230 hominis
2325 4173 2600 4237 veniebat,
2627 4180 2681 4227 et
2702 4186 2878 4242 usque
2911 4172 2976 4227 ad
3005 4171 3306 4242 Antiquum
3334 4173 3453 4229 die—

1853 4279 1979 4322 rum
2024 4267 2272 4336 pervenit
2337 4284 2350 4320 :
2404 4274 2458 4320 et
2505 4266 2558 4319 in
2610 4271 2908 4336 conspectu
2962 4267 3084 4332 ejus
3129 4264 3453 4319 obtulerunt

1853 4377 2000 4418 eum.
2023 4361 2087 4414 Et
2109 4359 2257 4415 dedit
2279 4360 2324 4412 ei
2352 4365 2700 4430 potestatem,
2723 4369 2776 4413 et
2799 4358 3088 4420 honorem,
3108 4364 3161 4412 et
3183 4371 3446 4427 regnum:

1853 4463 1909 4510 et
1938 4469 2129 4509 omnes
2159 4453 2366 4523 populi,
2421 4453 2620 4516 tribus,
2665 4460 2719 4506 et
2767 4451 2966 4521 linguae
2999 4451 3101 4521 ipsi
3157 4451 3398 4505 servient
3432 4468 3446 4504 :

149 4565 328 4636 αὐτῷ·
347 4569 379 4634 ή
411 4563 629 4630 ἐξουσία
651 4563 840 4626 αὐτοῦ,
861 4562 1082 4628 ἐξουσία
1106 4559 1343 4622 αἰώνιος,
1367 4559 1492 4629 ἥτις
1517 4557 1577 4610 οὐ
1610 4573 1754 4628 παρ-

1934 4555 2104 4600 testas
2129 4545 2272 4614 ejus,
2308 4550 2554 4613 potestas
2581 4550 2806 4608 aeterna,
2831 4557 2954 4611 qua:
2981 4557 3088 4595 non
3120 4540 3400 4610 auferetur
3431 4559 3445 4593 :

150 4659 442 4714 ελεύσεται
461 4675 472 4688 °
507 4659 600 4712 καὶ
629 4659 664 4730 ή
705 4656 952 4727 βασιλεία
979 4654 1144 4708 αὐτοῦ
1172 4655 1232 4707 οὐ
1256 4652 1744 4723 διαφθαρήσεται.»

150 4751 384 4823 Συνᾴδει
415 4749 590 4804 ταῦτα
617 4753 683 4820 τῇ
719 4748 812 4802 τοῦ
848 4747 1012 4803 αὑτοῦ
1039 4747 1233 4815 Δανιὴλ
1270 4744 1579 4817 προφητείᾳ
1619 4759 1751 4815 προ-

151 4840 493 4914 θεσπιζούσῃ
519 4841 648 4912 περὶ
671 4840 770 4911 τῆς
793 4838 885 4893 τοῦ
908 4837 1144 4909 Χριστοῦ
1179 4837 1452 4909 βασιλείας
1487 4835 1629 4889 κατὰ
1657 4835 1748 4888 τὸν

150 4935 307 4990 λίθον
333 4934 424 4988 τὸν
445 4933 837 5005 ἀποτμηθέντα
864 4932 923 4998 ἐξ
949 4932 1108 5004 ὄρους
1132 4933 1260 4987 ἄνευ
1293 4930 1509 5004 χειρῶν·
1529 4931 1614 4993 τίς
1640 4929 1748 5000 γὰρ

151 5030 224 5084 ἂν
257 5026 452 5094 ἄλλος,
493 5029 522 5081 6
571 5026 648 5088 ὡς
681 5026 810 5089 Υἱὸς
852 5024 1139 5095 ἀνθρώπου
1177 5024 1472 5096 ἐρχόμενος
1515 5020 1608 5076 ἐπί
1642 5020 1748 5074 τῶν

150 5121 419 5192 νεφελῶν,
443 5121 540 5174 κατ⁹
571 5121 677 5185 ἓως
712 5119 806 5173 τοῦ
840 5117 1080 5173 Παλαιοῦ
1118 5117 1227 5171 τῶν
1253 5115 1480 5188 ἡμερῶν
1508 5115 1744 5185 φθάνων,

151 5212 241 5282 εἴη
297 5209 331 5281 ἢ
379 5212 408 5263 6
465 5208 636 5263 είπὼν
689 5207 896 5279 Κύριος
959 5205 1116 5277 ἡμῶν
1162 5205 1370 5276 Ἰησοῦς
1418 5203 1675 5276 Χριστὸς,
1718 5203 1748 5254 6

150 5303 220 5356 δι’
251 5302 404 5372 ἡμᾶς
445 5300 662 5373 μορφὴν
689 5299 878 5353 δούλου
917 5296 1098 5350 λαϐὼν
1119 5337 1132 5360 ,
1175 5297 1269 5350 καὶ
1302 5295 1416 5358 υἱὸς
1454 5292 1741 5364 ἀνθρώπου

151 5392 469 5462 γενόμενος,
508 5410 528 5443 ι
580 5392 676 5444 Ἐκ
709 5389 802 5443 τοῦ
837 5388 1049 5460 Πατρός
1079 5387 1321 5458 ἐξῆλθον,
1359 5385 1453 5439 καὶ
1485 5385 1621 5457 πρὸς
1651 5384 1743 5437 τὸν

149 5487 289 5540 Θεὸν
331 5486 559 5552 ὑπάγω;
593 5504 611 5536 ›
648 5482 707 5548 ὃς
742 5483 837 5537 καὶ
874 5482 1155 5552 παρόντων
1189 5479 1296 5534 τῶν
1329 5477 1522 5532 ἐαυτοῦ
1562 5476 1738 5548 μαθη-

1857 4646 1912 4694 et
1947 4653 2174 4706 regnum
2213 4636 2334 4704 ejus
2364 4635 2510 4705 quod
2555 4650 2667 4688 non
2700 4641 3086 4704 corrumpetur
3119 4635 3211 4686 '7‘.
3246 4651 3265 4685 ι
3303 4633 3450 4687 Con-

1857 4730 2102 4785 sentiunt
2144 4727 2258 4783 haac
2289 4741 2413 4781 cum
2449 4726 2696 4795 ejusdem
2747 4723 2990 4780 Danielis
3042 4723 3328 4794 prophetia
3380 4722 3449 4777 de

1855 4823 2060 4878 Christi
2092 4836 2261 4891 regno
2289 4819 2693 4890 praenuntiaute
2728 4833 2826 4888 per
2867 4815 3103 4886 lapidem
3145 4815 3214 4870 de
3259 4820 3449 4869 monte

1857 4916 1975 4970 sine
2031 4914 2286 4968 manibus
2341 4911 2674 4966 abscissum.
2713 4909 2849 4976 Quis
2893 4908 3038 4963 enim
3090 4906 3254 4972 alius,
3286 4904 3444 4976 quasi

1854 5007 2027 5063 Filius
2058 5005 2300 5060 hominis
2323 5018 2448 5058 cum
2479 5002 2721 5056 nubibus
2751 4999 2875 5054 coeli
2905 4999 3157 5060 veniens,
3183 5006 3239 5051 et
3268 5009 3446 5065 usque

1855 5102 1922 5156 ad
1941 5101 2238 5170 Antiquum
2260 5097 2472 5151 dierum
2498 5093 2829 5166 perveniens
2852 5099 3019 5150 esset,
3045 5089 3153 5143 nisi
3176 5087 3444 5141 Dominus

1855 5205 2044 5252 noster
2073 5194 2234 5251 Jesus
2269 5191 2546 5253 Christus,
2600 5199 2824 5259 propter
2854 5201 2957 5240 nos
3016 5183 3246 5238 formam
3298 5179 3443 5236 servi

1851 5289 2149 5359 accipiens,
2186 5293 2239 5340 et
2280 5285 2426 5338 ﬁlius
2475 5281 2713 5336 hominis
2749 5278 2928 5333 factus
2963 5276 3263 5345 dicensque
3295 5292 3307 5327 :
3349 5290 3366 5322 ι
3397 5272 3443 5324 Α

1852 5383 1964 5438 Deo
2017 5380 2160 5435 exivi
2206 5385 2260 5432 et
2297 5375 2364 5430 ad
2415 5374 2586 5427 Deum
2633 5371 2774 5426 vado
2805 5370 2940 5422 ’9?»
2985 5367 3092 5434 Qui
3147 5374 3203 5421 et
3255 5378 3443 5418 coram

1849 5471 2136 5543 discipulis
2177 5469 2292 5523 suis
2330 5485 2343 5520 :
2387 5485 2405 5516 ‹
2446 5463 2776 5518 Videntibus
2811 5461 2944 5525 illis,
2976 5459 3223 5514 elevatus
3257 5465 3361 5518 est,
3389 5462 3444 5508 et

148 5577 286 5642 τῶν,
323 5597 342 5628 ε
366 5577 670 5647 βλεπόντων
697 5576 897 5639 αὐτῶν,
929 5572 1166 5645 ἐπήρθη,
1203 5573 1296 5625 καὶ
1319 5571 1515 5642 νεφέλη
1541 5568 1744 5623 ὑπέλα-

1932 5566 2025 5619 bes
2077 5559 2320 5632 suscepit
2364 5572 2489 5613 eum
2523 5557 2590 5612 '9.
2637 5554 2950 5626 LCumque
3001 5551 3347 5606 intuerentur
3385 5547 3444 5601 in

227 5737 276 5769 "
310 5734 450 5790 Dan.
490 5751 553 5796 ll,
590 5733 682 5795 44,
714 5732 804 5786 45.
918 5729 966 5760 ’³
1008 5726 1111 5782 Isa.
1149 5741 1343 5796 xxvut,
1384 5725 1468 5779 I6.

151 5825 228 5865 vn
255 5845 272 5874 ,
325 5807 422 5874 I5,
476 5795 562 5860 It.
639 5805 683 5835 ’⁸
723 5801 883 5857 Joan.
911 5815 1033 5867 xm,
1058 5799 1110 5854 5.
1189 5800 1233 5831 ¹⁰
1262 5795 1384 5854 Act.
1419 5813 1456 5862 ι,
1493 5801 1540 5852 9.

1582 5725 1625 5755 "
1658 5721 1799 5778 Psal.
1834 5735 2004 5776 cxvii.
2027 5718 2118 5773 9.2.

2233 5717 2276 5748 '°
2307 5713 2443 5769 Dan.
2481 5709 2686 5797 l_ll,.9I.
2767 5709 2809 5741 ’⁷
2844 5705 2976 5763 ibid.
3029 5704 3118 5760 92.
3197 5703 3264 5736 ’τ’
3302 5699 3444 5761 Dan.
