3814 6220
383 297 526 357 “75

1097 294 1366 354 EUSEBII
1405 294 1887 354 CESABIENSIS
1923 294 2076 355 OPP.
2110 294 2291 352 PARS
2330 295 2506 351 lll.-—
2532 292 2947 350 EXEGETICA.

3519 294 3670 351 H76

379 418 604 480 celum,
636 430 768 473 ecce
783 415 901 475 .viri
931 415 1042 472 duo
1080 415 1136 472 in
1162 416 1413 473 vestibus
1437 417 1577 474 albis
1608 418 1734 480 usi.
1771 432 1869 474 eos
1900 416 1948 472 d4

2101 417 2163 470 ξεν
2186 415 2366 479 αὑτὸν,
2404 433 2422 459 ι
2455 414 2544 468 ὅτε
2590 414 2686 468 καὶ
2734 412 3090 478 ἀτενιζόντων
3130 413 3210 476 εἰς
3265 412 3356 466 τδν
3401 412 3665 484 οὐρανὸν,

378 504 620 563 secunda
680 506 802 576 ejus
861 504 1305 561 manifestatione
1356 507 1622 561 certiores
1679 507 1962 573 fecerunt,

378 598 632 655 eumdem
678 614 874 655 rursus
932 599 986 653 in
1037 597 1184 653 nube
1230 607 1521 654 venturum
1581 599 1964 670 praedicentem

376 688 602 747 Christo
636 690 801 762 igitur
831 691 933 746 soli
968 704 999 745 a
1031 688 1193 747 Patre
1225 690 1350 745 data
1373 698 1459 747 est
1489 699 1755 762 potestas,
1780 699 1835 748 et
1868 692 1966 745 ho—

375 796 483 840 nor
530 791 585 839 et
630 798 880 855 regnum,
935 792 996 837 ut
1051 797 1247 838 omnes
1298 799 1424 839 eum
1479 782 1713 840 adorent
1749 792 1961 854 gentes,

384 894 405 928 c
441 876 731 947 omnisque
758 876 943 948 lingua
974 875 1302 931 conﬁteatur
1333 876 1467 943 quia
1506 873 1774 933 Dominus
1802 874 1964 933 Jesus

377 966 632 1026 Christus
661 967 717 1022 in
749 968 924 1041 gloria
951 975 1036 1024 est
1068 967 1166 1024 Dei
1194 966 1376 1024 Patris
1404 969 1469 1023 ³ο.
1505 988 1525 1022 ι

939 1207 1170 1265 CAPUT
1211 1207 1376 1262 XLV.

1009 1299 1090 1355 Ea:
1119 1300 1321 1358 eodem.

445 1393 699 1449 Precanti
731 1393 943 1450 Danieli
979 1395 1034 1449 in
1071 1396 1255 1450 omnis
1285 1395 1470 1466 populi
1512 1396 1829 1467 captivitate
1860 1396 1961 1451 Ba-

372 1484 591 1557 bylonis
636 1493 800 1557 atque
833 1486 888 1541 in
918 1483 1225 1541 Jerusalem
1261 1487 1579 1553 solitudine,
1619 1487 1838 1544 Gabriel
1878 1488 1961 1543 vi-

374 1591 473 1633 sus
501 1585 587 1633 est
619 1576 980 1649 archangelus
1021 1577 1295 1648 simulque
1327 1577 1570 1633 ostendit
1611 1581 1957 1651 septuaginta

374 1682 645 1724 annorum
689 1668 1029 1740 captivitatis
1084 1669 1269 1734 linem,
1306 1677 1361 1725 et
1391 1668 1696 1727 Jerusalem
1743 1684 1959 1729 restau-

2071 508 2179 561 ἰδοὺ
2212 505 2307 561 δύο
2344 505 2535 578 ἀνδρες
2569 507 2627 559 ἐν
2663 505 2921 576 ἐσθήσεσι
2954 504 3238 576 λαμπραῖς
3271 504 3532 573 ὀφθέντες
3552 544 3569 567 ,
3599 508 3667 561 τὲ

2068 600 2198 672 περὶ
2221 598 2320 670 τῆς
2334 598 2592 670 δευτέρας
2614 597 2779 652 αὐτοῦ
2797 597 3098 671 παρουσίας
3123 597 3322 661 αὐτοὺς
3348 596 3666 662 ἐδίδασκον,

2066 688 2223 755 αὖθις
2255 693 2312 744 ἐν
2339 689 2535 761 νεφέλῃ
2571 688 3050 762 παραγενήσεσθαι
3076 688 3241 742 αὐτὸν
3273 688 3667 759 προλέγοντες.

2066 786 2156 858 Τῷ
2179 782 2273 840 οῦν
2305 784 2527 858 Χριστῷ
2571 786 2718 856 μόνῳ
2763 783 2867 836 ὑπὸ
2908 782 3004 837 τοῦ
3036 783 3252 856 Πατρὸς
3283 784 3439 854 ἐδόθη
3483 786 3587 838 καὶ
3630 788 3667 858 ἡ

2064 879 2199 950 τιμὴ
2223 880 2368 949 καὶὴ
2395 876 2674 948 βασιλεία,
2707 875 2849 930 ὥστε
2890 876 3067 930 πάντα
3101 876 3169 929 τά
3207 875 3334 946 έθνη
3366 876 3668 948 λατρεύειν

2063 971 2233 1042 αὐτῷ,
2264 972 2359 1025 καὶ
2398 990 2417 1022 ι
2449 972 2630 1023 πᾶσαν
2656 967 2908 1037 γλῶσσαν
2936 967 3399 1038 ἐξομολογεῖσθαι,
3429 969 3517 1022 ὅτι
3542 968 3665 1023 Κῠο

2063 1080 2180 1136 ριος
2226 1060 2433 1133 Ἰησοῦς
2456 1061 2691 1133 Χριστὸς
2721 1062 2801 1124 είς
2831 1056 2987 1125 δόξαν
3022 1060 3155 1115 Θεοῦ
3190 1061 3417 1134 πατρὸς.
3450 1081 3471 1113 ι

2572 1195 2977 1250 ΚΕΦΑΛΑῘΟΝ
3008 1195 3140 1249 ME’.

2678 1288 2794 1343 Τοῦ
2817 1287 3027 1343 αὐτοῦ.

2131 1380 2430 1452 Εὑξαμένῳ
2487 1380 2569 1452 τῷ
2628 1381 2828 1455 Δανιὴλ
2873 1381 3003 1453 περὶ
3070 1380 3172 1451 τῆς
3228 1383 3308 1446 εἰς
3352 1380 3665 1437 Βαϐυλῶνα

2060 1472 2437 1543 αἰχμαλωσίας
2468 1472 2562 1525 τοῦ
2593 1472 2796 1537 παντὸς
2836 1472 2989 1536 λαοῦ,
3022 1473 3150 1545 περί
3193 1488 3252 1526 τε
3286 1472 3389 1542 τῆς
3432 1474 3665 1545 smpti:—

2063 1584 2197 1628 σεως
2218 1566 2315 1636 τῆς
2343 1565 2718 1637 Ἰερουσαλὴμ.
2743 1564 2984 1637 Γαϐριὴλ
3010 1565 3288 1633 ἐπιφανεὶς
3309 1565 3664 1635 ἀρχάγγελος

2059 1656 2195 1728 ὁμοῦ
2229 1674 2288 1710 τε
2329 1655 2479 1727 αὐτῷ
2527 1656 2781 1727 σημαίνει
2825 1657 2887 1710 τὸ
2937 1656 3307 1727 συμπέρασμα
3349 1656 3456 1727 τῆς
3505 1654 3664 1709 ἐϐδο-

373 1759 671 1828 rationem,
726 1768 1053 1831 tempusque
1092 1760 1163 1817 ab
1206 1761 1298 1815 illa
1350 1765 1750 1819 restauratione
1791 1780 1948 1836 usque

2101 1748 2471 1821 ,ηκονταετοῦς
2514 1749 2920 1820 αἰχμαλωσίας,
2961 1749 3055 1801 καί
3085 1749 3185 1820 τὴν
3212 1749 3516 1802 ἀνανέωσιν
3555 1748 3664 1818 τῆς

372 1849 444 1907 ad
487 1852 780 1909 adventum
828 1851 1058 1915 Christi.
1098 1866 1162 1906 ac
1210 1853 1512 1908 secundum
1564 1864 1755 1925 postea
1808 1856 1960 1912 urbis

370 1943 670 2007 excidium,
717 1943 997 2015 totiusque
1042 1944 1220 2015 gentis
1271 1946 1616 2009 servitutem,
1670 1960 1792 2015 qua:
1837 1953 1962 2017 post

368 2035 576 2092 Christi
607 2037 1047 2094 lncarnationem
1091 2046 1475 2093 consummata
1505 2039 1630 2095 erit.
1665 2037 1791 2095 Haec
1831 2048 1960 2096 sunt

368 2130 536 2201 igitur
565 2128 801 2198 hujusce
840 2129 947 2184 loci
982 2130 1184 2185 verba:
1221 2149 1240 2182 ι
1276 2128 1485 2198 Daniel,
1524 2146 1672 2186 nunc
1702 2147 1959 2202 egressus

370 2236 493 2276 sum
521 2228 581 2276 ut
606 2221 859 2277 docerem
892 2228 965 2287 te,
994 2228 1048 2277 et
1075 2222 1434 2293 intelligeres.
1469 2222 1554 2277 Ab
1582 2224 1807 2279 exordio
1834 2239 1959 2294 pre-

370 2327 497 2368 cum
535 2320 753 2368 tuarum
780 2328 1041 2384 egressus
1083 2321 1169 2369 83i-
1214 2329 1397 2370 sermo
1434 2330 1578 2384 :ego
1619 2323 1800 2371 autem
1833 2315 1957 2371 ι’εηί

253 2426 260 2432 ·
372 2411 436 2461 ut
486 2403 788 2460 indicarem
841 2405 963 2469 tibi,
1004 2406 1136 2477 quia
1191 2407 1276 2462 vir
1323 2407 1727 2463 desideriorum
1765 2424 1826 2463 es
1856 2427 1869 2464 :
1899 2417 1956 2463 tu

371 2512 506 2568 ergo
540 2496 916 2553 animadverte
946 2513 1279 2560 sermonem.
1314 2510 1368 2555 et
1392 2500 1637 2571 intellige
1666 2502 1956 2559 visionem.

376 2582 733 2656 Septuaginta
756 2586 1126 2644 hebdomades
1156 2588 1490 2646 abbreviatae
1512 2600 1642 2646 sunt
1663 2606 1830 2661 super
1855 2608 1957 2663 po-

372 2678 561 2748 pulum
609 2686 787 2744 tuum,
841 2686 897 2733 et
947 2694 1113 2750 super
1146 2679 1336 2735 urbem
1382 2693 1629 2736 sanctam
1685 2692 1855 2750 tuam,
1898 2693 1958 2738 ut

372 2778 789 2826 consummetur
828 2771 1231 2840 praevaricatio.
1265 2779 1320 2827 et
1370 2771 1531 2827 tinem
1566 2774 1801 2843 accipiat
1830 2789 1958 2844 pec-

371 2871 579 2928 catum,
610 2870 665 2918 et
704 2862 954 2920 deleatur
986 2862 1272 2935 iniquitas,
1324 2871 1378 2919 et
1410 2865 1717 2920 adducatur
1740 2867 1956 2937 justitia

369 2954 727 3024 sempiterna,
762 2960 818 3009 et
849 2953 1142 3024 impleatur
1172 2954 1333 3016 vrsio,
1359 2961 1415 3009 et
1436 2955 1743 3025 prophetia,
1770 2963 1825 3011 et
1855 2972 1958 3011 un-

370 3052 532 3116 gatur
579 3044 817 3101 Sanctus
860 3053 1200 3101 sanctorum.
1246 3044 1399 3101 Scito
1436 3062 1568 3118 ergo
1607 3056 1661 3103 et
1702 3048 1955 3103 animad-

2078 1840 2463 1913 Ἰερουσαλὴμ,
2508 1841 2600 1894 τόν
2624 1858 2684 1894 τε
2732 1842 2841 1895 ἀπὸ
2871 1842 2970 1912 τῆς
3006 1839 3353 1903 ἀνανεώσεως
3406 1841 3501 1892 ἐπὶ
3558 1839 3661 1909 τὴν

2064 1932 2157 1986 τοῦ
2195 1932 2431 2005 Χριστοῦ
2457 1933 2763 2006 παρουσίαν
2791 1934 3004 2005 χρόνον,
3039 1932 3132 1985 καὶ
3159 1932 3255 2004 τὴν
3304 1932 3447 2002 μετά
3477 1930 3660 1985 ταῦτα

2061 2027 2433 2098 γενησομένην
2475 2025 2731 2098 δευτέραν
2778 2025 2978 2080 ἅλωσιν
3005 2027 3105 2096 τῆς
3137 2025 3381 2087 πόλεως,
3432 2024 3531 2077 καὶ
3567 2025 3661 2077 τὸν

2062 2119 2154 2171 ἐπὶ
2193 2120 2360 2173 πᾶσιν
2419 2116 2854 2190 ἀνδραποδισμὸν
2909 2115 3003 2170 τοῦ
3048 2117 3250 2180 παντὸς
3281 2116 3473 2179 ἔθνους
3496 2156 3513 2179 ,
3566 2116 3661 2168 τὸν

2064 2210 2203 2282 μετά
2251 2211 2348 2283 τὴν
2396 2210 2491 2265 τοῦ
2548 2210 2786 2283 Χριστοῦ
2844 2209 3147 2280 παρουσίαν
3210 2209 3654 2263 ἐπιτελεσθέντα.

2064 2302 2287 2371 Ἔχουσι
2322 2300 2380 2354 δὲ
2416 2301 2581 2356 αὑτοῦ
2604 2302 2789 2355 τοῦτον
2813 2301 2903 2354 τὸν
2935 2302 3137 2373 τρόπον
3169 2302 3225 2353 αἰ
3255 2300 3465 2366 λέξεις·
3502 2320 3523 2351 ι
3548 2301 3657 2353 Δα-

2059 2394 2209 2464 νιὴλ,
2240 2392 2335 2447 νῦν
2383 2392 2605 2464 ἐξῆλθον
2634 2391 2969 2463 συμϐιϐάσαι
3004 2408 3061 2444 σε
3108 2391 3357 2444 σύνεσιν
3396 2391 3458 2443 ἐν
3506 2391 3654 2463 ἀρχῇ

2058 2485 2158 2556 τῆς
2182 2483 2418 2557 δεήσεὼς
2450 2502 2543 2539 σου
2589 2482 2813 2556 ἐξῆλθεν
2863 2484 3037 2554 λόγος,
3075 2483 3169 2537 καὶ
3201 2481 3312 2551 ἐγὼ
3354 2477 3523 2553 ἦλθαν
3556 2480 3653 2534 τοῦ

2058 2576 2375 2648 ἀναγγεῖλαί
2406 2593 2511 2641 σοι,
2545 2576 2628 2630 ὅτι
2655 2576 2795 2649 ἀνὴρ
2819 2574 3124 2646 ἐπιθυμιῶν
3154 2575 3218 2628 σὺ
3243 2568 3318 2637 εἷ,
3345 2574 3442 2626 καί
3469 2574 3653 2642 ἐννοή-

2059 2670 2181 2742 θητι
2215 2673 2275 2724 ἐν
2307 2669 2385 2741 τῷ
2416 2670 2641 2742 ῥήματι.
2672 2667 2766 2722 καί
2797 2668 2954 2731 σύνες
2987 2669 3044 2720 ἐν
3071 2669 3137 2737 τῇ
3171 2665 3433 2735 ὀπτασίᾳ.
3464 2663 3653 2716 Ἕϐδο-

2062 2766 2306 2836 μήκοντα
2344 2761 2637 2834 ἐϐδομάδες
2678 2761 3092 2832 συνετμήθησαν
3126 2760 3219 2812 ἐπὶ
3247 2758 3340 2811 τὸν
3373 2757 3507 2811 λαόν
3534 2772 3651 2821 σου,

2058 2857 2150 2910 καί
2204 2857 2296 2911 ἐπὶ
2343 2856 2442 2929 τὴν
2482 2855 2635 2910 πόλιν
2668 2854 2769 2927 τὴν
2822 2854 2983 2922 ἁγίαν
3008 2893 3023 2917 ,
3080 2851 3172 2905 τοῦ
3226 2850 3651 2921 συντελεσθῆναι

2057 2949 2369 3021 ἁμαρτίαν,
2394 2949 2488 3003 καί
2520 2948 2614 3002 τοῦ
2672 2952 2971 3019 σφραγῖσαι
3026 2942 3333 3015 ἁμαρτίας,
3371 2942 3472 2995 καὶ
3514 2942 3651 2994 ἀπο-

2058 3042 2237 3112 λεῖψαι
2287 3042 2386 3105 τὰς
2417 3041 2679 3112 ἀνομίας,
2737 3038 2958 3094 καὶτοῦ
2992 3034 3343 3106 ἐξιλάσασθαι
3394 3034 3647 3099 ἀδικίας,

370 3146 523 3195 verte
553 3158 567 3194 :
594 3139 664 3194 ab
690 3140 837 3195 exitu
868 3137 1163 3204 sermonis,
1200 3147 1261 3195 ut
1290 3139 1489 3194 iterum
1524 3140 1829 3196 aediﬁcetur
1858 3141 1948 3198 Je-

2101 3137 2145 3189 ιί
2175 3136 2403 3206 ἀγαγεῖν
2435 3134 2785 3208 δικαιοσύνην
2815 3133 3053 3195 αἰώνιον,
3087 3131 3180 3185 καὶ
3210 3129 3305 3183 τοῦ
3342 3131 3649 3201 σφραγῖσαι

370 3231 634 3296 rusalem,
675 3247 848 3303 usque
895 3231 960 3288 ad
994 3230 1279 3288 Christum
1310 3232 1529 3294 ducem,
1580 3232 1952 3290 hebdomades

368 3331 606 3394 septem,
657 3334 712 3378 et
750 3323 1120 3380 hebdomades
1168 3324 1453 3395 sexaginta
1504 3324 1627 3379 dum
1664 3333 1952 3381 erunt:et

368 3428 566 3470 rursus
616 3412 975 3469 editicabitur
1017 3415 1214 3485 platea,
1255 3422 1311 3470 et
1358 3415 1539 3480 muri,
1591 3416 1645 3469 in
1699 3417 1951 3488 angustia

368 3512 699 3575 temporum.
732 3504 798 3560 Et
835 3514 959 3576 post
980 3506 1353 3562 hebdomades
1386 3507 1668 3577 sexaginta
1694 3508 1834 3564 duas
1863 3524 1952 3564 oc-

368 3595 584 3652 cidetur
641 3596 901 3653 Christus
938 3606 1031 3654 :et
1077 3612 1187 3652 non
1241 3599 1346 3653 erit
1391 3598 1511 3668 ejus
1553 3601 1811 3670 populus,
1855 3601 1951 3671 qui

366 3704 493 3744 eum
527 3696 826 3759 negaturus
858 3699 960 3745 est.
1017 3688 1080 3744 Et
1128 3691 1427 3756 civitatem,
1483 3699 1537 3748 et
1570 3693 1945 3748 sanctuarium

369 3779 660 3849 dissipabit
683 3780 917 3851 populus
946 3796 1069 3835 cum
1108 3781 1247 3837 duce
1274 3795 1505 3839 venturo
1541 3792 1634 3841 :et
1665 3785 1789 3840 linis
1826 3785 1948 3854 ejus

368 3870 621 3934 vastitas,
650 3877 706 3924 et
734 3878 861 3940 post
891 3872 1052 3925 linem
1089 3872 1214 3927 belli
1249 3881 1453 3928 statuta
1489 3875 1777 3931 desolatio.
1801 3876 1947 3931 Con—

368 3961 609 4017 ﬂrmabit
642 3972 824 4019 autem
863 3971 1085 4034 pactum
1114 3965 1303 4019 multis
1336 3965 1680 4022 hebdomada
1713 3982 1819 4021 una
1850 3986 1863 4023 :
1892 3975 1947 4023 et

368 4055 426 4111 in
467 4054 696 4111 dimidio
751 4054 1109 4111 hebdomadis
1146 4056 1364 4112 deficiet
1414 4058 1595 4114 hostia
1638 4070 1690 4116 et
1734 4062 1946 4115 sacriﬁ-

369 4147 558 4205 cium:
589 4154 645 4203 et
691 4148 799 4203 erit
839 4148 894 4202 in
933 4149 1137 4218 templo
1181 4149 1517 4203 abouiinatio
1544 4151 1941 4209 desolationis:

368 4248 424 4296 et
454 4253 632 4309 usque
661 4237 730 4293 ad
758 4239 1289 4294 consummationem
1318 4246 1373 4295 et
1412 4238 1940 4321 tincqpersevera-
1968 4262 1979 4275 -

368 4330 450 4388 hit
474 4331 740 4387 desolatio
765 4331 831 4385 ³¹.
866 4349 885 4383 ι

2052 3230 2241 3301 ὅρασιν
2270 3229 2365 3282 καὶ
2399 3230 2717 3303 προφήτην,
2754 3228 2849 3282 καὶ
2888 3225 2983 3280 τοῦ
3018 3229 3201 3297 χρῖσαι
3256 3224 3416 3292 ἀγιον
3453 3224 3646 3292 ἀγίων.

2054 3320 2164 3374 Καὶ
2187 3319 2371 3392 γνώσῃ
2405 3321 2500 3373 καὶ
2528 3323 2778 3392 συνήσεις
2798 3337 2811 3349 ο
2849 3319 2954 3373 ἀπὸ
2992 3318 3172 3385 ἐξόδου
3201 3316 3377 3386 λόγων
3405 3314 3514 3387 (ου)
3553 3315 3647 3369 τοῦ

2054 3410 2419 3482 ἀποκριθῆναι
2468 3412 2563 3465 καί
2609 3411 2705 3464 τοῦ
2735 3410 3085 3481 οἰκοδομῆσαι
3124 3408 3487 3480 Ἰερουσαλὴμ
3543 3409 3647 3472 ἕως

2054 3502 2291 3574 Χριστοῦ
2322 3503 2627 3575 ἡγουμένου
2660 3502 2951 3574 ἑϐδομάδες
2980 3502 3044 3567 ζ’,
3075 3503 3170 3555 καὶ
3202 3500 3505 3571 ἐϐδομάδες
3535 3498 3644 3569 ξβ”

2054 3597 2148 3649 καὶ
2184 3594 2530 3666 ἐπιστρέψει,
2575 3594 2671 3649 καὶ
2716 3593 3199 3665 οἰκοδομηθήσεται
3233 3592 3503 3656 πλατεία,
3553 3592 3648 3646 καὶ

2053 3692 2252 3759 τεῖχος,
2286 3688 2383 3740 καὶ
2419 3686 2820 3759 κενωθήσονται
2869 3689 2919 3739 oi
2968 3685 3168 3757 καιροί.
3208 3686 3320 3739 Καὶ
3354 3684 3499 3755 μετά
3546 3684 3645 3748 ea;

2055 3779 2358 3851 ἑϐδομάδας
2403 3779 2504 3844 τὰς
2574 3778 2651 3851 ξβ⁹
2696 3778 3205 3852 ἐξολοθρευθήσεται
3253 3777 3504 3848 χρίσμα,
3551 3777 3645 3828 καὶ

2055 3876 2228 3948 κρίμα
2249 3877 2350 3930 οὐκ
2378 3875 2524 3930 ἐστιν
2554 3875 2611 3927 ἐν
2632 3873 2812 3946 αὐτῷ·
2840 3874 2935 3928 καὶ
2952 3873 3051 3944 τὴν
3081 3872 3254 3934 πόλιν,
3277 3872 3372 3925 καί
3391 3870 3459 3923 τὺ
3488 3871 3643 3937 ἆγιον

2053 3966 2333 4040 διαφθερεῖ
2358 3968 2455 4021 σὺν
2485 3966 2564 4038 τῷ
2590 3966 2881 4038 ἡγουμένῳ
2908 3964 2985 4036 τῷ
3015 3962 3318 4036 ἐρχομένῳ,
3346 3962 3447 4014 καὶ⁵
3470 3964 3642 4031 κοπῆ-

2054 4075 2236 4112 σονται
2266 4059 2323 4111 ἐν
2352 4055 2742 4128 κατακλυσμῷ,
2762 4057 2857 4109 καὶ
2888 4056 2992 4118 ἕως
3023 4054 3210 4117 τέλους
3245 4052 3487 4123 πολέμου
3517 4068 3641 4104 συν-

2047 4152 2391 4224 τετμημένου
2443 4154 2789 4222 ἀφανισμοῖς.
2847 4150 2956 4203 Καὶ
3014 4146 3324 4219 δυναμιῦσει
3373 4144 3640 4214 διαθήκην

2050 4244 2266 4309 πολλοῖς
2298 4243 2533 4315 ἑϐδομὰς
2581 4243 2710 4315 μία·
2757 4243 2852 4297 καί⁵
2900 4244 2958 4296 ἐν
3008 4240 3087 4312 τῷ
3120 4241 3309 4310 ἡμίσει
3352 4237 3455 4307 τῆς
3495 4235 3640 4288 ἐϐδο-

2054 4337 2219 4409 μάδος
2273 4337 2571 4410 ἀρθήσεται
2631 4336 2793 4390 θυσία
2853 4335 2948 4389 καὶ
3009 4332 3245 4403 σπονδὴ,
3288 4331 3386 4385 καὶ
3443 4330 3538 4384 ἐπὶ
3580 4328 3639 4382 τὸ

372 4424 515 4497 ἱερὸν
548 4423 823 4497 βδέλυγμα
868 4422 979 4478 τῶν
1028 4423 1383 4497 ἐρημώσεων,
1419 4426 1516 4481 καὶ
1552 4427 1658 4492 ἕως
1692 4428 2004 4494 συντελείας
2057 4430 2250 4502 καιροῦ
2312 4431 2593 4487 συντέλεια
2648 4430 2934 4501 δοθήσεται
2986 4428 3080 4481 ἐπὶ
3136 4426 3234 4497 τὴν
3286 4426 3591 4497 ἐρήμωσιν.
3614 4440 3635 4474 ι

438 4540 640 4596 Eorum
668 4539 761 4610 qui
786 4538 1096 4609 praecitatas
1120 4538 1488 4596 hebdomades
1518 4542 1757 4597 scrutati
1791 4552 1939 4607 sunt,

2118 4546 2242 4600 Τῶν
2292 4549 2373 4610 είς
2403 4546 2503 4611 τὰς
2532 4546 2899 4618 προκειμένας
2935 4542 3240 4614 ἑϐδομάδας
3273 4540 3640 4610 ἐπιϐεϐληκό-

368 4639 541 4688 unum
567 4630 820 4686 novimus
847 4627 1165 4685 Africanum
1205 4631 1298 4701 qui
1331 4646 1427 4686 eas
1464 4633 1780 4688 accuratius
1823 4633 1945 4688 feli-

368 4725 599 4793 ciusque
645 4721 1058 4777 examinaverit.
1104 4719 1340 4777 Necesse
1374 4722 1501 4777 ideo
1549 4723 1769 4779 videtur
1809 4724 1943 4779 mihi

369 4815 491 4885 ejus
533 4813 589 4868 in
623 4813 771 4868 hunc
804 4813 984 4867 locum
1014 4812 1434 4869 elucidationem
1483 4814 1540 4868 in
1574 4813 1815 4870 medium
1861 4814 1946 4869 af-

366 4904 535 4973 ferre,
566 4903 692 4959 dein
734 4903 1005 4974 speculari
1057 4906 1105 4959 si
1138 4904 1267 4974 quid
1320 4913 1375 4960 et
1406 4904 1511 4975 ipsi
1540 4919 1607 4960 ex
1662 4920 1731 4961 eo
1771 4906 1950 4975 possi-

368 5012 493 5053 mus
531 4996 812 5052 inducere.
858 4994 1064 5051 Scribit
1094 4995 1260 5067 igitur
1290 4996 1347 5051 iu
1376 4996 1572 5068 quinto
1605 4994 1945 5070 Chronogra-

367 5089 617 5161 phinum
649 5089 791 5145 libro
819 5088 907 5145 his
940 5089 1125 5145 verbis
1152 5089 1230 5160 (ι)
1259 5107 1274 5144 :

921 5330 1150 5389 CAPUT
1199 5332 1382 5390 XLVI.

951 5423 1038 5479 Ex
1073 5425 1114 5479 Α
1124 5424 1349 5495 fricatio.

446 5535 470 5571 ι
500 5514 604 5574 Hic
631 5518 932 5590 prophetia:
957 5518 1113 5573 locus
1142 5518 1311 5572 multa
1328 5519 1479 5573 etvix
1507 5517 1780 5575 credenda
1797 5534 1940 5574 nun-

439 5671 488 5707 ³ο
516 5670 751 5743 Philipp.
776 5689 837 5739 ιι,
872 5674 957 5728 Η.
1033 5672 1076 5704 ³¹
1112 5671 1245 5727 Dan.
1290 5690 1365 5738 ix,
1388 5671 1582 5729 22-27.

2045 4655 2155 4693 των
2192 4638 2350 4711 μόνον
2374 4637 2531 4709 ἴσμεν
2559 4637 2884 4708 Ἀφρικανὸν
2909 4634 3284 4707 ἀκριϐέστατα
3315 4633 3413 4686 καί⁵
3440 4632 3639 4703 μίλὶον

2048 4734 2200 4806 παρά
2220 4734 2346 4797 τοὺς
2365 4732 2586 4795 λοιποὺς
2611 4729 3083 4801 ἐπιτετευγμένως
3106 4726 3421 4797 τεθεωρηκό
3431 4744 3496 4780 τα
3511 4740 3526 4756 ⁸
3549 4726 3641 4780 καὶ

2047 4827 2111 4899 δή
2146 4843 2236 4898 μοι
2262 4825 2412 4880 δοκεῖ
2440 4827 2737 4894 ἀναγκαῖον
2770 4820 2913 4877 εἶναι
2963 4821 3181 4894 πρῶτον
3215 4816 3383 4873 αὐτοῦ
3433 4819 3535 4890 τὴν
3562 4819 3641 4883 εἰς

2051 4920 2126 4993 (f.
2154 4920 2223 4976 39
2244 4921 2331 4990 ν’)
2363 4922 2490 4984 τοὺς
2525 4921 2727 4982 τόπους
2763 4917 3017 4989 διήγησιν
3061 4916 3140 4977 είς
3187 4913 3353 4983 μέσον
3384 4913 3638 4980 ἀγαγεῖν,

2048 5010 2146 5069 εἷθ’
2187 5012 2360 5077 οὕτως
2402 5011 2837 5082 ἐπισκέψασθαι,
2875 5009 2927 5062 εί
2976 5025 3031 5061 τι
3076 5006 3188 5078 ἀρα
3219 5005 3315 5059 καὶ
3342 5004 3508 5057 αὐτοὶ⁵
3548 5003 3634 5057 δυ-

2047 5105 2281 5178 ναίμεθα
2326 5104 2698 5175 συμϐαλέσθαι
2741 5102 2821 5175 τῷ
2867 5102 3034 5172 λόγῳ.
3083 5099 3289 5169 Γράφει
3346 5095 3415 5168 δὴ
3449 5091 3548 5150 οὖν
3580 5098 3637 5151 ἐν

2049 5197 2286 5269 πέμπτῳ
2317 5195 2426 5250 τῶν
2453 5193 2911 5265 Χρονοπφαφιῶν
2941 5190 3085 5247 κατά
3112 5190 3259 5256 λέξιν
3285 5188 3493 5253 οὕτως·

2541 5328 2932 5386 ΚΕΦΑΛΑΙΟΝ
2979 5330 3129 5397 Max

2659 5422 3028 5493 Ἀφρικανοῦ.

2123 5535 2141 5568 ι
2181 5517 2247 5570 Ἦ
2276 5514 2373 5586 μὲν
2402 5507 2497 5569 οὖν
2528 5513 2802 5586 περικοπὴ
2829 5512 2972 5568 οὕτω
3003 5528 3122 5575 πως
3151 5510 3353 5581 ἔχουσα
3374 5504 3625 5565 milia

440 5806 516 5879 (ι)
555 5805 756 5863 Confer
781 5807 981 5864 Euseb.
1009 5805 1281 5861 Demonst.
1316 5822 1430 5875 vin,
1457 5824 1510 5879 p.
1536 5806 1670 5876 389;
1702 5808 1923 5863 Hieron.
1966 5804 2017 5858 in
2051 5801 2190 5859 Dan.
2222 5810 2263 5858 t.
2301 5799 2364 5869 ν,
2389 5816 2443 5873 p.
2475 5799 2599 5858 682.
