3814 6220
116 348 276 405 ΙΓΠ

1104 347 1398 407 ΕΟιοσῶ
1454 336 1937 404 ΡΒΟΡΗΕΤΙΟᾹΞ.
1976 374 2049 386 --
2083 342 2212 399 LIB.
2255 340 2344 400 111.

3264 339 3407 395 M78

115 466 222 518 καὶ
260 463 540 538 παράδοξα
573 463 826 535 σημαίνει
845 481 858 495 ·
889 463 985 520 νῦν
1009 463 1053 518 δ’
1070 457 1156 519 εῶν
1181 466 1339 537 χρεία
1367 464 1495 538 περί
1514 481 1572 518 τε
1600 463 1718 526 τοὺς

1829 460 1946 514 tiat.
1982 458 2139 515 Nunc
2179 461 2346 531 igitur
2373 457 2443 513 de
2484 457 2847 527 temporibus,
2879 457 3156 529 rebusque
3184 473 3307 529 qua
3332 456 3406 514 ad

116 554 362 626 χρόνους
396 556 489 609 καὶ
519 554 588 609 τὰ
619 555 829 618 τούτοις
860 555 1203 610 συντείνοντα
1233 556 1325 609 τὸν
1363 556 1519 622 λόγον
1563 571 1722 625 ποιη-

118 645 368 716 σόμεθα.
397 646 519 699 Ὀτι
556 646 654 715 μὲν
688 642 782 699 οὖν
820 647 1074 718 περὶτῆς
1103 646 1197 699 τοῦ
1233 647 1470 717 Χριστοῦ
1514 663 1723 719 παρου-

119 738 260 801 σίας
287 736 506 806 λέγεται
529 738 703 791 ταῦτα
735 739 872 808 μετὰ
896 738 1197 808 ἑϐδομάδας
1226 746 1267 791 o'
1291 739 1573 811 μέλλοντος
1597 741 1722 793 ἐπι-

119 830 447 899 φαίνεσθαι,
474 830 658 901 δῆλονο
686 832 779 884 ἐπὶ
806 831 917 902 γὰρ
936 829 1031 883 τοῦ
1062 832 1311 902 Σωτῆρος
1334 831 1367 903 ἢ
1401 833 1510 886 άπὸ
1529 833 1721 887 τούτου

116 922 194 975 τὰ
231 920 659 990 παραπτώματα
696 919 1042 983 παλαιοῦται,
1088 922 1181 975 καὶ
1213 922 1269 974 αἰ
1298 922 1566 995 ἁμαρτίαι
1597 941 1721 977 συν-

117 1012 419 1067 τελοῦνται
455 1012 542 1066 διὰ
574 1013 671 1084 τὴν
708 1014 934 1083 ἄφεσιν,
969 1013 1031 1067 αῖ
1074 1030 1135 1066 τε
1179 1014 1399 1084 ἀνομίαι
1446 1015 1723 1087 ἐξιλασμῷ

121 1104 274 1173 μετὰ
293 1102 405 1157 τῶν
424 1103 650 1157 ἀδικιῶν
670 1104 1080 1174 άπαλείφονται,
1096 1106 1405 1178 δικαιοσύνη
1427 1124 1487 1160 τε
1507 1106 1723 1173 αἰώνιος

119 1194 563 1264 καταγγέλλεται
591 1197 787 1269 (παρὰ)
816 1198 913 1269 τὴν
953 1199 1017 1251 ὲκ
1054 1199 1244 1267 νόμου,
1280 1198 1500 1269 ὁράσεις
1531 1216 1589 1251 τε
1624 1202 1722 1254 καί

126 1290 463 1358 προφητεῖαι
498 1291 691 1361 μέχρις
741 1288 1016 1342 Ἰωάννοψ
1051 1290 1264 1361 χρίεται
1293 1290 1481 1358 ’Ἄγιος
1518 1291 1718 1359 ἁγίων·

124 1377 237 1450 πρὸ
262 1377 377 1449 γὰρ
399 1379 501 1449 τῆς
530 1378 623 1432 τοῦ
648 1378 900 1449 Σωτῆρος
934 1379 1238 1449 παρουσίας
1258 1380 1358 1433 ούκ
1389 1380 1518 1433 ὄντα
1548 1381 1723 1435 ταῦτα

125 1469 503 1540 προσεδοκᾶτο
567 1470 743 1542 μόνον.
798 1470 1101 1541 Ἀρξασθαι
1153 1471 1219 1542 δὴ
1274 1472 1382 1526 τῶν
1437 1472 1719 1544 ἀριθμῶν,

126 1560 273 1617 τοῦτ’
320 1560 439 1616 ἐστι
484 1562 593 1617 τῶν
645 1569 687 1616 ο¹
751 1561 1095 1634 ἑϐδομάδων,
1147 1561 1183 1617 ἆ
1216 1564 1363 1617 ἐστιν
1412 1566 1505 1635 ἔτη
1551 1569 1656 1631 υιιν,
1691 1566 1721 1618 ὁ

122 1654 366 1724 ἄγγελος
408 1655 723 1712 ὑποτίθεται
753 1675 772 1706 ι
798 1657 906 1710 ἀπὸ
948 1654 1128 1720 ἐξόδου
1171 1655 1329 1725 λόγου
1367 1657 1462 1710 τοῦ
1489 1659 1722 1730 ἀποκρι-

121 1746 290 1819 θῆναι
321 1746 418 1800 καὶ
448 1745 545 1801 τοῦ
574 1747 924 1819 οἰκοδομῆσαι
964 1748 1344 1821 Ἰερουσαλήμ·
1378 1769 1396 1801 ι
1434 1749 1633 1821 συνέϐη
1665 1749 1721 1804 δὲ

126 1815 304 1891 ταῦτα
324 1839 417 1891 ἐπὶ
452 1815 1058 1910 ’ΔρταξέρξουνΠερσῶν
1081 1815 1455 1910 βασιλεύοντος
1484 1815 1717 1912 εἰκοστῴ
1751 1815 1792 1870 Β

120 1945 262 1984 net.
293 1929 536 2002 Νεεμίας
568 1929 677 2001 γὰρ
708 1934 738 1983 ό
768 1930 956 1984 τούτου
988 1930 1222 2001 οἰνοχόος
1250 1930 1460 2004 δεηθεὶς
1489 1932 1719 2004 ἀποκρί-

120 2020 272 2085 σεώς
305 2038 366 2075 τε
383 2022 571 2092 ἔτυχεν
595 2021 1017 2093 οἰκοδομηθῆναι
1046 2022 1421 2094 Ἰερουσαλὴμ,
1441 2024 1537 2077 καί
1561 2023 1719 2092 λόγος

121 2112 356 2184 ὲξῆλθεν
388 2112 625 2167 κελεύων
649 2113 855 2169 ταῦτα’
894 2115 1055 2186 μέχρι
1087 2115 1197 2187 γὰρ
1222 2116 1429 2169 ἐκείνου
1461 2115 1554 2169 τοῦ
1584 2116 1717 2187 χρό-

121 2221 227 2259 νου
254 2207 290 2277 ἡ
324 2205 480 2269 πόλις
517 2207 798 2279 ἠρήμωτο.
835 2205 1020 2277 Κύρου
1051 2206 1159 2280 γὰρ
1196 2207 1333 2279 μετὰ
1358 2208 1456 2278 τὴν
1486 2208 1720 2280 ἑϐδομη-

122 2296 453 2350 κονταετίαν
472 2296 575 2366 τῆς
594 2296 971 2368 αἰχμαλωσίας
993 2297 1100 2352 τῶν
1126 2297 1464 2369 βουλομένων
1490 2300 1718 2354 ἕκαστον

119 2388 448 2443 ικουσιαστὶ
478 2390 974 2460 καταπέμψαντος,
1001 2393 1051 2443 οἱ
1088 2391 1227 2460 μετὰ
1268 2391 1440 2463 Ἰησοῦ
1489 2392 1575 2446 τοῦ
1618 2412 1717 2465 με-

123 2479 301 2549 γάλου
335 2481 524 2554 ἱερέως
549 2483 642 2536 καὶ
668 2482 974 2555 Ζοροϐάϐελ
1011 2483 1386 2548 κατελθόντες.
1428 2486 1520 2539 καὶ
1544 2487 1593 2539 οἰ
1624 2488 1718 2541 ἐπὶ

120 2573 344 2637 τούτοις
362 2575 481 2645 ἅμα
506 2574 701 2647 Ἐζρα,
727 2575 817 2629 τὸν
841 2574 1301 2646 νεὼν,οίκοδομεῖν
1327 2576 1624 2631 ἐκωλύοντο
1648 2578 1719 2632 τὰ

120 2665 351 2737 πρῶτα,
378 2667 474 2721 καὶ
501 2671 675 2737 τεῖχος
704 2669 770 2738 τῇ
800 2667 952 2721 πόλει
982 2667 1319 2740 περιϐαλεῖν,
1350 2668 1425 2733 ὡς
1461 2670 1520 2722 οὑ
1554 2687 1717 2723 κεκε-

123 2758 432 2828 λευσμένον
482 2758 693 2812 τούτου.
738 2759 989 2829 Ἐμεινεν
1039 2756 1132 2813 οὖν
1178 2762 1283 2824 ἕως
1336 2761 1572 2833 Νεεμίου
1624 2764 1718 2816 καὶ

124 2850 417 2921 βασιλείας
458 2850 813 2924 ’Δρταξέρξου
835 2851 1199 2917 εἰκοσαετοῦς,
1229 2852 1456 2926 Περσῶν
1487 2853 1544 2908 δὲ
1587 2856 1717 2927 ἠγε-

126 2939 329 3011 μονίας
376 2940 843 3012 πεντεκαιδεκάτῳ
888 2943 981 2995 καὶ
1033 2940 1331 3011 ἑκατοστῷ,
1354 2940 1463 2995 ἀπὸ
1511 2942 1568 2995 δὲ
1616 2943 1717 3011 τῆς

121 3029 388 3096 ἁλώσεως
427 3031 780 3104 Ἰερουσαλὴμ
829 3030 946 3104 ρπε¹
991 3032 1085 3104 ἔτη
1107 3050 1120 3063 °
1156 3034 1249 3088 καὶ
1288 3033 1410 3087 τότε
1464 3032 1716 3105 βασιλεὺς

137 3121 508 3196 Ἀρταξέρξης
562 3124 845 3178 ἐκέλευσεν
892 3124 1313 3198 οἰκοδομηθῆναι
1374 3126 1473 3197 τὴν
1522 3127 1713 3188 πόλιν,
1744 3166 1786 3222 c

122 3212 378 3293 Νεεμίας
406 3231 466 3268 τε
504 3216 916 3287 καταπεμφθεὶς
952 3217 1046 3271 τοῦ
1081 3218 1241 3287 ἔργου
1285 3218 1555 3290 προέστη,
1594 3220 1627 3290 ἡ
1658 3218 1716 3272 δὲ
1744 3204 1788 3223 ”

121 3306 392 3379 οἰκοδομὴ
423 3307 651 3362 πλατεία
685 3310 780 3362 καὶ⁵
810 3308 937 3379 περὶ
972 3311 1170 3379 τεῖχος,
1197 3308 1273 3371 ὡς
1300 3309 1680 3381 προεφητεύθη
1700 3326 1714 3342 ’

126 3398 392 3454 κάκεῖθεν
420 3400 743 3471 ἀριθμοῦσιν
771 3402 901 3472 ἡμῖν
935 3407 977 3453 ο¹
1016 3399 1312 3471 ὲϐδομάδες
1337 3401 1417 3464 εἰς
1444 3401 1539 3454 τὸν
1584 3403 1719 3474 Χρι-

128 3492 262 3546 στὸν
291 3492 688 3547 συντελοῦνται.

203 3607 272 3660 Ei
300 3606 409 3679 γὰρ
432 3606 650 3662 ἄλλοθέν
681 3606 845 3662 ποθεν
877 3607 1132 3680 ἀριθμεῖν
1160 3607 1467 3681 ἀρξαίμεθα
1503 3610 1598 3664 καὶ
1621 3610 1721 3664 οὐκ

128 3697 407 3758 ἐντεῦθεν,
444 3697 567 3752 οὔτε
618 3698 647 3750 ὁ
687 3700 878 3772 χρόνος
926 3699 1330 3772 συνδραμεῖται,
1366 3702 1461 3754 καὶ⁵
1493 3702 1720 3757 πλεῖστα

128 3788 315 3843 ἄτοπα
353 3789 657 3859 ἀπαντήσει
679 3805 694 3821 ·
739 3788 834 3843 ἐάν
868 3806 926 3842 τε
971 3790 1079 3861 γὰρ
1127 3790 1239 3843 ἀπὸ
1270 3789 1453 3862 Κύρου
1490 3791 1587 3844 καὶ⁵
1620 3791 1722 3861 τῆς

130 3875 364 3948 πρώτης
418 3878 790 3950 καταπομπῆς
841 3880 941 3952 τὴν
992 3879 1165 3952 ἀρχὴν
1222 3880 1575 3952 ποιησώμεθα
1621 3882 1721 3953 τῆς

129 3969 488 4041 ἀριθμήσεως
534 3969 641 4024 τῶν
676 3977 718 4025 o’
764 3970 1073 4043 ἑϐδομάδων
1096 4012 1111 4037 ,
1154 3972 1250 4044 ἔτη
1289 3980 1334 4046 ρ’
1370 3975 1463 4027 καὶ
1496 3975 1720 4045 προσέτι

130 4061 475 4133 περισσεύει,
505 4062 705 4118 πλείων
733 4064 790 4118 δὲ
823 4066 1035 4136 χρόνος,
1071 4069 1120 4121 εἰ
1154 4068 1247 4137 ἀφ’
1283 4063 1350 4139 ἧς
1382 4066 1599 4138 ἡμέρας
1642 4068 1722 4139 τῷ

130 4152 337 4225 Δανιὴλ
361 4156 391 4207 ό
422 4155 649 4225 ἄγγελος
670 4159 1095 4229 προεφήτευσεν,
1122 4158 1301 4228 πολλῷ
1324 4158 1381 4211 δὲ
1416 4157 1637 4224 πλείων,
1671 4161 1720 4213 εἰ

130 4242 232 4297 ἀπ’
271 4243 449 4315 ἀρχῆς
499 4246 599 4317 τῆς
646 4247 1050 4317 αἰχμαλωσίας·
1087 4249 1412 4320 εὑρίσκομεν
1467 4248 1574 4322 γὰρ
1621 4250 1720 4320 τὴν

131 4336 364 4407 Περσῶν
392 4337 666 4408 βασιλείαν
687 4340 862 4393 ἔτεσιν
894 4337 969 4394 σλ¹
1003 4340 1509 4414 περιγραφομένην,
1538 4342 1639 4412 τήν
1660 4357 1720 4393 τε

131 4426 462 4481 Μακεδόνων
488 4430 568 4492 εἰς
604 4428 700 4499 ἐτη
729 4427 773 4481 τ’
802 4429 1228 4501 παρατείνασαν,
1258 4430 1513 4484 κάκεῖθεν
1540 4432 1632 4484 ἐπὶ
1658 4430 1719 4483 τὸ

1822 570 1887 608 ea
1918 553 2192 623 pertinent
2217 562 2487 622 tempora,
2518 551 2681 607 nobis
2706 550 3090 607 disserendum
3114 561 3220 606 est.
3244 549 3407 618 Quod

1823 645 2045 715 quidem
2076 645 2144 700 de
2171 643 2379 700 Christi
2411 645 2649 698 adventu
2681 644 2797 698 haec
2823 644 3087 698 dicuntur
3118 652 3244 714 post
3274 644 3409 699 beb-

1822 737 2087 794 domades
2117 753 2219 791 Lxx
2251 737 2488 801 venturi,
2524 744 2774 807 apertum
2807 749 2912 792 est.
2955 736 3168 791 Etenim
3211 752 3242 791 a
3285 734 3410 791 Sal-

1823 831 2030 885 vatoris
2069 837 2318 900 tempore
2366 832 2774 885 inveterascunt
2808 829 3308 900 prazvaricationes,
3342 827 3408 884 ﬁ-

1823 937 1946 976 nem
1987 921 2264 991 accipiunt
2296 936 2393 991 per
2416 921 2845 988 redemptionem
2881 931 3127 989 peccata,
3151 919 3405 975 delentur

1822 1012 2231 1083 propitiationis
2281 1012 2554 1068 sacrilicio
2605 1012 2924 1080 iniquitates
2968 1027 3096 1065 eum
3146 1010 3408 1081 praevari-

1823 1104 2156 1167 cationibus,
2188 1113 2241 1157 et
2271 1118 2371 1173 pro
2412 1103 2549 1174 legis
2572 1102 2788 1172 justitia
2821 1104 3155 1172 sempiterna
3188 1116 3407 1157 annun-

1822 1196 1990 1249 tiatur
2012 1195 2252 1266 justitia,
2295 1197 2535 1251 visiones
2558 1195 2770 1249 scilicet
2799 1202 2854 1248 et
2886 1196 3188 1264 prophetiae
3229 1211 3407 1265 usque

1822 1288 1892 1341 ad
1940 1285 2243 1353 Joannem;
2291 1287 2515 1357 ungitur
2568 1285 2805 1355 Sanctus
2861 1295 3200 1342 sanctorum.
3264 1288 3421 1344 Ante-

1820 1381 1965 1434 enim
1995 1377 2298 1434 Salvatoris
2332 1379 2768 1434 incarnationem
2798 1378 2911 1431 haec
2942 1381 3182 1433 nondum
3222 1388 3404 1447 erant,

1823 1465 2202 1519 tantummodo
2230 1464 2716 1534 exspectabantur.
2745 1464 3027 1517 Annorum
3063 1466 3409 1535 supputatio-

1821 1573 1967 1623 nem,
1998 1573 2105 1612 Lxx
2140 1557 2348 1613 scilicet
2389 1555 2775 1621 liebdomades,
2806 1571 2900 1611 seu
2940 1570 3076 1610 cnxc
3109 1574 3305 1621 annos,
3329 1557 3411 1613 in-

1822 1650 1957 1721 cipit
1988 1651 2214 1721 angelus
2243 1670 2261 1702 ι
2295 1652 2365 1706 ab
2395 1650 2544 1705 exitu
2586 1649 2883 1713 sermonis,
2917 1657 2975 1703 ut
3006 1648 3204 1704 iterum
3235 1649 3408 1705 tediﬁ-

1823 1752 1978 1798 cetur
2004 1741 2330 1799 Jerusalem.
2366 1763 2385 1795 ι
2421 1741 2737 1796 Evenerunt
2766 1741 2882 1796 haec
2924 1743 3245 1798 Artaxerxis
3274 1743 3408 1800 Per-

1822 1852 2006 1892 sarum
2048 1836 2191 1907 regis
2234 1850 2379 1890 anno
2418 1835 2701 1890 vicesimo.
2751 1832 3042 1890 Nehemias
3088 1836 3256 1899 enim,
3285 1838 3406 1908 ejus

1820 1929 2105 1997 pincerna,
2134 1936 2391 1999 precatus
2417 1942 2743 1997 responsum
2774 1931 2985 1999 accepit
3019 1936 3078 1982 ut
3105 1930 3407 1987 aediﬁcare-

1820 2029 1912 2076 tur
1956 2019 2282 2086 Jerusalem,
2337 2030 2392 2077 et
2432 2021 2600 2076 exivit
2650 2035 2834 2075 sermo
2871 2020 2985 2075 haec
3043 2022 3404 2091 praecipiens;

1819 2116 2022 2170 etenim
2056 2131 2232 2185 usque
2258 2114 2324 2169 ad
2361 2114 2466 2169 boc
2499 2115 2763 2185 temporis
2790 2116 2925 2170 urbs
2959 2116 3176 2170 deserta
3204 2115 3402 2173 fuerat.

1819 2207 1965 2278 Cyro
1990 2216 2114 2279 post
2154 2208 2502 2278 septuaginta
2546 2208 2879 2277 captivitatis
2923 2223 3100 2264 annos
3128 2211 3405 2280 quoslibet

1820 2310 2017 2370 Sponte
2050 2302 2387 2363 remittente,
2424 2300 2514 2353 alii
2547 2316 2673 2353 cum
2706 2298 2838 2355 Jesu
2870 2316 3088 2355 summo
3118 2302 3406 2358 sacerdote

1818 2400 1873 2447 et
1899 2390 2198 2446 Zorobabel
2231 2391 2485 2462 profecti,
2516 2392 2607 2445 alii
2635 2391 2835 2447 deinde
2870 2408 2995 2446 cum
3036 2391 3230 2460 Esdra,
3267 2401 3406 2449 tem-

1819 2486 1969 2557 plum
2020 2485 2318 2555 quominus
2366 2483 2723 2547 mdiﬁcarent,
2772 2484 3160 2555 mmnibnsque
3214 2486 3406 2540 urbem

1818 2579 2123 2649 cingerent,
2179 2578 2357 2646 primo
2410 2576 2875 2647 impediebantur,
2929 2578 3088 2647 quasi
3144 2576 3251 2633 boc
3296 2594 3404 2632 non

1818 2671 2108 2740 imperato.
2145 2668 2536 2739 Exspectatum
2594 2680 2676 2724 est
2715 2668 2879 2739 igitur
2910 2684 3083 2738 usque
3113 2670 3180 2722 ad
3230 2667 3407 2724 Νειλο-

1819 2763 2006 2825 iniam,
2028 2761 2455 2830 Artaxerxisque
2483 2760 2632 2830 regni
2669 2758 2989 2813 vicesimum
3018 2774 3243 2822 annum,
3276 2758 3409 2814 Per-

1818 2868 2003 2908 sarum
2025 2860 2208 2908 autem
2239 2852 2447 2922 imperii
2479 2852 2730 2922 quintum
2769 2850 3042 2904 decimum
3084 2858 3137 2905 et
3166 2851 3405 2906 centesi-

1819 2960 1992 3009 mum,
2021 2959 2231 2998 CLxxxv
2261 2944 2328 2998 ab
2356 2951 2667 3014 oppugnata
2697 2941 2999 2997 Jerusalem
3041 2942 3221 2998 annis.
3250 2941 3405 2997 Tunc

1821 3050 1913 3090 rex
1933 3033 2265 3089 Artaxerxes
2289 3035 2474 3089 urbem
2498 3033 2751 3087 aediﬁcari
2767 3032 2954 3104 jussit,
2975 3035 3288 3105 missusque
3310 3034 3409 3089 Ne-

1819 3126 2028 3181 hemias
2067 3127 2160 3197 qui
2208 3127 2359 3196 operi
2392 3135 2687 3197 praeesset;
2723 3127 2847 3181 ideo
2874 3127 3138 3181 aediﬁcata
3174 3137 3257 3183 est
3285 3128 3407 3208 pla:

1819 3231 1926 3283 tea,
1960 3221 2273 3289 moeniaque
2301 3224 2510 3272 circum
2558 3217 2754 3271 educta
2787 3229 2936 3282 sunt,
2967 3217 3126 3287 juxta
3165 3218 3403 3289 prophe-

1821 3304 1950 3356 tiam
1981 3322 1994 3358 :
2025 3320 2092 3358 ex
2135 3319 2246 3374 quo
2284 3305 2444 3361 nobis
2486 3303 2554 3359 ad
2584 3301 2862 3359 Christum
2904 3320 3010 3358 Lxx
3040 3304 3415 3379 bebdomades.

1820 3406 1949 3450 sunt
1983 3395 2357 3450 numeranda.

1895 3594 1954 3652 Si
1983 3596 2128 3650 enim
2162 3597 2318 3651 aliter
2365 3612 2659 3653 numerare
2702 3599 3093 3669 inceperimus,
3125 3615 3229 3657 nec
3261 3608 3406 3657 tem-

1823 3703 1926 3758 pus
1979 3690 2266 3759 congruit,
2328 3691 2593 3759 pluraque
2641 3691 3024 3760 intempestive
3079 3700 3403 3749 occurrunt.

1821 3778 1956 3833 Nam
1988 3783 2035 3836 si
2059 3794 2089 3832 a
2120 3780 2263 3851 Cyro
2289 3780 2573 3850 primaque
2608 3780 2932 3835 dimissione
2972 3796 3078 3836 Lxx
3112 3782 3407 3837 hebdoma-

1823 3872 1954 3927 dum
2016 3888 2303 3926 numerum
2370 3880 2671 3942 supputare
2711 3871 3122 3941 inciperemus,
3180 3884 3401 3929 centum

1824 3964 1954 4018 anni
2000 3970 2319 4033 supersunt,
2365 3963 2664 4033 pluresque
2713 3964 2761 4019 si
2792 3963 2860 4018 ab
2891 3964 2984 4018 illa
3021 3964 3109 4020 die
3144 3980 3251 4036 qua
3292 3964 3405 4021 Da-

1824 4056 1952 4110 nieli
1981 4056 2210 4125 angelus
2253 4056 2672 4125 prophetizavit,
2727 4065 2782 4112 et
2813 4059 2985 4112 multo
3017 4058 3204 4128 plures
3235 4058 3404 4114 etiam

1824 4150 1869 4203 si
1922 4166 1950 4202 a
1985 4150 2321 4219 captivitatis
2352 4150 2528 4204 initio.
2562 4151 2880 4205 Invenimus
2929 4151 3073 4204 enim
3106 4149 3405 4206 Persarum

1824 4257 2051 4312 regnum
2100 4256 2276 4296 ccxxx
2331 4256 2604 4296 annorum
2657 4226 2836 4311 spatio
2884 4242 3403 4312 circumscriptum,

1823 4332 2180 4388 Macedonum
2211 4349 2339 4388 vero
2372 4349 2487 4397 ccc,
2519 4350 2585 4389 ex
2635 4350 2745 4403 quo
2794 4335 2863 4389 ad
2911 4333 3115 4390 Tiberii
3166 4335 3404 4394 Caesaris

1824 4439 2026 4479 annum
2060 4434 2275 4480 sextum
2312 4426 2584 4481 decimum
2638 4426 2920 4495 sexaginta
2950 4428 3081 4481 anni
3121 4427 3401 4484 emuxere.

133 4518 392 4590 Τιϐερίου
415 4520 688 4592 Καίσαρος
726 4521 842 4586 ἔτος
866 4523 1248 4577 ἑκκαιδέκατον
1278 4524 1356 4586 εἰς
1384 4523 1478 4595 ἔτη
1502 4522 1544 4590 ξ’
1564 4539 1579 4554 ο
1612 4521 1718 4576 ἀπὸ

1827 4514 1933 4570 Sed
1993 4518 2063 4570 ab
2129 4516 2434 4573 Artaxerxe
2486 4532 2590 4571 ιιι
2643 4517 3012 4573 bebdomades
3075 4518 3143 4572 ad
3196 4518 3403 4574 Christi

131 4609 192 4663 δὲ
229 4608 588 4683 Ἀρταξέρξου
609 4620 648 4665 o'
676 4613 965 4685 ἐϐδομάδες
989 4617 1068 4679 είς
1090 4616 1180 4668 τὸν
1212 4616 1306 4670 ὲπί
1332 4613 1566 4687 Χριστοῦ
1597 4631 1720 4668 συν-

133 4702 417 4757 τελοῦνται
445 4705 633 4776 χρόνον
666 4706 811 4759 κατὰ
853 4706 979 4770 τοὺς
996 4707 1259 4761 Ἰουδαίων
1279 4706 1563 4780 ἀριθμούς.
1582 4707 1715 4761 Ἀπὸ

131 4794 246 4865 γὰρ
278 4793 539 4864 Νεεμίου,
568 4794 626 4860 ὃς
678 4795 784 4849 ὑπὸ
829 4796 1185 4868 Ἀρταξέρξου
1226 4797 1324 4867 τὴν
1367 4796 1721 4869 Ἰερουσαλὴμ

132 4886 429 4939 ἁνοικίσων
458 4887 709 4959 ἐπέμφθη
730 4928 745 4950 ,
780 4887 890 4941 ἔτει
943 4887 1414 4959 πεντεκαιδεκάτῳ
1450 4889 1544 4942 καὶ
1594 4890 1721 4943 ἑκα-

135 4974 349 5046 στοστῴ
379 4974 480 5046 τῆς
507 4976 733 5046 Περσῶν
764 4976 1054 5048 βασιλείας,
1083 4977 1247 5031 αὐτοῦ
1268 4996 1326 5031 τε
1363 4976 1718 5051 Ἀρταξέρξου

136 5063 423 5135 βασιλείας
475 5066 707 5139 εἰκοστῷ
754 5067 864 5120 ἔτει
922 5068 1017 5122 καὶ
1086 5067 1446 5139 Ὀλυμπιάδος
1509 5067 1719 5138 (L40)

132 5157 501 5230 ὀγδοηκοστῆς
542 5159 733 5232 τρίτης
769 5158 878 5212 ἔτει
926 5159 1206 5231 τετάρτῳ,
1260 5161 1351 5214 ἐπὶ
1393 5158 1583 5213 τοῦτον
1629 5158 1720 5212 τὸν

132 5249 363 5320 χρόνον,
396 5250 456 5313 ὃς
504 5246 573 5321 ἦν
628 5251 986 5322 Ὀλυμπιάδος
1039 5252 1415 5319 διακοσιοστῆς
1459 5252 1721 5323 δευτέρας

132 5340 257 5405 ἔτος
281 5339 553 5413 δεύτερον,
584 5342 838 5415 Τιϐερίου
862 5343 920 5397 δὲ
958 5343 1240 5415 Καίσαρος
1268 5344 1565 5416 ἡγεμονίας
1598 5344 1721 5409 ἔτος

133 5431 562 5501 ἑκκαιδέκατον,
615 5434 707 5506 ἔτη
756 5430 1063 5505 συνάγεται’
1094 5434 1221 5499 υοε’,
1259 5436 1401 5508 ἆπερ
1456 5436 1721 5508 Ἑϐραϊκὰ

130 5527 461 5599 τετρακόσια
508 5530 830 5601 ἐνενήκοντα
861 5529 955 5601 ἔτη
998 5530 1207 5599 γίνεται
1238 5533 1379 5585 κατὰ
1422 5530 1513 5584 τὸν
1565 5530 1722 5600 σελη-

133 5621 285 5673 ναῖον
320 5619 466 5690 μῆνα
495 5621 620 5685 τοὺς
652 5622 932 5685 ἐνιαυτοὺς
966 5622 1186 5676 ἐκείνων
1213 5621 1717 5695 ὲξαριθμουμένων,

133 5712 195 5775 ὃς
237 5712 408 5778 ἐστιν,
437 5712 512 5777 ὡς
547 5714 838 5786 πρόχειρον
868 5717 1063 5775 εἰπεῖν.
1090 5714 1309 5785 ἡμερῶν
1354 5714 1523 5767 εἰκόσι
1566 5712 1721 5766 ὲννέα

134 5803 307 5875 ἥμισυ
326 5820 341 5833 ·
360 5803 535 5870 οὕτως
554 5805 646 5860 τοῦ
670 5805 868 5861 κύκλου
896 5807 1232 5875 ὑπάρχοντος
1259 5807 1479 5874 ἡμερῶν
1512 5806 1614 5871 τξε]
1634 5824 1723 5859 τε·

1823 4615 2040 4677 tempus
2096 4608 2254 4678 juxta
2311 4606 2624 4662 Iudaeorum
2686 4624 2945 4664 numeros
3008 4624 3403 4665 consumman-

1823 4705 1931 4751 tur.
1966 4696 2179 4750 Etenim
2223 4711 2253 4749 a
2297 4695 2575 4760 Nebemia,
2624 4714 2786 4767 quem
2821 4698 3152 4757 Artaxerxes
3199 4702 3267 4756 ad
3316 4702 3401 4756 in-

1822 4790 2175 4846 staurandam
2192 4786 2496 4843 Jerusalem
2525 4789 2858 4854 misit,aunn
2884 4792 3076 4861 quinto
3110 4794 3325 4849 decimo
3347 4803 3401 4849 et

1822 4884 2124 4939 centesimo
2169 4881 2461 4937 Persarum
2519 4883 2692 4952 regni,
2745 4882 3030 4955 ipsiusque
3080 4886 3401 4942 Artaxerxis

1822 4976 1974 5046 regni
2009 4974 2273 5030 vicesimo
2313 4987 2480 5035 anno,
2511 4972 2840 5044 olympiadis
2889 4991 3020 5030 vero
3056 4981 3410 5049 octogesima?

1823 5070 1996 5123 tertiae
2046 5082 2192 5122 anno
2222 5078 2440 5137 quarto,
2480 5080 2655 5136 usque
2707 5066 2776 5121 ad
2806 5066 2913 5122 hoc
2942 5066 3177 5138 tempus,
3224 5072 3402 5140 olym-

1823 5164 2002 5236 piadis
2064 5163 2277 5220 scilicet
2335 5162 2728 5218 ducentesima:
2789 5162 3042 5220 secundae
3096 5180 3300 5217 annum
3336 5180 3398 5228 ιι,

1823 5256 2034 5328 imperii
2080 5270 2210 5311 vero
2246 5253 2451 5310 Tiberii
2486 5253 2720 5311 Caesaris
2776 5270 2981 5310 annum
3012 5264 3226 5311 sextum
3253 5256 3402 5311 deci~

1823 5364 1995 5411 mum,
2044 5347 2172 5401 anni
2236 5345 2408 5417 elapsi
2451 5353 2581 5401 sunt
2632 5361 2867 5410 anxxv,
2917 5346 3001 5402 vel
3060 5360 3197 5401 cnxc
3240 5346 3399 5415 juxta

1823 5440 2082 5495 Hebraeos
2116 5439 2397 5494 mensibus
2427 5454 2630 5494 annum
2678 5438 2966 5494 lunaribus
3024 5447 3398 5505 numerantes,

1822 5532 1915 5602 qui
1947 5539 2077 5587 sunt
2099 5531 2312 5587 dierum
2345 5545 2473 5584 xxix
2505 5537 2558 5583 et
2578 5528 2790 5584 dimidii
2814 5548 2830 5596 ;
2855 5544 2978 5583 cum
3010 5530 3178 5600 igitur
3197 5545 3401 5586 ccccxx

1823 5623 2035 5679 dierum
2068 5631 2123 5677 et
2153 5622 2477 5693 quadrantis
2517 5622 2589 5675 sit
2618 5621 2746 5675 anni
2780 5622 2990 5692 cyclus,
3024 5622 3270 5675 lunarem
3302 5637 3403 5675 an-

1823 5732 1954 5771 num
1972 5714 2226 5770 undecim
2258 5712 2474 5769 excedit
2501 5712 2715 5778 diebus,
2735 5721 2787 5768 et
2809 5712 3132 5784 quadrante.
3149 5712 3402 5785 Quapro-

1827 5815 1944 5865 oter
1974 5804 2149 5861 Grteci
2178 5811 2232 5859 et
2263 5803 2436 5859 Judaei
2470 5803 2842 5860 embolimmos
2873 5811 2984 5861 tres
3014 5820 3235 5862 menses
3275 5811 3402 5862 octo
