  <div class='ocr_page' id='page_1' title='image "/cluster/home/n/w/nwhite01/storage/ocr_20150623/22/nnc1.0046978372/645.png"; bbox 0 0 3814 6220; ppageno 0'>
   <div class='ocr_carea' id='block_1_1' title="bbox 412 304 1918 389">
    <p class='ocr_par' dir='ltr' id='par_1_1' title="bbox 412 306 1878 389">
     <span class='ocr_line' id='line_1_1' title="bbox 412 306 1878 389; baseline -0.003 -22"><span class='ocrx_word' id='word_1_1' title='bbox 412 310 441 367; x_wconf 70' lang='grc'><strong>1</strong></span> <span class='ocrx_word' id='word_1_2' title='bbox 456 312 472 365; x_wconf 91' lang='lat' dir='ltr'><strong>l</strong></span> <span class='ocrx_word' id='word_1_3' title='bbox 485 309 552 365; x_wconf 73' lang='grc' dir='ltr'>το</span> <span class='ocrx_word' id='word_1_4' title='bbox 1081 308 1173 369; x_wconf 81' lang='lat' dir='ltr'><strong>EU</strong></span> <span class='ocrx_word' id='word_1_5' title='bbox 1182 308 1356 367; x_wconf 86' lang='lat' dir='ltr'><strong>SEBll</strong></span> <span class='ocrx_word' id='word_1_6' title='bbox 1395 306 1878 389; x_wconf 62' lang='lat' dir='ltr'><strong>CESARIENSIS</strong></span> 
     </span>
    </p>
   </div>
   <div class='ocr_carea' id='block_1_2' title="bbox 2197 304 3703 389">
    <p class='ocr_par' dir='ltr' id='par_1_2' title="bbox 2197 304 3703 365">
     <span class='ocr_line' id='line_1_2' title="bbox 2197 304 3703 365; baseline -0.001 -1"><span class='ocrx_word' id='word_1_7' title='bbox 2197 306 2324 365; x_wconf 68' lang='grc' dir='ltr'>ιιιε.</span> <span class='ocrx_word' id='word_1_8' title='bbox 2363 306 2451 363; x_wconf 88' lang='lat' dir='ltr'><strong>lll.</strong></span> <span class='ocrx_word' id='word_1_9' title='bbox 2492 338 2560 349; x_wconf 90' lang='lat'>—</span> <span class='ocrx_word' id='word_1_10' title='bbox 2596 304 3008 363; x_wconf 79' lang='lat' dir='ltr'><strong>EXEGETICA.</strong></span> <span class='ocrx_word' id='word_1_11' title='bbox 3565 305 3703 363; x_wconf 71' lang='grc' dir='ltr'>ίιεο</span> 
     </span>
    </p>
   </div>
   <div class='ocr_carea' id='block_1_3' title="bbox 410 422 1916 502">
    <p class='ocr_par' dir='ltr' id='par_1_3' title="bbox 410 425 1916 499">
     <span class='ocr_line' id='line_1_3' title="bbox 410 425 1916 499; baseline 0 -17"><span class='ocrx_word' id='word_1_12' title='bbox 410 428 573 483; x_wconf 73' lang='lat' dir='ltr'><strong>annis</strong></span> <span class='ocrx_word' id='word_1_13' title='bbox 604 425 1015 496; x_wconf 82' lang='lat' dir='ltr'><strong>superaddunt;</strong></span> <span class='ocrx_word' id='word_1_14' title='bbox 1046 442 1286 499; x_wconf 80' lang='lat' dir='ltr'><strong>namque</strong></span> <span class='ocrx_word' id='word_1_15' title='bbox 1299 428 1475 483; x_wconf 85' lang='lat' dir='ltr'><strong>octies</strong></span> <span class='ocrx_word' id='word_1_16' title='bbox 1507 426 1764 483; x_wconf 82' lang='lat' dir='ltr'><strong>undecim</strong></span> <span class='ocrx_word' id='word_1_17' title='bbox 1778 436 1835 483; x_wconf 88' lang='lat' dir='ltr'><strong>et</strong></span> <span class='ocrx_word' id='word_1_18' title='bbox 1864 444 1916 498; x_wconf 81' lang='grc' dir='ltr'><strong>(ιι</strong></span> 
     </span>
    </p>
   </div>
   <div class='ocr_carea' id='block_1_4' title="bbox 2198 422 3704 502">
    <p class='ocr_par' dir='ltr' id='par_1_4' title="bbox 2198 422 3704 500">
     <span class='ocr_line' id='line_1_4' title="bbox 2198 422 3704 500; baseline -0.001 -17"><span class='ocrx_word' id='word_1_19' title='bbox 2198 446 2301 483; x_wconf 63' lang='grc' dir='ltr'>’του</span> <span class='ocrx_word' id='word_1_20' title='bbox 2329 428 2430 500; x_wconf 78' lang='grc' dir='ltr'>τὴν</span> <span class='ocrx_word' id='word_1_21' title='bbox 2458 428 2600 483; x_wconf 77' lang='grc' dir='ltr'>κατὰ</span> <span class='ocrx_word' id='word_1_22' title='bbox 2620 427 2849 500; x_wconf 80' lang='grc' dir='ltr'><strong>σελήνην</strong></span> <span class='ocrx_word' id='word_1_23' title='bbox 2875 424 3255 497; x_wconf 80' lang='grc' dir='ltr'><strong>δωδεκάμηνον</strong></span> <span class='ocrx_word' id='word_1_24' title='bbox 3283 422 3704 495; x_wconf 60' lang='grc' dir='ltr'>παραλλάσσειν</span> 
     </span>
    </p>
   </div>
   <div class='ocr_carea' id='block_1_5' title="bbox 408 518 1914 595">
    <p class='ocr_par' dir='ltr' id='par_1_5' title="bbox 408 519 1914 592">
     <span class='ocr_line' id='line_1_5' title="bbox 408 519 1914 592; baseline -0.001 -15"><span class='ocrx_word' id='word_1_25' title='bbox 408 521 579 577; x_wconf 80' lang='lat' dir='ltr'><strong>drnns</strong></span> <span class='ocrx_word' id='word_1_26' title='bbox 627 531 740 576; x_wconf 88' lang='lat' dir='ltr'><strong>tres</strong></span> <span class='ocrx_word' id='word_1_27' title='bbox 784 519 1024 576; x_wconf 82' lang='lat' dir='ltr'><strong>cilicium</strong></span> <span class='ocrx_word' id='word_1_28' title='bbox 1076 535 1315 576; x_wconf 85' lang='lat' dir='ltr'><strong>menses.</strong></span> <span class='ocrx_word' id='word_1_29' title='bbox 1382 520 1525 575; x_wconf 81' lang='lat' dir='ltr'><strong>Anni</strong></span> <span class='ocrx_word' id='word_1_30' title='bbox 1582 521 1750 592; x_wconf 71' lang='lat' dir='ltr'><strong>igitur</strong></span> <span class='ocrx_word' id='word_1_31' title='bbox 1787 535 1914 575; x_wconf 78' lang='grc' dir='ltr'>οοιι</span> 
     </span>
    </p>
   </div>
   <div class='ocr_carea' id='block_1_6' title="bbox 2198 518 3704 595">
    <p class='ocr_par' dir='ltr' id='par_1_6' title="bbox 2198 518 3704 595">
     <span class='ocr_line' id='line_1_6' title="bbox 2198 518 3704 595; baseline -0.003 -19"><span class='ocrx_word' id='word_1_32' title='bbox 2198 523 2345 595; x_wconf 88' lang='grc' dir='ltr'>ίραις</span> <span class='ocrx_word' id='word_1_33' title='bbox 2376 521 2569 576; x_wconf 80' lang='grc' dir='ltr'>ἐνδέκα</span> <span class='ocrx_word' id='word_1_34' title='bbox 2599 521 2695 576; x_wconf 78' lang='grc' dir='ltr'>καὶ</span> <span class='ocrx_word' id='word_1_35' title='bbox 2714 521 2981 592; x_wconf 81' lang='grc' dir='ltr'>τετάρτῳ.</span> <span class='ocrx_word' id='word_1_36' title='bbox 3009 519 3108 573; x_wconf 77' lang='grc' dir='ltr'>Διά</span> <span class='ocrx_word' id='word_1_37' title='bbox 3131 518 3291 573; x_wconf 82' lang='grc' dir='ltr'>τοῦτο</span> <span class='ocrx_word' id='word_1_38' title='bbox 3316 520 3415 574; x_wconf 77' lang='grc' dir='ltr'>καὶ</span> <span class='ocrx_word' id='word_1_39' title='bbox 3438 519 3704 590; x_wconf 80' lang='grc' dir='ltr'>Ἕλληνες</span> 
     </span>
    </p>
   </div>
   <div class='ocr_carea' id='block_1_7' title="bbox 409 612 1915 693">
    <p class='ocr_par' dir='ltr' id='par_1_7' title="bbox 409 612 1913 679">
     <span class='ocr_line' id='line_1_7' title="bbox 409 612 1913 679; baseline -0.001 -10"><span class='ocrx_word' id='word_1_40' title='bbox 409 613 582 669; x_wconf 92' lang='lat' dir='ltr'><strong>octies</strong></span> <span class='ocrx_word' id='word_1_41' title='bbox 635 627 724 668; x_wconf 75' lang='grc' dir='ltr'><strong>ιιι</strong></span> <span class='ocrx_word' id='word_1_42' title='bbox 770 612 1073 679; x_wconf 87' lang='lat' dir='ltr'><strong>continent,</strong></span> <span class='ocrx_word' id='word_1_43' title='bbox 1135 620 1190 667; x_wconf 86' lang='lat' dir='ltr'><strong>et</strong></span> <span class='ocrx_word' id='word_1_44' title='bbox 1241 620 1357 668; x_wconf 87' lang='lat' dir='ltr'><strong>tres</strong></span> <span class='ocrx_word' id='word_1_45' title='bbox 1388 628 1608 669; x_wconf 78' lang='lat' dir='ltr'><strong>menses</strong></span> <span class='ocrx_word' id='word_1_46' title='bbox 1674 612 1913 667; x_wconf 86' lang='lat' dir='ltr'><strong>embolin</strong></span> 
     </span>
    </p>
   </div>
   <div class='ocr_carea' id='block_1_8' title="bbox 2198 612 3704 693">
    <p class='ocr_par' dir='ltr' id='par_1_8' title="bbox 2198 616 3704 693">
     <span class='ocr_line' id='line_1_8' title="bbox 2198 616 3704 693; baseline -0.001 -21"><span class='ocrx_word' id='word_1_47' title='bbox 2198 657 2203 671; x_wconf 90' lang='lat'><strong>.</strong></span> <span class='ocrx_word' id='word_1_48' title='bbox 2242 617 2483 672; x_wconf 83' lang='grc' dir='ltr'>Ἰουδαῖοι</span> <span class='ocrx_word' id='word_1_49' title='bbox 2512 621 2661 693; x_wconf 82' lang='grc' dir='ltr'><strong>τρεῖς</strong></span> <span class='ocrx_word' id='word_1_50' title='bbox 2720 618 2895 690; x_wconf 82' lang='grc' dir='ltr'>μῆνας</span> <span class='ocrx_word' id='word_1_51' title='bbox 2937 616 3268 689; x_wconf 83' lang='grc' dir='ltr'>ἐμϐολίμους</span> <span class='ocrx_word' id='word_1_52' title='bbox 3315 617 3506 671; x_wconf 86' lang='grc' dir='ltr'>ἐτεσιν</span> <span class='ocrx_word' id='word_1_53' title='bbox 3559 616 3704 671; x_wconf 76' lang='grc' dir='ltr'><strong>ὀκτὼ</strong></span> 
     </span>
    </p>
   </div>
   <div class='ocr_carea' id='block_1_9' title="bbox 408 704 1914 781">
    <p class='ocr_par' dir='ltr' id='par_1_9' title="bbox 408 704 1914 776">
     <span class='ocr_line' id='line_1_9' title="bbox 408 704 1914 776; baseline -0.004 -15"><span class='ocrx_word' id='word_1_54' title='bbox 408 707 610 775; x_wconf 81' lang='lat' dir='ltr'><strong>cuique</strong></span> <span class='ocrx_word' id='word_1_55' title='bbox 639 711 835 759; x_wconf 82' lang='lat' dir='ltr'><strong>octavo</strong></span> <span class='ocrx_word' id='word_1_56' title='bbox 859 719 1007 760; x_wconf 83' lang='lat' dir='ltr'><strong>anno</strong></span> <span class='ocrx_word' id='word_1_57' title='bbox 1030 704 1224 768; x_wconf 89' lang='lat' dir='ltr'><strong>additi,</strong></span> <span class='ocrx_word' id='word_1_58' title='bbox 1254 706 1426 761; x_wconf 77' lang='lat' dir='ltr'><strong>ferme</strong></span> <span class='ocrx_word' id='word_1_59' title='bbox 1455 705 1771 776; x_wconf 86' lang='lat' dir='ltr'><strong>quindecim</strong></span> <span class='ocrx_word' id='word_1_60' title='bbox 1795 722 1914 761; x_wconf 48' lang='lat' dir='ltr'><strong>anni</strong></span> 
     </span>
    </p>
   </div>
   <div class='ocr_carea' id='block_1_10' title="bbox 2200 704 3706 781">
    <p class='ocr_par' dir='ltr' id='par_1_10' title="bbox 2200 707 3706 781">
     <span class='ocr_line' id='line_1_10' title="bbox 2200 707 3706 781; baseline -0.001 -19"><span class='ocrx_word' id='word_1_61' title='bbox 2200 708 2582 780; x_wconf 72' lang='grc' dir='ltr'>οεμϐἀλλουσιν</span> <span class='ocrx_word' id='word_1_62' title='bbox 2600 727 2614 741; x_wconf 79' lang='grc'><em>’</em></span> <span class='ocrx_word' id='word_1_63' title='bbox 2635 711 2825 764; x_wconf 83' lang='grc' dir='ltr'>ὀκτὰκι</span> <span class='ocrx_word' id='word_1_64' title='bbox 2848 711 2958 781; x_wconf 88' lang='grc' dir='ltr'><strong>γάρ</strong></span> <span class='ocrx_word' id='word_1_65' title='bbox 2985 709 3055 764; x_wconf 85' lang='grc' dir='ltr'>τὰ</span> <span class='ocrx_word' id='word_1_66' title='bbox 3080 708 3271 763; x_wconf 71' lang='grc' dir='ltr'>ἕνδεκα</span> <span class='ocrx_word' id='word_1_67' title='bbox 3304 710 3405 763; x_wconf 78' lang='grc' dir='ltr'>καὶ</span> <span class='ocrx_word' id='word_1_68' title='bbox 3436 707 3706 779; x_wconf 74' lang='grc' dir='ltr'>τέταρτον</span> 
     </span>
    </p>
   </div>
   <div class='ocr_carea' id='block_1_11' title="bbox 409 797 1915 873">
    <p class='ocr_par' dir='ltr' id='par_1_11' title="bbox 409 797 1915 870">
     <span class='ocr_line' id='line_1_11' title="bbox 409 797 1915 870; baseline 0.001 -20"><span class='ocrx_word' id='word_1_69' title='bbox 409 797 764 868; x_wconf 79' lang='lat' dir='ltr'><strong>paucissimis</strong></span> <span class='ocrx_word' id='word_1_70' title='bbox 808 798 1052 867; x_wconf 80' lang='lat' dir='ltr'><strong>exceptis</strong></span> <span class='ocrx_word' id='word_1_71' title='bbox 1095 797 1313 860; x_wconf 80' lang='lat' dir='ltr'><strong>diebus,</strong></span> <span class='ocrx_word' id='word_1_72' title='bbox 1365 798 1665 869; x_wconf 90' lang='lat' dir='ltr'><strong>complent.</strong></span> <span class='ocrx_word' id='word_1_73' title='bbox 1707 797 1799 853; x_wconf 89' lang='lat' dir='ltr'><strong>Sic</strong></span> <span class='ocrx_word' id='word_1_74' title='bbox 1831 798 1915 870; x_wconf 76' lang='lat' dir='ltr'><strong>igil</strong></span> 
     </span>
    </p>
   </div>
   <div class='ocr_carea' id='block_1_12' title="bbox 2200 797 3706 873">
    <p class='ocr_par' dir='ltr' id='par_1_12' title="bbox 2201 799 3706 873">
     <span class='ocr_line' id='line_1_12' title="bbox 2201 799 3706 873; baseline 0.001 -19"><span class='ocrx_word' id='word_1_75' title='bbox 2201 803 2251 854; x_wconf 78' lang='grc' dir='ltr'><strong>εί</strong></span> <span class='ocrx_word' id='word_1_76' title='bbox 2296 802 2581 873; x_wconf 87' lang='grc' dir='ltr'>τρίμηνον.</span> <span class='ocrx_word' id='word_1_77' title='bbox 2650 801 2732 856; x_wconf 88' lang='grc' dir='ltr'><strong>Τά</strong></span> <span class='ocrx_word' id='word_1_78' title='bbox 2781 803 2961 856; x_wconf 78' lang='grc' dir='ltr'><strong>τοίνυν</strong></span> <span class='ocrx_word' id='word_1_79' title='bbox 3010 808 3120 855; x_wconf 85' lang='grc' dir='ltr'>υοε¹</span> <span class='ocrx_word' id='word_1_80' title='bbox 3164 801 3259 873; x_wconf 76' lang='grc' dir='ltr'>ἐτη</span> <span class='ocrx_word' id='word_1_81' title='bbox 3306 799 3706 872; x_wconf 82' lang='grc' dir='ltr'>ὀκταετηρίδες</span> 
     </span>
    </p>
   </div>
   <div class='ocr_carea' id='block_1_13' title="bbox 408 887 1914 965">
    <p class='ocr_par' dir='ltr' id='par_1_13' title="bbox 408 887 1664 945">
     <span class='ocr_line' id='line_1_13' title="bbox 408 887 1664 945; baseline 0.002 -4"><span class='ocrx_word' id='word_1_82' title='bbox 408 902 620 943; x_wconf 71' lang='lat' dir='ltr'><strong>cnuxv</strong></span> <span class='ocrx_word' id='word_1_83' title='bbox 648 887 810 943; x_wconf 87' lang='lat' dir='ltr'><strong>annis</strong></span> <span class='ocrx_word' id='word_1_84' title='bbox 841 903 948 943; x_wconf 72' lang='grc' dir='ltr'><strong>ιιι</strong></span> <span class='ocrx_word' id='word_1_85' title='bbox 976 895 1233 943; x_wconf 83' lang='lat' dir='ltr'><strong>constant</strong></span> <span class='ocrx_word' id='word_1_86' title='bbox 1274 889 1664 945; x_wconf 85' lang='lat' dir='ltr'><strong>hebdomades.</strong></span> 
     </span>
    </p>
   </div>
   <div class='ocr_carea' id='block_1_14' title="bbox 2202 887 3708 965">
    <p class='ocr_par' dir='ltr' id='par_1_14' title="bbox 2202 890 3708 965">
     <span class='ocr_line' id='line_1_14' title="bbox 2202 890 3708 965; baseline -0.001 -20"><span class='ocrx_word' id='word_1_87' title='bbox 2202 909 2348 946; x_wconf 87' lang='grc' dir='ltr'>ονται</span> <span class='ocrx_word' id='word_1_88' title='bbox 2392 892 2489 958; x_wconf 79' lang='grc' dir='ltr'>νϐ’,</span> <span class='ocrx_word' id='word_1_89' title='bbox 2541 894 2635 947; x_wconf 80' lang='grc' dir='ltr'>καὶ</span> <span class='ocrx_word' id='word_1_90' title='bbox 2683 894 2851 965; x_wconf 80' lang='grc' dir='ltr'>μῆνες</span> <span class='ocrx_word' id='word_1_91' title='bbox 2883 892 2954 962; x_wconf 82' lang='grc' dir='ltr'>γ’,</span> <span class='ocrx_word' id='word_1_92' title='bbox 3000 893 3076 958; x_wconf 86' lang='grc' dir='ltr'>ὠς</span> <span class='ocrx_word' id='word_1_93' title='bbox 3118 893 3386 964; x_wconf 81' lang='grc' dir='ltr'><strong>τριμήνου</strong></span> <span class='ocrx_word' id='word_1_94' title='bbox 3436 890 3503 945; x_wconf 75' lang='grc' dir='ltr'>δὲ</span> <span class='ocrx_word' id='word_1_95' title='bbox 3544 890 3708 961; x_wconf 81' lang='grc' dir='ltr'>ἐμϐο-</span> 
     </span>
    </p>
   </div>
   <div class='ocr_carea' id='block_1_15' title="bbox 408 984 3707 1060">
    <p class='ocr_par' dir='ltr' id='par_1_15' title="bbox 408 984 3707 1060">
     <span class='ocr_line' id='line_1_15' title="bbox 408 984 3707 1060; baseline 0.001 -22"><span class='ocrx_word' id='word_1_96' title='bbox 408 984 568 1055; x_wconf 88' lang='grc' dir='ltr'>λίμου</span> <span class='ocrx_word' id='word_1_97' title='bbox 595 988 660 1056; x_wconf 79' lang='grc' dir='ltr'><strong>τῇ</strong></span> <span class='ocrx_word' id='word_1_98' title='bbox 687 985 967 1057; x_wconf 78' lang='grc' dir='ltr'>ὀκταετίᾳ,</span> <span class='ocrx_word' id='word_1_99' title='bbox 995 984 1236 1053; x_wconf 84' lang='grc' dir='ltr'>γίνονται</span> <span class='ocrx_word' id='word_1_100' title='bbox 1270 985 1365 1055; x_wconf 66' lang='grc' dir='ltr'>ἐτη</span> <span class='ocrx_word' id='word_1_101' title='bbox 1390 984 1785 1039; x_wconf 73' lang='grc' dir='ltr'>πεντεκαίδεκα</span> <span class='ocrx_word' id='word_1_102' title='bbox 1811 984 2008 1055; x_wconf 79' lang='grc' dir='ltr'><strong>ὀλίγων</strong></span> <span class='ocrx_word' id='word_1_103' title='bbox 2041 987 2267 1060; x_wconf 74' lang='grc' dir='ltr'>ἡμερῶν</span> <span class='ocrx_word' id='word_1_104' title='bbox 2296 988 2595 1043; x_wconf 83' lang='grc' dir='ltr'>ἀποδέοντα</span> <span class='ocrx_word' id='word_1_105' title='bbox 2623 989 2862 1058; x_wconf 76' lang='grc' dir='ltr'>γίνεταιο</span> <span class='ocrx_word' id='word_1_106' title='bbox 2893 988 3065 1043; x_wconf 74' lang='grc' dir='ltr'>ταῦτα</span> <span class='ocrx_word' id='word_1_107' title='bbox 3082 988 3140 1042; x_wconf 83' lang='grc' dir='ltr'>δὲ</span> <span class='ocrx_word' id='word_1_108' title='bbox 3168 989 3306 1060; x_wconf 77' lang='grc' dir='ltr'>πρὸς</span> <span class='ocrx_word' id='word_1_109' title='bbox 3369 991 3493 1051; x_wconf 82' lang='grc' dir='ltr'>τοῖς</span> <span class='ocrx_word' id='word_1_110' title='bbox 3560 989 3707 1058; x_wconf 80' lang='grc' dir='ltr'>(υ)οε’</span> 
     </span>
    </p>
   </div>
   <div class='ocr_carea' id='block_1_16' title="bbox 409 1070 1484 1153">
    <p class='ocr_par' dir='ltr' id='par_1_16' title="bbox 409 1070 1484 1153">
     <span class='ocr_line' id='line_1_16' title="bbox 409 1070 1484 1153; baseline -0.002 -16"><span class='ocrx_word' id='word_1_111' title='bbox 409 1081 587 1137; x_wconf 74' lang='grc' dir='ltr'>ῑτεσιν</span> <span class='ocrx_word' id='word_1_112' title='bbox 609 1083 665 1136; x_wconf 84' lang='grc' dir='ltr'><strong>αἱ</strong></span> <span class='ocrx_word' id='word_1_113' title='bbox 693 1087 734 1135; x_wconf 87' lang='grc' dir='ltr'><strong>ο¹</strong></span> <span class='ocrx_word' id='word_1_114' title='bbox 762 1080 1058 1153; x_wconf 88' lang='grc' dir='ltr'>ἐϐδομάδες</span> <span class='ocrx_word' id='word_1_115' title='bbox 1083 1070 1484 1136; x_wconf 64' lang='grc' dir='ltr'>συντελοῦνέαι.</span> 
     </span>
    </p>
   </div>
   <div class='ocr_carea' id='block_1_17' title="bbox 482 1194 1988 1269">
    <p class='ocr_par' dir='ltr' id='par_1_17' title="bbox 482 1197 1988 1269">
     <span class='ocr_line' id='line_1_17' title="bbox 482 1197 1988 1269; baseline -0.001 -16"><span class='ocrx_word' id='word_1_116' title='bbox 482 1198 607 1254; x_wconf 64' lang='lat' dir='ltr'><strong>Haec</strong></span> <span class='ocrx_word' id='word_1_117' title='bbox 643 1198 861 1269; x_wconf 81' lang='lat' dir='ltr'><strong>quidem</strong></span> <span class='ocrx_word' id='word_1_118' title='bbox 896 1200 952 1252; x_wconf 90' lang='lat' dir='ltr'><strong>in</strong></span> <span class='ocrx_word' id='word_1_119' title='bbox 983 1198 1130 1254; x_wconf 89' lang='lat' dir='ltr'><strong>hunc</strong></span> <span class='ocrx_word' id='word_1_120' title='bbox 1164 1198 1344 1253; x_wconf 94' lang='lat' dir='ltr'><strong>locum</strong></span> <span class='ocrx_word' id='word_1_121' title='bbox 1376 1197 1672 1252; x_wconf 79' lang='lat' dir='ltr'><strong>Africanus</strong></span> <span class='ocrx_word' id='word_1_122' title='bbox 1709 1197 1988 1254; x_wconf 86' lang='lat' dir='ltr'><strong>disseruit.</strong></span> 
     </span>
    </p>
   </div>
   <div class='ocr_carea' id='block_1_18' title="bbox 2202 1194 3708 1269">
    <p class='ocr_par' dir='ltr' id='par_1_18' title="bbox 2202 1194 3708 1268">
     <span class='ocr_line' id='line_1_18' title="bbox 2202 1194 3708 1268; baseline -0.001 -19"><span class='ocrx_word' id='word_1_123' title='bbox 2202 1196 2359 1251; x_wconf 64' lang='grc' dir='ltr'>Ταῦτα</span> <span class='ocrx_word' id='word_1_124' title='bbox 2404 1197 2502 1268; x_wconf 79' lang='grc' dir='ltr'>μὲν</span> <span class='ocrx_word' id='word_1_125' title='bbox 2534 1197 2562 1251; x_wconf 99' lang='lat'><strong>6</strong></span> <span class='ocrx_word' id='word_1_126' title='bbox 2593 1194 2961 1268; x_wconf 78' lang='grc' dir='ltr'>προδηλωθεὶς</span> <span class='ocrx_word' id='word_1_127' title='bbox 3007 1194 3149 1268; x_wconf 79' lang='grc' dir='ltr'>ἀνὴρ</span> <span class='ocrx_word' id='word_1_128' title='bbox 3195 1196 3279 1259; x_wconf 88' lang='grc' dir='ltr'><strong>είς</strong></span> <span class='ocrx_word' id='word_1_129' title='bbox 3324 1195 3459 1259; x_wconf 70' lang='grc' dir='ltr'>τοὺς</span> <span class='ocrx_word' id='word_1_130' title='bbox 3502 1195 3708 1260; x_wconf 81' lang='grc' dir='ltr'>τόπους</span> 
     </span>
    </p>
   </div>
   <div class='ocr_carea' id='block_1_19' title="bbox 408 1287 1914 1362">
    <p class='ocr_par' dir='ltr' id='par_1_19' title="bbox 408 1287 1879 1362">
     <span class='ocr_line' id='line_1_19' title="bbox 408 1287 1879 1362; baseline -0.001 -15"><span class='ocrx_word' id='word_1_131' title='bbox 408 1287 707 1347; x_wconf 72' lang='lat' dir='ltr'><strong>Videamus</strong></span> <span class='ocrx_word' id='word_1_132' title='bbox 737 1298 791 1345; x_wconf 89' lang='lat' dir='ltr'><strong>et</strong></span> <span class='ocrx_word' id='word_1_133' title='bbox 824 1308 947 1356; x_wconf 89' lang='lat' dir='ltr'><strong>nos,</strong></span> <span class='ocrx_word' id='word_1_134' title='bbox 994 1300 1118 1362; x_wconf 90' lang='lat' dir='ltr'><strong>post</strong></span> <span class='ocrx_word' id='word_1_135' title='bbox 1160 1291 1300 1346; x_wconf 90' lang='lat' dir='ltr'><strong>hanc</strong></span> <span class='ocrx_word' id='word_1_136' title='bbox 1346 1292 1879 1359; x_wconf 86' lang='lat' dir='ltr'><strong>interpretationem,</strong></span> 
     </span>
    </p>
   </div>
   <div class='ocr_carea' id='block_1_20' title="bbox 2202 1287 3708 1362">
    <p class='ocr_par' dir='ltr' id='par_1_20' title="bbox 2202 1288 3708 1362">
     <span class='ocr_line' id='line_1_20' title="bbox 2202 1288 3708 1362; baseline -0.001 -19"><span class='ocrx_word' id='word_1_137' title='bbox 2202 1291 2494 1361; x_wconf 79' lang='grc' dir='ltr'>ϐέϐληκεν·</span> <span class='ocrx_word' id='word_1_138' title='bbox 2527 1291 2659 1362; x_wconf 85' lang='grc' dir='ltr'>φέρε</span> <span class='ocrx_word' id='word_1_139' title='bbox 2687 1290 2752 1362; x_wconf 81' lang='grc' dir='ltr'>δὴ</span> <span class='ocrx_word' id='word_1_140' title='bbox 2788 1290 2882 1344; x_wconf 77' lang='grc' dir='ltr'>καὶ</span> <span class='ocrx_word' id='word_1_141' title='bbox 2912 1292 3074 1361; x_wconf 77' lang='grc' dir='ltr'>ἡμεῖς</span> <span class='ocrx_word' id='word_1_142' title='bbox 3103 1289 3240 1360; x_wconf 84' lang='grc' dir='ltr'><strong>μετά</strong></span> <span class='ocrx_word' id='word_1_143' title='bbox 3271 1289 3374 1360; x_wconf 80' lang='grc' dir='ltr'>τὴν</span> <span class='ocrx_word' id='word_1_144' title='bbox 3415 1288 3708 1343; x_wconf 81' lang='grc' dir='ltr'>ἀποδοθεῖ-</span> 
     </span>
    </p>
   </div>
   <div class='ocr_carea' id='block_1_21' title="bbox 409 1377 1915 1456">
    <p class='ocr_par' dir='ltr' id='par_1_21' title="bbox 409 1384 1915 1454">
     <span class='ocr_line' id='line_1_21' title="bbox 409 1384 1915 1454; baseline 0.001 -15"><span class='ocrx_word' id='word_1_145' title='bbox 409 1384 570 1439; x_wconf 81' lang='lat' dir='ltr'><strong>aliter</strong></span> <span class='ocrx_word' id='word_1_146' title='bbox 604 1384 904 1454; x_wconf 79' lang='lat' dir='ltr'><strong>intelligere</strong></span> <span class='ocrx_word' id='word_1_147' title='bbox 952 1384 1250 1454; x_wconf 87' lang='lat' dir='ltr'><strong>possimus,</strong></span> <span class='ocrx_word' id='word_1_148' title='bbox 1302 1399 1371 1439; x_wconf 90' lang='lat' dir='ltr'><strong>ne</strong></span> <span class='ocrx_word' id='word_1_149' title='bbox 1430 1384 1731 1448; x_wconf 88' lang='lat' dir='ltr'><strong>videamur,</strong></span> <span class='ocrx_word' id='word_1_150' title='bbox 1776 1385 1915 1441; x_wconf 91' lang='lat' dir='ltr'><strong>omis</strong></span> 
     </span>
    </p>
   </div>
   <div class='ocr_carea' id='block_1_22' title="bbox 2202 1377 3708 1456">
    <p class='ocr_par' dir='ltr' id='par_1_22' title="bbox 2202 1377 3708 1456">
     <span class='ocr_line' id='line_1_22' title="bbox 2202 1377 3708 1456; baseline 0.005 -29"><span class='ocrx_word' id='word_1_151' title='bbox 2202 1403 2206 1427; x_wconf 77' lang='grc' dir='ltr'>ι</span> <span class='ocrx_word' id='word_1_152' title='bbox 2236 1383 2531 1456; x_wconf 69' lang='grc' dir='ltr'>ἑρμηνείαν</span> <span class='ocrx_word' id='word_1_153' title='bbox 2564 1384 2786 1454; x_wconf 73' lang='grc' dir='ltr'>ἴδωμεν,</span> <span class='ocrx_word' id='word_1_154' title='bbox 2807 1385 2855 1435; x_wconf 81' lang='grc' dir='ltr'>εἰ</span> <span class='ocrx_word' id='word_1_155' title='bbox 2886 1377 2997 1436; x_wconf 74' lang='grc' dir='ltr'>οἷόν</span> <span class='ocrx_word' id='word_1_156' title='bbox 3028 1399 3088 1435; x_wconf 87' lang='grc' dir='ltr'>τε</span> <span class='ocrx_word' id='word_1_157' title='bbox 3115 1382 3209 1435; x_wconf 74' lang='grc' dir='ltr'>καὶ</span> <span class='ocrx_word' id='word_1_158' title='bbox 3242 1382 3453 1453; x_wconf 80' lang='grc' dir='ltr'><strong>ἑτέρως</strong></span> <span class='ocrx_word' id='word_1_159' title='bbox 3480 1382 3708 1444; x_wconf 71' lang='grc' dir='ltr'>τοῖς-εό-</span> 
     </span>
    </p>
   </div>
   <div class='ocr_carea' id='block_1_23' title="bbox 409 1474 1915 1548">
    <p class='ocr_par' dir='ltr' id='par_1_23' title="bbox 409 1476 1915 1547">
     <span class='ocr_line' id='line_1_23' title="bbox 409 1476 1915 1547; baseline -0.001 -17"><span class='ocrx_word' id='word_1_160' title='bbox 409 1491 442 1530; x_wconf 72' lang='lat' dir='ltr'><strong>a</strong></span> <span class='ocrx_word' id='word_1_161' title='bbox 477 1476 621 1546; x_wconf 85' lang='lat' dir='ltr'><strong>Cyro</strong></span> <span class='ocrx_word' id='word_1_162' title='bbox 650 1476 714 1530; x_wconf 88' lang='lat' dir='ltr'><strong>ad</strong></span> <span class='ocrx_word' id='word_1_163' title='bbox 743 1476 1097 1530; x_wconf 69' lang='lat' dir='ltr'><strong>Artaxerxem</strong></span> <span class='ocrx_word' id='word_1_164' title='bbox 1132 1476 1493 1546; x_wconf 84' lang='lat' dir='ltr'><strong>temporibus.</strong></span> <span class='ocrx_word' id='word_1_165' title='bbox 1525 1476 1672 1531; x_wconf 82' lang='lat' dir='ltr'><strong>haud</strong></span> <span class='ocrx_word' id='word_1_166' title='bbox 1704 1478 1915 1547; x_wconf 82' lang='lat' dir='ltr'><strong>ingenu:</strong></span> 
     </span>
    </p>
   </div>
   <div class='ocr_carea' id='block_1_24' title="bbox 2200 1474 3706 1548">
    <p class='ocr_par' dir='ltr' id='par_1_24' title="bbox 2202 1474 3706 1548">
     <span class='ocr_line' id='line_1_24' title="bbox 2202 1474 3706 1548; baseline -0.003 -17"><span class='ocrx_word' id='word_1_167' title='bbox 2202 1495 2230 1541; x_wconf 95' lang='grc' dir='ltr'>ς</span> <span class='ocrx_word' id='word_1_168' title='bbox 2275 1477 2572 1538; x_wconf 87' lang='grc' dir='ltr'>ἐπιϐαλεῖν,</span> <span class='ocrx_word' id='word_1_169' title='bbox 2606 1477 2681 1540; x_wconf 80' lang='grc' dir='ltr'><strong>ὼς</strong></span> <span class='ocrx_word' id='word_1_170' title='bbox 2724 1475 2789 1531; x_wconf 78' lang='grc' dir='ltr'>ἂν</span> <span class='ocrx_word' id='word_1_171' title='bbox 2827 1476 2900 1548; x_wconf 84' lang='grc' dir='ltr'><strong>μὴ</strong></span> <span class='ocrx_word' id='word_1_172' title='bbox 2931 1476 3182 1547; x_wconf 86' lang='grc' dir='ltr'>δοκοῖμεν</span> <span class='ocrx_word' id='word_1_173' title='bbox 3214 1477 3344 1538; x_wconf 76' lang='grc' dir='ltr'>τοὺς</span> <span class='ocrx_word' id='word_1_174' title='bbox 3370 1476 3489 1528; x_wconf 75' lang='grc' dir='ltr'>ἀπὸ</span> <span class='ocrx_word' id='word_1_175' title='bbox 3520 1474 3706 1546; x_wconf 77' lang='grc' dir='ltr'>Κύρου</span> 
     </span>
    </p>
   </div>
   <div class='ocr_carea' id='block_1_25' title="bbox 410 1566 1916 1641">
    <p class='ocr_par' dir='ltr' id='par_1_25' title="bbox 410 1570 1911 1639">
     <span class='ocr_line' id='line_1_25' title="bbox 410 1570 1911 1639; baseline 0.001 -15"><span class='ocrx_word' id='word_1_176' title='bbox 410 1570 918 1639; x_wconf 82' lang='lat' dir='ltr'><strong>interpretationem</strong></span> <span class='ocrx_word' id='word_1_177' title='bbox 943 1570 1206 1639; x_wconf 64' lang='lat' dir='ltr'><strong>praebere,</strong></span> <span class='ocrx_word' id='word_1_178' title='bbox 1234 1584 1336 1624; x_wconf 86' lang='lat' dir='ltr'><strong>nec</strong></span> <span class='ocrx_word' id='word_1_179' title='bbox 1369 1572 1634 1624; x_wconf 89' lang='lat' dir='ltr'><strong>rationem</strong></span> <span class='ocrx_word' id='word_1_180' title='bbox 1662 1570 1853 1625; x_wconf 82' lang='lat' dir='ltr'><strong>atl‘erre</strong></span> <span class='ocrx_word' id='word_1_181' title='bbox 1880 1571 1911 1625; x_wconf 89' lang='lat' dir='ltr'><strong>d</strong></span> 
     </span>
    </p>
   </div>
   <div class='ocr_carea' id='block_1_26' title="bbox 2203 1566 3709 1641">
    <p class='ocr_par' dir='ltr' id='par_1_26' title="bbox 2231 1566 3709 1641">
     <span class='ocr_line' id='line_1_26' title="bbox 2231 1566 3709 1641; baseline -0.001 -20"><span class='ocrx_word' id='word_1_182' title='bbox 2231 1570 2323 1622; x_wconf 72' lang='grc' dir='ltr'>ἐπὶ</span> <span class='ocrx_word' id='word_1_183' title='bbox 2357 1566 2720 1641; x_wconf 78' lang='grc' dir='ltr'><strong>Ἀρταξέρξην</strong></span> <span class='ocrx_word' id='word_1_184' title='bbox 2750 1567 3180 1631; x_wconf 81' lang='grc' dir='ltr'>ὑποκλέπτοντες</span> <span class='ocrx_word' id='word_1_185' title='bbox 3210 1567 3446 1638; x_wconf 84' lang='grc' dir='ltr'>χρόνους</span> <span class='ocrx_word' id='word_1_186' title='bbox 3476 1566 3709 1637; x_wconf 82' lang='grc' dir='ltr'>βιαιοτέ-</span> 
     </span>
    </p>
   </div>
   <div class='ocr_carea' id='block_1_27' title="bbox 409 1658 1915 1734">
    <p class='ocr_par' dir='ltr' id='par_1_27' title="bbox 409 1660 1887 1731">
     <span class='ocr_line' id='line_1_27' title="bbox 409 1660 1887 1731; baseline -0.001 -13"><span class='ocrx_word' id='word_1_187' title='bbox 409 1662 661 1718; x_wconf 89' lang='lat' dir='ltr'><strong>crimiuis</strong></span> <span class='ocrx_word' id='word_1_188' title='bbox 716 1661 863 1731; x_wconf 92' lang='lat' dir='ltr'><strong>quod</strong></span> <span class='ocrx_word' id='word_1_189' title='bbox 910 1669 994 1716; x_wconf 90' lang='lat' dir='ltr'><strong>est</strong></span> <span class='ocrx_word' id='word_1_190' title='bbox 1046 1661 1191 1715; x_wconf 90' lang='lat' dir='ltr'><strong>inter</strong></span> <span class='ocrx_word' id='word_1_191' title='bbox 1252 1668 1460 1730; x_wconf 85' lang='lat' dir='ltr'><strong>septem</strong></span> <span class='ocrx_word' id='word_1_192' title='bbox 1515 1660 1887 1716; x_wconf 88' lang='lat' dir='ltr'><strong>hebdomades</strong></span> 
     </span>
    </p>
   </div>
   <div class='ocr_carea' id='block_1_28' title="bbox 2203 1658 3709 1734">
    <p class='ocr_par' dir='ltr' id='par_1_28' title="bbox 2234 1658 3709 1732">
     <span class='ocr_line' id='line_1_28' title="bbox 2234 1658 3709 1732; baseline -0.003 -17"><span class='ocrx_word' id='word_1_193' title='bbox 2234 1661 2505 1717; x_wconf 77' lang='grc' dir='ltr'>ποιεῖσθαι</span> <span class='ocrx_word' id='word_1_194' title='bbox 2533 1661 2630 1732; x_wconf 78' lang='grc' dir='ltr'><strong>τὴν</strong></span> <span class='ocrx_word' id='word_1_195' title='bbox 2665 1661 2941 1724; x_wconf 87' lang='grc' dir='ltr'>ἀπόδοσιν,</span> <span class='ocrx_word' id='word_1_196' title='bbox 2972 1659 3067 1713; x_wconf 75' lang='grc' dir='ltr'>καὶ</span> <span class='ocrx_word' id='word_1_197' title='bbox 3099 1659 3274 1722; x_wconf 81' lang='grc' dir='ltr'>ἄλλως</span> <span class='ocrx_word' id='word_1_198' title='bbox 3299 1659 3379 1730; x_wconf 80' lang='grc' dir='ltr'><strong>μὴ</strong></span> <span class='ocrx_word' id='word_1_199' title='bbox 3401 1658 3466 1712; x_wconf 82' lang='grc' dir='ltr'>δὲ</span> <span class='ocrx_word' id='word_1_200' title='bbox 3488 1660 3597 1729; x_wconf 79' lang='grc' dir='ltr'><strong>τὴν</strong></span> <span class='ocrx_word' id='word_1_201' title='bbox 3622 1660 3709 1711; x_wconf 88' lang='grc' dir='ltr'>αί-</span> 
     </span>
    </p>
   </div>
   <div class='ocr_carea' id='block_1_29' title="bbox 411 1751 1917 1825">
    <p class='ocr_par' dir='ltr' id='par_1_29' title="bbox 411 1753 1917 1823">
     <span class='ocr_line' id='line_1_29' title="bbox 411 1753 1917 1823; baseline -0.002 -13"><span class='ocrx_word' id='word_1_202' title='bbox 411 1756 694 1823; x_wconf 73' lang='lat' dir='ltr'><strong>sexaginta</strong></span> <span class='ocrx_word' id='word_1_203' title='bbox 716 1754 875 1816; x_wconf 87' lang='lat' dir='ltr'><strong>duas.</strong></span> <span class='ocrx_word' id='word_1_204' title='bbox 906 1754 1051 1809; x_wconf 90' lang='lat' dir='ltr'><strong>sicut</strong></span> <span class='ocrx_word' id='word_1_205' title='bbox 1073 1753 1258 1807; x_wconf 81' lang='lat' dir='ltr'><strong>divina</strong></span> <span class='ocrx_word' id='word_1_206' title='bbox 1282 1753 1523 1808; x_wconf 88' lang='lat' dir='ltr'><strong>ostendit</strong></span> <span class='ocrx_word' id='word_1_207' title='bbox 1551 1753 1860 1823; x_wconf 75' lang='lat' dir='ltr'><strong>Scriptura,</strong></span> <span class='ocrx_word' id='word_1_208' title='bbox 1890 1769 1917 1807; x_wconf 81' lang='grc' dir='ltr'>η</span> 
     </span>
    </p>
   </div>
   <div class='ocr_carea' id='block_1_30' title="bbox 2203 1751 3709 1825">
    <p class='ocr_par' dir='ltr' id='par_1_30' title="bbox 2203 1751 3709 1825">
     <span class='ocr_line' id='line_1_30' title="bbox 2203 1751 3709 1825; baseline -0.003 -18"><span class='ocrx_word' id='word_1_209' title='bbox 2203 1772 2218 1808; x_wconf 70' lang='grc' dir='ltr'><em>δ</em></span> <span class='ocrx_word' id='word_1_210' title='bbox 2249 1756 2579 1825; x_wconf 74' lang='grc' dir='ltr'><strong>παριστάναι</strong></span> <span class='ocrx_word' id='word_1_211' title='bbox 2612 1752 2789 1806; x_wconf 83' lang='grc' dir='ltr'>δοκεῖν</span> <span class='ocrx_word' id='word_1_212' title='bbox 2820 1753 2918 1822; x_wconf 77' lang='grc' dir='ltr'>τῆς</span> <span class='ocrx_word' id='word_1_213' title='bbox 2947 1751 3057 1805; x_wconf 86' lang='grc' dir='ltr'><strong>τῶν</strong></span> <span class='ocrx_word' id='word_1_214' title='bbox 3088 1751 3227 1805; x_wconf 85' lang='grc' dir='ltr'>ἐπτά</span> <span class='ocrx_word' id='word_1_215' title='bbox 3258 1751 3591 1821; x_wconf 77' lang='grc' dir='ltr'>ἑϐδομάδων</span> <span class='ocrx_word' id='word_1_216' title='bbox 3611 1754 3709 1805; x_wconf 74' lang='grc' dir='ltr'>καὶ</span> 
     </span>
    </p>
   </div>
   <div class='ocr_carea' id='block_1_31' title="bbox 412 1844 1918 1918">
    <p class='ocr_par' dir='ltr' id='par_1_31' title="bbox 412 1844 1918 1916">
     <span class='ocr_line' id='line_1_31' title="bbox 412 1844 1918 1916; baseline -0.005 -13"><span class='ocrx_word' id='word_1_217' title='bbox 412 1847 532 1903; x_wconf 84' lang='lat' dir='ltr'><strong>sine</strong></span> <span class='ocrx_word' id='word_1_218' title='bbox 557 1847 848 1902; x_wconf 89' lang='lat' dir='ltr'><strong>verissimo</strong></span> <span class='ocrx_word' id='word_1_219' title='bbox 878 1862 941 1900; x_wconf 90' lang='lat' dir='ltr'><strong>ac</strong></span> <span class='ocrx_word' id='word_1_220' title='bbox 975 1844 1415 1916; x_wconf 80' lang='lat' dir='ltr'><strong>profundissimo</strong></span> <span class='ocrx_word' id='word_1_221' title='bbox 1461 1846 1720 1907; x_wconf 88' lang='lat' dir='ltr'><strong>consilio,</strong></span> <span class='ocrx_word' id='word_1_222' title='bbox 1759 1846 1847 1901; x_wconf 83' lang='lat' dir='ltr'><strong>his</strong></span> <span class='ocrx_word' id='word_1_223' title='bbox 1879 1863 1918 1899; x_wconf 67' lang='grc' dir='ltr'>νς</span> 
     </span>
    </p>
   </div>
   <div class='ocr_carea' id='block_1_32' title="bbox 2198 1844 3704 1918">
    <p class='ocr_par' dir='ltr' id='par_1_32' title="bbox 2198 1844 3704 1918">
     <span class='ocr_line' id='line_1_32' title="bbox 2198 1844 3704 1918; baseline -0.002 -19"><span class='ocrx_word' id='word_1_224' title='bbox 2198 1863 2211 1899; x_wconf 70' lang='grc' dir='ltr'>ι</span> <span class='ocrx_word' id='word_1_225' title='bbox 2260 1846 2336 1917; x_wconf 80' lang='grc' dir='ltr'><strong>ξβ⁹</strong></span> <span class='ocrx_word' id='word_1_226' title='bbox 2364 1846 2705 1918; x_wconf 82' lang='grc' dir='ltr'><strong>διαιρέσεως,</strong></span> <span class='ocrx_word' id='word_1_227' title='bbox 2736 1845 2804 1917; x_wconf 71' lang='grc' dir='ltr'>ἣν</span> <span class='ocrx_word' id='word_1_228' title='bbox 2855 1846 2883 1897; x_wconf 92' lang='lat'><strong>6</strong></span> <span class='ocrx_word' id='word_1_229' title='bbox 2930 1844 3074 1908; x_wconf 85' lang='grc' dir='ltr'>θεῖος</span> <span class='ocrx_word' id='word_1_230' title='bbox 3107 1844 3279 1913; x_wconf 82' lang='grc' dir='ltr'>Λόγος</span> <span class='ocrx_word' id='word_1_231' title='bbox 3328 1844 3567 1907; x_wconf 80' lang='grc' dir='ltr'>πάντως</span> <span class='ocrx_word' id='word_1_232' title='bbox 3604 1859 3704 1896; x_wconf 84' lang='grc' dir='ltr'>που</span> 
     </span>
    </p>
   </div>
   <div class='ocr_carea' id='block_1_33' title="bbox 410 1929 1916 2010">
    <p class='ocr_par' dir='ltr' id='par_1_33' title="bbox 410 1934 1916 2006">
     <span class='ocr_line' id='line_1_33' title="bbox 410 1934 1916 2006; baseline -0.003 -14"><span class='ocrx_word' id='word_1_233' title='bbox 410 1936 496 1993; x_wconf 88' lang='lat' dir='ltr'><strong>bis</strong></span> <span class='ocrx_word' id='word_1_234' title='bbox 529 1954 542 1991; x_wconf 89' lang='lat'><strong>:</strong></span> <span class='ocrx_word' id='word_1_235' title='bbox 577 1957 593 1987; x_wconf 74' lang='grc' dir='ltr'><strong>ι</strong></span> <span class='ocrx_word' id='word_1_236' title='bbox 620 1934 773 1991; x_wconf 85' lang='lat' dir='ltr'><strong>Scito</strong></span> <span class='ocrx_word' id='word_1_237' title='bbox 803 1952 933 2006; x_wconf 79' lang='lat' dir='ltr'><strong>ergo</strong></span> <span class='ocrx_word' id='word_1_238' title='bbox 976 1944 1030 1991; x_wconf 87' lang='lat' dir='ltr'><strong>et</strong></span> <span class='ocrx_word' id='word_1_239' title='bbox 1059 1937 1433 1992; x_wconf 83' lang='lat' dir='ltr'><strong>animadverte</strong></span> <span class='ocrx_word' id='word_1_240' title='bbox 1460 1956 1473 1993; x_wconf 90' lang='lat'>:</span> <span class='ocrx_word' id='word_1_241' title='bbox 1511 1938 1579 1992; x_wconf 90' lang='lat' dir='ltr'><strong>ab</strong></span> <span class='ocrx_word' id='word_1_242' title='bbox 1610 1936 1760 1992; x_wconf 81' lang='lat' dir='ltr'><strong>exitu</strong></span> <span class='ocrx_word' id='word_1_243' title='bbox 1793 1952 1916 1992; x_wconf 82' lang='lat' dir='ltr'><strong>sera</strong></span> 
     </span>
    </p>
   </div>
   <div class='ocr_carea' id='block_1_34' title="bbox 2200 1929 3706 2010">
    <p class='ocr_par' dir='ltr' id='par_1_34' title="bbox 2200 1934 3706 2006">
     <span class='ocr_line' id='line_1_34' title="bbox 2200 1934 3706 2006; baseline -0.003 -14"><span class='ocrx_word' id='word_1_244' title='bbox 2200 1938 2241 1992; x_wconf 77' lang='grc' dir='ltr'>’ἀ</span> <span class='ocrx_word' id='word_1_245' title='bbox 2269 1955 2412 2002; x_wconf 86' lang='grc' dir='ltr'>τινος</span> <span class='ocrx_word' id='word_1_246' title='bbox 2441 1937 2663 2006; x_wconf 79' lang='grc' dir='ltr'><strong>εὐλόγου</strong></span> <span class='ocrx_word' id='word_1_247' title='bbox 2695 1935 2935 1999; x_wconf 82' lang='grc' dir='ltr'><strong>διανοίας</strong></span> <span class='ocrx_word' id='word_1_248' title='bbox 2964 1935 3057 1989; x_wconf 73' lang='grc' dir='ltr'>καὶ</span> <span class='ocrx_word' id='word_1_249' title='bbox 3084 1934 3398 2006; x_wconf 80' lang='grc' dir='ltr'><strong>βαθυτάτης</strong></span> <span class='ocrx_word' id='word_1_250' title='bbox 3426 1936 3706 1998; x_wconf 78' lang='grc' dir='ltr'>συνέσεως</span> 
     </span>
    </p>
   </div>
   <div class='ocr_carea' id='block_1_35' title="bbox 411 2027 1917 2102">
    <p class='ocr_par' dir='ltr' id='par_1_35' title="bbox 411 2027 1915 2101">
     <span class='ocr_line' id='line_1_35' title="bbox 411 2027 1915 2101; baseline -0.001 -16"><span class='ocrx_word' id='word_1_251' title='bbox 411 2032 520 2096; x_wconf 84' lang='lat' dir='ltr'><strong>nis,</strong></span> <span class='ocrx_word' id='word_1_252' title='bbox 551 2041 608 2085; x_wconf 90' lang='lat' dir='ltr'><strong>ut</strong></span> <span class='ocrx_word' id='word_1_253' title='bbox 638 2030 834 2085; x_wconf 89' lang='lat' dir='ltr'><strong>iterum</strong></span> <span class='ocrx_word' id='word_1_254' title='bbox 864 2029 1165 2083; x_wconf 70' lang='lat' dir='ltr'><strong>aediﬁcetur</strong></span> <span class='ocrx_word' id='word_1_255' title='bbox 1186 2027 1516 2094; x_wconf 82' lang='lat' dir='ltr'><strong>Jerusalem,</strong></span> <span class='ocrx_word' id='word_1_256' title='bbox 1543 2046 1721 2101; x_wconf 89' lang='lat' dir='ltr'><strong>usque</strong></span> <span class='ocrx_word' id='word_1_257' title='bbox 1746 2030 1813 2084; x_wconf 89' lang='lat' dir='ltr'><strong>ad</strong></span> <span class='ocrx_word' id='word_1_258' title='bbox 1836 2030 1915 2086; x_wconf 88' lang='lat' dir='ltr'><strong>Ch</strong></span> 
     </span>
    </p>
   </div>
   <div class='ocr_carea' id='block_1_36' title="bbox 2200 2027 3706 2102">
    <p class='ocr_par' dir='ltr' id='par_1_36' title="bbox 2200 2027 3706 2102">
     <span class='ocr_line' id='line_1_36' title="bbox 2200 2027 3706 2102; baseline -0.001 -19"><span class='ocrx_word' id='word_1_259' title='bbox 2200 2029 2396 2102; x_wconf 74' lang='grc' dir='ltr'>εοίηται</span> <span class='ocrx_word' id='word_1_260' title='bbox 2419 2032 2598 2101; x_wconf 78' lang='grc' dir='ltr'>φήσας</span> <span class='ocrx_word' id='word_1_261' title='bbox 2623 2047 2636 2061; x_wconf 76' lang='lat'><strong>-</strong></span> <span class='ocrx_word' id='word_1_262' title='bbox 2672 2049 2691 2081; x_wconf 75' lang='grc' dir='ltr'>ι</span> <span class='ocrx_word' id='word_1_263' title='bbox 2718 2029 2831 2084; x_wconf 82' lang='grc' dir='ltr'><strong>Καὶ</strong></span> <span class='ocrx_word' id='word_1_264' title='bbox 2861 2028 3048 2102; x_wconf 79' lang='grc' dir='ltr'>γνώσῃ</span> <span class='ocrx_word' id='word_1_265' title='bbox 3080 2030 3175 2082; x_wconf 73' lang='grc' dir='ltr'>καὶ</span> <span class='ocrx_word' id='word_1_266' title='bbox 3201 2030 3463 2100; x_wconf 76' lang='grc' dir='ltr'>συνήσεις</span> <span class='ocrx_word' id='word_1_267' title='bbox 3488 2027 3604 2082; x_wconf 70' lang='grc' dir='ltr'>ἀπὸ</span> <span class='ocrx_word' id='word_1_268' title='bbox 3622 2028 3706 2095; x_wconf 79' lang='grc' dir='ltr'><strong>ἐξ·</strong></span> 
     </span>
    </p>
   </div>
   <div class='ocr_carea' id='block_1_37' title="bbox 412 2120 1918 2205">
    <p class='ocr_par' dir='ltr' id='par_1_37' title="bbox 412 2120 1918 2205">
     <span class='ocr_line' id='line_1_37' title="bbox 412 2120 1918 2205; baseline -0.001 -28"><span class='ocrx_word' id='word_1_269' title='bbox 412 2132 556 2205; x_wconf 76' lang='lat' dir='ltr'><strong>stum</strong></span> <span class='ocrx_word' id='word_1_270' title='bbox 591 2121 808 2187; x_wconf 91' lang='lat' dir='ltr'><strong>ducem,</strong></span> <span class='ocrx_word' id='word_1_271' title='bbox 851 2120 1223 2176; x_wconf 76' lang='lat' dir='ltr'><strong>hebdomades</strong></span> <span class='ocrx_word' id='word_1_272' title='bbox 1260 2129 1490 2190; x_wconf 83' lang='lat' dir='ltr'><strong>septem,</strong></span> <span class='ocrx_word' id='word_1_273' title='bbox 1531 2132 1585 2175; x_wconf 90' lang='lat' dir='ltr'><strong>et</strong></span> <span class='ocrx_word' id='word_1_274' title='bbox 1627 2122 1918 2177; x_wconf 76' lang='lat' dir='ltr'><strong>hebdomat</strong></span> 
     </span>
    </p>
   </div>
   <div class='ocr_carea' id='block_1_38' title="bbox 2199 2120 3705 2205">
    <p class='ocr_par' dir='ltr' id='par_1_38' title="bbox 2199 2121 3705 2197">
     <span class='ocr_line' id='line_1_38' title="bbox 2199 2121 3705 2197; baseline -0.002 -19"><span class='ocrx_word' id='word_1_275' title='bbox 2199 2143 2217 2177; x_wconf 67' lang='grc' dir='ltr'><em>δ</em></span> <span class='ocrx_word' id='word_1_276' title='bbox 2247 2124 2406 2192; x_wconf 84' lang='grc' dir='ltr'>λόγου</span> <span class='ocrx_word' id='word_1_277' title='bbox 2424 2124 2518 2178; x_wconf 80' lang='grc' dir='ltr'><strong>τοῦ</strong></span> <span class='ocrx_word' id='word_1_278' title='bbox 2553 2122 2918 2197; x_wconf 82' lang='grc' dir='ltr'>ἀποκριθῆναι</span> <span class='ocrx_word' id='word_1_279' title='bbox 2952 2123 3046 2176; x_wconf 75' lang='grc' dir='ltr'>καὶ</span> <span class='ocrx_word' id='word_1_280' title='bbox 3073 2121 3168 2175; x_wconf 77' lang='grc' dir='ltr'>τοῦ</span> <span class='ocrx_word' id='word_1_281' title='bbox 3194 2122 3568 2193; x_wconf 77' lang='grc' dir='ltr'>οἰκοδομῆσαι</span> <span class='ocrx_word' id='word_1_282' title='bbox 3608 2122 3705 2175; x_wconf 84' lang='grc' dir='ltr'><strong>Ἰε-</strong></span> 
     </span>
    </p>
   </div>
   <div class='ocr_carea' id='block_1_39' title="bbox 409 2212 1915 2288">
    <p class='ocr_par' dir='ltr' id='par_1_39' title="bbox 409 2212 1915 2285">
     <span class='ocr_line' id='line_1_39' title="bbox 409 2212 1915 2285; baseline -0.003 -15"><span class='ocrx_word' id='word_1_283' title='bbox 409 2214 695 2284; x_wconf 76' lang='lat' dir='ltr'><strong>scxagiuta</strong></span> <span class='ocrx_word' id='word_1_284' title='bbox 724 2213 847 2270; x_wconf 70' lang='lat' dir='ltr'><strong>duae</strong></span> <span class='ocrx_word' id='word_1_285' title='bbox 877 2221 1038 2269; x_wconf 92' lang='lat' dir='ltr'><strong>erunt</strong></span> <span class='ocrx_word' id='word_1_286' title='bbox 1068 2232 1080 2267; x_wconf 93' lang='lat'>:</span> <span class='ocrx_word' id='word_1_287' title='bbox 1110 2221 1165 2268; x_wconf 93' lang='lat' dir='ltr'><strong>et</strong></span> <span class='ocrx_word' id='word_1_288' title='bbox 1193 2228 1386 2269; x_wconf 84' lang='lat' dir='ltr'><strong>rursus</strong></span> <span class='ocrx_word' id='word_1_289' title='bbox 1407 2212 1771 2269; x_wconf 79' lang='lat' dir='ltr'><strong>ardiiicabitur</strong></span> <span class='ocrx_word' id='word_1_290' title='bbox 1797 2216 1915 2285; x_wconf 47' lang='lat' dir='ltr'><strong>platt</strong></span> 
     </span>
    </p>
   </div>
   <div class='ocr_carea' id='block_1_40' title="bbox 2200 2212 3706 2288">
    <p class='ocr_par' dir='ltr' id='par_1_40' title="bbox 2204 2213 3706 2288">
     <span class='ocr_line' id='line_1_40' title="bbox 2204 2213 3706 2288; baseline -0.003 -18"><span class='ocrx_word' id='word_1_291' title='bbox 2204 2216 2385 2288; x_wconf 77' lang='grc' dir='ltr'>σαλὴμ</span> <span class='ocrx_word' id='word_1_292' title='bbox 2426 2217 2532 2281; x_wconf 72' lang='grc' dir='ltr'><strong>ἕως</strong></span> <span class='ocrx_word' id='word_1_293' title='bbox 2570 2215 2806 2287; x_wconf 81' lang='grc' dir='ltr'>Χριστοῦ</span> <span class='ocrx_word' id='word_1_294' title='bbox 2840 2216 3143 2285; x_wconf 76' lang='grc' dir='ltr'>ἡγουμένω</span> <span class='ocrx_word' id='word_1_295' title='bbox 3176 2214 3485 2283; x_wconf 78' lang='grc' dir='ltr'>ἑϐδομάδες</span> <span class='ocrx_word' id='word_1_296' title='bbox 3516 2213 3586 2279; x_wconf 75' lang='grc' dir='ltr'><strong>ζ’,</strong></span> <span class='ocrx_word' id='word_1_297' title='bbox 3614 2213 3706 2267; x_wconf 79' lang='grc' dir='ltr'>καὶ</span> 
     </span>
    </p>
   </div>
   <div class='ocr_carea' id='block_1_41' title="bbox 408 2305 1914 2381">
    <p class='ocr_par' dir='ltr' id='par_1_41' title="bbox 408 2305 1914 2364">
     <span class='ocr_line' id='line_1_41' title="bbox 408 2305 1914 2364; baseline -0.002 0"><span class='ocrx_word' id='word_1_298' title='bbox 408 2317 463 2364; x_wconf 91' lang='lat' dir='ltr'><strong>et</strong></span> <span class='ocrx_word' id='word_1_299' title='bbox 494 2306 659 2361; x_wconf 86' lang='lat' dir='ltr'><strong>muri.</strong></span> <span class='ocrx_word' id='word_1_300' title='bbox 689 2326 707 2359; x_wconf 72' lang='grc' dir='ltr'>ι</span> <span class='ocrx_word' id='word_1_301' title='bbox 746 2306 1011 2362; x_wconf 84' lang='lat' dir='ltr'><strong>Attendas</strong></span> <span class='ocrx_word' id='word_1_302' title='bbox 1046 2306 1191 2361; x_wconf 90' lang='lat' dir='ltr'><strong>enim</strong></span> <span class='ocrx_word' id='word_1_303' title='bbox 1236 2321 1306 2359; x_wconf 91' lang='lat' dir='ltr'><strong>an</strong></span> <span class='ocrx_word' id='word_1_304' title='bbox 1354 2305 1404 2359; x_wconf 85' lang='lat' dir='ltr'><strong>vi</strong></span> <span class='ocrx_word' id='word_1_305' title='bbox 1440 2305 1602 2361; x_wconf 89' lang='lat' dir='ltr'><strong>ducta</strong></span> <span class='ocrx_word' id='word_1_306' title='bbox 1637 2307 1790 2361; x_wconf 89' lang='lat' dir='ltr'><strong>lieret</strong></span> <span class='ocrx_word' id='word_1_307' title='bbox 1829 2307 1914 2361; x_wconf 81' lang='lat' dir='ltr'><strong>int</strong></span> 
     </span>
    </p>
   </div>
   <div class='ocr_carea' id='block_1_42' title="bbox 2198 2305 3704 2381">
    <p class='ocr_par' dir='ltr' id='par_1_42' title="bbox 2198 2307 3704 2381">
     <span class='ocr_line' id='line_1_42' title="bbox 2198 2307 3704 2381; baseline -0.003 -18"><span class='ocrx_word' id='word_1_308' title='bbox 2198 2311 2393 2381; x_wconf 81' lang='grc' dir='ltr'>ομὰδες</span> <span class='ocrx_word' id='word_1_309' title='bbox 2446 2307 2521 2380; x_wconf 77' lang='grc' dir='ltr'><strong>ξβ’</strong></span> <span class='ocrx_word' id='word_1_310' title='bbox 2554 2310 2646 2363; x_wconf 79' lang='grc' dir='ltr'><strong>καὶ</strong></span> <span class='ocrx_word' id='word_1_311' title='bbox 2694 2307 3012 2379; x_wconf 74' lang='grc' dir='ltr'>ἐπιστρέψει</span> <span class='ocrx_word' id='word_1_312' title='bbox 3065 2308 3159 2361; x_wconf 78' lang='grc' dir='ltr'>καὶ</span> <span class='ocrx_word' id='word_1_313' title='bbox 3198 2307 3704 2379; x_wconf 76' lang='grc' dir='ltr'>οἰκοδομηθήσεται</span> 
     </span>
    </p>
   </div>
   <div class='ocr_carea' id='block_1_43' title="bbox 410 2397 1916 2475">
    <p class='ocr_par' dir='ltr' id='par_1_43' title="bbox 410 2397 1899 2475">
     <span class='ocr_line' id='line_1_43' title="bbox 410 2397 1899 2475; baseline -0.003 -20"><span class='ocrx_word' id='word_1_314' title='bbox 410 2401 669 2475; x_wconf 88' lang='lat' dir='ltr'><strong>pretatio,</strong></span> <span class='ocrx_word' id='word_1_315' title='bbox 706 2408 954 2470; x_wconf 88' lang='lat' dir='ltr'><strong>tempora</strong></span> <span class='ocrx_word' id='word_1_316' title='bbox 1005 2399 1423 2453; x_wconf 90' lang='lat' dir='ltr'><strong>numerantibus</strong></span> <span class='ocrx_word' id='word_1_317' title='bbox 1470 2399 1539 2454; x_wconf 87' lang='lat' dir='ltr'><strong>ab</strong></span> <span class='ocrx_word' id='word_1_318' title='bbox 1581 2400 1702 2471; x_wconf 85' lang='lat' dir='ltr'><strong>ipso</strong></span> <span class='ocrx_word' id='word_1_319' title='bbox 1733 2397 1899 2471; x_wconf 84' lang='lat' dir='ltr'><strong>Cyro,</strong></span> 
     </span>
    </p>
   </div>
   <div class='ocr_carea' id='block_1_44' title="bbox 2201 2397 3707 2475">
    <p class='ocr_par' dir='ltr' id='par_1_44' title="bbox 2201 2398 3707 2475">
     <span class='ocr_line' id='line_1_44' title="bbox 2201 2398 3707 2475; baseline -0.003 -19"><span class='ocrx_word' id='word_1_320' title='bbox 2201 2402 2330 2457; x_wconf 84' lang='grc' dir='ltr'>ιτεία</span> <span class='ocrx_word' id='word_1_321' title='bbox 2364 2404 2456 2456; x_wconf 65' lang='grc' dir='ltr'><strong>καὶ</strong></span> <span class='ocrx_word' id='word_1_322' title='bbox 2480 2405 2676 2474; x_wconf 88' lang='grc' dir='ltr'>τεῖχος.</span> <span class='ocrx_word' id='word_1_323' title='bbox 2710 2421 2728 2453; x_wconf 75' lang='grc' dir='ltr'>ι</span> <span class='ocrx_word' id='word_1_324' title='bbox 2765 2404 2907 2475; x_wconf 83' lang='grc' dir='ltr'>Ὅρα</span> <span class='ocrx_word' id='word_1_325' title='bbox 2933 2398 2996 2473; x_wconf 84' lang='grc' dir='ltr'>δὴ</span> <span class='ocrx_word' id='word_1_326' title='bbox 3030 2403 3077 2453; x_wconf 83' lang='grc' dir='ltr'><strong>εί</strong></span> <span class='ocrx_word' id='word_1_327' title='bbox 3105 2400 3178 2471; x_wconf 82' lang='grc' dir='ltr'><strong>μὴ</strong></span> <span class='ocrx_word' id='word_1_328' title='bbox 3211 2399 3484 2464; x_wconf 81' lang='grc' dir='ltr'>ἀϐίαστος</span> <span class='ocrx_word' id='word_1_329' title='bbox 3509 2401 3707 2468; x_wconf 71' lang='grc' dir='ltr'>γένοιτ’</span> 
     </span>
    </p>
   </div>
   <div class='ocr_carea' id='block_1_45' title="bbox 408 2491 1914 2567">
    <p class='ocr_par' dir='ltr' id='par_1_45' title="bbox 408 2491 1914 2567">
     <span class='ocr_line' id='line_1_45' title="bbox 408 2491 1914 2567; baseline -0.001 -18"><span class='ocrx_word' id='word_1_330' title='bbox 408 2510 521 2567; x_wconf 88' lang='lat' dir='ltr'><strong>quo</strong></span> <span class='ocrx_word' id='word_1_331' title='bbox 546 2492 733 2549; x_wconf 81' lang='lat' dir='ltr'><strong>Daniel</strong></span> <span class='ocrx_word' id='word_1_332' title='bbox 757 2493 1125 2564; x_wconf 87' lang='lat' dir='ltr'><strong>prophetizat.</strong></span> <span class='ocrx_word' id='word_1_333' title='bbox 1152 2491 1253 2545; x_wconf 89' lang='lat' dir='ltr'><strong>Hic</strong></span> <span class='ocrx_word' id='word_1_334' title='bbox 1295 2508 1491 2563; x_wconf 86' lang='lat' dir='ltr'><strong>nempe</strong></span> <span class='ocrx_word' id='word_1_335' title='bbox 1524 2493 1736 2562; x_wconf 89' lang='lat' dir='ltr'><strong>primus</strong></span> <span class='ocrx_word' id='word_1_336' title='bbox 1772 2508 1914 2563; x_wconf 65' lang='lat' dir='ltr'><strong>respi</strong></span> 
     </span>
    </p>
   </div>
   <div class='ocr_carea' id='block_1_46' title="bbox 2199 2491 3705 2567">
    <p class='ocr_par' dir='ltr' id='par_1_46' title="bbox 2199 2491 3705 2567">
     <span class='ocr_line' id='line_1_46' title="bbox 2199 2491 3705 2567; baseline -0.003 -20"><span class='ocrx_word' id='word_1_337' title='bbox 2199 2497 2331 2567; x_wconf 80' lang='grc' dir='ltr'>ἡμῖν</span> <span class='ocrx_word' id='word_1_338' title='bbox 2362 2495 2395 2567; x_wconf 80' lang='grc' dir='ltr'>ἡ</span> <span class='ocrx_word' id='word_1_339' title='bbox 2418 2495 2667 2567; x_wconf 82' lang='grc' dir='ltr'><strong>διήγησις</strong></span> <span class='ocrx_word' id='word_1_340' title='bbox 2690 2491 2750 2559; x_wconf 80' lang='grc' dir='ltr'>ἐξ</span> <span class='ocrx_word' id='word_1_341' title='bbox 2778 2493 2941 2548; x_wconf 77' lang='grc' dir='ltr'>αὑτοῦ</span> <span class='ocrx_word' id='word_1_342' title='bbox 2964 2493 3170 2564; x_wconf 76' lang='grc' dir='ltr'>Κύρου,</span> <span class='ocrx_word' id='word_1_343' title='bbox 3197 2492 3323 2545; x_wconf 82' lang='grc' dir='ltr'>καθ’</span> <span class='ocrx_word' id='word_1_344' title='bbox 3353 2491 3415 2545; x_wconf 87' lang='grc' dir='ltr'><strong>δν</strong></span> <span class='ocrx_word' id='word_1_345' title='bbox 3444 2494 3479 2545; x_wconf 98' lang='lat'><strong>6</strong></span> <span class='ocrx_word' id='word_1_346' title='bbox 3508 2491 3705 2562; x_wconf 73' lang='grc' dir='ltr'>Δανιὴλ</span> 
     </span>
    </p>
   </div>
   <div class='ocr_carea' id='block_1_47' title="bbox 411 2581 1917 2662">
    <p class='ocr_par' dir='ltr' id='par_1_47' title="bbox 411 2582 1917 2645">
     <span class='ocr_line' id='line_1_47' title="bbox 411 2582 1917 2645; baseline -0.003 -3"><span class='ocrx_word' id='word_1_347' title='bbox 411 2602 533 2642; x_wconf 83' lang='lat' dir='ltr'><strong>sum</strong></span> <span class='ocrx_word' id='word_1_348' title='bbox 563 2584 630 2640; x_wconf 90' lang='lat' dir='ltr'><strong>de</strong></span> <span class='ocrx_word' id='word_1_349' title='bbox 660 2582 963 2640; x_wconf 86' lang='lat' dir='ltr'><strong>Jerusalem</strong></span> <span class='ocrx_word' id='word_1_350' title='bbox 996 2584 1401 2640; x_wconf 84' lang='lat' dir='ltr'><strong>instauratione</strong></span> <span class='ocrx_word' id='word_1_351' title='bbox 1433 2583 1624 2645; x_wconf 72' lang='lat' dir='ltr'><strong>ediiit.</strong></span> <span class='ocrx_word' id='word_1_352' title='bbox 1654 2593 1792 2640; x_wconf 90' lang='lat' dir='ltr'><strong>teste</strong></span> <span class='ocrx_word' id='word_1_353' title='bbox 1826 2584 1917 2640; x_wconf 74' lang='lat' dir='ltr'><strong>Esc</strong></span> 
     </span>
    </p>
   </div>
   <div class='ocr_carea' id='block_1_48' title="bbox 2200 2581 3706 2662">
    <p class='ocr_par' dir='ltr' id='par_1_48' title="bbox 2200 2581 3706 2660">
     <span class='ocr_line' id='line_1_48' title="bbox 2200 2581 3706 2660; baseline -0.001 -20"><span class='ocrx_word' id='word_1_354' title='bbox 2200 2588 2456 2660; x_wconf 72' lang='grc' dir='ltr'>ιφητεύει,</span> <span class='ocrx_word' id='word_1_355' title='bbox 2486 2591 2613 2653; x_wconf 72' lang='grc' dir='ltr'>τοὺς</span> <span class='ocrx_word' id='word_1_356' title='bbox 2665 2588 2888 2659; x_wconf 85' lang='grc' dir='ltr'>χρόνους</span> <span class='ocrx_word' id='word_1_357' title='bbox 2942 2587 3478 2658; x_wconf 78' lang='grc' dir='ltr'>ἀπαριθμουμένοις.</span> <span class='ocrx_word' id='word_1_358' title='bbox 3538 2581 3706 2648; x_wconf 69' lang='grc' dir='ltr'>Οὗτος</span> 
     </span>
    </p>
   </div>
   <div class='ocr_carea' id='block_1_49' title="bbox 409 2675 1915 2753">
    <p class='ocr_par' dir='ltr' id='par_1_49' title="bbox 409 2675 1915 2748">
     <span class='ocr_line' id='line_1_49' title="bbox 409 2675 1915 2748; baseline -0.001 -16"><span class='ocrx_word' id='word_1_359' title='bbox 409 2677 499 2732; x_wconf 88' lang='lat' dir='ltr'><strong>bis</strong></span> <span class='ocrx_word' id='word_1_360' title='bbox 533 2678 747 2732; x_wconf 88' lang='lat' dir='ltr'><strong>verbis:</strong></span> <span class='ocrx_word' id='word_1_361' title='bbox 780 2697 798 2727; x_wconf 74' lang='grc' dir='ltr'>ι</span> <span class='ocrx_word' id='word_1_362' title='bbox 834 2677 893 2731; x_wconf 88' lang='lat' dir='ltr'><strong>lu</strong></span> <span class='ocrx_word' id='word_1_363' title='bbox 946 2691 1092 2730; x_wconf 89' lang='lat' dir='ltr'><strong>anno</strong></span> <span class='ocrx_word' id='word_1_364' title='bbox 1121 2677 1300 2746; x_wconf 92' lang='lat' dir='ltr'><strong>primo</strong></span> <span class='ocrx_word' id='word_1_365' title='bbox 1333 2675 1460 2748; x_wconf 89' lang='lat' dir='ltr'><strong>Cyri</strong></span> <span class='ocrx_word' id='word_1_366' title='bbox 1497 2678 1642 2748; x_wconf 82' lang='lat' dir='ltr'><strong>regis</strong></span> <span class='ocrx_word' id='word_1_367' title='bbox 1677 2676 1915 2733; x_wconf 84' lang='lat' dir='ltr'><strong>Persaru</strong></span> 
     </span>
    </p>
   </div>
   <div class='ocr_carea' id='block_1_50' title="bbox 2197 2675 3703 2753">
    <p class='ocr_par' dir='ltr' id='par_1_50' title="bbox 2197 2678 3703 2753">
     <span class='ocr_line' id='line_1_50' title="bbox 2197 2678 3703 2753; baseline -0.001 -20"><span class='ocrx_word' id='word_1_368' title='bbox 2197 2678 2326 2736; x_wconf 69' lang='grc' dir='ltr'>ιοῦν</span> <span class='ocrx_word' id='word_1_369' title='bbox 2355 2682 2570 2753; x_wconf 84' lang='grc' dir='ltr'>πρῶτος</span> <span class='ocrx_word' id='word_1_370' title='bbox 2604 2680 2703 2753; x_wconf 73' lang='grc' dir='ltr'>τὴν</span> <span class='ocrx_word' id='word_1_371' title='bbox 2736 2681 2866 2752; x_wconf 76' lang='grc' dir='ltr'>περὶ</span> <span class='ocrx_word' id='word_1_372' title='bbox 2899 2679 2992 2734; x_wconf 79' lang='grc' dir='ltr'><strong>τοῦ</strong></span> <span class='ocrx_word' id='word_1_373' title='bbox 3035 2680 3315 2749; x_wconf 83' lang='grc' dir='ltr'>ἀνεγεῖραι</span> <span class='ocrx_word' id='word_1_374' title='bbox 3361 2680 3472 2751; x_wconf 74' lang='grc' dir='ltr'><strong>τὴν</strong></span> <span class='ocrx_word' id='word_1_375' title='bbox 3509 2680 3703 2752; x_wconf 85' lang='grc' dir='ltr'>Ἰερου-</span> 
     </span>
    </p>
   </div>
   <div class='ocr_carea' id='block_1_51' title="bbox 409 2768 1915 2846">
    <p class='ocr_par' dir='ltr' id='par_1_51' title="bbox 409 2768 1915 2840">
     <span class='ocr_line' id='line_1_51' title="bbox 409 2768 1915 2840; baseline -0.001 -15"><span class='ocrx_word' id='word_1_376' title='bbox 409 2778 471 2825; x_wconf 84' lang='grc' dir='ltr'>υι</span> <span class='ocrx_word' id='word_1_377' title='bbox 526 2769 894 2840; x_wconf 81' lang='lat' dir='ltr'><strong>complerétur</strong></span> <span class='ocrx_word' id='word_1_378' title='bbox 942 2770 1171 2823; x_wconf 82' lang='lat' dir='ltr'><strong>verbum</strong></span> <span class='ocrx_word' id='word_1_379' title='bbox 1224 2768 1436 2823; x_wconf 88' lang='lat' dir='ltr'><strong>Domini</strong></span> <span class='ocrx_word' id='word_1_380' title='bbox 1488 2784 1554 2824; x_wconf 80' lang='lat' dir='ltr'><strong>ex</strong></span> <span class='ocrx_word' id='word_1_381' title='bbox 1596 2785 1693 2825; x_wconf 92' lang='lat' dir='ltr'><strong>ore</strong></span> <span class='ocrx_word' id='word_1_382' title='bbox 1724 2769 1915 2825; x_wconf 80' lang='lat' dir='ltr'><strong>Jeremi</strong></span> 
     </span>
    </p>
   </div>
   <div class='ocr_carea' id='block_1_52' title="bbox 2197 2768 3703 2846">
    <p class='ocr_par' dir='ltr' id='par_1_52' title="bbox 2200 2771 3703 2846">
     <span class='ocr_line' id='line_1_52' title="bbox 2200 2771 3703 2846; baseline -0.001 -19"><span class='ocrx_word' id='word_1_383' title='bbox 2200 2773 2279 2846; x_wconf 81' lang='grc' dir='ltr'><strong>ὴμ</strong></span> <span class='ocrx_word' id='word_1_384' title='bbox 2320 2775 2612 2846; x_wconf 86' lang='grc' dir='ltr'>ἀπόκρισιν</span> <span class='ocrx_word' id='word_1_385' title='bbox 2652 2773 2934 2845; x_wconf 77' lang='grc' dir='ltr'>ἐξενήνοχε</span> <span class='ocrx_word' id='word_1_386' title='bbox 2979 2772 3121 2826; x_wconf 85' lang='grc' dir='ltr'><strong>κατά</strong></span> <span class='ocrx_word' id='word_1_387' title='bbox 3160 2771 3257 2844; x_wconf 80' lang='grc' dir='ltr'><strong>τὴν</strong></span> <span class='ocrx_word' id='word_1_388' title='bbox 3304 2772 3368 2827; x_wconf 88' lang='grc' dir='ltr'><strong>ἐν</strong></span> <span class='ocrx_word' id='word_1_389' title='bbox 3410 2772 3499 2843; x_wconf 80' lang='grc' dir='ltr'>τῷ</span> <span class='ocrx_word' id='word_1_390' title='bbox 3531 2773 3703 2845; x_wconf 71' lang='grc' dir='ltr'><strong>Ἐζρᾳ</strong></span> 
     </span>
    </p>
   </div>
   <div class='ocr_carea' id='block_1_53' title="bbox 408 2861 1914 2939">
    <p class='ocr_par' dir='ltr' id='par_1_53' title="bbox 408 2861 1914 2933">
     <span class='ocr_line' id='line_1_53' title="bbox 408 2861 1914 2933; baseline -0.001 -14"><span class='ocrx_word' id='word_1_391' title='bbox 408 2864 696 2919; x_wconf 75' lang='lat' dir='ltr'><strong>suscitavit</strong></span> <span class='ocrx_word' id='word_1_392' title='bbox 757 2861 1022 2916; x_wconf 91' lang='lat' dir='ltr'><strong>Dominus</strong></span> <span class='ocrx_word' id='word_1_393' title='bbox 1077 2861 1332 2931; x_wconf 87' lang='lat' dir='ltr'><strong>spiritum</strong></span> <span class='ocrx_word' id='word_1_394' title='bbox 1394 2861 1545 2933; x_wconf 80' lang='lat' dir='ltr'><strong>Cyri,</strong></span> <span class='ocrx_word' id='word_1_395' title='bbox 1605 2863 1751 2928; x_wconf 68' lang='lat' dir='ltr'><strong>regis</strong></span> <span class='ocrx_word' id='word_1_396' title='bbox 1799 2861 1914 2918; x_wconf 78' lang='lat' dir='ltr'><strong>Per:</strong></span> 
     </span>
    </p>
   </div>
   <div class='ocr_carea' id='block_1_54' title="bbox 2195 2861 3701 2939">
    <p class='ocr_par' dir='ltr' id='par_1_54' title="bbox 2195 2862 3701 2939">
     <span class='ocr_line' id='line_1_54' title="bbox 2195 2862 3701 2939; baseline -0.003 -21"><span class='ocrx_word' id='word_1_397' title='bbox 2195 2867 2335 2939; x_wconf 73' lang='grc' dir='ltr'>ιφην,</span> <span class='ocrx_word' id='word_1_398' title='bbox 2363 2864 2553 2919; x_wconf 80' lang='grc' dir='ltr'>τοῦτον</span> <span class='ocrx_word' id='word_1_399' title='bbox 2603 2862 2833 2935; x_wconf 77' lang='grc' dir='ltr'>ἔχουσαν</span> <span class='ocrx_word' id='word_1_400' title='bbox 2886 2863 2976 2916; x_wconf 78' lang='grc' dir='ltr'>τὸν</span> <span class='ocrx_word' id='word_1_401' title='bbox 3028 2863 3256 2933; x_wconf 72' lang='grc' dir='ltr'>τρόπον’</span> <span class='ocrx_word' id='word_1_402' title='bbox 3296 2881 3318 2914; x_wconf 75' lang='grc' dir='ltr'><strong>ι</strong></span> <span class='ocrx_word' id='word_1_403' title='bbox 3356 2863 3480 2916; x_wconf 68' lang='grc' dir='ltr'>Καὶ</span> <span class='ocrx_word' id='word_1_404' title='bbox 3526 2864 3589 2915; x_wconf 92' lang='grc' dir='ltr'><strong>ἐν</strong></span> <span class='ocrx_word' id='word_1_405' title='bbox 3626 2863 3701 2933; x_wconf 76' lang='grc' dir='ltr'><strong>τῷ</strong></span> 
     </span>
    </p>
   </div>
   <div class='ocr_carea' id='block_1_55' title="bbox 406 2952 1912 3033">
    <p class='ocr_par' dir='ltr' id='par_1_55' title="bbox 406 2952 1912 3020">
     <span class='ocr_line' id='line_1_55' title="bbox 406 2952 1912 3020; baseline -0.002 -12"><span class='ocrx_word' id='word_1_406' title='bbox 406 2969 531 3009; x_wconf 92' lang='lat' dir='ltr'><strong>rum</strong></span> <span class='ocrx_word' id='word_1_407' title='bbox 563 2973 575 3008; x_wconf 89' lang='lat'><strong>:</strong></span> <span class='ocrx_word' id='word_1_408' title='bbox 603 2961 658 3008; x_wconf 91' lang='lat' dir='ltr'><strong>et</strong></span> <span class='ocrx_word' id='word_1_409' title='bbox 688 2953 931 3007; x_wconf 76' lang='lat' dir='ltr'><strong>traduxit</strong></span> <span class='ocrx_word' id='word_1_410' title='bbox 963 2969 1151 3007; x_wconf 88' lang='lat' dir='ltr'><strong>vocem</strong></span> <span class='ocrx_word' id='word_1_411' title='bbox 1185 2952 1238 3006; x_wconf 89' lang='lat' dir='ltr'><strong>in</strong></span> <span class='ocrx_word' id='word_1_412' title='bbox 1277 2953 1427 3006; x_wconf 88' lang='lat' dir='ltr'><strong>omni</strong></span> <span class='ocrx_word' id='word_1_413' title='bbox 1466 2968 1635 3020; x_wconf 72' lang='lat' dir='ltr'><strong>regno</strong></span> <span class='ocrx_word' id='word_1_414' title='bbox 1668 2968 1792 3017; x_wconf 86' lang='lat' dir='ltr'><strong>suo,</strong></span> <span class='ocrx_word' id='word_1_415' title='bbox 1829 2954 1912 3008; x_wconf 88' lang='lat' dir='ltr'><strong>eti:</strong></span> 
     </span>
    </p>
   </div>
   <div class='ocr_carea' id='block_1_56' title="bbox 2195 2952 3701 3033">
    <p class='ocr_par' dir='ltr' id='par_1_56' title="bbox 2195 2955 3701 3031">
     <span class='ocr_line' id='line_1_56' title="bbox 2195 2955 3701 3031; baseline -0.001 -19"><span class='ocrx_word' id='word_1_416' title='bbox 2195 2959 2300 3031; x_wconf 72' lang='grc' dir='ltr'><strong>ὓτῳ</strong></span> <span class='ocrx_word' id='word_1_417' title='bbox 2336 2960 2444 3013; x_wconf 81' lang='grc' dir='ltr'>ἔτει</span> <span class='ocrx_word' id='word_1_418' title='bbox 2490 2959 2673 3031; x_wconf 79' lang='grc' dir='ltr'>Κύρου</span> <span class='ocrx_word' id='word_1_419' title='bbox 2720 2957 2984 3029; x_wconf 80' lang='grc' dir='ltr'>βασιλέως</span> <span class='ocrx_word' id='word_1_420' title='bbox 3029 2957 3273 3028; x_wconf 80' lang='grc' dir='ltr'>Περσῶν,</span> <span class='ocrx_word' id='word_1_421' title='bbox 3310 2955 3409 3010; x_wconf 80' lang='grc' dir='ltr'><strong>τοῦ</strong></span> <span class='ocrx_word' id='word_1_422' title='bbox 3444 2956 3701 3026; x_wconf 71' lang='grc' dir='ltr'>τελεσθῇ·</span> 
     </span>
    </p>
   </div>
   <div class='ocr_carea' id='block_1_57' title="bbox 407 3042 1913 3123">
    <p class='ocr_par' dir='ltr' id='par_1_57' title="bbox 407 3042 1910 3116">
     <span class='ocr_line' id='line_1_57' title="bbox 407 3042 1910 3116; baseline 0.003 -20"><span class='ocrx_word' id='word_1_423' title='bbox 407 3056 507 3115; x_wconf 88' lang='lat' dir='ltr'><strong>per</strong></span> <span class='ocrx_word' id='word_1_424' title='bbox 529 3042 868 3114; x_wconf 87' lang='lat' dir='ltr'><strong>Scripturam</strong></span> <span class='ocrx_word' id='word_1_425' title='bbox 902 3043 1094 3098; x_wconf 88' lang='lat' dir='ltr'><strong>dicens</strong></span> <span class='ocrx_word' id='word_1_426' title='bbox 1138 3062 1151 3097; x_wconf 86' lang='lat'><strong>:</strong></span> <span class='ocrx_word' id='word_1_427' title='bbox 1186 3042 1311 3097; x_wconf 53' lang='lat' dir='ltr'><strong>llrec</strong></span> <span class='ocrx_word' id='word_1_428' title='bbox 1365 3043 1498 3096; x_wconf 84' lang='lat' dir='ltr'><strong>dicit</strong></span> <span class='ocrx_word' id='word_1_429' title='bbox 1518 3044 1695 3116; x_wconf 80' lang='lat' dir='ltr'><strong>Cyrus</strong></span> <span class='ocrx_word' id='word_1_430' title='bbox 1734 3061 1828 3100; x_wconf 72' lang='lat' dir='ltr'><strong>rex</strong></span> <span class='ocrx_word' id='word_1_431' title='bbox 1869 3044 1910 3099; x_wconf 88' lang='lat' dir='ltr'><strong>P</strong></span> 
     </span>
    </p>
   </div>
   <div class='ocr_carea' id='block_1_58' title="bbox 2193 3042 3699 3123">
    <p class='ocr_par' dir='ltr' id='par_1_58' title="bbox 2212 3046 3699 3123">
     <span class='ocr_line' id='line_1_58' title="bbox 2212 3046 3699 3123; baseline -0.003 -19"><span class='ocrx_word' id='word_1_432' title='bbox 2212 3050 2369 3121; x_wconf 90' lang='grc' dir='ltr'>λόγον</span> <span class='ocrx_word' id='word_1_433' title='bbox 2408 3053 2615 3123; x_wconf 82' lang='grc' dir='ltr'>Κυρίου</span> <span class='ocrx_word' id='word_1_434' title='bbox 2654 3049 2762 3104; x_wconf 82' lang='grc' dir='ltr'>ἀπὸ</span> <span class='ocrx_word' id='word_1_435' title='bbox 2810 3050 3077 3119; x_wconf 88' lang='grc' dir='ltr'>στόματος</span> <span class='ocrx_word' id='word_1_436' title='bbox 3121 3047 3412 3119; x_wconf 84' lang='grc' dir='ltr'>Ἱερεμίου,</span> <span class='ocrx_word' id='word_1_437' title='bbox 3444 3046 3699 3119; x_wconf 77' lang='grc' dir='ltr'>ἐξήγειρε</span> 
     </span>
    </p>
   </div>
   <div class='ocr_carea' id='block_1_59' title="bbox 409 3134 1915 3217">
    <p class='ocr_par' dir='ltr' id='par_1_59' title="bbox 409 3134 1915 3206">
     <span class='ocr_line' id='line_1_59' title="bbox 409 3134 1915 3206; baseline -0.001 -13"><span class='ocrx_word' id='word_1_438' title='bbox 409 3151 645 3193; x_wconf 77' lang='lat' dir='ltr'><strong>sarum:</strong></span> <span class='ocrx_word' id='word_1_439' title='bbox 686 3134 881 3191; x_wconf 88' lang='lat' dir='ltr'><strong>Omnia</strong></span> <span class='ocrx_word' id='word_1_440' title='bbox 930 3152 1096 3206; x_wconf 78' lang='lat' dir='ltr'><strong>regna</strong></span> <span class='ocrx_word' id='word_1_441' title='bbox 1133 3144 1295 3190; x_wconf 62' lang='lat' dir='ltr'><strong>terrm.</strong></span> <span class='ocrx_word' id='word_1_442' title='bbox 1346 3135 1497 3191; x_wconf 87' lang='lat' dir='ltr'><strong>dedit</strong></span> <span class='ocrx_word' id='word_1_443' title='bbox 1545 3138 1680 3191; x_wconf 89' lang='lat' dir='ltr'><strong>mihi</strong></span> <span class='ocrx_word' id='word_1_444' title='bbox 1729 3135 1915 3192; x_wconf 86' lang='lat' dir='ltr'><strong>Domin</strong></span> 
     </span>
    </p>
   </div>
   <div class='ocr_carea' id='block_1_60' title="bbox 2194 3134 3700 3217">
    <p class='ocr_par' dir='ltr' id='par_1_60' title="bbox 2194 3139 3700 3217">
     <span class='ocr_line' id='line_1_60' title="bbox 2194 3139 3700 3217; baseline -0.002 -20"><span class='ocrx_word' id='word_1_445' title='bbox 2194 3163 2301 3217; x_wconf 87' lang='grc' dir='ltr'>ριος</span> <span class='ocrx_word' id='word_1_446' title='bbox 2337 3144 2396 3199; x_wconf 78' lang='grc' dir='ltr'>τὸ</span> <span class='ocrx_word' id='word_1_447' title='bbox 2424 3143 2640 3213; x_wconf 78' lang='grc' dir='ltr'>πνεῦμα</span> <span class='ocrx_word' id='word_1_448' title='bbox 2667 3143 2852 3214; x_wconf 81' lang='grc' dir='ltr'>Κύρου</span> <span class='ocrx_word' id='word_1_449' title='bbox 2886 3141 3145 3212; x_wconf 81' lang='grc' dir='ltr'>βασιλέως</span> <span class='ocrx_word' id='word_1_450' title='bbox 3167 3139 3540 3211; x_wconf 73' lang='grc' dir='ltr'>Περσῶν,καὶ</span> <span class='ocrx_word' id='word_1_451' title='bbox 3576 3158 3700 3211; x_wconf 75' lang='grc' dir='ltr'>παρ·</span> 
     </span>
    </p>
   </div>
   <div class='ocr_carea' id='block_1_61' title="bbox 407 3228 1913 3309">
    <p class='ocr_par' dir='ltr' id='par_1_61' title="bbox 407 3228 1911 3301">
     <span class='ocr_line' id='line_1_61' title="bbox 407 3228 1911 3301; baseline 0.001 -18"><span class='ocrx_word' id='word_1_452' title='bbox 407 3228 557 3285; x_wconf 89' lang='lat' dir='ltr'><strong>Deus</strong></span> <span class='ocrx_word' id='word_1_453' title='bbox 588 3230 735 3293; x_wconf 64' lang='lat' dir='ltr'><strong>caeli,</strong></span> <span class='ocrx_word' id='word_1_454' title='bbox 774 3239 827 3284; x_wconf 91' lang='lat' dir='ltr'><strong>et</strong></span> <span class='ocrx_word' id='word_1_455' title='bbox 859 3230 976 3300; x_wconf 90' lang='lat' dir='ltr'><strong>ipse</strong></span> <span class='ocrx_word' id='word_1_456' title='bbox 1017 3233 1279 3301; x_wconf 64' lang='lat' dir='ltr'><strong>praecepit</strong></span> <span class='ocrx_word' id='word_1_457' title='bbox 1317 3231 1446 3285; x_wconf 88' lang='lat' dir='ltr'><strong>mibi</strong></span> <span class='ocrx_word' id='word_1_458' title='bbox 1481 3238 1541 3285; x_wconf 89' lang='lat' dir='ltr'><strong>ut</strong></span> <span class='ocrx_word' id='word_1_459' title='bbox 1582 3231 1911 3288; x_wconf 75' lang='lat' dir='ltr'><strong>aediﬁcarent</strong></span> 
     </span>
    </p>
   </div>
   <div class='ocr_carea' id='block_1_62' title="bbox 2193 3228 3699 3309">
    <p class='ocr_par' dir='ltr' id='par_1_62' title="bbox 2193 3230 3699 3308">
     <span class='ocr_line' id='line_1_62' title="bbox 2193 3230 3699 3308; baseline -0.003 -19"><span class='ocrx_word' id='word_1_460' title='bbox 2193 3236 2318 3303; x_wconf 65' lang='lat' dir='ltr'><strong>ruite</strong></span> <span class='ocrx_word' id='word_1_461' title='bbox 2350 3234 2534 3307; x_wconf 77' lang='grc' dir='ltr'>φωνὴν</span> <span class='ocrx_word' id='word_1_462' title='bbox 2558 3236 2615 3289; x_wconf 84' lang='grc' dir='ltr'><strong>ἐν</strong></span> <span class='ocrx_word' id='word_1_463' title='bbox 2650 3235 2799 3308; x_wconf 79' lang='grc' dir='ltr'>πάσῃ</span> <span class='ocrx_word' id='word_1_464' title='bbox 2835 3233 3081 3306; x_wconf 82' lang='grc' dir='ltr'>βασιλείᾳ</span> <span class='ocrx_word' id='word_1_465' title='bbox 3108 3230 3295 3294; x_wconf 77' lang='grc' dir='ltr'>αὐτοῦ,</span> <span class='ocrx_word' id='word_1_466' title='bbox 3331 3231 3433 3285; x_wconf 80' lang='grc' dir='ltr'><strong>καί</strong></span> <span class='ocrx_word' id='word_1_467' title='bbox 3501 3250 3571 3301; x_wconf 88' lang='grc' dir='ltr'><strong>γε</strong></span> <span class='ocrx_word' id='word_1_468' title='bbox 3610 3234 3699 3297; x_wconf 79' lang='grc' dir='ltr'>ἐγ-</span> 
     </span>
    </p>
   </div>
   <div class='ocr_carea' id='block_1_63' title="bbox 407 3300 1913 3403">
    <p class='ocr_par' dir='ltr' id='par_1_63' title="bbox 407 3300 1913 3394">
     <span class='ocr_line' id='line_1_63' title="bbox 407 3300 1913 3394; baseline 0.001 -15"><span class='ocrx_word' id='word_1_469' title='bbox 407 3323 630 3379; x_wconf 89' lang='lat' dir='ltr'><strong>domum</strong></span> <span class='ocrx_word' id='word_1_470' title='bbox 673 3323 728 3377; x_wconf 90' lang='lat' dir='ltr'><strong>in</strong></span> <span class='ocrx_word' id='word_1_471' title='bbox 758 3300 1087 3389; x_wconf 80' lang='lat' dir='ltr'><strong>Jerusalem,</strong></span> <span class='ocrx_word' id='word_1_472' title='bbox 1122 3300 1243 3394; x_wconf 66' lang='lat' dir='ltr'><strong>quae</strong></span> <span class='ocrx_word' id='word_1_473' title='bbox 1280 3333 1365 3381; x_wconf 90' lang='lat' dir='ltr'><strong>est</strong></span> <span class='ocrx_word' id='word_1_474' title='bbox 1396 3324 1450 3379; x_wconf 91' lang='lat' dir='ltr'><strong>in</strong></span> <span class='ocrx_word' id='word_1_475' title='bbox 1488 3324 1695 3381; x_wconf 74' lang='lat' dir='ltr'><strong>Judzea.</strong></span> <span class='ocrx_word' id='word_1_476' title='bbox 1724 3325 1861 3393; x_wconf 84' lang='lat' dir='ltr'><strong>Quis</strong></span> <span class='ocrx_word' id='word_1_477' title='bbox 1910 3350 1913 3374; x_wconf 68' lang='grc' dir='ltr'>ι</span> 
     </span>
    </p>
   </div>
   <div class='ocr_carea' id='block_1_64' title="bbox 2194 3300 3700 3403">
    <p class='ocr_par' dir='ltr' id='par_1_64' title="bbox 2194 3300 3700 3399">
     <span class='ocr_line' id='line_1_64' title="bbox 2194 3300 3700 3399; baseline -0.003 -17"><span class='ocrx_word' id='word_1_478' title='bbox 2194 3300 2380 3394; x_wconf 61' lang='lat' dir='ltr'><strong>iret-mg,</strong></span> <span class='ocrx_word' id='word_1_479' title='bbox 2407 3300 2601 3399; x_wconf 74' lang='grc' dir='ltr'>λέγων’</span> <span class='ocrx_word' id='word_1_480' title='bbox 2626 3300 2813 3390; x_wconf 66' lang='grc' dir='ltr'>Οὖτιος</span> <span class='ocrx_word' id='word_1_481' title='bbox 2833 3300 2984 3380; x_wconf 80' lang='grc' dir='ltr'>εἷπεν</span> <span class='ocrx_word' id='word_1_482' title='bbox 3010 3300 3092 3380; x_wconf 60' lang='lat' dir='ltr'><em>K6</em></span> <span class='ocrx_word' id='word_1_483' title='bbox 3102 3343 3192 3399; x_wconf 85' lang='grc' dir='ltr'>ρος</span> <span class='ocrx_word' id='word_1_484' title='bbox 3214 3328 3244 3379; x_wconf 95' lang='lat'><strong>6</strong></span> <span class='ocrx_word' id='word_1_485' title='bbox 3274 3300 3551 3395; x_wconf 81' lang='grc' dir='ltr'>βασιλεὺς</span> <span class='ocrx_word' id='word_1_486' title='bbox 3568 3326 3700 3396; x_wconf 85' lang='grc' dir='ltr'><strong>Περ-</strong></span> 
     </span>
    </p>
   </div>
   <div class='ocr_carea' id='block_1_65' title="bbox 407 3414 1913 3491">
    <p class='ocr_par' dir='ltr' id='par_1_65' title="bbox 407 3414 1913 3489">
     <span class='ocr_line' id='line_1_65' title="bbox 407 3414 1913 3489; baseline 0.001 -19"><span class='ocrx_word' id='word_1_487' title='bbox 407 3415 464 3470; x_wconf 82' lang='lat' dir='ltr'><strong>in</strong></span> <span class='ocrx_word' id='word_1_488' title='bbox 495 3416 654 3471; x_wconf 81' lang='lat' dir='ltr'><strong>vobis</strong></span> <span class='ocrx_word' id='word_1_489' title='bbox 692 3414 759 3470; x_wconf 86' lang='lat' dir='ltr'><strong>de</strong></span> <span class='ocrx_word' id='word_1_490' title='bbox 803 3417 1063 3471; x_wconf 89' lang='lat' dir='ltr'><strong>universo</strong></span> <span class='ocrx_word' id='word_1_491' title='bbox 1102 3419 1305 3489; x_wconf 91' lang='lat' dir='ltr'><strong>populo</strong></span> <span class='ocrx_word' id='word_1_492' title='bbox 1346 3419 1500 3488; x_wconf 75' lang='lat' dir='ltr'><strong>ejus?</strong></span> <span class='ocrx_word' id='word_1_493' title='bbox 1540 3417 1623 3473; x_wconf 89' lang='lat' dir='ltr'><strong>Sit</strong></span> <span class='ocrx_word' id='word_1_494' title='bbox 1675 3417 1819 3475; x_wconf 88' lang='lat' dir='ltr'><strong>Deus</strong></span> <span class='ocrx_word' id='word_1_495' title='bbox 1846 3420 1913 3473; x_wconf 89' lang='lat' dir='ltr'><strong>illi</strong></span> 
     </span>
    </p>
   </div>
   <div class='ocr_carea' id='block_1_66' title="bbox 2192 3414 3698 3491">
    <p class='ocr_par' dir='ltr' id='par_1_66' title="bbox 2192 3417 3698 3491">
     <span class='ocr_line' id='line_1_66' title="bbox 2192 3417 3698 3491; baseline -0.005 -15"><span class='ocrx_word' id='word_1_496' title='bbox 2192 3439 2238 3476; x_wconf 68' lang='grc' dir='ltr'>ν’</span> <span class='ocrx_word' id='word_1_497' title='bbox 2274 3423 2464 3487; x_wconf 81' lang='grc' dir='ltr'>Πάσας</span> <span class='ocrx_word' id='word_1_498' title='bbox 2506 3422 2607 3485; x_wconf 78' lang='grc' dir='ltr'>τὰς</span> <span class='ocrx_word' id='word_1_499' title='bbox 2660 3420 2937 3490; x_wconf 79' lang='grc' dir='ltr'>βασιλείας</span> <span class='ocrx_word' id='word_1_500' title='bbox 2974 3420 3072 3491; x_wconf 68' lang='grc' dir='ltr'><strong>τῆς</strong></span> <span class='ocrx_word' id='word_1_501' title='bbox 3116 3418 3221 3489; x_wconf 86' lang='grc' dir='ltr'><strong>γῆς</strong></span> <span class='ocrx_word' id='word_1_502' title='bbox 3262 3417 3571 3489; x_wconf 86' lang='grc' dir='ltr'>παρέδωκέ</span> <span class='ocrx_word' id='word_1_503' title='bbox 3615 3436 3698 3488; x_wconf 78' lang='grc' dir='ltr'><strong>μοι</strong></span> 
     </span>
    </p>
   </div>
   <div class='ocr_carea' id='block_1_67' title="bbox 408 3508 1914 3588">
    <p class='ocr_par' dir='ltr' id='par_1_67' title="bbox 408 3508 1914 3583">
     <span class='ocr_line' id='line_1_67' title="bbox 408 3508 1914 3583; baseline 0.003 -21"><span class='ocrx_word' id='word_1_504' title='bbox 408 3522 534 3562; x_wconf 91' lang='lat' dir='ltr'><strong>cum</strong></span> <span class='ocrx_word' id='word_1_505' title='bbox 567 3510 704 3578; x_wconf 92' lang='lat' dir='ltr'><strong>ipso.</strong></span> <span class='ocrx_word' id='word_1_506' title='bbox 735 3508 1008 3564; x_wconf 85' lang='lat' dir='ltr'><strong>Ascendat</strong></span> <span class='ocrx_word' id='word_1_507' title='bbox 1050 3511 1103 3564; x_wconf 90' lang='lat' dir='ltr'><strong>in</strong></span> <span class='ocrx_word' id='word_1_508' title='bbox 1134 3511 1441 3566; x_wconf 80' lang='lat' dir='ltr'><strong>Jerusalem</strong></span> <span class='ocrx_word' id='word_1_509' title='bbox 1479 3512 1589 3580; x_wconf 64' lang='lat' dir='ltr'><strong>&#39;t&#39;;</strong></span> <span class='ocrx_word' id='word_1_510' title='bbox 1626 3534 1642 3565; x_wconf 75' lang='grc' dir='ltr'>ι</span> <span class='ocrx_word' id='word_1_511' title='bbox 1674 3521 1728 3568; x_wconf 87' lang='lat' dir='ltr'><strong>et</strong></span> <span class='ocrx_word' id='word_1_512' title='bbox 1758 3514 1914 3583; x_wconf 88' lang='lat' dir='ltr'><strong>relin</strong></span> 
     </span>
    </p>
   </div>
   <div class='ocr_carea' id='block_1_68' title="bbox 2194 3508 3700 3588">
    <p class='ocr_par' dir='ltr' id='par_1_68' title="bbox 2194 3511 3700 3588">
     <span class='ocr_line' id='line_1_68' title="bbox 2194 3511 3700 3588; baseline -0.004 -19"><span class='ocrx_word' id='word_1_513' title='bbox 2194 3533 2300 3588; x_wconf 86' lang='grc' dir='ltr'>ριος</span> <span class='ocrx_word' id='word_1_514' title='bbox 2331 3518 2360 3569; x_wconf 93' lang='lat'><strong>6</strong></span> <span class='ocrx_word' id='word_1_515' title='bbox 2402 3515 2534 3579; x_wconf 81' lang='grc' dir='ltr'>Θεὸς</span> <span class='ocrx_word' id='word_1_516' title='bbox 2576 3514 2671 3568; x_wconf 77' lang='grc' dir='ltr'><strong>τοῦ</strong></span> <span class='ocrx_word' id='word_1_517' title='bbox 2715 3514 2970 3586; x_wconf 81' lang='grc' dir='ltr'>οὐρανοῦ,</span> <span class='ocrx_word' id='word_1_518' title='bbox 3001 3512 3096 3567; x_wconf 72' lang='grc' dir='ltr'><strong>καὶ</strong></span> <span class='ocrx_word' id='word_1_519' title='bbox 3140 3511 3305 3575; x_wconf 79' lang='grc' dir='ltr'>αὐτὸς</span> <span class='ocrx_word' id='word_1_520' title='bbox 3349 3512 3700 3582; x_wconf 72' lang='grc' dir='ltr'>ἐπεσκέψατο</span> 
     </span>
    </p>
   </div>
   <div class='ocr_carea' id='block_1_69' title="bbox 408 3598 1914 3679">
    <p class='ocr_par' dir='ltr' id='par_1_69' title="bbox 408 3598 1914 3676">
     <span class='ocr_line' id='line_1_69' title="bbox 408 3598 1914 3676; baseline 0.003 -21"><span class='ocrx_word' id='word_1_521' title='bbox 408 3598 621 3667; x_wconf 82' lang='lat' dir='ltr'><strong>Quibus</strong></span> <span class='ocrx_word' id='word_1_522' title='bbox 659 3601 851 3657; x_wconf 90' lang='lat' dir='ltr'><strong>addit:</strong></span> <span class='ocrx_word' id='word_1_523' title='bbox 889 3621 908 3653; x_wconf 75' lang='grc' dir='ltr'>ι</span> <span class='ocrx_word' id='word_1_524' title='bbox 937 3601 1051 3657; x_wconf 76' lang='lat' dir='ltr'><strong>Rex</strong></span> <span class='ocrx_word' id='word_1_525' title='bbox 1098 3619 1317 3674; x_wconf 89' lang='lat' dir='ltr'><strong>quoque</strong></span> <span class='ocrx_word' id='word_1_526' title='bbox 1367 3603 1545 3676; x_wconf 79' lang='lat' dir='ltr'><strong>Cyrus</strong></span> <span class='ocrx_word' id='word_1_527' title='bbox 1594 3606 1821 3675; x_wconf 89' lang='lat' dir='ltr'><strong>protulit</strong></span> <span class='ocrx_word' id='word_1_528' title='bbox 1864 3621 1914 3659; x_wconf 85' lang='lat' dir='ltr'><strong>v:</strong></span> 
     </span>
    </p>
   </div>
   <div class='ocr_carea' id='block_1_70' title="bbox 2192 3598 3698 3679">
    <p class='ocr_par' dir='ltr' id='par_1_70' title="bbox 2218 3601 3698 3679">
     <span class='ocr_line' id='line_1_70' title="bbox 2218 3601 3698 3679; baseline -0.001 -19"><span class='ocrx_word' id='word_1_529' title='bbox 2218 3607 2318 3679; x_wconf 87' lang='grc' dir='ltr'><strong>ἐμὲ</strong></span> <span class='ocrx_word' id='word_1_530' title='bbox 2362 3607 2455 3662; x_wconf 79' lang='grc' dir='ltr'><strong>τοῦ</strong></span> <span class='ocrx_word' id='word_1_531' title='bbox 2482 3607 2831 3678; x_wconf 77' lang='grc' dir='ltr'>οἰκοδομῆσαι</span> <span class='ocrx_word' id='word_1_532' title='bbox 2866 3606 3015 3677; x_wconf 77' lang='grc' dir='ltr'><strong>αὖτῷ</strong></span> <span class='ocrx_word' id='word_1_533' title='bbox 3042 3601 3188 3660; x_wconf 75' lang='grc' dir='ltr'>οἷκον</span> <span class='ocrx_word' id='word_1_534' title='bbox 3227 3606 3285 3658; x_wconf 91' lang='grc' dir='ltr'><strong>ἐν</strong></span> <span class='ocrx_word' id='word_1_535' title='bbox 3331 3605 3698 3676; x_wconf 70' lang='grc' dir='ltr'>Ἰερουσαλὴμ</span> 
     </span>
    </p>
   </div>
   <div class='ocr_carea' id='block_1_71' title="bbox 407 3694 1913 3771">
    <p class='ocr_par' dir='ltr' id='par_1_71' title="bbox 407 3694 1913 3766">
     <span class='ocr_line' id='line_1_71' title="bbox 407 3694 1913 3766; baseline 0.003 -19"><span class='ocrx_word' id='word_1_536' title='bbox 407 3695 595 3764; x_wconf 89' lang='lat' dir='ltr'><strong>templi</strong></span> <span class='ocrx_word' id='word_1_537' title='bbox 627 3694 864 3759; x_wconf 87' lang='lat' dir='ltr'><strong>Domini,</strong></span> <span class='ocrx_word' id='word_1_538' title='bbox 897 3711 1018 3766; x_wconf 67' lang='lat' dir='ltr'><strong>quae</strong></span> <span class='ocrx_word' id='word_1_539' title='bbox 1040 3697 1239 3751; x_wconf 90' lang='lat' dir='ltr'><strong>tulerat</strong></span> <span class='ocrx_word' id='word_1_540' title='bbox 1269 3696 1779 3753; x_wconf 79' lang='lat' dir='ltr'><strong>Nabuchodonosor</strong></span> <span class='ocrx_word' id='word_1_541' title='bbox 1808 3697 1874 3752; x_wconf 92' lang='lat' dir='ltr'><strong>de</strong></span> <span class='ocrx_word' id='word_1_542' title='bbox 1899 3696 1913 3751; x_wconf 58' lang='grc' dir='ltr'><strong><em>ὲ</em></strong></span> 
     </span>
    </p>
   </div>
   <div class='ocr_carea' id='block_1_72' title="bbox 2192 3694 3698 3771">
    <p class='ocr_par' dir='ltr' id='par_1_72' title="bbox 2201 3695 3698 3771">
     <span class='ocr_line' id='line_1_72' title="bbox 2201 3695 3698 3771; baseline -0.003 -18"><span class='ocrx_word' id='word_1_543' title='bbox 2201 3702 2260 3753; x_wconf 91' lang='grc' dir='ltr'><strong>ἐν</strong></span> <span class='ocrx_word' id='word_1_544' title='bbox 2300 3698 2551 3771; x_wconf 78' lang='grc' dir='ltr'>Ἰουδαίᾳ.</span> <span class='ocrx_word' id='word_1_545' title='bbox 2590 3698 2686 3763; x_wconf 89' lang='grc' dir='ltr'><strong>Τίς</strong></span> <span class='ocrx_word' id='word_1_546' title='bbox 2708 3701 2766 3753; x_wconf 79' lang='grc' dir='ltr'><strong>ἐν</strong></span> <span class='ocrx_word' id='word_1_547' title='bbox 2788 3700 2917 3770; x_wconf 84' lang='grc' dir='ltr'>ὑμῖν</span> <span class='ocrx_word' id='word_1_548' title='bbox 2952 3696 3063 3752; x_wconf 77' lang='grc' dir='ltr'><strong>ἀπὸ</strong></span> <span class='ocrx_word' id='word_1_549' title='bbox 3086 3696 3287 3761; x_wconf 79' lang='grc' dir='ltr'>παντὸς</span> <span class='ocrx_word' id='word_1_550' title='bbox 3314 3695 3413 3750; x_wconf 74' lang='grc' dir='ltr'>τοῦ</span> <span class='ocrx_word' id='word_1_551' title='bbox 3441 3695 3584 3752; x_wconf 78' lang='grc' dir='ltr'>λαοῦ</span> <span class='ocrx_word' id='word_1_552' title='bbox 3605 3696 3698 3749; x_wconf 79' lang='grc' dir='ltr'><strong>αὖ·</strong></span> 
     </span>
    </p>
   </div>
   <div class='ocr_carea' id='block_1_73' title="bbox 409 3787 1915 3861">
    <p class='ocr_par' dir='ltr' id='par_1_73' title="bbox 409 3788 1915 3861">
     <span class='ocr_line' id='line_1_73' title="bbox 409 3788 1915 3861; baseline 0.001 -20"><span class='ocrx_word' id='word_1_553' title='bbox 409 3788 675 3852; x_wconf 86' lang='lat' dir='ltr'><strong>rusalem,</strong></span> <span class='ocrx_word' id='word_1_554' title='bbox 715 3795 769 3843; x_wconf 92' lang='lat' dir='ltr'><strong>et</strong></span> <span class='ocrx_word' id='word_1_555' title='bbox 800 3795 1063 3859; x_wconf 87' lang='lat' dir='ltr'><strong>posuerat</strong></span> <span class='ocrx_word' id='word_1_556' title='bbox 1096 3805 1159 3844; x_wconf 90' lang='lat' dir='ltr'><strong>ea</strong></span> <span class='ocrx_word' id='word_1_557' title='bbox 1191 3790 1245 3844; x_wconf 91' lang='lat' dir='ltr'><strong>in</strong></span> <span class='ocrx_word' id='word_1_558' title='bbox 1280 3792 1487 3861; x_wconf 90' lang='lat' dir='ltr'><strong>templo</strong></span> <span class='ocrx_word' id='word_1_559' title='bbox 1528 3791 1614 3847; x_wconf 92' lang='lat' dir='ltr'><strong>dei</strong></span> <span class='ocrx_word' id='word_1_560' title='bbox 1646 3792 1754 3847; x_wconf 91' lang='lat' dir='ltr'><strong>sui.</strong></span> <span class='ocrx_word' id='word_1_561' title='bbox 1793 3789 1915 3845; x_wconf 86' lang='lat' dir='ltr'><strong>Prol</strong></span> 
     </span>
    </p>
   </div>
   <div class='ocr_carea' id='block_1_74' title="bbox 2189 3787 3695 3861">
    <p class='ocr_par' dir='ltr' id='par_1_74' title="bbox 2204 3787 3695 3861">
     <span class='ocr_line' id='line_1_74' title="bbox 2204 3787 3695 3861; baseline -0.005 -14"><span class='ocrx_word' id='word_1_562' title='bbox 2204 3810 2218 3860; x_wconf 89' lang='lat'><strong>;</strong></span> <span class='ocrx_word' id='word_1_563' title='bbox 2248 3794 2359 3847; x_wconf 73' lang='grc' dir='ltr'><strong>Καὶ</strong></span> <span class='ocrx_word' id='word_1_564' title='bbox 2388 3793 2539 3847; x_wconf 76' lang='grc' dir='ltr'>ἔσται</span> <span class='ocrx_word' id='word_1_565' title='bbox 2572 3794 2600 3846; x_wconf 93' lang='lat'><strong>6</strong></span> <span class='ocrx_word' id='word_1_566' title='bbox 2634 3791 2767 3857; x_wconf 80' lang='grc' dir='ltr'>Θεὸς</span> <span class='ocrx_word' id='word_1_567' title='bbox 2792 3790 2958 3845; x_wconf 74' lang='grc' dir='ltr'>αὑτοῦ</span> <span class='ocrx_word' id='word_1_568' title='bbox 2982 3791 3101 3861; x_wconf 79' lang='grc' dir='ltr'>μετ’</span> <span class='ocrx_word' id='word_1_569' title='bbox 3131 3787 3320 3855; x_wconf 78' lang='grc' dir='ltr'>αὑτοῦ,</span> <span class='ocrx_word' id='word_1_570' title='bbox 3356 3790 3458 3842; x_wconf 72' lang='grc' dir='ltr'><strong>καὶ</strong></span> <span class='ocrx_word' id='word_1_571' title='bbox 3490 3788 3695 3859; x_wconf 72' lang='grc' dir='ltr'>ἀναϐή-</span> 
     </span>
    </p>
   </div>
   <div class='ocr_carea' id='block_1_75' title="bbox 408 3876 1914 3957">
    <p class='ocr_par' dir='ltr' id='par_1_75' title="bbox 408 3877 1914 3952">
     <span class='ocr_line' id='line_1_75' title="bbox 408 3877 1914 3952; baseline 0.001 -20"><span class='ocrx_word' id='word_1_572' title='bbox 408 3878 472 3932; x_wconf 91' lang='lat' dir='ltr'><strong>lit</strong></span> <span class='ocrx_word' id='word_1_573' title='bbox 521 3888 701 3933; x_wconf 89' lang='lat' dir='ltr'><strong>autem</strong></span> <span class='ocrx_word' id='word_1_574' title='bbox 751 3893 814 3934; x_wconf 90' lang='lat' dir='ltr'><strong>ea</strong></span> <span class='ocrx_word' id='word_1_575' title='bbox 863 3877 1062 3952; x_wconf 86' lang='lat' dir='ltr'><strong>Cyrus,</strong></span> <span class='ocrx_word' id='word_1_576' title='bbox 1118 3895 1213 3935; x_wconf 77' lang='lat' dir='ltr'><strong>rex</strong></span> <span class='ocrx_word' id='word_1_577' title='bbox 1258 3879 1577 3946; x_wconf 84' lang='lat' dir='ltr'><strong>Persarum,</strong></span> <span class='ocrx_word' id='word_1_578' title='bbox 1623 3898 1719 3950; x_wconf 88' lang='lat' dir='ltr'><strong>per</strong></span> <span class='ocrx_word' id='word_1_579' title='bbox 1767 3896 1914 3935; x_wconf 89' lang='lat' dir='ltr'><strong>mam</strong></span> 
     </span>
    </p>
   </div>
   <div class='ocr_carea' id='block_1_76' title="bbox 2190 3876 3696 3957">
    <p class='ocr_par' dir='ltr' id='par_1_76' title="bbox 2190 3876 3696 3957">
     <span class='ocr_line' id='line_1_76' title="bbox 2190 3876 3696 3957; baseline -0.004 -18"><span class='ocrx_word' id='word_1_580' title='bbox 2190 3903 2247 3941; x_wconf 91' lang='grc' dir='ltr'>αι</span> <span class='ocrx_word' id='word_1_581' title='bbox 2266 3887 2345 3949; x_wconf 84' lang='grc' dir='ltr'><strong>είς</strong></span> <span class='ocrx_word' id='word_1_582' title='bbox 2379 3885 2764 3957; x_wconf 66' lang='grc' dir='ltr'>Ἰερουσαλήμ*</span> <span class='ocrx_word' id='word_1_583' title='bbox 2790 3907 2809 3936; x_wconf 80' lang='grc' dir='ltr'>ι</span> <span class='ocrx_word' id='word_1_584' title='bbox 2833 3885 2926 3938; x_wconf 68' lang='grc' dir='ltr'>καὶ</span> <span class='ocrx_word' id='word_1_585' title='bbox 2953 3882 3021 3936; x_wconf 80' lang='grc' dir='ltr'>τὰ</span> <span class='ocrx_word' id='word_1_586' title='bbox 3040 3881 3186 3953; x_wconf 82' lang='grc' dir='ltr'><strong>ἐξῆς.</strong></span> <span class='ocrx_word' id='word_1_587' title='bbox 3212 3876 3307 3945; x_wconf 78' lang='grc' dir='ltr'><strong>Οἷς</strong></span> <span class='ocrx_word' id='word_1_588' title='bbox 3331 3881 3696 3952; x_wconf 80' lang='grc' dir='ltr'>ἐπιφέρεται”</span> 
     </span>
    </p>
   </div>
   <div class='ocr_carea' id='block_1_77' title="bbox 408 3967 1914 4048">
    <p class='ocr_par' dir='ltr' id='par_1_77' title="bbox 408 3967 1914 4034">
     <span class='ocr_line' id='line_1_77' title="bbox 408 3967 1914 4034; baseline 0.003 -11"><span class='ocrx_word' id='word_1_589' title='bbox 408 3967 790 4034; x_wconf 77' lang='lat' dir='ltr'><strong>Mithridatis,</strong></span> <span class='ocrx_word' id='word_1_590' title='bbox 878 3978 932 4026; x_wconf 87' lang='lat' dir='ltr'><strong>et</strong></span> <span class='ocrx_word' id='word_1_591' title='bbox 1022 3974 1402 4028; x_wconf 83' lang='lat' dir='ltr'><strong>annumeravit</strong></span> <span class='ocrx_word' id='word_1_592' title='bbox 1477 3989 1541 4028; x_wconf 88' lang='lat' dir='ltr'><strong>ca</strong></span> <span class='ocrx_word' id='word_1_593' title='bbox 1629 3973 1914 4027; x_wconf 70' lang='lat' dir='ltr'><strong>Samanass</strong></span> 
     </span>
    </p>
   </div>
   <div class='ocr_carea' id='block_1_78' title="bbox 2186 3967 3692 4048">
    <p class='ocr_par' dir='ltr' id='par_1_78' title="bbox 2186 3971 3692 4048">
     <span class='ocr_line' id='line_1_78' title="bbox 2186 3971 3692 4048; baseline -0.007 -15"><span class='ocrx_word' id='word_1_594' title='bbox 2186 3980 2257 4033; x_wconf 74' lang='lat' dir='ltr'><strong>Lai.</strong></span> <span class='ocrx_word' id='word_1_595' title='bbox 2298 3981 2327 4033; x_wconf 92' lang='lat'><strong>6</strong></span> <span class='ocrx_word' id='word_1_596' title='bbox 2383 3977 2636 4048; x_wconf 79' lang='grc' dir='ltr'>βασιλεὺς</span> <span class='ocrx_word' id='word_1_597' title='bbox 2665 3977 2847 4048; x_wconf 78' lang='grc' dir='ltr'>Κύρος</span> <span class='ocrx_word' id='word_1_598' title='bbox 2887 3974 3151 4046; x_wconf 84' lang='grc' dir='ltr'>ἐξήνεγκε</span> <span class='ocrx_word' id='word_1_599' title='bbox 3200 3971 3270 4027; x_wconf 89' lang='grc' dir='ltr'><strong>τά</strong></span> <span class='ocrx_word' id='word_1_600' title='bbox 3319 3972 3501 4043; x_wconf 85' lang='grc' dir='ltr'>σκεύη</span> <span class='ocrx_word' id='word_1_601' title='bbox 3548 3972 3692 4025; x_wconf 70' lang='grc' dir='ltr'>οἴκου</span> 
     </span>
    </p>
   </div>
   <div class='ocr_carea' id='block_1_79' title="bbox 407 4063 1913 4144">
    <p class='ocr_par' dir='ltr' id='par_1_79' title="bbox 407 4063 1913 4137">
     <span class='ocr_line' id='line_1_79' title="bbox 407 4063 1913 4137; baseline 0.003 -21"><span class='ocrx_word' id='word_1_602' title='bbox 407 4064 641 4134; x_wconf 89' lang='lat' dir='ltr'><strong>principi</strong></span> <span class='ocrx_word' id='word_1_603' title='bbox 683 4063 822 4118; x_wconf 86' lang='lat' dir='ltr'><strong>Juda</strong></span> <span class='ocrx_word' id='word_1_604' title='bbox 846 4065 911 4120; x_wconf 80' lang='lat'><strong>&quot;.</strong></span> <span class='ocrx_word' id='word_1_605' title='bbox 945 4083 963 4115; x_wconf 77' lang='grc' dir='ltr'>ι</span> <span class='ocrx_word' id='word_1_606' title='bbox 1010 4065 1216 4121; x_wconf 92' lang='lat' dir='ltr'><strong>Deinde</strong></span> <span class='ocrx_word' id='word_1_607' title='bbox 1266 4074 1457 4121; x_wconf 89' lang='lat' dir='ltr'><strong>narrat</strong></span> <span class='ocrx_word' id='word_1_608' title='bbox 1518 4065 1803 4137; x_wconf 86' lang='lat' dir='ltr'><strong>Scriptura</strong></span> <span class='ocrx_word' id='word_1_609' title='bbox 1854 4083 1913 4137; x_wconf 86' lang='lat' dir='ltr'><strong>qt</strong></span> 
     </span>
    </p>
   </div>
   <div class='ocr_carea' id='block_1_80' title="bbox 2188 4063 3694 4144">
    <p class='ocr_par' dir='ltr' id='par_1_80' title="bbox 2188 4063 3694 4144">
     <span class='ocr_line' id='line_1_80' title="bbox 2188 4063 3694 4144; baseline -0.015 -17"><span class='ocrx_word' id='word_1_610' title='bbox 2188 4073 2322 4144; x_wconf 86' lang='grc' dir='ltr'>ρίου,</span> <span class='ocrx_word' id='word_1_611' title='bbox 2348 4071 2384 4126; x_wconf 81' lang='grc' dir='ltr'>δ.</span> <span class='ocrx_word' id='word_1_612' title='bbox 2435 4070 2623 4125; x_wconf 77' lang='grc' dir='ltr'>ἐλαϐεν</span> <span class='ocrx_word' id='word_1_613' title='bbox 2665 4068 3135 4140; x_wconf 85' lang='grc' dir='ltr'>Ναϐουχοδονόσορ</span> <span class='ocrx_word' id='word_1_614' title='bbox 3160 4064 3267 4119; x_wconf 81' lang='grc' dir='ltr'>ἀπὸ</span> <span class='ocrx_word' id='word_1_615' title='bbox 3308 4063 3694 4135; x_wconf 61' lang='grc' dir='ltr'>Ἰερουσαλὴμ,</span> 
     </span>
    </p>
   </div>
   <div class='ocr_carea' id='block_1_81' title="bbox 407 4155 1913 4236">
    <p class='ocr_par' dir='ltr' id='par_1_81' title="bbox 407 4155 1913 4228">
     <span class='ocr_line' id='line_1_81' title="bbox 407 4155 1913 4228; baseline 0.001 -19"><span class='ocrx_word' id='word_1_616' title='bbox 407 4155 571 4209; x_wconf 91' lang='lat' dir='ltr'><strong>modo</strong></span> <span class='ocrx_word' id='word_1_617' title='bbox 627 4156 784 4225; x_wconf 87' lang='lat' dir='ltr'><strong>primi</strong></span> <span class='ocrx_word' id='word_1_618' title='bbox 839 4155 1132 4212; x_wconf 90' lang='lat' dir='ltr'><strong>redeuntes</strong></span> <span class='ocrx_word' id='word_1_619' title='bbox 1185 4158 1368 4227; x_wconf 80' lang='lat' dir='ltr'><strong>templi</strong></span> <span class='ocrx_word' id='word_1_620' title='bbox 1433 4157 1789 4213; x_wconf 83' lang='lat' dir='ltr'><strong>fundamenta</strong></span> <span class='ocrx_word' id='word_1_621' title='bbox 1839 4159 1913 4228; x_wconf 69' lang='lat' dir='ltr'><strong>jet</strong></span> 
     </span>
    </p>
   </div>
   <div class='ocr_carea' id='block_1_82' title="bbox 2186 4155 3692 4236">
    <p class='ocr_par' dir='ltr' id='par_1_82' title="bbox 2212 4159 3692 4236">
     <span class='ocr_line' id='line_1_82' title="bbox 2212 4159 3692 4236; baseline -0.007 -15"><span class='ocrx_word' id='word_1_622' title='bbox 2212 4168 2412 4222; x_wconf 78' lang='grc' dir='ltr'>ἔδωκεν</span> <span class='ocrx_word' id='word_1_623' title='bbox 2441 4166 2581 4221; x_wconf 84' lang='grc' dir='ltr'><strong>αὐτά</strong></span> <span class='ocrx_word' id='word_1_624' title='bbox 2608 4168 2665 4220; x_wconf 88' lang='grc' dir='ltr'><strong>ἐν</strong></span> <span class='ocrx_word' id='word_1_625' title='bbox 2697 4164 2832 4236; x_wconf 71' lang='grc' dir='ltr'><strong>οἴκῳ</strong></span> <span class='ocrx_word' id='word_1_626' title='bbox 2871 4163 2996 4217; x_wconf 81' lang='grc' dir='ltr'>θεοῦ</span> <span class='ocrx_word' id='word_1_627' title='bbox 3028 4159 3216 4216; x_wconf 80' lang='grc' dir='ltr'>αὐτοῦ.</span> <span class='ocrx_word' id='word_1_628' title='bbox 3247 4159 3365 4212; x_wconf 77' lang='grc' dir='ltr'><strong>Καὶ</strong></span> <span class='ocrx_word' id='word_1_629' title='bbox 3396 4159 3692 4229; x_wconf 80' lang='grc' dir='ltr'>ἐξήνεγκεν</span> 
     </span>
    </p>
   </div>
   <div class='ocr_carea' id='block_1_83' title="bbox 403 4246 1909 4332">
    <p class='ocr_par' dir='ltr' id='par_1_83' title="bbox 403 4246 1909 4318">
     <span class='ocr_line' id='line_1_83' title="bbox 403 4246 1909 4318; baseline 0.001 -17"><span class='ocrx_word' id='word_1_630' title='bbox 403 4246 538 4313; x_wconf 86' lang='lat' dir='ltr'><strong>rint,</strong></span> <span class='ocrx_word' id='word_1_631' title='bbox 573 4247 851 4316; x_wconf 92' lang='lat' dir='ltr'><strong>quomodo</strong></span> <span class='ocrx_word' id='word_1_632' title='bbox 884 4247 938 4301; x_wconf 89' lang='lat' dir='ltr'><strong>in</strong></span> <span class='ocrx_word' id='word_1_633' title='bbox 973 4247 1255 4302; x_wconf 87' lang='lat' dir='ltr'><strong>laboribus</strong></span> <span class='ocrx_word' id='word_1_634' title='bbox 1293 4248 1538 4318; x_wconf 85' lang='lat' dir='ltr'><strong>impediti</strong></span> <span class='ocrx_word' id='word_1_635' title='bbox 1569 4249 1682 4303; x_wconf 92' lang='lat' dir='ltr'><strong>sint</strong></span> <span class='ocrx_word' id='word_1_636' title='bbox 1723 4249 1826 4303; x_wconf 90' lang='lat' dir='ltr'><strong>hoc</strong></span> <span class='ocrx_word' id='word_1_637' title='bbox 1858 4256 1909 4303; x_wconf 89' lang='lat' dir='ltr'><strong>te</strong></span> 
     </span>
    </p>
   </div>
   <div class='ocr_carea' id='block_1_84' title="bbox 2188 4246 3694 4332">
    <p class='ocr_par' dir='ltr' id='par_1_84' title="bbox 2188 4252 3694 4332">
     <span class='ocr_line' id='line_1_84' title="bbox 2188 4252 3694 4332; baseline -0.006 -18"><span class='ocrx_word' id='word_1_638' title='bbox 2188 4259 2233 4313; x_wconf 71' lang='lat' dir='ltr'><strong>rd:</strong></span> <span class='ocrx_word' id='word_1_639' title='bbox 2261 4259 2465 4332; x_wconf 79' lang='grc' dir='ltr'>Κύρος,</span> <span class='ocrx_word' id='word_1_640' title='bbox 2486 4260 2516 4312; x_wconf 89' lang='lat'><strong>6</strong></span> <span class='ocrx_word' id='word_1_641' title='bbox 2550 4257 2806 4330; x_wconf 80' lang='grc' dir='ltr'>βασιλεὺς</span> <span class='ocrx_word' id='word_1_642' title='bbox 2832 4254 3081 4326; x_wconf 81' lang='grc' dir='ltr'>Περσῶν,</span> <span class='ocrx_word' id='word_1_643' title='bbox 3113 4254 3208 4306; x_wconf 67' lang='grc' dir='ltr'>ἐπὶ</span> <span class='ocrx_word' id='word_1_644' title='bbox 3234 4255 3399 4325; x_wconf 83' lang='grc' dir='ltr'>χεῖρα</span> <span class='ocrx_word' id='word_1_645' title='bbox 3432 4252 3694 4325; x_wconf 72' lang='grc' dir='ltr'><strong>Μιθριδά-</strong></span> 
     </span>
    </p>
   </div>
   <div class='ocr_carea' id='block_1_85' title="bbox 404 4338 1910 4428">
    <p class='ocr_par' dir='ltr' id='par_1_85' title="bbox 404 4338 1910 4412">
     <span class='ocr_line' id='line_1_85' title="bbox 404 4338 1910 4412; baseline 0.003 -20"><span class='ocrx_word' id='word_1_646' title='bbox 404 4340 558 4412; x_wconf 88' lang='lat' dir='ltr'><strong>poris</strong></span> <span class='ocrx_word' id='word_1_647' title='bbox 587 4341 896 4401; x_wconf 89' lang='lat' dir='ltr'><strong>intervallo,</strong></span> <span class='ocrx_word' id='word_1_648' title='bbox 932 4355 1110 4409; x_wconf 89' lang='lat' dir='ltr'><strong>usque</strong></span> <span class='ocrx_word' id='word_1_649' title='bbox 1137 4338 1205 4393; x_wconf 89' lang='lat' dir='ltr'><strong>ad</strong></span> <span class='ocrx_word' id='word_1_650' title='bbox 1235 4340 1524 4409; x_wconf 84' lang='lat' dir='ltr'><strong>septimam</strong></span> <span class='ocrx_word' id='word_1_651' title='bbox 1548 4356 1820 4396; x_wconf 90' lang='lat' dir='ltr'><strong>annorum</strong></span> <span class='ocrx_word' id='word_1_652' title='bbox 1853 4341 1910 4396; x_wconf 78' lang='lat' dir='ltr'><strong>hc</strong></span> 
     </span>
    </p>
   </div>
   <div class='ocr_carea' id='block_1_86' title="bbox 2184 4338 3690 4428">
    <p class='ocr_par' dir='ltr' id='par_1_86' title="bbox 2215 4345 3690 4428">
     <span class='ocr_line' id='line_1_86' title="bbox 2215 4345 3690 4428; baseline -0.006 -19"><span class='ocrx_word' id='word_1_653' title='bbox 2215 4357 2308 4409; x_wconf 74' lang='grc' dir='ltr'>καὶ</span> <span class='ocrx_word' id='word_1_654' title='bbox 2335 4355 2642 4428; x_wconf 75' lang='grc' dir='ltr'>ἠρίθμησεν</span> <span class='ocrx_word' id='word_1_655' title='bbox 2667 4352 2805 4407; x_wconf 75' lang='grc' dir='ltr'>αὐτὰ</span> <span class='ocrx_word' id='word_1_656' title='bbox 2833 4350 2912 4422; x_wconf 78' lang='grc' dir='ltr'>τῷ</span> <span class='ocrx_word' id='word_1_657' title='bbox 2940 4348 3579 4421; x_wconf 78' lang='grc' dir='ltr'>Σαμανασσάρ,ἇρχοντι</span> <span class='ocrx_word' id='word_1_658' title='bbox 3604 4345 3690 4401; x_wconf 77' lang='grc' dir='ltr'><strong>τοῦ</strong></span> 
     </span>
    </p>
   </div>
   <div class='ocr_carea' id='block_1_87' title="bbox 403 4430 1909 4516">
    <p class='ocr_par' dir='ltr' id='par_1_87' title="bbox 403 4430 1909 4504">
     <span class='ocr_line' id='line_1_87' title="bbox 403 4430 1909 4504; baseline 0 -17"><span class='ocrx_word' id='word_1_659' title='bbox 403 4431 713 4487; x_wconf 90' lang='lat' dir='ltr'><strong>domadem.</strong></span> <span class='ocrx_word' id='word_1_660' title='bbox 747 4430 1123 4502; x_wconf 84' lang='lat' dir='ltr'><strong>Quadraginta</strong></span> <span class='ocrx_word' id='word_1_661' title='bbox 1160 4432 1326 4503; x_wconf 83' lang='lat' dir='ltr'><strong>igitur</strong></span> <span class='ocrx_word' id='word_1_662' title='bbox 1348 4442 1402 4488; x_wconf 90' lang='lat' dir='ltr'><strong>et</strong></span> <span class='ocrx_word' id='word_1_663' title='bbox 1434 4450 1529 4488; x_wconf 84' lang='lat' dir='ltr'><strong>sex</strong></span> <span class='ocrx_word' id='word_1_664' title='bbox 1561 4448 1830 4487; x_wconf 88' lang='lat' dir='ltr'><strong>annorum</strong></span> <span class='ocrx_word' id='word_1_665' title='bbox 1862 4450 1909 4504; x_wconf 72' lang='lat' dir='ltr'><strong>sl</strong></span> 
     </span>
    </p>
   </div>
   <div class='ocr_carea' id='block_1_88' title="bbox 2185 4430 3691 4516">
    <p class='ocr_par' dir='ltr' id='par_1_88' title="bbox 2185 4439 3691 4516">
     <span class='ocr_line' id='line_1_88' title="bbox 2185 4439 3691 4516; baseline -0.005 -16"><span class='ocrx_word' id='word_1_666' title='bbox 2185 4446 2292 4500; x_wconf 74' lang='lat' dir='ltr'><strong>36a.</strong></span> <span class='ocrx_word' id='word_1_667' title='bbox 2319 4465 2337 4497; x_wconf 72' lang='grc' dir='ltr'>ι</span> <span class='ocrx_word' id='word_1_668' title='bbox 2358 4446 2480 4499; x_wconf 72' lang='grc' dir='ltr'>Ἐπὶ</span> <span class='ocrx_word' id='word_1_669' title='bbox 2508 4445 2717 4507; x_wconf 78' lang='grc' dir='ltr'>τούτοις</span> <span class='ocrx_word' id='word_1_670' title='bbox 2743 4445 2947 4516; x_wconf 76' lang='grc' dir='ltr'>ἱστορεῖ</span> <span class='ocrx_word' id='word_1_671' title='bbox 2972 4444 3006 4515; x_wconf 76' lang='grc' dir='ltr'>ἡ</span> <span class='ocrx_word' id='word_1_672' title='bbox 3038 4440 3229 4513; x_wconf 78' lang='grc' dir='ltr'>Γραφὴ</span> <span class='ocrx_word' id='word_1_673' title='bbox 3263 4439 3342 4504; x_wconf 79' lang='grc' dir='ltr'><strong>ὡς</strong></span> <span class='ocrx_word' id='word_1_674' title='bbox 3372 4440 3691 4501; x_wconf 80' lang='grc' dir='ltr'>ἀνελθόντες</span> 
     </span>
    </p>
   </div>
   <div class='ocr_carea' id='block_1_89' title="bbox 401 4520 1907 4612">
    <p class='ocr_par' dir='ltr' id='par_1_89' title="bbox 401 4520 1907 4593">
     <span class='ocr_line' id='line_1_89' title="bbox 401 4520 1907 4593; baseline 0.001 -18"><span class='ocrx_word' id='word_1_675' title='bbox 401 4522 540 4576; x_wconf 87' lang='lat' dir='ltr'><strong>tium</strong></span> <span class='ocrx_word' id='word_1_676' title='bbox 576 4535 608 4576; x_wconf 73' lang='grc' dir='ltr'>ιι</span> <span class='ocrx_word' id='word_1_677' title='bbox 637 4520 782 4593; x_wconf 88' lang='lat' dir='ltr'><strong>Cyro</strong></span> <span class='ocrx_word' id='word_1_678' title='bbox 812 4521 879 4576; x_wconf 91' lang='lat' dir='ltr'><strong>ad</strong></span> <span class='ocrx_word' id='word_1_679' title='bbox 911 4529 1123 4577; x_wconf 79' lang='lat' dir='ltr'><strong>sextum</strong></span> <span class='ocrx_word' id='word_1_680' title='bbox 1154 4521 1297 4576; x_wconf 90' lang='lat' dir='ltr'><strong>Darii</strong></span> <span class='ocrx_word' id='word_1_681' title='bbox 1323 4537 1527 4577; x_wconf 91' lang='lat' dir='ltr'><strong>annum</strong></span> <span class='ocrx_word' id='word_1_682' title='bbox 1553 4524 1787 4577; x_wconf 90' lang='lat' dir='ltr'><strong>elabitur</strong></span> <span class='ocrx_word' id='word_1_683' title='bbox 1814 4524 1907 4578; x_wconf 68' lang='lat' dir='ltr'><strong>don</strong></span> 
     </span>
    </p>
   </div>
   <div class='ocr_carea' id='block_1_90' title="bbox 2182 4520 3688 4612">
    <p class='ocr_par' dir='ltr' id='par_1_90' title="bbox 2186 4534 3688 4612">
     <span class='ocr_line' id='line_1_90' title="bbox 2186 4534 3688 4612; baseline -0.003 -18"><span class='ocrx_word' id='word_1_684' title='bbox 2186 4541 2393 4612; x_wconf 82' lang='grc' dir='ltr'>πρῶτοι</span> <span class='ocrx_word' id='word_1_685' title='bbox 2443 4538 2873 4594; x_wconf 76' lang='grc' dir='ltr'>καταϐάλλονται</span> <span class='ocrx_word' id='word_1_686' title='bbox 2916 4538 3042 4601; x_wconf 79' lang='grc' dir='ltr'>τοὺς</span> <span class='ocrx_word' id='word_1_687' title='bbox 3065 4535 3158 4589; x_wconf 82' lang='grc' dir='ltr'><strong>τοῦ</strong></span> <span class='ocrx_word' id='word_1_688' title='bbox 3192 4535 3342 4606; x_wconf 75' lang='grc' dir='ltr'>ἱεροῦ</span> <span class='ocrx_word' id='word_1_689' title='bbox 3379 4534 3688 4606; x_wconf 82' lang='grc' dir='ltr'>θεμελίους.</span> 
     </span>
    </p>
   </div>
   <div class='ocr_carea' id='block_1_91' title="bbox 401 4614 1907 4704">
    <p class='ocr_par' dir='ltr' id='par_1_91' title="bbox 401 4614 1907 4687">
     <span class='ocr_line' id='line_1_91' title="bbox 401 4614 1907 4687; baseline 0 -18"><span class='ocrx_word' id='word_1_690' title='bbox 401 4614 591 4684; x_wconf 87' lang='lat' dir='ltr'><strong>templi</strong></span> <span class='ocrx_word' id='word_1_691' title='bbox 621 4616 963 4685; x_wconf 84' lang='lat' dir='ltr'><strong>compleatur</strong></span> <span class='ocrx_word' id='word_1_692' title='bbox 995 4614 1308 4669; x_wconf 65' lang='lat' dir='ltr'><strong>aedificatio.</strong></span> <span class='ocrx_word' id='word_1_693' title='bbox 1353 4614 1481 4670; x_wconf 88' lang='lat' dir='ltr'><strong>Ideo</strong></span> <span class='ocrx_word' id='word_1_694' title='bbox 1517 4616 1585 4669; x_wconf 91' lang='lat' dir='ltr'><strong>ab</strong></span> <span class='ocrx_word' id='word_1_695' title='bbox 1620 4616 1746 4671; x_wconf 88' lang='lat' dir='ltr'><strong>aliis</strong></span> <span class='ocrx_word' id='word_1_696' title='bbox 1776 4616 1907 4687; x_wconf 88' lang='lat' dir='ltr'><strong>prim</strong></span> 
     </span>
    </p>
   </div>
   <div class='ocr_carea' id='block_1_92' title="bbox 2186 4614 3692 4704">
    <p class='ocr_par' dir='ltr' id='par_1_92' title="bbox 2221 4626 3692 4704">
     <span class='ocr_line' id='line_1_92' title="bbox 2221 4626 3692 4704; baseline -0.003 -18"><span class='ocrx_word' id='word_1_697' title='bbox 2221 4633 2296 4697; x_wconf 86' lang='grc' dir='ltr'>ὡς</span> <span class='ocrx_word' id='word_1_698' title='bbox 2329 4630 2606 4704; x_wconf 72' lang='grc' dir='ltr'>εἴργονταέ</span> <span class='ocrx_word' id='word_1_699' title='bbox 2638 4647 2701 4700; x_wconf 90' lang='grc' dir='ltr'><strong>γε</strong></span> <span class='ocrx_word' id='word_1_700' title='bbox 2731 4632 2789 4683; x_wconf 90' lang='grc' dir='ltr'><strong>ἐν</strong></span> <span class='ocrx_word' id='word_1_701' title='bbox 2818 4627 2897 4700; x_wconf 83' lang='grc' dir='ltr'><strong>τῷ</strong></span> <span class='ocrx_word' id='word_1_702' title='bbox 2934 4626 3136 4699; x_wconf 75' lang='grc' dir='ltr'>μεταξὺ</span> <span class='ocrx_word' id='word_1_703' title='bbox 3168 4628 3351 4701; x_wconf 82' lang='grc' dir='ltr'>χρόνῳ</span> <span class='ocrx_word' id='word_1_704' title='bbox 3384 4626 3492 4697; x_wconf 79' lang='grc' dir='ltr'><strong>τῆς</strong></span> <span class='ocrx_word' id='word_1_705' title='bbox 3529 4644 3692 4681; x_wconf 68' lang='lat' dir='ltr'><strong>cmu-</strong></span> 
     </span>
    </p>
   </div>
   <div class='ocr_carea' id='block_1_93' title="bbox 401 4706 1907 4798">
    <p class='ocr_par' dir='ltr' id='par_1_93' title="bbox 401 4706 1907 4777">
     <span class='ocr_line' id='line_1_93' title="bbox 401 4706 1907 4777; baseline -0.005 -13"><span class='ocrx_word' id='word_1_706' title='bbox 401 4715 611 4777; x_wconf 81' lang='lat' dir='ltr'><strong>septem</strong></span> <span class='ocrx_word' id='word_1_707' title='bbox 658 4706 1041 4763; x_wconf 80' lang='lat' dir='ltr'><strong>hebdomades—</strong></span> <span class='ocrx_word' id='word_1_708' title='bbox 1072 4706 1360 4777; x_wconf 85' lang='lat' dir='ltr'><strong>Scriptura</strong></span> <span class='ocrx_word' id='word_1_709' title='bbox 1413 4706 1677 4775; x_wconf 80' lang='lat' dir='ltr'><strong>sejunxit,</strong></span> <span class='ocrx_word' id='word_1_710' title='bbox 1724 4710 1907 4763; x_wconf 72' lang='lat' dir='ltr'><strong>interv</strong></span> 
     </span>
    </p>
   </div>
   <div class='ocr_carea' id='block_1_94' title="bbox 2184 4706 3690 4798">
    <p class='ocr_par' dir='ltr' id='par_1_94' title="bbox 2184 4718 3690 4794">
     <span class='ocr_line' id='line_1_94' title="bbox 2184 4718 3690 4794; baseline -0.009 -11"><span class='ocrx_word' id='word_1_711' title='bbox 2184 4745 2209 4791; x_wconf 67' lang='grc' dir='ltr'>ς,</span> <span class='ocrx_word' id='word_1_712' title='bbox 2237 4727 2342 4790; x_wconf 73' lang='grc' dir='ltr'><strong>ἕως</strong></span> <span class='ocrx_word' id='word_1_713' title='bbox 2384 4724 2476 4778; x_wconf 77' lang='grc' dir='ltr'><strong>ἐπὶ</strong></span> <span class='ocrx_word' id='word_1_714' title='bbox 2506 4723 2741 4794; x_wconf 80' lang='grc' dir='ltr'>ἑϐδόμην</span> <span class='ocrx_word' id='word_1_715' title='bbox 2775 4721 2913 4775; x_wconf 85' lang='grc' dir='ltr'>ἐτῶν</span> <span class='ocrx_word' id='word_1_716' title='bbox 2942 4719 3235 4791; x_wconf 78' lang='grc' dir='ltr'>ἑϐδομάδα.</span> <span class='ocrx_word' id='word_1_717' title='bbox 3255 4718 3690 4791; x_wconf 70' lang='grc' dir='ltr'>’τεσσαράκοντα</span> 
     </span>
    </p>
   </div>
   <div class='ocr_carea' id='block_1_95' title="bbox 401 4799 1907 4891">
    <p class='ocr_par' dir='ltr' id='par_1_95' title="bbox 401 4799 1905 4869">
     <span class='ocr_line' id='line_1_95' title="bbox 401 4799 1905 4869; baseline 0 -15"><span class='ocrx_word' id='word_1_718' title='bbox 401 4799 515 4854; x_wconf 89' lang='lat' dir='ltr'><strong>lum</strong></span> <span class='ocrx_word' id='word_1_719' title='bbox 587 4800 907 4869; x_wconf 76' lang='lat' dir='ltr'><strong>significans</strong></span> <span class='ocrx_word' id='word_1_720' title='bbox 972 4799 1115 4853; x_wconf 87' lang='lat' dir='ltr'><strong>inter</strong></span> <span class='ocrx_word' id='word_1_721' title='bbox 1172 4800 1411 4868; x_wconf 90' lang='lat' dir='ltr'><strong>primum</strong></span> <span class='ocrx_word' id='word_1_722' title='bbox 1474 4799 1726 4869; x_wconf 83' lang='lat' dir='ltr'><strong>conjecta</strong></span> <span class='ocrx_word' id='word_1_723' title='bbox 1799 4808 1905 4854; x_wconf 91' lang='lat' dir='ltr'><strong>tem</strong></span> 
     </span>
    </p>
   </div>
   <div class='ocr_carea' id='block_1_96' title="bbox 2183 4799 3689 4891">
    <p class='ocr_par' dir='ltr' id='par_1_96' title="bbox 2185 4812 3689 4891">
     <span class='ocr_line' id='line_1_96' title="bbox 2185 4812 3689 4891; baseline -0.006 -17"><span class='ocrx_word' id='word_1_724' title='bbox 2185 4819 2255 4874; x_wconf 66' lang='lat'><strong>40</strong></span> <span class='ocrx_word' id='word_1_725' title='bbox 2286 4820 2359 4891; x_wconf 86' lang='lat' dir='ltr'><strong>v°)</strong></span> <span class='ocrx_word' id='word_1_726' title='bbox 2386 4819 2516 4889; x_wconf 83' lang='grc' dir='ltr'>γοῦν</span> <span class='ocrx_word' id='word_1_727' title='bbox 2540 4819 2635 4872; x_wconf 68' lang='grc' dir='ltr'>καὶ</span> <span class='ocrx_word' id='word_1_728' title='bbox 2664 4816 2723 4882; x_wconf 77' lang='grc' dir='ltr'>ἐξ</span> <span class='ocrx_word' id='word_1_729' title='bbox 2749 4816 2842 4887; x_wconf 79' lang='grc' dir='ltr'><strong>ἔτη</strong></span> <span class='ocrx_word' id='word_1_730' title='bbox 2876 4816 2984 4871; x_wconf 86' lang='grc' dir='ltr'><strong>ἀπὸ</strong></span> <span class='ocrx_word' id='word_1_731' title='bbox 3019 4814 3203 4885; x_wconf 82' lang='grc' dir='ltr'>Κύρου</span> <span class='ocrx_word' id='word_1_732' title='bbox 3238 4813 3338 4867; x_wconf 70' lang='grc' dir='ltr'><strong>καὶ</strong></span> <span class='ocrx_word' id='word_1_733' title='bbox 3375 4813 3476 4866; x_wconf 68' lang='grc' dir='ltr'>ἐπὶ</span> <span class='ocrx_word' id='word_1_734' title='bbox 3501 4812 3567 4866; x_wconf 79' lang='grc' dir='ltr'>τὸ</span> <span class='ocrx_word' id='word_1_735' title='bbox 3597 4815 3689 4865; x_wconf 80' lang='grc' dir='ltr'><strong>Δα-</strong></span> 
     </span>
    </p>
   </div>
   <div class='ocr_carea' id='block_1_97' title="bbox 400 4891 1906 4986">
    <p class='ocr_par' dir='ltr' id='par_1_97' title="bbox 400 4891 1906 4961">
     <span class='ocr_line' id='line_1_97' title="bbox 400 4891 1906 4961; baseline 0 -14"><span class='ocrx_word' id='word_1_736' title='bbox 400 4891 799 4956; x_wconf 81' lang='lat' dir='ltr'><strong>fundamenta,</strong></span> <span class='ocrx_word' id='word_1_737' title='bbox 880 4891 1288 4961; x_wconf 79' lang='lat' dir='ltr'><strong>perfectamque</strong></span> <span class='ocrx_word' id='word_1_738' title='bbox 1368 4892 1539 4948; x_wconf 90' lang='lat' dir='ltr'><strong>totius</strong></span> <span class='ocrx_word' id='word_1_739' title='bbox 1601 4891 1819 4947; x_wconf 64' lang='lat' dir='ltr'><strong>aedilicii</strong></span> <span class='ocrx_word' id='word_1_740' title='bbox 1884 4908 1906 4947; x_wconf 82' lang='grc' dir='ltr'><strong>ε</strong></span> 
     </span>
    </p>
   </div>
   <div class='ocr_carea' id='block_1_98' title="bbox 2182 4891 3688 4986">
    <p class='ocr_par' dir='ltr' id='par_1_98' title="bbox 2182 4899 3688 4981">
     <span class='ocr_line' id='line_1_98' title="bbox 2182 4899 3688 4981; baseline -0.007 -15"><span class='ocrx_word' id='word_1_741' title='bbox 2182 4930 2237 4967; x_wconf 92' lang='grc' dir='ltr'>ου</span> <span class='ocrx_word' id='word_1_742' title='bbox 2270 4911 2427 4966; x_wconf 72' lang='grc' dir='ltr'>ἕκτον</span> <span class='ocrx_word' id='word_1_743' title='bbox 2450 4911 2569 4973; x_wconf 75' lang='grc' dir='ltr'>ἔτος</span> <span class='ocrx_word' id='word_1_744' title='bbox 2594 4910 3016 4981; x_wconf 77' lang='grc' dir='ltr'>περιγράφεται,</span> <span class='ocrx_word' id='word_1_745' title='bbox 3052 4908 3109 4959; x_wconf 88' lang='grc' dir='ltr'><strong>ἐν</strong></span> <span class='ocrx_word' id='word_1_746' title='bbox 3142 4899 3186 4972; x_wconf 86' lang='grc' dir='ltr'>ᾧ</span> <span class='ocrx_word' id='word_1_747' title='bbox 3220 4904 3399 4977; x_wconf 82' lang='grc' dir='ltr'>πέρας</span> <span class='ocrx_word' id='word_1_748' title='bbox 3445 4904 3597 4976; x_wconf 72' lang='grc' dir='ltr'>ἴσχει</span> <span class='ocrx_word' id='word_1_749' title='bbox 3626 4902 3688 4956; x_wconf 71' lang='grc' dir='ltr'>τὰ</span> 
     </span>
    </p>
   </div>
   <div class='ocr_carea' id='block_1_99' title="bbox 397 4983 1903 5077">
    <p class='ocr_par' dir='ltr' id='par_1_99' title="bbox 397 4983 1903 5054">
     <span class='ocr_line' id='line_1_99' title="bbox 397 4983 1903 5054; baseline -0.003 -13"><span class='ocrx_word' id='word_1_750' title='bbox 397 4989 779 5041; x_wconf 87' lang='lat' dir='ltr'><strong>structionem.</strong></span> <span class='ocrx_word' id='word_1_751' title='bbox 846 4983 1023 5054; x_wconf 89' lang='lat' dir='ltr'><strong>Cyrus</strong></span> <span class='ocrx_word' id='word_1_752' title='bbox 1080 4985 1273 5048; x_wconf 90' lang='lat' dir='ltr'><strong>enim,</strong></span> <span class='ocrx_word' id='word_1_753' title='bbox 1336 4999 1511 5040; x_wconf 89' lang='lat' dir='ltr'><strong>annos</strong></span> <span class='ocrx_word' id='word_1_754' title='bbox 1561 5000 1731 5039; x_wconf 91' lang='lat' dir='ltr'><strong>unum</strong></span> <span class='ocrx_word' id='word_1_755' title='bbox 1775 4991 1831 5040; x_wconf 91' lang='lat' dir='ltr'><strong>et</strong></span> <span class='ocrx_word' id='word_1_756' title='bbox 1888 4992 1903 5037; x_wconf 87' lang='lat' dir='ltr'><strong>l</strong></span> 
     </span>
    </p>
   </div>
   <div class='ocr_carea' id='block_1_100' title="bbox 2179 4983 3685 5077">
    <p class='ocr_par' dir='ltr' id='par_1_100' title="bbox 2179 4995 3685 5073">
     <span class='ocr_line' id='line_1_100' title="bbox 2179 4995 3685 5073; baseline -0.007 -15"><span class='ocrx_word' id='word_1_757' title='bbox 2179 5024 2189 5069; x_wconf 83' lang='lat'><em>;</em></span> <span class='ocrx_word' id='word_1_758' title='bbox 2219 5002 2311 5058; x_wconf 81' lang='grc' dir='ltr'><strong>τοῦ</strong></span> <span class='ocrx_word' id='word_1_759' title='bbox 2346 5002 2476 5057; x_wconf 77' lang='grc' dir='ltr'>ναοῦ</span> <span class='ocrx_word' id='word_1_760' title='bbox 2504 5001 2792 5073; x_wconf 81' lang='grc' dir='ltr'>οἰκοδομῆς</span> <span class='ocrx_word' id='word_1_761' title='bbox 2811 5018 2824 5031; x_wconf 72' lang='grc' dir='ltr'><strong>ο</strong></span> <span class='ocrx_word' id='word_1_762' title='bbox 2856 5000 2977 5054; x_wconf 82' lang='grc' dir='ltr'>ὅθεν</span> <span class='ocrx_word' id='word_1_763' title='bbox 3007 4999 3231 5061; x_wconf 80' lang='grc' dir='ltr'>εἰκότως</span> <span class='ocrx_word' id='word_1_764' title='bbox 3259 4997 3375 5050; x_wconf 81' lang='grc' dir='ltr'>ἀπὸ</span> <span class='ocrx_word' id='word_1_765' title='bbox 3419 4996 3540 5049; x_wconf 88' lang='grc' dir='ltr'>τῶν</span> <span class='ocrx_word' id='word_1_766' title='bbox 3583 4995 3685 5049; x_wconf 81' lang='grc' dir='ltr'>λοι-</span> 
     </span>
    </p>
   </div>
   <div class='ocr_carea' id='block_1_101' title="bbox 397 5074 1903 5169">
    <p class='ocr_par' dir='ltr' id='par_1_101' title="bbox 397 5074 1903 5147">
     <span class='ocr_line' id='line_1_101' title="bbox 397 5074 1903 5147; baseline 0.001 -17"><span class='ocrx_word' id='word_1_767' title='bbox 397 5076 549 5147; x_wconf 73' lang='lat' dir='ltr'><strong>ginta</strong></span> <span class='ocrx_word' id='word_1_768' title='bbox 607 5090 733 5129; x_wconf 90' lang='lat' dir='ltr'><strong>cmn</strong></span> <span class='ocrx_word' id='word_1_769' title='bbox 798 5074 1174 5144; x_wconf 79' lang='lat' dir='ltr'><strong>regnavisset,</strong></span> <span class='ocrx_word' id='word_1_770' title='bbox 1222 5074 1476 5147; x_wconf 88' lang='lat' dir='ltr'><strong>Cambysi</strong></span> <span class='ocrx_word' id='word_1_771' title='bbox 1524 5075 1634 5131; x_wconf 88' lang='lat' dir='ltr'><strong>lilio</strong></span> <span class='ocrx_word' id='word_1_772' title='bbox 1691 5076 1903 5147; x_wconf 76' lang='lat' dir='ltr'><strong>imperil</strong></span> 
     </span>
    </p>
   </div>
   <div class='ocr_carea' id='block_1_102' title="bbox 2176 5074 3682 5169">
    <p class='ocr_par' dir='ltr' id='par_1_102' title="bbox 2176 5088 3682 5169">
     <span class='ocr_line' id='line_1_102' title="bbox 2176 5088 3682 5169; baseline -0.009 -18"><span class='ocrx_word' id='word_1_773' title='bbox 2176 5116 2211 5151; x_wconf 67' lang='grc' dir='ltr'>ιν</span> <span class='ocrx_word' id='word_1_774' title='bbox 2234 5097 2535 5169; x_wconf 80' lang='grc' dir='ltr'>ἑϐδομάδας</span> <span class='ocrx_word' id='word_1_775' title='bbox 2562 5096 2604 5161; x_wconf 80' lang='grc' dir='ltr'><strong>ζ’</strong></span> <span class='ocrx_word' id='word_1_776' title='bbox 2627 5094 2725 5159; x_wconf 75' lang='grc' dir='ltr'>τὰς</span> <span class='ocrx_word' id='word_1_777' title='bbox 2752 5093 3017 5164; x_wconf 81' lang='grc' dir='ltr'>πρώταςὸ</span> <span class='ocrx_word' id='word_1_778' title='bbox 3047 5091 3202 5157; x_wconf 84' lang='grc' dir='ltr'>λόγος</span> <span class='ocrx_word' id='word_1_779' title='bbox 3223 5090 3577 5161; x_wconf 71' lang='grc' dir='ltr'>ἀφωρίσατο,</span> <span class='ocrx_word' id='word_1_780' title='bbox 3600 5088 3682 5140; x_wconf 73' lang='grc' dir='ltr'><strong>τὸν</strong></span> 
     </span>
    </p>
   </div>
   <div class='ocr_carea' id='block_1_103' title="bbox 396 5168 1902 5265">
    <p class='ocr_par' dir='ltr' id='par_1_103' title="bbox 396 5168 1902 5240">
     <span class='ocr_line' id='line_1_103' title="bbox 396 5168 1902 5240; baseline 0.001 -17"><span class='ocrx_word' id='word_1_781' title='bbox 396 5168 662 5235; x_wconf 89' lang='lat' dir='ltr'><strong>tradidit;</strong></span> <span class='ocrx_word' id='word_1_782' title='bbox 730 5169 840 5230; x_wconf 89' lang='lat' dir='ltr'><strong>cui,</strong></span> <span class='ocrx_word' id='word_1_783' title='bbox 906 5176 1031 5237; x_wconf 90' lang='lat' dir='ltr'><strong>post</strong></span> <span class='ocrx_word' id='word_1_784' title='bbox 1103 5183 1298 5223; x_wconf 87' lang='lat' dir='ltr'><strong>novem</strong></span> <span class='ocrx_word' id='word_1_785' title='bbox 1368 5183 1639 5224; x_wconf 90' lang='lat' dir='ltr'><strong>annorum</strong></span> <span class='ocrx_word' id='word_1_786' title='bbox 1708 5185 1902 5240; x_wconf 79' lang='lat' dir='ltr'><strong>regnur</strong></span> 
     </span>
    </p>
   </div>
   <div class='ocr_carea' id='block_1_104' title="bbox 2172 5168 3678 5265">
    <p class='ocr_par' dir='ltr' id='par_1_104' title="bbox 2172 5181 3678 5262">
     <span class='ocr_line' id='line_1_104' title="bbox 2172 5181 3678 5262; baseline -0.007 -17"><span class='ocrx_word' id='word_1_787' title='bbox 2172 5189 2297 5258; x_wconf 78' lang='grc' dir='ltr'>ταξὺ</span> <span class='ocrx_word' id='word_1_788' title='bbox 2330 5191 2519 5262; x_wconf 88' lang='grc' dir='ltr'>χρόνον</span> <span class='ocrx_word' id='word_1_789' title='bbox 2554 5189 2655 5259; x_wconf 78' lang='grc' dir='ltr'>τῆς</span> <span class='ocrx_word' id='word_1_790' title='bbox 2687 5187 2913 5259; x_wconf 79' lang='grc' dir='ltr'>πρώτης</span> <span class='ocrx_word' id='word_1_791' title='bbox 2942 5186 3248 5255; x_wconf 77' lang='grc' dir='ltr'>καταϐολῆς</span> <span class='ocrx_word' id='word_1_792' title='bbox 3284 5184 3399 5237; x_wconf 83' lang='grc' dir='ltr'><strong>τῶν</strong></span> <span class='ocrx_word' id='word_1_793' title='bbox 3432 5185 3535 5238; x_wconf 78' lang='grc' dir='ltr'><strong>τοῦ</strong></span> <span class='ocrx_word' id='word_1_794' title='bbox 3563 5181 3678 5239; x_wconf 75' lang='grc' dir='ltr'>ναοῦ</span> 
     </span>
    </p>
   </div>
   <div class='ocr_carea' id='block_1_105' title="bbox 396 5259 1902 5353">
    <p class='ocr_par' dir='ltr' id='par_1_105' title="bbox 396 5259 1902 5333">
     <span class='ocr_line' id='line_1_105' title="bbox 396 5259 1902 5333; baseline 0.001 -20"><span class='ocrx_word' id='word_1_795' title='bbox 396 5259 597 5316; x_wconf 88' lang='lat' dir='ltr'><strong>Darius</strong></span> <span class='ocrx_word' id='word_1_796' title='bbox 669 5260 974 5323; x_wconf 91' lang='lat' dir='ltr'><strong>successit,</strong></span> <span class='ocrx_word' id='word_1_797' title='bbox 1055 5259 1405 5330; x_wconf 90' lang='lat' dir='ltr'><strong>iterumque,</strong></span> <span class='ocrx_word' id='word_1_798' title='bbox 1486 5262 1632 5316; x_wconf 87' lang='lat' dir='ltr'><strong>sicut</strong></span> <span class='ocrx_word' id='word_1_799' title='bbox 1703 5262 1902 5333; x_wconf 83' lang='lat' dir='ltr'><strong>quond:</strong></span> 
     </span>
    </p>
   </div>
   <div class='ocr_carea' id='block_1_106' title="bbox 2174 5259 3680 5353">
    <p class='ocr_par' dir='ltr' id='par_1_106' title="bbox 2174 5259 3680 5351">
     <span class='ocr_line' id='line_1_106' title="bbox 2174 5259 3680 5351; baseline -0.006 -16"><span class='ocrx_word' id='word_1_800' title='bbox 2174 5259 2362 5335; x_wconf 72' lang='grc' dir='ltr'>ιελίων</span> <span class='ocrx_word' id='word_1_801' title='bbox 2387 5281 2481 5335; x_wconf 83' lang='grc' dir='ltr'>καὶ</span> <span class='ocrx_word' id='word_1_802' title='bbox 2506 5280 2605 5351; x_wconf 78' lang='grc' dir='ltr'><strong>τῆς</strong></span> <span class='ocrx_word' id='word_1_803' title='bbox 2628 5281 2710 5343; x_wconf 88' lang='grc' dir='ltr'><strong>είς</strong></span> <span class='ocrx_word' id='word_1_804' title='bbox 2730 5278 2897 5350; x_wconf 82' lang='grc' dir='ltr'>ἀκρον</span> <span class='ocrx_word' id='word_1_805' title='bbox 2927 5277 3092 5333; x_wconf 77' lang='grc' dir='ltr'>αὑτοῦ</span> <span class='ocrx_word' id='word_1_806' title='bbox 3120 5274 3574 5348; x_wconf 81' lang='grc' dir='ltr'><strong>ἀναπληρώσεως</strong></span> <span class='ocrx_word' id='word_1_807' title='bbox 3595 5277 3680 5344; x_wconf 78' lang='grc' dir='ltr'>ἐμ-</span> 
     </span>
    </p>
   </div>
   <div class='ocr_carea' id='block_1_107' title="bbox 394 5351 1900 5447">
    <p class='ocr_par' dir='ltr' id='par_1_107' title="bbox 394 5351 1900 5427">
     <span class='ocr_line' id='line_1_107' title="bbox 394 5351 1900 5427; baseline 0.003 -21"><span class='ocrx_word' id='word_1_808' title='bbox 394 5352 590 5423; x_wconf 87' lang='lat' dir='ltr'><strong>Cyrus.</strong></span> <span class='ocrx_word' id='word_1_809' title='bbox 611 5351 915 5408; x_wconf 87' lang='lat' dir='ltr'><strong>Jerusalem</strong></span> <span class='ocrx_word' id='word_1_810' title='bbox 948 5352 1320 5407; x_wconf 64' lang='lat' dir='ltr'><strong>aediﬁcandam</strong></span> <span class='ocrx_word' id='word_1_811' title='bbox 1353 5353 1535 5409; x_wconf 90' lang='lat' dir='ltr'><strong>edicto</strong></span> <span class='ocrx_word' id='word_1_812' title='bbox 1558 5355 1747 5425; x_wconf 86' lang='lat' dir='ltr'><strong>jussit.</strong></span> <span class='ocrx_word' id='word_1_813' title='bbox 1802 5356 1900 5427; x_wconf 81' lang='lat' dir='ltr'><strong>Atq</strong></span> 
     </span>
    </p>
   </div>
   <div class='ocr_carea' id='block_1_108' title="bbox 2173 5351 3679 5447">
    <p class='ocr_par' dir='ltr' id='par_1_108' title="bbox 2173 5366 3679 5445">
     <span class='ocr_line' id='line_1_108' title="bbox 2173 5366 3679 5445; baseline -0.005 -17"><span class='ocrx_word' id='word_1_814' title='bbox 2173 5391 2257 5429; x_wconf 87' lang='grc' dir='ltr'>ναι</span> <span class='ocrx_word' id='word_1_815' title='bbox 2292 5373 2633 5445; x_wconf 85' lang='grc' dir='ltr'>βουλόμενος.</span> <span class='ocrx_word' id='word_1_816' title='bbox 2657 5372 2841 5444; x_wconf 77' lang='grc' dir='ltr'>Κύρος</span> <span class='ocrx_word' id='word_1_817' title='bbox 2872 5371 2969 5443; x_wconf 90' lang='grc' dir='ltr'>μὲν</span> <span class='ocrx_word' id='word_1_818' title='bbox 2996 5370 3105 5442; x_wconf 81' lang='grc' dir='ltr'>γὰρ</span> <span class='ocrx_word' id='word_1_819' title='bbox 3140 5368 3236 5440; x_wconf 76' lang='grc' dir='ltr'><strong>ἔτη</strong></span> <span class='ocrx_word' id='word_1_820' title='bbox 3260 5370 3567 5441; x_wconf 82' lang='grc' dir='ltr'>τριάκοντα</span> <span class='ocrx_word' id='word_1_821' title='bbox 3595 5366 3679 5420; x_wconf 78' lang='grc' dir='ltr'>καὶ</span> 
     </span>
    </p>
   </div>
   <div class='ocr_carea' id='block_1_109' title="bbox 396 5441 1902 5538">
    <p class='ocr_par' dir='ltr' id='par_1_109' title="bbox 396 5441 1902 5515">
     <span class='ocr_line' id='line_1_109' title="bbox 396 5441 1902 5515; baseline 0.002 -19"><span class='ocrx_word' id='word_1_822' title='bbox 396 5451 551 5496; x_wconf 81' lang='lat' dir='ltr'><strong>sexto</strong></span> <span class='ocrx_word' id='word_1_823' title='bbox 580 5445 700 5512; x_wconf 85' lang='lat' dir='ltr'><strong>ejus</strong></span> <span class='ocrx_word' id='word_1_824' title='bbox 726 5443 939 5514; x_wconf 89' lang='lat' dir='ltr'><strong>imperii</strong></span> <span class='ocrx_word' id='word_1_825' title='bbox 972 5457 1138 5506; x_wconf 88' lang='lat' dir='ltr'><strong>anno,</strong></span> <span class='ocrx_word' id='word_1_826' title='bbox 1162 5441 1254 5512; x_wconf 89' lang='lat' dir='ltr'><strong>qui</strong></span> <span class='ocrx_word' id='word_1_827' title='bbox 1302 5444 1755 5515; x_wconf 76' lang='lat' dir='ltr'><strong>quadragesimus</strong></span> <span class='ocrx_word' id='word_1_828' title='bbox 1793 5455 1902 5501; x_wconf 82' lang='lat' dir='ltr'><strong>sext</strong></span> 
     </span>
    </p>
   </div>
   <div class='ocr_carea' id='block_1_110' title="bbox 2168 5441 3674 5538">
    <p class='ocr_par' dir='ltr' id='par_1_110' title="bbox 2191 5441 3674 5538">
     <span class='ocr_line' id='line_1_110' title="bbox 2191 5441 3674 5538; baseline -0.003 -16"><span class='ocrx_word' id='word_1_829' title='bbox 2191 5441 2540 5538; x_wconf 81' lang='grc' dir='ltr'>βασιλεύσας,</span> <span class='ocrx_word' id='word_1_830' title='bbox 2571 5441 2847 5538; x_wconf 71' lang='grc' dir='ltr'>Καμϐόσῃ</span> <span class='ocrx_word' id='word_1_831' title='bbox 2876 5441 2976 5536; x_wconf 10' lang='grc' dir='ltr'>ήτῷ</span> <span class='ocrx_word' id='word_1_832' title='bbox 3027 5441 3177 5517; x_wconf 57' lang='grc' dir='ltr'><strong>παιδὶ⁵</strong></span> <span class='ocrx_word' id='word_1_833' title='bbox 3216 5462 3561 5535; x_wconf 85' lang='grc' dir='ltr'>παραδίδωσι</span> <span class='ocrx_word' id='word_1_834' title='bbox 3585 5461 3674 5532; x_wconf 71' lang='grc' dir='ltr'><strong>τὴν</strong></span> 
     </span>
    </p>
   </div>
   <div class='ocr_carea' id='block_1_111' title="bbox 401 5526 1907 5631">
    <p class='ocr_par' dir='ltr' id='par_1_111' title="bbox 401 5532 1907 5605">
     <span class='ocr_line' id='line_1_111' title="bbox 401 5532 1907 5605; baseline 0.002 -17"><span class='ocrx_word' id='word_1_835' title='bbox 401 5549 430 5588; x_wconf 78' lang='lat' dir='ltr'><strong>s</strong></span> <span class='ocrx_word' id='word_1_836' title='bbox 472 5533 618 5604; x_wconf 87' lang='lat' dir='ltr'><strong>Cyro</strong></span> <span class='ocrx_word' id='word_1_837' title='bbox 637 5548 777 5600; x_wconf 88' lang='lat' dir='ltr'><strong>erat,</strong></span> <span class='ocrx_word' id='word_1_838' title='bbox 799 5534 1088 5591; x_wconf 59' lang='lat' dir='ltr'><strong>aediﬁcatio</strong></span> <span class='ocrx_word' id='word_1_839' title='bbox 1120 5532 1423 5605; x_wconf 73' lang='lat' dir='ltr'><strong>perficitur.</strong></span> <span class='ocrx_word' id='word_1_840' title='bbox 1453 5535 1613 5593; x_wconf 91' lang='lat' dir='ltr'><strong>Unde</strong></span> <span class='ocrx_word' id='word_1_841' title='bbox 1645 5536 1700 5593; x_wconf 90' lang='lat' dir='ltr'><strong>in</strong></span> <span class='ocrx_word' id='word_1_842' title='bbox 1734 5535 1907 5593; x_wconf 86' lang='lat' dir='ltr'><strong>Salval</strong></span> 
     </span>
    </p>
   </div>
   <div class='ocr_carea' id='block_1_112' title="bbox 2166 5526 3672 5631">
    <p class='ocr_par' dir='ltr' id='par_1_112' title="bbox 2166 5526 3672 5631">
     <span class='ocr_line' id='line_1_112' title="bbox 2166 5526 3672 5631; baseline -0.01 -15"><span class='ocrx_word' id='word_1_843' title='bbox 2166 5526 2291 5631; x_wconf 59' lang='grc' dir='ltr'><strong>λίήψ</strong></span> <span class='ocrx_word' id='word_1_844' title='bbox 2322 5552 2383 5613; x_wconf 77' lang='grc' dir='ltr'>οὗ</span> <span class='ocrx_word' id='word_1_845' title='bbox 2419 5526 2698 5614; x_wconf 18' lang='grc' dir='ltr'>ἐπῖνέννέά</span> <span class='ocrx_word' id='word_1_846' title='bbox 2722 5526 3105 5628; x_wconf 58' lang='grc' dir='ltr'>διαγενομένου</span> <span class='ocrx_word' id='word_1_847' title='bbox 3132 5526 3314 5618; x_wconf 51' lang='lat' dir='ltr'><strong>heat;</strong></span> <span class='ocrx_word' id='word_1_848' title='bbox 3333 5556 3563 5628; x_wconf 81' lang='grc' dir='ltr'>Δαρεῖος</span> 
     </span>
    </p>
   </div>
   <div class='ocr_carea' id='block_1_113' title="bbox 470 5708 1477 5784">
    <p class='ocr_par' dir='ltr' id='par_1_113' title="bbox 470 5708 1477 5784">
     <span class='ocr_line' id='line_1_113' title="bbox 470 5708 1477 5784; baseline 0.008 -21"><span class='ocrx_word' id='word_1_849' title='bbox 470 5710 539 5743; x_wconf 74' lang='grc'><strong>³⁸⁵</strong></span> <span class='ocrx_word' id='word_1_850' title='bbox 576 5708 594 5763; x_wconf 94' lang='grc'><strong>1</strong></span> <span class='ocrx_word' id='word_1_851' title='bbox 627 5710 786 5769; x_wconf 82' lang='lat' dir='ltr'><strong>Esdr.</strong></span> <span class='ocrx_word' id='word_1_852' title='bbox 816 5731 855 5784; x_wconf 83' lang='grc'>1,</span> <span class='ocrx_word' id='word_1_853' title='bbox 895 5716 1009 5771; x_wconf 76' lang='grc'><strong>1-5.</strong></span> <span class='ocrx_word' id='word_1_854' title='bbox 1085 5718 1129 5749; x_wconf 72' lang='grc'>⁸⁸</span> <span class='ocrx_word' id='word_1_855' title='bbox 1170 5715 1301 5771; x_wconf 86' lang='lat' dir='ltr'><strong>ibid.</strong></span> <span class='ocrx_word' id='word_1_856' title='bbox 1334 5716 1388 5781; x_wconf 86' lang='lat'><strong>7,</strong></span> <span class='ocrx_word' id='word_1_857' title='bbox 1422 5715 1477 5771; x_wconf 90' lang='lat'><strong>8.</strong></span> 
     </span>
    </p>
   </div>
  </div>
