3814 6220
123 348 263 409 “Si

1121 342 1417 405 ECLOGE
1449 337 2067 401 ΡΒΟΡΗΕΤΙΟΕΓ-θ
2087 335 2218 394 LIB.
2259 332 2352 390 Ill.

3270 319 3408 373 HS!

124 466 413 538 βασιλείαν
465 467 822 540 παραλαϐὼν,
872 460 1027 530 αὖθις
1088 463 1228 537 μετά
1284 465 1467 536 Κύρον
1509 461 1630 516 διὰ·

1902 473 1941 512 σι
1994 463 2245 511 nostrum
2294 448 2496 507 invecti
2548 445 2843 503 dicebant:
2878 460 2897 494 ι
2944 436 3316 508 Quadraginta
3352 441 3408 490 et

122 560 569 632 προγράμματος
599 562 699 633 τήν
726 559 1080 633 Ἰερουσαλὴμ
1102 556 1518 628 οἰκοδομηθῆναι
1550 570 1723 627 προσ-

118 653 334 705 τάττει.
364 653 477 706 Καὶ
506 652 572 724 δὴ
604 652 747 707 κατὰ
774 653 836 706 τὸ
873 652 1030 706 ἕκτον
1054 648 1222 705 αὑτοῦ
1258 649 1358 717 τῆς
1378 646 1556 718 ἀρχῆς
1578 645 1720 712 ἔτος,

120 746 268 815 ὕπερ
294 740 368 816 ἦν
392 743 501 799 ἀπὸ
524 745 708 816 Κύρου
730 742 1170 816 τεσσαρακοστὸν
1198 742 1293 794 καὶ
1324 740 1503 805 ἕκτον,
1525 739 1595 793 τά
1622 738 1724 809 τῆς

116 839 424 912 οἰκοδομῆς
456 838 897 911 άποπληροῦται·
931 837 1053 893 ὅθεν
1073 834 1384 906 ὁρμώμενοι
1410 832 1489 903 τῷ
1512 833 1723 904 Σωτῆρι

117 933 286 1005 ἡμῶν
332 933 520 1002 ἔλεγον
541 947 554 961 ⁸
588 950 608 984 ι
649 933 721 986 Μ’
754 931 847 985 καὶ
882 929 943 995 ἒξ
974 928 1150 983 ἐτεσιν
1180 924 1508 998 ᾠκοδομήθη
1542 926 1570 977 ὁ
1595 922 1724 986 ναὸς

114 1016 307 1093 οὗτος,
342 1028 441 1083 καὶ
493 1029 558 1082 ab
601 1028 659 1080 ὲν
706 1027 885 1098 τρισὶν
927 1023 1164 1095 ἡμέραις
1210 1020 1424 1090 ἐγερεῖς
1471 1016 1667 1079 adadv;
1698 1034 1717 1067 ι

114 1120 288 1173 Κατὰ
310 1120 371 1173 δὲ
401 1119 495 1173 τὸν
532 1117 796 1189 Ἰώσηπον
840 1123 882 1170 ο¹
916 1116 1003 1187 (θ’)
1035 1114 1132 1168 καί
1168 1119 1218 1184 μ’
1245 1111 1339 1182 ἐτη
1366 1107 1612 1181 ἀκριϐῶς
1654 1106 1724 1159 τὰ

116 1212 235 1267 ἀπὺ
264 1214 451 1286 Κύρου
483 1216 577 1268 ἐπὶ
605 1214 666 1267 τὸ
699 1211 927 1284 Δαρείου
960 1209 1147 1262 ἔνατον
1178 1206 1297 1269 ἔτος
1324 1204 1636 1272 συνάγεται,
1664 1202 1723 1253 ὲν

113 1297 163 1374 ᾦ
202 1306 366 1370 τέλος
402 1306 671 1360 ἐπιθεῖναι
713 1308 781 1376 τῇ
817 1302 910 1358 τοῦ
940 1299 1071 1356 ναοῦ
1102 1299 1358 1369 οἰκοδομῇ
1387 1299 1444 1351 ὲν
1475 1295 1553 1365 τῷ
1576 1293 1723 1347 ἐνδε-

114 1397 279 1469 κάτῳ
306 1398 410 1468 τῆς
442 1397 895 1467 Ἀρχαιολογίας
913 1395 1077 1464 φησὶν
1094 1391 1366 1457 αὑτολεξεί
1381 1389 1556 1460 δηλῶν
1581 1389 1725 1441 οἰκο-

114 1489 539 1564 δομηθήσεσθαι
586 1492 678 1545 τὸν
731 1490 859 1544 ναὸν
894 1489 936 1554 ζ’
970 1488 1096 1559 (sic)
1136 1486 1265 1559 μηνὶ
1285 1484 1380 1538 τοῦ
1412 1484 1599 1537 ἐνάτου
1624 1482 1723 1551 τῆς

114 1581 217 1635 ἐπὶ
247 1582 477 1653 Δαρείου
507 1580 783 1652 βασιλείας
808 1580 960 1642 ἔτους
977 1595 990 1607 ·
1027 1570 1108 1639 οἷς
1129 1575 1223 1628 καὶ
1251 1571 1498 1642 ἐπιφέρει
1520 1569 1719 1638 λέγων·

120 1691 141 1723 ι
173 1670 516 1742 Κατῴκισαν
555 1671 613 1725 δὲ
645 1673 702 1724 ὲν
736 1672 847 1733 τοῖς
880 1665 1272 1740 Ἰεροσολύμοις
1304 1660 1548 1730 πολιτείᾳ
1574 1656 1721 1731 χρώ-

116 1781 282 1835 μενοι
329 1761 873 1836 ἀριστοκρατῘορ]ικῇ
927 1759 1066 1832 μετὰ
1110 1754 1456 1827 ὀλιγαρχίας·
1508 1754 1556 1805 οἱ
1611 1749 1721 1822 γάρ

115 1857 296 1927 ἱερεῖς
349 1857 761 1928 προεστήκεσαν
811 1853 919 1907 τῶν
955 1851 1319 1924 πραγμάτων,
1346 1847 1472 1918 άχρι
1506 1840 1567 1899 οὗ
1593 1845 1720 1907 τοὺς
1755 1880 1794 1937 Β

124 1948 516 2020 ’Δσαμωναίου
546 1947 743 2019 συνέϐη
778 1945 1079 2017 βασιλεύειν
1108 1942 1386 2012 ἐγγόνους.
1414 1959 1432 1991 ι
1460 1937 1583 1991 Αἵδε
1621 1935 1720 2006 μὲν

110 2054 216 2091 ουν
246 2039 305 2092 αἱ
340 2039 397 2092 ἐν
419 2039 486 2109 τῇ
510 2036 817 2109 προφητείᾳ
848 2035 1146 2108 φερόμεναι
1174 2034 1218 2098 ζ’
1246 2029 1537 2101 ἐϐδομάδες
1560 2028 1641 2089 εἰς
1660 2025 1721 2078 τὸ

113 2127 611 2199 προδεδηλωμένον
662 2126 782 2190 ἔτος
830 2126 1058 2199 Δαρείου
1091 2121 1556 2196 περιοριζόμεναι,
1590 2117 1723 2190 πρόα

110 2217 283 2291 δηλον
313 2221 405 2274 ὀυν
426 2219 493 2273 δι’
514 2219 582 2290 ἣν
607 2218 788 2273 αἰτίαν
818 2218 926 2272 τῶν
949 2217 1082 2285 (τὸν)
1112 2216 1219 2268 ἀπὸ
1238 2215 1344 2268 τῶν
1366 2210 1568 2266 λοιπῶν
1591 2211 1724 2278 ἀφο-

114 2308 325 2380 ρισμον
364 2309 918 2379 εἰλήφασιν.’Ίδωμεν
945 2306 1001 2360 δὲ
1032 2306 1125 2359 καὶ
1163 2303 1263 2368 τὰς
1295 2303 1491 2364 λοιπὰς
1523 2300 1598 2370 ξβ¹
1630 2299 1723 2353 ἐπὶ

113 2400 319 2464 ποίους
350 2398 753 2472 περιορίζονται
800 2399 1046 2469 χρόνους.
1075 2398 1147 2450 Τὸ
1177 2397 1276 2468 μὲν
1304 2394 1369 2466 δὴ
1395 2394 1578 2449 ἔνατον
1606 2392 1741 2457 ἔτος.

114 2493 356 2564 Δαρείου
379 2493 520 2546 κατὰ
544 2492 643 2564 τὴν
670 2491 906 2563 ἑϐδόμην
935 2490 1029 2544 καὶ
1052 2487 1348 2561 ἑξηκοστὴν
1384 2484 1723 2554 Ὀλυμπιάδα

118 2586 191 2639 ἐκ
226 2585 332 2655 τῆς
365 2583 476 2637 τῶν
525 2584 655 2654 παρ’
694 2583 921 2654 Ἕλλησι
966 2581 1358 2654 χρονογράφων
1390 2578 1722 2649 παρίσταται

121 2676 402 2747 ίστορίας·
429 2675 538 2729 ἀπὸ
577 2676 640 2747 δὴ
678 2671 770 2729 οὖν
805 2674 1012 2745 ταύτης
1039 2674 1132 2727 ἐπὶ
1164 2672 1265 2744 τὴν
1298 2672 1598 2745 ἑκατοστὴν
1631 2673 1724 2724 ὲκο

116 2770 462 2839 καιδεκάτην
507 2768 868 2840 Ὀλυμπιάδα,
903 2767 1025 2821 καθ’
1053 2767 1119 2836 ἢν
1165 2765 1426 2828 Σέλευκος
1464 2764 1599 2835 μετὰ
1624 2763 1722 2834 τὴν

130 2861 495 2933 Ἀλεξάνδρου
518 2861 776 2933 τελευτὴν
801 2860 1002 2933 Συρίας
1025 2858 1244 2928 ἀπάσης
1264 2859 1358 2911 καὶ
1376 2857 1724 2922 Βαϐυλωνίας

116 2954 456 3025 ἐκράτησεν,
494 2953 586 3025 ἔτη
614 2953 824 3023 γίνεται
851 2960 895 3005 σ¹
913 2969 925 2983 ·
957 2952 1208 3006 ἐντεῦθεν
1231 2950 1273 3003 δ’
1298 2950 1390 3003 ἐπὶ
1414 2949 1513 3020 τὴν
1538 2948 1722 3001 τελευ-

115 3045 226 3118 τὴν
250 3046 496 3116 Σίμωνος
515 3087 530 3109 ,
566 3045 833 3100 Ἰουδαίων
870 3044 1173 3117 ἀρχιερέως
1190 3084 1204 3107 ,
1228 3042 1329 3112 τῆς
1358 3041 1500 3095 κατὰ
1524 3040 1724 3112 Συρίαν

117 3139 309 3208 ἀρχῆς
340 3136 384 3201 ζ’
412 3138 508 3191 καὶ
535 3143 577 3191 ο⁸
611 3138 707 3191 καὶ
745 3143 789 3207 ρ’
812 3135 1155 3205 διαγενέσθαι
1186 3136 1220 3205 ἡ
1252 3132 1445 3204 πρώτη
1484 3132 1599 3186 τῶν
1625 3149 1726 3186 κα-

1825 565 1921 606 sex
1966 548 2126 603 annis
2175 544 2502 602 aedificatum
2551 547 2639 597 est
2669 535 2931 606 templum
2982 533 3128 594 hoc,
3180 539 3235 585 et
3264 528 3408 583 tuin

1823 640 2001 694 tribus
2022 638 2218 693 diebus
2239 633 2507 691 excitabis
2544 630 2675 685 illud
2707 628 2809 681 "‘i
2846 647 2866 680 ι
2892 624 3056 680 Juxta
3088 628 3270 676 autem
3311 615 3409 674 Io-

1833 729 2062 800 sepbum
2090 742 2287 783 novem
2311 732 2367 779 et
2398 722 2761 794 quadraginta
2791 716 2921 772 anni
2950 720 3079 771 sunt
3112 728 3145 767 a
3176 710 3318 783 Cyro
3337 707 3409 764 ad

1823 836 2031 877 nonum
2067 820 2215 873 Darii
2271 833 2499 880 annum,
2532 829 2659 883 gquo
2714 810 3012 882 perfectam
3079 805 3214 860 dicit
3268 809 3409 857 tem-

1824 914 1897 985 pli
1921 911 2371 972 aedificationem,
2402 908 2485 963 .in
2522 905 2812 961 undecimo
2858 896 3235 968 Archaaologia:
3266 895 3409 949 libro

1824 1006 2012 1076 templi
2045 1002 2499 1060 instaurationem
2525 1012 2760 1053 narrans
2793 994 3027 1064 septimo
3067 990 3212 1044 Darii
3256 985 3411 1058 regni

1823 1097 1953 1150 noni
1980 1094 2110 1148 anni
2140 1107 2326 1147 mense
2367 1090 2694 1145 absolutam.
2743 1086 3054 1153 Additque:
3098 1100 3116 1132 ι
3171 1078 3411 1148 Eratque

1825 1195 1958 1242 tune
1985 1181 2496 1255 Hierosolymitanis
2524 1177 2871 1234 aristoeratia
2903 1171 3198 1243 oligarchia
3223 1169 3409 1234 mista;

1823 1277 2296 1335 saeerdotesenim
2315 1276 2480 1329 rebus
2510 1272 2868 1342 praefuerunt,
2899 1268 3073 1321 donec
3098 1260 3410 1318 Asamouaai

1823 1373 2028 1444 posteri
2060 1371 2392 1426 sortirentur
2424 1381 2650 1435 regnum
2684 1363 2783 1432 tl).
2822 1380 2841 1413 ι
2876 1359 2970 1413 lia:
3000 1358 3164 1429 igitur
3195 1357 3248 1409 in
3280 1369 3409 1426 pro-

1825 1464 2007 1535 phetia
2030 1463 2212 1518 relatae
2247 1471 2453 1530 septem
2489 1454 2876 1527 hebdqmadcs,
2919 1466 3041 1522 qua:
3091 1450 3159 1505 ad
3202 1462 3410 1503 nonum

1825 1558 1970 1612 Darii
2003 1571 2208 1611 annum
2243 1553 2527 1614 desinunt,
2566 1552 2725 1605 istam
2760 1548 2832 1603 ob
2862 1560 3086 1601 causam
3118 1559 3149 1597 a
3193 1542 3409 1596 caeteris

1822 1649 2215 1705 discriminata:
2245 1652 2393 1702 sunt.
2425 1642 2724 1697 Videamus
2756 1654 2906 1693 nunc
2951 1637 3020 1692 ad
3071 1649 3191 1706 quae
3238 1633 3411 1703 perti-

1822 1750 1990 1797 neant
2023 1748 2270 1809 tempora
2299 1738 2521 1806 reliqua:
2549 1731 2918 1788 hebdomades
2952 1730 3236 1799 sexaginta
3264 1724 3406 1781 dum.

1823 1830 2012 1886 Nonus
2041 1828 2189 1883 Darii
2222 1842 2401 1881 annus
2439 1825 2594 1894 juxta
2631 1822 2945 1877 Graecorum
2981 1817 3225 1874 historia:
3246 1816 3412 1870 chro-

1823 1924 2098 1994 nologiam
2121 1920 2366 1990 septimae
2393 1924 2447 1972 et
2467 1916 2821 1985 sexagesima:
2843 1911 3147 1984 Olympiadi
3181 1924 3411 1978 respon-

1821 2018 1940 2083 det;
1959 2016 2028 2069 ab
2052 2015 2153 2067 hac
2169 2011 2237 2065 ad
2254 2010 2607 2065 centesimam
2626 2014 2835 2062 sextam
2852 2005 3118 2059 decimam
3133 2000 3411 2072 Olympia-

1822 2111 1970 2173 dem,
2001 2124 2107 2178 qua
2148 2106 2433 2169 Seleucus,
2464 2098 2781 2155 Alexandro
2827 2106 3068 2158 mortuo,
3104 2095 3261 2164 Syria
3295 2099 3410 2146 tota

1823 2216 1888 2256 ae
1925 2200 2222 2272 Babylonia
2254 2197 2463 2268 potitus
2501 2200 2617 2255 est,
2670 2189 2800 2243 anni
2832 2197 2963 2244 sunt
2989 2186 3245 2251 ducenti;
3283 2184 3410 2238 hinc

1823 2295 1892 2349 ad
1926 2300 2154 2347 mortem
2191 2288 2457 2351 Simonis,
2486 2284 2804 2340 Iudaeorum
2837 2281 3037 2338 summi
3081 2277 3408 2339 sacerdotis,

1823 2386 1926 2442 sub
1958 2385 2240 2457 Syriarum
2267 2381 2476 2436 ditioue
2504 2387 2711 2449 septem
2739 2385 2794 2432 et
2831 2375 3174 2445 septuaginta
3205 2380 3259 2427 et
3282 2387 3413 2426 cen-

1822 2487 1938 2533 tum
1969 2476 2245 2532 etlluxisse
2278 2489 2455 2529 annos
2499 2473 2712 2544 primus
2743 2468 3181 2524 Maehahaeorum
3233 2466 3372 2520 liber
3394 2508 3409 2531 ,

1824 2573 1916 2645 qui
1945 2573 2232 2628 historiam
2285 2571 2354 2625 ad
2405 2568 2682 2622 Simonem
2723 2581 2899 2635 usque
2938 2571 3165 2628 narrat,
3220 2562 3413 2617 memi-

1822 2670 1905 2723 nit
1949 2668 2015 2720 ³³.
2048 2666 2261 2729 Rursus
2295 2663 2492 2720 exinde
2547 2660 2893 2717 sacerdotum
2946 2659 3142 2714 seriem
3185 2673 3415 2711 accura-

1823 2762 2037 2817 tissime
2064 2760 2309 2816 referens
2329 2758 2602 2829 Iosephus
2632 2756 2731 2829 (Ξ),
2756 2766 2878 2824 post
2911 2754 3189 2808 Simonem
3226 2759 3415 2806 narrat

1824 2853 2112 2924 praefuisse
2140 2854 2336 2923 populo
2377 2849 2641 2905 Joannem
2672 2857 2725 2902 et
2768 2848 3077 2919 Hyrcanum
3105 2860 3279 2899 annos
3316 2859 3414 2899 no-

1761 2949 1763 2951 ’
1817 2938 1944 3000 ’γοιιι
1995 2950 2051 2998 et
2121 2943 2355 3013 viginti;
2406 2942 2532 2995 huic
2598 2952 2977 2996 successorem
3036 2936 3412 2992 Aristobulum

1825 3053 1995 3092 unum
2031 3035 2348 3107 regnavisse
2378 3049 2616 3101 annum;
2658 3047 2768 3103 quo
2798 3043 3013 3085 mortuo
3042 3030 3412 3085 Alexandrum

1826 3135 2033 3199 septem
2078 3138 2132 3183 et
2161 3128 2351 3198 viginti
2399 3141 2614 3189 annos,
2670 3133 2725 3181 et
2777 3134 2903 3196 post
2951 3139 3074 3178 eum
3124 3121 3412 3193 eonjugem

116 3228 410 3301 λουμένων
443 3228 856 3283 Μακκαϐαῖκῶν
888 3228 1143 3300 σημαίνει
1174 3226 1382 3299 γραφὴ,
1420 3227 1579 3297 μέχρι
1601 3242 1622 3279 1

1907 3222 2215 3287 exandram,
2247 3221 2313 3276 ad
2352 3236 2516 3292 quam
2566 3233 2758 3274 omnes
2794 3218 2862 3271 ab
2896 3230 3041 3270 anno
3074 3213 3219 3268 Darii
3267 3229 3413 3269 nono

113 3337 223 3375 του
273 3323 690 3393 περιγράφουσα
732 3321 834 3391 τὴν
886 3319 1149 3392 ἱστορίαν.
1200 3318 1369 3372 Πάλιν
1400 3318 1445 3371 δ’
1473 3316 1723 3371 ἐντεῦθεν

118 3412 229 3478 τὰς
261 3412 371 3466 τῶν
399 3413 593 3485 ἱερέων
623 3414 873 3484 διαδοχάς
900 3411 1271 3484 ἀκριϐέστατα
1300 3411 1726 3483 ἐπισημαινόμε-

118 3522 221 3569 νος
268 3507 299 3559 ὁ
340 3503 603 3575 Ἰώσηπος
661 3506 799 3577 μετά
845 3506 1066 3576 Σίμωνα
1113 3504 1206 3557 τὸν
1249 3502 1725 3575 προδεδηλωμένον

119 3597 267 3669 φησί
297 3597 713 3671 καθηγήσασθαι
751 3598 847 3653 τοῦ
890 3598 1021 3652 λαοῦ
1057 3598 1310 3669 Ἰωάννην
1340 3598 1430 3650 τὸν
1461 3598 1556 3651 καὶ
1595 3597 1723 3667 ’Υρ-

121 3688 302 3742 κανὺν
328 3687 509 3741 ἔτεσιν
554 3687 597 3741 θ’
632 3687 727 3742 καὶ
770 3694 819 3741 κ’
841 3705 854 3718 ·
887 3687 1078 3740 τοῦτον
1108 3687 1165 3740 δὲ
1196 3686 1537 3752 διαδέξασθαι
1580 3685 1726 3756 Ἀρι-

122 3778 444 3845 στόϐουλον,
474 3779 533 3833 ὃν
556 3783 653 3833 καὶ
685 3778 996 3851 βασιλεῦσαι
1033 3780 1279 3833 ἐνιαυτόν
1299 3796 1312 3809 ·
1349 3779 1487 3851 μετὰ
1520 3777 1575 3832 δὲ
1603 3776 1728 3831 τοῦ-

120 3888 222 3927 τον
257 3871 610 3943 Ἀλέξανδρος
637 3873 782 3926 ἔτεσι
810 3872 913 3938 κζ’,
948 3871 1067 3943 μεθ’
1091 3871 1150 3924 ὃν
1178 3871 1277 3942 τὴν
1302 3873 1535 3940 γυναῖκα
1574 3868 1725 3921 Ἀλε-

121 3962 387 4036 ξάνδραν,
421 3965 505 4034 ἐφ’
530 3965 598 4037 ἢν
637 3965 705 4018 τά
752 3965 929 4019 πάντα
956 3966 1064 4019 ἀπὸ
1095 3964 1286 4018 ἐνάτου
1310 3963 1464 4027 ἔτους
1497 3965 1724 4035 Δαρείου

121 4055 226 4127 ἐτη
262 4055 559 4125 συνάγεται
585 4055 714 4122 υλδ’,
751 4058 925 4112 ὁπόσα
968 4058 1011 4111 δ’
1039 4059 1105 4112 ἂν
1150 4057 1363 4126 γένοιτο
1410 4058 1473 4110 ἐκ
1514 4057 1623 4110 τῶν
1648 4054 1725 4127 ξβ⁹

122 4147 444 4218 ἑϐδομάδων
483 4152 541 4203 ὲν
588 4144 676 4214 αἷς
707 4151 755 4204 οἰ
790 4151 1020 4220 χριστοὶ
1060 4149 1371 4222 ἡγούμενοι,
1407 4144 1549 4204 οὗτοι
1582 4149 1627 4201 δ’
1659 4148 1726 4202 ἂν

123 4233 243 4294 εἶεν
264 4241 315 4293 οἰ
334 4241 632 4314 ἀρχιερεῖς,
646 4243 942 4314 ἀρξάμενοι
965 4242 1073 4296 ἀπὸ
1093 4241 1275 4313 Κύρου
1303 4241 1411 4294 τῶν
1425 4239 1520 4295 τοῦ
1542 4239 1728 4304 ἔθνους

125 4330 483 4402 προέστησαν
526 4335 887 4405 πραγμάτων.
920 4333 1199 4406 Πρόδηλον
1239 4333 1351 4405 γὰρ
1394 4332 1502 4386 ἀπό
1540 4349 1599 4385 τε
1624 4333 1728 4403 τῆς

128 4424 291 4498 ἱερᾶς
318 4424 563 4497 Γραφῆς,
595 4428 656 4480 οὐ
697 4427 796 4496 μὲν
833 4426 986 4499 (μὴν)
1018 4426 1154 4482 ἀλλά
1188 4426 1282 4480 καὶ
1308 4425 1414 4480 ἀπὸ
1441 4425 1552 4479 τῶν
1594 4443 1728 4497 προ-

124 4515 393 4571 τεθεισῶν
417 4516 510 4570 τοῦ
552 4519 815 4590 Ἰωσήπου
848 4518 1062 4590 φωνῶν,
1085 4518 1161 4582 ὡς
1187 4519 1269 4572 ὅτι
1317 4517 1455 4590 μετά
1484 4516 1583 4589 τὴν
1618 4517 1727 4571 ἀπὺ

126 4606 457 4672 Βαϐυλῶνος
487 4609 768 4676 ἐπάνοδον,
822 4610 883 4675 ἐξ
932 4610 1097 4664 αὑτοῦ
1159 4608 1331 4680 Ἰησοῦ
1387 4609 1481 4664 τοῦ
1532 4609 1721 4682 ἱερέως

124 4696 228 4750 τοῦ
290 4698 526 4768 μεγάλου
583 4700 815 4771 ἡγεμόσι
864 4701 959 4754 καὶ
1004 4700 1231 4772 ἄρχουσι
1266 4703 1378 4763 τοῖς
1415 4697 1558 4753 κατὰ
1603 4698 1722 4752 δια-

125 4785 296 4858 δοχὴν
308 4787 567 4858 ἐχρῶντο,
589 4790 749 4861 μέχρι
765 4786 838 4844 ὧν
855 4792 884 4844 δ
906 4789 1165 4864 Ἰώσηπος
1180 4790 1433 4862 ὀνομάζει
1462 4791 1519 4843 Ἀ
1531 4807 1598 4844 σα
1606 4808 1721 4861 μω-

127 4879 288 4932 ναίον
320 4879 544 4946 παίδων,
562 4880 654 4945 οὓς
670 4884 702 4953 ἡ
721 4881 910 4954 Γραφὴ
926 4883 1318 4947 Μακκαϐαίους
1336 4882 1397 4952 (1⁵.
1411 4884 1500 4953 41)
1518 4884 1728 4955 ὠνόμα-

128 4985 251 5033 σεν,
281 4960 585 5042 ὧνπρῶτος
618 4972 1044 5043 ἀρχιεράτευσεν
1086 4973 1284 5037 Ἰούδας
1304 4975 1333 5028 ὁ
1361 4974 1724 5037 Μακκαϐαῖος

125 5060 474 5134 ἐπικληθεὶς,
491 5063 550 5127 ὃς
570 5063 665 5116 καὶ
681 5064 1035 5138 καθηγήσατο
1049 5066 1141 5120 τοῦ
1157 5066 1287 5121 λαοῦ
1312 5066 1437 5130 τοὺς
1453 5067 1722 5137 Ἀντιόχου

125 5156 565 5226 τροπωσάμενος
614 5160 976 5231 στρατηγούς.
1011 5160 1149 5216 Μεθ’
1174 5160 1233 5213 ὃν
1275 5159 1529 5231 Ἰωνάθης
1569 5157 1722 5213 ἁδελ-

129 5244 236 5312 φὸς
270 5245 436 5300 αὐτοῦ
461 5246 598 5318 ὁμοῦ
626 5248 724 5318 τὴν
749 5249 1161 5323 ἀρχιερωσύνην
1207 5251 1301 5304 καὶ
1346 5250 1444 5322 τὴν
1470 5248 1567 5303 τοῦ
1591 5248 1721 5303 λαοῦ

125 5336 492 5409 διαλαμϐάνει
538 5341 875 5412 προστασίαν
895 5358 910 5372 ο
955 5342 1048 5396 καὶ
1080 5339 1237 5407 αὖθις
1273 5343 1464 5397 τούτου
1499 5340 1725 5411 ἀδελφὸς

127 5432 322 5503 Σίμων
349 5432 665 5506 ἀρχιερεὺς,
695 5434 813 5505 μεθ’
844 5433 904 5488 ὃν
945 5435 1228 5507 Ὑρκανὸς,
1267 5436 1385 5508 μεθ’
1411 5434 1470 5490 ὃν
1500 5435 1722 5504 Ἰούδας,

208 5586 275 5621 ’ν
318 5585 478 5646 Ioan.
510 5605 575 5657 lt,
602 5588 690 5644 20.
770 5590 818 5622 ³³
854 5588 875 5642 1
910 5589 1157 5646 Machab.
1182 5609 1218 5647 ι.

204 5742 288 5818 (1)
314 5743 541 5818 Ioseph.
571 5747 731 5807 Arch.
759 5766 838 5815 xl,
868 5750 923 5815 4,
956 5749 1010 5806 8.

1826 3315 1955 3368 anni
1985 3323 2220 3383 quatuor
2243 3320 2297 3367 et
2331 3311 2550 3380 triginta
2588 3316 2643 3363 et
2692 3307 3076 3378 quadringenti
3118 3303 3374 3359 eﬂluxere
3395 3344 3410 3368 ,

1827 3407 1921 3477 qui
1961 3413 2091 3462 sunt
2122 3404 2407 3474 sexaginta
2441 3403 2563 3456 duae
2593 3398 2997 3459 hebdomades,
3045 3399 3245 3467 quibus
3277 3410 3415 3466 pra:-

1828 3499 2050 3554 fuerunt
2093 3497 2316 3558 Christi,
2371 3497 2570 3550 summi
2628 3494 2837 3549 scilicet
2874 3492 3209 3552 sacerdotes.
3245 3490 3337 3560 qui
3382 3505 3414 3542 a

1826 3588 1968 3661 Cyro
1986 3589 2172 3659 populi
2191 3588 2352 3641 rebus
2370 3585 2720 3657 praefuerunt.
2752 3583 2981 3639 Constat
2995 3582 3137 3637 enim
3170 3597 3238 3636 ex
3256 3595 3414 3635 saera

1831 3680 2136 3752 Scriptura,
2195 3694 2408 3734 necnon
2453 3694 2484 3732 e
2535 3677 2722 3731 citatis
2768 3674 2991 3744 Iosephi
3048 3674 3219 3734 locis,
3268 3672 3415 3743 qttod

1828 3781 1953 3844 post
1990 3772 2226 3827 reditum
2263 3770 2625 3841 eBahylone,
2671 3769 2739 3822 ab
2785 3768 2904 3836 ipso
2952 3766 3079 3822 Iesu
3131 3765 3415 3821 sacerdote

1829 3879 2027 3935 magno
2057 3862 2291 3917 ducibus
2319 3868 2374 3915 et
2408 3860 2751 3930 principibus
2778 3859 3041 3912 continua
3075 3858 3215 3912 serie
3238 3855 3412 3912 Iudaei

1828 3957 1915 4012 usi
1947 3963 2097 4020 sunt,
2118 3970 2291 4024 usque
2312 3953 2379 4008 ad
2400 3954 2522 4007 illos
2549 3968 2688 4022 quos
2714 3949 2986 4020 Iosephus
3020 3950 3323 4004 Asamonaei
3351 3951 3417 4003 ti-

1828 4050 1932 4104 lios
1961 4055 2141 4113 vocat,
2176 4046 2462 4116 Scriptura
2509 4060 2639 4099 vero
2687 4043 3027 4098 Maehabaeos
3072 4042 3411 4103 nominavit,

1827 4155 2060 4211 quorum
2092 4140 2305 4210 primus
2345 4152 2619 4192 summum
2654 4136 2889 4191 obtinuit
2922 4135 3297 4204 pontificatum
3322 4133 3410 4188 Iu-

1828 4216 1928 4286 das
1968 4229 2315 4284 Machabazus
2372 4228 2735 4298 cognomine,
2798 4227 3105 4296 fugatisque
3159 4227 3414 4281 Antiochi

1829 4320 2063 4375 ducibus
2095 4321 2296 4390 populo
2316 4319 2551 4387 praefuit.
2584 4318 2717 4374 Post
2740 4334 2864 4373 eum
2897 4319 3062 4372 frater
3099 4317 3219 4387 ejus
3247 4317 3416 4373 Iona—

1829 4412 1955 4468 thas
1983 4426 2259 4467 summum
2312 4410 2476 4464 simul
2524 4411 2899 4481 pontificatum
2932 4418 2986 4463 et
3018 4411 3204 4479 populi
3243 4410 3417 4481 impe-

1833 4506 1972 4560 rium
2012 4503 2258 4573 accepit;
2307 4519 2636 4573 rursumque
2669 4504 2789 4572 ejus
2820 4501 2990 4556 frater
3024 4500 3213 4557 Simon
3263 4518 3416 4558 sum-

1759 4563 1804 4622 θ
1833 4610 1954 4650 mus
1986 4593 2087 4649 fuit
2118 4592 2398 4657 sacerdos,
2434 4563 2563 4663 post
2582 4563 2742 4662 quem
2772 4590 3081 4663 Hyrcanus,
3108 4598 3232 4660 post
3255 4607 3413 4660 quem

1827 4685 2018 4750 Iudas,
2060 4687 2153 4756 qui
2184 4695 2238 4740 et
2266 4685 2617 4739 Aristobulus
2648 4684 2850 4756 dictus,
2883 4693 3269 4738 successerunt
3292 4683 3416 4753 :qui

1831 4779 2044 4851 primus
2091 4793 2307 4833 summo
2337 4778 2647 4833 sacerdotio
2675 4754 2951 4847 regnoque
2982 4776 3233 4831 diadema
3267 4776 3419 4844 adje-

1831 4873 1929 4927 cit.
1959 4870 2093 4927 Post
2123 4887 2246 4926 eum
2276 4886 2492 4926 summo
2518 4868 2829 4924 sacerdotio
2859 4867 3021 4923 simul
3053 4875 3106 4922 et
3137 4866 3284 4937 regia
3320 4880 3416 4936 po-

1832 4970 2031 5019 testate
2081 4970 2325 5033 aecepta.
2366 4961 2695 5023 Alexander,
2726 4960 3051 5015 succedente
3075 4959 3124 5013 ei
3159 4958 3412 5027 conjuge,

1833 5065 2086 5112 mortuus
2113 5064 2218 5112 est.
2250 5054 2406 5110 Tunc
2432 5054 2716 5125 completis
2756 5069 2876 5123 qua:
2904 5051 3108 5106 Danieli
3143 5051 3418 5122 praedictae

1835 5149 2055 5206 fuerunt
2087 5147 2542 5211 hebdomadibus,
2570 5146 2837 5217 imperare
2859 5144 3117 5199 desinunt
3142 5141 3419 5211 principes

1832 5260 1864 5300 c
1913 5242 2292 5300 sacerdotibus
2330 5240 2701 5313 cognominati
2758 5238 2982 5304 ebristi;
3045 5243 3104 5290 ut
3162 5232 3418 5289 ostende-

1833 5353 1984 5395 retur
2010 5341 2124 5394 baee
2151 5339 2317 5395 verba
2344 5355 2364 5389 ι
2389 5351 2563 5407 usque
2589 5335 2654 5389 ad
2670 5333 2941 5389 christum
2963 5331 3189 5385 ducem»
3211 5327 3276 5383 ad
3294 5327 3418 5381 illas

1834 5430 2209 5489 hebdomades
2236 5437 2521 5501 spectare;
2548 5425 2706 5499 quasi
2737 5423 3083 5480 manifestius
3104 5420 3414 5476 diceretur:

1921 5747 1997 5821 (ἱ)
2032 5743 2253 5818 Ioseph.
2287 5745 2466 5815 Antiq.
2505 5759 2598 5811 xx,
2632 5743 2716 5811 lO,
2744 5744 2800 5799 '5.
