3856 6226
398 316 540 376 H83

1092 315 1365 374 EUSEBII
1398 312 1880 373 ςιεΑιιιεΝειε
1898 313 1987 371 ’01

2108 313 2311 374 PARS.
2349 315 2439 376 Ill.
2477 348 2550 359 —-
2583 314 2996 371 EXEGETICA.

3540 313 3674 370 1181

395 431 602 487 Novem
649 437 705 487 et
744 431 1025 503 sexaginta
1069 431 1288 488 eﬂluent
1318 431 1721 499 bebdomsdes,
1777 432 1987 489 scilicet

2096 435 2119 487 Β
2151 434 2245 488 καὶ
2288 432 2717 505 Ἀριστόϐουλος,
2749 431 3051 502 διαδέχεται
3069 446 3084 461 ο
3114 430 3210 484 καὶ
3234 428 3458 501 πρῶτος
3482 428 3579 481 ἐπὶ
3612 431 3678 499 τῇ

396 526 562 578 trium
604 530 659 578 et
706 524 985 593 octoginta
1023 529 1079 576 et
1133 521 1658 593 quadringentorum
1711 537 1982 577 annorum

395 618 671 685 spatium,
730 616 785 670 in
839 630 955 685 quo
1005 615 1247 670 Christus
1297 629 1658 685 summusque
1725 614 1986 670 sacerdos

395 709 517 762 vice
563 706 824 762 continua
885 705 993 759 dux
1055 705 1242 775 populi
1295 705 1458 760 rebus
1508 705 1744 775 praeerit.
1808 704 1986 774 Atque

397 799 566 869 igitur
593 798 818 852 cuilibet
847 796 1199 851 manifestum
1226 797 1443 851 videtur
1477 797 1547 852 iis
1595 811 1718 866 qua;
1755 796 1986 851 demon-

396 890 691 946 stravimus
720 898 799 943 tot
824 889 1043 959 elapsos
1075 886 1249 943 fuisse
1275 904 1452 943 annos
1477 904 1508 942 a
1554 889 1698 961 Cyro
1743 888 1811 943 ad
1851 889 1984 944 Ale-

396 979 589 1035 xandri
625 987 889 1041 mortem,
915 979 1091 1032 ultimi
1113 995 1145 1033 e
1165 979 1399 1034 summis
1422 980 1806 1035 sacerdotibus
1834 979 1988 1050 prin-

396 1073 555 1142 cipis.
589 1072 708 1126 Hoc
740 1071 888 1126 enim
920 1079 1136 1125 mortuo
1166 1072 1284 1127 sola
1306 1072 1549 1126 omnium
1589 1087 1764 1142 usque
1790 1071 1859 1125 ad
1880 1073 1986 1127 hoc

395 1165 662 1234 temporis
710 1163 906 1217 mulier
952 1163 1132 1233 gentis
1184 1163 1424 1217 obtinuit
1465 1178 1715 1233 regnum.
1764 1162 1838 1216 Es
1874 1176 1986 1233 quo

393 1254 707 1311 Iudaeorum
741 1253 1084 1324 principatus
1112 1253 1277 1309 simul
1319 1262 1373 1309 et
1418 1241 1695 1308 summum
1727 1255 1987 1309 sacerdoo

395 1349 566 1409 tium,
611 1346 763 1415 prius
812 1345 1108 1414 copulata,
1158 1352 1504 1413 separantur.
1554 1344 1795 1414 Accepto
1837 1345 1984 1400 enim

393 1439 705 1494 Alexandra
764 1438 1020 1507 imperio,
1079 1452 1355 1506 summum
1415 1438 1525 1492 lilio
1580 1453 1683 1493 suo
1731 1436 1986 1509 Hyrcano

397 1526 764 1581 sacerdotium
818 1525 1087 1587 tradidit,
1143 1534 1200 1579 et
1262 1536 1385 1596 post
1453 1542 1647 1583 novem
1707 1543 1979 1583 annorum

396 1634 626 1689 regnum
669 1619 822 1674 obiit.
859 1618 1067 1674 Deinde
1111 1618 1494 1683 Aristobulus,
1531 1621 1674 1677 alius
1707 1622 1825 1692 ipse
1870 1622 1985 1691 ple.

396 1723 629 1777 rumque
657 1723 782 1762 cum
816 1708 984 1764 fratre
1009 1709 1250 1781 litigans,
1288 1710 1440 1766 illum
1479 1727 1695 1767 summo
1725 1712 1985 1766 sacerdo-

2085 524 2461 596 ἀρχιερωσύνη
2507 527 2603 579 καὶ
2638 523 2885 595 βασιλείᾳ
2928 521 3211 594 περιέθετο
3246 520 3517 592 διάδημα.
3544 519 3680 574 Μεθ’

2084 616 2144 670 ὃν
2175 617 2276 688 τὴν
2299 616 2713 691 ἀρχιερωσύνην
2743 614 2880 685 όμοῦ
2915 616 3011 669 καὶ
3045 613 3146 684 τὴν
3181 612 3462 683 βασιλείαν
3499 628 3683 684 παρα-

2086 709 2267 763 λαϐὼν
2303 710 2649 781 Ἀλέξανδρος
2675 710 2769 762 ἐπὶ
2792 707 3024 778 διαδόχῳ
3053 707 3274 775 γυναικὶ
3309 705 3550 779 τελευτᾷ
3565 722 3582 735 ·
3627 706 3686 757 ὲν

2084 794 2130 869 ᾧ
2160 800 2270 855 τῶν
2312 804 2369 855 ὲν
2410 801 2489 872 τῷ
2528 802 2729 872 Δανιὴλ
2756 797 3247 871 συμπερασθεισῶν
3284 797 3611 868 ἑϐδομάδων
3638 796 3685 848 οί

2086 893 2147 959 ἐξ
2170 893 2360 965 ἱερέων
2388 892 2647 964 ἄρχοντες
2674 891 2887 964 χριστοὶ
2918 889 3457 961 προσαγορευόμενοι
3485 887 3684 941 διαλεί-

2087 1002 2282 1039 πουσιν
2301 1001 2314 1015 '
2344 983 2485 1038 ὥστε
2507 983 2701 1054 δηλοῦν
2727 983 2789 1035 τὸ
2820 984 3031 1051 φάσκον
3058 980 3301 1048 λόγιον,οι
3323 981 3431 1044 ἕως
3456 978 3683 1051 χριστοῦ

2087 1076 2417 1149 ἡγουμένου,
2449 1096 2467 1127 ι
2504 1076 2729 1130 τοσάσδε
2777 1072 2999 1127 ἔσεσθαι
3044 1071 3377 1142 ἑϐδομάδας·
3408 1072 3551 1124 ὡσεὶ
3592 1088 3685 1126 σα-

2087 1171 2351 1240 φέστερον
2399 1170 2633 1239 είρήκει,
2665 1167 2711 1220 θ’
2738 1166 2831 1219 καὶ
2866 1164 2906 1232 ξ’
2935 1163 3305 1218 διελεύσεσθαι
3347 1164 3488 1216 ἑτῶν
3533 1163 3685 1217 ἑϐδο-

2089 1260 2284 1333 μάδας,
2313 1260 2461 1313 τοῦτ’
2487 1258 2603 1312 ἔστι
2636 1256 2951 1328 χρόνωνξον)
2975 1263 3025 1325 γ’
3043 1256 3136 1311 καὶ
3163 1263 3216 1309 π’
3248 1257 3342 1308 καί
3368 1262 3414 1307 υ¹
3441 1256 3605 1322 ἑτῶν,
3627 1258 3686 1309 ὲν

2085 1347 2130 1421 ᾧ
2157 1352 2379 1424 χριστός
2412 1368 2496 1416 τις
2528 1351 2624 1404 καὶ
2647 1351 2939 1421 ἀρχιερεὺς
2984 1347 3126 1402 κατὰ
3156 1347 3408 1418 διαδοχὴν
3441 1348 3688 1417 ἡγούμε.

2086 1463 2175 1509 νος
2214 1444 2323 1498 τῶν
2360 1443 2455 1497 τοῦ
2485 1442 2617 1497 λαοῦ
2660 1444 3025 1514 προστήσεται
3073 1439 3440 1510 πραγμάτων.
3476 1439 3592 1492 Καὶ
3620 1438 3686 1508 δὴ

2087 1536 2252 1590 παντί
2297 1552 2376 1607 τῳ
2420 1535 2589 1603 σαφὲς
2618 1532 2809 1587 ἐκτῶν
2844 1530 3373 1603 προπαρατεθέντων
3407 1531 3565 1600 ἡμῖν,
3610 1529 3687 1591 ὼς

2085 1626 2340 1691 τοσοῦτος
2378 1625 2515 1679 ὲτῶν
2555 1624 2789 1703 ἀριθμὸς
2824 1623 2935 1675 τῶν
2966 1622 3075 1675 ἀπὺ
3107 1621 3290 1692 Κύρου
3318 1622 3418 1674 καὶ
3459 1622 3559 1673 ἐπὶ
3588 1621 3688 1691 τὴν

2085 1717 2341 1789 τελευτὴν
2387 1714 2736 1786 Ἀλεξάνδρου
2769 1712 2865 1767 τοῦ
2906 1712 3139 1765 ὑστάτου
3182 1711 3364 1764 αὐτῶν
3404 1711 3691 1781 ἡγησαμέ⁹

397 1800 475 1855 tio
504 1801 725 1870 spoliat,
753 1810 807 1854 et
835 1801 953 1870 ipse
982 1810 1108 1870 post
1145 1811 1256 1856 tres
1286 1818 1462 1857 annos
1502 1819 1673 1873 regno
1713 1804 1984 1874 dejicitur.

2096 1827 2183 1864 νου
2210 1808 2516 1880 ἀρχιερέως
2542 1806 2896 1878 παρίσταται.
2923 1802 3057 1858 Μεθ’
3080 1803 3138 1856 ὃν
3166 1803 3301 1873 μόνη
3324 1802 3437 1855 τῶν
3462 1801 3689 1855 πώποτε

395 1889 672 1947 Continuo
701 1892 1070 1947 Romanorum
1103 1892 1214 1948 dux
1246 1892 1538 1965 Pompeius
1569 1896 1983 1965 superveniens,

398 1980 705 2038 Jerusalem
729 1984 782 2037 vi
814 1992 1118 2055 oppugnat,
1150 1993 1452 2055 sanctaque
1480 1987 1692 2056 polluit,
1724 2004 1897 2058 usque
1917 1988 1986 2043 ad

398 2072 562 2144 adyta
620 2075 805 2144 templi
844 2090 1207 2145 progressus,
1253 2076 1639 2147 captivumque
1691 2094 1815 2132 cum
1859 2077 1987 2134 ﬁliis

396 2166 775 2222 Aristobulum
821 2167 1051 2221 Romam
1096 2168 1341 2222 abducit.
1391 2166 1526 2223 Dein
1579 2175 1634 2223 et
1670 2167 1921 2239 Hyrcano
1955 2185 1987 2224 a

397 2255 618 2314 Parthis
657 2258 714 2313 in
745 2260 1115 2329 captivitatem
1173 2259 1372 2323 ducto,
1401 2258 1716 2315 Jutlaeorum
1759 2276 1986 2331 regnum

399 2352 612 2421 primus
657 2365 690 2405 e
726 2351 981 2420 gentibus
1013 2350 1254 2406 Herodes
1303 2366 1331 2404 a
1371 2350 1745 2406 Romanorum
1793 2363 1985 2408 senatu

399 2440 632 2510 accepit.
676 2439 747 2496 Ut
773 2441 943 2496 refert
968 2439 1239 2512 Josephus
1271 2441 1387 2513 (l),
1448 2440 1718 2501 ldumaaus
1761 2455 1988 2514 patemo

397 2541 517 2588 erat
545 2546 776 2601 genere,
815 2533 991 2588 Arabs
1025 2548 1155 2588 vero
1185 2543 1451 2588 materno.
1486 2535 1563 2603 (2)
1604 2535 1802 2590 Narrat
1838 2537 1989 2591 Mri-

399 2640 573 2681 canus
597 2640 706 2679 non
748 2627 918 2680 multo
949 2639 1107 2696 post:
1157 2646 1175 2676 ι
1216 2625 1458 2691 Ferunt,
1505 2628 1598 2698 qui
1650 2629 1772 2698 ejus
1818 2630 1989 2701 origi-

400 2732 524 2773 nem
549 2728 805 2772 accurate
837 2719 1275 2787 inquisiverunt,
1311 2720 1655 2789 Antipatrem
1681 2721 1796 2791 (qui
1834 2730 1989 2792 pater

398 2811 519 2879 ejus
537 2810 707 2866 fuisse
725 2811 1081 2880 perhibetur),
1101 2812 1385 2880 cujusdam
1409 2811 1638 2869 Herodis
1665 2814 1990 2870 Ascalonita:

403 2901 595 2968 lilium,
628 2903 794 2958 unius
819 2919 884 2958 ex
920 2904 1191 2974 Apollinis
1214 2904 1401 2975 templi
1421 2905 1647 2960 servis.»
1678 2905 1801 2971 Quo
1824 2906 1988 2976 igitur

398 2992 709 3050 Judeorum
742 3011 967 3066 regnum
1011 3004 1307 3052 consecuto
1331 3037 1346 3062 ,
1380 2996 1598 3066 impleta
1626 3005 1711 3052 est
1737 3004 1851 3055 tum
1883 3013 1991 3054 cm-

399 3096 639 3140 terorum
704 3087 1125 3157 praphetarum,
1186 3098 1298 3141 tum
1353 3090 1625 3158 praecipue
1678 3089 1793 3144 hazc
1841 3089 1988 3159 apud

2086 1902 2147 1955 τὸ
2179 1898 2479 1970 τηνικαῦτα
2502 1898 2639 1969 γυνὴ
2677 1897 2777 1967 τὴν
2801 1896 2896 1949 τοῦ
2924 1894 3110 1959 ἔθνους
3141 1893 3420 1965 βασιλείαν
3449 1894 3688 1965 διαλαμο

2086 1993 2259 2057 eam,
2289 1991 2347 2057 ἐξ
2373 1987 2441 2064 ἧς
2463 1990 2601 2061 ὁμοῦ
2632 1990 2704 2043 τά
2733 2006 2792 2042 τε
2816 1988 2917 2058 τῆς
2944 1987 3214 2041 Ἰουδαίων
3239 1986 3573 2057 ἡγεμονίας,
3597 1987 3693 2040 καὶ

2086 2084 2157 2138 τά
2178 2087 2278 2153 τῆς
2308 2086 2372 2136 ὲκ
2401 2082 2683 2154 προγόνων
2718 2079 2998 2143 εὐσταθῶς
3025 2077 3323 2150 προϊούσης
3344 2078 3693 2149 ἀρχιερωσύ-

2087 2195 2185 2249 νης
2243 2179 2541 2246 συγχεὶται.
2579 2172 2921 2227 Διαλαϐοῦσα
2962 2172 3095 2241 γοῦν
3148 2172 3183 2244 ἡ
3227 2170 3692 2242 προδεδηλωμένη

2086 2268 2184 2340 τὴν
2215 2266 2411 2339 ἀρχὴν,
2442 2268 2542 2338 τὴν
2569 2267 2668 2337 μὲν
2697 2264 3113 2338 ἀρχιερωσύνην
3138 2261 3393 2336 Ὑρκανῷ
3425 2262 3510 2333 τῷ
3542 2263 3693 2315 παιδί

2086 2360 2321 2425 δίδωσιν,
2353 2360 2492 2430 αὐτὴ
2522 2358 2580 2412 δὲ
2608 2358 2704 2429 τὴν
2729 2357 3007 2428 βασιλείαν
3033 2357 3127 2428 ἔτη
3155 2356 3200 2410 θ’
3224 2358 3591 2426 κατασχοῦσα
3614 2372 3694 2410 τερ

2086 2449 2270 2521 λευτᾷ.
2306 2448 2442 2503 Μεθ’
2468 2450 2535 2519 ἢν
2578 2446 3007 2521 ’Δριστόὸουλος,
3037 2447 3225 2517 ἔτερος
3254 2446 3424 2510 αὐτὸς
3460 2445 3692 2500 πλεῖστα

2090 2542 2388 2607 στασιάσας
2426 2542 2564 2613 πρὸς
2588 2541 2677 2595 τὸν
2707 2539 2957 2609 ἀδελφὸν,
2991 2542 3197 2593 ἐκεῖνον
3230 2539 3331 2609 μὲν
3358 2538 3464 2610 τὴν
3504 2541 3693 2610 ἀρχιε-

2092 2635 2337 2708 ρωσύνην
2387 2635 2724 2705 ἀφαιρεῖται,
2750 2632 2913 2695 αὐτὸς
2959 2630 3017 2685 δὲ
3064 2631 3201 2703 πρὸς
3242 2630 3423 2705 ταύτῃ
3454 2632 3557 2683 καί
3594 2631 3693 2701 τῆς

2091 2727 2368 2799 βασιλείας
2437 2726 2574 2797 μετά
2633 2726 2814 2797 τρίτον
2855 2723 2974 2787 ἔτος
3020 2724 3344 2777 ἀποπίπτει.
3397 2722 3692 2794 Ῥωμαίων

2088 2816 2198 2886 γὰρ
2239 2815 2434 2868 αὐτίκα
2487 2814 2793 2885 στρατηγὸς
2827 2814 3110 2885 Πομπήϊος
3159 2813 3419 2877 ἐπιστὰς,
3447 2814 3553 2884 τὴν
3594 2814 3691 2885 μὲν

2101 2904 2455 2977 Ἰερουσαλὴμ
2486 2906 2629 2958 κατά
2682 2904 2883 2976 κράτος
2935 2904 3234 2976 πολιορκεῖ,
3265 2903 3478 2974 μιαίνει
3517 2921 3581 2956 τε
3625 2904 3693 2957 τὰ

2091 2994 2221 3064 ἅγια
2269 2996 2431 3067 μέχρι
2463 2995 2571 3048 τῶν
2600 2995 2810 3049 ἀδύτων
2846 2994 2939 3049 τοῦ
2987 2994 3134 3066 ἱεροῦ
3165 2993 3475 3066 προελθὼν,
3512 2995 3610 3047 τὸν
3638 2995 3693 3048 δὲ

2103 3088 2508 3160 Ἀριστόϐουλον
2538 3087 2757 3158 δέσμιον
2783 3089 2878 3140 ἐπὶ
2922 3086 3140 3158 Ῥώμης
3161 3088 3282 3157 ἅμα
3302 3088 3529 3151 τέκνοις
3568 3090 3696 3142 ἀνα-

402 3176 639 3249 MoySem
661 3178 848 3243 Jacobi
874 3178 1187 3249 praedictio:
1217 3198 1235 3231 ι
1266 3179 1384 3234 Non
1408 3180 1686 3236 auferetur
1707 3189 1983 3251 sceptrum

2096 3182 2326 3253 πέμπεν
2354 3180 2548 3252 μεθ’ὃν
2578 3180 2778 3233 καὶτοῦ
2806 3178 3074 3251 Ὑρκανοῦ
3093 3179 3199 3232 ὑπὸ
3218 3179 3460 3251 Πάρθων
3488 3184 3696 3251 αἰχμα-

401 3268 471 3324 de
499 3266 660 3332 Juda,
691 3277 747 3325 et
795 3271 901 3325 dux
938 3271 1006 3326 de
1054 3271 1259 3327 temore
1291 3272 1435 3340 ejus,
1465 3271 1640 3329 donec
1677 3275 1861 3328 veniat
1891 3272 1986 3341 qui

2096 3271 2260 3326 λώτου
2290 3271 2568 3341 ἀχθέντος,
2594 3269 2690 3341 τὴν
2724 3269 2868 3324 κατά
2915 3268 3182 3323 Ἰουδαίων
3219 3268 3513 3339 βασιλείαν
3543 3270 3697 3342 πρῶ-

401 3360 701 3416 mittendus
728 3370 845 3429 est;
875 3372 928 3417 et
959 3364 1075 3433 ipse
1090 3365 1193 3418 erit
1210 3365 1550 3433 exspectatio
1571 3365 1814 3436 gentium
1847 3364 1913 3419 ”.
1962 3383 1981 3418 ι

2096 3378 2180 3425 τος
2209 3360 2268 3424 ἐξ
2298 3359 2465 3414 ἐθνῶν
2493 3357 2740 3431 Ἡρώδης
2767 3359 2920 3430 παρά
2937 3358 3038 3428 τῆς
3064 3358 3371 3429 συγκλήτου
3399 3359 3697 3430 Ῥωμαίων

402 3451 566 3522 Atqui
596 3452 945 3508 manifestum
988 3462 1071 3509 est
1120 3456 1236 3511 sive
1267 3456 1549 3523 historiis,
1595 3457 1711 3512 sive
1758 3456 1826 3512 iis
1867 3471 1989 3526 quae

402 3543 712 3608 retulimus,
737 3559 912 3613 usque
945 3545 1013 3598 ad
1042 3544 1331 3608 Herodem,
1364 3562 1476 3616 quo
1523 3557 1784 3618 regnante
1822 3556 1988 3604 natus

388 3642 489 3691 est
536 3635 827 3699 Christus,
860 3636 1029 3691 totius
1061 3636 1241 3706 gentis
1275 3648 1552 3707 sceptrum
1593 3653 1702 3693 non
1744 3639 1987 3694 ablatum

405 3726 578 3783 fuisse
604 3726 671 3782 de
695 3726 955 3782 Hebrwis.
983 3726 1166 3781 Primo
1197 3727 1363 3797 igitur
1393 3742 1461 3783 ex
1487 3729 1664 3784 aliena
1694 3738 1855 3799 gente
1901 3746 1987 3786 re-

404 3826 607 3890 gnante
634 3817 867 3882 Herode,
902 3819 1160 3874 continuo
1189 3817 1395 3872 Christi
1427 3818 1736 3874 incarnatio
1765 3819 1987 3889 impleta

403 3915 509 3971 est,
555 3908 904 3979 gentiumque
952 3908 1314 3978 praenuntiata
1357 3911 1733 3979 exspectatio,
1791 3909 1990 3965 diffusa

405 4014 503 4068 per
553 4014 770 4054 omnem
836 4007 1050 4070 gentem
1108 3998 1409 4055 Salvatoris
1461 4001 1635 4056 nostri
1705 4001 1987 4068 doctrina,

407 4104 596 4146 revera
628 4093 997 4146 consummari
1031 4095 1214 4163 coepit.
1268 4092 1421 4148 Tunc
1451 4103 1503 4148 et
1557 4092 1819 4151 Dunielis.
1865 4100 1989 4161 post

409 4182 775 4238 hebdomades
807 4183 873 4238 de
899 4184 1099 4254 quibus
1131 4186 1521 4250 disseruimus,
1569 4186 1773 4239 exitum
1799 4185 1991 4241 habuit

2088 3452 2452 3525 ἐγχειρίζεται
2474 3470 2487 3483 ·
2523 3452 2599 3515 ώς
2636 3453 2732 3523 μὲν
2761 3453 2789 3504 ὁ
2826 3451 3088 3522 Ἰώσηπος
3117 3451 3515 3521 παραδίδωσιν.
3535 3453 3698 3506 Ἰδου-

2093 3548 2251 3617 μαῖος
2299 3544 2443 3598 κατὰ
2494 3544 2708 3614 πατέρα
2748 3542 2811 3596 τὸ
2852 3543 3008 3612 γένος
3056 3542 3430 3615 ὣν.“Δρά6ιο;
3462 3545 3524 3597 δὲ
3552 3545 3697 3598 κατά

2092 3636 2323 3707 μητέρα·
2344 3635 2418 3698 ὼς
2446 3634 2490 3687 δ’
2513 3637 2542 3687 ό
2571 3634 2915 3705 Ἀφρικανὸς,
2938 3629 2996 3687 οὗ
3033 3634 3216 3705 μικρῷ
3244 3633 3490 3705 πρόσθεν
3524 3635 3697 3704 ἐμνή-

2091 3728 2318 3799 σθημεν*
2362 3746 2380 3778 ι
2410 3726 2580 3779 Φασὶν
2622 3727 2671 3777 οί
2704 3725 2775 3778 τὰ
2826 3726 2945 3777 κατ’
2973 3725 3137 3778 αὐτὸν
3173 3724 3538 3797 ἀκριϐοῦντες
3574 3727 3697 3777 ’Δνο

2088 3817 2351 3890 τίπατρον
2397 3817 2618 3888 (τοῦτον
2664 3816 2710 3870 δ’
2743 3812 2882 3870 εἶναι
2928 3816 3075 3888 αὐτῷ
3121 3816 3367 3887 πατέρα)
3439 3816 3693 3888 Ἡρώδου

2088 3910 2232 3973 τινὸς
2270 3909 2662 3962 Ἀσκαλωνίτου
2690 3908 2799 3961 τῶν
2835 3910 2964 3981 περὶ
2991 3908 3081 3961 τὸν
3111 3909 3249 3961 νεὼν
3280 3908 3376 3962 τοῦ
3416 3909 3700 3962 ’Δπῶλω-

2089 4019 2180 4065 νος
2208 4000 2521 4073 ἱεροδούλων
2549 4000 2854 4070 γεγονέναι.
2886 4020 2906 4051 ι
2953 4001 3048 4064 Είς
3088 4001 3153 4072 δὴ
3194 3996 3287 4055 οὖν
3314 4002 3410 4056 τὸν
3444 4002 3699 4056 τοιοῦτον

2090 4093 2190 4165 τῆς
2232 4093 2499 4146 Ἰουδαίων
2526 4091 2915 4165 περιελθούσης
2945 4093 3139 4164 ἀρχῆς,
3167 4094 3227 4145 ὲν
3267 4110 3338 4145 τα
3370 4094 3502 4165 (sic)
3542 4094 3700 4165 αὐτῷ

2093 4184 2231 4255 μετά
2264 4184 2371 4237 τῶν
2401 4184 2574 4237 ἄλλων
2606 4183 2899 4255 προφητῶν
2925 4184 3020 4237 καὶ
3048 4185 3081 4253 ἡ
3111 4183 3263 4254 παρά
3277 4186 3511 4238 Μωῦσεί
3535 4202 3704 4257 φερο-

407 4272 711 4345 prazdictio,
741 4274 931 4330 dicens
956 4294 969 4330 :
1012 4294 1031 4326 ι
1061 4276 1126 4330 Ει
1158 4283 1281 4347 post
1314 4276 1681 4331 hebdomadcs
1707 4265 1987 4346 sexaginta

2096 4273 2229 4343 μένη
2270 4272 2365 4326 τοῦ
2405 4272 2595 4326 Ἰακὼὸ
2627 4273 2923 4344 πληροῦται
2952 4273 3291 4345 πρόρρησις
3326 4293 3345 4325 ι
3374 4276 3703 4330 001s.th-

405 4368 545 4423 duas
573 4366 853 4421 occidetur
880 4366 1157 4430 Christus,
1183 4376 1237 4422 et
1259 4367 1527 4436 judicium
1560 4382 1666 4421 non
1697 4376 1781 4422 est
1811 4367 1865 4421 in
1897 4383 1984 4422 eo.

2096 4364 2179 4435 ψει
2206 4366 2387 4436 ἄρχων
2404 4363 2462 4430 ἐξ
2503 4365 2671 4419 Ἰούδα
2693 4385 2711 4417 ι
2740 4366 2980 4436 φήσασα,
3003 4384 3023 4417 ι
3048 4366 3142 4417 καὶ
3165 4363 3475 4436 ἡγούμενος
3504 4368 3701 4422 ἐκτῶν

408 4457 474 4511 Ει
502 4458 776 4511 civitatem
803 4467 854 4512 et
883 4460 1256 4512 sanctuarium
1283 4458 1570 4528 dissipabit
1600 4458 1833 4528 papulus
1863 4475 1986 4512 cum

2098 4454 2290 4527 μηρῶν
2326 4455 2515 4517 αὐτοῦ,
2545 4456 2650 4519 ἓως
2683 4456 2750 4509 ἂν
2782 4456 2911 4529 ἔλθῃ
2950 4448 2994 4523 ᾧ
3036 4455 3359 4509 ἀπόκειται·
3389 4458 3493 4510 καὶ
3528 4458 3699 4521 αὐτὸς

406 4548 547 4603 duce
578 4557 845 4603 venturo:
879 4555 933 4602 et
973 4549 1096 4603 linis
1129 4549 1250 4619 ejus
1279 4549 1524 4612 vastitas,
1558 4558 1613 4604 et
1661 4558 1785 4619 post
1827 4549 1987 4604 tinent

2098 4522 2393 4617 προσδοκία
2425 4545 2614 4600 ἐθνῶν.
2645 4564 2664 4597 ι
2704 4546 2814 4600 Καὶ
2846 4522 3112 4618 πρόδηλόν
3136 4562 3203 4614 γε
3229 4545 3293 4599 ἐκ
3319 4563 3382 4599 τε
3412 4546 3529 4599 τῶν
3562 4549 3703 4601 ιστο-

407 4641 536 4697 belli
565 4649 769 4698 statuta
802 4642 1090 4697 desolatio.
1128 4660 1147 4693 ι
1228 4631 1233 4637 ’

2102 4638 2254 4710 ριῶν,
2286 4638 2382 4692 καὶ
2430 4638 2539 4691 τῶν
2586 4640 2718 4710 ἡμῖν
2771 4638 3208 4710 παρατεθέντων,
3247 4639 3330 4691 ὅτι
3371 4638 3440 4709 δὴ
3494 4639 3701 4712 μέχρις

419 4734 682 4809 Ἡρώδου,
717 4736 837 4790 καθ’
864 4735 922 4789 ὃν
951 4739 979 4791 ὁ
1012 4736 1247 4809 Χριστὸς
1269 4737 1610 4808 γεγέννηται,
1638 4737 1697 4790 ού
1724 4735 1989 4790 διέλειπεν
2025 4738 2058 4807 ἡ
2104 4733 2165 4799 ἐξ
2206 4734 2384 4789 αὐτῶν
2456 4734 2723 4806 Ἐϐραίων
2777 4733 2920 4788 κατά
2968 4732 3029 4802 (l'.
3057 4733 3119 4788 41
3153 4733 3231 4805 v")
3272 4733 3531 4806 διαδοχὴν
3599 4734 3701 4789 τοῦ

410 4829 611 4892 παντὸς
641 4829 829 4893 ἔθνους
871 4831 1235 4900 ἡγησαμένων
1268 4832 1436 4902 ἀρχή.
1475 4831 1702 4902 Πρώτου
1732 4830 1789 4883 δὲ
1817 4829 1879 4882 τὸ
1905 4828 2063 4897 γένος
2088 4826 2391 4896 ἀλλοφύλου
2425 4826 2844 4897 βασιλεύσαντος
2906 4826 3086 4880 αὐτῶν
3152 4825 3419 4898 Ἡρώδου,
3486 4827 3702 4880 αὐτίκα

387 4989 395 4996 ¹
412 4921 511 4991 μὲν
561 4922 656 4975 καὶ
682 4923 716 4992 ὴ
747 4920 843 4974 τοῦ
872 4922 1110 4995 Χριστοῦ
1157 4923 1430 4996 παρουσία
1480 4920 1804 4993 πληροῦται,
1840 4920 1934 4973 καὶ
1963 4921 1996 4991 ή
2035 4918 2145 4972 τῶν
2170 4917 2338 4972 ἐθνῶν
2366 4917 2828 4990 προθεσπισθεῖσα
2853 4917 3149 4990 προσδοκία
3210 4917 3298 4970 διὰ
3319 4919 3422 4988 τῆς
3450 4920 3536 4980 είς
3584 4919 3703 4971 πᾶν

408 5012 560 5076 ἔθνος
601 5011 1003 5084 διαδραμούσης
1044 5015 1138 5067 τοῦ
1183 5015 1434 5087 Σωτῆρος
1461 5015 1616 5086 ἡμῶν
1644 5014 1991 5077 διδασκαλίας
2027 5012 2173 5085 ἔργῳ
2202 5011 2569 5066 συντελεῖσθαι
2610 5011 2842 5083 ἤρξατο·
2903 5012 3027 5064 τότε
3064 5011 3161 5065 καὶ
3187 5014 3223 5080 ἡ
3256 5013 3315 5063 ὲν
3350 5010 3428 5081 τῷ
3491 5010 3703 5082 Δανιὴλ

413 5103 571 5173 μετὰ.
598 5105 697 5168 τὰς
747 5105 1133 5177 διαληφθείσας
1172 5108 1300 5178 ἡμῖν
1343 5108 1640 5178 ἑϐδομάδας
1688 5108 1993 5179 πρόρρησις
2030 5105 2483 5177 ὲπεσφραγίζετο,
2513 5106 2814 5173 φάσκουσα·
2856 5123 2876 5154 ι
2910 5105 3021 5157 Καὶ
3048 5103 3185 5173 μετά
3246 5104 3346 5167 τάς
3385 5102 3699 5173 ἑϐδομάδας

408 5193 506 5257 τὰς
532 5193 608 5265 ξβ¹
633 5194 1142 5270 ὲξολοθρευθήσεται
1162 5200 1392 5270 χρίσμα,
1416 5202 1507 5254 καὶ
1534 5202 1708 5271 κρίμα
1728 5200 1829 5254 οὐκ
1852 5198 1999 5252 ἐστιν
2038 5200 2095 5251 ὲν
2129 5196 2306 5268 αύτῷ·
2344 5197 2439 5249 καὶ
2472 5197 2570 5267 τὴν
2602 5196 2757 5249 πόλιν
2789 5196 2885 5248 καλ⁸
2934 5194 2997 5248 τὸ
3039 5194 3194 5264 ᾶγιον
3236 5194 3528 5266 διαφθερεῖ
3598 5196 3697 5247 σὺν

409 5283 489 5355 τῷ
513 5287 799 5359 ἡγουμένῳ
828 5287 907 5360 τῷ
947 5291 1228 5363 ἐρχομένῳ
1246 5308 1259 5321 ’
1332 5293 1427 5347 καὶ
1471 5294 1801 5364 κοπήσονται
1840 5294 1900 5347 ὲν
1957 5292 2328 5363 κατακλυσμῷ
2349 5334 2365 5359 ,
2406 5291 2501 5346 καὶ
2546 5292 2652 5355 ἓως
2697 5290 2886 5354 τέλους
2932 5289 3171 5361 πολέμου
3236 5288 3694 5361 συν-τετμημένου

412 5375 760 5446 ἀφανισμοῖς.
791 5397 813 5431 ι

488 5481 509 5515 ι
547 5463 795 5529 Quodam
833 5467 1001 5538 igitur
1032 5471 1214 5537 modo,
1247 5473 1491 5544 priorum
1532 5474 1599 5531 de
1629 5474 1827 5546 quibus
1850 5488 1995 5530 men-

408 5580 412 5585 ’
483 5578 531 5611 ’δ
554 5577 692 5635 Gen.
723 5596 871 5650 ιιιχ,
910 5585 997 5639 10.

2180 5486 2198 5519 ι
2231 5467 2363 5522 Τίνα
2401 5465 2498 5537 μὲν
2529 5460 2622 5518 οὖν
2659 5464 2858 5536 τρόπον
2879 5462 2912 5536 ἡ
2933 5463 3040 5518 τῶν
3072 5466 3491 5538 προρρηθεισῶν
3533 5467 3695 5527 esse.

487 5717 561 5787 (ι)
587 5694 812 5787 ιοςιεριι.
845 5720 1028 5787 Amm.
1058 5738 1169 5788 ιιν,
1205 5723 1257 5789 7,
1285 5725 1338 5779 3.

2172 5723 2248 5790 (2)
2284 5722 2483 5781 Euseb.
2519 5721 2662 5778 Hist.
2703 5720 2831 5777 εισι.
2866 5734 2906 5785 ι,
2940 5720 2991 5784 7,
3021 5720 3085 5777 8.‘
