3856 6226
174 339 331 400 1185

1180 337 1476 396 ECLOGA
1515 331 1998 394 PROPHETICE.
2037 371 2109 381 —
2144 340 2274 397 LIB.
2314 340 2400 399 Ill.

3316 343 3457 400 1186

180 458 375 529 μάδων
398 453 508 509 τῶν
524 471 582 508 τε
598 451 881 525 προτέρων
919 450 1067 525 [ν]ζ’,
1086 452 1304 508 καὶτῶν
1319 453 1412 509 ἐπὶ
1427 453 1653 517 ταύταις
1670 452 1770 524 ξβ’,

1889 455 2083 511 tionem
2132 457 2297 512 modo
2332 456 2584 520 fecimus,
2612 454 3013 513 hebdomadam
3068 455 3250 530 [1.]vu,
3294 472 3461 513 caete-

175 548 496 623 προφητεία
528 548 627 617 (1),
662 549 722 600 ἐν
758 540 847 610 αἷς
879 546 1022 600 κατά
1051 546 1149 617 τὴν
1182 545 1276 601 τοῦ
1309 547 1500 616 γένους
1521 546 1773 618 διαδοχὴν

177 643 455 714 προσήκει
496 638 905 709 διαλαμῦάνειν,
945 638 1038 692 καὶ
1071 641 1136 710 τῇ
1181 638 1343 710 μέχρι
1388 639 1495 693 τῶν
1534 638 1773 712 Ἡρώδου

173 730 393 803 χρόνων
418 728 630 801 ἱστορίᾳ.
653 726 886 800 δηλούσῃ
908 728 1034 792 τοὺς
1053 727 1194 782 κα.τά
1222 728 1469 800 διαδοχὴν
1497 731 1772 802 ἀρχιερεῖς

170 821 273 875 διὰ
302 821 484 891 πάσης
510 818 728 891 χριστός
748 835 833 882 τις
853 819 947 872 καὶ¹
979 819 1267 891 ἀρχιερεὺς
1290 822 1475 890 ἡγεῖτο
1500 820 1595 873 τοῦ
1617 820 1768 884 λαοῦ,

171 912 260 977 ὡς
291 912 380 966 διά
404 913 553 966 τουτὶ
589 909 839 982 εἰρῆσθαι
870 910 949 981 τῷ
974 911 1206 982 χρησμῷ
1238 912 1318 976 τὸ,
1355 931 1374 963 ι
1410 912 1515 976 ἓως
1546 912 1767 983 χριστοῦ

170 1002 513 1074 ἡγουμένου,
550 1000 777 1072 »πέρας
808 999 1027 1072 εἴληφεν
1071 1003 1150 1064 εἰς
1187 1003 1311 1065 τοὺς
1353 1002 1493 1055 κατά
1525 1002 1771 1074 Ἡρώδην

173 1094 430 1165 χρόνους,
473 1093 550 1157 ὡς
597 1091 827 1163 δύναμις
875 1094 1028 1163 ἡμῖν,
1059 1092 1377 1163 δεδήλωται.
1427 1092 1555 1157 Πῶς
1602 1093 1647 1147 δ’
1680 1095 1773 1149 ἐπὶ

170 1186 395 1248 τούτοις
444 1185 582 1257 μετά
612 1187 710 1258 τὴν
757 1186 1151 1258 συμπλήρωσιν
1193 1185 1287 1240 τοῦ
1334 1186 1772 1257 προδηλωθέντος

171 1276 295 1330 τῶν
315 1275 622 1346 ἑϐδομάδων
650 1275 843 1347 χρόνου
881 1295 900 1326 ι
934 1275 1303 1348 ἐξωλοθρεύθη
1334 1277 1564 1348 χρίσμα,
1592 1277 1673 1330 ὅτι
1699 1278 1773 1349 μὴ

171 1370 363 1441 κρίμα
387 1364 455 1439 ἦν
482 1371 540 1421 ἐν
572 1368 742 1439 αύτῷ,
779 1388 798 1421 ι
832 1368 1023 1439 ὥσπερ
1051 1370 1096 1422 δ’
1128 1365 1221 1423 οὖν
1253 1370 1315 1424 τὸ
1348 1370 1528 1440 λόγιον
1559 1372 1774 1443 μηνύει,

176 1466 452 1535 σημαῖνον
504 1464 587 1519 ὅτι
634 1462 773 1533 μετά
816 1462 1054 1532 κρίσεως
1099 1463 1322 1532 εὐλόγου
1364 1464 1427 1517 τὸ
1465 1465 1673 1537 χρίσμα
1715 1466 1777 1521 τὸ

175 1555 329 1610 κατά
373 1555 473 1626 τὴν
501 1554 913 1626 ἀρχιερωσύνην
946 1556 1039 1608 ἐπὶ
1076 1554 1170 1608 τοῦ
1204 1556 1533 1628 δηλουμένου
1581 1557 1775 1629 καιροῦ

176 1643 691 1715 συντελεσθήσεται,
739 1644 907 1711 σαφὲς
949 1643 1016 1697 ἂν
1047 1644 1257 1712 γένοιτο
1303 1649 1416 1709 τοῖς
1451 1648 1778 1718 ἐπιστήσασι

174 1736 253 1806 τῇ
296 1751 354 1788 τε
378 1734 472 1788 τοῦ
506 1735 672 1802 νόμου
691 1732 953 1798 διατάξει,
974 1733 1054 1805 (ἐν
1081 1728 1221 1807 ᾖδιά
1246 1734 1363 1804 βίου
1393 1735 1586 1806 μέχρις
1609 1736 1778 1806 αὐτῆς

175 1826 440 1897 τελευτῆς
489 1825 888 1897 προστέτακται
919 1827 1020 1896 τὴν
1067 1826 1478 1899 ἀρχιερωσύνην
1527 1829 1652 1891 τοὺς
1697 1821 1778 1891 οἷς

180 1917 333 1973 κατά
354 1917 453 1988 τὴν
472 1915 566 1969 τοῦ
588 1915 780 1985 γένους
800 1915 1049 1987 διαδοχὴν
1064 1919 1331 1988 προσήκει
1346 1915 1776 1986 διαλαμϐάνειν),

182 2010 288 2063 καὶ
311 2011 375 2079 τῇ
423 2006 585 2078 μέχρι
618 2006 726 2060 τῶν
770 2005 1010 2078 Ἡρώδου
1037 1994 1244 2078 χ’ρόνων
1273 2007 1506 2078 ἱστορίᾳ.
1546 2004 1781 2078 δηλούσῃ

176 2102 316 2165 τοὺς
342 2099 484 2155 κατὰ
531 2096 783 2169 διαδοχὴν
821 2100 1097 2171 ἀρχιερεῖς
1123 2098 1212 2152 διά
1255 2098 1436 2169 πάσης
1466 2098 1563 2168 τῆς
1601 2097 1780 2153 αὐτῶν

178 2193 337 2266 ζωῆς
355 2193 664 2257 ἀκολούθως
692 2196 760 2265 τῇ
790 2193 919 2264 περί
959 2190 1139 2245 αὐτῶν
1170 2191 1463 2262 νομοθεσίᾳ
1493 2192 1590 2262 τῆς
1615 2189 1782 2260 τιμῆς

177 2283 472 2353 ἠξιῶσθαι.
518 2285 665 2347 ὅπως
693 2299 753 2335 τε
791 2283 912 2335 κατ’
944 2281 1108 2335 αὐτὸν
1142 2279 1388 2353 Ἡρώδην
1418 2281 1478 2332 ού
1516 2279 1674 2351 μόνον
1713 2280 1782 2334 τὰ

180 2373 292 2444 τῆς
325 2372 581 2443 τοιαύτης
614 2373 741 2444 περὶ
783 2371 908 2436 τοὺς
941 2372 1218 2443 ἀρχιερεῖς
1264 2372 1525 2441 διαταγῆς
1560 2370 1780 2439 συγχεῖ-

179 2465 281 2519 ταί
309 2482 369 2518 τε
403 2466 499 2519 καὶ
534 2464 927 2536 διαφθείρεται,
954 2463 1089 2518 ἀλλά
1112 2463 1210 2518 καὶ
1239 2463 1341 2534 τῆς
1379 2464 1540 2530 ἁγίας
1567 2462 1777 2532 στολῆς,

182 2558 259 2627 ῆν
284 2557 553 2627 ὑπομόνον
579 2556 698 2627 (sic)
726 2555 855 2627 ἐξῆν
890 2551 1030 2611 εἶναι
1066 2556 1158 2609 τὸν
1198 2554 1481 2627 ἀρχιερέα,
1515 2556 1597 2608 ὅτι
1630 2553 1704 2624 μὴ
1735 2554 1779 2607 δ’

184 2647 365 2720 ἑτέρῳ
394 2647 428 2718 ἢ
462 2645 612 2717 αὐτῴ
651 2646 796 2716 μόνῳ
842 2648 900 2699 ἐν
948 2646 1123 2719 ταύτῃ
1167 2646 1499 2717 λειτουργεῖν
1534 2643 1652 2708 ἐξὸν
1690 2639 1779 2714 ἦν,

183 2742 293 2812 τὴν
323 2739 569 2805 ἐξουσίαν
594 2739 792 2802 αὐτοὺς
823 2738 1069 2808 Ἡρώδης
1090 2737 1422 2808 ἀφελόμενος
1451 2737 1539 2805 ὑφ’
1564 2735 1779 2802 ἑαυτὸν,

184 2834 290 2890 καὶ
318 2831 489 2886 ταῦτα
520 2832 817 2903 ἀλλόφυλος
843 2830 941 2893 ὢν,
975 2832 1229 2883 ποιεῖται.
1253 2830 1315 2882 Εἰ
1335 2828 1393 2881 δὲ
1425 2828 1531 2899 χρὴ
1554 2829 1647 2880 καὶ
1668 2825 1782 2879 τού-

184 2947 301 2983 των
326 2928 668 2999 παραθέσθαι
687 2926 967 2998 ἐλέγχους,
993 2925 1148 2996 δέχου
1170 2924 1233 2995 δὴ
1259 2924 1355 2977 τοῦ
1386 2924 1661 2996 μάρτυρος
1682 2923 1782 2988 τὰς

185 3020 379 3090 φωνὰς
405 3020 512 3090 (ἀς)
540 3022 569 3074 ὁ
601 3016 661 3084 ἐξ
701 3019 881 3072 αὐτῶν
918 3018 1185 3089 Ἐϐραίων
1225 3015 1509 3087 Ἰώσηπος,
1542 3019 1640 3088 τῆς
1671 3015 1781 3070 τῶν

1882 561 2179 616 rarumque
2238 554 2363 618 post
2411 547 2534 603 illas
2589 563 2726 614 Lm,
2778 548 3088 619 prophetia,
3145 578 3219 590 —-
3259 549 3462 619 quibus

1884 654 2159 694 summum
2218 639 2862 711 sacerdotiumgeneris
2905 640 3031 710 jure
3076 640 3291 711 obtigit,
3333 655 3461 694 cum

1889 745 2064 802 usque
2099 732 2166 786 ad
2198 729 2428 786 Herodis
2469 739 2715 801 tempora
2748 746 2942 786 omnes
2971 732 3213 787 ostendit
3233 731 3461 787 historia

1889 814 2490 893 sacerdotes‘magnos
2547 824 2922 879 successionis
2968 825 3090 878 vice
3132 839 3230 893 per
3288 830 3460 878 totam

1884 932 2075 973 eorum
2091 919 2280 982 vitam,
2312 917 2534 986 quando
2559 917 2803 972 christus
2822 916 3001 985 quivis
3033 923 3087 970 et
3107 931 3355 989 summus
3381 930 3464 969 sa-

1883 1007 2080 1063 cerdos
2112 1008 2312 1078 populo
2347 1015 2597 1076 pmerat.
2631 1016 2692 1061 ut
2734 1021 2855 1061 eam
2882 1007 2954 1061 ob
2984 1021 3207 1062 causam
3237 1007 3463 1062 oraculo

1882 1098 2180 1164 diceretur,
2209 1117 2227 1150 ι
2255 1115 2432 1169 usque
2496 1100 2563 1153 ad
2611 1098 2879 1153 chrislum
2941 1099 3134 1152 ducem
3154 1139 3170 1164 ,
3200 1116 3220 1149 ι
3255 1099 3460 1153 exitum

1883 1190 2115 1247 Herodis
2147 1198 2393 1261 tempore
2409 1192 2618 1253 habuit,
2665 1192 2831 1251 sicut,
2864 1199 3133 1261 quantum
3183 1191 3339 1246 licuit
3367 1194 3463 1248 de-

1880 1285 2331 1339 monstravimus.
2376 1283 2665 1352 Quomodo
2720 1294 2899 1338 autem
2933 1291 3056 1356 post
3111 1299 3464 1341 consumma-

1876 1386 1990 1432 tum
2025 1377 2412 1447 praedictarum
2446 1376 2848 1431 hebdomadum
2879 1386 3119 1447 tempus,
3149 1395 3167 1428 ι
3198 1377 3461 1432 abolitum

1875 1479 1960 1526 est
1987 1470 2246 1536 chrisma,
2293 1468 2422 1540 quia
2461 1485 2571 1524 non
2601 1468 2872 1539 judicium
2925 1478 3044 1523 erat
3067 1469 3122 1522 in
3152 1482 3239 1533 eo,
3267 1487 3286 1521 ι
3318 1473 3464 1524 sicut

1878 1562 1984 1618 fert
2037 1561 2336 1633 Scriptum
2368 1570 2571 1628 textus,
2619 1563 2935 1633 signiﬁcans
2963 1561 3133 1632 quod,
3168 1570 3292 1632 post
3316 1562 3465 1633 judi-

1877 1656 2021 1712 cium
2083 1655 2345 1725 prudens,
2400 1655 2662 1719 chrisma,
2705 1656 3009 1711 secundum
3048 1672 3324 1711 summum
3373 1670 3465 1715 sa-

1879 1747 2207 1809 cerdotium,
2241 1748 2554 1802 absolutum
2602 1748 2730 1814 erit,
2763 1757 3014 1818 apertum
3057 1756 3207 1805 esset.
3240 1750 3327 1805 his
3369 1751 3467 1823 qui

1883 1840 2018 1910 legis
2047 1839 2400 1910 praeceptioni
2452 1840 2720 1894 inhaerent
2768 1843 2898 1910 (qua
2952 1856 3048 1911 per
3095 1849 3261 1896 totam
3294 1844 3467 1899 vitam

1880 1946 2057 2001 usque
2081 1931 2149 1984 ad
2182 1942 2412 1987 mortem
2436 1947 2713 1986 summum
2731 1933 3042 1987 sortiuntur
3070 1935 3465 2004 sacerdotium,

1880 2022 2085 2092 quibus
2152 2022 2255 2076 hoc
2316 2038 2519 2076 munus
2584 2024 2802 2093 generis
2856 2024 2980 2094 jure
3040 2025 3278 2096 obtigit),
3303 2033 3469 2096 atque

1881 2131 2059 2185 usque
2123 2114 2190 2168 ad
2246 2114 2478 2170 Herodis
2531 2127 2747 2185 tempus
2787 2117 3040 2183 historia,
3067 2133 3190 2188 quae
3225 2117 3468 2173 ostendit

1877 2206 2004 2276 jure
2038 2206 2411 2262 successionis
2430 2208 2747 2263 sacerdotes
2776 2224 3022 2264 summos
3053 2209 3158 2262 hac.
3201 2209 3469 2280 dignitate

1881 2306 2162 2368 pertotam
2200 2299 2367 2354 vitam
2395 2299 2699 2355 secundum
2752 2302 2899 2355 illam
2943 2302 3342 2373 legislationem
3367 2319 3470 2374 po-

1882 2391 2036 2455 titos,
2071 2390 2217 2460 quod
2278 2390 2492 2446 Herode
2548 2404 2811 2462 regnante
2858 2411 2966 2448 nun
3004 2396 3173 2451 modo
3200 2396 3315 2451 hmc
3348 2397 3467 2467 ipsa

1882 2482 1951 2537 de
1981 2482 2215 2537 summis
2236 2482 2616 2537 sacerdotibus
2650 2483 2733 2537 lex
2765 2484 3026 2553 abrogata
3074 2493 3128 2540 et
3154 2487 3329 2541 deleta
3359 2495 3465 2556 est,

1883 2573 1980 2629 sed
2001 2580 2056 2627 et
2086 2580 2279 2627 sancta
2312 2574 2504 2637 vestis,
2538 2588 2646 2643 qua
2670 2576 2849 2630 solum
2877 2576 3029 2630 indui
3059 2577 3142 2633 fas
3172 2586 3291 2633 erat
3314 2594 3470 2634 sum-

1884 2680 2036 2720 mum
2088 2665 2454 2729 sacerdotem,
2488 2682 2765 2737 quamque
2816 2669 2952 2722 nulli
3004 2669 3111 2724 nisi
3147 2671 3249 2740 ipsi
3280 2671 3384 2725 soli
3410 2671 3469 2727 in

1884 2758 2224 2814 solemnibus
2254 2759 2454 2815 ritibus
2484 2758 2630 2814 ferre
2661 2761 2872 2815 licitum
2899 2769 3038 2826 erat,
3063 2772 3356 2832 postquam
3398 2765 3469 2819 ab

1884 2848 1953 2904 iis
1975 2849 2276 2903 detractam
2332 2851 2460 2913 sibi,
2496 2864 2621 2905 cum
2648 2860 2796 2908 esset
2844 2853 3169 2924 alienigena,
3226 2852 3469 2911 Herodes

1884 2938 2204 3017 assumpsit.
2237 2938 2486 3005 Quorum
2525 2941 2571 2994 si
2590 2940 2917 2996 documenta
2975 2953 3103 2998 sunt
3154 2944 3466 3013 praebenda,

1883 3029 2042 3084 testis
2067 3030 2397 3085 adhibeatur
2435 3029 2736 3086 Hebraicus
2764 3032 2883 3102 ipse
2911 3030 3204 3104 Iosephus,
3253 3050 3469 3090 necnon

187 3112 386 3183 ἱερέων
427 3113 521 3165 καὶ
555 3111 718 3175 αὐτὸς
748 3109 1051 3180 ἠξιωμένος
1088 3109 1277 3178 τιμῆς,
1320 3108 1416 3160 καὶ
1468 3107 1658 3178 γένους
1685 3107 1781 3162 τοῦ

1889 3122 2180 3176 sacerdotii
2213 3121 2480 3193 dignitate
2525 3123 2852 3189 honoratus,
2899 3133 2955 3180 et
2984 3141 3183 3195 genere
3196 3126 3340 3196 apud
3373 3141 3470 3183 eos

185 3209 323 3277 παρ’
351 3208 535 3270 αὐτοῖς
565 3206 1014 3275 διαφανεστάτου,
1044 3207 1101 3257 ἐν
1123 3204 1352 3275 εἰκοστῷ
1380 3207 1478 3275 τῆς
1519 3205 1785 3274 Ἀρχαιο-

184 3300 404 3367 lorica;
427 3298 803 3352 κατατέθειται
824 3295 1238 3367 συγγράμματι.
1272 3296 1407 3367 Περὶ
1437 3295 1534 3366 μὲν
1559 3292 1651 3349 οὖν
1682 3296 1782 3367 τῆς

184 3387 301 3442 τῶν
312 3387 613 3459 ἀρχιερέων
625 3403 702 3439 πα
711 3403 809 3457 ρατ
817 3385 984 3456 ροπῆς
1000 3379 1104 3438 ὧδέ
1118 3402 1234 3448 πως
1243 3384 1384 3438 κατά
1399 3385 1541 3451 λέξιν
1557 3385 1780 3455 γράφειο

270 3499 291 3531 ι
329 3481 442 3550 Τὴν
475 3478 532 3530 δὲ
567 3477 844 3548 βασιλείαν
879 3476 1123 3548 Ἡρώδης
1149 3475 1299 3548 παρά
1329 3475 1668 3547 (Ῥω)μαίων
1691 3477 1785 3544 ἐγ-

187 3569 509 3641 χειρισθεὶς,
523 3568 703 3622 οὐκέτι
716 3568 840 3630 τοὺς
856 3568 919 3618 ἐκ
935 3566 1027 3619 τοῦ
1044 3565 1417 3638 Ἀσαμωναίου
1429 3564 1619 3631 γένους
1638 3564 1740 3618 καθ
1748 3565 1786 3618 ί-

192 3677 384 3733 στησιν
411 3663 705 3732 ἀρχιερεῖς,
725 3660 861 3715 ἀλλά
875 3675 1016 3713 τισιν
1032 3659 1137 3729 ἀσή
1147 3675 1266 3729 μοις
1286 3658 1381 3711 καὶ
1395 3658 1495 3710 οὐκ
1516 3656 1574 3722 ἐξ
1594 3658 1782 3728 ἱερέων

190 3748 366 3816 οὖσιν,
389 3753 528 3823 πλὴν
550 3752 668 3815 ἐνὸς
705 3747 1135 3821 Ἀριστοϐούλου,
1169 3746 1266 3819 τὴν
1297 3747 1462 3818 τιμὴν
1487 3747 1780 3817 ἀπένεμεν·

190 3845 288 3899 τὸν
339 3845 397 3898 δὲ
452 3843 879 3917 Ἀριστόϐουλον,
921 3840 1191 3913 Ὑρκανοῦ
1233 3838 1329 3893 τοῦ
1387 3838 1496 3892 ἀπὸ
1551 3838 1784 3909 Παρθῶν

94 3990 97 3993 ,
194 3935 764 4008 αίχμαλωσιασθέντος
792 3935 907 3988 υἱὸν
958 3934 1088 3986 ὄντα
1119 3932 1466 4002 καταστήσας
1501 3930 1784 4001 ἀρχιερέα,

194 4031 266 4100 τῇ
289 4026 490 4098 ἀδελφῇ
530 4026 695 4080 αὐτοῦ
720 4026 1004 4096 συνῴκησε
1038 4023 1374 4096 Μαριάμμῃ,
1402 4022 1502 4093 τὴν
1527 4022 1622 4076 τοῦ
1654 4021 1786 4094 πλή-

192 4120 325 4184 θους
355 4120 490 4193 πρὸς
536 4119 727 4173 ἐαυτὸν
754 4117 816 4188 (f.
849 4116 940 4188 42)
973 4114 1289 4187 θηρώμενος
1319 4112 1530 4167 εὔνοιαν
1567 4113 1656 4168 διὰ
1685 4112 1785 4185 τὴν

203 4210 479 4282 Ὑρκανοῦ
509 4212 755 4283 μνήμηψ
787 4206 907 4265 εἶτα
943 4207 1202 4280 φοϐηθεὶς
1230 4206 1305 4278 μὴ
1336 4206 1472 4279 πρὸς
1503 4206 1594 4260 τὸν
1634 4207 1785 4278 Ἀρι-

194 4303 487 4358 στόὸουλον
522 4304 723 4367 πάντες
746 4300 1129 4364 ἀποκλίνωσιν,
1155 4299 1363 4354 ἀνεῖλεν
1396 4299 1558 4353 αὑτὸν
1591 4301 1649 4353 ἐν
1685 4300 1786 4353 Ἱε-
1823 4326 1826 4330 λ

195 4394 358 4469 ριχῷ,
401 4398 657 4468 πνιγῆναι
694 4398 1145 4469 μηχανησάμενος
1191 4395 1570 4469 κολυμϐῶντα,
1604 4394 1786 4461 καθὼς

1887 3214 2342 3284 praeclarissimo,
2405 3220 2497 3286 qui
2551 3216 2609 3271 in
2658 3217 2920 3273 vicesimo
2960 3218 3345 3290 Archwologiw
3405 3220 3473 3274 li-

1884 3306 1986 3360 bro
2031 3305 2150 3361 haec
2205 3307 2450 3365 disserit.
2505 3306 2621 3364 Hoc
2674 3309 2843 3379 igitur
2902 3309 3067 3366 modo
3127 3310 3471 3367 immutatam

1886 3399 2088 3453 summi
2105 3399 2398 3455 sacerdotii
2426 3403 2837 3457 successionem
2868 3402 3137 3459 describit
3163 3423 3177 3459 :

1962 3509 1981 3542 ι
2022 3490 2289 3559 Herodes,
2315 3509 2440 3549 cum
2475 3511 2506 3550 a
2538 3496 2801 3553 Romanis
2836 3512 3065 3568 regnum
3113 3500 3468 3567 obtinuisset,

1888 3599 1997 3639 non
2015 3585 2129 3654 jam
2156 3587 2513 3645 Asamonaeos
2539 3605 2787 3646 summos
2815 3593 3103 3647 constituit
3130 3594 3471 3659 sacerdotes,

1887 3677 1981 3733 sed
2022 3678 2164 3734 hanc
2185 3680 2507 3749 dignitatem
2541 3683 2872 3753 quibusdam
2904 3685 3165 3756 indignis,
3220 3702 3322 3742 nec
3369 3702 3464 3742 sa-

1886 3768 2149 3823 cerdotali
2174 3785 2374 3839 genere
2420 3773 2587 3837 natis,
2620 3785 2815 3844 praeter
2858 3791 3030 3830 unum
3070 3776 3471 3845 Aristobulum,

1891 3861 2212 3932 assignavit.
2247 3862 2626 3920 Aristobulum
2666 3883 2816 3932 vero,
2846 3865 3083 3939 Hyrcani
3108 3871 3384 3939 quondam
3415 3873 3474 3927 in

1887 3954 2258 4023 captivitatem
2289 3970 2319 4009 a
2355 3955 2572 4013 Parthis
2601 3957 2823 4013 abducti
2853 3959 3044 4025 tilium,
3069 3976 3344 4016 summum
3385 3977 3475 4018 sa-

1887 4045 2163 4100 cerdotem
2197 4048 2485 4103 constituit
2535 4064 2891 4121 sororemque
2927 4051 3049 4121 ejus
3101 4051 3325 4107 Mariam
3364 4054 3470 4111 sibi

1888 4136 2243 4192 matrimonio
2296 4139 2563 4204 devinxit,
2601 4141 2968 4198 multitudinis
2998 4146 3230 4213 gratiam
3270 4146 3377 4201 sibi
3403 4148 3474 4203 ob

1896 4226 2133 4300 Hyrcani
2158 4233 2476 4285 memoriam
2508 4240 2770 4302 captans;
2825 4240 3018 4303 postea
3055 4235 3255 4290 timens
3296 4252 3364 4291 ne
3402 4237 3472 4293 ad

1888 4318 2265 4375 Aristobulum
2310 4337 2504 4379 omnes
2558 4323 2907 4389 inclinarent,
2962 4330 3189 4384 sustulit
3235 4343 3358 4383 eum
3417 4329 3475 4384 in

1886 4408 2126 4477 Jericho,
2161 4421 2441 4469 natantem
2478 4416 2637 4487 aquis
2662 4431 2900 4472 mersum
2918 4434 3040 4475 esse
3072 4423 3304 4492 tingens,
3332 4401 3477 4477 sicut

192 4485 300 4557 ἤδη
332 4484 732 4557 δεδηλώκαμεν.
763 4487 917 4540 Μετά
954 4487 1143 4540 τοῦτον
1179 4486 1360 4540 οὐκέτι
1403 4488 1518 4549 τοῖς
1544 4486 1782 4555 ἐγγόνοις

1889 4501 2000 4571 jam
2029 4506 2394 4561 ostendimus.
2430 4505 2550 4572 Quo
2575 4507 2901 4577 interempto
2936 4525 3217 4580 nunquam
3241 4509 3475 4565 Asamo-

190 4575 307 4630 τῶν
340 4578 715 4649 Ἀσαμωναίου
738 4579 944 4632 παίδων
974 4579 1073 4649 τὴν
1097 4578 1505 4651 ἀρχιερωσύνην
1537 4579 1790 4632 ἐπίστευ-

196 4686 313 4726 σεν.
340 4671 586 4743 Ἔπραξε
610 4672 669 4725 δὲ
691 4674 854 4745 ὅμοια
877 4672 958 4744 τῷ
989 4672 1206 4745 Ἡρώδῃ
1236 4673 1364 4745 περὶ
1391 4673 1490 4743 τῆς
1515 4671 1790 4726 καταστά-

195 4776 342 4824 σεως
370 4762 479 4815 τῶν
510 4762 814 4834 ἀρχιερέων
861 4762 1150 4834 Ἀρχέλαός
1178 4779 1239 4816 τε
1273 4765 1303 4816 ὁ
1328 4764 1458 4826 παῖς
1485 4760 1673 4824 αὑτοῦ,
1696 4762 1792 4814 καὶ

198 4853 345 4924 μετά
369 4853 556 4908 τοῦτον
598 4855 700 4927 τὴν
729 4855 905 4927 ἀρχὴν
939 4856 1198 4926 Ῥωμαῖοι
1234 4854 1344 4908 τῶν
1383 4854 1653 4908 Ἰουδαίων
1686 4871 1791 4907 πα-

199 4945 550 5019 ραλαϐόντες.
583 4966 603 4999 ι

270 5060 458 5115 Ταῦτα
506 5060 605 5132 μὲν
631 5060 759 5134 περὶ
793 5059 1001 5113 τούτων
1040 5062 1069 5114 ό
1099 5059 1393 5132 Ἰώσηπος·
1438 5058 1568 5131 περὶ
1604 5057 1661 5112 δὲ
1691 5058 1791 5129 τῆς

195 5153 595 5228 ἀρχιερατικῆς
628 5152 823 5224 στολῆς
855 5154 914 5206 ἐν
941 5153 1019 5224 τῷ
1057 5152 1508 5223 ὀκτωκαιδεκάτῳ
1534 5152 1633 5223 τῆς
1666 5152 1792 5221 Ἀρ-

198 5244 553 5317 χαιολογίας
577 5242 753 5297 ταῦτα
789 5245 1009 5316 ἱστορεῖ·

285 5374 304 5407 ι
338 5354 583 5428 Ἡρώδης
616 5355 674 5409 δὲ
714 5354 1039 5427 βασιλεύσας
1071 5355 1169 5427 τήν
1192 5370 1250 5407 τε
1282 5353 1439 5425 βάριν
1482 5352 1688 5426 ταύτην
1732 5353 1791 5407 ἐν

274 5491 356 5613 ᾖ)
383 5490 511 5573 Seq.
540 5492 622 5547 sic
650 5492 951 5563 supplenda
994 5500 1048 5548 et
1087 5491 1312 5563 legenda
1346 5505 1433 5545 me
1470 5491 1685 5547 monuit
1716 5490 1788 5546 Μ.

333 5563 558 5613 outlnus
587 5565 713 5613 coll.
770 5563 948 5613 Maad.
992 5578 1196 5613 nra'ses
1228 5578 1241 5612 :
1280 5562 1608 5613 προφητεία.
1639 5592 1711 5604 --
1732 5564 1788 5613 ἐν

196 5558 252 5617 J.
285 5558 558 5617 Routhius
587 5558 737 5618 collf
759 5558 948 5633 'Magd.
1032 5558 1196 5618 ra'ses
1228 5578 1241 5612 :
1280 5562 1608 5633 προφητεία,
1639 5592 1711 5604 --
1732 5564 1791 5615 ἐν

200 5625 294 5695 αἷς
322 5632 419 5714 τῂν
444 5631 855 5714 ἀρχιερωσύνην
885 5579 1028 5714 atat:
1054 5632 1153 5714 τὴν
1182 5632 1280 5714 τού
1313 5632 1504 5714 γένους
1542 5631 1792 5714 διαδοχὴν

202 5700 474 5774 προσήκει
488 5700 907 5774 διαλαμβάνειν,
938 5704 1032 5757 καὶ
1071 5700 1172 5773 τῆς
1217 5701 1378 5774 μέχρι
1404 5700 1524 5774 τῶνΔ
1549 5700 1790 5774 Ἡρώδου

203 5771 415 5845 χρόνων
444 5774 683 5846 ἱστορίας
710 5772 977 5848 δηλούσης
1004 5771 1138 5840 τοὺς
1156 5771 1299 5829 κατά
1314 5771 1573 5846 διαδοχὴν
1605 5771 1791 5846 ἀρχιε-

1891 4596 1995 4651 mei
2030 4598 2157 4653 iiliis
2186 4612 2460 4652 summum
2487 4597 2723 4652 credidit
2746 4600 3137 4656 sacerdotium.
3173 4599 3296 4670 Egit
3324 4601 3477 4656 simio

1899 4688 2023 4744 liter
2081 4690 2136 4743 in
2191 4690 2459 4759 eligendis
2528 4692 2761 4746 summis
2806 4691 3192 4748 sacerdotibus
3238 4691 3474 4747 Herodis

1891 4783 2037 4840 illius
2083 4784 2407 4847 Archelaus,
2458 4790 2622 4854 atque
2664 4791 2791 4853 post
2824 4799 2949 4839 eum
2991 4782 3223 4840 Romani
3258 4783 3476 4841 Judaeo-

1890 4892 2013 4932 rum
2042 4876 2333 4947 imperium
2363 4876 2645 4932 consecuti
2676 4874 2775 4948 (2).
2819 4893 2841 4928 ›

1962 5082 2088 5162 Hae;
2117 5082 2335 5154 quidem
2377 5081 2445 5136 de
2485 5081 2570 5136 his
2608 5080 2881 5154 Iosephus
2914 5096 3142 5136 :verum
3186 5078 3254 5134 de
3293 5092 3479 5134 sacer-

1892 5179 2060 5233 dotali
2086 5186 2236 5233 veste
2276 5177 2330 5231 in
2359 5184 2554 5233 octavo
2587 5185 2642 5232 et
2674 5175 2889 5231 decimo
2924 5174 3303 5245 Archazologia:
3336 5174 3480 5230 libro

1892 5272 2007 5327 haec
2045 5280 2229 5325 narrat
2253 5286 2267 5321 :
2810 5328 2817 5333 _

1969 5381 1987 5415 ι
2028 5360 2274 5418 Herodes
2303 5376 2398 5416 rex
2435 5360 2540 5416 hoc
2569 5361 3002 5416 calceamentum
3036 5358 3479 5417 commodissime

1896 5497 2008 5567 ρεῖς
2034 5494 2124 5549 διὰ
2157 5495 2339 5567 πάσης
2368 5496 2469 5565 τῆς
2500 5495 2679 5567 αὐτῶν
2702 5495 2871 5567 ζωῆς,
2894 5495 2982 5567 ὅτε
3021 5493 3243 5567 χριστός
3264 5508 3352 5567 τις
3381 5493 3480 5567 κα)

1893 5562 2397 5645 ἀρχιερεὺς-ἡγεῖτο
2426 5562 2519 5620 τοῦ
2552 5566 2705 5645 λαού,
2728 5562 2919 5645 ὡςδιά
2943 5562 3099 5621 τουτὶ
3124 5563 3378 5645 είρῇσθαι
3400 5562 3479 5633 τῷ

1893 5636 2128 5711 χρησμῷ
2152 5636 2241 5702 τὸ,
2262 5638 2366 5711 ἕως
2392 5637 2617 5711 χριστοῦ
2646 5637 2952 5711 ἡγουμένου
2968 5677 2984 5706 ,
3008 5666 3079 5678 —
3104 5636 3301 5709 πέρας.

1966 5708 2047 5778 (2)
2079 5708 2303 5778 Joseph.
2334 5708 2517 5779 Antiq.
2545 5724 2637 5777 xx,
2674 5709 2763 5775 ll,
2809 5708 2864 5763 5.
3155 5761 3160 5765 .
