3856 6226
414 334 568 397 1137

1120 339 1390 396 EUSEBll
1429 332 1910 396 CIESARIENSIS
1949 339 2100 396 OPP.
2143 339 2348 396 PARS.
2393 340 2482 396 ll].
2525 372 2596 381 --
2627 332 3041 394 EXEGETICA.

3563 335 3692 387 “88

412 445 468 490 et
495 433 782 504 magniﬁce
815 440 1134 504 apparatum
1171 435 1465 488 Antoniam
1495 438 1712 490 vocavit
1758 437 1976 492 nomine

2101 435 2391 506 ἐπιτηδείῳ
2433 435 2689 505 κειμένην
2736 431 3150 494 κατασκευάσας
3196 429 3532 493 πολυτελῶς,
3580 431 3693 482 ’Λν-

410 535 466 582 et
506 527 682 590 magni
715 526 1014 583 sacerdotis
1049 527 1312 592 tunicam,
1358 537 1417 580 ut
1459 544 1582 584 sese
1623 531 1877 592 habebat,
1909 543 1997 582 as-

411 620 666 688 sumpsit,
720 619 856 673 nihil
913 619 1175 674 adversus
1229 635 1289 674 se
1343 635 1372 672 a
1416 619 1998 689 populo.moliendum

411 721 635 780 pmpter
676 726 795 766 eam
843 718 1014 764 ratus.
1073 710 1195 779 Egit
1245 711 1498 764 similiter
1545 709 1775 764 Herodis
1829 708 1995 770 ﬁlius,

410 803 671 872 regnique
704 817 992 856 successor
1033 803 1356 868 Archelaus,
1391 817 1422 856 a
1471 818 1582 872 quo
1616 801 1850 856 Romani
1890 801 1996 854 im-

410 897 620 964 perium
667 895 1019 966 accipientes,
1067 897 1248 966 magni
1298 897 1600 952 sacerdotis
1649 898 1888 951 tunicam
1938 895 1994 950 in

409 987 572 1043 domo
613 989 761 1043 saxis
807 989 1074 1043 aediﬁcata
1111 990 1215 1044 sub
1249 991 1788 1060 sigilloincluserunt
1820 989 1918 1062 (1).
1969 1008 1990 1043 ι

475 1256 684 1324 Quibus
731 1257 895 1323 igitur
925 1258 1230 1312 certissime
1259 1267 1426 1327 patet,
1459 1261 1734 1330 praedictis
1762 1269 1990 1335 ,tempo-

404 1349 558 1404 ribus
606 1350 918 1419 prophetias
965 1351 1215 1419 impletas
1264 1349 1455 1404 fuisse.
1506 1352 1662 1416 Quod
1698 1354 1742 1407 si
1779 1370 1887 1409 non
1920 1357 1990 1412 iis

404 1441 781 1494 consentirent
826 1440 1159 1503 circumcisi,
1209 1442 1532 1508 postulanda
1579 1452 1727 1498 esset
1792 1446 1860 1500 ab
1920 1448 1988 1502 iis

405 1531 512 1585 alia
567 1545 631 1584 ac
668 1539 853 1584 nostra
896 1531 1059 1599 hujus
1105 1530 1402 1600 Scriptura:
1441 1534 1544 1588 loci
1585 1535 1983 1606 interpretatio,

405 1630 569 1691 atque
603 1622 670 1675 iis
697 1622 1182 1676 demonstrandum
1222 1624 1377 1692 juxta
1403 1626 1548 1694 ipsos
1586 1628 1871 1685 mendacio
1899 1647 1987 1684 ar-

401 1723 637 1782 guantur
675 1729 900 1768 necesse
927 1721 1010 1768 est
1049 1714 1315 1769 Gabrielis
1352 1718 1753 1785 praedictiones,
1786 1721 1830 1776 si
1865 1723 1988 1775 nul-

403 1804 488 1856 lus
525 1818 796 1856 annorum
850 1803 918 1856 ab
961 1819 1026 1857 eo
1087 1819 1260 1873 usque
1302 1802 1369 1857 ad
1416 1805 1518 1858 hoc
1557 1808 1822 1876 temporis
1875 1809 1986 1862 fere

401 1893 660 1958 millium,
712 1908 852 1962 quos
901 1895 1308 1964 praenuntiavit,
1353 1893 1532 1949 adhuc
1587 1900 1848 1952 evenerit.
1883 1897 1988 1952 Ve-

401 2000 524 2038 rum
570 1985 730 2040 nobis
781 1993 968 2056 aperte
1015 2001 1176 2040 verus
1221 2002 1403 2041 sermo
1458 1988 1791 2054 ostenditur,
1830 1991 1985 2058 juxta

401 2077 648 2133 sinceras
681 2093 819 2148 quas
855 2079 1184 2148 protulimus
1223 2079 1734 2149 interpretationes:
1769 2090 1824 2136 et
1858 2098 1984 2136 cum

400 2169 470 2224 iis
534 2179 898 2238 congruenter
953 2169 1198 2224 indicare
1235 2170 1394 2225 facile
1432 2174 1538 2225 erit
1577 2174 1849 2241 quomodo
1884 2189 1984 2242 po-

397 2274 602 2317 strema
640 2272 764 2331 post
816 2263 951 2316 alias
993 2261 1330 2316 hebdomada
1378 2277 1485 2316 una
1521 2265 1860 2318 conﬁrmavit
1891 2282 1986 2335 pa—

396 2363 547 2408 ctum
607 2355 826 2418 multis,
879 2353 1085 2407 Novum
1127 2355 1381 2411 salutaris
1436 2357 1838 2425 praedicationis
1882 2360 1986 2413 Te-

397 2453 759 2507 stamentum,
801 2445 1166 2515 diﬁusumque
1227 2463 1323 2516 per
1390 2451 1700 2505 universam
1743 2461 1978 2514 terram,

395 2550 498 2590 nec
539 2535 650 2605 jam
689 2537 780 2590 uni
826 2537 927 2590 soli
971 2536 1282 2591 Judaeorum
1333 2541 1516 2609 genti,
1571 2543 1664 2596 sed
1713 2554 1767 2597 et
1810 2545 1982 2613 pluri-

394 2628 498 2682 bus
553 2629 954 2691 aununtiatum,
989 2630 1061 2682 ita
1110 2639 1167 2683 ut
1205 2630 1324 2684 ideo
1377 2632 1685 2688 diceretur:
1724 2654 1742 2686 ι
1772 2635 1982 2691 Conﬁr-

392 2719 802 2789 mabitpactum
827 2721 1009 2774 multis
1035 2721 1372 2777 hebdomada
1397 2740 1523 2779 una.
1566 2745 1584 2778 ι
1623 2727 1978 2785 Animadver-

391 2808 617 2861 tendum
640 2818 724 2864 est
745 2811 889 2878 quod
910 2825 1017 2864 non
1033 2812 1294 2866 continuo
1313 2814 1534 2884 reliquis
1552 2816 1980 2875 hebdomadibus

391 2910 669 2969 postrema
700 2901 1038 2956 hebdomada
1071 2919 1176 2957 una
1191 2905 1454 2970 succedit,
1474 2924 1635 2976 quam
1658 2909 1822 2964 refert
1841 2911 1981 2967 Scri-

391 3001 552 3062 ptura
584 2994 1027 3048 conﬁrmaturam
1057 3012 1180 3050 esse
1209 3004 1425 3066 pactum
1456 3002 1662 3056 multis.
1693 3002 1812 3058 Non
1831 3008 1977 3060 enim

391 3085 646 3140 similiter
687 3085 740 3138 in
785 3095 990 3155 septem
1025 3097 1076 3142 et
1118 3090 1399 3159 sexaginta
1435 3091 1649 3149 duabus
1691 3097 1978 3151 hebdoma-

2104 528 2302 582 τωνίαν
2331 527 2488 581 καλεῖ
2504 527 2695 597 ὄνομα,
2725 526 2816 578 καὶ
2842 524 2940 595 τὴν
2963 523 3151 592 στολὴν
3175 521 3272 593 τὴν
3298 523 3691 593 ἀρχιερατικὴν

2106 619 2295 690 ὥσπερ
2344 619 2440 672 καὶ
2488 617 2754 687 λαμϐάνει
2786 617 2911 687 τῇδε
2969 614 3228 684 κειμένην
3276 616 3554 681 κατεῖχεν,
3610 629 3694 664 πι-

2107 712 2312 766 στεύων
2330 711 2480 765 οὑδὲν
2510 715 2818 781 νεωτεριεῖν
2847 709 2932 762 ἐπ’
2955 707 3102 778 αὐτῷ
3127 706 3220 759 τὸν
3247 705 3375 759 λαὸν
3398 707 3463 759 δι’
3496 707 3688 775 αὐτὴν.

2107 805 2388 876 Ἔπρασσε
2417 803 2473 855 δὲ
2495 803 2564 856 τά
2596 804 2758 873 ὃμοια
2783 801 2862 872 τῷ
2905 801 3120 872 Ἡρώδῃ
3142 799 3237 853 καὶ
3261 801 3290 850 ὁ
3322 800 3693 850 ἐπικαταστα-

2102 893 2215 957 Gel;
2247 895 2396 964 αὐτῷ
2420 893 2670 964 βασιλεὺς
2708 892 3015 962 Ἀρχέλαος,
3047 890 3160 952 υἱὸς
3187 887 3282 950 ὢν,
3314 888 3444 957 παρ’
3473 884 3538 941 οὗ
3571 888 3693 940 'Pu-

2106 990 2256 1058 μαῖοι
2291 986 2664 1056 διαδεξάμενοι
2711 985 2811 1054 τὴν
2844 984 3016 1054 ἀρχὴν
3049 982 3313 1052 ἐκράτουν
3345 981 3447 1049 τῆς
3498 978 3692 1046 στολῆς

2094 1073 2189 1126 τοῦ
2221 1072 2523 1144 ἀρχιερέως
2547 1073 2916 1142 ἀποκειμένης
2950 1073 3006 1124 ἐν
3052 1070 3187 1140 οἴκῳ
3209 1068 3356 1122 λίθου
3401 1068 3691 1138 οἰκοδομηο

2094 1165 2245 1218 θέντι
2267 1166 2372 1218 ὑπὸ
2398 1165 2675 1236 σφραγῖδι.
2703 1183 2722 1216 ›

2177 1259 2272 1310 Ἐκ
2306 1257 2369 1328 δὴ
2401 1256 2606 1310 τούτων
2640 1256 3040 1326 ἀναμφίλεκτος
3074 1253 3268 1322 γένοιτ’
3320 1252 3387 1305 ἂν
3416 1250 3692 1314 ἀπόδειξις

2092 1353 2175 1405 ὅτι
2205 1349 2269 1421 δὴ
2314 1348 2454 1402 κατὰ
2483 1350 2608 1411 τοὺς
2647 1348 3011 1419 δηλουμένους
3055 1346 3277 1416 χρόνους
3319 1344 3391 1397 τὰ
3423 1345 3527 1414 τῆς
3557 1361 3690 1415 προ-

2095 1441 2322 1510 φητείας
2357 1439 2707 1510 περιγραφῆς
2741 1439 2948 1509 ἔτυχεν·
2983 1441 3032 1491 εἰ
3078 1439 3134 1490 δὲ
3168 1439 3242 1509 μὴ
3279 1437 3694 1507 συνομοὶιογοίεν

2094 1534 2304 1596 τούτοις
2329 1535 2376 1585 οἱ
2416 1534 2481 1584 ἐκ
2510 1531 2831 1602 περιτομῆς,
2864 1530 3112 1599 αἰτητέον
3138 1530 3334 1591 αὐτοὺς
3361 1529 3560 1598 ἑτέραν
3587 1548 3692 1583 πα-

2098 1625 2168 1697 ρὰ
2198 1626 2298 1696 τὴν
2327 1624 2604 1695 ἡμετέραν
2633 1622 2734 1689 τῆς
2764 1622 2987 1694 Γραφῆς
3018 1622 3286 1692 διήγησιν,
3321 1621 3420 1673 καὶ
3452 1621 3691 1674 δεικτέον

2094 1714 2170 1777 ὡς
2193 1713 2299 1785 ἄρα
2327 1715 2446 1767 κατ’
2480 1714 2678 1777 αὐτοὺς
2705 1712 2919 1782 ψευδεῖς
2951 1714 3164 1782 ἀνάγκη
3191 1713 3290 1774 τὰς
3315 1711 3412 1764 τοῦ
3440 1711 3693 1779 τηλικού-

2091 1821 2184 1856 του
2213 1802 2453 1874 Γαϐριὴλ
2484 1803 2881 1874 ἁπελέγχεσθαι
2913 1805 3265 1874 προρρήσεις,
3302 1806 3349 1855 εἰ
3381 1803 3554 1872 μηδὲν
3581 1802 3690 1854 τῶν

2093 1897 2717 1968 προαναπεερωνημένων
2748 1897 2806 1962 ἐξ
2838 1897 3048 1950 ἐκείνου
3077 1897 3173 1949 καὶ
3195 1897 3273 1958 εἰς
3297 1895 3462 1966 δεῦρο
3503 1894 3690 1964 χιλίων

2093 1988 2190 2058 ἥδη
2241 1986 2648 2056 πλησιαζόντων
2689 1979 2826 2040 ἐτῶν
2876 1989 3185 2056 γεγένηται.
3255 1987 3397 2038 Ἀλλ’
3448 1989 3586 2056 ἡμῖν
3627 2003 3688 2054 γε

2093 2080 2280 2149 σαφῶς
2320 2079 2529 2150 ἀληθὴς
2556 2081 2585 2132 ὁ
2613 2080 2769 2148 λόγος
2812 2080 3196 2133 ἀποδείκνυται
3220 2079 3364 2132 κατὰ
3395 2079 3496 2142 τὰς
3528 2079 3690 2132 ἁϐιά-

2093 2187 2231 2234 στως
2279 2171 2679 2242 παρατεθείσας
2711 2174 2844 2242 ἡμῖν
2889 2171 3190 2242 διηγήσεις,
3239 2165 3328 2234 αἷς
3375 2171 3692 2236 ἀκολούθως

2090 2263 2314 2334 εὐχερὲς
2359 2263 2650 2316 ἀποδοῦναι
2688 2263 2812 2316 τίνα
2864 2263 3064 2334 τρόπον
3099 2264 3193 2316 καὶ
3235 2265 3268 2334 ἡ
3321 2263 3464 2332 μετὰ
3511 2264 3692 2326 πάσας

2090 2356 2294 2426 ὑστάτη
2323 2357 2693 2426 ἐπιφερομένη
2723 2355 2958 2425 ἑϐδομὰς
3003 2355 3102 2426 μία
3131 2355 3544 2425 ἐνεδυνάμωσεν
3571 2356 3691 2409 δια-

2090 2445 2263 2519 θήκην
2315 2447 2526 2511 πολλοῖς
2552 2488 2566 2512 ,
2609 2447 2706 2518 τὴν
2742 2448 2948 2516 Καινὴν
2985 2446 3256 2517 Διαθήκην
3280 2447 3375 2499 τοῦ
3412 2447 3689 2517 σωτηρίου

2089 2541 2464 2610 κηρύγματος,
2495 2541 2594 2610 τὴν
2641 2539 2735 2591 ἐπὶ
2782 2541 2962 2592 πᾶσαν
2995 2539 3328 2591 διαδοθεῖσαν
3370 2539 3473 2608 τὴν
3512 2540 3690 2591 οἰκου-

2090 2632 2277 2701 μένην,
2313 2631 2406 2684 καὶ
2436 2631 2618 2683 οὐκέτι
2647 2631 2745 2700 μὲν
2778 2631 2856 2682 ἑνὶ
2894 2631 3039 2700 μόνῳ
3070 2629 3146 2699 τῷ
3199 2629 3474 2681 Ἰουδαίων
3521 2631 3689 2691 ἐθνιι,

2086 2722 2201 2775 ἀλλ’
2228 2723 2329 2792 ἥδη
2358 2723 2451 2775 καὶ
2483 2721 2689 2774 πλείοσι
2720 2720 3106 2791 κηρυχθεῖσαν,
3130 2719 3258 2772 ὥστ’
3307 2719 3374 2773 ἂν
3409 2720 3502 2772 διὰ
3533 2720 3690 2772 τοῦτο

2086 2815 2334 2886 εἰρῆσθαι
2395 2815 2488 2867 καὶ
2546 2813 2628 2877 τὸ,
2693 2832 2710 2864 ι
2752 2812 3071 2883 Δυναμώσει
3132 2812 3412 2883 Διαθήκην
3467 2813 3688 2875 πολλοῖς

2086 2906 2316 2976 ἑϐδομὰς
2350 2906 2467 2975 μία.
2507 2924 2524 2955 ι
2567 2904 2887 2975 Ἐπιστῆσαι
2925 2904 2982 2956 δὲ
3017 2903 3255 2970 εὔλογον,
3293 2904 3376 2956 ὅτι
3429 2904 3507 2974 μὴ
3560 2905 3687 2972 ἑξῆς

2083 3002 2202 3060 ταῖς
2225 2997 2438 3060 λοιπαῖς
2465 2997 2755 3068 ἑϐδομάσιν
2784 2997 3120 3066 ὴτελευταία
3151 2995 3390 3066 ἑϐδομὰς
3428 2998 3532 3066 μία
3565 3013 3688 3048 συν-

2083 3091 2272 3162 ῆπται,
2308 3091 2376 3160 ἥν
2409 3108 2571 3163 φησιν
2615 3094 2644 3144 ὁ
2685 3091 2840 3158 λόγος
2871 3089 3213 3160 δυναμώσειν
3254 3090 3543 3160 Διαθήκην
3575 3090 3688 3151 τοῖς

390 3175 572 3242 dibus,
613 3179 856 3248 atquein
891 3194 997 3232 una
1027 3179 1174 3235 fecit.
1215 3179 1272 3235 ln
1313 3184 1592 3254 prioribus
1629 3188 1774 3241 enim
1809 3193 1975 3248 totius

2096 3184 2317 3247 πολλοῖς
2349 3185 2409 3236 οὐ
2445 3183 2554 3255 γὰρ
2577 3183 2652 3246 ὡς
2680 3183 2774 3235 ἐπὶ
2798 3182 2907 3235 τῶν
2934 3182 2977 3246 ζ’
3004 3182 3096 3236 καὶ
3127 3181 3204 3251 ξβ¹
3238 3181 3563 3252 ἑϐδομάδων
3591 3183 3685 3234 καὶ

387 3269 654 3338 temporis
673 3285 961 3324 numerum
991 3273 1249 3340 partitus,
1290 3276 1433 3329 inter
1461 3284 1666 3347 septem
1686 3283 1978 3353 statimque

388 3359 672 3427 sexaginta
694 3359 830 3414 duas
863 3361 1232 3420 heldomadcs
1261 3377 1406 3422 recte
1437 3377 1655 3439 tempus
1675 3373 1971 3440 ordinavit,

387 3458 597 3519 septem
641 3461 836 3521 aptans
871 3455 1150 3523 sexaginta
1192 3455 1428 3522 duabus,
1462 3462 1613 3515 nullo
1649 3463 1975 3534 interposito

386 3544 651 3612 temporis
670 3547 866 3613 spatio,
895 3545 968 3598 ita
997 3555 1055 3599 ut
1082 3547 1273 3601 harum
1295 3549 1700 3608 hebdomadum
1729 3556 1973 3613 historia;

386 3635 779 3690 concordantia
812 3639 960 3691 nullo
992 3641 1254 3705 temporis
1278 3643 1572 3698 intervallo
1604 3645 1970 3717 frangeretur,

385 3724 472 3777 vel
530 3724 960 3796 disjungeretur.
996 3726 1198 3782 Verum
1239 3729 1296 3783 in
1333 3731 1435 3785 hac
1467 3749 1574 3786 una
1631 3736 1971 3794 hebdomade

386 3830 650 3885 magnum
685 3817 958 3886 quoddam
997 3820 1144 3875 subit
1173 3821 1492 3889 discrimen,
1531 3841 1727 3896 magna
1757 3831 1966 3887 dilatio.

391 3904 605 3960 Etenim
643 3916 765 3976 post
801 3907 1175 3982 hebdomades
1208 3914 1493 3982 sexaginta
1533 3914 1692 3979 duas,
1729 3917 1966 3986 primum

385 3997 556 4051 dicit:
597 4016 614 4048 ι
650 3998 939 4052 Occidetur
962 4001 1206 4058 christus
1236 4014 1290 4058 et
1317 4005 1587 4074 judicium
1625 4023 1737 4061 non
1786 4018 1872 4065 est
1911 4012 1966 4065 in

381 4101 449 4140 eo
489 4087 570 4152 ⁸⁵;
603 4107 622 4137 ι
657 4088 801 4157 quod
836 4089 1125 4145 manifeste
1157 4091 1389 4148 Herodis
1423 4096 1764 4165 temporibus
1816 4101 1966 4152 exitu

382 4179 670 4248 probatum
696 4189 808 4246 est;
835 4181 960 4235 dein
986 4183 1208 4252 subjicit
1242 4202 1256 4238 :
1303 4203 1320 4234 ι
1347 4184 1409 4238 Ει
1434 4187 1714 4241 civitatem
1739 4196 1792 4242 et
1835 4205 1966 4243 san-

2082 3278 2174 3328 ἐπὶ
2201 3275 2298 3346 τῆς
2331 3277 2461 3346 μιᾶς
2494 3277 2812 3346 πεποίηκεν-
2845 3277 2931 3327 ἐπ’
2961 3276 3184 3328 ἐκείνων
3199 3276 3298 3344 μὲν
3325 3275 3459 3345 γάρ,
3493 3274 3685 3327 διελὼν

2077 3366 2171 3420 τοῦ
2207 3369 2408 3432 παντὸς
2431 3369 2622 3441 χρόνου
2653 3368 2746 3421 τὸν
2770 3367 3002 3440 ἀριθμὸν
3027 3368 3107 3432 είς
3131 3384 3192 3419 τε
3221 3367 3323 3430 τὰς
3354 3367 3402 3430 ζ’
3431 3368 3534 3420 καὶ
3555 3365 3683 3436 ἑξῆς

2074 3459 2172 3524 τὰς
2222 3460 2302 3531 ξβ¹
2339 3460 2658 3531 ἑϐδομάδας,
2691 3461 3043 3530 συνημμένην
3090 3460 3386 3529 πεποίηται
3413 3458 3516 3529 τὴν
3545 3459 3683 3512 διαξ-

2075 3567 2246 3620 ρεσιν,
2277 3553 2396 3613 ταῖς
2421 3550 2464 3614 ζ’
2484 3549 2583 3612 τὰς
2607 3548 2686 3619 ξβ¹
2712 3549 2970 3618 συνάψας,
2999 3549 3091 3601 καὶ
3119 3547 3320 3617 μηδένα
3343 3547 3541 3618 χρόνον
3572 3564 3678 3616 μη-

2071 3641 2128 3694 δὲ
2161 3642 2358 3712 πρᾶξιν
2388 3641 2590 3712 μεταξὺ
2622 3638 2973 3705 καταλιπὼν,
3020 3641 3100 3693 ὅτι
3139 3639 3258 3710 μηδ’
3287 3639 3599 3708 ἐμφέρεταί
3627 3655 3676 3691 τι

2069 3731 2364 3803 διάλειμμα
2391 3733 2583 3804 χρόνου
2613 3731 2856 3804 διαιροῦν
2886 3733 2981 3785 καὶ
3002 3730 3352 3799 διαζευγνύον
3376 3730 3442 3782 τὸ
3469 3747 3679 3799 συνημο

2073 3825 2232 3896 μένον
2263 3825 2362 3894 τῆς
2395 3827 2516 3878 κατ’
2549 3825 2766 3888 ἐκείνας
2793 3823 2893 3888 τὰς
2921 3823 3223 3893 ἑϐδομάδας
3246 3822 3519 3892 ἱστορίας.
3551 3822 3676 3875 Ἐπὶ

2067 3918 2124 3970 δὲ
2166 3919 2265 3988 τῆς
2296 3918 2702 3989 ἐπιφερομένης
2733 3916 3027 3986 ἑϐδομάδος
3055 3917 3184 3986 μιᾶς
3215 3915 3406 3985 μακρά
3449 3931 3539 3977 τις
3583 3917 3677 3967 καὶ

2067 4009 2530 4080 ἀπεσχοινισμένη
2589 4009 2844 4078 τυγχάνει
2898 4007 3170 4077 διαστολή.
3227 4005 3385 4059 Μετὰ
3431 4005 3545 4076 γάρ
3574 4007 3677 4068 τὰς

2066 4100 2362 4171 ἑϐδομάδας
2391 4101 2489 4164 τὰς
2521 4100 2595 4170 ξβ¹
2623 4100 2840 4172 πρῶτόν
2875 4115 3058 4168 φησιν·
3111 4117 3130 4149 ι
3184 4097 3674 4168 Ἐξολοθρευθήσε-

2064 4209 2154 4245 ται
2198 4193 2400 4264 χρίσμα
2425 4233 2438 4256 ,
2469 4195 2561 4246 καὶ
2605 4197 2778 4264 κρῖμα
2813 4193 2912 4245 οὐκ
2937 4191 3083 4247 ἔστιν
3117 4193 3174 4243 ἐν
3208 4189 3374 4259 αὐτῷ,
3416 4209 3436 4240 ι
3497 4190 3528 4242 ὃ
3582 4189 3676 4243 καὶ

380 4270 656 4323 ctuarium
681 4270 968 4342 dissipabit
1003 4276 1238 4343 populus
1275 4291 1399 4329 cum
1417 4277 1555 4331 duce
1583 4287 1832 4334 venturo.
1869 4281 1913 4312 ³⁸
1938 4301 1956 4333 ι

2096 4285 2331 4356 τρόδηλον
2357 4287 2480 4340 τίνα
2512 4287 2715 4357 τρόπον
2749 4285 2923 4356 πέρας
2952 4284 3176 4354 εἴληφεν
3219 4284 3314 4335 ἐπὶ
3341 4283 3455 4335 τῶν
3491 4281 3673 4354 Ἡρώ-

379 4359 516 4426 Quis
551 4371 730 4416 autem
761 4365 1074 4434 dissipabit,
1104 4367 1210 4422 nisi
1247 4367 1553 4422 animarum
1578 4372 1749 4439 pestis
1771 4371 1963 4426 diabo-

2096 4393 2154 4428 ou
2185 4378 2410 4447 χρόνων·
2449 4373 2568 4431 εἷτά
2594 4394 2744 4446 φησι·
2791 4396 2809 4428 ι
2851 4377 2962 4430 Καὶ
2995 4376 3095 4446 τὴν
3123 4375 3275 4427 πόλιν
3303 4375 3402 4427 καὶ
3428 4375 3492 4426 τὸ
3516 4375 3673 4442 ἅγιον

381 4453 502 4509 lus?
532 4453 667 4519 Quis
700 4455 808 4508 dux
842 4466 927 4511 est
958 4466 1246 4520 venturus,
1275 4460 1380 4513 nisi
1415 4465 1507 4530 qui
1541 4463 1753 4531 primus
1777 4480 1806 4518 e
1828 4481 1960 4534 gen-

2098 4469 2346 4541 ιαφθερεῖ
2379 4471 2472 4522 σὺν
2506 4469 2584 4540 τῷ
2621 4468 2684 4540 (f.
2729 4468 2818 4533 42,
2855 4471 2934 4528 νο)
2982 4467 3276 4538 ἡγουμένῳ
3313 4466 3391 4535 τῷ
3431 4465 3670 4538 ἐρχομέ-

379 4545 528 4600 tibus
578 4547 658 4603 eis
707 4548 995 4616 praefectus
1042 4557 1130 4604 est
1181 4549 1448 4616 Herodes,
1495 4569 1954 4626 successoresque

2096 4575 2182 4624 ῳ.»
2247 4560 2342 4622 Τίς
2367 4559 2423 4612 δὲ
2487 4559 2765 4631 διαφθερεῖ
2797 4560 2828 4629 ἦ
2866 4560 2972 4613 τῶν
3003 4558 3191 4630 ψυχῶν
3250 4559 3279 4610 ὁ
3337 4557 3671 4628 διαφθορεὺς

378 4639 500 4708 ejus
529 4641 623 4709 qui
660 4656 806 4695 nunc
856 4658 1033 4711 usque
1065 4639 1378 4698 Iudaeorum
1412 4654 1694 4714 sceptrum
1729 4663 1958 4720 accepe—

377 4730 550 4784 runt?
579 4729 733 4783 Sicut
770 4733 935 4802 igitur
962 4734 1226 4802 pristinos
1259 4737 1445 4806 populi
1484 4738 1672 4802 duces,
1729 4755 1956 4811 magnos

379 4822 590 4878 scilicet
631 4825 947 4879 sacerdotes
986 4844 1004 4878 ι
1044 4827 1319 4880 christqu
1345 4829 1537 4883 ducem
1599 4849 1618 4882 ι
1667 4832 1957 4902 allegorice

2066 4651 2312 4716 διάϐολος
2336 4669 2350 4717 ;
2419 4653 2515 4716 Τίς
2563 4653 2621 4705 δὲ
2692 4653 2986 4724 ἐρχόμενος
3052 4650 3358 4720 ἡγούμενος
3430 4650 3466 4720 ἢ
3521 4652 3552 4703 ὁ
3611 4649 3673 4713 ἐξ

2065 4742 2233 4795 ἐθνῶν
2285 4743 2500 4814 πρῶτος
2548 4743 2728 4796 αὐτῶν
2758 4743 3109 4813 ἡγησάμενος
3141 4740 3416 4812 Ἡρώδης,
3469 4740 3569 4793 καὶ
3617 4743 3668 4793 οἱ

2067 4835 2182 4903 μετ’
2216 4835 2379 4887 αὐτὸν
2411 4836 2491 4896 εἰς
2520 4833 2680 4906 δεῦρο
2722 4835 2819 4904 τὴν
2867 4834 3010 4887 κατὰ
3057 4833 3327 4887 Ἰουδαίων
3360 4834 3671 4902 ἡγεμονίαν

377 4914 596 4968 vocavit
627 4915 935 4985 prophetia,
975 4917 1050 4970 ita
1084 4918 1209 4972 illos
1241 4919 1357 4988 qui,
1389 4921 1666 4988 prioribus
1699 4925 1952 4989 sublatis,

377 5018 408 5057 e
436 5005 623 5074 gentili
657 5021 854 5075 genere
887 5009 1052 5062 rebus
1084 5010 1440 5078 praefuerunt,
1478 5029 1496 5060 ι
1536 5011 1731 5067 ducem
1756 5023 1956 5068 ventu-

2061 4923 2427 4994 διειληφότες;
2467 4925 2674 4995 Ὥσπερ
2717 4925 2848 4994 γοῦν
2881 4925 3007 4986 τοὺς
3059 4923 3227 4977 πάλαι
3275 4923 3463 4975 αὐτῶν
3497 4925 3662 4992 inoo-

2066 5015 2256 5084 μένους
2287 5016 2560 5088 ἀρχιερεῖς
2591 5035 2608 5068 ι
2632 5017 2854 5088 χριστὸν
2870 5017 3168 5088 ἡγούμενον
3194 5035 3212 5064 ι
3235 5013 3669 5082 αἰνιγματωδῶς

2063 5111 2356 5178 προσεῖπεν
2388 5112 2420 5182 ἡ
2446 5110 2771 5182 προφητεία,
2813 5109 2902 5162 τὸν
2933 5109 3095 5162 αὐτὶν
3120 5107 3319 5178 τρόπον
3351 5106 3486 5170 τοὺς
3525 5105 3668 5175 μετά

2060 5199 2158 5270 τὴν
2193 5201 2416 5253 ἐκείνων
2451 5201 2795 5255 κατάπαυσιν
2834 5199 2892 5264 ἐξ
2944 5199 3113 5252 ἐθνῶν
3142 5198 3325 5252 αὐτῶν
3380 5198 3665 5268 ἄρξαντας

2065 5307 2082 5339 ι
2107 5290 2398 5360 ἐρχόμενον
2423 5291 2752 5362 ἡγούμενον»
2777 5291 3204 5362 προσηγόρευσε,
3231 5290 3476 5359 φήσασα·
3505 5308 3524 5338 ι
3555 5288 3664 5340 Καὶ

2061 5378 2159 5450 τὴν
2225 5379 2378 5434 πόλιν
2435 5383 2528 5434 καὶ
2575 5381 2635 5434 τὸ
2693 5381 2846 5449 ἆγιον
2897 5380 3175 5451 διαφθερεῖ
3219 5381 3320 5432 σὺν
3369 5376 3454 5448 τῷ
3492 5378 3659 5449 ἠγορ-

2067 5471 2217 5542 μένῳ
2269 5472 2348 5544 τῷ
2391 5473 2691 5545 ἐρχομένῳο
2725 5493 2744 5527 ›
2785 5475 2921 5546 ὅπερ
2955 5471 3290 5544 σαφέστερον
3333 5473 3363 5524 ὁ
3423 5467 3661 5531 Ἀκύλας

378 5108 500 5148 rum
532 5114 552 5148 ›
584 5098 904 5165 nominavit,
935 5101 1124 5156 dicens
1158 5120 1170 5154 :
1214 5120 1232 5152 ι
1291 5103 1357 5156 Et
1418 5103 1694 5158 civitatem
1725 5113 1982 5177 -et’san-l

375 5185 646 5238 ctuarium
680 5186 971 5258 dissipabit
1027 5192 1260 5260 populus
1298 5209 1422 5248 cum
1458 5195 1596 5250 duce
1637 5203 1898 5264 Venturo;
1931 5217 1950 5251 ι

375 5273 520 5341 quod
559 5273 775 5344 quidem
807 5278 1053 5346 apertius
1093 5281 1289 5350 Aquila
1321 5284 1652 5353 signiﬁcavit
1683 5287 1786 5341 hoc
1836 5303 1952 5342 mo-

376 5356 468 5426 do,
501 5378 518 5412 ι
562 5361 627 5414 Et
663 5363 939 5420 civitatem
995 5380 1049 5422 et
1097 5375 1476 5427 sanctuariu‘m
1522 5374 1813 5446 dissipabit
1856 5394 1954 5449 po-

376 5449 538 5518 pulus
569 5451 728 5509 ducis
773 5457 1007 5512 venturi.
1050 5479 1068 5510 ι
1103 5461 1454 5530 Compertum
1487 5474 1574 5521 est
1622 5468 1768 5522 enim
1817 5483 1954 5538 quo-

451 5564 496 5597 ³⁸
537 5564 674 5621 Dan.
710 5583 788 5631 1x,
816 5568 906 5624 26.
983 5571 1031 5603 ³⁸
1073 5573 1205 5630 ibid.

455 5678 531 5738 (ι)
565 5676 788 5738 Josenh.
816 5683 994 5745 Antia.
1028 5702 1183 5748 xvm.
1216 5689 1270 5748 4.
1299 5693 1377 5749 3..
