3856 6226
181 323 326 382 H89

1170 324 1465 381 ECLOGAE
1504 324 2229 386 PROPHETIC£.—LIB.
2268 322 2363 382 Ill.

3325 331 3467 392 H90

180 442 448 500 ικδέδωκι
502 443 734 515 ποιήσας
752 481 770 510 ,
808 461 827 494 ι
860 443 971 498 Καὶ
1017 442 1118 514 τὴν
1169 445 1324 499 πόλιν
1374 447 1468 501 καὶ
1511 446 1574 500 τὸ
1623 446 1762 516 άγιοπ

1883 445 2048 500 modo
2117 445 2356 516 populus
2422 442 2813 512 exercitusque
2880 442 3115 499 istorum
3178 446 3276 517 qul
3340 456 3466 518 post

175 536 459 608 διαφθερεί
515 536 644 601 λαὸς
688 536 995 607 ἡγουμένου
1046 538 1367 609 ἐρχομένου.
1394 559 1413 591 ι
1463 541 1572 593 Καὶ
1634 541 1771 613 πρό-

176 630 341 702 δηλον
387 631 536 694 ὅπως
585 631 614 684 6
658 630 785 694 λαὸς
834 633 930 685 καὶ
975 631 1004 683 6
1050 632 1281 702 στρατὸς
1319 631 1428 684 τῶν
1461 632 1600 703 μετὰ
1645 634 1774 697 τοὺς

176 722 434 793 χριστοὺς
482 724 823 793 ἡγουμένους
885 722 982 794 τὴν
1049 724 1192 777 κατὰ
1271 724 1537 779 Ἰουδαίων
1594 724 1771 797 ἀρχὴν

174 814 576 887 διαδεξαμένων
634 816 693 883 ἐξ
747 816 916 870 ἐθνῶν
960 817 1281 889 ἡγουμένων
1307 858 1323 882 ,
1371 818 1557 889 νόμοις
1601 817 1771 873 ἐθνῶν

175 904 482 979 χρώμενος,
536 907 630 959 καὶ
678 906 779 977 τὴν
818 907 969 960 πόλιν
1018 910 1113 963 καὶ
1160 908 1222 962 τὸ
1264 908 1417 978 άγιον
1474 909 1769 982 διέφθειρε,

174 997 277 1053 καὶ
305 1000 336 1052 6
363 997 506 1051 κατὰ
545 996 781 1052 διάνοιαν
820 998 876 1052 δὲ
918 999 1028 1052 τῶν
1069 999 1257 1072 ψυχῶν
1303 1000 1606 1073 ἡγούμενος
1642 1002 1770 1073 φθο-

176 1090 311 1161 ρεὺς
355 1090 453 1144 σὺν
501 1088 582 1160 τῷ
628 1090 917 1162 ἡγουμένῳ
964 1090 1043 1162 τῷ
1087 1094 1231 1146 κατὰ
1274 1092 1374 1164 τὴν
1430 1094 1770 1165 προφητείαν

173 1179 459 1252 ιληλυθότι
505 1182 687 1235 πᾶσαν
719 1181 925 1253 φθορὰν
963 1183 1307 1255 ἑνηργὴσατο
1338 1184 1489 1256 αὐτῷ
1536 1203 1596 1239 τε
1634 1187 1770 1259 πρό-

173 1290 335 1349 τερον
382 1275 462 1346 τῷ
507 1275 645 1346 λαῷ,
689 1278 923 1341 καὶτοῖς
969 1278 1068 1347 τὴν
1103 1278 1256 1333 πόλιν
1299 1279 1568 1334 ἐνοικοῦσι
1620 1281 1768 1334 πολί-

172 1381 318 1429 ταις,
356 1363 546 1420 ἔπειτα
590 1367 647 1420 δὲ
688 1369 785 1422 καὶ
834 1368 914 1440 τῷ
955 1368 1074 1439 ναῷ
1113 1371 1208 1423 καὶ
1248 1373 1315 1443 τῇ
1365 1371 1529 1426 πάλαι
1579 1389 1767 1427 συντε-

172 1455 413 1530 λουμένῃ
439 1459 496 1511 ὲν
530 1457 680 1530 αύτῷ
708 1458 953 1532 λατρεία.
978 1461 1089 1514 Καὶ
1115 1461 1321 1533 ταύτην
1354 1480 1419 1532 γε
1458 1464 1639 1518 αἰτίαν
1669 1468 1767 1536 τῆς

175 1548 497 1618 παραυτίκα
567 1550 943 1621 γεγενημένης
1006 1551 1100 1605 τοῦ
1165 1553 1403 1623 Χριστοῦ
1462 1555 1766 1627 παρουσίας

173 1638 553 1709 προσημαῖνόν
586 1656 687 1692 που
709 1638 851 1694 θεῖον
871 1639 1051 1710 λόγιόν
1092 1658 1275 1712 φησιν·
1307 1662 1325 1694 ι
1351 1643 1556 1715 Κύριος
1579 1646 1644 1698 ὲκ
1668 1644 1764 1699 τοῦ

171 1725 408 1798 οὐρανοῦ
433 1727 682 1798 διέκυψεν
715 1729 808 1782 ἐπὶ
846 1730 973 1793 τοὺς
998 1731 1150 1794 υἱοὺς
1178 1730 1287 1784 τῶν
1320 1731 1645 1803 ἀνθρώπων,
1670 1732 1764 1787 τοῦ

176 1818 310 1873 ιδεῖν
336 1819 384 1871 εἱ
424 1818 537 1871 ἔστι
588 1818 804 1882 συνιὼν,
834 1820 867 1890 ἢ
895 1819 1142 1892 ἐκζητῶν
1196 1821 1288 1874 τὸν
1340 1798 1494 1876 Θεόν.
1553 1824 1763 1888 Πάντες
1798 1798 1837 1852 Β

171 1907 476 1978 ιξέκλιναν,
508 1910 626 1981 ἃμα
647 1911 1055 1984 ἡχρειώθησαν,
1072 1914 1171 1967 οὐκ
1205 1913 1320 1968 ἔστι
1336 1914 1506 1969 ποιῶν
1530 1916 1765 1987 χρηστό-

169 2019 338 2074 τητα,
366 2004 465 2058 ούκ
496 2004 646 2057 ἔστιν
669 2006 774 2069 ἓως
799 2006 936 2069 ἑνός.
962 2025 980 2057 ι
1020 2002 1134 2059 Εἴθ’
1157 2006 1234 2071 ὡς
1271 2007 1629 2080 διεφθορότων
1654 2009 1764 2063 τῶν

172 2095 672 2168 προδεδηλωμένων
687 2097 757 2151 τὰ
776 2097 1150 2169 διαληψόμενα
1171 2098 1368 2163 αὐτοὺς
1391 2101 1764 2172 προδιδάσκων

169 2190 203 2242 6
236 2187 394 2256 λόγος
416 2188 575 2260 φησί·
614 2208 633 2240 ι
668 2190 780 2244 Καὶ
816 2192 1147 2261 κοπὴσονται
1172 2193 1231 2244 ὲν
1264 2191 1342 2262 τῷ
1369 2192 1761 2265 κατακλυσμῷ,

171 2277 275 2334 καὶ
304 2280 397 2332 ἐπὶ
422 2280 679 2335 τοσοῦτόν
708 2297 770 2350 γε
797 2282 1153 2352 κοπήσονται,
1175 2281 1280 2346 ἕως
1302 2283 1491 2347 τέλους
1524 2284 1762 2356 πολέμου

173 2372 619 2443 συντετμημένου
652 2374 980 2443 ἀφανισμοῖς
1000 2390 1013 2403 ·
1038 2391 1057 2424 ι
1101 2373 1183 2426 ἔτι
1238 2374 1294 2427 δὲ
1328 2375 1531 2429 τούτων
1580 2394 1766 2431 συντε-

171 2458 454 2530 λουμένων
480 2478 541 2513 τε
567 2462 660 2514 καὶ
683 2463 1113 2533 ἐνεργουμένων,
1140 2482 1157 2512 ι
1181 2464 1290 2517 Καὶ
1321 2463 1627 2536 δυναμώσει
1647 2467 1763 2520 δια-

172 2551 358 2623 θὴκην
382 2551 599 2616 πολλοῖς
638 2552 872 2623 ἑϐδομὰς
926 2553 1046 2623 μία.
1072 2572 1090 2603 ι
1133 2554 1283 2623 Αὕτη
1316 2555 1360 2609 δ’
1392 2555 1458 2610 ἂν
1491 2557 1575 2628 εῑη
1610 2560 1641 2627 ἡ
1668 2557 1763 2611 τοῦ

173 2644 452 2716 σωτηρίου
486 2643 863 2716 κηρύγματος,
896 2645 962 2698 δι’
991 2641 1053 2701 οὗ
1080 2646 1181 2715 τῆς
1214 2648 1424 2718 Καινῆς
1455 2649 1556 2719 τὴν
1582 2650 1764 2720 παρά-

168 2737 322 2791 δοσιν
348 2736 624 2808 Διαθὴκης
664 2737 693 2789 6
734 2738 925 2810 Σωτὴρ
955 2740 1050 2791 καὶ
1100 2739 1305 2811 Κύριος
1345 2739 1504 2811 ἡμῶν
1556 2739 1764 2811 Ἰησοῦς

171 2826 412 2898 Χριστὸς
461 2828 520 2880 έν
576 2826 791 2891 πολλοῖς
841 2826 1259 2897 μαθητευθεῖσιν
1319 2830 1467 2900 αὐτῷ
1514 2831 1763 2885 ἐνεδυνά-

173 2933 363 2988 μωσε’
402 2918 526 2971 τοτὲ
559 2918 657 2987 μὲν
693 2917 801 2990 πρὸ
842 2916 938 2971 τοῦ
982 2917 1187 2983 πάθους
1224 2917 1398 2971 συνὼν
1442 2920 1625 2982 αὐτοῖς
1671 2921 1764 2974 καὶ

170 3007 727 3079 συμπολιτευόμενος,
770 3012 892 3063 τοτὲ
918 3009 975 3063 δὲ
1013 3010 1106 3063 καὶ
1142 3029 1159 3059 ι
1192 3009 1331 3080 μετὰ
1360 3010 1460 3081 τὴν
1499 3012 1763 3083 ἀνάληψιν

165 3098 239 3153 δι’
263 3100 488 3172 ἡμερῶν
508 3107 558 3171 μ’
581 3101 946 3172 ὀπτανόμενος
966 3102 1150 3166 αὐτοῖς
1168 3103 1262 3155 καὶ
1282 3101 1758 3174 συναυλιζόμενος,
1788 3133 1829 3190 C

169 3190 273 3244 καὶ
292 3189 464 3261 λέγων
496 3193 566 3246 τὰ
600 3194 729 3265 περὶ
754 3196 852 3265 τῆς
876 3192 1154 3264 βασιλείας
1180 3194 1272 3247 τοῦ
1295 3194 1429 3247 Θεοῦ
1451 3212 1463 3225 ο
1491 3214 1510 3246 ι
1547 3195 1627 3249 διὸ
1662 3197 1756 3250 καὶ

175 3304 199 3335 ι
226 3286 610 3365 παρήγγελλεν
652 3289 836 3352 αὐτοῖς
871 3288 977 3342 ἀπὸ
1021 3287 1408 3359 Ἰεροσολύμων
1464 3288 1539 3361 μὴ
1585 3289 1754 3361 χωρί-

169 3375 381 3440 ζεσθαι.
411 3396 429 3428 ι
476 3378 693 3449 Ταύτης
740 3379 796 3432 δὲ
843 3382 943 3450 τῆς
990 3378 1282 3449 ἑϐδομάδος
1341 3381 1399 3434 ἐν
1443 3380 1521 3451 τῷ
1568 3382 1756 3451 ἡμίσει

167 3467 241 3522 δι’
264 3467 331 3540 ἡν
358 3469 624 3523 πέπονθεν
659 3471 765 3524 ὑπὸ
794 3471 1062 3525 Ἰουδαίων
1091 3471 1382 3543 ἐπιϐουλὴν
1415 3474 1511 3526 καὶ
1542 3473 1608 3527 τὰ
1629 3472 1758 3525 ἀκό-

168 3560 339 3615 λουθα
366 3565 464 3634 τῆς
505 3563 656 3627 θείας
689 3563 983 3636 ἐπληρώθη
1013 3564 1401 3635 προρρήσεως·
1450 3566 1593 3635 ἀμφὶ
1626 3564 1758 3633 γεῦν

90 3708 106 3719 _
169 3650 244 3705 τὰ
268 3653 396 3722 τρία
423 3654 595 3723 ἥμισυ
635 3655 730 3725 ἐτη
772 3656 1016 3727 κηρύξας
1045 3656 1140 3710 καὶ
1174 3656 1281 3709 ἀπὸ
1317 3655 1417 3726 τῆς
1449 3656 1557 3709 τῶν
1582 3657 1761 3725 Εὐαγ-

171 3740 373 3809 γελίων
403 3743 735 3814 παρίσταται
756 3745 977 3816 γραφῆς
996 3761 1010 3774 ο
1037 3744 1116 3797 διὸ
1145 3746 1390 3816 εἴρηται’
1423 3764 1440 3794 ι
1471 3746 1581 3797 Καὶ
1602 3747 1659 3797 ἐν
1682 3744 1760 3815 τῷ

1874 535 2116 592 christos
2172 535 2347 591 duces
2402 535 2459 590 in
2516 533 2739 590 Iudaeos
2799 535 3093 607 imperium
3150 539 3465 607 obtinuere,

1871 627 2116 698 gentium
2176 643 2313 682 usus
2366 627 2602 698 legibus,
2653 630 3047 699 civitatemque
3100 638 3156 686 et
3202 642 3466 689 sanctuav

1872 718 2016 772 rium
2077 718 2477 790 pessumdedit,
2521 727 2577 775 et
2622 721 2896 792 spirituali
2935 737 3100 779 sensu
3152 725 3463 781 animarum

1871 812 2032 881 quasi
2083 813 2255 882 pestis
2288 811 2491 879 factus,
2529 828 2655 868 cum
2702 813 2843 870 duce
2872 816 2991 886 qui,
3018 816 3180 885 juxta
3222 820 3463 889 propheo

1870 898 2028 961 tiam,
2049 900 2162 969 jam
2197 910 2444 967 venerat,
2489 916 2707 956 omnem
2738 906 3040 973 perniciem
3075 906 3129 960 in
3162 910 3460 977 pristinum

1870 991 2132 1062 p0pulum
2151 1002 2317 1063 atque
2347 994 2402 1047 in
2418 994 2658 1048 civitatis
2677 994 2915 1058 incolas,
2943 997 3071 1052 dein
3091 999 3146 1052 in
3171 1000 3458 1070 templum,

1870 1092 2222 1153 veteremque
2282 1087 2492 1139 cultum
2544 1084 2600 1138 in
2653 1100 2719 1140 eo
2778 1087 3045 1141 usitatum
3099 1091 3456 1160 excogitavit.

1870 1172 2025 1229 Hanc
2051 1190 2181 1229 vero
2208 1190 2436 1229 causam
2465 1173 2673 1229 Christi
2732 1175 3131 1234 incarnationis
3176 1195 3298 1250 qua:
3327 1197 3457 1250 pro-

1869 1267 2022 1322 tinus
2049 1266 2192 1321 facta
2223 1274 2330 1331 est,
2381 1267 2788 1337 quodammodo
2820 1272 3063 1326 ostendit
3090 1272 3275 1343 divina
3306 1273 3459 1330 Scri-

1871 1368 2032 1430 ptura
2054 1359 2249 1416 dicens
2290 1377 2305 1416 :
2360 1378 2379 1411 ι
2426 1359 2694 1417 Dominus
2721 1362 2788 1417 de
2818 1364 2960 1418 cmlo
2986 1368 3269 1436 prospexit
3292 1383 3459 1439 super

1869 1454 2012 1508 ﬁlios
2041 1454 2352 1518 hominum,
2389 1461 2450 1507 ut
2472 1452 2655 1508 videat
2680 1453 2727 1510 si
2753 1462 2838 1509 est
2868 1455 3202 1528 intelligens,
3241 1468 3337 1514 aut
3367 1476 3455 1514 re-

1867 1545 2095 1615 quirens
2125 1544 2319 1600 Deum.
2353 1546 2557 1601 Omnes
2578 1545 3012 1611 declinaverunt,
3032 1551 3195 1605 simul
3227 1552 3455 1609 inutiles

1867 1635 1997 1692 facti
2028 1646 2159 1693 sunt
2189 1655 2207 1692 :
2249 1653 2361 1693 non
2404 1647 2490 1694 est
2524 1639 2619 1707 qui
2654 1638 2821 1694 faciat
2848 1641 3073 1705 bonum,
3111 1658 3220 1696 non
3247 1655 3331 1698 est
3356 1660 3453 1700 us-

1867 1744 1973 1797 que
2002 1730 2070 1783 ad
2100 1747 2270 1786 unum
2303 1732 2371 1788 ".
2405 1752 2425 1786 ι
2457 1732 2589 1788 Dein
2624 1735 2679 1789 in
2706 1734 2842 1790 istos
2869 1733 2937 1788 ad
2958 1734 3062 1789 hoc
3087 1736 3458 1807 corruptionis

1866 1823 2188 1893 provolutos
2218 1840 2341 1894 qua;
2370 1825 2631 1895 ingruant
2666 1826 3009 1882 calamitates
3034 1827 3273 1883 edocens
3302 1826 3456 1883 Scri-

1867 1921 2028 1981 ptura
2059 1913 2133 1967 ait
2165 1932 2177 1967 :
2211 1932 2228 1965 ι
2268 1913 2334 1967 Ει
2368 1915 2493 1971 ﬁnis
2538 1916 2659 1986 ejus
2699 1917 2953 1981 vastitas,
3012 1927 3065 1971 et
3120 1930 3245 1987 post
3289 1919 3453 1975 ﬁnem

1866 2003 1995 2058 belli
2051 2013 2256 2059 statuta
2289 2006 2561 2062 desolatio
2593 2008 2660 2062 ³⁸.
2710 2028 2729 2060 ι
2770 2006 2904 2074 Quae
2950 2024 3075 2063 cum
3124 2010 3452 2077 acciderint,

1871 2113 1890 2147 ι
1924 2097 2269 2151 conﬁrmabit
2318 2112 2540 2170 pactum
2593 2102 2780 2156 multis
2848 2101 3190 2156 hebdomada
3258 2118 3386 2157 una.
3427 2120 3448 2156 ι

1865 2185 1982 2242 Ηοε
2049 2205 2181 2244 vero
2244 2199 2464 2260 pactum
2537 2193 2674 2246 nihil
2727 2193 2874 2248 aliud
2927 2200 3011 2247 est
3076 2208 3141 2247 ac
3190 2193 3454 2259 salutaris

1865 2277 2184 2348 praedicatio
2216 2295 2326 2350 qua
2368 2279 2626 2337 Salvator
2665 2280 3043 2351 Dominusque
3070 2289 3261 2337 noster
3286 2280 3454 2339 Jesus

1866 2368 2122 2425 Christus
2150 2369 2565 2427 Testamentum
2602 2371 2814 2427 Novum
2845 2374 2900 2427 in
2936 2374 3126 2429 multis
3156 2374 3452 2444 discipulis

1867 2460 1983 2514 suis
2013 2461 2359 2514 conﬁrmavit
2391 2481 2404 2515 :
2430 2470 2547 2517 tum
2583 2464 2802 2533 quidem
2837 2473 2964 2517 ante
2989 2466 3301 2533 passionem
3321 2479 3460 2519 cum.

1865 2550 1948 2604 eis
1982 2549 2170 2608 vivens
2197 2566 2262 2606 ac
2292 2561 2678 2617 conversatus,
2720 2563 2836 2608 tum
2862 2570 2993 2609 vero
3026 2573 3045 2606 ι
3078 2564 3204 2625 post
3235 2557 3452 2625 passio-

1867 2657 1989 2697 nem
2025 2657 2181 2697 suam
2215 2659 2313 2713 per
2350 2644 2468 2700 dies
2498 2644 2859 2716 quadraginta
2888 2661 3163 2716 apparens
3207 2648 3289 2702 eis
3319 2663 3455 2702 con-

1864 2733 2126 2803 gregalis,
2185 2742 2238 2789 et
2288 2735 2519 2806 loquens
2568 2738 2636 2791 de
2688 2751 2856 2806 regno
2904 2736 2999 2792 Dei
3021 2737 3088 2789 "'.
3144 2756 3163 2788 ι
3217 2736 3455 2809 Ideoque

1871 2843 1891 2876 ι
1931 2827 2189 2895 praacepit
2239 2828 2321 2882 eis
2368 2829 2435 2882 ab
2488 2827 2848 2899 Jerosolymis
2899 2846 2969 2885 ne
3000 2829 3371 2886 discederent.
3421 2848 3443 2883 ι

1864 2917 2041 2986 Hujus
2072 2934 2200 2972 vero
2222 2919 2583 2975 hebdomadis
2612 2921 2668 2974 in
2701 2920 2950 2986 dimidio,
2982 2928 3159 2975 morte
3188 2936 3353 2991 quam
3380 2924 3451 2976 ab

1864 3006 2071 3062 Judaeis
2095 3024 2388 3079 perpessus
2424 3017 2529 3073 est,
2566 3011 2786 3081 impleta
2810 3021 2940 3066 sunt
2971 3012 3171 3067 divinae
3210 3012 3451 3082 pr0phe-

1866 3101 1954 3154 tiae
1980 3101 2188 3171 reliqua
2211 3120 2225 3168 ;
2255 3116 2378 3155 cum
2394 3102 2615 3170 quidem
2637 3120 2732 3174 per
2751 3112 2862 3158 tres
2878 3118 3054 3158 annos
3076 3110 3131 3158 et
3152 3104 3447 3158 dimidium

1865 3191 2217 3263 Evangelium
2244 3194 2621 3262 praedicatum,
2641 3210 2706 3248 ac
2729 3194 2928 3248 deinde
2946 3195 3324 3263 conscriptum
3342 3201 3451 3258 est,

1863 3299 2034 3354 quare
2069 3286 2272 3339 dicitur
2297 3304 2309 3340 :
2338 3304 2357 3335 ι
2383 3287 2440 3340 1η
2463 3286 2641 3339 medio
2661 3285 3020 3340 hebdomadis
3038 3285 3451 3340 deﬁciethostia

1863 3384 1916 3430 et
1930 3374 2261 3429 sacriﬁcium
2282 3376 2347 3428 ⁸ο.
2364 3397 2382 3427 ι
2406 3376 2633 3431 Constat
2661 3376 2805 3431 enim
2839 3392 2935 3445 per
2960 3379 3273 3447 passionem
3301 3376 3453 3431 del‘e—

1864 3470 2008 3522 cisse
2038 3468 2273 3521 hostiam
2304 3470 2470 3524 simul
2504 3480 2558 3523 et
2595 3467 2968 3532 sacriﬁcium;
3014 3469 3256 3539 quando,
3286 3469 3453 3537 juxta

1866 3559 2287 3631 Evangeliorum
2330 3562 2732 3626 narrationem,
2773 3579 2792 3611 ι
2838 3561 3014 3615 velum
3064 3561 3253 3631 templi
3304 3561 3452 3615 scis-
3505 3592 3521 3608 ο

1868 3667 1989 3706 sum
2007 3661 2091 3707 est
2113 3654 2166 3706 in
2192 3654 2330 3708 duas
2349 3664 2532 3722 partes
2559 3670 2585 3706 a
2612 3668 2829 3708 summo
2857 3668 3032 3723 usque
3048 3653 3308 3708 deorsum
3328 3651 3373 3687 ⁸⁸
3396 3670 3447 3720 ;ι

1864 3745 2131 3815 juxtaque
2157 3744 2382 3815 Josephi
2418 3746 2705 3800 historiam
2740 3764 2752 3800 :

169 3832 367 3904 ἡμίσει
400 3834 496 3904 τῆς
519 3834 813 3905 ἑϐδομάδος
836 3836 1139 3907 ἀρθήσεται
1174 3835 1334 3889 θυσία
1370 3836 1465 3889 καὶ
1498 3835 1698 3907 σπονδή
1723 3853 1735 3865 ’
1771 3854 1790 3887 ι
1833 3837 1930 3889 καὶ
1960 3836 2129 3906 σαφές
2156 3854 2220 3905 γε
2269 3838 2416 3902 ὅπως
2453 3838 2571 3908 ἅμα
2616 3837 2694 3909 τῷ
2741 3836 2903 3890 πάθει
2941 3826 3169 3909 δυνάμει
3216 3836 3359 3908 ἡρθη
3392 3834 3455 3904 ἐξ

171 3922 356 3978 αὐτῶν
386 3923 545 3978 θυσία
587 3924 682 3976 καὶ
716 3925 954 3997 σπονδή·
986 3927 1077 3979 ὅτε
1121 3926 1262 3980 κατὰ
1298 3926 1394 3997 μὲν
1423 3925 1519 3997 τὴν
1551 3924 1662 3978 τῶν
1688 3925 2038 3994 Εὑαγγελίων
2078 3928 2299 4000 γραφὴν
2350 3947 2369 3980 ι
2413 3929 2474 3981 τὸ
2495 3928 2896 4000 καταπέτασμα
2935 3927 3031 3982 τοῦ
3071 3927 3200 3984 ναοῦ
3229 3928 3452 4002 ἐσχίσθη

177 4013 292 4070 ἀπὸ
322 4013 529 4067 ἄνωθεν
564 4013 669 4076 ἕως
702 4014 880 4067 κάτω·
911 4034 929 4065 ι
968 4014 1113 4068 κατὰ
1140 4015 1195 4068 δὲ
1242 4016 1339 4086 τὴν
1373 4015 1465 4069 τοῦ
1506 4017 1771 4087 Ἰωσήπου
1815 4017 2077 4087 ἱστορίαψ

252 4126 272 4160 ι
294 4107 383 4161 Ἐν
411 4108 547 4177 αὐτῇ
578 4109 644 4177 τῇ
662 4108 1009 4178 Πεντηκοστῇ
1039 4107 1255 4179 νύκτωρ
1271 4109 1318 4160 οἰ
1356 4108 1519 4178 ἱερεῖς
1552 4106 1755 4177 παρελ-

171 4197 361 4260 θόντες
389 4198 469 4260 είς
491 4195 553 4249 τὸ
594 4197 758 4266 ἱερὸν,
790 4195 979 4269 ῶσπερ
1013 4197 1196 4260 αὐτοῖς
1231 4196 1350 4261 ἔθος
1371 4193 1458 4268 ἦν,
1496 4197 1632 4269 πρὸς
1659 4197 1757 4261 τὰς

169 4290 539 4362 λειτουργίας,
581 4289 797 4362 πρῶτον
830 4289 927 4360 μὲν
974 4290 1241 4361 κινήσεως
1262 4288 1471 4359 ἔφασαν
1499 4288 1762 4359 ἀντιλαμ-

1942 4125 1960 4158 ι
2003 4108 2061 4161 [ιι
2109 4105 2225 4178 ipsa
2273 4105 2595 4163 Pentecoste
2635 4115 2801 4162 noctu
2849 4106 3164 4163 sacerdotes
3214 4109 3269 4162 in
3315 4116 3457 4164 tem-

1863 4197 2011 4267 plum
2060 4197 2355 4267 progressi,
2409 4199 2553 4252 sicut
2596 4206 3020 4263 consueverant,
3057 4199 3125 4251 ad
3160 4214 3317 4254 sacra
3370 4200 3456 4254 l'a-

1860 4290 2138 4352 ciendum,
2174 4292 2352 4363 prima
2399 4299 2607 4347 motum
2654 4292 3029 4346 vehementem
3074 4305 3200 4345 cum
3234 4290 3457 4361 fragore

171 4385 438 4440 ϐάνεσθαι
465 4383 561 4439 καὶ
593 4383 823 4451 κτύπου,
860 4384 999 4454 μετὰ
1030 4384 1087 4437 δὲ
1118 4384 1290 4438 ταῦτα
1319 4384 1503 4455 φωνῆς
1531 4383 1750 4455 ἁθρόας

1869 4380 2066 4434 factum
2097 4397 2219 4437 esse
2248 4383 2525 4445 dixerunt,
2558 4383 2683 4438 dein
2716 4397 2968 4452 magnam
2999 4382 3177 4437 audiri
3219 4398 3405 4437 vocem
3433 4400 3452 4438 :

178 4498 198 4532 ι
231 4479 837 4550 Μεταϐαίνομεν(ωμεν)
863 4475 1132 4530 ἐντεῦθεν.
1162 4496 1180 4528 ι

248 4570 433 4625 Ταῦτα
453 4570 508 4624 δὲ
535 4569 674 4623 κατὰ
699 4568 843 4634 λέξιν
867 4570 961 4622 καὶ
981 4569 1067 4622 έτε
1077 4587 1143 4641 ρα
1163 4568 1373 4632 τούτοις
1402 4567 1755 4640 παραπλήσια

170 4664 297 4727 ταῖς
341 4663 605 4733 ἱστορίαις
640 4661 913 4733 παραδοὺς
951 4663 979 4714 6
1023 4659 1283 4730 Ἰώσηπος
1332 4659 1644 4731 συμϐάλοιτ’
1691 4658 1756 4713 ἂν

171 4755 308 4825 ἡμῖν
332 4756 411 4816 εἱς
442 4752 713 4818 ἀπόδειξιν
729 4752 821 4805 τοῦ
850 4750 1073 4822 δυνάμει
1092 4751 1346 4805 λελύσθαι
1380 4768 1439 4804 τε
1466 4751 1561 4804 καὶ
1586 4753 1757 4824 καθῃ-

174 4842 376 4915 ρῆσθαι
407 4842 543 4913 μετὰ
566 4841 628 4894 τὸ
654 4844 917 4911 σωτήριον
948 4840 1117 4905 πάθος
1143 4841 1211 4894 τά
1242 4840 1344 4906 τῆς
1368 4841 1460 4895 τοῦ
1486 4839 1616 4895 λαοῦ
1650 4859 1757 4893 σω-

175 4933 420 5006 ματικῆς
451 4934 725 5005 λατρείας.
763 4930 894 4987 Οἶδα
925 4932 983 4985 δὲ
1013 4934 1108 4986 καὶ
1154 4933 1317 5003 ἄλλην
1357 4933 1436 4996 εἱς
1476 4932 1574 5005 τὴν
1608 4931 1758 4985 ἐϐδο-

174 5025 323 5096 μάδα
350 5026 449 5096 τὴν
476 5045 494 5077 ι
530 5024 928 5097 δυναμὼσασαν
972 5024 1237 5095 διαθήκην
1271 5024 1483 5088 πολλοῖς
1506 5046 1523 5076 ι
1562 5023 1757 5077 ἀποδο-

171 5118 362 5173 θεῖσαν
407 5119 735 5190 ὲρμηνείανο
784 5118 990 5188 ταύτην
1023 5116 1132 5187 γὰρ
1166 5119 1245 5180 είς
1282 5117 1381 5187 τὴν
1428 5120 1485 5170 ὲν
1535 5117 1757 5171 δεκάσιν

172 5209 447 5281 ἑϐδομάδα
478 5210 795 5281 μεταλαϐὼν
820 5215 849 5266 6
880 5212 1036 5280 λόγος
1065 5210 1303 5282 παρίστη
1340 5211 1431 5264 τὸν
1464 5210 1755 5282 σύμπαντα

174 5300 287 5355 τῶν
315 5301 626 5355 ἀποστόλων
655 5302 844 5374 χρόνον
871 5305 952 5366 εἱς
984 5302 1504 5373 ὲϐδομηκονταετίαν
1545 5300 1754 5355 συντεί-

176 5407 314 5455 νειν,
346 5392 405 5444 ἐν
483 5392 544 5445 τὸ
574 5396 839 5464 κήρυγμα
881 5391 982 5464 τῆς
1011 5392 1220 5465 Καινῆς
1255 5391 1529 5464 Διαθὴκης
1570 5391 1753 5447 οὐκέτι

179 5483 282 5550 ἑνὶ,
310 5482 446 5536 ἀλλὰ
481 5482 693 5548 πολλοῖς
724 5482 901 5538 ἔθνεσι
940 5483 1211 5556 κηρυχθὲν
1242 5484 1324 5547 είς
1363 5484 1543 5536 πᾶσαν
1577 5483 1757 5537 ἐνεδυ-

1869 4493 1888 4524 «
1924 4473 2065 4528 Hinc
2088 4473 2443 4545 egrediantur
2470 4473 2571 4548 (l).
2614 4495 2632 4527 ι

1935 4565 2059 4620 Haec
2089 4582 2366 4637 expresse,
2404 4568 2621 4637 aliaque
2665 4565 2753 4621 his
2779 4567 2978 4622 similia
3019 4563 3291 4635 Iosephus
3324 4578 3450 4620 cum

1864 4657 1919 4710 in
1954 4656 2202 4711 historiis
2248 4656 2453 4720 refert,
2500 4657 2787 4710 nobiscum
2852 4655 3069 4710 videtur
3115 4652 3453 4714 consentire,

1863 4748 2368 4803 demonstrantibus
2407 4750 2585 4816 reipsa
2621 4748 2861 4802 solutum
2897 4760 2962 4799 ac
3002 4744 3238 4799 deletum
3283 4742 3456 4798 fuisse

1864 4847 1988 4908 post
2022 4836 2324 4892 Salvatoris
2368 4839 2680 4908 passionem
2730 4850 3056 4907 corporeum
3106 4834 3291 4904 pupuli
3335 4836 3458 4888 cul-

1862 4939 1998 4985 tum.
2028 4929 2287 4984 Novimus
2313 4931 2474 4983 aliam
2510 4944 2729 4999 quoque
2777 4929 2846 4984 de
2887 4926 3230 4982 hebdomade
3264 4943 3283 4976 ι
3321 4939 3455 4978 con-

1864 5023 2145 5077 ﬁrmatura
2181 5034 2397 5092 pactum
2426 5021 2614 5076 multis
2650 5040 2668 5072 ι
2703 5020 2889 5075 datam
2924 5015 3449 5087 interpretationem.

1864 5112 1991 5168 Haec
2021 5116 2165 5168 enim
2197 5113 2560 5176 hebdomade,
2590 5112 2747 5183 quasi
2778 5120 2987 5180 septem
3015 5109 3296 5164 decenniis
3318 5122 3455 5162 con-

1863 5215 2040 5269 stans,
2081 5220 2242 5261 omne
2277 5205 2649 5274 apostolorum
2697 5211 2935 5273 tempus,
2977 5202 3192 5257 scilicet
3234 5208 3455 5269 septuao

1861 5301 2009 5372 ginta
2044 5316 2219 5356 annos
2247 5302 2491 5356 indicare
2528 5300 2826 5364 videretur,
2858 5300 3060 5370 quibus
3090 5296 3223 5353 Novi
3254 5296 3450 5353 Testa-

1861 5392 2027 5446 tuenti
2076 5392 2392 5462 praedicatio
2443 5392 2629 5446 habita
2679 5398 2784 5456 est,
2836 5391 2980 5462 quod
3030 5405 3138 5444 non
3190 5389 3303 5452 uni,
3355 5389 3448 5444 sed

1865 5484 2051 5539 multis
2083 5485 2467 5538 annuntiatum
2494 5484 2749 5555 gentibus
2780 5499 2874 5553 per
2900 5482 3214 5537 universam
3246 5489 3448 5535 terram

200 5652 207 5661 '
252 5640 297 5672 "’
339 5638 484 5698 Psal.
523 5656 661 5705 xm,
699 5642 767 5707 2,
800 5642 853 5698 ὅ.
931 5641 977 5673 ³⁸
1015 5639 1149 5696 Dan.
1183 5656 1273 5702 rx,
1303 5639 1393 5695 26.
1473 5639 1517 5672 ³³
1555 5639 1675 5694 Aet.
1713 5654 1765 5706 l,
1794 5639 1848 5695 '5.
1926 5639 1971 5672 δ’
2012 5637 2149 5695 Dan.
2183 5654 2274 5704 Ix,
2308 5638 2398 5694 27.
2476 5639 2518 5670 δ’
2568 5637 2757 5693 Matth.
2795 5651 2979 5700 xxv",
3013 5636 3101 5691 5i.

256 5779 335 5849 (l)
365 5778 588 5850 Joseph.
625 5780 697 5838 De
726 5781 857 5837 bello
887 5780 1043 5849 Jud.,
1079 5796 1153 5850 rt,
1188 5781 1242 5847 5,
1280 5779 1332 5832 3.
