3856 6226
416 322 552 382 “9|

1128 322 1398 380 EUSEBII
1431 321 1919 381 ειεεΑιιιεΝδιε
1954 321 2007 381 Ol

2150 323 2355 382 PARS.
2396 325 2487 382 Ill.
2527 357 2603 370 —
2638 325 3057 384 EXEGETICA.

414 445 798 501 conﬁrmatum
829 449 935 499 est.
985 441 1199 498 Etenim
1244 442 1496 500 historiis
1532 452 1681 514 patet
1717 442 2007 513 Joannem,

2120 447 2345 519 ναμώθη
2378 449 2480 520 τήν
2501 448 2847 519 οἰκουμένην.
2883 449 2997 501 Kal.
3030 446 3141 520 γὰρ
3187 443 3285 501 οὖν
3312 448 3381 501 ὲκ
3424 447 3544 501 τῶν
3570 449 3713 503 ἱστο-

413 536 621 595 Christi
666 537 1020 606 discipulum,
1055 545 1181 607 post
1224 546 1459 593 mortem
1511 537 1750 605 Domini,
1784 551 2012 610 septua-

413 630 566 701 ginta
612 631 771 685 annis
809 631 1162 701 superstitem
1198 630 1426 696 vixisse,
1475 631 1689 686 scilicet
1723 646 1902 703 usque
1942 631 2012 686 ad

413 723 639 796 Traiani
663 742 927 798 regnum;
955 726 1223 797 juxtaque
1266 726 1411 781 hanc
1455 726 1787 782 sententiam
1834 728 2012 781 mani-

414 816 615 874 festum
641 827 727 873 est
760 821 939 873 media
968 818 1072 873 hac
1105 818 1499 874 decenuiorum
1548 819 1891 878 hebdomade
1915 822 2007 877 de-

413 909 613 966 fecisse
637 910 872 965 hostiam
913 918 967 965 et
999 912 1354 978 sacriﬁcium,
1385 919 1549 981 atque
1584 929 1604 963 ι
1643 912 2014 968 abominatio-

412 1018 537 1059 nem
564 1002 925 1059 desolationis
961 1022 980 1055 ι
1017 1004 1073 1058 in
1116 1003 1239 1059 loco
1270 1012 1468 1061 sancto
1499 1005 1801 1061 exstitisse.
1844 1005 2013 1060 Nam-

410 1113 519 1168 que
557 1111 586 1150 a
635 1095 939 1152 Salvatoris
986 1097 1167 1153 nostri
1199 1097 1609 1152 resurrectione
1653 1097 1722 1151 ad
1762 1098 2012 1152 ultimam

413 1190 518 1244 sub
557 1187 894 1259 Vespasiano
949 1192 1412 1262 oppugnationem
1464 1191 1639 1261 elapsi
1697 1200 1827 1245 sunt
1881 1192 2011 1245 anni

413 1282 657 1352 quinque
719 1290 773 1336 et
824 1283 1090 1352 triginta;
1146 1284 1347 1354 quibus
1400 1290 1680 1339 constaret
1740 1282 2013 1353 praedicta:

414 1372 774 1428 hebdomadis
819 1373 1126 1429 dimidium.
1170 1376 1387 1430 Etenim
1436 1376 1673 1432 ﬂammis
1720 1383 1775 1430 et
1824 1384 2011 1430 vasta-

410 1464 562 1519 tione
608 1466 829 1535 penitus
879 1465 1059 1522 dcleto
1109 1476 1292 1523 vetere
1339 1484 1500 1523 sacro
1534 1480 1835 1540 sanctoque
1875 1477 2012 1523 tem-

410 1555 502 1625 plo
542 1555 655 1612 haec
706 1558 1045 1612 hebdomada
1093 1571 1475 1616 consummata
1503 1570 1609 1618 est.
1643 1561 1824 1632 Atque
1851 1562 2004 1625 illud,

417 1664 437 1697 ι
476 1646 700 1703 Deﬁciet
745 1648 925 1705 hostia
965 1658 1019 1705 et
1068 1653 1423 1715 sacriﬁcium,
1455 1663 1511 1709 et
1543 1654 1647 1709 erit
1697 1655 1752 1709 in
1804 1655 2008 1724 templo

412 1738 748 1794 ahominatio
803 1741 1163 1799 desolationis
1193 1745 1268 1796 "3
1304 1762 1481 1816 usque
1533 1747 1599 1802 ad
1659 1762 2010 1803 consumma-

2117 540 2250 613 ριῶν
2274 541 2550 596 δείκνυται
2582 541 2834 611 Ἰωάννης
2859 543 2889 594 ὁ
2910 540 3007 594 τοῦ
3049 540 3259 612 Κυρίου
3290 539 3550 611 μαθητὴς
3577 542 3717 611 μετά

2110 634 2212 706 τὴν
2231 632 2498 704 ἀνάληψιν
2521 632 2688 687 αὐτοῦ
2717 632 2894 686 ἐτεσιν
2924 633 3171 695 ἐπιϐιοὺς
3187 639 3229 685 d
3243 648 3259 662 °
3286 631 3453 703 μέχρι
3483 631 3600 703 γὰρ
3619 631 3716 701 τῆς

2112 725 2387 798 Τραϊανοῦ
2437 725 2593 794 λόγος
2626 725 2741 796 ἔχει
2793 728 3131 797 παραμεῖναι
3176 725 3341 777 αὑτὸν
3390 723 3714 795 βασιλείας·

2112 819 2257 873 κατά
2285 835 2346 872 τε
2371 818 2578 889 ταύτην
2609 818 2710 889 τήν
2760 817 3014 888 διήγησιν
3046 816 3313 889 πρόδηλον
3336 817 3496 880 ὅπως
3547 819 3612 870 ἐν
3641 815 3716 886 τῷ

2110 910 2303 981 ἡμίσει
2327 908 2534 980 ταύτης
2562 908 2665 979 τῆς
2697 910 2757 961 ὲν
2792 909 3014 963 δεκάσιν
3050 908 3346 976 ὲόἰομάδος
3366 907 3516 983 ἤρθη
3551 907 3716 961 θυσία

2111 1005 2208 1057 καὶ
2235 1002 2469 1073 σπονδὴ,
2504 1003 2602 1055 καὶ
2646 1001 2708 1054 τὸ
2745 1001 3037 1071 λεγόμενον
3065 1021 3084 1052 ι
3124 999 3403 1071 βδέλυγμα
3440 1004 3550 1071 τῆς
3584 1003 3715 1072 ἐρη-

2115 1092 2344 1166 μώσεως
2366 1113 2385 1145 ι
2420 1093 2550 1165 ἔστη
2579 1096 2638 1147 ὲν
2669 1093 2822 1164 τόπῳ
2848 1092 3010 1163 ἁγίῳ.
3041 1092 3124 1146 Ta
3160 1092 3294 1161 γοῦν
3329 1093 3443 1145 ἀπὸ
3482 1093 3590 1163 τῆς
3620 1091 3716 1146 τοῦ

2111 1187 2369 1258 Σωτῆρος
2401 1186 2560 1258 ήμῶν
2602 1188 2956 1250 ἀναστάσεως
3010 1186 3105 1239 ἐπὶ
3135 1190 3236 1257 τὴν
3277 1187 3527 1259 ὑστάτην
3569 1187 3716 1241 κατά

2112 1279 2525 1333 Οὐεσπασιανὸν
2554 1279 2871 1352 πολιορκίαν
2890 1283 2968 1344 εἰς
2991 1281 3088 1353 έτη
3112 1282 3272 1336 πέντε
3290 1285 3386 1336 καὶ
3406 1284 3712 1355 τριάκοντα

2112 1372 2407 1425 συντείνει·
2432 1371 2577 1443 ἀπερ
2598 1370 2666 1424 ἂν
2682 1372 2893 1441 γένοιτο
2909 1372 3010 1442 τῆς
3030 1372 3388 1444 ἀποδοθείσης
3410 1374 3714 1445 ἑϐδομάδος

2109 1465 2174 1518 τὸ
2201 1466 2405 1536 ἥμισυ·
2451 1465 2541 1518 ὅτε
2575 1465 2673 1519 καὶ
2715 1464 2955 1535 παντελῆ
2992 1466 3094 1537 τὴν
3132 1465 3222 1519 διὰ
3275 1466 3452 1536 πυρὸς
3503 1465 3711 1536 φθορὰν

2110 1557 2207 1609 καὶ
2239 1556 2602 1627 κατασκαφὴν
2631 1556 2726 1609 τοῦ
2767 1555 2935 1610 πάλαι
2968 1557 3115 1628 ίεροῦ
3150 1558 3246 1610 καὶ
3276 1558 3437 1625 ἀγίου
3474 1558 3588 1611 νεὼ
3616 1575 3713 1611 πε-

2112 1648 2372 1712 πονθότος
2395 1649 2821 1719 ὲπισφράγισμα
2844 1647 3034 1719 εἴληφε
3053 1664 3069 1679 ⁸
3104 1650 3198 1702 καὶ
3224 1648 3308 1711 τὸ,
3332 1668 3353 1699 ι
3377 1648 3711 1720 ’Δρθήσεται

2112 1740 2274 1794 θυσία
2313 1741 2410 1794 καί
2451 1741 2652 1812 σπονδὴ
2678 1784 2692 1806 ,
2735 1744 2832 1795 καὶ
2880 1743 2971 1794 ἐπὶ
2996 1743 3059 1795 τὸ
3108 1742 3249 1815 ἱερὸν
3273 1742 3559 1813 βδέλυγμα
3602 1742 3713 1795 τῶν

411 1833 616 1889 tionem
646 1836 771 1890 vita
810 1852 1232 1907 permansurum
1284 1838 1525 1894 ostendit
1579 1839 1885 1911 Scriptura,
1922 1840 2006 1896 his

2120 1832 2449 1905 ὲρημώσεων
2472 1851 2485 1863 ·
2520 1853 2539 1885 ι
2588 1806 2725 1906 ὅπερ
2756 1853 2776 1883 ι
2802 1833 3077 1904 βδέλυγμα
3119 1806 3515 1905 ἐρημῶσεωςο
3550 1834 3711 1905 μέχρι

411 1926 613 1982 additis
647 1945 661 1982 :
695 1947 714 1980 ι
750 1928 817 1983 Et
851 1944 1025 1998 usque
1071 1928 1140 1983 ad
1164 1932 1693 1987 consummationem
1741 1942 1798 1987 et
1843 1931 2005 1986 ﬁnem

412 2022 784 2091 perseverabit
811 2023 1101 2079 desolatio.
1131 2041 1150 2075 ι

486 2109 601 2165 Hoc
638 2111 878 2167 breviter
900 2113 1176 2184 exposito,
1211 2122 1464 2184 superest
1490 2120 1548 2167 ut
1584 2111 1741 2167 Isaiae
1772 2112 2008 2183 prouinc-

410 2199 519 2254 tias
550 2202 959 2271 aggrediamur,
993 2203 1085 2273 qui
1117 2204 1269 2259 solus
1307 2219 1374 2257 ex
1420 2203 1571 2257 omni
1619 2214 1801 2259 vetere
1855 2202 2006 2257 Scri-

412 2300 573 2363 ptura
606 2294 764 2349 nobis
785 2295 1147 2350 elucidandus
1177 2295 1530 2366 relinquitur.

2117 1926 2428 1990 συντελείας
2462 1926 2579 1997 βίου
2606 1930 2945 1998 παραμεῖναι
2968 1925 3119 1998 δηλοῖ
3140 1926 3202 1978 τὸ
3222 1925 3428 1994 λόγιον,
3459 1925 3675 1996 φάσκον
3691 1942 3709 1958 ·

2117 2037 2134 2069 ι
2176 2019 2286 2071 Καὶ
2340 2018 2446 2082 ἕως
2493 2019 2806 2081 συντελείας
2855 2018 3049 2089 καιροῦ
3096 2018 3382 2071 συντέλεια
3415 2017 3710 2090 δοθήσεται

2111 2109 2207 2162 ἐπὶ
2239 2108 2338 2181 τὴν
2370 2110 2672 2183 ἐρήμωσιν.
2698 2129 2718 2161 ι

2190 2198 2353 2254 ’Άλλά
2365 2200 2537 2255 ταῦτα
2565 2202 2665 2272 μὲν
2689 2203 3092 2273 ὲπιτεμόμενοι,
3122 2202 3222 2272 τὴν
3241 2201 3506 2273 διήγησιν
3527 2216 3710 2273 παρα-

2107 2292 2433 2363 τεθείμεθα·
2504 2291 2626 2363 ὥρα
2689 2291 2747 2346 δὲ
2801 2293 2902 2364 ήδη
2968 2293 3247 2363 μετελθεῖν
3299 2294 3392 2346 καὶ
3452 2294 3554 2346 ἐπὶ
3614 2291 3708 2347 τὸν

428 2383 690 2438 Ἡσαΐαν·
729 2384 788 2447 ὃς
820 2386 979 2455 μόνος
1019 2385 1127 2438 ano
1160 2385 1346 2456 πάσης
1388 2385 1491 2454 τῆς
1536 2383 1774 2449 παλαιᾶς
1821 2385 1954 2456 ήμῖν
1984 2372 2393 2457 περιλέλειπται
2421 2383 2666 2455 Γραφῆς.

672 2748 1034 2838 LIBER
1125 2746 1724 2851 QUARTUS.

1035 3010 1130 3066 EX
1169 3006 1375 3064 ISAIA.

481 3128 841 3202 Propheticas
861 3125 929 3182 de
944 3125 1085 3182 lsaia
1106 3122 1359 3193 Eclogas,
1375 3134 1497 3191 quae
1513 3117 1645 3174 solae
1665 3115 1827 3172 nobis
1842 3130 2001 3188 expo-
2027 3159 2070 3218 Ο

2641 2746 3009 2833 ΛΟΓΟΣ
3052 2744 3162 2832 Δν.

2763 2991 3043 3063 ΗΣΑῙοΥ.

2175 3120 2289 3186 Τὰς
2316 3119 2423 3175 ἀπὸ
2457 3120 2565 3175 τῶν
2601 3120 2823 3175 Ἡσαΐου
2852 3117 3200 3192 προφητικὼς
3246 3114 3521 3184 Ἐκλογὰς
3546 3114 3711 3185 μόνας

412 3228 607 3285 nenda:
636 3235 953 3298 supersunt,
977 3221 1289 3284 tractaturi,
1330 3232 1521 3273 eorum
1557 3216 1732 3288 gratia
1760 3214 2002 3286 quiprov

2120 3215 2236 3286 ’λμῖν
2269 3213 2563 3276 λειπούσας
2593 3212 2995 3266 ἀπανθίσασθαι
3028 3208 3390 3282 πειρώμενοι,
3411 3211 3555 3275 προς
3586 3206 3709 3268 τοὺς

417 3320 623 3392 phetiis
660 3317 819 3373 [idem
852 3330 960 3370 non
992 3314 1272 3376 adhibent,
1311 3325 1485 3383 pauca
1513 3310 1580 3363 ad
1606 3309 2000 3379 prophetarum

412 3413 769 3468 veracitatem
808 3405 1295 3464 demonstrandam
1344 3402 1721 3474 praefabimur.
1756 3398 2000 3453 Primum

413 3502 634 3574 quidem
659 3501 728 3557 iis
752 3499 846 3572 qui
881 3506 1007 3552 ante
1044 3511 1147 3551 nos
1176 3495 1421 3557 fuerunt,
1454 3503 1666 3547 rectum
1704 3499 2003 3561 aptumque

412 3597 771 3653 instituemus
834 3598 1242 3663 argumentum.
1299 3586 1534 3642 Pulchre
1592 3587 1738 3639 enim
1795 3582 2002 3637 dixisse

412 3690 548 3747 mihi
598 3688 870 3749 videntur,
915 3683 1194 3755 quomodo
1242 3681 1448 3754 Moysis
1483 3680 1585 3751 legi
1634 3677 1870 3735 subditis
1916 3676 2001 3730 lex

410 3781 532 3851 ipsa
577 3786 827 3843 testetur,
876 3773 1025 3846 quod
1060 3781 1275 3845 gentes,
1319 3785 1553 3842 quarum
1606 3769 1662 3823 in
1703 3768 1882 3822 medio
1918 3765 2002 3819 vi-

409 3880 563 3936 vcnt,
587 3890 607 3922 ι
630 3885 869 3942 augures
886 3875 941 3923 et
975 3866 1193 3921 divinos
1227 3863 1469 3917 audient.
1518 3858 1601 3915 Tu
1651 3870 1856 3925 autem,
1901 3858 1999 3922 ait,

412 3978 441 4019 ε
496 3961 730 4017 Domino
787 3958 897 4014 Deo
931 3967 1026 4011 tuo
1060 3955 1347 4012 institutus
1380 3969 1440 4009 es
1458 3952 1559 4006 ⁸³.»
1583 3950 1656 4006 lis
1683 3953 1848 4007 etiam
1875 3965 1999 4005 cum

413 4054 701 4112 interdixit
734 4052 957 4107 divinus
992 4063 1176 4104 sermo
1209 4046 1454 4118 auguriis
1485 4044 1745 4114 omnique
1768 4058 1865 4113 per
1892 4042 2001 4097 dat-

410 4160 639 4203 monum
679 4141 973 4197 artiﬁcium
1004 4137 1366 4201 divinatione,
1407 4135 1584 4191 dixit:
1613 4151 1632 4184 ι
1669 4131 2000 4202 Prophetam

412 4236 480 4291 de
508 4246 669 4308 gente
698 4241 793 4288 tua
818 4244 874 4289 et
901 4234 968 4288 de
1001 4231 1265 4286 fratribus
1297 4228 1408 4283 tuis
1439 4225 1731 4282 suscitabit
1761 4224 1859 4278 tibi
1895 4223 2002 4277 Do-

412 4314 598 4383 minus
631 4325 777 4382 Deus
804 4334 933 4381 tuus
956 4322 1025 4379 “.
1062 4342 1080 4376 ι
1102 4321 1236 4389 Quae
1268 4321 1437 4392 igitur
1469 4320 1538 4375 iis
1571 4317 1916 4381 annuntiata,
1953 4316 2001 4371 si

412 4436 526 4475 non
576 4426 774 4475 eventu
819 4418 1047 4489 probata
1095 4414 1352 4481 fuissent,
1394 4428 1497 4468 nec
1540 4411 1685 4482 apud
1731 4426 1826 4465 eos
1877 4424 2002 4465 sur-

2103 3305 2350 3368 ἀπίστως
2369 3322 2438 3359 πε
2445 3305 2500 3375 pi
2524 3305 2622 3369 τὰς
2643 3305 2984 3378 προφητείας
3002 3301 3383 3371 διακειμένους
3397 3299 3567 3366 ὀλίγα
3586 3313 3709 3371 προ-

2101 3397 2479 3469 διαληψόμεθα
2508 3398 2589 3461 είς
2616 3397 2961 3469 παράστασιν
2984 3394 3088 3464 τῆς
3116 3393 3227 3447 τῶν
3248 3390 3560 3461 προφητῶν
3588 3388 3708 3459 ἀλη-

2103 3483 2277 3547 θείας.
2315 3486 2426 3538 Kal.
2455 3484 2519 3556 δὴ
2550 3483 2768 3556 πρῶτον
2798 3482 2979 3546 καλῶς
3009 3483 3105 3537 καὶ
3132 3484 3246 3544 τοῖς
3278 3481 3392 3550 πρὸ
3424 3478 3591 3550 ήμῶν
3618 3495 3708 3532 τε·

2101 3591 2243 3647 τηρη
2252 3575 2411 3646 μένον
2435 3576 2826 3648 παραθήσομαι
2845 3574 3127 3644 λογισμόν.
3171 3568 3245 3627 Εὖ
3265 3571 3403 3640 γοῦν
3423 3570 3706 3643 εἰρηκέναι

2105 3685 2197 3738 μοι
2219 3667 2484 3733 δοκοῦσιν,
2511 3670 2587 3731 ὡς
2606 3667 2715 3741 ἄρα
2737 3669 2850 3732 τοῖς
2873 3668 2979 3721 ὑπὸ
2998 3667 3092 3720 τὸν
3115 3665 3399 3729 Μωῦσέως
3422 3666 3595 3735 νόμον
3614 3663 3704 3718 αὖ·

2103 3760 2194 3825 τὸς
2224 3762 2254 3814 ὁ
2278 3761 2443 3831 νόμος
2462 3760 2919 3833 διαμαρτύρεται,
2952 3761 3035 3813 ὅτι
3060 3758 3125 3831 δὴ
3150 3760 3220 3812 τά
3244 3758 3375 3828 ἔθνη
3397 3751 3479 3811 ὧν
3500 3756 3706 3830 μεταξῦ

2104 3853 2513 3908 πολιτεύσονται
2545 3873 2565 3905 ι
2594 3853 2870 3925 κληδόνων
2905 3854 3001 3906 καὶ
3034 3851 3308 3923 μαντειῶν
3333 3849 3703 3903 ἀκούσονται·

2104 3948 2189 4000 σοὶ
2205 3947 2284 4011 δὲ,
2313 3966 2330 3998 ι
2356 3947 2542 4018 φησὶν,
2572 3966 2590 3997 ι
2611 3947 2711 4017 οὐχ
2725 3944 2899 4010 οὕτως
2919 3944 3089 3998 ἔδωκε
3105 3943 3311 4015 Κύριος
3328 3945 3359 3995 ό
3373 3941 3515 4005 Θεός
3538 3958 3655 3995 σου.
3679 3959 3700 3991 ι

2101 4042 2215 4095 Καὶ
2242 4039 2322 4093 ἔτι
2350 4057 2415 4109 γε
2447 4039 2649 4111 είργων
2675 4039 2876 4102 αὐτοὺς
2901 4039 2930 4092 ὁ
2964 4038 3110 4101 θεῖος
3148 4036 3308 4107 λόγος
3335 4035 3403 4089 εκ
3431 4052 3496 4088 τε
3524 4037 3705 4088 οἰωνι-

2105 4133 2294 4203 στικῆς
2311 4132 2405 4185 καὶ
2426 4129 2607 4201 πάσης
2620 4130 2720 4202 τῆς
2737 4128 2825 4182 διὰ
2838 4128 3107 4199 δαιμόνων
3122 4127 3419 4199 περιέργου
3442 4128 3706 4199 μαντείας

2103 4223 2353 4295 ἐπιφέρει
2373 4262 2388 4285 ,
2443 4221 2619 4291 λέγων
2639 4237 2654 4251 ·
2694 4239 2713 4271 ι
2739 4220 3035 4292 Προφήτην
3068 4219 3135 4273 ὲκ
3165 4218 3275 4273 τῶν
3307 4216 3566 4289 ἀδελφῶν
3610 4234 3704 4271 σου

2101 4316 2397 4387 ἀναστήσει
2431 4331 2513 4368 σοι
2543 4313 2745 4387 Κύριος
2773 4314 2802 4366 ό
2831 4312 2966 4377 Θεός
3011 4304 3161 4367 σουλ»
3195 4306 3326 4382 Ἆρ’
3356 4305 3457 4364 οὖν
3497 4309 3705 4363 τούτων

2102 4408 2286 4470 αὐτοῖς
2313 4405 2844 4479 ἀναγεγραμμένων,
2872 4404 2947 4476 μὴ
2974 4403 3121 4475 ἔργῳ
3143 4402 3203 4456 δὲ
3228 4402 3572 4473 γενομένων,
3604 4418 3705 4473 μη-

413 4468 1470 4583 ἷέιξῖεζέιξῖῥῖοἶτιιῖεἶῷλέγῖξῖπζυιιέψίά
1503 4468 1607 4577 Ιοέί
1642 4504 1800 4559 ﬁdem
1847 4503 2006 4558 adhi-

2120 4499 2163 4553 Ξὲ
2191 4468 2473 4571 παρόντων
2495 4468 2681 4562 αύτοίς
2700 4468 2994 4571 προφητῶν
3267 4468 3505 4549 δύνατον
3525 4468 3704 4566 ἧνάύ-

412 4605 543 4662 bere
565 4606 893 4678 potuissent,
927 4605 1009 4659 vel
1031 4603 1360 4657 annuntiato
1381 4603 1570 4667 verba,
1603 4614 1710 4656 tam
1742 4612 2003 4672 expresse

415 4706 470 4753 et
499 4696 790 4753 manifeste
822 4696 1113 4752 mendaci?
1140 4693 1355 4761 Nonne,
1389 4699 1511 4765 ipsa
1542 4694 1726 4750 indole
1758 4694 1826 4748 ad
1861 4692 2004 4747 futu-

415 4803 604 4845 rorum
635 4789 920 4845 scientiam
951 4801 1245 4859 propensa,
1287 4788 1344 4841 in
1376 4788 1724 4857 propriorum
1755 4786 2004 4841 oraculo«

415 4899 542 4941 rum
591 4890 964 4953 contemptum
1014 4879 1306 4951 perducti,
1357 4880 1559 4950 quibus
1609 4879 1745 4932 nihil
1788 4893 1999 4941 verum,

416 4974 556 5032 nihil
587 4974 837 5028 divinum
880 4972 1107 5032 inesset,
1144 4971 1314 5026 nullis
1363 4969 1728 5024 subeuntibus
1774 4968 2003 5038 prophe-

418 5068 510 5130 tis,
543 5074 740 5137 sponte
774 5065 842 5118 ad
875 5064 1120 5136 gentium
1153 5073 1208 5117 et
1242 5062 1496 5117 vaticinia
1527 5072 1581 5116 et
1612 5062 1835 5115 oracula
1865 5074 2001 5114 con-

418 5157 731 5229 fugissent?
767 5155 973 5211 Verum
1010 5155 1270 5210 videntur
1292 5169 1402 5211 non
1436 5151 1817 5208 tantummodo
1852 5149 2003 5223 Moy-

421 5265 559 5313 sem,
603 5249 699 5305 sed
738 5257 793 5306 et
830 5250 1033 5303 multos
1067 5248 1163 5318 qui
1212 5254 1339 5318 post
1384 5262 1511 5303 eum
1566 5244 1817 5300 suscitati
1851 5250 2001 5309 sunt,

420 5339 581 5411 quasi
626 5338 716 5392 Dei
748 5337 1042 5408 prOphetas
1071 5326 1385 5408 agnovisse,
1421 5334 1646 5390 nonnisi
1669 5333 1892 5388 insitam
1923 5332 2004 5386 eis

421 5432 764 5488 divinitatem
800 5430 1030 5501 experti.
1073 5430 1176 5495 Qui
1198 5428 1419 5500 quidem
1451 5430 1532 5483 eis
1563 5442 1673 5482 non
1693 5436 1909 5481 tantum
1939 5422 2007 5478 de

2102 4592 2230 4656 τοὺς
2264 4590 2543 4644 πιστεύειν
2574 4589 2654 4661 τῷ
2687 4590 2872 4660 νόμῳ,
2906 4587 3006 4641 καὶ
3043 4585 3124 4658 τῷ
3155 4584 3329 4640 ταῦτα
3360 4585 3703 4656 ἐπαγγειλα-

2108 4685 2254 4758 μένῳ
2278 4684 2422 4756 λόγῳ
2453 4682 2595 4738 οὕτω
2624 4680 2917 4756 προφανῶς
2957 4680 3053 4734 καὶ
3082 4679 3334 4750 ἐναργῶς
3357 4677 3702 4750 ψευδομένῳς

2104 4778 2138 4849 ἢ
2170 4778 2328 4849 δῆλον
2368 4778 2452 4831 ὅτι
2496 4776 2588 4830 ὑπ’
2618 4775 2788 4846 αὐτῆς
2816 4774 2917 4845 τῆς
2951 4774 3080 4845 περὶ
3104 4774 3206 4842 τὴν
3244 4772 3570 4845 πρόγνωσιν
3597 4772 3705 4825 τῶν

2103 4869 2379 4941 ἐσομένων
2408 4868 2648 4941 λιχνείας
2677 4866 2933 4937 ἀγόμενοι
2954 4865 3371 4936 κατεφρόνησαν
3392 4864 3507 4918 τῶν
3535 4864 3702 4924 ἰδίων,

2104 4964 2181 5027 ὼς
2213 4958 2366 5016 οὐδὲν
2396 4959 2597 5033 ἀληθὲς
2626 4960 2857 5032 ἑχόντων
2884 4960 3007 5014 οὐδὲ
3033 4959 3204 5020 θεῖον,
3237 4957 3328 5010 διὰ
3358 4956 3427 5010 τὺ
3458 4955 3540 5029 μὴ
3572 4951 3707 5009 εἶναι

2110 5054 2238 5129 παρ’
2264 5055 2447 5118 αὐτοῖς
2470 5056 2775 5126 προφήτας,
2797 5053 3085 5125 αὐτόμολοι
3106 5051 3161 5104 δὲ
3184 5050 3280 5103 ἐπὶ
3304 5049 3374 5103 τὰ
3401 5050 3518 5103 τῶν
3540 5049 3706 5102 ἐθνῶν

2113 5147 2338 5219 μαντεῖα
2364 5162 2424 5198 τε
2454 5145 2549 5198 καὶ
2574 5144 2883 5216 χρηστήρια
2909 5140 3216 5214 μετῄεσαν;
3257 5138 3425 5192 Ἀλλά
3451 5138 3569 5212 γὰρ
3597 5137 3706 5208 eai-

2099 5254 2280 5292 νονται
2311 5236 2371 5291 οὐ
2395 5235 2552 5308 μόνον
2572 5234 2832 5297 Μωῦσέα,
2857 5231 2991 5285 ἀλλά
3022 5230 3116 5284 καὶ
3147 5229 3368 5292 πλείους
3399 5228 3525 5299 μετ’
3550 5227 3705 5281 αὑτὸν

2103 5331 2179 5395 ὡς
2202 5329 2338 5384 Θεοῦ
2369 5328 2655 5400 προφήτας
2689 5322 3067 5396 προσιέμενοι,
3107 5322 3212 5375 οὐκ
3233 5319 3418 5383 ἄλλως
3438 5320 3606 5391 δῆλον
3628 5320 3706 5373 ὅτι

2104 5423 2139 5495 ἢ
2173 5420 2252 5493 τῷ
2281 5422 2475 5492 πεῖραν
2502 5419 2602 5490 τῆς
2632 5419 2691 5471 ἐν
2715 5418 2900 5479 αὐτοῖς
2925 5413 3203 5486 θειότητος
3242 5412 3539 5483 εἰληφέναι
3557 5429 3573 5444 ·
3601 5412 3705 5466 οἶδε

424 5522 591 5578 rebus
643 5536 766 5592 quae
828 5520 1215 5575 remotissimis
1276 5520 1595 5589 ultimisque
1665 5515 2007 5587 temporibus

2120 5514 2218 5586 γὰρ
2250 5512 2434 5576 αὐτοῖς
2466 5512 2528 5565 οὐ
2563 5509 2723 5583 μόνον
2754 5508 2884 5580 περὶ
2914 5505 3023 5559 τῶν
3055 5506 3286 5577 μακροῖς
3320 5505 3559 5577 ὕστερον
3585 5502 3706 5592 χρότ

422 5613 639 5677 ﬁerent,
661 5589 1156 5681 prophetaverunt,
1198 5613 1295 5669 sed
1341 5613 1509 5669 etiam
1537 5611 1606 5669 de
1645 5609 2007 5681 praesentibus

2120 5623 2221 5672 mc;
2251 5604 2551 5678 μελλόντων
2582 5599 2800 5656 ἔσεσθαι
2831 5595 3254 5671 προὺθέσπιζον,
3281 5593 3428 5652 ἀλλά
3452 5595 3553 5652 καὶ
3581 5589 3706 5666 περί

498 5767 545 5799 δ’
585 5765 722 5821 Dan.
755 5781 846 5832 ιι,
876 5764 967 5817 27.
1044 5770 1089 5803 ’⁸³
1128 5736 1285 5822 Deut.
1317 5782 1452 5822 xvm
1475 5804 1491 5835 ,
1526 5764 1613 5821 Ν.
1695 5763 1741 5798 ⁵⁸
1783 5762 1915 5821 ibid.
1952 5761 2039 5820 15.
