3814 6220
143 350 278 404 1195

1172 353 1466 412 ΕΟιοοΕ
1504 357 1990 417 PROPHETICJE.
2021 393 2092 403 —
2129 365 2257 420 LIB.
2289 367 2379 421 IV.

3266 366 3401 424 “9-5

135 485 297 522 τινων
324 469 630 542 προχείρων
656 472 752 527 καὶ
780 469 1052 544 βιωτικῶν
1081 473 1382 546 προῦλεγον
1403 493 1418 508 ·
1457 471 1568 530 οἷον
1596 494 1693 550 περ

1827 486 1882 534 et
1941 479 2139 535 coae‘vis
2191 481 2594 552 praedixerunt;
2644 484 2790 541 sicut
2837 486 2904 542 de
2941 486 3170 559 perditis
3208 487 3407 549 asinis.

133 559 270 616 ὄνων
297 563 670 631 ἀπολωλυιῶν,
703 567 797 618 καὶ
823 567 950 637 περὶ
982 567 1280 620 νοσούντων
1305 568 1640 638 ἐπισφαλῶς,
1678 572 1724 623 εί

132 652 481 725 βιώσονταιῆ
522 657 618 728 μὴ,
650 658 743 710 καὶ
774 659 902 729 περὶ
931 659 1233 730 μελλούσης
1265 661 1484 715 ἔσεσθαι
1515 661 1594 732 τῷ
1613 661 1726 732 λαῷ

130 746 412 818 εὐθηνίας,
446 751 540 803 καὶ
567 752 690 822 περὶ
719 752 893 806 ἀλλων
928 754 1156 824 μυρίων,
1186 753 1222 806 ἃ
1244 755 1366 816 ταῖς
1385 755 1502 807 κατ’
1529 755 1725 818 αὐτοὺς

129 840 404 910 ἱστορίαις
444 843 777 912 ἐμφέρεται’
813 844 958 916 ἅπερ
983 848 1030 898 εἱ
1067 846 1140 916 μὴ
1173 846 1362 900 τοῦτον
1394 847 1608 916 γεγόνει
1634 847 1724 901 τὸν

124 931 355 1002 τρόπον,
385 933 768 1006 ἀποκρινέσθω
798 955 902 999 τις,
933 937 1040 989 τίνι
1071 938 1271 1006 δήποτε
1299 934 1391 991 οὖν
1419 938 1560 1008 λόγῳ
1591 956 1723 1010 προ-

124 1025 304 1094 φήτας
343 1025 576 1095 ήγοῦντό
619 1044 678 1079 τε
715 1028 810 1080 καὶ
840 1029 1146 1081 ἀπεκάλουν
1172 1063 1186 1091 ,
1236 1029 1268 1100 ἢ
1301 1030 1387 1083 διὰ
1423 1031 1474 1084 τί
1504 1033 1724 1102 γραφῆς

121 1116 251 1178 τοὺς
281 1116 479 1184 λόγους
515 1118 694 1172 αὐτῶν
728 1119 949 1187 ἡξίουν;
984 1121 1080 1184 Τίς
1105 1121 1148 1174 δ’
1178 1123 1210 1192 ἡ
1251 1123 1400 1176 αἰτία
1440 1123 1506 1177 δι’
1532 1125 1599 1194 ἢν
1629 1126 1722 1178 καὶ

121 1208 238 1269 τοῖς
266 1208 568 1278 μετέπειτα
600 1210 786 1263 παισὶν
813 1210 1043 1274 ἑαυτῶν,
1069 1211 1145 1274 ὠς
1169 1212 1235 1265 ἂν
1257 1213 1321 1284 δὴ
1349 1213 1516 1278 θείας,
1541 1215 1722 1269 αὐτῶν

118 1298 218 1364 τὰς
252 1300 477 1372 γραφὰς
508 1303 900 1372 παρεδίδοσαν;
933 1305 1114 1377 Μηδὲν
1141 1306 1252 1377 γάρ
1294 1324 1345 1360 τι
1393 1307 1534 1361 θεῖον
1587 1309 1720 1379 μηδὲ

119 1390 433 1460 παράδοξον
465 1392 524 1444 ἐν
555 1396 670 1455 τοῖς
697 1394 955 1464 ἀνδράσιν
988 1396 1305 1466 ἑωρακότας
1334 1397 1458 1467 είκῆ
1488 1400 1580 1451 καὶ
1611 1399 1716 1468 μά-

116 1498 220 1553 την
247 1483 464 1537 οἴεσθαι
494 1486 624 1554 περὶ
661 1486 840 1540 αὐτῶν
880 1487 1103 1540 τοιαῦτα
1128 1488 1480 1559 διειληφέναι,
1502 1490 1717 1543 πάντων

116 1577 273 1631 ἐστὶν
301 1576 731 1631 ἀπιθανώτατον.
757 1580 819 1630 Εἰ
839 1580 882 1632 δ’
905 1580 1208 1651 ἀναδράμοι
1229 1597 1313 1644 τις
1337 1583 1430 1635 ἐπὶ
1451 1583 1577 1646 τοὺς
1595 1583 1716 1636 τότε

115 1671 352 1743 χρόνους
383 1671 449 1740 τῇ
471 1669 697 1742 διανοίᾳ,
735 1671 787 1723 τί
819 1672 928 1743 ἄρα
957 1674 1314 1744 ἐπινοήσειεν,
1349 1675 1490 1746 ὁρῶν
1516 1675 1714 1746 ἄνδρας

114 1761 418 1831 ἀγροίκους
447 1761 540 1812 καὶ
580 1759 639 1812 τὸ
679 1761 864 1832 σχῆμα
893 1761 1107 1825 λιτοὺς,
1139 1763 1395 1828 αἰπόλους
1433 1765 1584 1828 τινὰς
1622 1767 1714 1818 καὶ

1828 569 1899 625 de
1945 572 2186 642 graviter
2231 577 2644 646 aegrotantibus,
2704 583 2890 633 utrum
2931 579 3405 643 convalescerent,

1826 676 2021 728 necne,
2053 663 2120 718 de
2138 665 2307 721 rebus
2334 668 2535 736 populo
2556 668 2790 725 feliciter
2815 672 3079 736 cessuris,
3103 673 3398 745 multisque

1827 754 1969 818 aliis,
1995 771 2116 826 qua!
2145 757 2200 811 in
2242 773 2434 813 eorum
2467 761 2712 818 historiis
2754 765 2996 833 reperire
3027 773 3112 821 est
3139 788 3149 822 :
3175 766 3320 836 quod
3354 768 3398 822 si

1824 861 1933 900 non
1955 847 2026 901 ita
2045 863 2104 903 se
2125 849 2464 919 habuissent,
2495 854 2628 908 mihi
2644 855 3030 926 respondeant,
3053 858 3141 912 cui
3159 873 3401 929 unquam
3426 892 3433 899 -

1827 936 1996 1007 igitur
2055 941 2224 996 verbo
2284 943 2578 1012 prophetas
2624 947 2977 1017 agnovissent
3026 950 3395 1005 vocavissent-

1823 1045 1951 1100 que,
1988 1033 2075 1085 vel
2107 1049 2208 1086 cur
2234 1049 2427 1089 eorum
2458 1037 2624 1091 verba
2659 1040 2880 1108 scriptis
2911 1042 3178 1096 servanda
3209 1057 3401 1096 curas-

1823 1123 1980 1176 sent?
2023 1123 2389 1189 Quamobrem
2429 1129 2736 1196 posteritati
2788 1146 2902 1186 suae
2944 1133 3146 1202 scripta
3182 1147 3398 1198 eorum,

1821 1212 1976 1281 quasi
2025 1214 2209 1268 divina
2268 1217 2661 1273 tradidissent?
2703 1219 2856 1275 Haud
2898 1223 3198 1293 quidquam
3252 1225 3400 1278 enim

1821 1305 2013 1370 divini,
2043 1308 2127 1362 vel
2160 1310 2406 1378 praeclari
2456 1309 2510 1364 in
2556 1311 2677 1366 istis
2711 1313 2844 1368 viris
2890 1315 3284 1385 perspicientes
3318 1323 3398 1370 te-

1820 1412 1969 1451 mere
2001 1412 2065 1451 ac
2095 1399 2502 1456 inconsiderate
2542 1403 2610 1455 de
2641 1403 2776 1472 ipsis
2807 1405 2937 1458 talia
2971 1407 3248 1475 accepisse
3285 1408 3399 1475 opia

1819 1487 1962 1546 nari,
2003 1488 2421 1546 stolidissimum
2474 1500 2640 1548 esset.
2712 1492 2768 1549 Si
2830 1495 2956 1564 quis
3011 1497 3128 1550 haec
3173 1497 3395 1566 antiqua

1817 1584 2000 1631 mente
2027 1586 2350 1647 percenseat
2385 1587 2654 1650 tempora,
2683 1581 2813 1650 quid
2844 1583 3200 1646 existimabit,
3228 1582 3396 1638 rustia

1818 1682 1914 1722 eos
1937 1668 2132 1724 videns
2177 1669 2449 1734 homines,
2489 1671 2714 1740 ignobili
2744 1673 2956 1737 habitu,
2988 1673 3257 1728 hubuleos
3288 1674 3398 1728 sci-

1817 1760 1942 1815 licet
1989 1769 2373 1831 pastoresque,
2414 1763 2468 1816 in
2509 1765 2690 1819 medio
2715 1766 2884 1820 totius
2917 1765 3095 1836 gentis
3121 1766 3396 1835 prodeun-

115 1853 410 1922 ποιμένας,
437 1855 516 1916 είς
541 1854 704 1924 μέσον
734 1856 935 1919 παντὸς
953 1855 1046 1908 τοῦ
1070 1856 1253 1920 ἔθνους
1282 1859 1596 1927 παριόντας,
1619 1861 1693 1912 κα

1818 1861 1922 1918 tes,
1969 1856 2131 1924 quasi
2185 1854 2280 1910 Dei
2326 1855 2550 1910 nomine
2579 1843 2830 1926 quaedam
2879 1859 3158 1922 docentes,
3211 1859 3394 1913 excla-

112 1946 192 2008 ὼς
213 1947 281 1999 ἐκ
307 1945 598 2016 προσώπου
629 1945 723 1999 τοῦ
756 1947 890 2000 Θεοῦ
927 1954 1048 2002 τινα
1081 1949 1355 2017 λέγοντας.
1399 1949 1490 2004 καὶ
1523 1969 1540 2001 ‹
1576 1952 1714 2004 Τάδε

111 2035 266 2105 λέγει
299 2035 525 2106 Κύριος,
558 2056 576 2087 ι
615 2037 1062 2108 ἀναδοωμένους,
1111 2041 1204 2093 ἐπί
1238 2057 1296 2093 τε
1330 2041 1592 2110 βασιλέων
1622 2044 1715 2096 καὶ

110 2127 328 2190 παντὸς
369 2127 463 2178 τοῦ
493 2127 621 2204 λαοῦ
659 2128 795 2198 μετά
831 2132 1257 2202 παραστήματος
1289 2133 1711 2205 ἀκαταπλήκτου

108 2217 590 2300 δημηγοροῦντας,
623 2221 716 2272 καὶ
748 2219 940 2287 σοφίαν
971 2220 1112 2292 ὑπὲρ
1141 2221 1423 2295 ἄνθρωπον
1453 2225 1715 2280 ἐνδεικνυ-

113 2317 336 2386 μένους,
368 2318 468 2387 τὴν
497 2320 591 2371 καὶ
619 2317 787 2371 εἰσέτι
809 2317 903 2371 νῦν
926 2321 984 2372 ἐν
1003 2321 1124 2382 ταῖς
1149 2318 1507 2390 προφητείαις
1533 2317 1712 2372 αὐτῶν

110 2408 451 2479 φερομένην,
491 2411 658 2482 μυρία
691 2429 749 2464 τε
783 2412 920 2465 ἀλλα
945 2411 1012 2464 δι’
1039 2411 1379 2480 αἰνιγμάτων
1411 2410 1506 2463 καὶ
1536 2426 1713 2481 παρα-

109 2499 292 2552 6ολῶν
319 2501 604 2572 ἀπόρρητα
627 2503 1070 2572 φιλοσοφοῦντας,
1097 2501 1294 2573 ἠθικήν
1318 2519 1377 2555 τε
1403 2502 1496 2554 καὶ
1515 2501 1712 2573 δογμα-

107 2593 275 2665 τικὴν
298 2597 365 2665 τῇ
407 2596 674 2667 Ἑϐραίων
708 2601 858 2668 φωνῇ
893 2595 1242 2650 διδασκαλίαν
1274 2595 1353 2667 τῷ
1382 2595 1497 2666 λαῷ
1529 2613 1708 2666 παρα-

108 2683 392 2749 διδόντας,
441 2687 536 2740 καὶ
573 2688 710 2758 πρὸς
751 2690 844 2742 ἐπὶ
883 2689 1095 2752 τούτοις
1125 2687 1216 2741 τὸν
1249 2686 1363 2757 βίον
1392 2690 1504 2752 τοῖς
1530 2687 1710 2758 λόγοις

108 2775 299 2828 αὐτῶν
318 2778 651 2848 κατάλληλον
675 2779 1133 2850 ἐνδεικνυμένους,
1153 2780 1372 2843 καὶτοῖς
1393 2780 1559 2832 πᾶσιν
1583 2781 1710 2833 ἀκο-

109 2868 399 2933 λακεύτως
426 2871 783 2942 ὁμιλοῦντας,
815 2873 892 2936 είς
927 2873 1218 2945 πρόσωπόν
1248 2889 1308 2925 τε
1342 2873 1467 2936 τοὺς
1493 2872 1710 2936 ἀσεϐεῖς

107 2959 512 3030 διελέγχοντας,
539 2961 614 3026 ὡς
645 2964 738 3016 καὶ
768 2962 1212 3017 ἐπιϐουλεύεσθαι
1247 2964 1382 3036 πρὸς
1409 2963 1586 3018 αὐτῶν
1613 2965 1709 3034 μέ-

107 3070 208 3122 χρι
235 3051 488 3117 θάνατον,
523 3055 792 3125 ῥωμαλέῳ
824 3057 920 3109 καὶ
951 3055 1184 3126 γεννικῷ
1213 3057 1603 3127 παραστήματι
1628 3055 1707 3126 τῷ

105 3143 310 3214 ἀληθεῖ
323 3143 464 3214 λόγῳ
483 3145 922 3216 παρισταμένους
943 3163 955 3176 ·
975 3145 1151 3200 ταῦτά
1162 3163 1247 3210 τις
1262 3148 1343 3210 είς
1359 3147 1484 3199 νοῦν
1505 3145 1707 3214 εὐγνω-
1735 3183 1780 3244 C

108 3235 299 3305 μόνως
331 3236 577 3308 θέμενος,
625 3237 744 3300 πῶς
775 3238 875 3291 οὐκ
903 3238 969 3292 ἂν
1000 3239 1353 3310 ὁμολογήσειε
1386 3238 1527 3292 κατὰ
1559 3237 1708 3291 θείαν

106 3326 193 3390 ὡς
217 3327 436 3396 ἀληθῶς
465 3329 750 3383 ἐπίπνοιαν
778 3329 953 3384 ταῦτα
975 3330 1153 3382 πάντα
1175 3347 1242 3383 πε
1252 3320 1305 3400 pi.
1331 3329 1527 3391 αὐτοὺς
1549 3345 1710 3398 γεγο-

107 3415 266 3469 νέναι
289 3433 302 3480 ;
325 3416 416 3470 Διὸ
435 3418 530 3470 καὶ
545 3418 667 3471 τότε
689 3418 1064 3490 θαυμάζεσθαι
1084 3420 1283 3482 αὐτοὺς
1304 3415 1449 3482 εἰκὸς
1465 3413 1534 3489 ἦν
1557 3415 1710 3489 παρὰ

105 3510 231 3572 τοῖς
282 3509 516 3582 ἕμφροσι
535 3550 550 3574 ,
600 3509 697 3565 καὶ
737 3514 864 3575 τοὺς
893 3498 1085 3580 λόγους
1117 3511 1297 3565 αὐτῶν
1326 3509 1708 3582 ἀναγράπτους

109 3600 273 3671 παρά
311 3604 424 3664 τοῖς
468 3603 977 3674 ἱερογραμματεῦσι
1012 3602 1374 3672 φυλάττεσθαι
1400 3644 1416 3666 ,
1445 3601 1615 3655 είσέτι
1649 3619 1708 3655 τε

109 3688 214 3742 νῦν
249 3690 381 3762 παρ’
411 3690 520 3762 ὅλῳ
548 3691 626 3762 τῷ
655 3691 798 3746 ἔθνει
834 3694 1121 3764 προφήτας
1147 3693 1426 3761 γεγονέναι
1447 3692 1540 3746 τοῦ
1571 3691 1706 3746 Θεοῦ

110 3781 490 3836 πιστεύεσθαιο
511 3782 540 3836 ὃ
567 3783 662 3836 καὶ
682 3785 1054 3854 ἐναργέστατα
1073 3786 1304 3856 μάλιστα
1326 3783 1647 3854 παρίστησιν
1673 3786 1706 3854 ὴ

109 3871 363 3942 ἡμετέρα
389 3873 516 3945 περί¹
544 3872 638 3926 τοῦ
665 3873 901 3946 Χριστοῦ
918 3873 1199 3944 διάληψις,
1228 3873 1348 3927 καθ’
1375 3872 1441 3943 ἢν
1495 3869 1711 3924 ἀποδεί-

108 3981 325 4036 κνυμεν
361 3968 542 4021 πᾶσαν
572 3965 671 4038 τὴν
709 3970 828 4021 κατ’
862 3967 1025 4022 αὐτὸν
1061 3965 1372 4037 οἰκονομίαν
1417 3962 1713 4033 γεγενημέ-

1817 1953 2158 2016 mantesque,
2191 1965 2209 1997 ι
2252 1947 2374 2002 llaec
2407 1947 2540 2003 dicit
2584 1947 2866 2013 Dominus,
2898 1969 2917 2002 ι
2950 1966 3133 2004 coram
3173 1950 3394 2020 regibus

1817 2053 1881 2092 ac
1919 2039 2069 2092 omni
2101 2039 2301 2109 pepulo
2336 2039 2596 2096 audacter
2619 2056 2683 2096 ac
2711 2042 2881 2098 libere
2907 2043 3072 2098 verba
3105 2041 3390 2106 facientes,

1816 2131 2141 2200 sapientiam
2203 2131 2440 2186 humana
2495 2133 2761 2203 majorem
2821 2135 3211 2197 ostendentes,
3271 2151 3392 2204 quae

1814 2237 1964 2276 nunc
2009 2223 2190 2277 adhuc
2227 2224 2285 2278 in
2324 2240 2517 2280 eorum
2561 2227 2866 2296 prephetiis
2900 2229 3061 2298 viget,
3110 2229 3390 2282 innumera

1813 2330 1911 2386 per
1945 2316 2236 2385 parabolas
2267 2323 2432 2386 atque
2464 2318 2754 2388 aenigmata
2785 2322 3043 2390 mysteria
3073 2321 3387 2384 edocentcs,

1813 2405 2078 2460 moralem
2109 2414 2164 2461 et
2200 2405 2570 2477 dogmaticam
2616 2407 2969 2464 Hebraeorum
3013 2410 3195 2480 lingua
3225 2410 3391 2466 disci-

1812 2495 2018 2565 plinam
2071 2497 2273 2565 populo
2326 2497 2638 2563 tradentes,
2696 2499 2862 2553 vitam
2921 2515 3047 2554 cum
3105 2502 3390 2570 praeceptis

1813 2588 1930 2643 suis
1953 2602 2251 2658 congruam
2279 2586 2560 2656 degentes,
2594 2603 2782 2643 coram
2806 2591 3061 2644 omnibus
3103 2592 3224 2646 sine
3253 2592 3390 2646 adué

1812 2680 2014 2735 latione
2034 2687 2410 2744 conversato's,
2434 2680 2632 2751 impios
2649 2682 2826 2750 palam
2855 2682 3233 2753 objurgantes,
3265 2684 3387 2753 ipso

1810 2770 2004 2825 mortis
2052 2770 2297 2840 periculo
2342 2778 2676 2840 contempto,
2723 2785 2790 2825 ac
2835 2771 3072 2841 denique
3104 2772 3388 2828 veritatem

1809 2861 1954 2915 virili
2004 2875 2382 2932 generosaque
2430 2859 2786 2916 defendentes
2843 2863 3092 2917 audacia.
3147 2861 3280 2929 Quae
3339 2865 3388 2920 si

1810 2954 1934 3024 quis
1958 2953 2140 3008 animo
2168 2954 2458 3024 dillgenter
2483 2959 2716 3023 reputet,
2743 2970 2854 3008 non
2885 2956 3086 3025 poterit
3115 2971 3224 3010 non
3251 2969 3388 3011 con-

1810 3045 1952 3102 ﬁteri
1997 3062 2066 3102 ex
2117 3045 2204 3102 his
2243 3045 2500 3100 omnibus
2548 3046 2686 3100 tales
2732 3047 2880 3102 Viros
2927 3047 3109 3102 divina
3147 3048 3384 3118 quadam

1811 3137 2171 3210 inspiratione
2213 3153 2335 3194 esse
2375 3136 2606 3194 amatos.
2659 3137 2892 3209 Ideoque
2939 3149 3070 3194 tunc
3106 3155 3203 3195 eos
3243 3140 3386 3195 inter

1810 3230 2248 3300 sapientissimos
2307 3243 2521 3298 aequum
2563 3239 2681 3283 erat
2735 3230 3036 3291 admirari,
3087 3246 3387 3302 eorumque

1806 3323 1973 3377 verba
2019 3323 2191 3376 sacris
2239 3336 2569 3376 conservare
2611 3318 2934 3392 Scripturis,
2997 3338 3092 3379 eos
3150 3322 3386 3394 denique

1807 3429 1983 3484 usque
2011 3429 2160 3468 nunc
2199 3414 2343 3484 apud
2374 3429 2566 3471 omnes
2603 3423 2794 3485 gentes
2837 3416 2986 3470 velut
3025 3416 3118 3471 Dei
3151 3418 3388 3488 prophes-

1805 3512 1893 3561 tas
1923 3502 2094 3560 credi.
2129 3505 2286 3572 Quod
2315 3514 2368 3560 et
2398 3506 2850 3563 manifestissime
2882 3508 3168 3564 confirmat
3195 3518 3385 3565 nostra

1807 3597 1875 3652 de
1895 3596 2121 3653 Christo
2152 3598 2479 3667 disputatio.
2513 3614 2622 3668 qua
2665 3599 3166 3657 demonstravimus
3197 3604 3381 3656 omnia

1807 3703 1928 3758 quae
1960 3687 2284 3744 acciderunt
2329 3688 2404 3753 ei,
2434 3703 2649 3743 omnem
2690 3689 2810 3757 ejus
2855 3690 3223 3760 disciplinam,
3255 3707 3372 3762 gen-

1805 3782 2054 3850 tiumque
2093 3780 2164 3834 ab
2207 3794 2274 3834 eo
2307 3779 2507 3834 factam
2550 3781 2916 3841 vocationem,
2944 3796 3204 3850 expresse
3242 3789 3384 3850 prae-

1808 3871 2080 3932 nuntiata,
2129 3868 2426 3938 multisque
2461 3876 2589 3922 ante
2638 3869 2799 3923 annis
2839 3869 2907 3923 ab
2951 3869 3073 3926 istis
3119 3869 3380 3926 divinitus

1809 3960 2003 4015 amatis
2031 3960 2164 4014 viris
2193 3959 2455 4028 praedicta
2499 3957 2691 4014 fuisse.
2719 3957 2962 4026 Quorum
2994 3975 3181 4016 saeros
3214 3961 3382 4016 libros

109 4071 248 4125 νην,
284 4057 353 4111 τά
375 4073 434 4110 τε
468 4058 597 4130 περὶ
622 4059 722 4130 τῆς
748 4058 1098 4123 διδασκαλίας
1129 4056 1294 4111 αὐτοῦ
1319 4097 1334 4121 ,
1383 4056 1474 4110 καὶ
1505 4056 1602 4126 τῆς
1642 4053 1693 4120 ἐξ

1811 4052 1970 4108 Iudaei
2019 4051 2229 4120 majore
2275 4051 2424 4121 digni
2477 4050 2584 4106 ﬁde
2632 4065 2796 4120 quam
2846 4067 2946 4107 nos
2989 4060 3196 4118 essent,
3227 4055 3383 4122 juSto

110 4149 378 4203 ἁπάντων
396 4149 564 4204 ἐθνῶν
587 4151 886 4223 γενομένης
906 4153 973 4206 δι’
1000 4149 1166 4204 αὑτοῦ
1191 4146 1703 4221 κλήσεως,ἀκρι6ῶς

111 4239 497 4310 προεγνῶσθαί
529 4259 590 4295 τε
618 4244 712 4296 καὶ
740 4243 847 4316 πρὸ
879 4243 1087 4315 μυρίων
1116 4245 1256 4297 ὅσων
1295 4239 1432 4294 ἐτῶν
1471 4241 1583 4301 τοῖς
1616 4237 1706 4290 θε-

112 4332 364 4398 σπεσίοις
395 4334 626 4399 ἐκείνοις
649 4336 874 4408 ἀνδράσι
901 4335 1288 4408 προειρῆσθαι·
1321 4326 1396 4387 ὧν
1428 4331 1526 4394 τὰς
1554 4329 1705 4400 ίεράς

1801 4160 1866 4200 ac
1917 4142 2217 4199 venerabili
2261 4142 2470 4196 honore
2512 4151 2924 4213 prosequentes.
2983 4143 3080 4201 His
3127 4145 3294 4215 igitur
3349 4161 3380 4199 a

1800 4235 1962 4291 nobis
2013 4249 2124 4288 non
2163 4233 2281 4288 sine
2327 4233 2564 4288 utilitate
2595 4235 2881 4304 expositis,
2932 4235 3002 4290 ad
3040 4237 3382 4307 propositum

1800 4323 2183 4380 revertendum
2208 4329 2313 4377 est.
3305 4375 3309 4378 .

111 4425 335 4496 βίϐλους
377 4427 617 4482 Ἰουδαῖοι
646 4428 846 4500 μᾶλλον
872 4429 938 4485 ἂν
963 4428 1119 4499 ἡμῶν
1175 4423 1283 4481 εἶεν
1341 4423 1769 4492 ἀξιοπιστότεροι
1811 4416 1949 4488 μετά
1992 4415 2172 4483 πάσης
2231 4411 2529 4485 σεϐασμίου
2575 4415 2738 4485 τιμῆς
2787 4414 3136 4487 περιέποντὰς
3182 4433 3240 4470 τε
3287 4417 3385 4476 καὶ

111 4524 503 4596 προφέροντες.
556 4525 773 4580 Τούτων
801 4527 932 4598 ἡμῖν
961 4525 1248 4597 χρησίμως
1275 4511 1798 4595 προδιαληφθέντων,
1817 4513 1908 4565 ἐπὶ
1933 4510 2032 4580 τὴν
2062 4507 2317 4562 ὑπόθεσιν
2341 4508 2605 4561 ὀδευτέον.

649 4649 947 4702 ΚΕΦΑΛΑΙ
955 4649 1045 4701 ΟΝ
1083 4648 1162 4700 A'.

644 4741 738 4794 Ἐκ
771 4741 877 4793 τοῦ
916 4739 1182 4795 Ἡσαΐου.
1429 4809 1434 4816 ι
1640 4812 1642 4814 ν

200 4847 222 4885 ι
264 4831 323 4884 ’0
356 4831 512 4900 λόγος
547 4833 578 4885 ὁ
609 4833 900 4902 γενόμενος
921 4822 1058 4903 πρδς
1096 4829 1320 4885 Ἡσαΐαν
1364 4825 1478 4882 υίὸν
1515 4823 1696 4896 Ἀμὼς

113 4924 251 4996 περὶ
285 4925 384 4995 τῆς
423 4923 681 4988 Ἰουδαίας
713 4925 806 4978 καὶ¹
833 4925 958 4994 περὶ
991 4922 1362 4993 Ἰερουσαλήμ.
1387 4921 1510 4973 ’Ότι
1541 4918 1696 4970 ἔσται

114 5019 178 5072 ἐν
201 5016 323 5080 ταῖς
368 5016 622 5088 ἐσχάταις
653 5017 886 5088 ἡμέραις
917 5017 1157 5086 ἐμφανὲς
1195 5015 1258 5069 τὸ
1287 5014 1414 5086 ὅρος
1451 5012 1656 5084 Κυρίου
1678 5053 1692 5077 ,

114 5107 215 5164 καὶ
239 5109 270 5162 ό
297 5103 444 5170 οῐκος
463 5107 560 5160 τοῦ
583 5105 718 5161 Θεοῦ
749 5110 834 5161 ἐπ’
866 5109 1052 5179 ἄκρων
1083 5107 1190 5161 τῶν
1215 5103 1408 5178 ὀρέων,
1427 5107 1523 5160 καὶ
1545 5105 1692 5173 ὑψω-

116 5197 344 5269 θήσεται
371 5198 626 5268 ὑπεράνω
659 5197 766 5250 τῶν
801 5195 1026 5268 βουνῶν,
1053 5197 1146 5249 καὶ
1172 5195 1390 5265 ἥξουσιν
1427 5195 1515 5246 ἐπ’
1548 5191 1696 5260 αὑτῷ

118 5291 300 5346 πάντα
329 5291 401 5344 τά
427 5290 576 5361 ἔθνη.
625 5291 734 5344 Καὶ
779 5287 1133 5361 πορεύσονται
1188 5286 1316 5356 ἔθνη
1364 5283 1555 5349 πολλὰ,
1605 5285 1698 5338 καὶ

118 5383 328 5456 ἐροῦσι·
363 5382 548 5444 Δεῦτε,
569 5383 662 5436 καὶ
686 5381 974 5453 ἀναδῶμεν
1008 5383 1087 5444 είς
1107 5377 1168 5433 τὸ
1195 5379 1319 5450 ὅρος
1343 5378 1573 5447 Κυρίου,
1601 5376 1696 5429 καὶ

120 5476 198 5540 είς
223 5474 316 5527 τὸν
357 5469 505 5527 οἶκον
531 5472 626 5527 τοῦ
673 5471 808 5526 Θεοῦ
847 5471 1059 5536 Ἰακὼ6,
1106 5471 1199 5524 καὶ
1231 5468 1516 5538 ἀναγγελεί
1565 5467 1696 5538 ἡμῖν

123 5567 217 5636 τὴν
251 5566 366 5620 ὁδὸν
391 5565 576 5630 αὐτοῦ,
621 5567 714 5619 καὶ
756 5561 1132 5636 πορευσόμεθα
1177 5563 1236 5615 ἐν
1278 5563 1412 5632 αὐτῇ
1439 5579 1452 5591 ·
1489 5561 1552 5612 ἐκ
1585 5561 1693 5630 γὰρ

124 5655 259 5710 ειὼν
287 5656 626 5722 ἐξελεύσεται
659 5658 842 5726 νόμος,
873 5656 968 5708 καὶ
987 5655 1143 5723 λόγος
1174 5651 1379 5723 Κυρίου
1408 5649 1468 5714 ἐξ
1491 5649 1692 5720 Ἰερου-

125 5749 304 5820 ςαλήμ
322 5767 336 5779 ο
368 5749 462 5802 καὶ
491 5751 667 5819 κρινεῖ
695 5747 800 5802 ἀνά
834 5747 995 5818 μέσον
1015 5746 1122 5799 τῶν
1149 5744 1339 5808 ἐθνῶν,
1363 5745 1457 5798 καὶ
1481 5741 1688 5811 ἐλέγξει

125 5841 247 5894 λαὸν
286 5839 482 5894 πολύν·
534 5840 629 5894 καὶ
677 5839 1008 5907 συγκόψουσι
1055 5837 1152 5902 τὰς
1194 5837 1466 5909 μαχαίρας
1509 5835 1687 5889 αὐτῶν

423 5933 616 5991 ΡΔΤΒ.
650 5929 766 5989 Gn.
810 5927 1014 5988 XXII.

2433 4626 2663 4682 CAPUT
2701 4628 2742 4682 Ι.

2447 4719 2533 4774 Ea:
2561 4720 2714 4775 Isaia
2724 4766 2732 4774 ,

1878 4838 1896 4872 ι
1936 4817 2174 4874 Verbum
2205 4815 2351 4886 quod
2397 4815 2534 4870 vidit
2585 4815 2780 4882 Isaias,
2817 4815 2962 4871 filius
2993 4805 3182 4880 Amos,
3215 4831 3382 4887 super

1800 4911 1939 4968 Juda
1983 4917 2038 4965 et
2077 4909 2404 4965 Jerusalem.
2438 4908 2504 4962 Et
2547 4907 2652 4961 erit
2709 4908 2766 4961 in
2816 4907 3137 4964 novissimis
3185 4907 3380 4964 diebus

1803 5013 2146 5080 praeparatus
2162 5017 2321 5072 mons
2332 5002 2528 5058 domus
2544 5001 2760 5056 Domini
2786 5001 2840 5056 in
2852 5002 3056 5057 vertice
3083 5001 3376 5064 montium,

1802 5109 1857 5155 et
1883 5099 2191 5156 elevabitur
2221 5111 2388 5166 super
2412 5096 2605 5158 colles,
2642 5101 2696 5150 et
2736 5093 2906 5149 liuent
2931 5094 2998 5148 ad
3031 5108 3156 5149 enm
3184 5107 3378 5148 omnes

1803 5200 2012 5265 gentes.
2047 5191 2116 5244 Et
2145 5191 2305 5245 ibunt
2331 5189 2518 5259 populi
2544 5187 2724 5250 multi,
2750 5193 2805 5242 et
2825 5187 3046 5241 dicent:
3083 5184 3296 5244 Venite.
3325 5193 3375 5238 et

1802 5284 2168 5342 ascendamus
2192 5281 2258 5337 ad
2303 5288 2544 5336 montem
2573 5279 2810 5344 Domini,
2843 5288 2898 5335 et
2927 5278 2994 5334 ad
3031 5283 3254 5333 demum
3285 5277 3374 5331 Dei

1797 5376 1990 5441 Jacob,
2012 5383 2067 5432 et
2096 5366 2320 5430 docebit
2344 5389 2447 5430 nos
2471 5374 2590 5429 vias
2619 5388 2772 5437 suas,
2802 5379 2856 5428 et
2889 5371 3294 5426 ambulabimus
3319 5370 3373 5424 in

1799 5468 2012 5526 semitis
2063 5467 2206 5536 ejus.
2250 5467 2391 5533 Quia
2415 5466 2484 5522 de
2511 5465 2642 5522 Sion
2683 5467 2852 5522 exibit
2884 5467 2994 5530 lex,
3042 5473 3096 5520 et
3145 5464 3371 5519 verbum

1799 5560 2015 5617 Domini
2056 5559 2126 5614 de
2163 5558 2488 5615 Jerusalem.
2524 5558 2590 5613 Et
2645 5559 2918 5629 judicabit
2948 5560 3159 5629 gentes,
3185 5566 3240 5612 et
3269 5572 3368 5612 ar-

1793 5666 1922 5727 guet
1952 5655 2184 5726 populos
2217 5656 2421 5709 multos
2467 5674 2481 5710 :
2529 5665 2584 5710 et
2631 5653 2950 5709 conﬂabunt
2983 5650 3196 5722 gladios
3240 5663 3367 5705 suos

1794 5747 1851 5800 in
1879 5758 2150 5809 vomeres,
2183 5749 2238 5800 et
2271 5745 2494 5800 lanceas
2517 5760 2647 5800 suas
2681 5745 2734 5798 in
2766 5744 2933 5800 falces
2964 5761 2976 5797 :
3017 5757 3127 5796 non
3171 5740 3365 5796 levabit

1793 5850 1926 5910 gens
1971 5844 2163 5894 contra
2211 5845 2425 5911 gentem
2481 5837 2747 5908 gladium,
2796 5850 2898 5891 nec
2965 5833 3360 5890 exercebuntu't

2995 5925 3079 5986 38
