3814 6220
410 317 548 373 M05

1069 318 1340 376 EUSEBII
1375 321 1858 379 CASSARIENSIS
1894 323 2046 382 OPP.
2089 323 2274 380 PARS
2314 325 2485 382 lli.-
2522 323 2935 381 EXEGETICA.

3521 327 3653 383 H96

408 439 553 493 ultra
579 439 644 493 ad
687 437 934 508 praelium
960 439 998 492 ¹.
1039 457 1057 490 ι
1106 438 1408 495 Ostendant
1436 443 1616 507 nobis,
1658 445 1750 514 qui
1781 444 1848 500 de
1879 445 1970 499 cir-

2088 447 2167 508 εἰς
2199 445 2426 518 ἄροτρα,
2461 445 2554 498 καὶ
2588 444 2687 507 τάς
2713 443 2935 509 ζιϐύνας
2955 443 3134 497 αὐτῶν
3157 445 3237 507 εἰς
3263 443 3510 515 δρέπαυ.
3528 460 3542 470 ·
3574 444 3662 496 καὶ

407 532 745 587 cumeisione
775 530 1167 602 glorificantur,
1197 549 1446 602 quaenam
1482 543 1535 590 et
1567 538 1710 592 unde
1763 538 1834 593 sit
1895 539 1978 594 lex

407 626 521 690 illa,
544 635 598 680 et
629 627 830 697 quibus
857 627 1034 682 danda
1059 628 1153 692 sit,
1184 643 1308 698 qua:
1337 628 1404 681 de
1440 627 1572 683 Sion
1597 631 1810 684 exitura
1843 646 1984 701 prze-

405 718 629 773 dicitur.
673 737 691 770 ‹
730 717 804 774 De
857 717 990 772 Sion
1019 719 1189 782 enim,
1228 719 1326 784 ait,
1379 721 1550 775 exibit
1595 721 1704 785 lex,
1748 741 1765 772 ι
1802 723 1982 778 diver-

403 823 522 864 sam
557 809 672 865 fore
706 811 774 864 ab
825 811 918 864 illa
963 811 1302 881 significans,
1343 827 1464 882 qua:
1509 829 1604 883 per
1653 814 1892 888 Moysem
1926 817 1980 872 in

403 903 625 958 deserto
679 903 806 958 data
859 912 966 958 est.
1017 903 1292 970 Quidnam
1336 917 1391 961 et
1442 907 1656 962 Domini
1713 908 1978 974 Verbum,

403 992 572 1062 quod,
615 994 772 1063 juxta
824 997 1189 1065 prophetiam,
1246 1013 1356 1051 non
1406 998 1521 1065 jam
1572 1000 1628 1054 in
1675 998 1980 1056 Jerusalem

403 1087 768 1154 permanebit,
807 1087 904 1142 sed
927 1088 995 1142 de
1029 1087 1161 1143 Sion
1192 1105 1544 1160 egressurum
1571 1100 1678 1158 est,
1711 1102 1876 1164 atque
1912 1095 1981 1147 ad

403 1187 590 1249 gentes
610 1191 1108 1252 transgressurum,
1142 1190 1202 1236 ut
1224 1183 1434 1252 judicet
1475 1195 1664 1255 gentes
1691 1194 1745 1241 et
1787 1185 1982 1258 arguat

403 1270 634 1340 populos
694 1273 920 1335 multos,
973 1274 1194 1343 quando
1251 1290 1465 1330 summa
1530 1293 1665 1348 pace
1719 1281 1976 1350 gentibus

403 1361 583 1418 Verbo
629 1363 843 1418 Domini
880 1364 1194 1433 judicandis
1232 1367 1398 1434 facta,
1431 1371 1768 1441 mutatisque
1811 1372 1881 1426 ab
1909 1373 1980 1428 iis

401 1462 495 1528 qili
531 1459 585 1513 in
610 1465 744 1528 paee
775 1459 1064 1516 constituti
1095 1464 1540 1519 eruntbellorum
1571 1465 1976 1529 instrumentis,

405 1561 616 1608 mentes
639 1553 706 1608 ad
744 1555 979 1624 propriae
1004 1552 1199 1608 anima:
1229 1555 1503 1608 culturam
1541 1556 1785 1610 verterit.
1835 1555 1977 1622 Quid

401 1645 468 1699 ad
501 1646 614 1700 haec
647 1645 738 1701 isti
767 1645 983 1714 possint
1023 1645 1356 1714 respondere
1399 1645 1609 1702 nescio.
1648 1645 1817 1701 Nobis
1846 1661 1978 1701 vero

399 1745 548 1792 recte
579 1737 635 1790 in
653 1734 839 1792 Jesum
870 1735 1151 1791 Christum
1179 1736 1270 1792 Dei
1301 1737 1678 1803 credentibus,
1711 1738 1870 1792 facile
1893 1746 1977 1793 est

399 1841 617 1884 omnem
647 1828 943 1898 explanare
985 1829 1352 1899 prophetiam,
1397 1836 1452 1883 et
1481 1845 1607 1884 vere
1635 1830 1875 1884 divinam
1912 1846 1975 1884 ac

2084 540 2144 591 οὐ
2171 539 2400 609 λήψεται
2439 538 2588 599 ἔθνος
2619 539 2705 590 ἐπ’
2741 537 2891 600 ἔθνος
2920 537 3214 609 μάχαιραν,
3245 537 3340 588 καὶ
3364 536 3424 588 οὗ
3459 534 3536 606 μὴ
3565 533 3660 604 μά-

2086 631 2250 684 θωσιν
2279 630 2359 682 ἔτι
2393 629 2667 699 πολεμεῖν.
2695 647 2711 680 ι
2741 627 3116 681 Δεικνύτωσαν
3146 630 3279 698 ἡμῖν
3307 627 3359 679 οἱ
3389 625 3490 696 τὴν
3512 641 3660 694 περι-

2083 721 2256 793 τομὴν
2281 721 2595 791 αὐχοῦντες,
2620 723 2704 783 τίς
2744 723 2773 774 6
2802 720 2966 790 νόμος
2993 720 3088 772 καὶ
3122 719 3387 781 ποταπὸς,
3420 717 3520 770 καὶ
3559 716 3660 768 τίσι

2082 813 2442 884 δοθησόμενος
2462 815 2490 864 ὁ
2516 816 2578 866 ἐκ
2599 813 2737 866 Σιὼν
2759 811 3135 877 ἐξελεύσεσθαι
3157 811 3632 882 προφητευόμενος
3646 827 3657 837 ·

2088 924 2107 956 ι
2159 905 2253 958 Ἐκ
2281 906 2388 977 γὰρ
2424 905 2582 967 Σιὼν,
2624 907 2811 977 φησὶν,
2849 905 3192 971 ἐξελεύσεται
3219 905 3406 973 νόμος,
3433 923 3453 956 ι
3484 903 3663 972 ἕτερος

2081 995 2154 1049 ὢν
2168 997 2322 1067 δῆλον
2347 999 2430 1051 ὅτι
2459 998 2553 1050 τοῦ
2581 1000 2639 1050 ἐν
2665 1001 2728 1068 τῇ
2758 999 2953 1070 ἐρήμῳ
2971 997 3060 1050 διὰ
3083 996 3362 1058 Μωῦσὲως
3392 997 3568 1064 νόμου
3587 994 3665 1046 δε-

2080 1090 2303 1161 δομένου
2323 1109 2336 1123 ·
2373 1091 2458 1154 τίς
2483 1091 2540 1144 δὲ
2566 1093 2661 1144 καὶ
2680 1090 2817 1143 ὁτοῦ
2858 1092 3064 1160 Κυρίου
3095 1089 3275 1157 λόγος,
3306 1086 3512 1159 μηκέτι
3548 1085 3662 1156 μὲν,

2082 1183 2225 1235 κατά
2249 1183 2348 1253 τὴν
2377 1183 2734 1254 προφητείαν,
2762 1181 2939 1252 μένων
2970 1183 3028 1233 ἐν
3055 1178 3432 1252 Ἰερουσαλὴμ,
3468 1177 3584 1230 ἀλλ’
3607 1180 3665 1232 ἐκ

2082 1273 2220 1327 Σιὼν
2246 1275 2437 1344 αὐτῆς,
2489 1276 2585 1328 καὶ
2627 1274 3020 1345 μεθιστάμενος
3061 1273 3154 1326 ἐπὶ
3188 1273 3366 1326 πάντα
3397 1271 3472 1323 τὰ
3518 1269 3662 1340 ἐθνη,

2084 1366 2295 1436 μέλλων
2335 1383 2394 1418 τε
2429 1367 2637 1438 κρίνειν
2669 1366 2774 1420 ἀνά
2807 1367 2970 1437 μέσον
2997 1365 3225 1428 τούτων,
3247 1364 3342 1416 καὶ
3363 1353 3495 1416 λαὸν
3520 1362 3667 1431 ἐλέγ-

2081 1459 2291 1530 χει(ξει)
2328 1459 2526 1522 πολὺν,
2565 1461 2653 1512 ὅτε
2703 1460 2798 1513 καὶ
2844 1459 3066 1530 εἰρήνης
3104 1458 3412 1528 βαθυτάτης
3445 1458 3663 1524 ἐγγενε-

2084 1551 2251 1623 μένης
2274 1554 2387 1614 τοῖς
2416 1552 2552 1623 πρὸς
2566 1551 2660 1604 τοῦ
2690 1552 2868 1619 Λόγου
2895 1551 2991 1604 τοῦ
3017 1551 3222 1622 Κυρίου
3247 1548 3667 1620 κριθησομένοις

2079 1641 2280 1702 ἔθνεσι.
2329 1642 2725 1712 μεταϐαλόντες
2759 1644 2804 1694 oi
2857 1645 2955 1714 τῆς
2996 1643 3220 1714 εἰρήνης
3257 1638 3555 1709 ἠξιωμένοι
3603 1638 3667 1690 τὰ.

2079 1734 2348 1806 πρότερον
2395 1733 2576 1787 αὐτῶν
2619 1734 2894 1805 πολεμικά
2922 1735 3091 1804 σκεύη
3115 1773 3132 1797 ,
3177 1735 3244 1802 τῇ
3275 1731 3497 1784 ἑαυτῶν
3527 1727 3668 1782 κατὰ

2077 1826 2176 1896 τὴν
2212 1825 2392 1896 ψυχὴν
2425 1827 2669 1898 γεωργία
2713 1827 3037 1898 προσέξουσι
3081 1825 3173 1879 τὸν
3220 1825 3366 1878 νοῦν.
3406 1824 3668 1886 Ἐκείνοκ

401 1928 629 1990 prorsus
657 1921 1040 1976 admirandam
1070 1923 1470 1985 demonstrare,
1498 1937 1624 1976 cum
1650 1930 1705 1975 et
1734 1939 1822 1977 res
1839 1939 1970 1992 prae-

2083 1917 2181 1987 μέν
2212 1913 2305 1970 οὖν
2334 1917 2436 1970 οὐκ
2466 1915 2562 1971 οἶδ’
2586 1919 2640 1972 εἴ
2666 1918 2746 1982 τίς
2798 1920 2914 1972 ἐστι
2955 1919 3090 1989 πρὸς
3113 1917 3286 1970 ταῦτα
3316 1918 3476 1985 λόγος
3499 1934 3514 1948 ·
3537 1919 3668 1987 ἡμῖν

399 2013 580 2069 dictas
636 2021 834 2068 eventu
893 2013 1065 2069 fuisse
1101 2014 1492 2084 com-probatas
1555 2013 1973 2080 crediderimus,

399 2120 638 2175 nequea
671 2121 804 2161 vero
850 2107 1127 2169 aberrare,
1186 2106 1599 2176 prOphetiarum
1657 2115 1855 2162 eventu
1918 2109 1974 2163 in

403 2201 614 2252 incerta
644 2205 952 2268 temporum
984 2198 1163 2269 spatia
1198 2197 1485 2268 producto.
1546 2197 1792 2255 Dicimus
1827 2200 1972 2254 enim

401 2288 706 2344 Salvatoris
732 2290 906 2345 nostri
939 2287 1069 2344 Jesu
1100 2288 1306 2344 Christi
1343 2287 1742 2352 incarnatione,
1779 2303 1975 2359 corpo-

397 2382 587 2435 raliter
633 2380 700 2436 de
728 2380 859 2435 Sion
885 2381 1110 2447 exiisse,
1138 2390 1192 2435 et
1220 2378 1350 2434 inde
1385 2379 1642 2434 omnibus
1675 2381 1973 2434 annuntia-

397 2483 508 2528 tam
546 2489 669 2528 esse
702 2473 957 2544 gentibus
1011 2472 1148 2528 Novi
1181 2472 1518 2529 Testamenti
1580 2472 1775 2542 legem,
1827 2472 1976 2526 scili-

395 2573 484 2622 cet
508 2565 663 2637 juxta
693 2565 1071 2637 Evangelium,
1104 2581 1229 2620 cum
1256 2573 1311 2620 et
1347 2565 1526 2634 ipsum
1563 2565 1803 2619 salutare
1832 2563 1967 2619 Ver-

397 2659 552 2723 bum,
591 2656 833 2712 Verbum
881 2657 1095 2712 Domini
1137 2657 1491 2727 appellatum,
1549 2654 1617 2710 de
1667 2655 1972 2711 Jerusalem

396 2749 722 2820 procedens,
747 2749 932 2819 ibique
959 2763 1311 2804 commorans
1341 2748 1586 2814 edocuit,
1613 2747 1774 2815 juxta
1796 2747 1930 2802 illud
1956 2766 1968 2801 :

399 2863 417 2895 ι
468 2841 611 2898 Ecce
633 2843 983 2913 relinquetur
1013 2842 1169 2896 vobis
1197 2841 1393 2896 domus
1422 2850 1606 2895 vestra
1641 2840 1860 2895 deserta
1883 2841 1923 2892 ¹.
1949 2859 1968 2891 υ

391 2965 460 2975 —-
490 2953 511 2987 ι
555 2932 617 2991 In
655 2950 848 2990 omnes
901 2942 1091 3004 gentes
1142 2933 1315 2989 eﬂ‘usa
1348 2941 1433 2989 est
1463 2933 1636 3004 ipsius
1663 2933 1838 3003 gratia
1865 2932 1906 2987 ³.
1948 2952 1966 2984 ι

393 3027 526 3094 Qua
555 3037 608 3083 et
637 3027 707 3083 ab
739 3042 804 3082 eo
829 3027 1108 3097 judicatae,
1137 3025 1485 3096 exprobratis
1521 3025 1800 3096 prioribus
1825 3024 1968 3095 ipsa-

393 3137 514 3175 rum
550 3121 815 3191 peccatis,
853 3130 908 3174 et
936 3118 1004 3173 ad
1033 3118 1438 3175 confessionem
1480 3129 1535 3173 et
1589 3117 1968 3188 pmnitentiam

2077 2025 2141 2077 γε
2179 2009 2286 2080 μὴν
2317 2009 2485 2077 ὑγιῶς
2515 2011 2595 2073 είς
2627 2010 2832 2080 Ἰησοῦν
2865 2011 2959 2066 τὸν
2991 2010 3230 2081 Χριστὸν
3273 2008 3368 2062 τοῦ
3396 2008 3539 2062 Θεοῦ
3571 2026 3670 2061 πει

2078 2102 2396 2159 ruo-cauatth
2421 2102 2617 2173 ῥαδίως
2645 2103 2821 2156 ἔνεστι
2844 2104 3024 2157 πᾶσαν
3055 2102 3373 2173 ἐξομαλίσαι
3399 2102 3504 2173 τῆν
3537 2112 3671 2173 προ-

2077 2193 2326 2264 φητείαν,
2359 2194 2611 2248 θείαν’τε
2641 2196 2717 2258 ὡς
2758 2195 2972 2266 ἀληθῶς
3015 2197 3109 2249 καὶ
3156 2195 3462 2267 παράδοξον
3501 2194 3670 2266 αὐτὴν

2077 2284 2472 2352 ἐπιδεικνύναι,
2503 2286 2580 2358 τῷ
2611 2288 2704 2341 καὶ
2745 2287 2899 2352 τέλος
2925 2288 3219 2360 ἐσχηκέναι
3248 2288 3316 2341 τὰ
3350 2304 3669 2360 προφητευ-

2078 2377 2238 2431 θέντα
2265 2378 2560 2443 πιστεύειν,
2597 2380 2690 2432 καὶ
2720 2379 2795 2450 μὴ
2827 2379 2926 2451 τῆς
2953 2379 3212 2451 ἀληθείας
3238 2379 3560 2444 ἐκπίπτειν,
3592 2381 3672 2442 είς

2077 2471 2510 2541 ἀτερματίστους
2538 2471 3002 2543 ὑπερτιθεμένους
3047 2472 3272 2542 χρόνους
3310 2471 3422 2524 τῶν
3456 2489 3670 2542 προςη-

2076 2561 2238 2614 τειῶν
2273 2562 2342 2615 τὰ
2379 2562 2815 2632 ἀποτελέσματα.
2849 2563 3035 2632 Φαμὲν
3079 2561 3188 2633 γὰρ
3237 2562 3301 2634 δὴ
3342 2563 3438 2614 ἐπὶ
3480 2567 3550 2634 τῇ
3577 2562 3672 2614 τοῦ

2078 2653 2330 2724 Σωτῆρος
2356 2654 2514 2725 ἡμῶν
2555 2653 2729 2725 Ἰησοῦ
2767 2653 3003 2725 Χριστοῦ
3043 2655 3317 2726 παρουσίᾳ.
3349 2656 3446 2708 καὶ
3483 2672 3673 2725 σωμα-

2073 2745 2242 2810 τικῶς
2268 2748 2332 2800 ἐκ
2370 2745 2508 2799 Σιὼν
2537 2747 2939 2817 ἐξεληλυθέναι,
2978 2746 3234 2801 κάκεῖθεν
3270 2748 3441 2800 πᾶσιν
3471 2748 3670 2800 ἀνακεο

2076 2839 2346 2911 κηρύχθαι
2376 2843 2488 2904 τοῖς
2522 2840 2720 2904 ἔθνεσι,
2753 2840 2845 2893 τὸν
2874 2841 3038 2911 νόμον
3069 2840 3171 2909 τῆς
3216 2841 3429 2910 Καινῆς
3474 2841 3670 2910 Διαθή-

2075 2948 2196 3001 κης,
2222 2932 2313 2984 τὸν
2347 2931 2487 2986 κατά
2510 2933 2571 2985 τὸ
2603 2933 2956 3001 Εὑαγγέλιον,
2990 2933 3078 2984 ὅτε
3107 2933 3199 2985 και
3228 2933 3394 2995 αὐτὸς
3426 2935 3456 2985 6
3500 2933 3672 3002 σωτή-

2079 3041 2190 3096 Ριος
2239 3025 2430 3094 Λόγος,
2462 3026 2634 3094 Λόγος
2667 3017 2762 3078 τοῦ
2813 3025 3018 3096 Κυρίου
3058 3025 3442 3096 χρηματίζων,
3477 3027 3544 3077 ἐκ
3576 3027 3670 3095 τῆς

2087 3117 2444 3189 Ἰερουσαλὴμ
2473 3117 2791 3190 προελθὼν,
2851 3117 2980 3171 ἔνθα
3029 3117 3327 3188 διατρίϐων
3391 3116 3671 3177 ἐδίδασκε,

392 3212 799 3283 confugientes,
826 3211 1028 3266 bellum
1064 3211 1332 3267 adversus
1362 3210 1696 3280 cupiditates
1721 3224 1854 3266 suas
1886 3208 1968 3263 fa-

2083 3209 2215 3264 κατὰ
2236 3211 2316 3274 τὸ,
2340 3230 2359 3261 ι
2392 3210 2520 3266 Ἰδοὺ
2569 3211 2786 3280 ἀφίεται
2819 3211 2948 3280 ὑμῖν
2964 3211 2992 3262 6
3024 3208 3172 3274 οίκος
3197 3211 3227 3262 ὑ
3235 3209 3354 3279 μῶν
3381 3208 3596 3280 ἕρημος
3617 3227 3664 3261 οι

393 3319 520 3359 cere
547 3305 823 3368 desinent,
860 3303 915 3357 in
951 3302 1385 3374 profundissima
1425 3303 1621 3357 anima:
1654 3317 1789 3372 pace
1813 3301 1968 3357 dein-

391 3409 521 3466 ceps
551 3393 758 3457 vivent,
802 3393 1005 3446 mentis
1042 3407 1155 3446 suae
1187 3392 1462 3446 culturam
1489 3399 1543 3444 et
1588 3387 1969 3443 fructificatio—

393 3501 516 3542 nem
545 3485 892 3543 solummodo
918 3492 1198 3540 curantes.
1240 3482 1373 3550 Quae
1404 3484 1448 3540 si
1480 3483 1606 3553 quis
1641 3482 1708 3536 ad
1732 3482 1968 3537 litteram

391 3578 646 3650 accipere
667 3577 818 3641 velit,
854 3577 1105 3633 sincerus
1135 3592 1333 3632 sensus
1363 3576 1510 3641 erit;
1561 3575 1648 3630 vel
1678 3575 1726 3629 si
1753 3574 1824 3628 ad
1858 3573 1972 3642 spi-

391 3670 559 3722 ritum
595 3676 830 3736 spectes,
881 3665 1053 3720 multo
1113 3665 1395 3720 intellectu
1446 3664 1682 3719 facilior.
1737 3663 1874 3718 Cum
1915 3672 1971 3717 et

392 3768 524 3814 ante
565 3758 751 3813 omnia
785 3757 1206 3828 praesertimque
1237 3755 1342 3810 hoc
1383 3756 1439 3810 in
1475 3756 1598 3810 loco
1630 3753 1971 3815 credendum

393 3850 468 3905 sit
498 3849 708 3904 exitum
736 3847 1002 3903 habuisse
1027 3862 1150 3918 qua:
1177 3847 1270 3903 hic
1299 3857 1710 3916 memorantur;
1750 3863 1968 3903 verum-

391 3950 576 3997 tamen
607 3941 676 3997 iis
702 3955 824 4012 quae
875 3940 1025 3996 dicta
1055 3948 1209 4006 sunt,
1264 3939 1426 3995 facile
1465 3949 1700 4010 possunt
1742 3940 1969 4009 intelligi

391 4036 569 4105 prima
599 4033 766 4102 hujus
795 4032 902 4087 loci
933 4031 1126 4097 verba,
1171 4050 1190 4083 ‹
1239 4032 1295 4086 in
1328 4031 1652 4087 novissimis
1683 4031 1910 4098 diebus;
1947 4049 1964 4082 ι

389 4127 593 4197 quippe
616 4133 867 4197 apertum
895 4132 980 4180 est
1001 4123 1152 4194 quod
1177 4124 1232 4178 in
1260 4124 1592 4179 saeculorum
1625 4140 1976 4180 consummaa

388 4220 539 4274 tione
566 4215 893 4273 manifestus
911 4216 1088 4273 factus
1117 4228 1200 4271 est
1217 4234 1236 4268 ‹
1259 4231 1418 4272 mons
1441 4235 1458 4268 ι
1480 4217 1747 4286 spiritalis
1772 4237 1790 4268 ι
1815 4215 1931 4279 Dei,
1947 4235 1965 4266 ι

389 4311 445 4366 id
475 4319 582 4374 est,
613 4311 858 4366 divinum
919 4324 985 4364 ac
1030 4309 1260 4365 caeleste
1293 4309 1574 4377 Verbum;
1606 4311 1842 4380 ejusque
1870 4312 1971 4365 do-

389 4419 514 4458 mus
544 4402 793 4459 Ecclesia
821 4403 878 4458 in
916 4403 1287 4473 apostolorum
1320 4410 1374 4458 et
1407 4403 1797 4473 prophetarum
1841 4403 1960 4458 fun-

389 4495 648 4551 damento
692 4493 981 4558 adiﬁcata,
1041 4501 1098 4549 et
1157 4494 1280 4549 ideo
1333 4495 1390 4548 in
1444 4495 1655 4550 vertice
1698 4496 1966 4550 montium

2081 3320 2100 3354 ι
2125 3302 2251 3356 Ἐπὶ
2279 3303 2458 3357 πάντα
2485 3303 2554 3358 τά
2579 3303 2706 3376 ἔθνη
2735 3304 2916 3374 ἐξέχεε
2934 3303 3033 3373 τὴν
3051 3301 3244 3357 ἐαυτοῦ
3275 3303 3440 3373 χάριν
3457 3321 3470 3331 ·
3488 3323 3508 3354 ι
3529 3303 3670 3356 ἃκαὶ

2073 3397 2370 3467 κρινόμενα
2405 3397 2541 3467 πρὸς
2578 3396 2745 3449 αὑτοῦ
2785 3396 2880 3449 καὶ
2931 3395 3264 3465 ἐλεγχόμενα
3309 3395 3404 3446 ἐπί
3459 3411 3522 3447 τε
3553 3396 3668 3457 ταῖς

2073 3488 2367 3560 προτέραις
2427 3488 2634 3542 ἐαυτῶν
2669 3488 2998 3560 ἁμαρτίαις,
3053 3489 3132 3551 είς
3176 3485 3538 3558 συναίσθησιν
3579 3489 3674 3540 καὶ

2076 3580 2362 3649 μετάνοιαν
2421 3579 2726 3652 ἐρχόμενα,
2774 3579 3051 3632 πέπαυται
3106 3579 3206 3651 μὲν
3261 3578 3364 3632 τοῦ·
3406 3579 3668 3650 πολέμοις

2071 3673 2183 3737 τοῖς
2217 3672 2358 3725 κατὰ
2385 3673 2455 3726 τά
2496 3671 2643 3744 πάθη
2688 3670 3010 3743 σχολάζειν,
3051 3672 3110 3724 ἐν
3148 3672 3340 3743 εἰρήνῃ
3385 3672 3445 3724 δὲ
3493 3672 3671 3742 ψυχῆς

2069 3762 2242 3832 διάγει
2273 3762 2567 3835 βαθυτάτῃ,
2603 3764 2701 3834 τῆς
2744 3763 2894 3832 σφῶν
2939 3762 3123 3818 αὐτῶν
3176 3763 3421 3828 διανοίας
3471 3765 3671 3834 ἐπιμεσ

2070 3853 2310 3924 λούμενα
2373 3854 2649 3924 γεωργίας
2695 3871 2756 3906 τε
2822 3855 2918 3906 καὶ
2982 3854 3392 3924 καρποφορίας.
3432 3855 3566 3908 Εἴτε
3614 3856 3672 3909 δέ

2072 3944 2215 3998 κατὰ
2242 3945 2339 4016 τὴν
2361 3943 2506 4010 λέξιν
2535 3944 2779 4014 βούλοιτό
2799 3962 2885 4008 τις
2905 3944 3056 3997 ταῦτ’
3085 3943 3478 4014 ἐκλαμϐάνειν,
3509 3947 3671 4016 ὑγιὴς

2069 4037 2098 4088 6
2129 4037 2253 4100 νοῦς
2279 4036 2622 4090 ἀποδίδοται·
2661 4035 2772 4089 εἴτε
2812 4037 2955 4091 κατά
2983 4036 3249 4100 διάνοιαν,
3283 4037 3469 4107 πολλῷ
3502 4041 3668 4109 ῥᾷονο

2071 4128 2197 4182 ἐπεὶ
2242 4131 2337 4182 καὶ
2378 4129 2805 4201 προηγουμένως
2863 4129 2958 4182 καὶ
3017 4129 3216 4200 μᾶλλον
3268 4128 3415 4182 κατά
3462 4129 3672 4199 ταύτην

2071 4219 2363 4274 πεπεῖσθαι
2397 4223 2503 4293 χρὴ
2547 4220 2616 4275 τὰ
2661 4220 2801 4274 κατά
2841 4221 2970 4284 τοὺς
3016 4221 3217 4284 τόπους
3250 4220 3361 4274 ἀπὸ
3392 4220 3510 4273 τῶν
3539 4222 3666 4290 (sic)

2071 4312 2520 4384 ἀποπληροῦσθαι
2592 4314 2734 4384 πλὴν
2775 4314 2884 4368 ἀπὸ
2918 4313 3029 4367 τῶν
3056 4312 3367 4385 εἰρημένων
3405 4313 3669 4370 δύνανταί

2072 4423 2189 4469 πως
2216 4404 2354 4459 εἶναι
2383 4407 2528 4478 σαφῆ
2555 4407 2651 4461 καὶ
2683 4407 2751 4460 τὰ
2783 4406 2925 4460 κατά
2953 4407 3049 4478 τὴν
3076 4407 3254 4479 ἀρχὴν
3284 4407 3388 4478 τῆς
3417 4411 3484 4462 ἐν
3510 4412 3670 4482 χερσὶ

2073 4498 2378 4569 περικοπῆς
2394 4515 2408 4530 ο
2429 4500 2550 4551 «ἐν»
2570 4499 2680 4571 γὰρ
2706 4519 2725 4551 ι
2751 4502 2874 4564 ταῖς
2901 4501 3160 4571 ἐσχάταις
3183 4499 3445 4571 ἡμέραις,
3461 4520 3480 4554 ι
3510 4501 3672 4571 δῆλον

388 4587 703 4657 praedicata.
737 4585 802 4638 Et
845 4585 962 4641 haec
1008 4585 1227 4656 quidem
1283 4585 1573 4642 manifesta
1625 4585 1768 4641 facta
1812 4595 1963 4654 sunt,

2083 4588 2112 4642 Γ
2147 4590 2228 4643 ὅτι
2257 4588 2352 4643 νῦν
2386 4591 2478 4643 ἐπὶ
2507 4590 2787 4662 συντελείᾳ
2810 4591 2919 4645 τῶν
2953 4589 3186 4654 αἰώνων,
3223 4591 3475 4662 ἐμφανὲς
3506 4593 3667 4662 γεγέ-

386 4688 513 4750 post
553 4677 870 4735 circumcisi
914 4678 1100 4749 populi
1150 4679 1619 4750 reprobationem,
1651 4689 1777 4750 post
1813 4680 1966 4734 abla-

387 4782 504 4828 tum
563 4773 633 4827 ab
687 4786 754 4827 eo
812 4787 1044 4844 regnum
1101 4771 1392 4836 caelorum,
1461 4771 1688 4842 quando
1742 4772 1966 4842 impleta

387 4875 519 4922 sunt
576 4867 750 4922 relata
800 4881 969 4936 supra
1027 4866 1169 4919 hanc
1225 4864 1572 4935 prophetiam
1633 4864 1822 4927 verba,
1873 4863 1966 4919 ubi

385 4960 596 5014 dictum
642 4966 728 5014 est
780 4978 794 5014 :
853 4976 873 5010 ι
933 4957 1001 5012 Et
1052 4956 1470 5026 derelinquetur
1524 4954 1636 5011 ﬁlia
1691 4955 1850 5020 Sion,
1904 4962 1966 5009 ut

384 5051 770 5107 umbraculum
811 5051 868 5106 in
911 5051 1091 5115 vinea,
1135 5057 1191 5104 et
1233 5048 1384 5103 sicut
1433 5048 1713 5119 tugurium
1757 5048 1814 5102 in
1863 5064 1964 5104 cu-

384 5143 720 5207 cumerario,
778 5147 834 5196 et
889 5139 1035 5196 sicut
1093 5139 1292 5196 civitas
1353 5153 1475 5210 quae
1534 5147 1783 5195 vastatur
1833 5147 1875 5194 ι.
1940 5159 1958 5193 ι

387 5235 453 5288 Et
498 5236 720 5306 quando
767 5234 1052 5305 impletum
1106 5240 1192 5289 est
1255 5233 1393 5288 illud
1442 5253 1456 5288 :
1512 5252 1532 5286 ι
1586 5233 1786 5290 Audite
1844 5249 1968 5289 vero

382 5329 512 5385 bum
586 5327 861 5392 Domini,
939 5326 1216 5397 principes
1300 5323 1700 5393 Sodomorum;
1778 5326 1958 5396 perci-

382 5422 494 5490 pite
559 5422 788 5476 auribus
835 5421 1035 5490 ,lcgem
1106 5417 1202 5474 Dei
1270 5419 1488 5482 nostri,
1562 5419 1797 5490 populus
1859 5416 1962 5472 Go—

380 5512 636 5568 morrbae.
683 5511 803 5578 Quo
849 5511 983 5566 mihi
1036 5510 1439 5566 multitudinem
1481 5512 1828 5566 victimarum
1867 5526 1962 5565 ve-

380 5612 640 5667 strarum,
685 5604 819 5658 dicit
858 5602 1163 5661 Dominus?
1192 5623 1211 5656 ›
1239 5613 1293 5660 et
1332 5605 1578 5676 reliqua;
1625 5605 1828 5676 quibus
1859 5603 1958 5657 ad-

2065 4697 2221 4751 νηται
2270 4679 2332 4734 τὸ
2378 4700 2398 4732 r
2453 4682 2605 4753 ὅρος,
2631 4700 2650 4733 ι
2701 4682 2762 4735 τὸ
2814 4681 3182 4753 πνευματικὸν
3221 4700 3240 4733 ι
3286 4680 3384 4734 τοῦ
3427 4681 3605 4746 Θεοῦ,
3644 4703 3663 4736 ι

2062 4771 2341 4826 τουτέστιν
2372 4775 2404 4826 6
2433 4771 2576 4836 θεῖος
2602 4774 2698 4826 καὶ
2735 4773 2986 4846 οὐράνιος
3016 4773 3192 4842 Λόγος
3214 4789 3227 4802 ·
3253 4774 3351 4826 καὶ
3385 4777 3413 4827 ό
3441 4769 3594 4840 οἶκος
3613 4777 3667 4829 δὲ

2063 4864 2227 4917 αὑτοῦ
2267 4867 2301 4935 ἡ
2339 4864 2635 4937 Ἐκκλησία
2667 4865 3135 4936 ἐπῳκοδομημένη
3181 4868 3274 4920 ἐπὶ
3305 4865 3388 4938 τῷ
3428 4867 3669 4940 θεμελίῳ

2063 4956 2172 5010 τῶν
2191 4957 2505 5011 ἀποστόλων
2540 4958 2633 5012 καὶ
2662 4957 2980 5030 προφητῶν,
3019 4959 3114 5011 καὶ
3141 4958 3229 5012 διά
3275 4959 3446 5014 τοῦτο
3481 4962 3666 5016 ἐπάνω

2063 5047 2202 5106 εἶναι
2232 5051 2340 5106 τῶν
2385 5051 2558 5124 ὀρέων
2605 5052 2896 5123 λεγομένη.
2942 5051 3056 5104 Καὶ
3103 5051 3282 5106 ταῦτά
3323 5070 3389 5122 γε
3444 5055 3665 5125 ἐμφανῆ

2061 5145 2251 5213 γέγονε
2287 5143 2427 5214 μετά
2475 5144 2574 5216 τὴν
2604 5143 2878 5216 ἀποϐολὴν
2921 5142 3017 5198 τοῦ
3053 5145 3119 5197 ἐκ
3162 5146 3482 5216 περιτομῆς
3509 5146 3660 5208 λαοῦ,
3701 5131 3704 5140 1

2064 5237 2158 5290 καὶ
2194 5237 2336 5307 μετά
2382 5235 2444 5288 τὸ
2476 5235 2712 5307 ἀρθῆναι
2746 5237 2839 5289 ἀπ’
2879 5234 3045 5288 αὐτοῦ
3084 5235 3182 5305 τὴν
3226 5235 3520 5304 βασιλείαν
3561 5237 3663 5291 τῶν

2064 5328 2331 5400 οὐρανῶν,
2365 5329 2453 5382 ὅτε
2481 5329 2655 5401 πέρας
2685 5329 2974 5398 εἰλήφασιν
3008 5328 3064 5380 αἱ
3091 5327 3352 5397 ἀνωτέρω
3376 5329 3483 5401 τῆς
3511 5332 3658 5383 ἐκτε-

2063 5421 2248 5492 θείσης
2275 5423 2611 5494 προφητείας
2641 5421 2836 5491 φωναὶ,
2868 5420 2934 5473 δι’
2964 5412 3038 5474 ὧν
3063 5418 3278 5490 εἴρηται
3299 5419 3383 5487 τὺ,
3413 5440 3433 5471 ε
3469 5423 3658 5490 Ἐγκα-

2063 5510 2485 5583 ταλειφθήσεται
2532 5514 2566 5582 ἡ
2609 5510 2856 5581 θυγάτηρ
2903 5507 3076 5573 Σιὼν,
3115 5508 3191 5572 ὡς
3227 5508 3407 5581 σκηνὴ
3460 5512 3523 5562 ἐν
3563 5511 3658 5580 άμ-

2066 5604 2302 5671 πελῶνι,
2340 5604 2436 5658 καὶ
2472 5604 2548 5667 ὡς
2573 5602 3024 5675 όπωροφυλάκιον
3067 5604 3126 5656 ἐν
3165 5600 3526 5673 σικυηλάτῳ,
3566 5601 3655 5654 καὶ

491 5779 633 5833 ‘lsa.
669 5794 735 5845 ιι,
765 5779 874 5834 1-4.
952 5781 971 5812 ³
1004 5779 1192 5836 Matth.
1232 5796 1391 5849 nm,
1420 5782 1508 5837 38.
1587 5783 1607 5815 ³
1631 5783 1750 5839 Aet.
1785 5800 1840 5852 ι,
1868 5782 1959 5839 45.

2083 5779 2186 5837 lsa.
2220 5797 2258 5849 ι,
2289 5779 2343 5836 8.
