3814 6220
158 360 307 424 1197

1208 371 1505 433 ECLOGAE
1544 371 2030 430 PROPHETICAE.
2062 348 2135 415 έ-
2166 372 2296 432 LIB.
2316 340 2429 433 Ἰν.

3291 370 3429 442 H98

152 490 243 556 ὡς
280 490 438 558 πόλις
452 493 916 568 πολιορκουμένη·
942 516 962 549 ι
995 497 1092 552 καὶ
1124 498 1214 552 ὅτε
1260 498 1637 571 πεπλήρωται·
1666 497 1748 563 τὸ,
1779 505 1822 560 Α
1852 495 1905 550 di

1852 495 1930 550 dit
1972 515 1985 551 :
2028 515 2046 548 ι
2074 494 2427 554 Neomeniam
2487 505 2542 554 et
2615 499 2946 567 Sabbatum,
3004 508 3060 558 ει
3104 500 3430 560 festivitates

157 603 184 638 ε
208 585 509 641 ’Δκούσατε
541 588 717 658 λόγων
743 589 970 662 Κυρίου,
998 590 1257 662 ἄρχοντες
1276 590 1546 663 Σοδόμωνο
1577 598 1749 664 προσὲ

150 673 319 748 ἑχετε
348 678 511 750 νόμον
537 680 696 745 Θεοῦ,
714 680 840 746 λαὸς
868 682 1170 755 Γομόῤῥας;
1194 683 1259 737 Τί
1282 701 1373 755 μοι
1412 683 1617 755 πλῆθος
1642 681 1751 736 τῶν

152 765 365 822 θυσιῶν
392 770 547 842 ὑμῶν
567 771 985 846 ;λέγειΚύριος,
1010 793 1030 825 ι
1053 775 1145 827 καὶ
1175 773 1246 827 τὰ
1267 774 1393 846 ἑξῆς
1410 791 1424 805 ·
1450 770 1532 839 οἷς
1554 774 1750 845 ἐπιφέ-

157 873 269 929 ρειο
291 859 434 920 ιΤὰς
447 864 740 934 νεομηνίας
761 864 935 934 ὑμῶν,
951 863 1047 917 καὶ
1069 863 1168 929 τὰς
1195 865 1389 937 ἑορτὰς
1419 864 1572 935 ὑμῶν
1602 867 1751 935 μισεί

150 950 192 1022 ἡ
218 950 370 1022 ψυχή
422 970 523 1024 μου
543 971 557 985 ·
594 955 889 1029 ὲγενήθητέ
926 974 1016 1028 μοι
1047 959 1127 1021 είς
1175 957 1491 1029 πλησμονὴν
1514 997 1530 1022 ,
1564 957 1748 1010 οὐκέτι

150 1042 350 1114 ἀνήσω
367 1043 467 1109 τὰς
489 1046 764 1118 ἁμαρτίας
792 1047 966 1119 ὑμῶν.
988 1046 1105 1103 Ὅτ⁹
1132 1047 1199 1102 ἂν
1227 1047 1327 1111 τὰς
1354 1051 1544 1119 χεῖρας
1570 1047 1748 1101 ἐκτεί-

150 1150 289 1205 νητε
323 1137 462 1208 πρὸς
492 1136 584 1207 μέ,
623 1137 952 1208 ἀποστρέψω
989 1138 1118 1202 τοὺς
1161 1137 1474 1208 ὀφθαλμούς
1518 1155 1620 1208 μου
1653 1137 1746 1206 ἀφ’

149 1228 346 1299 ὑμῶν·
371 1230 467 1283 καὶ
503 1230 597 1283 ἐὰν
639 1229 946 1302 πληθύνητε
974 1229 1073 1302 τὴν
1109 1229 1313 1301 δέησιν,
1361 1233 1461 1283 οὐκ
1489 1229 1743 1282 εἰσακού-

151 1338 326 1394 σομαι
353 1323 506 1394 ὑμῶν
526 1340 542 1356 θ
565 1324 623 1376 αἱ
646 1323 756 1395 γὰρ
788 1326 969 1396 χεῖρες
995 1323 1148 1395 ὑμῶν
1179 1324 1410 1396 αἵματος
1445 1324 1691 1397 πλήρεις.
1721 1343 1740 1376 ι

147 1414 271 1469 Καὶ
314 1415 418 1486 ὅρα
446 1415 564 1480 πῶς
603 1418 631 1469 6
677 1415 837 1485 λόγος
880 1416 1051 1470 ταῦτα
1098 1416 1276 1471 πάντα
1318 1418 1745 1488 ἁποτεινάμενος

145 1506 257 1561 οὐκ
278 1506 719 1581 εἰδωλολατρείαν
743 1508 976 1563 ἐνταῦθα
1004 1510 1110 1563 οὐδ’
1136 1511 1330 1581 ἐτέραν
1356 1511 1538 1574 αὐτοῖς
1566 1512 1744 1582 ἁμαρ-

145 1598 279 1653 τίαν
312 1599 557 1670 ἐγκαλεῖ,
587 1599 708 1653 οὐδὲ
739 1601 846 1672 μὴν
887 1602 1134 1672 αἱμάτων
1182 1602 1423 1667 πολλῶν,
1459 1602 1572 1657 ἀλλ’
1625 1602 1744 1667 ἐνὸς

145 1690 440 1762 ἐξαιρέτου
466 1691 610 1755 τινὸς
642 1690 894 1761 αἵματος,
928 1690 1086 1761 δῆλον
1131 1690 1174 1744 δ’
1207 1692 1290 1744 ὅτι
1343 1692 1438 1746 τοῦ
1479 1689 1739 1764 Χριστοῦ,

143 1782 256 1853 τὴν
304 1781 547 1852 ἔκχυσιν,
582 1783 711 1854 περὶ
742 1776 803 1836 οὗ
843 1782 1028 1852 σαφῶς
1060 1784 1089 1836 6
1138 1782 1294 1853 λόγος
1327 1784 1421 1837 τὸν
1468 1784 1596 1839 λαὸν
1631 1786 1743 1839 ἀπ-

143 1872 369 1944 ελέγχει
410 1873 583 1943 λέγων
596 1890 655 1923 ’.ι
688 1874 753 1926 Al
781 1873 891 1946 γὰρ
933 1876 1113 1947 χεῖρες
1137 1875 1292 1945 ὖμῶν
1325 1877 1555 1946 αἵματος
1599 1876 1740 1949 πλή·
1771 1863 1814 1919 Β

146 1980 302 2036 perc“
330 1983 348 2015 ι
366 1963 434 2017 δι’
457 1964 523 2036 ῆν
545 1964 724 2018 αἰτίαν
752 1964 880 2036 ἑξῆς
902 1966 1210 2036 ἐπιλέγεται
1234 1969 1315 2033 τὸ,
1338 1987 1355 2017 ι
1378 1968 1502 2032 Πῶς
1527 1968 1741 2037 ἐγένετο

144 2057 330 2128 πόρνη
360 2055 514 2120 πόλις
532 2056 696 2128 πιστὴ
716 2056 854 2110 Σιὼν
882 2058 1097 2130 πλήρης
1121 2058 1376 2131 κρίσεως,
1405 2061 1463 2112 ἐν
1532 2060 1739 2115 δικαιο-

144 2150 290 2221 σύνη
318 2149 380 2221 (f.
402 2150 492 2218 45)
516 2150 781 2223 ἐκοιμήθη
804 2153 860 2204 ἐν
876 2151 1035 2222 αὐτῇ,
1055 2150 1150 2205 νῦν
1176 2150 1232 2205 δὲ
1254 2153 1568 2221 φονευταίς»
1599 2152 1720 2223 μεθ’

142 2241 187 2296 ἃ
204 2242 385 2296 πάντα
410 2241 677 2295 τελευτῶν
708 2243 737 2295 6
759 2242 915 2312 λόγος
948 2240 1106 2307 αὖθις
1132 2243 1233 2315 τὴν
1257 2236 1528 2316 ἀποϐολὴν
1558 2244 1738 2299 αὐτῶν

142 2331 486 2405 προμηνύων
550 2332 747 2404 φησίν’
794 2351 813 2384 ι
855 2334 1108 2387 Ἔσονται
1150 2333 1260 2404 γὰρ
1308 2333 1384 2398 ὡς
1430 2334 1738 2403 τερέϐινθος

141 2424 558 2496 ἀποϐεϐληκυῖα
579 2426 649 2479 τὰ
672 2423 868 2496 φύλλα,
896 2426 992 2480 καὶ
1021 2425 1098 2490 ὡς
1125 2426 1456 2499 παράδεισος
1484 2427 1628 2499 ὕδωρ
1661 2428 1737 2500 μὴ

141 2518 312 2589 ἔχων.
348 2520 461 2573 Καὶ
497 2518 650 2574 ἔσται
696 2521 731 2591 ἡ
777 2520 930 2591 ἰσχὺς
961 2519 1141 2573 αὐτῶν
1187 2521 1412 2592 καλάμη
1454 2521 1733 2590 στυπείου,

141 2614 244 2668 καὶ
278 2613 337 2667 αἱ
356 2612 609 2684 ἐργασίαι
645 2612 824 2668 αὐτῶν
857 2612 935 2676 ὡς
973 2612 1286 2685 σπινθῆρες,
1326 2615 1421 2668 καὶ
1457 2631 1735 2669 κατακαυ-

141 2706 407 2780 θήσονται
436 2709 485 2760 oi
527 2706 716 2778 ἄνομοι
750 2708 846 2760 καὶ
883 2709 931 2762 οἱ
970 2706 1287 2779 ἁμαρτωλοὶ
1330 2706 1466 2778 ἅμα,
1504 2709 1597 2762 καὶ
1635 2709 1735 2762 οὐκ

141 2798 305 2853 ἔσται
322 2800 350 2852 6
379 2797 610 2851 σϐέσων.
640 2817 657 2849 ›
692 2796 943 2852 Τοσαῦτα
964 2798 1060 2852 καὶ
1079 2797 1382 2869 τηλικαῦτα
1407 2801 1527 2853 κατ’
1555 2796 1734 2854 αὐτῶν

140 2892 657 2963 προαποφηναμένη
714 2893 747 2963 ἡ
794 2892 1135 2963 προφητεία,
1172 2891 1300 2961 ἑξῆς
1341 2893 1588 2964 ἐπιφέρει
1631 2892 1732 2964 τὴν

139 2984 353 3056 ἀρτίως
382 2987 513 3055 ἡμῖν
545 2984 857 3039 ἐκτεθεῖσαν
886 2985 1212 3057 περικοπὴν,
1239 2986 1304 3039 δι’
1322 2981 1391 3059 ἧς
1410 2986 1626 3057 εἴρηται
1647 2984 1729 3059 16,

148 3095 171 3127 ε
199 3076 327 3129 Ὅτι
367 3074 520 3128 ἐσται
566 3076 626 3129 ἐν
656 3078 777 3139 ταῖς
819 3076 1079 3147 ἐσχάταις
1117 3076 1353 3148 ἡμέραις
1393 3077 1638 3148 ἐμφανὲς
1670 3079 1730 3132 τὸ

136 3168 273 3240 ὖρος
294 3169 519 3240 Κυρίου.
551 3187 569 3219 ι
591 3168 786 3239 Σαφῶς
811 3170 949 3242 μετὰ
970 3170 1070 3241 τὴν
1097 3171 1321 3224 ἐκείνων
1345 3160 1604 3243 ὁλοσχερῆ
1630 3174 1725 3226 καὶ

1848 597 2063 644 vestras
2101 603 2210 644 non
2249 588 2446 657 feram,
2494 590 2670 664 iniqui
2717 603 2848 651 sunt
2877 604 3056 652 cmtus
3096 596 3307 653 vestri:
3337 612 3431 654 so-

1848 681 2160 737 lemnitates
2197 688 2411 739 vestras
2459 685 2636 740 odivit
2677 688 2860 742 anima
2908 703 3031 743 mea
3061 706 3074 742 z
3102 686 3248 744 facta
3299 697 3431 744 sunt

1848 772 1983 828 mihi
2011 773 2261 839 moleSta,
2290 775 2533 831 labOravi
2563 777 2867 834 sustinens.
2904 777 2973 833 Et
3002 794 3126 836 cum
3174 781 3434 836 extende-

1848 863 1973 920 ritis
1998 880 2193 922 manus
2225 875 2461 932 vestras,
2498 876 2741 925 avertam
2770 872 2961 927 oculos
2990 887 3143 929 meos
3171 887 3202 926 a
3234 873 3430 929 vobis:

1848 962 1904 1010 et
1931 971 2057 1010 cum
2082 958 2580 1029 multiplicaveritis
2602 963 2928 1029 orationem,
2966 979 3074 1019 non
3095 965 3387 1020 exaudiam
3415 982 3431 1019 :

1848 1060 2046 1103 manus
2083 1048 2229 1103 enim
2258 1059 2457 1106 vestrae
2503 1052 2771 1122 sanguine
2799 1053 2972 1125 plenae
2998 1063 3129 1108 sunt
3152 1056 3192 1110 ⁸.
3223 1074 3243 1108 ι
3297 1055 3434 1112 Ani-

1848 1139 2125 1196 madverte
2157 1143 2433 1213 quomodo
2473 1144 2777 1217 Scriptura,
2822 1146 2909 1203 bis
2941 1149 3200 1203 omnibus
3230 1163 3432 1219 expro-

1845 1230 2015 1297 batis,
2050 1248 2228 1304 neque
2260 1234 2629 1291 idololatriam
2659 1236 2771 1301 hic.
2814 1253 2994 1309 neque
3022 1240 3185 1294 aliam
3215 1241 3298 1297 eis
3328 1241 3431 1295 ini-

1847 1325 2109 1395 quitatem
2141 1326 2354 1397 objicit,
2397 1345 2577 1399 neque
2608 1331 2936 1401 sanguinum
2979 1335 3296 1399 multorum,
3331 1336 3427 1391 sed

1847 1419 2013 1474 unius
2041 1419 2327 1491 cujusdam
2354 1423 2739 1492 praecellentis,
2787 1424 2994 1480 Christi
3032 1427 3262 1491 scilicet.
3293 1428 3431 1483 eﬂ'u-

1845 1509 2055 1565 sionem
2089 1512 2160 1565 ob
2191 1527 2354 1581 quem
2407 1512 2693 1583 Scriptura
2740 1528 3002 1585 expresse
3042 1517 3303 1586 populum
3343 1519 3429 1573 in-

1844 1614 2033 1673 crepat
2084 1603 2276 1660 dicens
2320 1623 2333 1659 :
2375 1623 2394 1655 ι
2426 1604 2622 1661 Manus
2683 1614 2880 1662 vestrae
2931 1608 3197 1679 sanguine
3252 1609 3428 1680 plenae

1845 1694 2015 1749 sunt?
2050 1713 2068 1745 ι
2105 1693 2448 1766 Quapropter
2474 1696 2738 1750 continuo
2791 1697 2981 1766 adjicit
3022 1717 3036 1753 :
3093 1716 3113 1749 ι
3143 1698 3428 1766 Quomodo

1844 1784 1989 1840 facta
2020 1794 2106 1841 est
2136 1788 2393 1842 meretrix
2425 1787 2623 1843 civitas
2657 1788 2854 1854 ﬁdelis,
2888 1790 3048 1860 plena
3071 1790 3306 1861 judicii?
3328 1789 3428 1847 Ju-

1842 1876 1991 1932 stitia
2024 1876 2294 1932 habitavit
2320 1878 2375 1931 in
2397 1892 2483 1938 ea.
2512 1893 2660 1932 nunc
2687 1886 2868 1934 autem
2898 1880 3261 1936 homicidaa'?
3288 1901 3308 1934 ι
3347 1883 3426 1939 Ac

1842 1974 2033 2039 postea
2078 1983 2299 2023 rursum
2348 1982 2540 2023 eorum
2593 1968 3033 2040 reprobationem
3075 1985 3254 2026 sermo
3304 1986 3427 2041 pro-

1843 2060 2150 2131 phetizans,
2182 2060 2270 2114 his
2313 2060 2498 2115 verbis
2541 2058 2745 2116 desinit
2774 2048 2787 2115 ἐ
2817 2080 2835 2112 ι
2869 2061 3044 2116 Erunt
3069 2063 3227 2132 quasi
3267 2078 3428 2134 quer-

1840 2168 1940 2208 cus
1990 2150 2361 2207 deﬂuentibus
2410 2152 2594 2218 foliis,
2651 2161 2708 2209 et
2768 2154 2918 2209 velut
2975 2154 3168 2211 hortus
3220 2155 3427 2227 absque

1840 2257 2006 2313 aqua.
2039 2241 2107 2297 Et
2136 2243 2243 2299 erit
2276 2241 2544 2298 fortitudo
2567 2252 2870 2321 vestra,‘ut
2902 2244 3086 2299 favilla
3119 2254 3348 2317 stuppae,
3370 2254 3426 2302 et

1839 2349 1980 2405 opus
2005 2344 2249 2391 vestrum
2273 2336 2433 2406 quasi
2456 2336 2697 2391 scintilla
2720 2344 2804 2392 :et
2822 2335 3191 2393 succ'endetur
3211 2344 3427 2393 utrum-

1840 2440 1948 2495 que
1990 2424 2179 2491 simul,
2214 2433 2270 2481 et
2315 2440 2428 2480 non
2475 2425 2581 2481 erit
2623 2415 2717 2497 qui
2748 2427 3065 2498 exstinguat
3089 2427 3131 2482 ³.
3162 2447 3182 2480 ι
3216 2421 3344 2484 Haec
3370 2438 3427 2485 et

1840 2516 2037 2572 similia
2060 2518 2115 2571 in
2148 2517 2244 2573 eos
2268 2517 2646 2588 praenuntians
2669 2513 2976 2589 prophetia,
3002 2519 3265 2574 continuo
3288 2520 3424 2576 sub-

1832 2610 1957 2679 jicit
2010 2625 2075 2665 ea
2113 2624 2234 2679 quae
2290 2609 2406 2679 jam
2468 2610 2623 2681 prius
2680 2611 2990 2674 retulimus,
3030 2610 3264 2678 scilicet,
3301 2631 3319 2662 ι
3359 2599 3426 2666 Et

1835 2703 1940 2755 crit
1986 2700 2042 2754 in
2102 2696 2419 2757 novissimis
2457 2700 2650 2757 diebus
2705 2699 3031 2757 manifestus
3093 2698 3252 2757 mons“
3318 2690 3425 2757 Doli

1838 2793 1973 2848 mini
1999 2781 2041 2849 ί.
2077 2813 2096 2845 ι
2132 2786 2337 2864 Aperte
2371 2800 2495 2869 post
2541 2794 2776 2849 istorum
2822 2795 3038 2863 plenam
3090 2784 3424 2863 perfectam-

1836 2899 1942 2953 que
1972 2875 2418 2955 reprobationcm
2447 2891 2501 2939 et
2532 2884 2770 2952 ruinam,
2798 2883 2934 2939 Novi
2963 2876 3302 2942 Testamenti
3336 2886 3424 2940 i’n-a

1837 2975 2177 3030 stitutionem
2217 2965 2477 3041 os'temlit,
2510 2990 2619 3046 qua
2649 2976 2975 3032 manifestus
3005 2972 3262 3033 omnibus
3289 2983 3422 3049 gen-

1835 3066 1983 3122 tibus
2031 3062 2193 3121 mons
2229 3065 2410 3121 factus
2438 3070 2523 3121 est
2560 3067 2799 3123 Domini.
2839 3067 3030 3134 Qualis
3051 3059 3189 3146 yet-0
3236 3085 3418 3135 mons,

1834 3146 1940 3213 nisi
1976 3157 2071 3228 qui
2120 3156 2177 3211 in
2221 3157 2493 3228 principio
2536 3157 2679 3228 apud
2723 3157 2916 3223 Deum,
2962 3157 3104 3214 Deus
3132 3157 3423 3216 Verbum?

138 3223 359 3313 reiciat:
386 3223 660 3329 όιποϐολήν
684 3223 748 3311 τε
766 3223 878 3312 ’καὶ
924 3223 1203 3330 ἐρήμωσιν
1241 3223 1503 3330 τὰςτῆςῆ
1750 3223 1795 3280 C
1834 3248 1905 3317 ἱρε

1847 3263 1953 3317 :pse
1997 3248 2142 3303 enim
2182 3245 2431 3303 Salvator
2454 3245 2509 3302 et
2539 3235 2804 3303 Dominus
2844 3256 3054 3316 noster,
3077 3264 3239 3319 quem
3267 3250 3421 3320 prius

138 3348 424 3420 Διαθήκης
453 3349 825 3429 ὑποφαίνουσα
854 3348 1186 3420 οἰκονομίας,
1225 3348 1344 3402 καθ’
1388 3349 1456 3413 ἃς
1489 3340 1729 3421 ἐμφανὲς

137 3445 260 3506 τοῖς
292 3443 461 3495 πᾶσιν
509 3441 685 3495 ἔθνεσι
714 3440 776 3494 τὸ
813 3439 936 3512 ὅρος
960 3441 1154 3510 γέγονε
1178 3440 1273 3493 τοῦ
1305 3432 1531 3512 Κυρίου.
1570 3434 1729 3495 Ποῖον

138 3534 201 3587 δὲ
246 3526 392 3606 ὅρος,
430 3532 464 3606 ἢ
499 3535 527 3587 6
560 3536 617 3586 ἐν
658 3534 800 3604 ἀρχῇ
856 3532 993 3604 πρὸς
1024 3531 1117 3584 τὸν
1148 3530 1301 3596 Θεὸν,
1342 3533 1474 3597 Θεὸς
1519 3533 1726 3602 Δόγος;

140 3623 311 3686 αὐτὸς
343 3625 373 3676 6
413 3623 606 3694 Σωτὴρ
648 3625 739 3676 καὶ
776 3620 978 3693 Κύριος
1028 3610 1216 3693 ἡμῶν,
1253 3621 1312 3674 ὃν
1348 3621 1729 3694 προαποδεδώ-

141 3730 348 3785 καμεν,
385 3715 514 3785 περὶ
539 3709 600 3768 οῦ
627 3713 723 3767 καὶ
750 3715 808 3765 ἐν
839 3702 1091 3783 Ψαλμοῖς
1129 3712 1366 3783 εἴρηται,
1399 3731 1417 3762 ι
1445 3711 1611 3784 Ὄρος
1631 3711 1728 3765 τοῦ

139 3804 307 3872 Θεοῦ,
329 3806 456 3878 ὅρος
486 3808 635 3860 πῖον·
669 3826 688 3858 ›
720 3807 813 3860 καὶ
836 3807 918 3869 τὸ,
949 3824 966 3854 ι
998 3805 1207 3877 Ὀροςὸ
1238 3805 1570 3876 εὐδόκησενὸ
1595 3805 1726 3869 Θεὸς

142 3900 424 3952 κατοικεῖν
450 3899 508 3950 ἐν
537 3896 707 3967 αὐτῷ.
750 3915 770 3950 ι
813 3898 958 3969 Πρὸς
997 3896 1171 3967 τούτῳ
1200 3897 1257 3949 δὲ
1304 3896 1381 3968 τῷ
1411 3898 1527 3969 ὄρει
1566 3898 1662 3951 καὶ
1701 3899 1729 3950 ὁ

137 3986 293 4054 οἶκος
323 3989 418 4044 τοῦ
469 3990 605 4044 Θεοῦ
660 3989 911 4062 ἐμφανὴς
948 3990 1170 4058 γέγονεν
1192 4006 1206 4018 ·
1247 3986 1396 4053 οἶκος
1441 3990 1485 4044 δ’
1541 3990 1608 4044 ἂν
1640 3991 1726 4059 εἴη

138 4081 282 4136 Θεοῦ
311 4084 348 4154 ἡ
390 4080 706 4154 Ἐκκλησία,
743 4082 779 4154 ή
807 4082 894 4135 ἐπ’
927 4080 1113 4152 ἄκρων
1138 4081 1248 4135 τῶν
1280 4073 1452 4154 ὀρέων
1488 4082 1720 4136 ἀποστο-

138 4174 313 4230 λικῶν
360 4193 420 4229 τε
469 4174 563 4228 καὶ
604 4173 960 4247 προφητικῶν
1013 4174 1186 4244 λόγων
1236 4164 1722 4247 ἐπεστηριγμένηέ

138 4265 351 4320 τούτων
391 4265 449 4319 δὲ
494 4264 756 4337 ἐμφανῶν
799 4264 1108 4336 γενομένων
1157 4266 1245 4319 ἐπ’
1281 4265 1419 4339 ,αὐτὸ
1450 4265 1610 4319 τοῦτο
1663 4266 1725 4318 τὸ

135 4357 289 4430 ὅρος,
320 4355 481 4428 δῆλον
518 4357 563 4410 δ’
592 4359 674 4411 ὅτι
702 4357 793 4424 τὸν
830 4356 968 4411 θεῖον
1018 4358 1191 4428 ᾼόγον
1234 4357 1296 4411 οὐ
1333 4358 1671 4430 κεκτημένος
1699 4360 1728 4412 6

151 4446 393 4518 Ἰσραὴλ,
428 4447 537 4501 οὐδ’
567 4449 597 4501 ὁ
632 4446 902 4518 πολλαχοῦ
946 4447 1269 4519 δηλούμενος
1302 4444 1451 4512 οἶκος
1495 4446 1688 4501 Ἰακὼϐ
1709 4487 1724 4511 ,

1831 3340 2193 3406 ostendimus,
2208 3341 2395 3412 dequo
2411 3348 2465 3396 et
2486 3341 2541 3394 in
2572 3338 2805 3396 Psalmis
2821 3336 3042 3409 dicitur,
3066 3343 3086 3395 ἂ
3117 3342 3273 3400 Mons
3300 3333 3419 3411 Dei,

1830 3449 1990 3490 mons
2023 3433 2240 3504 pinguis
2263 3451 2309 3501 ;›
2330 3435 2405 3497 et,
2431 3450 2450 3483 ι
2484 3430 2639 3488 Mons
2669 3432 2725 3487 in
2761 3448 2872 3503 quo
2913 3433 3309 3505 beneplacitum
3338 3445 3423 3495 est

1832 3521 1943 3582 Deo'
1985 3525 2238 3580 habitare
2293 3524 2348 3578 in
2400 3539 2467 3579 eo
2489 3525 2534 3577 ⁸.
2570 3543 2589 3576 ι
2631 3522 2834 3580 Prieter
2873 3520 3021 3581 hunc
3073 3534 3316 3583 montem
3366 3538 3423 3584 et

1830 3620 2026 3675 domus
2084 3617 2300 3673 Domini
2342 3614 2635 3671 manifesta
2696 3615 2839 3671 facta
2881 3624 2985 3674 est.
3040 3617 3242 3674 Do‘mus
3292 3632 3424 3676 vero

1833 3722 1979 3771 esset
2005 3712 2102 3769 Dei
2140 3712 2410 3777 Ecclesia,
2443 3727 2566 3782 quae
2595 3712 2651 3767 in
2674 3713 2878 3766 vertice
2903 3708 3176 3767 montium
3205 3720 3422 3784 aposto-

1832 3792 2065 3861 iicorum
2111 3813 2164 3860 et
2210 3797 2663 3875 propheticorum'
2709 3804 3002 3858 verborum
3047 3805 3258 3860 elevata
3308 3813 3416 3863 est.

1830 3889 2044 3965 Quibus
2074 3912 2206 3952 vero
2255 3894 2623 3951 manifestatis
2662 3902 2828 3967 super
2853 3895 3013 3953 hunc
3036 3897 3218 3968 ipsum
3255 3914 3418 3953 mon-

1830 3998 1961 4054 tem,
1998 3979 2247 4059 apertum
2283 3997 2368 4044 cst
2413 3988 2560 4060 quod
2594 3988 2841 4044 divinum
2872 3989 3101 4045 verbu‘m
3129 4004 3241 4044 non
3279 4004 3417 4044 con-

1830 4091 2053 4137 secutus
2101 4088 2187 4137 est
2228 4071 2422 4147 Israel,
2477 4097 2657 4152 neque
2701 4074 2893 4138 multis
2949 4082 3090 4137 locis
3130 4083 3415 4154 designata

1828 4174 2026 4228 domus
2068 4167 2262 4237 Iacob,
2313 4171 2408 4229 sed
2467 4173 2525 4228 in
2584 4174 2905 4229 universum
2929 4164 3146 4231 'omnes
3200 4182 3413 4247 gentes.

1827 4265 2058 4321 Constat
2113 4265 2261 4321 enim
2312 4281 2423 4336 quo
2474 4266 2639 4321 modo
2693 4282 2873 4337 quave
2928 4268 3142 4324 ratione
3183 4269 3417 4340 expletis

1831 4358 2135 4414 Salvatoris
2184 4359 2360 4413 nostri
2414 4354 2859 4416 manifestatione
2905 4361 3287 4431 praenuntiatis
3328 4378 3419 4417 re—

1829 4453 1931 4507 bus
1958 4440 2379 4521 manifestisque
2403 4438 2590 4515 factis,
2617 4466 2775 4507 mons
2804 4447 2863 4508 et
2888 4453 3083 4507 domus
3110 4469 3232 4524 quae
3255 4455 3419 4508 modo

136 4538 256 4592 ἀλλ’
278 4537 615 4603 ἁπαξαπλῶς
655 4541 834 4594 πάντα
860 4534 930 4593 τὰ
972 4540 1134 4612 ἔθνη·
1170 4541 1266 4594 καὶ
1294 4539 1360 4611 δὴ
1403 4539 1573 4610 σαφὲς
1606 4539 1725 4635 πῶς
1757 4575 1801 4629 D
1830 4545 1905 4599 int

1853 4530 2178 4614 interpretati
2218 4559 2410 4599 sumus
2437 4582 2453 4608 ,
2498 4534 2604 4599 nos
2640 4559 2671 4599 e
2719 4545 2981 4614 gentibus
3028 4561 3124 4616 per
3167 4545 3328 4601 ﬁdem
3361 4547 3417 4603 in

138 4632 237 4686 καὶ⁹
270 4630 394 4684 τίνα
420 4630 656 4703 τρόπον,
713 4632 1184 4686 ἀποτελεσθέντων
1211 4632 1299 4686 διὰ
1336 4632 1438 4703 τῆς
1482 4630 1574 4685 τοῦ
1607 4630 1723 4685 Σω-

136 4724 309 4798 τῆρος
334 4724 494 4795 ἡμῶν
519 4725 842 4795 ἐπιφανείας
864 4714 975 4779 τῶν
1001 4715 1436 4797 προειρημένων,
1464 4725 1722 4803 ἐμφανῶν

136 4833 198 4870 τε
244 4816 555 4888 γενομένων
585 4817 677 4870 τοῦ
727 4835 787 4871 τε
841 4807 1237 4888 ἀποδεδομένον
1286 4819 1454 4891 ὅρους,
1492 4821 1584 4873 καὶ
1630 4819 1728 4873 τοῦ

133 4907 508 4980 δεδηλωμένου
556 4907 706 4963 οἴκου
733 4950 748 4975 ,
783 4911 945 4981 ἡμεῖς
979 4912 1030 4964 οἱ
1071 4911 1132 4979 ἐξ
1170 4910 1342 4965 ἐθνῶν
1373 4910 1464 4965 διὰ
1500 4912 1600 4983 τῆς
1645 4913 1726 4975 εἰς

131 5004 373 5075 Χριστὸν
405 5004 500 5057 τὸν
526 5004 656 5058 Υῑὺν
703 5003 797 5059 τοῦ
830 5002 967 5058 Θεοῦ
1001 5006 1237 5069 πίστεως
1266 5006 1726 5079 προσεληλυθότες

130 5094 214 5165 τῷ
245 5092 357 5147 τῶν
388 5094 524 5148 ὅλων
571 5094 711 5167 Θεῷ,
748 5097 917 5151 πάλαι
962 5097 1063 5167 μὲν
1101 5098 1421 5166 ἀγνοοῦντες
1463 5099 1533 5152 τὰ
1572 5098 1722 5169 τηλι-

133 5177 336 5250 καῦτα,
358 5188 476 5240 νυνὶ
504 5187 563 5241 δὲ
599 5188 692 5243 διὰ
718 5190 818 5263 τὴν
843 5190 994 5245 θείαν
1027 5191 1187 5263 χάριν
1215 5191 1527 5259 ἐπιγνόντες
1562 5191 1722 5255 αὐτὰ,

134 5277 623 5351 προσεληλύθαμεν
663 5282 801 5336 Σιὼν
842 5282 957 5356 ὄρει
1000 5283 1095 5337 καὶ
1133 5282 1285 5337 πόλει
1314 5283 1448 5337 Θεοῦ
1500 5282 1721 5349 ζῶντας,

145 5370 508 5442 Ἰερουσαλὴμ
525 5372 852 5444 ἐπουρανίῳ·
872 5375 968 5427 καὶ
987 5374 1082 5428 ἆτε
1105 5374 1486 5438 παιδευθέντες
1506 5374 1612 5428 ὑπὸ
1625 5373 1727 5428 τοῦ

135 5458 519 5531 ἐξεληλυθότος
550 5463 584 5534 ἢ
613 5465 709 5517 καὶ
734 5463 1175 5536 καταϐεϐηκότος
1196 5468 1259 5519 ἐκ
1280 5467 1380 5536 τῆς
1401 5467 1726 5538 ἐπουρανίου

147 5551 506 5627 Ἰερουσαλὴμ
530 5557 704 5626 Λόγου
725 5557 885 5623 Θεοῦ,
909 5559 983 5623 ὡς
1005 5559 1158 5612 σ”Οτι
1187 5562 1220 5631 ἡ
1246 5561 1359 5614 ἄνω
1373 5559 1728 5633 Ἰερουσαλὴμ

136 5646 403 5720 ἐλευθέρα
435 5650 605 5713 ἐστὶν,
630 5650 752 5718 ἥτις
797 5652 918 5705 ἐστὶ
951 5652 1134 5724 μήτηρ
1155 5652 1313 5723 ἡμῶν
1332 5669 1345 5682 ·
1375 5671 1391 5704 ι
1418 5651 1511 5705 ἐπὶ
1536 5651 1725 5705 τοῦτον

213 5850 231 5880 ⁸
258 5849 364 5906 Isa.
403 5864 441 5919 t,
471 5849 621 5909 8-45.
701 5853 722 5883 ’
763 5851 891 5908 ibid.
928 5851 1011 5907 ξι,
1091 5851 1262 5907 3ibid.
1296 5852 1384 5907 50.

1829 4626 2106 4693 Christum
2156 4635 2247 4711 Dei
2294 4630 2498 4691 Filium
2546 4636 2615 4692 ad
2650 4638 2899 4692 omnium
2937 4634 3106 4694 Deum
3139 4639 3416 4710 perducti,

1832 4733 2027 4789 horum
2052 4731 2272 4803 quidem
2298 4732 2575 4803 quondam
2596 4731 2782 4799 inscii,
2816 4746 2965 4786 nunc
2986 4744 3117 4788 vero
3143 4744 3243 4802 per
3274 4729 3419 4786 divi-

1832 4843 1957 4882 nam
1988 4812 2220 4898 gratiam
2257 4824 2441 4895 periti,
2477 4824 2546 4879 ad
2598 4822 2731 4879 Sion
2773 4828 3014 4877 montem
3050 4828 3107 4876 et
3136 4812 3419 4875 civitatem

1832 4919 1933 4975 Dei
1968 4917 2223 4981 viventis,
2258 4916 2676 4987 Jerusalemque
2717 4917 2996 4971 caelestem
3048 4915 3417 4983 pervenimus.

1833 5010 1900 5063 Et
1926 5010 2076 5065 velut
2100 5008 2279 5064 edocti
2317 5008 2386 5062 ab
2420 5007 2514 5063 illo
2547 5009 2640 5079 qui
2678 5023 2938 5080 egressus
2964 5017 3050 5063 est
3076 5009 3162 5063 vel
3184 5007 3418 5063 descen-

1833 5102 1913 5158 dit
1935 5102 2002 5156 de
2024 5101 2237 5157 cmlesti
2260 5090 2589 5165 Jerusalem,
2614 5099 2798 5157 Verbo
2826 5088 2959 5164 D'co,
2989 5101 3250 5156 novimus
3272 5100 3418 5171 quod

1838 5212 1858 5244 ι
1884 5194 1976 5248 illa
2021 5209 2142 5263 quae
2172 5210 2396 5250 sursum
2443 5202 2531 5250 est
2569 5192 2896 5259 Jerusalem,
2937 5195 3107 5250 libera
3153 5202 3261 5259 est,
3298 5209 3421 5264 qua

1832 5296 1918 5341 est
1960 5292 2139 5341 mater
2183 5295 2374 5341 nostra
2398 5288 2438 5341 ⁸.
2473 5307 2492 5340 ι
2542 5288 2626 5343 A-d
2668 5288 2813 5343 hanc
2862 5289 3143 5345 ctelestem
3183 5284 3281 5345 Dei
3318 5289 3421 5345 do-

1830 5394 2002 5442 mum,
2035 5378 2105 5433 ad
2138 5362 2296 5443 Sion,
2340 5380 2623 5441 caelestem
2654 5389 2896 5436 montem
2926 5379 3167 5445 Domini,
3202 5395 3306 5436 nos
3335 5378 3419 5435 in-

1829 5469 2005 5525 vicem
2048 5471 2346 5527 invitantes
2380 5471 2845 5544 adhortantesque
2890 5472 3160 5528 doctrinis
3188 5477 3243 5527 et
3273 5472 3416 5528 inci-

1828 5561 2151 5630 tationibus,
2187 5563 2551 5621 dictitamus:
2588 5583 2608 5617 ι
2642 5563 2836 5622 Venite
2873 5572 2928 5621 et
2959 5566 3322 5622 ascendamus
3347 5565 3419 5621 ad

1829 5661 2069 5712 montem
2098 5653 2339 5723 Domini,
2384 5665 2439 5714 et
2478 5657 2548 5714 ad
2598 5658 2820 5715 domum
2863 5656 2961 5714 Dei
2988 5655 3200 5714 Jacob:
3230 5664 3288 5716 et
3315 5655 3421 5712 tio-

1493 5850 1643 5908 "lsa.
1674 5862 1733 5919 η,
1762 5853 1815 5910 1.
1865 5854 1914 5932 _'
1944 5851 2091 5913 Psal.
2122 5866 2292 5929 mn,
2323 5855 2520 5927 15,16.
2585 5856 2763 5915 Δ⁸(ὶιι1.
2793 5857 2987 5926 iv,36.
