3814 6220
399 303 537 360 H99

1141 303 1406 360 EUSEBII
1448 305 1938 362 CESARIENSIS.
1969 309 2122 369 OPP.
2166 311 2347 368 PARS
2386 313 2472 370 Ill.
2512 348 2581 356 —
2619 315 3027 373 EXEGETlCA.

3511 321 3640 376 Ιξθῡ

395 421 540 476 eebit
585 435 683 475 nos
731 423 846 476 vias
892 437 1041 486 snas,
1101 432 1157 477 et
1209 425 1607 482 ambulabimus
1658 430 1712 482 in
1757 432 1932 485 semiti

2068 436 2158 488 τὸν
2191 437 2512 509 ἐπουράνιον
2540 434 2687 493 οἷκον
2712 439 2806 493 τοῦ
2837 441 2994 503 Θεοῦ,
3030 441 3123 494 καὶ
3146 441 3237 494 ἐπὶ
3276 442 3336 494 τὸ
3359 441 3521 502 Σιὼν,
3559 447 3639 494 καὶ

393 515 518 581 ejus
540 516 578 567 ⁸.
611 533 629 564 ι
662 514 873 580 Quibus
917 531 1046 570 vero
1077 518 1328 586 expletis,
1360 527 1414 573 et
1458 519 1552 574 Dei
1586 523 1757 591 gratia
1809 524 1967 578 nobis

392 607 650 662 omnibus
701 606 1087 670 manifestatis,
1128 610 1233 664 alia
1263 626 1482 682 quoque
1521 615 1806 684 prophetia
1847 618 1966 670 exi-

393 711 508 754 tum
553 700 758 763 habuit,
801 714 907 769 qua
942 701 1118 770 ipsum
1163 703 1401 760 salutare
1445 704 1683 761 Verbum
1734 710 1965 763 manife-

392 793 534 847 stius
564 792 656 846 illa
678 807 801 861 qua;
825 808 970 846 nunc
1000 794 1160 847 nobis
1187 795 1510 850 elucidanda
1542 805 1626 853 est
1657 799 1963 868 prephetia,

391 889 625 938 testatur
673 883 861 937 dicens
898 903 908 936 :
942 883 1316 942 «Manifestus
1368 887 1546 944 factus
1599 906 1721 945 sum
1768 892 1836 947 iis
1871 894 1966 962 qui

391 985 518 1032 ante
547 992 656 1030 non
688 976 1139 1046 interrogabant;
1172 979 1499 1036 invenerunt
1543 985 1637 1054 qui
1682 999 1788 1039 non
1819 1001 1967 1056 qure-

389 1070 602 1127 sierttnt
632 1085 719 1123 me
746 1087 760 1133 ;
786 1069 898 1124 dixi
935 1090 946 1124 :
979 1070 1118 1126 Ecce
1168 1088 1290 1144 ego,
1329 1091 1458 1131 ecce
1496 1092 1596 1146 ego
1628 1079 1696 1133 ad
1722 1086 1961 1149 gentem,

385 1179 508 1232 quae
527 1179 636 1218 non
661 1163 948 1218 invocabat
973 1179 1170 1220 nomen
1203 1183 1382 1222 meum
1397 1169 1438 1223 ³.
1464 1188 1481 1220 ι
1519 1167 1576 1223 Si
1608 1171 1732 1240 quis
1760 1182 1963 1227 nostra:

386 1271 493 1310 non
522 1255 831 1310 consentiat
870 1255 1329 1327 interpretationi,
1363 1277 1524 1329 quem
1565 1264 1733 1317 alium
1763 1263 1830 1318 de
1859 1265 1961 1319 hoc

384 1355 569 1402 monte
602 1347 686 1402 vel
720 1348 885 1402 domo
928 1347 1022 1404 Dei
1064 1367 1288 1406 sensum
1336 1354 1599 1409 exhibere
1649 1358 1823 1425 possit
1872 1374 1960 1412 ne-

385 1439 521 1505 scio,
556 1438 625 1495 de
652 1441 855 1510 quibus
890 1443 1196 1511 prOphctia,
1239 1447 1482 1500 nondum
1514 1463 1659 1502 nunc
1697 1464 1961 1519 corpora-

385 1532 510 1586 liter
554 1532 938 1598 manifestatis,
979 1551 1101 1606 quae
1147 1537 1298 1606 prius
1341 1539 1511 1594 relata
1559 1549 1688 1594 sunt
1729 1542 1955 1596 indicat.

385 1621 624 1680 Possunt
650 1625 764 1680 hac
802 1641 1023 1697 quoque
1046 1629 1205 1684 aliter
1231 1631 1528 1685 secundam
1550 1631 1754 1688 Christi
1785 1635 1960 1687 mani—

384 1713 729 1776 festationem
784 1719 1114 1790 significare,
1174 1730 1307 1778 tunc
1351 1723 1536 1794 potius
1594 1742 1758 1796 quam
1811 1741 1957 1780 nunc

2070 529 2201 582 αὐτὸ
2232 530 2552 602 ἐπουράνιον
2587 531 2713 602 ὅρος
2745 533 2969 603 Κυρίου,
3002 534 3359 604 διεγείροντες
3387 535 3640 604 ἀλλήλους

2071 619 2164 672 καὶ
2186 620 2649 683 κατασπεύδοντες
2675 621 2762 674 διὰ.
2791 622 2887 691 τῆς
2920 621 3266 685 διδασκαλίας
3294 624 3390 676 καὶ
3414 641 3635 694 προτρο-

2069 712 2175 780 πῆς
2201 729 2411 782 φαμεν·
2448 732 2464 762 ι
2501 711 2685 775 Δεῦτε,
2723 714 2816 765 καὶ
2866 713 3154 784 ἁναϐῶμεν
3181 717 3259 778 εἰς
3292 714 3354 767 τὸ
3390 715 3517 785 ὅρος
3543 717 3642 768 Κυο

2069 803 2206 874 ρίου,
2225 804 2320 856 καὶ
2339 806 2416 866 εἰς
2431 804 2522 856 τὸν
2544 799 2692 857 οἶκον
2705 804 2798 856 τοῦ
2822 804 2956 856 Θεοῦ
2993 805 3187 857 Ἰακώϐ
3206 822 3220 836 ·
3242 807 3335 858 καὶ
3360 806 3644 873 ἀναγγελεῖ

2066 897 2198 964 ἡμῖν
2235 896 2333 966 τὴν
2379 895 2496 948 ὁδὸν
2531 895 2718 959 αὐτοῦ,
2765 897 2858 948 καὶ
2903 897 3283 966 πορευσόμεθα
3329 899 3392 949 ἐν
3431 899 3595 967 αὐτῇ.
3622 918 3637 948 ι

2065 985 2285 1038 Τούτων
2325 986 2368 1038 δ’
2395 987 2861 1041 ἀποτελεσθέντων
2886 1029 2899 1048 ,
2937 989 3029 1042 καὶ
3076 988 3210 1042 Θεοῦ
3252 989 3441 1060 χάριτι
3485 992 3643 1042 πᾶσιν

2063 1081 2196 1149 ἡμῖν
2241 1078 2498 1148 ἐμφανῶν
2536 1079 2864 1149 γενομένων,
2887 1080 2980 1131 καὶ
3034 1079 3164 1151 ἄλλη
3208 1097 3293 1143 τις
3339 1081 3643 1150 προφητεία

2066 1173 2238 1243 πέρας
2271 1171 2481 1240 εἴληφε,
2509 1171 2575 1223 δι’
2621 1165 2687 1240 ἧς
2719 1171 2878 1234 αὐτὸς
2903 1173 2932 1225 ὁ
2971 1173 3234 1242 σωτήριος
3261 1172 3435 1241 Λόγος
3478 1173 3639 1241 σαφέ-

2065 1279 2252 1333 στερον
2294 1263 2661 1334 ἐπιμαρτυρεῖ
2705 1265 2770 1332 τῇ
2827 1262 2964 1332 μετὰ
3008 1266 3196 1333 χεῖρας
3241 1267 3521 1335 περικοπῇ
3553 1264 3641 1335 τῆς

2060 1355 2153 1408 τοῦ
2183 1356 2404 1408 Ἡσαΐου
2437 1355 2786 1427 προφητείας,
2805 1354 2979 1422 λέγων
2997 1373 3009 1385 ·
3037 1375 3054 1404 ι
3078 1355 3355 1426 Ἐμφανὴς
3381 1356 3640 1428 ἐγενήθην

2060 1452 2171 1511 τοῖς
2194 1448 2292 1519 ἐμὲ
2325 1447 2399 1518 μὴ
2442 1447 2821 1519 ἐπερωτῶσιν·
2872 1447 3102 1520 εὑρέθην
3141 1451 3254 1512 τοῖς
3293 1432 3395 1519 ἐ.μέ
3438 1450 3517 1522 μὴ
3553 1447 3640 1520 ζη-

2059 1539 2241 1593 τοῦσιν
2265 1557 2278 1569 ·
2327 1534 2478 1601 εἶπα,
2516 1539 2646 1592 Ἰδοὺ
2689 1538 2800 1607 ἐγώ
2841 1540 2957 1609 εἰμι
2999 1538 3174 1603 ἔθνει,
3211 1540 3261 1592 οἳ
3304 1541 3405 1594 οὐκ
3439 1541 3638 1595 ἐπεκά-

2058 1631 2220 1684 λεσαν
2241 1631 2302 1684 τὸ
2325 1631 2495 1700 ³ίνομά
2529 1648 2650 1700 μου.
2680 1651 2697 1680 ι
2727 1632 2789 1684 Ei
2809 1630 2864 1684 δὲ
2891 1629 2964 1701 μὴ
2993 1629 3165 1694 οὕτως
3204 1632 3426 1686 ἐκλάϐοι
3460 1650 3548 1695 τις
3578 1634 3640 1684 τὰ

2058 1723 2200 1776 κατὰ
2222 1722 2349 1785 τοὺς
2374 1723 2592 1785 τόπους,
2624 1723 2777 1774 ποῖον
2810 1720 2876 1774 ἂν
2901 1721 3025 1792 ὅρος
3065 1720 3098 1792 ἢ
3139 1725 3288 1774 ποῖον
3326 1722 3466 1775 Θεοῦ
3497 1719 3640 1776 οἶκον

379 1807 676 1875 perfectum
715 1813 955 1869 oraculis
981 1815 1187 1868 exitum
1224 1815 1513 1873 habituris.
1552 1817 1706 1874 Scire
1738 1834 1940 1888 quoque

2057 1815 2228 1878 ἄλλως
2261 1813 2373 1884 ἔχοι
2417 1813 2483 1866 ἂν
2513 1811 2797 1877 ἐπιδεῖξαι,
2841 1815 2969 1885 περὶ
3005 1806 3079 1865 ὧν
3125 1815 3159 1883 ἡ
3189 1813 3500 1884 προφητεία
3521 1855 3535 1878 ,
3567 1815 3638 1878 ὡς

378 1916 556 1970 operae
590 1905 823 1972 pretium
849 1913 934 1960 est
981 1905 1096 1961 haec
1125 1907 1235 1962 fere
1265 1907 1330 1962 ad
1364 1909 1601 1963 litteram
1634 1909 1688 1962 in
1720 1909 1940 1964 Michaea

2064 1906 2138 1976 μὴ
2190 1903 2312 1957 τότε
2352 1904 2522 1956 ὅντων
2558 1902 2885 1972 σωματικῶς
2931 1902 3226 1973 ἐμφανῶν,
3271 1903 3342 1956 τὰ
3379 1919 3639 1974 προεκτι-

379 1995 661 2064 prophetia
687 1997 939 2052 inveniri.

2060 1997 2220 2050 θέντα
2254 1995 2528 2068 σημαίνει.
2564 1994 2795 2048 Δύναται
2827 1994 2884 2048 δὲ
2912 1994 3082 2048 ταῦτα
3110 1995 3201 2048 καὶ
3230 1995 3407 2058 ἄλλως
3437 1997 3519 2059 είς
3541 1996 3638 2066 τὴν

375 2089 632 2161 δευτέραν
664 2090 760 2143 τοῦ
781 2091 1014 2162 Χριστοῦ
1047 2092 1347 2163 παρουσίαν
1377 2093 1441 2165 (f.
1460 2094 1530 2147 45
1553 2095 1630 2162 νο)
1663 2092 2045 2167 ἁρμόττεσθαι,
2080 2091 2155 2153 ώς
2182 2089 2303 2142 τότε
2341 2087 2539 2158 μᾶλλον
2565 2087 2597 2157 ἢ
2631 2085 2724 2139 νῦν
2752 2087 3262 2157 πληρωθησομένων
3288 2087 3510 2150 τελείως
3530 2089 3635 2141 τῶν

376 2194 924 2256 προπεφητευμενων.
959 2188 1150 2240 ’ἰστέον
1177 2187 1254 2251 δὲ,
1277 2188 1352 2252 ὡς
1382 2191 1446 2243 τὰ
1479 2191 1614 2244 αὐτὰ
1647 2191 1786 2243 κατὰ
1814 2189 1956 2254 λέξιν
1989 2186 2172 2256 σχεδὸν
2203 2184 2500 2255 ἐμφέρεται
2538 2183 2633 2235 καὶ
2656 2184 2713 2234 ἐν
2747 2184 2814 2252 τῇ
2841 2181 2936 2234 τοῦ
2958 2181 3188 2250 Μιχαίου
3220 2182 3546 2251 προφητεία.

991 2298 1223 2356 CAPUT
1264 2300 1330 2356 ll.

2578 2294 2976 2348 ΚΕΦΑΛΑΙΟΝ
3022 2294 3095 2348 Β’.

1002 2391 1084 2446 Ex
1114 2393 1312 2448 eodem.

2665 2416 2774 2470 Τοῦ
2807 2419 2953 2470 αὐτο
2963 2416 3015 2470 ῦ.

455 2500 474 2532 ι
502 2479 641 2536 Ecce
666 2482 809 2536 enim
840 2482 1150 2539 dominator
1191 2484 1451 2541 Dominus
1473 2488 1810 2543 exercituum
1849 2504 1940 2542 au-

2126 2531 2144 2562 ι
2182 2511 2312 2564 ’ἰδοὺ
2371 2509 2458 2580 δὴ,
2518 2510 2546 2560 ὁ
2597 2507 2864 2577 δεσπότης
2922 2505 3146 2560 Σαϐαὼθ
3181 2505 3512 2575 ἁφελεῖὰπδ

375 2573 512 2630 feret
567 2589 597 2628 a
645 2572 950 2630 Jerusalem
993 2587 1046 2631 et
1095 2593 1123 2630 a
1155 2577 1295 2632 Juda
1345 2579 1584 2634 validum
1632 2588 1686 2636 et
1729 2580 1940 2645 fortem,

2058 2603 2316 2666 Ἰουδαίας
2366 2572 2460 2655 καί
2493 2599 2600 2653 ἀπὸ
2632 2572 2984 2669 Ἰερουσαλὴμ
3014 2572 3263 2667 ἰσχύοντα
3295 2599 3393 2651 καὶ
3417 2572 3629 2667 ἰσχύου-

371 2682 532 2722 omne
571 2667 738 2722 robur
775 2668 932 2737 panis
981 2679 1034 2723 et
1080 2684 1243 2724 omne
1289 2670 1456 2724 robur
1495 2685 1689 2740 aquae:
1727 2671 1940 2735 fortem,

2055 2711 2168 2760 ταν,
2220 2693 2372 2763 ἰσχὺν
2421 2692 2584 2762 ἄρτου
2624 2667 2719 2742 καί
2775 2667 2955 2758 ἰσχὺν
2985 2687 3197 2752 ὓδατος,
3255 2689 3494 2757 γίγαντα
3541 2689 3628 2742 καὶ

369 2768 424 2815 et
451 2761 627 2814 virum
663 2760 1000 2823 bellatorem,
1027 2760 1293 2830 judicem,
1323 2769 1377 2817 et
1405 2763 1821 2832 prophetam,et
1845 2764 1940 2816 ha-

2055 2785 2320 2856 ἰσχύοντα,
2359 2785 2454 2837 καὶ
2495 2781 2781 2852 ἄνθρωπον
2829 2777 3180 2852 πολεμιστὴν,
3214 2781 3308 2832 καὶ
3340 2781 3624 2850 δικαστὴν,

370 2855 589 2920 “dum,
621 2862 675 2910 ει
721 2870 943 2910 senem:
977 2857 1279 2928 ΡΓῘηείΡθῖη
1329 2872 1496 2926 super
1525 2856 1942 2927 ιιυῑηίιυθείηιθι
2043 2855 2138 2929 καὶ
2170 2877 2478 2947 προφήτην,
2499 2875 2592 2927 καὶ
2621 2873 2943 2942 στοχαστὴν,
2977 2872 3071 2926 καὶ
3104 2870 3501 2942 πρεσϐύτερον,
3537 2873 3628 2924 καὶ

366 2956 422 2999 et
449 2947 817 3003 honorabilem
842 2949 1015 3011 vultu,
1044 2955 1097 3003 et
1127 2949 1525 3013 consiliarium,
1559 2957 1613 3004 et
1645 2949 1940 3018 sapientem

2055 2968 2538 3038 πεντηκόνταρχον,
2560 2966 2652 3018 καὶ
2675 2963 2982 3034 θαυμαστὸν
3002 2961 3322 3032 σύμϐουλον,
3345 2965 3441 3016 καὶ
3469 2965 3628 3032 σοφὶν

367 3039 436 3094 de
471 3040 816 3103 architectis,
859 3049 912 3095 et
968 3041 1288 3109 prudentem
1339 3042 1540 3112 eloquii
1588 3042 1826 3113 mystici.
1879 3039 1940 3094 Et

2055 3059 2422 3130 ipxtréxrova,
2454 3057 2549 3110 καὶ
2579 3056 2796 3108 συνετὸν
2831 3055 3123 3124 ἀκροατήν.
3187 3053 3298 3106 Καὶ
3344 3055 3634 3130 ἐπιστῂσω

365 3132 507 3186 dabo
552 3148 750 3202 pueros
783 3133 1058 3202 principes
1095 3149 1307 3202 eorum,
1333 3142 1388 3190 et
1422 3135 1718 3189 effeminati
1758 3133 1936 3188 domi-

368 3221 641 3245 -.-1.-.Διη-
696 3223 755 3245 .2-
780 3224 833 3245 ι-
867 3243 876 3245 Α
942 3231 985 3245 ,ι
1029 3225 1231 3245 _-I2-__-
1317 3227 1453 3245 ,,,--L,
1489 3244 1498 3245 κ
1562 3242 1575 3245 -
1601 3227 1699 3245 .Ι.1·.
1754 3227 1838 3245 ne,
1875 3242 1891 3245 _

2055 3151 2354 3214 reavimuc
2386 3149 2651 3221 ἄρχοντας
2691 3146 2901 3209 αὐτῶν,
2940 3147 3033 3199 καὶ
3065 3147 3366 3215 ἐμπαῖκται
3405 3147 3630 3216 κυριεύ-

366 3221 641 3275 nabuntur
678 3223 834 3288 eis';
866 3243 886 3274 ι
937 3231 990 3278 et
1029 3225 1260 3296 reliqua,
1307 3227 1508 3296 quibus
1556 3227 1704 3282 addit
1753 3227 1930 3282 Deus:

2055 3259 2224 3294 τουσιν
2274 3240 2472 3302 αὐτῶν,
2504 3259 2524 3290 ι
2574 3238 2670 3290 καὶ
2717 3237 2786 3289 τὰ
2837 3235 2997 3305 ἐξῆς·
3035 3229 3117 3296 οἷς
3165 3234 3411 3302 ἐπιλέγει
3460 3235 3622 3297 Θεός·

372 3331 391 3362 ι
425 3310 602 3369 Nolite
652 3315 990 3370 constituere
1043 3332 1128 3371 me
1185 3319 1486 3388 principem
1537 3320 1744 3389 populi.
1807 3319 1938 3374 Ruit

2055 3351 2062 3381 ι
2090 3331 2206 3384 Ούκ
2233 3329 2426 3399 ἔσομαι
2462 3327 2703 3398 ἀρχηγὸς
2734 3323 2827 3377 τοῦ
2867 3323 2996 3376 λαοῦ
3042 3322 3228 3375 τούτου
3249 3363 3264 3388 ,
3295 3323 3378 3376 ὅτι
3414 3323 3623 3376 ἀνεῖται

362 3405 507 3459 enim
528 3404 850 3472 Jerusalem,
893 3416 947 3463 et
974 3407 1113 3463 Juda
1146 3411 1386 3465 concidit
1414 3431 1425 3465 :
1453 3413 1579 3482 quia
1617 3412 1799 3482 lingua
1841 3429 1937 3468 eo-

2055 3419 2437 3493 Ίερουσαλὴμ,
2486 3420 2580 3471 καὶ
2625 3419 2666 3487 ἡ
2722 3415 2947 3469 Ἰουδαία
2992 3415 3393 3485 συμπέπτωκε,
3437 3413 3535 3467 καὶ
3567 3415 3621 3465 αξ

363 3511 484 3550 rum
522 3505 575 3551 et
602 3497 1015 3555 adinvcntioues
1056 3515 1244 3555 eorum
1291 3512 1480 3557 contra
1522 3504 1835 3568 Dominum,
1877 3513 1938 3558 ut

361 3598 683 3659 provocaret
724 3593 925 3646 oculos
956 3593 1266 3663 majestatis
1310 3595 1448 3664 ejus.
1501 3597 1720 3666 Agnitio
1753 3597 1936 3652 vultus

359 3695 548 3736 eorum
583 3683 866 3752 respondit
903 3683 989 3739 eis
1015 3703 1028 3738 :
1053 3693 1106 3739 et
1134 3697 1420 3754 peceatum
1452 3704 1612 3742 suum
1639 3690 1797 3759 quasi
1834 3688 1936 3744 So-

359 3772 518 3830 doma
559 3774 1018 3846 prmdicaveruut,
1061 3793 1163 3832 nec
1213 3778 1660 3833 absconderunt:
1695 3794 1776 3834 vae
1817 3780 1936 3833 ani-

359 3881 462 3922 ma
500 3883 713 3933 eorum,
757 3869 1016 3938 quoniam
1049 3870 1255 3923 malum
1284 3870 1526 3924 meditati
1573 3878 1703 3925 sunt
1750 3871 1934 3925 consi-

357 3960 490 4015 lium
535 3962 588 4015 in
631 3962 810 4032 seipsa
867 3963 1151 4017 dicentes:
1183 3961 1497 4017 Vinciemus
1547 3961 1760 4029 justum
1800 3976 1934 4031 quo-

357 4053 504 4108 niam
539 4053 748 4108 inutilis
772 4061 894 4116 est;
930 4055 1184 4124 quoniam
1217 4053 1452 4108 fructum
1487 4051 1930 4107 adinventionum

355 4158 580 4198 suarum
609 4145 949 4200 comedent".
973 4166 991 4198 ι
1036 4144 1199 4200 Liber
1219 4146 1313 4215 qui
1358 4143 1669 4200 Solomonis
1700 4143 1932 4214 Sapien-

355 4234 430 4288 tia
481 4233 706 4302 dicitur,
734 4233 850 4290 fere
879 4236 1070 4290 eadem
1101 4236 1168 4290 de
1211 4236 1363 4306 justo
1389 4235 1668 4305 eloquitur
1704 4253 1718 4288 :
1755 4253 1775 4286 ι
1813 4233 1934 4288 Cir-

352 4326 767 4382 cumveniamus
798 4341 929 4396 ergo
958 4327 1462 4396 justum,quoniam
1489 4325 1700 4380 inutilis
1723 4332 1806 4380 est
1835 4341 1933 4380 no-

351 4414 438 4470 bis
467 4420 522 4469 et
553 4415 866 4469 contrarius
909 4423 995 4470 est
1032 4415 1219 4470 verbis
1249 4414 1460 4470 nostris
1483 4415 1526 4470 '.
1572 4433 1592 4466 ι
1627 4413 1804 4484 Hujus
1826 4414 1930 4468 loci

2037 3514 2280 3581 γλῶσσαι
2313 3510 2491 3564 αὐτῶν
2521 3508 2668 3579 μετὰ
2696 3507 2947 3577 ἀνομίας,
2969 3506 3036 3559 τὰ
3065 3505 3200 3575 πρὸς
3233 3505 3442 3576 Κύριον
3465 3506 3622 3558 ἀπει-

2038 3598 2280 3663 θοῦντες.
2302 3598 2452 3651 Διότι
2489 3596 2584 3649 νῦν
2614 3594 2953 3665 ἐταπεινώθη
2990 3596 3025 3665 ἡ
3065 3594 3191 3660 δόξα
3220 3595 3424 3657 αὐτῶν,
3461 3597 3555 3648 καὶ
3588 3597 3620 3665 ἡ

2037 3689 2262 3760 αἰσχύνη
2294 3688 2388 3740 τοῦ
2437 3685 2729 3758 προσώπου
2774 3685 2953 3741 αὐτῶν
2992 3685 3220 3755 ἀντέστη
3255 3686 3441 3749 αὐτοῖς
3465 3703 3480 3714 ·

2035 3779 2089 3832 δέ
2120 3778 2394 3850 ἁμαρτίαν
2429 3778 2607 3830 αὐτῶν
2655 3777 2730 3840 ὡς
2760 3776 3007 3846 Σοδόμων
3037 3775 3367 3845 ἀνήγγειλαν
3398 3777 3497 3829 καὶ
3537 3778 3624 3828 ἐν-

2035 3871 2296 3939 εφάνισαν
2318 3887 2331 3900 ·
2369 3869 2493 3922 οὐαὶ
2523 3873 2589 3939 τῇ
2623 3868 2768 3939 ψυχῇ
2821 3868 3020 3929 αὐτῶν,
3062 3867 3194 3921 διότι
3237 3867 3621 3938 βεϐούλευνται

2036 3963 2232 4034 βουλὴν
2259 3961 2523 4032 πονηρὰν,
2555 3961 2677 4014 καθ’
2713 3960 2919 4014 ἑαυτῶν
2945 3960 3218 4023 εἰπόντες·
3243 3961 3510 4031 Δήσωμεν
3533 3961 3625 4014 es»

2033 4054 2258 4116 δίκαιον,
2291 4053 2377 4106 ὅτι
2398 4053 2732 4123 δύσχρηστος
2759 4054 2892 4123 ἡμῖν
2940 4053 3058 4104 ἐστι
3081 4067 3095 4081 ·
3130 4051 3308 4105 τοίνυν
3327 4053 3395 4104 τὰ
3423 4056 3620 4122 γεννή-

2037 4161 2180 4214 ματα
2212 4143 2320 4197 τῶν
2351 4142 2528 4215 ἔργων
2567 4143 2748 4195 αὐτῶν
2779 4142 3062 4211 φάγονται.
3089 4162 3108 4193 ι
3140 4143 3250 4196 Καὶ
3285 4143 3618 4212 ἡ”λεγομένη

2032 4236 2374 4306 Σολομῶντος
2404 4236 2573 4305 Σοφία
2612 4233 2682 4288 τὰ
2715 4234 3071 4306 παραπλήσια
3103 4235 3216 4296 τοῖς
3257 4233 3452 4286 ἐνθάδε
3493 4235 3621 4306 περὶ

2032 4326 2123 4380 τοῦ
2151 4327 2360 4380 δικαίου
2387 4325 2731 4396 λελεγμένοις
2762 4324 2935 4388 οὕτως
2957 4325 3070 4396 ἔχει
3089 4341 3102 4355 ·
3132 4343 3151 4374 ι
3176 4324 3618 4396 Ἐνεδρεύσωμεν

2031 4417 2123 4470 τὸν
2145 4417 2369 4480 δίκαιον,
2383 4419 2465 4469 ὅτι
2485 4417 2823 4487 δύσχρηστος
2839 4417 2971 4487 ἡμῖν
2991 4417 3130 4479 ἐστι,
3149 4415 3244 4468 καὶ
3271 4415 3617 4469 ἐναντιοῦται

348 4506 516 4560 verba
539 4507 820 4562 evidenter
836 4505 904 4562 de
933 4507 1156 4563 Christo
1180 4506 1328 4562 dicta
1352 4522 1476 4562 esse
1491 4506 1748 4561 videntur
1771 4525 1785 4572 ;
1816 4506 1926 4560 illic

2055 4509 2141 4571 τοῖς
2156 4508 2332 4575 λόγοις
2356 4507 2530 4578 ἡμῶν.
2547 4505 2761 4560 »Ταῦτα
2787 4505 2844 4560 δὲ
2867 4508 2926 4558 ἐν
2961 4504 3188 4567 ἐκείνοις
3211 4503 3404 4572 σαφῶς
3437 4507 3502 4558 ἐκ
3517 4505 3618 4574 τῆς

347 4615 480 4655 vero
511 4599 580 4654 de
627 4599 1017 4655 insidiantibus
1045 4600 1116 4662 ei,
1144 4607 1306 4670 atque
1335 4599 1390 4652 in
1433 4598 1627 4668 primis
1666 4597 1926 4652 adversus

347 4707 444 4747 eos
467 4691 561 4762 qui
593 4691 795 4746 malum
825 4691 1068 4746 meditati
1102 4701 1230 4745 sunt
1258 4691 1550 4746 consilium
1583 4689 1926 4761 prophetiza-

347 4791 455 4837 tur.
481 4783 717 4851 Ideoque
738 4783 1187 4851 imprecationem
1221 4781 1274 4834 in
1307 4795 1401 4836 eos
1439 4779 1722 4849 Scriptura
1753 4779 1927 4848 subji-

344 4875 419 4928 cit
447 4894 459 4928 :
493 4893 512 4926 ι
554 4874 646 4928 ναι
674 4873 871 4928 animae
905 4887 1126 4936 eorum;
1168 4891 1185 4921 ι
1222 4871 1316 4925 sed
1346 4878 1399 4925 et
1431 4885 1648 4940 poenam
1673 4885 1794 4936 quae
1827 4884 1922 4923 eos

344 4973 530 5021 manet
569 4965 742 5030 addit,
775 4965 1016 5020 dicens:
1068 4981 1087 5014 ι
1161 4961 1420 5017 Fructum
1470 4962 1920 5016 adinventionum

343 5069 570 5109 suarum
628 5054 931 5109 comedent.
978 5073 995 5104 ι
1033 5051 1165 5118 Quae
1209 5052 1354 5106 enim
1409 5053 1817 5105 seminaverunt
1864 5050 1920 5103 in

339 5146 642 5211 Christum,
667 5147 782 5201 hac
817 5153 871 5200 et
914 5151 1119 5199 metent
1157 5144 1211 5196 in
1257 5141 1350 5197 Dei
1391 5143 1619 5212 judicio.
1649 5140 1768 5196 Jam
1797 5143 1920 5212 qui-

339 5241 462 5293 dem
511 5240 568 5294 in
612 5239 715 5292 hac
756 5238 866 5292 vita
908 5236 1030 5290 vide
1075 5250 1258 5289 annon
1290 5235 1346 5289 in
1391 5250 1487 5290 eos
1532 5233 1787 5303 impletus
1834 5241 1917 5288 est

337 5339 461 5398 post
492 5344 622 5385 suas
653 5329 918 5383 adversus
968 5326 1249 5382 Christum
1303 5327 1530 5381 insidias
1589 5325 1750 5394 hujus
1781 5339 1912 5394 pro-

339 5419 537 5488 phetia
568 5435 750 5474 sermo
773 5421 964 5475 dicens
997 5439 1012 5474 :
1059 5437 1078 5470 ι
1117 5417 1258 5473 Ecce
1298 5417 1609 5473 dominator
1649 5417 1911 5472 Dominus

2030 4597 2396 4669 συμφράσεως
2424 4595 2743 4667 ἐμφαίνεται
2767 4593 3014 4667 περὶτοῦ
3039 4593 3277 4666 Χριστοῦ
3308 4596 3580 4667 εἰρημένα
3597 4613 3612 4624 ·

2027 4693 2120 4745 καὶ
2154 4689 2224 4744 τὰ
2256 4690 2443 4744 ἐνθάδε
2479 4687 2770 4760 τοιγαροῦν
2801 4688 2930 4760 περὶ
2961 4687 3071 4741 τῶν
3101 4687 3612 4741 ἐπιϐουλευσάντων
3649 4702 3654 4705 ί

2025 4783 2174 4855 αὐτῷ
2199 4783 2294 4836 καὶ
2333 4781 2453 4836 καθ’
2481 4781 2686 4835 ἑαυτῶν
2718 4779 2917 4851 μᾶλλον
2945 4781 3088 4852 ἢπερ
3109 4779 3229 4832 κατ’
3253 4778 3425 4831 αὑτοῦ
3453 4796 3615 4847 πονη-

2028 4871 2127 4945 ρὰν
2164 4870 2354 4942 βουλὴν
2414 4869 2854 4940 βουλευσαμένων
2884 4865 3283 4938 προφητεύεται
3305 4884 3318 4897 ·
3355 4866 3424 4918 δι’
3466 4867 3496 4919 ὃ
3520 4866 3616 4918 καὶ

2024 4962 2377 5035 καταλλήλως
2409 4962 2502 5015 τὸν
2551 4960 2880 5031 ταλανισμδν
2907 4961 3117 5023 ἑαυτοῖς
3146 4961 3176 5012 ὁ
3218 4959 3374 5026 λόγος
3412 4958 3612 5025 ἐπάγει

2021 5053 2109 5106 διὰ
2138 5052 2255 5114 τοῦ,
2286 5071 2304 5104 ι
2342 5052 2479 5105 Οὐαὶ
2506 5054 2571 5122 τῇ
2616 5050 2760 5122 ψυχῇ
2802 5048 3010 5102 αὐτῶν·
3051 5067 3070 5100 ι
3097 5047 3235 5102 ἀλλὰ
3262 5048 3360 5100 καὶ
3385 5048 3492 5118 τὴν
3516 5047 3611 5100 κό-

2020 5144 2176 5198 λασιν
2218 5143 2320 5213 τὴν
2359 5143 2761 5213 περιμένουσαν
2797 5141 2995 5204 αὐτοὺς
3039 5139 3336 5211 προτίθησι
3387 5139 3568 5207 λέγων
3591 5155 3606 5169 ·

2027 5253 2047 5286 ι
2087 5235 2277 5287 Τοίνυν
2303 5233 2373 5286 τὰ
2397 5234 2708 5303 γεννήματα
2727 5231 2833 5284 τῶν
2859 5230 3038 5302 ἔργων
3066 5230 3246 5283 αὐτῶν
3267 5231 3556 5299 φάγονται·
3584 5251 3602 5282 ι

2022 5329 2179 5380 ὁποῖα
2207 5326 2316 5396 γὰρ
2347 5325 2605 5395 ἐσπειραν
2641 5324 2781 5376 κατὰ
2832 5321 2927 5376 τοῦ
2965 5321 3227 5391 Χριστοῦ,
3254 5322 3492 5376 τοιαῦτα
3515 5323 3606 5374 καὶ

2020 5417 2288 5489 θεριοῦσιν
2323 5419 2378 5468 ἐν
2409 5415 2487 5486 τῷ
2507 5415 2601 5468 τοῦ
2624 5414 2758 5468 Θεοῦ
2786 5414 3076 5486 κριτηρίῳ.
3098 5413 3235 5484 Ἤδη
3252 5413 3309 5465 δὲ
3344 5415 3442 5466 καὶ
3465 5414 3603 5467 κατά

337 5509 676 5564 exercituum
723 5511 933 5565 auferet
963 5525 993 5563 a
1032 5509 1338 5565 Jerusalem
1363 5517 1418 5564 et
1442 5523 1471 5562 a
1499 5508 1640 5563 Juda
1671 5507 1910 5562 validum

2055 5510 2107 5564 δν
2159 5507 2392 5562 ἐνταῦθα
2445 5506 2558 5576 βίον
2595 5507 2696 5577 δρα
2739 5507 2788 5558 εί
2846 5506 2921 5577 μὴ
2973 5504 3109 5576 μετὰ
3156 5503 3255 5573 τὴν
3307 5504 3453 5557 κατὰ
3509 5503 3599 5555 τοῦ

337 5611 390 5655 et
420 5601 636 5655 fortem.
663 5621 680 5654 ι
700 5602 840 5658 Vere
867 5605 1013 5656 enim
1047 5602 1228 5657 ablata
1265 5612 1348 5659 est
1380 5604 1448 5657 ab
1484 5603 1575 5667 iis,
1605 5618 1726 5674 qua:
1755 5601 1909 5672 prius

409 5755 424 5783 ⁸
451 5750 553 5807 lsa.
597 5769 653 5817 ιι,
679 5755 731 5806 5.
808 5759 825 5786 ²
863 5756 963 5808 lsa.
1003 5771 1122 5820 νιν,
1154 5759 1203 5811 1.
1285 5758 1302 5786 ³
1341 5756 1442 5812 lsa.
1481 5772 1562 5823 ιιι,
1602 5757 1652 5810 1.

2016 5598 2252 5672 Χριστοῦ
2317 5598 2606 5668 ἐπιϐουλὴν
2671 5596 2960 5670 ἐπληρώθη
3009 5597 3090 5659 εἰς
3137 5595 3337 5658 αὐτοὺς
3381 5596 3416 5650 ὁ
3463 5612 3596 5662 προο

1730 5759 1750 5789 ⁸
1789 5756 1890 5812 Isa.
1928 5773 1965 5819 ι,
2011 5757 2132 5810 HO.
2211 5756 2230 5786 ⁵
2265 5753 2392 5823 Sap.
2422 5769 2484 5817 ιι,
2516 5752 2602 5805 12.
