3856 6226
325 275 447 328 ﬁt)!

1339 277 1635 334 ECLOGA:
1676 275 2162 334 PROPHETICIE.
2205 309 2274 318 —
2311 278 2440 334 LIB.
2485 278 2572 334 IV.

3425 281 3560 337 1202

314 396 562 463 κείμενος
587 395 686 464 τῆς
732 397 1066 468 προφητείας
1109 397 1285 465 λόγος,
1329 399 1358 450 ὁ
1405 398 1662 466 φάσκων·
1691 415 1709 446 ι
1759 395 1868 448 Ἰδοὲ

1996 395 2279 449 habitabat
2315 396 2370 448 in
2397 395 2500 459 eis,
2531 395 2714 449 divina
2741 395 3084 464 caelestiaque
3103 396 3296 464 gratia,
3325 412 3425 450 nec
3447 399 3557 466 jam

309 483 372 553 δὴ
405 485 434 535 ὁ
462 483 727 557 δεσπότης
750 487 955 558 Κύριος
992 487 1215 542 Σαϐαὼθ
1260 487 1449 557 ἀφελεῖ
1481 486 1590 540 ἀπὸ
1609 487 1708 557 τῆς
1753 489 1887 539 ἰου-

307 576 463 639 δαίας
487 577 582 629 καὶ
601 578 710 631 ἀπὸ
752 579 1105 650 Ἰερουσαλὴμ
1145 579 1396 650 ἰσχύοντα
1413 580 1507 633 καὶ
1540 579 1844 648 ἰσχύουσαν.
1862 598 1879 630 ι

324 667 565 739 Ἀληθῶς
592 669 701 742 γὰρ
733 671 1008 743 ἀφῄρηται
1036 673 1130 726 ἀπ’
1158 673 1336 726 αὐτῶν
1368 674 1401 742 ἡ
1426 670 1594 724 πάλαι
1621 669 1884 740 πρότερον

309 759 770 831 ὲμπολιτευομένη
801 765 858 815 ὲν
901 763 1084 825 αὐτοῖς
1113 763 1232 816 θεία
1275 761 1368 815 καὶ
1405 761 1656 832 οὐράνιος
1701 760 1882 830 χάρις,

309 851 402 904 καὶ
470 853 645 906 οὐκέτ’
694 853 839 908 ἐστιν
885 856 1064 926 εὑρεῖν
1107 857 1164 907 ἐν
1207 856 1391 918 αὐτοῖς
1441 851 1564 906 οὔτε
1601 851 1883 922 προφήτην

305 941 429 994 οὔτε
471 946 802 1013 στοχαστήν·
839 945 945 998 ποῦ
985 945 1042 997 δὲ
1090 947 1184 999 καὶ
1215 947 1242 996 ὁ
1273 942 1606 1014 πολεμιστὴς
1639 939 1816 994 αὐτῶν
1847 939 1879 1009 ἢ

304 1034 334 1084 ὁ
378 1033 659 1106 δικαστὴς,
712 1037 740 1088 ό
799 1035 1112 1106 Θαυμαστὸς
1143 1036 1471 1108 σύμϐουλος,
1513 1033 1609 1104 ἢὸ
1663 1031 1883 1095 συνετὸς

306 1125 580 1195 ἀκροατής
603 1143 618 1189 ;
645 1127 708 1180 Et
737 1127 793 1180 δὲ
835 1129 930 1181 καὶ⁵
966 1128 1214 1182 δοκοῦσιν
1245 1128 1409 1199 ἄρτου
1443 1125 1536 1179 τοῦ
1582 1140 1882 1194 πνευματι-

306 1216 403 1270 κοῦ
431 1217 681 1288 μετέχειν
705 1221 763 1273 ἐν
795 1220 873 1291 τῷ
898 1224 1010 1285 τοῖς
1035 1223 1197 1292 ἱεροῖς
1222 1219 1570 1290 ἐντυγχάνειν
1613 1216 1708 1270 τοῦ
1745 1215 1878 1268 Θεοῦ

303 1306 501 1374 λόγοις,
530 1309 643 1361 ἀλλ’
676 1310 777 1380 ὅρα
795 1313 844 1364 εἰ
865 1311 989 1382 μὴή
1018 1311 1246 1382 δύναμις
1271 1312 1367 1365 κα)⁸
1394 1312 1426 1381 ή
1459 1308 1658 1380 ίσχὺςὴ
1691 1307 1747 1359 ἐν
1766 1306 1880 1366 τοῖς

303 1396 470 1461 θείοις
508 1399 834 1471 Γράμμασιν
873 1404 1274 1475 ἐναποκειμένη
1293 1401 1350 1466 ἐξ
1377 1400 1554 1455 αὐτῶν
1577 1398 1877 1468 ἀφῄρηται·

304 1488 491 1555 σαφῶς
501 1489 543 1540 δ’
561 1491 654 1543 ἐπὶ
680 1492 890 1556 τούτοις
918 1494 1058 1566 καὶὴ
1087 1492 1438 1565 Ἰερουσαλὴμ
1455 1492 1680 1551 ἀνεῖται,
1701 1487 1795 1539 καὶ
1815 1486 1882 1538 τά

301 1579 462 1634 λοιπά
487 1581 543 1634 δέ
569 1585 746 1638 πάντα
773 1587 852 1648 είς
874 1587 1070 1650 αὐτοὺς
1094 1585 1450 1658 πεπλήρωται
1471 1583 1558 1638 διὰ
1579 1583 1707 1653 μίαν
1740 1577 1884 1632 ἐκεί-

1994 483 2138 554 apud
2166 500 2262 540 eos
2292 485 2533 555 reperire
2561 493 2646 540 est
2691 485 3007 554 prophetam
3045 485 3212 538 ullum
3248 495 3342 538 aut
3378 485 3560 539 hario-

1995 576 2125 631 lum.
2159 573 2261 628 Ubi
2291 576 2435 630 enim
2465 577 2546 630 vir
2575 576 2805 630 bellator
2832 591 3044 639 eorum,
3066 576 3258 645 judex,
3291 576 3558 632 mirabilis

1992 667 2361 730 consiliarius,
2397 674 2451 721 et
2485 669 2724 737 prudens
2779 666 2979 737 eloquii
3033 668 3292 738 mystici?
3317 667 3473 734 Quod
3513 669 3557 722 si

1991 760 2246 812 videntur
2281 759 2440 828 panis
2484 758 2789 827 Spiritualis
2815 773 2938 812 esse
2968 758 3282 826 participes,
3312 773 3434 812 cum
3467 773 3557 812 sa-

1990 866 2082 903 cra
2114 850 2434 921 possideant
2465 848 2562 903 Dei
2602 850 2792 912 verba,
2825 849 2946 904 vide
2979 863 3160 902 annon
3181 850 3354 905 virtus
3380 857 3434 904 et
3465 865 3557 904 ro-

1987 942 2113 1004 bur,
2140 941 2193 994 in
2225 941 2426 995 divinis
2459 941 2760 1012 Scripturis
2783 941 3101 1008 inclusa,ab
3123 942 3192 996 iis
3223 942 3401 996 ablata
3426 942 3554 996 sint.

1989 1031 2275 1087 Manifeste
2310 1033 2454 1086 enim
2489 1034 2568 1088 eis
2601 1035 2711 1088 ruit
2751 1033 3069 1099 Jerusalem,
3100 1045 3402 1104 caateraque
3432 1049 3552 1088 om-

1985 1123 2077 1176 nia
2109 1123 2375 1180 adversus
2433 1140 2530 1181 eos
2576 1125 2797 1194 impleta
2845 1134 2974 1178 sunt
3026 1141 3121 1196 per
3157 1141 3325 1180 unum
3365 1139 3553 1180 eorum

1985 1215 2248 1272 adversus
2269 1217 2546 1272 Christum
2572 1218 2770 1273 scelus.
2800 1236 2818 1268 ι
2847 1217 2939 1273 Vae
2957 1219 3126 1282 enim,
3155 1238 3172 1270 ι
3199 1219 3274 1271 ait
3303 1217 3554 1288 Scriptu-

1983 1321 2066 1368 ra,
2102 1328 2120 1358 ι
2159 1308 2354 1362 anima:
2385 1324 2595 1364 eorum.
2635 1329 2654 1362 ι
2700 1309 2876 1380 Atque
2904 1311 3308 1380 imprecationis
3333 1325 3552 1364 causam

1985 1393 2161 1458 affert,
2185 1395 2373 1450 dicens
2399 1413 2411 1448 :
2438 1396 2738 1462 «Quoniam
2769 1397 2970 1450 malum
2989 1398 3230 1453 meditati
3263 1406 3392 1454 sunt
3419 1413 3552 1452 con-

1986 1485 2173 1539 silium
2221 1486 2273 1539 in
2323 1488 2560 1557 seipsos,
2596 1489 2842 1544 dicentes
2888 1506 2902 1542 :
2961 1486 3272 1544 Vinciemus
3321 1487 3549 1558 justum,

1986 1575 2244 1644 quoniam
2269 1575 2477 1630 inutilis
2503 1576 2680 1630 nobis.
2723 1594 2741 1628 ι

301 1692 398 1746 νην
429 1678 528 1747 τὴν
560 1680 701 1735 κατά
745 1681 840 1734 τοῦ
862 1684 1098 1752 Χριστοῦ
1127 1686 1430 1757 ἁμαρτίανο
1473 1701 1491 1734 ι
1519 1680 1654 1735 Οὐαὶ
1685 1675 1814 1746 γὰρ,
1843 1693 1860 1725 ›
1881 1673 2042 1742 φησιν
2079 1673 2106 1724 ὁ
2127 1670 2303 1739 λόγος.
2333 1691 2351 1722 ι
2387 1675 2452 1744 τῇ
2496 1673 2638 1743 ψυχῇ
2671 1673 2876 1726 αύτῶνο
2911 1691 2929 1724 ι
2957 1671 3050 1726 καὶ
3089 1670 3182 1724 τοῦ
3219 1664 3549 1739 ταλανισμοῦ

298 1768 398 1839 τὴν
462 1772 640 1825 αἰτίαν
703 1776 1028 1846 προστίθησι
1071 1777 1132 1847 (ι’,
1163 1779 1252 1848 46)
1319 1779 1527 1846 λέγων·
1579 1793 1596 1824 ι
1639 1770 1782 1825 Διότι
1845 1762 2220 1836 βεϐούλευνται
2264 1765 2461 1834 βουλὴν
2513 1765 2756 1838 πονηρὰν
2813 1765 2934 1819 καθ’
2987 1765 3224 1828 ἑαυτῶν,
3266 1761 3547 1824 εἰπόντες·

299 1861 561 1932 Δήσωμεν
578 1864 670 1918 τὸν
717 1865 946 1931 δίκαιον,
974 1870 1055 1923 ὅτι
1079 1869 1414 1942 δύσχρηστος
1440 1871 1569 1940 ἡμῖν
1603 1866 1768 1917 ἐστιν.
1804 1880 1822 1910 ι

825 1962 1219 2017 ΚΕΦΑΛΔΙΟΝ
1277 1964 1317 2015 Γ
1320 1963 1354 2016 ’.

375 2062 395 2094 ι
422 2046 561 2111 Λαός
594 2066 718 2118 μου,
747 2051 797 2104 οῖ
818 2054 1212 2125 μακαρίζοντες
1242 2056 1388 2126 ὑμᾶς
1403 2055 1675 2110 πλανῶσιν
1709 2057 1872 2126 ὑμᾶς.

299 2137 393 2188 καὶ
425 2137 521 2208 τὴν
550 2139 734 2207 τρίϐον
755 2143 862 2196 τῶν
896 2145 1069 2198 ποδῶν
1104 2145 1256 2215 ὑμῶν
1288 2147 1669 2218 ταράσσουσιν.
1718 2148 1874 2202 Ἀλλά

297 2224 393 2277 νῦν
417 2231 817 2299 καταστήσεται
864 2234 942 2295 είς
971 2233 1150 2304 κρίσιν
1188 2234 1410 2306 Κύριος,
1446 2237 1540 2290 καὶ
1573 2239 1758 2310 στήσει
1785 2241 1874 2292 τὸν

298 2315 424 2369 λαὸν
459 2319 643 2372 αὑτοῦ.
676 2320 848 2385 Αὐτὸς
902 2321 1105 2394 Κύριος
1143 2326 1221 2388 εἰς
1252 2325 1430 2395 κρίσιν
1450 2325 1568 2398 ⁴ἥξει
1607 2326 1744 2398 μετὰ
1766 2329 1874 2380 τῶν

297 2407 683 2480 πρεσϐυτέρων
713 2412 808 2464 τοῦ
843 2413 996 2474 λαοῦ,
1029 2416 1122 2467 καὶ
1156 2415 1295 2485 μετά
1329 2418 1436 2470 τῶν
1479 2419 1755 2490 ἀρχόντων
1781 2421 1874 2472 αύσ

295 2492 412 2545 τοῦ.
439 2512 460 2546 ›
485 2496 597 2549 Οὐκ
625 2497 798 2552 ἔοικεν
820 2501 912 2552 ἐπὶ
943 2502 1034 2555 τὸν
1065 2503 1173 2556 τῶν
1207 2505 1342 2559 ὃλων
1364 2506 1495 2561 Θεὸν
1507 2508 1872 2581 ἀναφέρεσθαι

297 2583 376 2647 τὸ,
399 2605 416 2635 ι
439 2583 555 2638 Νῦν
583 2591 980 2661 καταστήσεται
1021 2595 1100 2656 είς
1128 2594 1306 2665 κρίσιν
1336 2596 1539 2667 Κύριος
1557 2615 1569 2627 θ
1587 2619 1604 2649 ι
1646 2601 1739 2653 καὶ
1767 2602 1872 2670 μά-

297 2675 452 2728 λιστα
478 2677 559 2741 τὸ,
599 2698 618 2729 ι
647 2681 819 2744 Αὐτὸς
856 2683 1059 2755 Κύριος
1105 2689 1182 2749 είς
1230 2687 1410 2758 κρίσιν
1443 2690 1562 2760 ἥξει
1594 2691 1735 2761 μετά
1763 2692 1872 2745 τῶν

296 2769 681 2841 πρεσϐυτέρων
714 2773 809 2825 τοῦ
847 2773 998 2837 λαοῦ,
1023 2777 1118 2830 καὶ
1169 2779 1305 2848 μετὰ
1339 2780 1447 2833 τῶν
1479 2783 1752 2854 ἀρχόντων
1779 2785 1874 2838 αύ-

293 2861 389 2913 τοῦ
414 2877 428 2892 ·
467 2882 484 2912 ι
505 2865 731 2934 ἁρμόζοι
765 2867 808 2919 δ’
840 2867 906 2920 ἃν
960 2872 1086 2940 περὶ
1115 2871 1210 2924 τοῦ
1244 2871 1378 2926 Θεοῦ
1424 2874 1620 2942 Λόγου,
1665 2877 1871 2948 Κυρίου

297 2954 390 3006 καὶ
443 2954 609 3008 αὑτοῦ
655 2959 1114 3028 χρηματίζοντος,
1169 2963 1344 3018 ταῦτα
1397 2967 1868 3037 προφητεύεσθαι·

295 3047 389 3097 καὶ
428 3045 537 3117 γὰρ
579 3043 672 3101 οὖν
717 3050 878 3114 αὐτὸς
923 3053 950 3103 ὁ
983 3054 1278 3124 κηρυχθεὶς
1312 3058 1446 3109 πᾶσι
1496 3061 1607 3121 τοῖς
1655 3060 1759 3113 ὑπὸ
1782 3061 1872 3113 τὸν

293 3136 520 3206 οὐρανὸν
545 3139 678 3192 Θεοῦ
709 3142 880 3209 Λόγος
899 3146 978 3207 εἰς
1001 3145 1178 3216 κρίσιν
1203 3146 1340 3217 μετά
1361 3149 1577 3202 πάντων
1604 3154 1873 3222 καταστή-

295 3244 469 3293 σεται,
509 3231 632 3302 μηδ’
663 3234 746 3286 ἐνὶ
773 3233 881 3287 τῶν
913 3235 1124 3289 ἀσεϐῶν
1153 3239 1334 3308 χώραν
1362 3241 1536 3304 διδοὺς
1556 3243 1867 3312 ἀπολογίας,

295 3317 389 3369 ac;
412 3320 490 3382 είς
521 3319 618 3384 τὰς
642 3322 897 3376 ἁπάντων
932 3325 1100 3389 ἀκοὰς
1140 3327 1540 3399 διαδραμούσης
1576 3331 1738 3384 αὑτοῦ
1771 3332 1869 3402 τῆς

291 3407 638 3475 διδασκαλίας
657 3430 669 3442 ·
700 3414 820 3484 ἣξει
847 3415 891 3468 δ’
919 3417 999 3480 είς
1024 3418 1202 3488 κρίσιν
1225 3421 1430 3490 Ἰησοῦς
1463 3423 1696 3494 Χριστὸς
1733 3423 1870 3494 μετά

292 3498 399 3554 τῶν
447 3503 830 3576 πρεσὸυτέρων
859 3508 1093 3578 μάλιστα
1137 3510 1230 3563 τοῦ
1263 3511 1392 3566 λαοῦ
1426 3513 1520 3566 καὶ
1578 3515 1715 3583 μετά
1763 3516 1870 3570 τῶν

292 3591 567 3661 ἀρχόντων
593 3597 783 3660 αὑτοῦ,
815 3594 900 3651 οἷα
947 3599 1010 3671 δὴ
1043 3602 1218 3655 αὐτῶν
1259 3605 1724 3676 ὲπισυναχθέντων
1749 3610 1868 3661 κατ’

292 3683 480 3747 αὑτοῦ,
532 3688 624 3741 καὶ
677 3689 774 3760 τὴν
823 3691 1114 3764 ἐπιϐουλὴν
1152 3695 1301 3766 αύτῷ
1341 3701 1863 3768 συσκευασαμένων·

291 3777 341 3827 οἳ
378 3779 468 3830 καὶ
508 3782 897 3852 μακαρίζοντες
928 3786 1018 3838 τὸν
1040 3787 1341 3859 ἀρχόμενον
1373 3791 1462 3842 ὑπ’
1497 3791 1678 3862 αὐτῶν
1717 3791 1862 3854 λαὸν,

291 3868 537 3934 ἐπλᾲνων
575 3873 756 3938 αὐτὸν,
789 3874 1036 3944 λέγοντες
1073 3877 1133 3931 τὸ
1169 3867 1400 3951 πονηρὸν
1424 3881 1602 3946 καλὸν,
1631 3885 1722 3936 καὶ
1744 3887 1868 3949 τοὺς

291 3960 487 4025 καλοὺς
519 3964 613 4017 τοῦ
665 3967 916 4036 Σωτῆρος
959 3970 1116 4039 ἡμῶν
1161 3971 1349 4039 λόγους
1392 3976 1660 4047 πονηροὺς
1700 3977 1865 4048 ὑπάρ-

290 4069 406 4120 χειν
451 4056 892 4127 ἀποφαινόμενοι.

822 4173 1216 4227 ΚΕΦΑΛΑΙΟΝ
1269 4179 1340 4229 Δ’.

365 4272 382 4303 ι
406 4255 515 4307 Καὶ
548 4256 843 4326 προσέθετο
866 4259 1070 4330 Κύριος
1089 4262 1320 4333 λαλῆσαι
1347 4265 1426 4336 τῷ
1461 4267 1646 4337 Ἀχάζ,
1669 4268 1864 4338 λέγων*

286 4343 515 4412 Δί’τησαι
543 4347 753 4416 σεαυτῷ
798 4353 1020 4419 σημεῖον
1045 4352 1194 4424 παρὰ
1235 4355 1441 4426 Κυρίου
1487 4358 1624 4412 Θεοῦ
1662 4378 1752 4413 σου
1784 4365 1863 4425 είς

289 4433 468 4502 βάθος,
507 4435 538 4507 ἢ
573 4439 652 4501 είς
677 4438 828 4508 ὕψος.
851 4441 959 4494 Καὶ
990 4438 1324 4517 εἷπενἈχάξ
1344 4465 1356 4478 ·
1399 4449 1473 4502 Οὐ
1511 4451 1584 4522 μὴ
1622 4454 1858 4524 αἰτήσω,

284 4525 404 4615 ούόὲ
443 4527 516 4598 μὴ
545 4529 789 4601 πειρὰσω
837 4531 1057 4602 Κύριον.
1089 4537 1200 4590 Καὶ
1240 4534 1424 4592 εἶπεν·
1467 4542 1753 4598 Ἀκούσατε
1772 4546 1854 4615 δὴ.

2594 1949 2820 2005 CAPUT
2851 1947 2940 2002 ΙΙΙ.

2052 2063 2070 2094 ι
2106 2043 2311 2114 Popule
2343 2060 2518 2107 meus,
2556 2043 2648 2115 qui
2675 2053 2724 2098 te
2752 2045 2968 2098 beatum
2992 2042 3198 2104 dicunt,
3235 2039 3338 2111 ipsi
3368 2047 3422 2095 te
3449 2038 3546 2094 de-

1976 2137 2208 2206 cipiunt,
2239 2144 2293 2190 et
2336 2137 2479 2189 viam
2531 2150 2816 2205 gressuum
2855 2141 3075 2188 tuorum
3105 2133 3396 2202 dissipant.
3428 2129 3546 2185 Stat

1977 2227 2044 2281 ad
2093 2227 2452 2296 judicandum
2505 2226 2790 2290 Dominus,
2833 2233 2886 2281 et
2921 2231 3028 2280 stat
3074 2224 3139 2279 ad
3186 2223 3544 2294 judicandum

1976 2318 2236 2388 populum
2266 2333 2450 2372 suum.
2490 2316 2753 2372 Dominus
2804 2317 2870 2370 ad
2916 2315 3183 2386 judicium
3214 2315 3392 2369 veniet
3419 2329 3544 2369 cum

1975 2411 2199 2466 senibus
2231 2409 2436 2481 pOpuli,
2466 2421 2520 2464 et
2555 2409 2892 2479 principibus
2935 2407 3056 2477 ejus
3081 2407 3119 2459 ¹.
3165 2425 3183 2458 ι
3213 2405 3332 2460 Non
3355 2405 3544 2460 viden-

1974 2511 2063 2559 tur
2091 2505 2156 2558 de
2176 2503 2418 2558 omnium
2449 2501 2557 2556 Deo
2586 2501 2698 2555 haec
2732 2499 2949 2563 referri,
2983 2517 3000 2548 ι
3041 2497 3195 2553 Nunc
3222 2505 3328 2553 stat
3361 2497 3428 2550 ad
3454 2497 3545 2566 juo

1975 2595 2268 2650 dicandum
2306 2593 2590 2657 Dominus,
2629 2612 2647 2644 ι
2673 2601 2727 2647 et
2760 2593 3084 2662 praesertim,
3123 2610 3142 2642 ι
3179 2589 3443 2645 Dominus
3475 2589 3540 2642 ad

1969 2687 2241 2756 judicium
2271 2687 2449 2742 veniet
2481 2701 2604 2740 cum
2638 2687 2862 2741 senibus
2892 2685 3098 2754 populi,
3121 2691 3174 2738 et
3203 2682 3542 2753 principibus

1972 2781 2113 2851 ejus.
2165 2802 2183 2834 ι
2213 2780 2405 2836 Melius
2427 2780 2493 2835 ad
2520 2779 2612 2835 Dei
2637 2779 2898 2843 Verbum,
2934 2779 3226 2849 ipsumque
3253 2777 3540 2831 Dominum

1972 2883 2248 2938 vocatum,
2289 2875 2404 2929 haec
2437 2879 2647 2944 spectat
2689 2871 2992 2942 pr0phetia.
3032 2870 3242 2924 Etenim
3293 2870 3410 2939 ipse
3453 2855 3543 2921 an;

1971 2969 2253 3022 nuntiatus
2287 2967 2541 3022 omnibus
2565 2983 2684 3036 quae
2719 2966 2824 3020 sub
2864 2964 3019 3018 cmlis
3050 2969 3178 3018 sunt
3214 2962 3381 3031 judex
3421 2975 3540 3014 om-

1972 3060 2123 3114 nium
2159 3059 2253 3114 Dei
2291 3057 2528 3114 Verbum
2579 3059 2962 3121 constituetur,
2993 3071 3170 3126 neque
3203 3055 3300 3109 ulii
3343 3053 3537 3124 impio-

1973 3169 2093 3206 rum
2156 3153 2529 3208 exeusationis
2593 3153 2772 3208 locum
2822 3151 3009 3216 dabit,
3041 3150 3240 3221 quippe
3291 3163 3416 3203 cum
3471 3145 3538 3200 ad

1973 3243 2406 3312 uniuscujusque
2455 3243 2701 3295 auditum
2747 3240 3056 3311 pervenerit
3098 3240 3218 3310 ejus
3265 3236 3534 3292 doctrina.

1976 3336 2163 3390 Veniet
2206 3335 2273 3389 ad
2307 3335 2574 3405 judicium
2627 3333 2787 3389 Jesus
2829 3334 3081 3388 Christus
3131 3347 3254 3386 cum
3312 3329 3538 3386 senibus

1972 3428 2270 3497 praesertim
2301 3428 2484 3498 populi
2511 3433 2566 3482 et
2589 3442 2714 3480 cum
2742 3425 3078 3496 principibus
3107 3425 3248 3492 ejus,
3273 3422 3530 3493 quoniam

1971 3518 2048 3572 illi
2093 3518 2358 3572 adversus
2385 3532 2507 3572 eum
2538 3517 2853 3586 congregati
2897 3524 3044 3579 sunt,
3093 3514 3255 3584 eique
3307 3511 3537 3566 insidias

1971 3618 2310 3664 struxerunt.
2359 3610 2463 3676 Qui
2497 3617 2552 3664 et
2603 3610 2821 3664 beatum
2872 3607 3117 3663 dicentes
3158 3606 3416 3677 populum
3447 3603 3534 3659 cui

1969 3715 2261 3774 praeerant,
2305 3721 2430 3760 eum
2481 3705 2854 3774 decipiebant,
2891 3703 3091 3756 malum
3135 3715 3236 3772 pro
3281 3701 3424 3755 bono
3451 3701 3536 3756 di-

1969 3806 2191 3862 centes,
2244 3798 2587 3866 optimosque
2661 3793 2963 3861 Salvatoris
3019 3793 3194 3849 nostri
3256 3807 3536 3848 sermones

1969 3888 2126 3957 quasi
2158 3888 2429 3958 pessimos
2451 3886 2746 3942 criminati.

2561 4177 2789 4233 CAPUT
2844 4176 2932 4230 IV.

2042 4293 2060 4324 ι
2095 4272 2160 4326 Ει
2193 4272 2392 4341 adjecit
2443 4269 2705 4324 Dominus
2757 4270 2901 4338 loqui
2947 4267 3014 4321 ad
3044 4265 3243 4329 Aehaz.
3285 4266 3474 4322 dicens
3514 4285 3528 4321 :

1965 4364 2092 4418 Pete
2121 4363 2218 4417 tibi
2256 4363 2470 4432 signum
2503 4377 2532 4414 a
2569 4359 2798 4414 Domino
2849 4359 2957 4414 Deo
2982 4368 3076 4414 tuo
3099 4359 3153 4413 in
3201 4357 3530 4428 profundum

1965 4452 2185 4514 inferni,
2221 4453 2336 4506 sive
2385 4452 2438 4505 in
2488 4451 2765 4504 excelsum
2801 4464 2990 4519 supra.
3034 4447 3102 4503 Et
3140 4447 3279 4502 dixit
3308 4447 3530 4503 Aehaz:

1962 4543 2082 4599 Non
2130 4551 2332 4614 petam,
2374 4550 2423 4598 et
2461 4558 2568 4596 non
2619 4543 2840 4598 tentaho
2891 4540 3201 4597 Dominum.
3242 4540 3306 4595 Et
3345 4541 3481 4595 dixit
3514 4560 3525 4594 :

283 4609 428 4678 οἶκος
460 4617 756 4708 ΔαυΐδσνΜὴ
789 4621 980 4690 μικρὸν
1006 4623 1133 4693 ύμῖν
1157 4625 1342 4693 ἀγῶνα
1369 4631 1626 4702 παρέχειν
1645 4609 1856 4708 ἀνθρω-

1977 4609 2160 4691 λυάὶιο
2193 4650 2348 4705 ergo,
2383 4635 2582 4689 domus
2607 4633 2774 4687 David
2808 4653 2821 4687 :
2853 4632 3124 4704 Numquid
3155 4647 3344 4701 parum
3376 4631 3531 4686 vobis

284 4721 424 4770 ποις,
453 4707 545 4758 καὶ
597 4707 712 4770 πῶς
757 4711 944 4780 Κυρίῳ
977 4714 1243 4785 παρέχετε
1281 4719 1500 4786 ἀγῶνα;
1553 4723 1650 4778 Διά
1699 4707 1857 4781 τοῦτο

1977 4737 2060 4792 :st,
2099 4729 2362 4782 molestos
2393 4744 2516 4782 esse
2551 4727 2886 4792 hominibus,
2910 4726 3038 4795 quia
3065 4725 3278 4779 molesti
3309 4724 3444 4778 estis
3477 4730 3530 4776 et

281 4796 438 4848 δώσει
468 4797 669 4868 Κύριος
697 4801 854 4864 αὐτὸς
883 4802 1010 4872 ὑμῖν
1045 4811 1265 4876 σημεῖον
1285 4827 1298 4840 ο
1342 4811 1492 4875 Ἰδοὺ,
1521 4817 1552 4886 ή
1586 4816 1854 4887 παρθένος

1977 4825 2068 4876 )eo
2102 4821 2264 4874 meo?
2297 4819 2527 4889 Propter
2562 4819 2665 4872 hoc
2707 4819 2857 4873 dabit
2899 4816 3162 4872 Dominus
3211 4818 3327 4886 ipse
3376 4815 3528 4870 vobis

280 4888 338 4937 ἐν
369 4889 564 4958 γαστρὶ
597 4889 846 4959 λήψεται,
872 4893 966 4946 καὶ
992 4895 1204 4960 τέξεται
1239 4900 1351 4953 υἱόν
1371 4921 1384 4933 ·
1404 4904 1498 4957 καὶ
1523 4906 1770 4973 καλέσεις
1794 4911 1854 4964 τὸ

1977 4915 2194 4982 tignum.
2233 4911 2375 4966 Ecce
2409 4888 2581 4981 ivirgo
2619 4911 2915 4980 concipiet,
2944 4918 2999 4965 et
3039 4911 3214 4981 pariet
3245 4909 3433 4972 lilium,
3474 4918 3530 4962 et

277 4975 448 5047 ὄνομα
496 4980 657 5033 αὐτοῦ
695 4983 1072 5057 Ἐμμανουήλ·
1118 4988 1375 5062 βούτυρον
1404 4995 1496 5048 καὶ
1529 4997 1648 5067 μέλι
1680 5001 1850 5069 φάγε-

279 5085 384 5131 ται,
410 5070 536 5140 πρὶν
561 5072 594 5142 ἢ
622 5072 820 5140 γνῶναι
847 5076 1006 5129 αὐτὸν
1041 5078 1072 5149 ἢ
1102 5083 1418 5152 προελέσθαι
1448 5090 1677 5162 πονηρὰ,
1700 5095 1852 5149 ἐκλέ-

278 5156 424 5252 ζεται
455 5159 515 5212 τὸ
539 5161 766 5228 ἀγαθόν’
793 5164 945 5231 διότι,
971 5172 1098 5240 πρὶν
1119 5171 1149 5242 ἣ
1171 5175 1373 5240 γνῶναι
1401 5178 1461 5231 τὸ
1490 5182 1697 5238 παιδίον
1718 5187 1853 5256 ἀγά-

402 5247 433 5318 ῆ
464 5248 652 5314 κακὸν,
691 5253 908 5309 ἀπειθεῖ
948 5261 1204 5332 πονηρία,
1236 5265 1553 5330 ἐκλέξασθαι
1601 5274 1661 5326 τὸ
1710 5246 1848 5346 ἀγα-

277 5335 386 5438 θόν.
409 5360 445 5441 1
471 5343 553 5441 Οἱ.
581 5344 654 5414 μὴ
705 5349 1135 5441 παραδεχόμενοι
1177 5355 1291 5409 τῶν
1331 5360 1396 5412 ἐκ
1427 5367 1725 5438 περιτομῆς
1751 5335 1849 5441 τὴν

275 5430 368 5479 τοῦ
409 5430 655 5505 Σωτῆρος
693 5435 849 5506 ἡμῶν
895 5439 1064 5509 Ἰησοῦ
1103 5444 1342 5514 Χριστοῦ
1369 5430 1851 5525 παρουσίαννλεγέ-

275 5537 453 5582 τωσαν
496 5524 580 5587 τίς
626 5527 658 5596 ἡ
711 5528 995 5599 παρθένος,
1029 5536 1062 5602 ή
1097 5535 1239 5588 κατὰ
1277 5537 1372 5608 τὴν
1414 5548 1746 5616 προφητείαν
1774 5524 1856 5605 Ῠὲνι

345 5676 361 5706 ³
397 5675 499 5732 lsa.
540 5693 621 5744 Ill,
667 5680 850 5739 12-”.
927 5688 946 5716 ²
977 5685 1083 5742 lsa.
1121 5705 1215 5757 vn,
1253 5692 1429 5748 10-16.

1953 5006 2239 5060 vocabitur
2267 5020 2466 5058 nomen
2499 5003 2621 5073 ejus
2646 5003 2986 5060 Emmanuel.
3025 5003 3289 5077 Butyrum
3334 5012 3390 5059 et
3423 5003 3527 5058 mel

1959 5099 2226 5161 comedet,
2255 5105 2312 5151 ut
2346 5097 2485 5154 sciat
2531 5099 2825 5166 reprobare
2853 5098 3078 5163 malum,
3110 5108 3164 5154 et
3198 5097 3400 5167 eligere
3429 5097 3528 5151 bo-

1959 5207 2110 5244 num.
2148 5189 2283 5255 Quia
2317 5200 2605 5258 antequam
2660 5191 2797 5244 sciat
2837 5205 2970 5260 puer
3001 5189 3293 5260 reprobare
3325 5188 3526 5243 malum

1957 5290 2009 5334 et
2042 5282 2241 5352 eligere
2275 5281 2496 5341 bonum,
2535 5297 2640 5333 non
2664 5289 2748 5334 est
2778 5280 3038 5335 obediens
3068 5280 3309 5343 malitiae,
3347 5288 3407 5333 ut
3439 5295 3527 5334 so-

1957 5373 2087 5443 ligat
2118 5375 2319 5428 bonum
2339 5375 2380 5426 ’.
2422 5393 2440 5425 ι
2467 5372 2582 5426 Non
2602 5372 2930 5442 accipientes
2953 5371 3047 5439 qui
3069 5387 3135 5426 ex
3159 5371 3528 5425 circumcisio-

1958 5480 2025 5517 ne
2057 5474 2205 5529 sunt,
2242 5461 2547 5518 Salvatoris
2581 5461 2754 5516 nostri
2800 5459 2930 5516 Jesu
2962 5459 3167 5516 Christi
3208 5458 3521 5521 adventum,

1957 5555 2145 5611 dicant
2179 5571 2426 5625 qumnam
2474 5555 2545 5611 sit
2591 5557 2703 5611 haec
2738 5554 2910 5625 virgo,
2944 5567 3064 5624 qum
3091 5552 3246 5623 juxta
3288 5549 3522 5622 prophe-
