3856 6226
343 321 484 380 1203

1152 323 1422 382 EUSEBII
1460 324 1948 384 CESARIENSIS
1978 326 2129 387 OI'P.
2169 330 2352 387 PARS
2389 330 2479 388 111.
2523 362 2592 374 -
2626 330 3039 391 EXEGETICA.

3462 328 3613 387 4204

337 441 468 495 tiam
498 439 556 494 in
587 444 745 495 utero
772 438 1003 512 accipiet
1029 448 1085 496 et
1115 441 1291 510 pariet
1322 440 1515 507 ﬁlium,
1534 441 1695 512 cujus
1718 456 1910 498 nomen

2021 446 2222 517 γαστρὶ
2266 445 2547 517 ληψομένη
2597 446 2689 498 καί⁵
2737 444 2968 510 τέξουσα
3011 446 3104 500 τὸν
3135 443 3613 517 ἐπονομαζόμενον

332 532 439 587 erit
472 530 987 597 Emmanuel.Quod
1020 532 1067 587 si
1096 532 1338 616 dixerint
1374 546 1484 611 non
1509 532 1794 604 virginem,
1818 534 1916 589 sed

336 623 574 695 puellam
605 622 749 694 apud
806 622 1149 711 Scripturam
1182 622 1447 678 llebraica
1476 636 1611 679 vocc
1665 626 1918 679 nomina-

333 725 447 770 tam
488 731 635 781 esse,
667 706 1115 787 respondendum
1167 716 1316 787 quod
1348 716 1510 788 primi
1539 718 1634 788 qui
1668 718 1917 774 divinum

335 805 639 880 Scriptura:
659 806 883 864 sensum
902 798 989 863 ita
1017 815 1147 865 sunt
1170 806 1534 879 interpretati,
1556 824 1664 864 non
1686 809 1919 880 quilibet
1956 810 1963 818 ’

332 911 513 966 erant,
551 902 898 981 septuaginta
955 882 1182 957 scilicet.
1214 915 1245 956 e
1276 901 1477 971 populo
1506 903 1914 981 praestantiores

332 992 553 1057 delecti,
589 1003 644 1049 et
692 979 932 1048 maxima
979 1009 1078 1064 pro
1122 994 1234 1071 illis
1269 995 1606 1065 temporibus
1645 979 1915 1075 sapientia

331 1084 567 1154 probati.
608 1082 893 1151 Quodnam
916 1085 1064 1140 enim
1095 1084 1297 1139 mirum
1327 1084 1519 1141 Sermo
1550 1074 1917 1157 pollicebatur

332 1178 548 1248 signum
578 1177 645 1233 ab
687 1177 804 1247 ipso
836 1177 1087 1243 Domino,
1124 1178 1282 1249 quasi
1328 1176 1636 1249 prodigium
1687 1178 1913 1249 aliquid,

330 1268 495 1324 domo
518 1254 687 1326 David
709 1270 895 1325 datum
919 1270 987 1326 iri
1037 1270 1434 1341 praenuntians,
1465 1262 1517 1325 si‘
1539 1269 1918 1326 tantummodo

332 1362 566 1433 simplex
611 1362 794 1433 puella
838 1361 1246 1432 designaretur.
1280 1360 1426 1417 Nihil
1476 1353 1611 1418 vero
1642 1364 1914 1437 prohibet,

329 1453 432 1508 etsi
481 1454 720 1523 puellam
758 1452 914 1523 juxta
953 1469 1048 1510 eos
1080 1454 1405 1511 Hebraicum
1458 1442 1757 1526 signiﬁcet,
1783 1456 1918 1525 quin

330 1528 623 1613 praphetia'
644 1534 911 1614 virginem
934 1544 1169 1600 indicari
1212 1546 1616 1602 existimemus.
1640 1545 1917 1601 Caeterum

330 1634 386 1689 in
412 1634 658 1693 Levitico
690 1652 908 1708 quoque
951 1638 1198 1695 invenies
1232 1640 1498 1710 virginem
1530 1640 1648 1695 viro
1680 1639 1918 1711 despon-

328 1734 605 1792 satam,et
639 1744 761 1800 quae
810 1729 922 1785 vim
971 1730 1041 1784 ab
1084 1731 1192 1785 alio
1219 1732 1365 1796 tulit,
1410 1733 1646 1803 puellam
1696 1747 1915 1805 quoque

2027 535 2379 607 Ἐμμανουὴλ
2421 536 2569 591 υἱόνο
2614 535 2727 589 ἀλλ’
2767 536 2817 589 εί
2862 536 3122 605 φάσκοιεν
3171 536 3247 608 μὴ
3291 532 3613 606 γεγράφθαι

2016 628 2309 699 παρθένον,
2338 628 2477 682 ἀλλὰ
2520 630 2701 683 νεᾶνιν
2747 628 2892 683 κατὰ
2929 628 2992 682 τὸ
3024 627 3330 699 Ἐὁραῖκδν,
3359 624 3611 688 λεκτέον,

2015 720 2219 791 ὼςόὐχ
2249 723 2297 773 oi
2326 720 2579 791 τυχόντες
2602 718 2895 790 ἐτύγχανον
2934 721 2983 773 ci
3016 718 3226 791 πρῶτοι
3257 718 3353 789 τὴν
3377 715 3613 788 Γραφὴν

2016 811 2160 866 κατὰ
2203 811 2353 866 θείαν
2402 812 2837 885 ἑρμηνεύσαντες
2862 812 3197 882 οἰκονομίαν,
3232 810 3617 881 ἑϐδομήκοντα

2020 906 2120 978 μὲν
2147 904 2300 968 ὄντες
2328 905 2391 959 τὸ
2419 905 2643 977 πλῆθος,
2677 905 3095 977 ἁναλελεγμένοι
3139 903 3450 976 ἀριστίνδην
3496 899 3614 954 ἀπὸ

2017 998 2221 1063 παντὸς
2253 997 2349 1051 τοῦ
2379 998 2533 1062 λαοῦ,
2568 998 2798 1071 δοκιμήν
2827 1017 2888 1053 τε
2920 999 2982 1052 οὐ
3015 995 3257 1070 σμικράν
3293 996 3439 1049 κατὰ
3478 993 3615 1057 τοὺς

2016 1089 2199 1144 αὐτῶν
2225 1078 2452 1163 χρόνους
2476 1090 2570 1144 ἐπὶ
2598 1092 2761 1165 σοφίᾳ
2782 1091 3077 1154 δεδωκότες
3095 1106 3110 1121 °
3143 1090 3197 1143 τί
3240 1089 3287 1142 δ’
3321 1089 3387 1143 ἂν
3419 1087 3611 1157 παρὰ·

2015 1182 2166 1249 δοξον
2187 1185 2216 1237 ὁ
2243 1182 2429 1251 Λόγοςι
2447 1184 2759 1254 ὑπισχνεῖτο
2790 1186 3014 1255 σημεῖον
3047 1183 3139 1238 ὑπ’
3166 1180 3333 1235 αὖτοῦ
3360 1179 3461 1234 τοῦ
3488 1182 3611 1234 Κυ-

2018 1275 2137 1346 ρίου
2166 1274 2355 1347 ὤσπερ
2378 1291 2433 1328 τι
2456 1274 2767 1347 θαυμαστὸν
2804 1276 2884 1346 τῷ
2909 1275 3045 1347 οἴκῳ
3081 1273 3245 1329 Δαυῒδ
3280 1269 3614 1342 δοθήσεσθαι

2017 1367 2796 1441 προμαρτυρόιμενος,ξί·περὶ
2821 1368 2985 1440 ψιλῆς
3010 1367 3251 1430 νεάνιδος
3277 1368 3309 1420 ὁ
3331 1364 3493 1433 λόγος
3514 1358 3611 1434 ἦν·

2016 1459 2170 1513 οὐδὲν
2199 1459 2257 1512 δὲ
2283 1461 2436 1531 ἡμᾶς
2468 1459 2699 1524 κωλύει,
2728 1461 2778 1513 εί
2804 1461 2899 1514 καὶ
2927 1457 3223 1529 νεάνιδα[ν]
3252 1457 3374 1510 κατ’
3407 1453 3615 1517 αὐτοὺς

2019 1549 2262 1622 περιέχει
2287 1549 2349 1603 τὸ
2389 1550 2700 1623 Ἐσραῖκὸν,
2732 1551 2810 1615 ὡς
2836 1550 2967 1623 περὶ
2999 1549 3271 1622 παρθένου
3311 1544 3613 1618 δηλοῦσθαι

2017 1640 2258 1711 νομίζειν
2286 1639 2355 1694 τά
2391 1640 2687 1713 είρημέναο
2733 1641 2830 1694 καὶ
2868 1640 2978 1711 γὰρ
3013 1636 3106 1693 οὖν
3136 1641 3194 1692 ὲν
3222 1637 3302 1709 τῷ
3334 1632 3616 1704 Λευῖτικῷ

2017 1732 2198 1803 εὕροις
2239 1731 2306 1785 ἂν
2350 1731 2449 1805 τὴν
2479 1732 2928 1803 ὁμολογουμένως
2961 1730 3228 1803 παρθένον
3262 1744 3616 1803 μεμνηστευ-

329 1820 618 1892 Scriptura
646 1823 664 1853 ί
692 1823 974 1894 appellari.
1009 1822 1078 1877 Et
1110 1823 1198 1879 hic
1227 1825 1447 1896 quidem
1480 1826 1739 1881 decorum
1766 1836 1910 1881 esset

2020 1822 2189 1893 μένην
2222 1821 2399 1893 ἀνδρὶ,
2446 1823 2535 1891 ὑφ’
2570 1823 2759 1894 ἑτέρου
2787 1823 2807 1893 (
2830 1822 2870 1879 ί.
2895 1820 2967 1876 46
2996 1822 3093 1891 v°)
3124 1820 3182 1873 δὲ
3216 1817 3616 1889 βεϐιασμένην,

328 1913 492 1969 domo
519 1913 690 1969 David
723 1922 949 1985 propter
989 1930 1178 1971 eorum
1211 1916 1645 1972 incredulitatem
1676 1933 1705 1972 a
1733 1917 1916 1971 Domi-

327 2018 403 2068 no
429 2004 549 2061 dari
575 2005 816 2077 signum,
844 2006 1112 2077 virginem
1149 2008 1411 2063 inusitate
1433 2008 1727 2078 parturire,
1755 2009 1915 2079 cujus

326 2083 648 2164 nasciturus
679 2109 818 2165 puer
846 2094 1189 2149 admirabilis
1232 2093 1351 2149 fore
1382 2093 1791 2165 praedicaretur.
1828 2093 1917 2148 Si-

327 2184 548 2257 quidem
572 2200 601 2251 a
628 2187 887 2256 pueritia,
926 2195 980 2243 et
1017 2195 1077 2243 ut
1104 2188 1179 2242 ita
1220 2187 1421 2251 dicam,
1464 2186 1534 2241 ab
1562 2188 1680 2259 ipsa
1711 2188 1913 2241 nativi-

326 2284 440 2355 tate
467 2277 692 2355 malitiae
723 2266 834 2345 non
864 2270 1365 2353 obtemperaturus,
1383 2280 1699 2349 bonumque
1718 2280 1919 2335 electu-

324 2351 425 2423 iis“
445 2351 876 2447 prophetizatur.
895 2370 962 2424 Et
988 2360 1191 2426 nomen
1220 2371 1341 2441 ejus
1368 2362 1568 2425 mirum
1605 2372 1659 2425 in
1693 2358 1915 2426 modum

324 2444 731 2541 praen'mtiatur
781 2444 1117 2537 Emmanuel
1168 2454 1327 2529 fore,
1378 2454 1590 2518 scilicet
1640 2462 1915 2541 nobiscum

324 2535 491 2606 Deus.
522 2548 681 2616 Quod
721 2559 775 2607 et
816 2535 1127 2608 diceremus
1166 2566 1269 2608 nos
1304 2554 1431 2623 ipsi,
1466 2554 1559 2623 qui
1589 2569 1714 2609 eum
1744 2535 1914 2625 agno-

324 2630 535 2699 scimus
581 2651 637 2700 et
668 2643 997 2700 conﬁtemur
1048 2630 1182 2716 ejus
1222 2645 1465 2701 divinam
1517 2654 1571 2701 et
1626 2647 1913 2718 mysticam

323 2726 470 2804 apud
521 2749 715 2791 omnes
764 2737 1017 2794 homines
1064 2738 1242 2808 ipsius
1297 2738 1540 2809 potentia
1587 2737 1919 2797 incarnatio-

323 2841 473 2889 nem.
530 2825 759 2883 Dicatur
806 2828 1006 2885 iterum
1063 2816 1416 2904 Emmanuel,
1444 2814 1717 2884 nobiscum
1745 2830 1912 2897 Deus,

322 2908 391 2974 eo
418 2919 568 2989 quod
597 2918 763 2975 Pater
789 2920 1033 2992 quidem,
1056 2920 1312 2993 Deusque
1338 2923 1587 2978 omnium
1611 2937 1780 2993 supra
1804 2938 1915 2979 non

323 3002 535 3063 tantum
569 3011 882 3078 mortalem,
920 3011 1017 3067 sed
1051 3018 1107 3067 et
1151 3028 1371 3068 omnem
1431 3014 1775 3085 spiritualem
1815 3030 1916 3069 na-

323 3109 508 3187 turam
537 3104 642 3171 sit;
674 3103 846 3161 Filius
888 3119 1020 3160 vero
1045 3120 1158 3160 non
1180 3105 1452 3162 immerito
1468 3105 1738 3161 nobiscum
1770 3106 1913 3161 Deus

2018 1914 2196 1967 νεᾶνιν
2227 1913 2332 1966 ὑπὸ
2354 1913 2453 1985 τῆς
2483 1913 2708 1985 Γραφῆς
2729 1912 3137 1984 ὀνομαζομένην
3157 1929 3170 1942 ·
3211 1911 3307 1963 καὶ
3338 1908 3516 1982 ταύτῃ
3546 1923 3618 1976 γα

2015 2003 2347 2076 ἀξιοπρεπὲς
2388 2004 2455 2059 ἂν
2491 2006 2575 2077 εἴη
2604 2004 2683 2077 τῷ
2714 2004 2850 2076 οἴκῳ
2877 2003 3041 2058 Δαυῒδ
3070 2002 3163 2057 διὰ
3202 2001 3300 2073 τὴν
3344 1999 3615 2055 ἀπιστίαν

2014 2096 2194 2150 αὐτῶν
2231 2095 2388 2168 παρὰ
2409 2095 2619 2168 Κυρίου
2651 2096 2888 2150 δίδοσθαι
2916 2097 3163 2165 σημεῖον,
3196 2094 3260 2147 τὸ
3285 2089 3617 2164 παραδόξως

2017 2188 2287 2261 παρθένον
2302 2191 2612 2265 ἀποτεκεῖν,
2644 2188 2711 2242 δι’
2737 2189 2767 2242 δ
2790 2189 2855 2261 δὴ
2886 2190 2981 2244 καὶ
3005 2190 3035 2242 ό
3059 2186 3463 2258 τεχθησόμενος
3481 2183 3621 2236 θαυ-

2020 2283 2224 2354 μαστός
2250 2299 2336 2346 τις
2360 2281 2436 2335 ὢν
2459 2282 2856 2353 ἀνηγόρευται·
2889 2283 2946 2336 et
2969 2298 3033 2350 γε
3060 2282 3127 2333 ὲκ
3157 2278 3368 2343 παιδὸς,
3403 2276 3503 2331 καὶ
3533 2274 3620 2338 ὥς

2016 2375 2214 2439 εἰπεῖν,
2235 2372 2295 2440 ἐξ
2328 2372 2503 2443 αὐτῆς
2535 2373 2826 2441 γενέσεως,
2861 2371 3181 2445 ἀτιειθήσειν
3216 2371 3316 2442 μὲν
3347 2365 3612 2438 πονηρίᾳ,

2016 2462 2339 2528 ἐκλέξασθαι
2370 2462 2430 2516 δὲ
2456 2461 2518 2514 τὸ
2543 2462 2747 2530 ἀγαθὸν
2773 2460 3201 2534 προφητεύεται.
3219 2457 3333 2511 Καὶ
3352 2456 3415 2510 τὺ
3436 2455 3617 2525 δνομσ.

2015 2557 2073 2610 δὲ
2111 2555 2279 2610 αὑτοῦ
2320 2556 2652 2627 θαυμαστῶς
2692 2552 3224 2628 προαναπεφώνηται
3253 2545 3619 2620 Ἐμμανουὴλ

2016 2647 2283 2719 τυγχάνον
2299 2664 2313 2678 ’
2350 2667 2369 2699 ι
2404 2647 2434 2701 ὃ
2457 2647 2594 2713 ἔστι,
2619 2649 2748 2717 μεθ’
2770 2644 2942 2716 ἡμῶν
2967 2649 3000 2700 ό
3022 2646 3188 2726 Θεόςε
3198 2645 3266 2696 Ὅ
3286 2643 3385 2697 καὶ
3410 2642 3617 2711 φήσαι-

2020 2756 2118 2811 μεν
2148 2741 2216 2795 ἂν
2247 2742 2411 2812 ἡμεῖς
2433 2742 2484 2793 οἱ
2505 2739 2897 2811 ὁμολογοῦντες
2923 2737 3109 2800 αὐτὸν,
3134 2736 3230 2790 καὶ
3252 2733 3618 2803 συναισθόμε-

2016 2848 2096 2886 νοι
2129 2832 2229 2902 τῆς
2257 2821 2442 2887 ἐνθέου
2472 2818 2568 2886 καὶ
2594 2831 2911 2901 ἀπορρήτου
2935 2831 3017 2894 είς
3043 2828 3255 2891 πάντας
3279 2823 3618 2897 ἀνθρώπους

2013 2922 2103 2977 διὰ
2149 2922 2251 2991 τῆς
2302 2922 2469 2976 αὐτοῦ
2504 2913 2796 2994 ’δυνάμεως
2840 2920 3166 2993 ἐπιδημίας·
3219 2917 3438 2986 λέγοιτο
3467 2915 3514 2968 δ’
3546 2915 3619 2969 ἂν

2016 3012 2178 3066 πάλιν
2220 3014 2587 3085 Ἐμμανουὴλ,
2613 3017 2646 3067 ό
2691 3013 2819 3083 μεθ’
2852 3009 3023 3082 ἡμῶν
3058 3010 3225 3075 Θεὸς,
3382 3007 3479 3060 τὸν
3512 3006 3617 3077 μὲν

2016 3101 2236 3174 Πατέρα
2251 3102 2347 3157 καὶ
2365 3102 2501 3156 Θεὸν
2522 3103 2629 3157 τῶν
2651 3103 2789 3158 ὅλων
2812 3102 3070 3156 ἐπέκεινα
3086 3100 3149 3153 οὐ
3174 3100 3335 3171 μόνον
3356 3099 3458 3169 τῆς
3483 3096 3621 3167 θνη-

321 3194 664 3276 nominatur',
683 3212 809 3252 cum
843 3198 988 3268 apud
1019 3214 1121 3254 nos
1150 3209 1525 3257 commoratus
1553 3200 1647 3256 sit.
1679 3199 1837 3267 Quod
1862 3198 1907 3256 si

2016 3195 2133 3265 τῆς,
2166 3193 2300 3248 ἀλλὰ
2334 3195 2429 3248 καί¹
2459 3195 2637 3266 πάσης
2665 3194 2767 3265 τῆς
2798 3192 3024 3264 λογικῆς
3049 3191 3268 3261 φύσεως
3288 3188 3613 3259 τυγχάνειν-

320 3282 495 3341 Judaei
536 3286 654 3341 hac
701 3286 884 3342 Achaz
932 3290 1299 3359 praenuntiata
1330 3290 1398 3345 ad
1444 3289 1754 3362 Ezechiam,
1789 3289 1909 3360 ejus

324 3363 495 3429 ﬁlium
528 3376 794 3447 regnique
824 3392 1204 3434 successorem
1225 3417 1241 3443 ,
1267 3378 1529 3443 referant,
1557 3378 1903 3435 animadver-

318 3467 548 3523 tendtm
604 3468 721 3524 hate
769 3470 1021 3541 ipsojam
1058 3480 1173 3527 tum
1218 3482 1371 3544 patre
1407 3473 1590 3529 Achaz
1644 3479 1909 3543 regnante

321 3552 625 3634 praedicta;
662 3561 950 3619 Ezechiam
986 3580 1120 3619 vero
1155 3576 1447 3635 antequam
1485 3582 1714 3637 regnum
1746 3580 1907 3619 acce-

321 3644 465 3722 perit
487 3651 692 3717 Achaz,
731 3653 973 3723 genitum
1009 3669 1134 3711 esse
1155 3663 1395 3710 constat.
1423 3655 1709 3713 Sexdecim
1731 3670 1906 3712 annos

320 3750 647 3813 regnaverat
674 3743 880 3808 Achaz,
910 3760 1037 3801 cum
1068 3746 1121 3801 ei
1166 3747 1438 3802 successit
1489 3745 1775 3809 Ezechias,
1811 3746 1906 3817 qui

318 3828 441 3889 tum
471 3834 651 3890 aetatis
677 3836 929 3906 quintum
974 3844 1030 3893 et
1072 3837 1396 3893 vicesimum
1430 3852 1637 3897 annum
1673 3836 1906 3908 agebat;

320 3926 397 3982 ita
454 3934 516 3981 ut
563 3941 760 3982 novem
813 3929 974 3984 annis
1038 3939 1331 4001 antequam
1376 3938 1534 4002 pater
1599 3932 1658 3984 in
1705 3928 1907 3985 solium

320 4011 673 4087 ascenderet,
698 4030 863 4077 natus
894 4022 988 4078 sit.
1033 4022 1137 4078 Sed
1165 4023 1279 4094 jam
1313 4023 1563 4095 regnanti
1606 4024 1723 4077 haac
1765 4036 1906 4092 prae-

319 4111 472 4166 dicta
502 4119 633 4167 sunt
662 4112 841 4167 Achaz
870 4114 939 4168 de
976 4115 1202 4170 miriﬁca
1246 4124 1411 4186 atque
1437 4116 1661 4172 insolita
1699 4112 1907 4170 Christi

320 4204 634 4263 nativitate.
683 4204 1036 4278 Singulorum
1079 4223 1210 4264 vero
1234 4209 1400 4279 hujus
1443 4209 1741 4280 prophetia;
1781 4221 1906 4262 ver-

319 4291 517 4360 borum
548 4302 801 4362 sensum;
825 4299 1007 4369 qualis
1051 4299 1145 4365 sit,
1175 4304 1391 4357 noverit
1417 4303 1512 4372 qui
1537 4298 1593 4365 iit
1626 4301 1726 4355 hos
1755 4300 1905 4379 locos

318 4388 593 4446 mirabilis
616 4390 719 4445 viri
748 4391 1042 4461 exegeticis
1075 4392 1320 4448 studiose
1349 4393 1666 4463 attenderit.

2010 3289 2101 3342 τὸν
2145 3288 2204 3342 δὲ
2238 3287 2380 3352 Υἱὸν,
2418 3288 2528 3341 τὸν
2550 3288 2679 3357 μεθ’
2712 3285 2884 3357 ἡμῶν
2912 3286 3063 3341 Θεὸν
3093 3282 3319 3347 εἰκότως
3339 3281 3615 3353 ὀνυμάξε-

2014 3380 2138 3434 σθαι
2170 3380 2272 3451 τῆς
2306 3380 2499 3452 μέχρις
2522 3378 2682 3451 ἡμῶν
2705 3378 3001 3450 ἐπιδημίας
3026 3375 3194 3432 αὐτοῦ
3223 3375 3433 3428 ἕνεκεν.
3454 3372 3619 3426 Ἐπεὶ

2009 3475 2068 3529 δέ
2099 3491 2244 3538 τινος
2272 3472 2383 3527 τῶν
2410 3475 2474 3527 ὲκ
2495 3471 2801 3546 περιτομῆς
2822 3470 3107 3542 εἰρηκότος
3134 3466 3377 3529 ἀκούσας
3393 3466 3617 3537 μέμνη·

2014 3585 2113 3638 μαι
2163 3566 2336 3619 ταῦτα
2379 3563 2460 3635 τῷ
2504 3562 2674 3634 Ἀχὰζ
2716 3559 3157 3635 προφητεύεσθαι
3188 3558 3322 3629 περὶ
3358 3556 3612 3621 Ἐζεκίου

2009 3658 2105 3712 τοῦ
2147 3658 2206 3723 ἐξ
2237 3655 2405 3711 αὐτοῦ
2435 3656 2726 3728 γενομένου
2763 3655 2856 3709 καὶ
2892 3655 3011 3724 μετ’
3043 3651 3203 3706 αὑτὸν
3248 3647 3607 3722 βασιλεύσανι

2010 3766 2123 3815 τος,
2154 3748 2535 3819 ὲπιτηρητέον,
2562 3748 2644 3800 ὅτι
2683 3749 2791 3817 πρὸ
2820 3745 2913 3798 τοῦ
2943 3742 3262 3814 βασιλεῦσαι
3302 3740 3397 3794 τὸν
3436 3738 3614 3810 Ἀχὰζ

2010 3843 2106 3897 καὶ¹
2156 3841 2263 3914 πρὸ
2301 3842 2400 3913 τῆς
2435 3841 2733 3914 εἰρημέχης
2767 3837 2917 3909 αὐτῷ
2950 3838 3154 3910 ταύτης
3187 3836 3254 3908 δὴ
3301 3835 3477 3905 αὐτῆς
3503 3836 3614 3906 τῆς

2010 3898 2658 4005 προφηὲίαςΪΈξέέὶαὲ
2690 3898 2797 4001 ἢδη
2840 3898 3007 3984 πάλαι
3048 3898 3615 3999 γέῇενήμένοξάπδ.

2005 4023 2282 4077 δείκνυται
2308 4039 2321 4051 ο
2362 4021 2457 4074 ἐπὶ
2482 4020 2617 4074 δέκα
2646 4019 2776 4088 γοῦν
2806 4022 2900 4075 καὶ
2926 4020 2986 4084 ἓξ
3015 4020 3160 4073 ἔτεσι
3190 4018 3285 4073 τὸν
3322 4016 3493 4088 ’Δχὰζ
3515 4015 3613 4086 βα-

2013 4116 2334 4171 σιλεύσαντα
2376 4114 2703 4185 διαδέχεται,
2734 4112 2882 4181 ἄγων
2913 4112 3031 4177 ἔτος
3074 4112 3175 4182 τῆς
3207 4110 3426 4181 ἡλικίας
3460 4109 3614 4179 πέμ-

2011 4226 2144 4263 πτον
2187 4208 2284 4262 καὶ
2330 4206 2594 4270 εἰκοστὸν,
2633 4206 2870 4277 ὁπηνίκα
2920 4204 3021 4275 τῆς
3071 4201 3351 4274 βασιλείας
3377 4201 3610 4271 ἤρχετο,

2007 4297 2085 4363 ὡς
2132 4296 2539 4371 προλαμϐάνειν
2591 4295 2757 4348 αὐτοῦ
2790 4296 2890 4366 τὴν
2944 4295 3161 4362 γένεσιν
3208 4292 3387 4346 ἔτεσιν
3440 4290 3607 4346 ὲννὲει

2007 4389 2107 4462 τὴν
2150 4388 2243 4443 τοῦ
2298 4388 2504 4460 πατρὸς
2555 4388 2649 4441 ἐπὶ
2696 4386 2797 4458 τὴν
2838 4384 3119 4457 βασιλείαν
3161 4383 3427 4455 πάροδον·
3464 4380 3611 4435 ἀλλὰ

318 4482 429 4554 γὰρ
456 4468 583 4554 ’ἤδη
615 4472 951 4552 βασιλεῦοντι
1008 4485 1079 4540 τά
1146 4486 1484 4557 προκείμενα
1529 4487 1608 4558 τῷ
1648 4486 1816 4557 Ἀχὰζ
1867 4481 2270 4556 προφητεύεται
2314 4482 2446 4553 περὶ
2494 4481 2593 4551 τῆς
2637 4477 3015 4551 δεδηλωμένης
3056 4475 3152 4530 τοῦ
3185 4473 3425 4547 Χριστοῦ
3493 4491 3609 4527 παο

321 4569 543 4651 ραδόξου
593 4577 688 4631 καὶ
731 4577 1192 4651 θαυμασιωτάτης
1219 4582 1506 4657 γενέσεως.
1540 4582 1622 4636 Τὰ
1660 4583 1719 4636 δὲ
1765 4581 1905 4635 κατὰ
1934 4580 2036 4652 τὴν
2064 4578 2212 4645 λέξιν
2240 4576 2452 4631 ἕκαστα
2482 4577 2665 4630 ὁποῖον
2699 4573 2811 4645 ἔχει
2838 4570 2986 4637 νοῦν,
3034 4574 3151 4635 τοῖς
3192 4571 3275 4634 είς
3317 4571 3447 4634 τοὺς
3506 4570 3607 4624 τό-

314 4686 454 4733 πους
496 4668 591 4724 τοῦ
635 4669 938 4740 θαυμασίου
990 4673 1184 4745 ἀνδρὸς
1225 4674 1570 4745 ἐξηγητικοῖς
1610 4673 1845 4746 ἐντυχὼν
1871 4676 1901 4728 ὁ
1938 4670 2241 4743 φιλομαθὴς
2272 4667 2495 4735 εἴσεται.

945 4788 1173 4844 CAPUT
1213 4788 1280 4844 ν.

393 4897 413 4930 ι
450 4879 518 4934 Et
548 4877 686 4934 dixit
717 4877 981 4935 Dominus
1026 4878 1092 4934 ad
1145 4896 1233 4935 me
1272 4899 1286 4935 :
1326 4880 1529 4951 Accipe
1574 4880 1671 4937 tibi
1701 4881 1807 4952 ipsi
1837 4882 1902 4936 li—

316 4970 482 5045 brum
512 4985 713 5024 novum
745 4962 1029 5039 grandem,
1063 4978 1118 5026 et
1150 4968 1331 5039 scribe
1356 4961 1412 5026 in
1448 4965 1514 5028 eo
1545 4963 1686 5045 styio
1724 4974 1902 5030 homi-

314 5061 403 5121 nis
433 5040 568 5127 ,θυι
616 5060 866 5117 celeriter
918 5061 1278 5133 direptionem
1341 5063 1514 5121 facias
1579 5040 1902 5136 spoliorum.

314 5152 484 5207 Adest
516 5153 683 5219 enim,
714 5140 773 5209 et
803 5160 976 5210 testes
1020 5154 1153 5209 mihi
1193 5155 1359 5212 facito
1406 5150 1593 5213 ﬁdeles
1632 5157 1903 5222 homines,

318 5241 506 5309 lii-iam
536 5228 895 5311 sacerdotem,
924 5253 979 5301 et
1022 5245 1347 5302 Zachariam
1391 5248 1563 5304 ﬁlium
1604 5229 1902 5308 Barachite.

316 5333 391 5388 Et
412 5322 622 5393 aecchi
650 5336 720 5392 ad
752 5339 1173 5419 prophetissam,
1205 5348 1260 5395 et
1297 5340 1352 5394 in
1386 5348 1542 5417 utero
1571 5343 1801 5419 accepit,
1851 5350 1905 5398 et

316 5426 529 5503 peperit
556 5414 848 5487 ﬁlium.‘Et
879 5432 1017 5486 dixit
1044 5431 1306 5489 Dominus
1353 5434 1421 5489 ad
1464 5414 1589 5490 me:
1625 5414 1781 5490 Voca
1804 5452 1901 5491 no-

315 5532 442 5573 men
493 5518 636 5588 ejus,
689 5514 971 5580 Accelera'
1004 5527 1177 5596 spolia
1252 5526 1562 5592 detrahere,
1592 5522 1721 5583 cito
1763 5518 1901 5599 pra:-

316 5608 490 5673 dare,
551 5608 679 5676 quia
733 5617 1027 5678 antequam
1085 5616 1225 5669 sciat
1280 5632 1418 5686 puer
1461 5633 1659 5673 vocare
1689 5625 1898 5687 patrem

390 5765 405 5794 ί
446 5758 602 5812 Deut.
629 5773 766 5821 χιιι,
804 5759 892 5811 27.

1932 4826 1980 4884 ἰ)

2543 4781 2941 4835 ΚΕΦΑΔᾹΙΟΝ
2985 4778 3061 4832 Ε⁹.

2081 4899 2100 4930 ι
2136 4878 2247 4933 Καὶ
2272 4875 2409 4931 εἶπε
2436 4875 2641 4948 Κύριος
2673 4874 2809 4946 πρὸς
2854 4874 2943 4944 μὲ,
2984 4871 3131 4924 Λάϐε
3175 4868 3389 4939 σεαυτῷ
3432 4869 3608 4939 τόμον

2007 4972 2255 5045 (χάρτου)
2288 4960 2478 5025 καινοῦ
2516 4958 2775 5040 μεγάλου,
2802 4967 2896 5019 καὶ
2925 4963 3134 5035 γράψον
3155 4964 3233 5026 είς
3259 4963 3424 5015 αὑτὸν
3457 4978 3609 5032 γρα-

2005 5064 2117 5135 φίδι
2144 5053 2456 5135 ἀνθρώπου,
2479 5060 2574 5113 τοῦ
2600 5055 2767 5127 ὀξέως
2797 5056 3075 5129 προνομὴν
3106 5056 3329 5127 ποιῆσαι
3350 5054 3607 5108 σκύλων·

2004 5159 2238 5229 πάρεστι
2267 5156 2376 5227 γάρ
2394 5171 2408 5183 ·
2447 5155 2542 5208 καὶ
2567 5137 2849 5224 μάρτυράς
2879 5166 2968 5220 μοι
2988 5148 3215 5218 ποίησον
3248 5147 3482 5210 πιστοὺς
3509 5146 3609 5199 ἁν-

2005 5249 2279 5321 θρώπους,
2312 5237 2404 5301 τὸν
2449 5245 2651 5317 Οὐρίαν
2675 5243 2768 5297 τὸν
2815 5242 2984 5314 ἱερέα,
3023 5240 3119 5294 καὶ
3167 5239 3451 5310 Ζαχαρίαν
3484 5238 3607 5292 υίδν

2003 5328 2295 5413 Βαραχίου.
2326 5328 2438 5394 Καὶ
2470 5336 2772 5410 προσῆλθον
2814 5335 2949 5408 πρὸς
2980 5334 3079 5405 τὴν
3111 5331 3603 5403 προφήτηνῇτιν),

2003 5430 2098 5490 καὶ
2124 5423 2187 5487 ’ἐν
2234 5418 2434 5504 γαστρὶ
2465 5430 2647 5493 ἔλαϐε,
2681 5429 2775 5497 καὶ
2814 5427 2998 5511 ἔτεκεν
3029 5426 3174 5480 υἱόνο
3211 5426 3308 5479 καὶ
3333 5420 3459 5478 εἷπε

2005 5527 2117 5600 ριός
2162 5542 2282 5596 μοι’
2319 5524 2565 5603 Κάλεσον
2592 5524 2653 5607 το
2676 5520 2845 5607 όνομεα
2874 5518 3060 5581 αὑτοῦ,
3099 5516 3324 5588 Ταχέως
3363 5516 3602 5596 σκύλειξο

2004 5636 2114 5686 σον,
2156 5619 2321 5686 ὀξέως
2377 5604 2983 5690 προελόμευσονίδιότι,
3039 5611 3166 5683 πρὶν
3226 5608 3262 5681 ἢ
3296 5608 3506 5678 γνῶναι
3537 5608 3602 5661 τὺ
