3856 6226
192 357 335 413 1201)

1218 359 1514 417 ECLOGA}
1548 356 2039 417 PROPIIETICIE.
2069 393 2136 401 —
2172 359 2304 419 LIB.
2340 358 2432 416 IV.

3323 362 3462 417 1210

193 478 264 544 Χ
297 473 655 544 χρηματίζειο
708 473 850 528 κατά
898 473 955 527 δὲ
991 473 1083 527 τὸν
1125 475 1356 529 Ἀκύλαν
1405 475 1500 530 καὶ
1544 474 1677 529 αὐτὸ
1715 474 1763 528 τί

1883 490 2007 531 men
2053 475 2176 545 ejus
2215 485 2300 532 est
2328 493 2347 527 ι
2378 475 2733 531 Admirabilis
2780 475 3166 541 consiliarius,
3207 475 3362 532 fortis
3406 486 3462 532 et

192 566 261 636 Χ
307 566 591 637 Ἐϐραῖκὸν
618 566 678 619 τὸ
702 566 870 638 ὄνομα
896 565 1059 620 αὐτοῦ
1089 568 1205 620 ἐστι
1244 586 1262 618 ι
1297 567 1619 638 Θαυμαστὸς
1638 567 1778 639 σύμ-

194 659 262 730 κ
292 655 503 721 ϐουλος,
546 655 764 726 ἰσχυρὸς
783 696 797 719 ,
826 655 1047 731 δυνατὸς
1078 655 1281 728 πατὴρ,
1307 655 1388 709 ἔτι
1408 656 1591 732 ἄρχων
1623 657 1776 727 εἰρή-

196 749 262 819 x
295 765 424 819 νηςο
468 768 486 798 ι
522 748 615 801 καὶ
649 747 789 800 κατὰ
820 748 911 800 τὸν
943 749 1235 819 Σύμμαχον
1255 748 1335 812 δὲ,
1375 768 1393 800 ι
1431 748 1775 820 Κληθήσεται

191 841 256 895 ’ὠ
303 841 472 911 ὄνομα
519 839 614 893 τοῦ
670 839 880 895 παιδίου
916 838 1362 911 Παραδοξασμδς,
1396 839 1772 912 βουλευτικὸς,

187 931 431 1003 ἰσχυρὸς,
470 931 714 995 δυνατὸς,
756 930 936 1003 πατὴρ
986 931 1201 996 αἰῶνος,
1246 931 1432 1004 ἄρχων
1464 933 1709 1005 εἰρήνης.
1749 951 1768 985 ι

196 1025 554 1097 Ἀπαιτητέον
613 1026 798 1079 τοίνυν
855 1028 981 1089 τοὺς
1030 1028 1112 1080 ὲκ-
1147 1027 1448 1098 περιτομῆς
1503 1030 1654 1081 ποῖον
1706 1026 1774 1083 ἂν

181 1117 406 1190 ἕχοι(εν)
440 1117 650 1175 παιδίον
767 1116 837 1174 τὰ
867 1118 1164 1191 τηλικαῦτα
1220 1119 1588 1190 ὲφαρμόσαιεν
1633 1135 1775 1191 παρ-

185 1212 430 1263 ιστάναι·
480 1208 603 1264 καθ’
633 1210 780 1282 ἡμᾶς
812 1210 922 1281 γάρ
947 1210 1182 1265 ὲπίνοιαί
1214 1212 1352 1264 εἰσιν
1388 1203 1547 1264 αὗται
1588 1209 1652 1283 (f.
1680 1210 1772 1282 48)

179 1300 285 1371 τῆς
311 1300 461 1364 θείας
477 1301 572 1361 τοῦ
597 1300 833 1373 Χριστοῦ
846 1301 1164 1372 δυνάμεως,
1187 1303 1268 1365 εἰς
1289 1301 1347 1355 ὃν
1375 1304 1424 1356 οἱ
1454 1302 1528 1373 μὴ
1553 1303 1774 1358 πιστεύ-

180 1409 378 1457 σαντες
414 1392 732 1463 θελήσουσιν
765 1394 815 1446 εἰ
860 1393 1197 1467 ἐγενήθησαν
1239 1392 1602 1465 πυρίκαυστοι
1639 1392 1774 1464 μᾶλ-

177 1484 335 1556 λονῆ
370 1485 454 1541 ὅτι
506 1484 606 1556 τὴν
660 1482 870 1543 ἑαυτῶν
920 1483 1194 1555 ἀποϐολὴν
1232 1484 1359 1537 ἰδεῖν
1398 1485 1493 1538 καὶ
1532 1484 1631 1555 τὴν
1662 1485 1773 1537 τῶν

178 1570 353 1624 ἐθνῶν
379 1572 675 1642 σωτηρίαν,
704 1573 771 1642 ἣν
801 1574 829 1629 ὁ
857 1571 1015 1643 ζῆλος
1048 1573 1252 1645 Κυρίου
1276 1572 1501 1631 Σαϐαὼθ
1527 1574 1773 1645 ποιήσειν

179 1665 416 1737 εἴρηται·
442 1658 488 1733 ᾧ
506 1665 843 1741 παραθήσεις
868 1667 928 1720 τὸ
950 1665 1101 1738 παρά
1128 1668 1356 1721 Μωῦσεῖ
1377 1666 1520 1721 οὕτω
1542 1685 1659 1731 πως
1681 1667 1771 1720 λε-

176 1755 472 1828 λεγμένονο
505 1777 523 1809 ι
552 1758 717 1815 Αὐτοὶ
764 1758 1157 1830 παρεζήλωσάν
1200 1775 1268 1828 με
1293 1758 1352 1809 ἐν
1384 1760 1496 1822 τοῖς
1533 1757 1771 1821 εἰδώλοις

1880 574 2076 637 potens
2102 577 2278 640 pater,
2309 568 2476 623 etiam
2505 568 2761 640 princeps
2788 568 2977 640 pacis;
2998 587 3016 619 ι
3040 575 3095 623 et
3119 558 3275 637 jukta
3304 568 3463 640 Sym-

1879 658 2134 713 machum
2158 679 2170 713 :
2196 678 2213 711 ι
2234 658 2535 717 Vocabitur
2555 676 2754 715 nomen
2778 661 2993 730 pueruli
3014 659 3458 725 Admirabilitas,

1876 752 2263 819 consiliarius,
2294 752 2450 807 fortis
2472 793 2487 818 ,
2517 761 2747 824 potens,
2776 764 2929 822 pater
2956 753 3140 807 saeculi
3163 792 3177 817 ,
3208 754 3461 824 princeps

1876 842 2050 912 pacis.
2084 862 2103 895 ›
2126 841 2426 898 Petendum
2460 851 2545 898 est
2571 844 2744 913 igitur
2766 858 2795 896 a
2822 841 3027 899 Judaais
3053 859 3344 913 quemnam
3373 844 3464 896 ha-

1875 932 2079 1000 beant,
2111 934 2201 988 cui
2234 935 2349 988 tunc
2379 934 2631 1004 adoptari
2668 935 2915 1006 possint,
2949 937 3241 1008 puerulum
3281 944 3463 990 osten-

1875 1025 2027 1082 dere.
2080 1025 2295 1081 Etenim
2335 1026 2497 1097 juxta
2536 1041 2638 1081 nos
2680 1025 2885 1080 iudicia
2931 1036 3061 1083 sunt
3107 1027 3225 1098 ipsa
3259 1027 3462 1081 divina:

1875 1116 2083 1173 Christi
2129 1118 2456 1189 potestatis,
2498 1117 2554 1173 in
2594 1134 2755 1190 quem
2794 1120 2888 1189 qui
2934 1136 3042 1174 non
3088 1119 3457 1187 crediderint,

1874 1211 2097 1273 volent,
2126 1209 2173 1266 si
2201 1208 2406 1265 fuerint
2436 1210 2560 1281 igne
2584 1211 2857 1266 combusti
2881 1213 3064 1281 potius
3088 1227 3252 1282 quam
3278 1228 3462 1281 repro-

1873 1303 2152 1358 bationem
2204 1317 2359 1359 suam
2393 1302 2582 1360 videre
2607 1313 2662 1358 et
2691 1304 2932 1372 gentium
2982 1305 3247 1369 salutem,
3293 1320 3458 1375 quam

1875 1395 2031 1450 zelus
2078 1392 2299 1449 Domini
2346 1393 2589 1450 Sabaoth
2638 1396 2889 1450 factm'us
2935 1411 3059 1451 esse
3102 1395 3325 1451 dicitur.
3376 1395 3459 1450 Ad

1876 1487 2022 1558 quod
2061 1495 2317 1557 spectant
2363 1487 2481 1542 haec
2521 1475 2667 1559 apud
2710 1486 2950 1559 Moysem
2974 1508 2986 1543 :
3014 1506 3033 1538 ι
3065 1488 3170 1559 Ipsi
3213 1505 3299 1543 me
3339 1505 3461 1559 pro-

1874 1585 2219 1633 vocaverunt
2252 1578 2307 1632 in
2340 1577 2503 1633 idolis
2535 1580 2683 1642 suis,
2715 1586 2769 1633 et
2793 1593 2896 1648 ego
2924 1579 3239 1648 provocabo
3273 1595 3369 1635 eos
3399 1581 3455 1635 in

1873 1682 1941 1722 eo
1972 1669 2067 1738 qui
2100 1684 2210 1722 non
2246 1675 2333 1723 est
2364 1668 2630 1739 populus,
2661 1676 2716 1725 et
2745 1669 2799 1723 in
2829 1678 2992 1741 gente
3023 1671 3192 1724 stulta
3229 1671 3456 1726 irritabo

1872 1774 1969 1815 eos
2002 1760 2042 1813 ί.
2074 1779 2093 1812 ι
2123 1758 2325 1815 Verum
2358 1776 2459 1816 nec
2492 1760 2781 1830 praesentis
2810 1761 3094 1831 temporis,
3120 1778 3223 1817 nec
3267 1778 3458 1835 prepo-

175 1849 383 1915 αὐτῶν,
434 1849 591 1920 κάγὼ
639 1851 1022 1923 παραζηλώσω
1070 1850 1267 1914 αὐτοὺς
1313 1851 1399 1904 ἐπ’
1441 1851 1541 1904 οὐκ
1589 1849 1763 1904 ἔθνει·

1876 1852 1969 1907 siti
2024 1859 2111 1908 est
2152 1852 2370 1924 singula
2421 1852 2722 1923 prophetia:
2763 1853 2930 1908 verba
2977 1854 3299 1925 elucidare;
3353 1872 3456 1913 nec

175 1944 269 1997 ἐπ’
299 1942 442 2000 ἔθνει
476 1943 717 2014 ἀσυνέτῳ
739 1942 1024 2015 παροργιῶ
1054 1943 1268 2007 αὐτούς.
1302 1962 1320 1995 ι
1366 1943 1526 1996 Ἀλλὰ
1566 1943 1675 2015 γὰρ
1706 1943 1767 1997 οὐ

176 2034 276 2090 τοῦ
307 2036 575 2107 παρόντος
606 2035 824 2107 καιροῦ,
848 2036 968 2089 οὐδὲ
998 2036 1105 2107 μὴν
1125 2034 1221 2089 τοῦ
1243 2034 1367 2088 καθ’
1395 2036 1541 2106 ἡμᾶς
1566 2036 1771 2107 τυγχά-

174 2146 259 2184 νει
289 2127 515 2193 σκοποῦ,
549 2130 785 2198 ὲκάστην
806 2128 950 2195 λέξιν
963 2128 1295 2198 διασαφῆσαι
1311 2127 1411 2199 τῆς
1426 2129 1765 2199 προφητείας

172 2217 609 2289 παραστήσεται’
635 2216 757 2288 (sic)
774 2217 920 2279 ὅπως
950 2216 1164 2289 εἴρηται
1188 2217 1269 2281 τὸ,
1294 2234 1312 2267 ι
1345 2218 1438 2270 ἐπὶ
1457 2217 1549 2270 τὸν
1575 2217 1765 2287 θρόνον

171 2306 340 2360 Δαυῖδ
353 2308 445 2360 καὶ
475 2307 573 2378 τὴν
603 2305 876 2377 βασιλείαν
901 2304 1087 2369 αὑτοῦ,
1105 2303 1447 2374 κατορθῶσαι
1466 2304 1689 2375 αὐτήν-ι
1716 2298 1762 2373 ᾧ

171 2400 271 2454 καὶ
288 2401 435 2464 εἰκὸς
463 2400 530 2455 ἂν
557 2402 640 2473 εἴη
660 2400 966 2473 προσκόψαι
991 2400 1118 2463 τοὺς
1145 2401 1211 2453 ἐκ
1233 2398 1559 2470 περιτομῆς,
1585 2397 1672 2452 διὰ
1701 2399 1761 2452 τὸ

1876 1941 2159 2013 quomodo
2190 1944 2433 2006 dicatur,
2461 1961 2479 1993 ι
2506 1957 2672 2014 super
2706 1944 2905 1998 solium
2939 1944 3108 1999 David
3140 1954 3195 2000 et
3225 1962 3451 2017 regnum

1872 2033 1994 2103 ejus
2038 2043 2099 2088 ut
2143 2033 2345 2106 dirigat
2391 2034 2548 2089 illud.
2586 2054 2604 2087 ›
2634 2034 2750 2090 Hoc
2790 2036 3013 2106 quidem
3039 2036 3259 2093 Judaeos
3289 2038 3454 2093 offen-

1869 2126 1993 2189 det,
2024 2134 2318 2195 propterea
2347 2125 2494 2197 quod
2526 2141 2637 2181 non
2669 2128 3029 2196 corporaliter
3057 2143 3222 2199 super
3254 2132 3453 2186 solium

1868 2218 2039 2274 David
2067 2219 2298 2289 ejusque
2331 2235 2559 2290 regnum
2592 2219 2735 2275 sedit
2777 2218 3027 2275 Salvator
3081 2222 3455 2296 Dominusque

1868 2319 2060 2367 noster
2085 2312 2249 2367 Jesus
2277 2313 2550 2368 Christus.
2576 2312 2651 2368 De
2682 2329 2791 2382 quo
2820 2315 3099 2371 studiosos
3126 2317 3360 2375 lectores
3384 2319 3452 2373 ad

1867 2405 2266 2459 commentaria
2296 2405 2426 2458 olim
2459 2420 2488 2458 a
2519 2405 2679 2460 nobis
2720 2407 2927 2475 prolata
2958 2408 3311 2465 remittimus.

175 2492 255 2565 μὴ
279 2493 607 2564 σωματικῶς
636 2494 731 2547 ἐπὶ
758 2493 849 2547 τὸν
878 2493 1065 2564 θρόνον
1093 2491 1188 2545 καὶ
1222 2490 1320 2563 τὴν
1351 2490 1624 2561 βασιλείαν
1653 2489 1748 2544 τοῦ
1785 2493 1947 2548 Δαυῒδ
1976 2495 2326 2552 κεκαθικέναι
2366 2497 2459 2550 τὸν
2487 2497 2719 2569 Σωτῆρα
2753 2499 2847 2551 καὶ
2874 2499 3078 2572 Κύριον
3127 2501 3283 2573 ἡμῶν
3353 2502 3457 2575 ’1η-

170 2588 306 2643 σοῦν
326 2590 559 2661 Χριστόν
578 2604 591 2617 '
617 2589 682 2644 δι’
701 2589 837 2661 ὅπερ
853 2587 1273 2660 ἀναπέμψαντες
1295 2587 1423 2650 τοὺς
1443 2584 1761 2656 φιλομαθεῖς
1798 2589 1892 2645 ἐπὶ
1924 2590 1992 2643 τὰ
2020 2593 2099 2656 εἰς
2132 2592 2258 2656 τοὺς
2285 2591 2482 2656 τόπους
2528 2592 2919 2664 ὑπομνήματα,
2957 2597 3120 2665 ἡμεῖς
3152 2596 3212 2673 τὸ
3256 2613 3454 2668 προτε-

172 2683 266 2737 θὲν
298 2680 791 2754 διαπερανούμεθα.

704 2803 1103 2859 ΚΕΦΑΛΑΙΟΝ
1157 2805 1239 2857 Η¹.

249 2917 268 2949 ι
314 2897 445 2951 Ἰδοὺ
475 2897 539 2971 δὴ
564 2899 592 2950 ὀ
623 2896 890 2967 δεσπότης
931 2895 1138 2967 Κύριος
1170 2894 1397 2950 Σαϐαὼθ
1437 2894 1762 2968 συνταράξει

167 2989 299 3052 τοὺς
323 2985 565 3051 ἐνδόξους
606 2984 743 3060 μετά
780 2985 981 3056 ἰσχύος,
1014 2985 1108 3038 καὶ
1137 2984 1330 3057 ὑψηλοί
1350 2989 1417 3058 τῇ
1454 2985 1609 3058 ὕϐρει
1641 3002 1764 3040 συν-

2459 2802 2688 2859 CAPUT
2734 2803 2868 2861 Vill.

1940 2914 1959 2946 ι
2001 2894 2143 2950 Ecce
2188 2894 2510 2951 dominator
2555 2894 2821 2951 Dominus
2873 2894 3112 2952 Sabaoth
3139 2897 3451 2969 confringet

1862 2986 2071 3041 nobiles
2114 3000 2240 3041 cum
2288 2984 2646 3050 fortitudine,
2682 2994 2737 3041 et
2765 2987 2969 3042 excelsi
3004 2996 3219 3043 statura
3255 2991 3442 3045 succi-

169 3080 543 3152 τριϐήσονται,
583 3080 675 3132 καὶ
709 3076 1231 3148 ταπεινωθήσονται,
1268 3077 1364 3130 καὶ
1395 3077 1686 3131 πεσοῦνται
1710 3078 1761 3131 οἱ

1867 3080 2083 3145 dentur,
2113 3086 2168 3134 et
2186 3077 2448 3136 sublimes
2480 3077 2938 3134 humiliabuutur.
2960 3079 3025 3133 Et
3057 3081 3451 3137 sulwertentur

167 3170 368 3242 ὑψηλοὶ
405 3169 650 3241 μαχαίρᾳ
669 3187 681 3200 ·
707 3171 736 3222 ό
760 3168 819 3221 δὲ
850 3167 1075 3231 Λίϐανος
1118 3169 1214 3222 σὺν
1246 3171 1359 3232 τοῖς
1399 3167 1619 3238 ὑψηλοῖς
1655 3186 1759 3222 πε-

166 3266 366 3317 σεῖται.
396 3263 505 3315 Καὶ
528 3260 868 3326 ἐξελεύσεται
903 3260 1099 3331 ῥάϐδος
1124 3260 1190 3314 ὲκ
1213 3260 1313 3331 τῆς
1341 3260 1499 3333 ῥίζης
1535 3260 1756 3325 Ἰεσσαὶ,

163 3356 268 3411 καὶ
298 3354 459 3418 ἄνθος
478 3356 544 3416 ἐκ
575 3354 674 3424 τῆς
699 3352 854 3425 ῥίζης
883 3352 1234 3426 ἀναϐήσεται,
1267 3353 1362 3406 καὶ
1384 3352 1762 3410 ἐπαναπαύσε-

163 3467 258 3504 ται
297 3450 384 3502 ἐπ’
429 3448 591 3501 αὑτὸν
622 3446 838 3517 πνεῦμα
863 3446 957 3500 τοῦ
990 3444 1146 3510 Θεοῦ,
1174 3445 1392 3517 πνεῦμα
1443 3445 1634 3514 σοφίας
1666 3447 1761 3502 καὶ

164 3541 462 3605 συνέσεως,
509 3538 728 3610 πνεῦμα
761 3538 958 3610 βουλῆς
987 3538 1082 3592 καὶ
1121 3537 1323 3609 ἰσχύος,
1361 3536 1577 3609 πνεῦμα
1619 3537 1760 3607 γνώφ

166 3650 313 3697 σεως
359 3634 453 3687 καὶ
487 3632 770 3695 εὐσεϐείας
813 3630 1083 3703 ἐμπλήσει
1122 3630 1319 3683 αὐτόν·
1346 3630 1565 3701 πνεῦμα
1591 3631 1758 3701 φόϐου

162 3723 308 3777 Θεοῦ
330 3725 389 3777 οὐ
421 3724 565 3778 κατά
593 3723 690 3799 τὴν
710 3723 866 3788 δόξαν
893 3724 1088 3795 κρινεῖ,
1112 3722 1233 3776 οὐδὲ
1266 3722 1409 3776 κατά
1440 3723 1540 3795 τὴν
1566 3723 1756 3777 λαλιὰν

162 3814 405 3883 ἐλέγξει,
441 3814 580 3868 ἀλλά
603 3816 779 3886 κρινεῖ
796 3812 1036 3884 ταπεινῷ
1060 3813 1260 3886 κρίσιν,
1286 3814 1379 3866 καὶ
1398 3812 1608 3882 ἐλέγξει
1631 3815 1758 3877 τοὺς

161 3905 463 3968 ταπεινοὺς
506 3905 607 3974 τῆς
655 3905 781 3975 γῆς,
828 3905 923 3959 καὶ
955 3903 1185 3969 πατάξει
1217 3905 1324 3985 γῆν
1371 3903 1450 3975 τῷ
1479 3893 1623 3977 λόγῳ
1660 3905 1756 3961 τοῦ

163 3994 442 4066 στόματος
470 3995 657 4059 αὐτοῦ,
685 3997 780 4051 καὶ
814 3997 870 4049 ὲν
901 3995 1169 4066 πνεύματι
1201 3995 1290 4050 διὰ
1317 3995 1540 4065 χειλέων
1579 3996 1759 4054 ἀνελεῖ

160 4088 378 4158 ἀσεϐῆ·
431 4089 527 4142 καὶ
567 4088 717 4142 ἔσται
761 4088 1074 4162 δικαιοσύνῃ
1118 4089 1426 4161 ὲζωσμένος
1460 4090 1559 4162 τὴν
1586 4092 1757 4159 ὀσφὺν

162 4179 373 4245 αὐτοῦ,
414 4180 507 4233 καὶ
550 4179 777 4249 ἀληθείᾳ.
820 4180 1107 4252 εἱλημένος
1142 4180 1243 4244 τὰς
1285 4180 1526 4254 πλευρὰς
1569 4183 1753 4236 αὐτοῦ.

161 4272 281 4328 Καὶ
325 4270 837 4343 συμϐοσκηθήσεται
883 4271 1046 4335 λύκος
1080 4272 1219 4344 μετά
1258 4273 1441 4343 ἀρνὸς,
1475 4273 1572 4327 καὶ
1615 4275 1759 4346 πάρ-

157 4363 320 4427 δαλις
368 4362 838 4422 συναναπαύσεται
896 4363 1103 4434 ἐρίφῳ,
1152 4363 1243 4416 καὶ
1314 4364 1607 4436 μοσχάριον
1661 4365 1754 4421 καὶ

1865 3170 2072 3225 excelsi
2117 3169 2302 3224 ferro:
2339 3176 2393 3224 et
2446 3167 2688 3225 Libanus
2736 3185 2863 3224 cum
2897 3171 3138 3227 excelsis
3167 3173 3347 3228 cadet.
3385 3172 3450 3229 Et

1865 3259 2181 3329 egredietur
2210 3259 2362 3330 virga
2391 3259 2459 3313 de
2491 3258 2676 3315 radice
2708 3258 2895 3324 Iesse,
2940 3267 2994 3315 et
3033 3261 3134 3318 flos
3167 3262 3236 3318 de
3266 3263 3451 3320 radice

1864 3353 1986 3422 ejus
2031 3351 2326 3417 ascendet,
2378 3360 2433 3408 et
2470 3353 2781 3423 requiescet
2829 3369 2994 3423 super
3039 3371 3165 3409 eum
3223 3357 3449 3427 spiritus

1865 3443 1995 3509 Dei,
2026 3445 2254 3515 spiritus
2280 3444 2563 3514 sapientia:
2586 3453 2642 3499 et
2671 3445 2980 3501 intellectus
2998 3485 3013 3509 ,
3042 3447 3277 3517 spiritus
3311 3463 3448 3503 con-

1863 3537 1976 3594 silii
2021 3546 2076 3592 et
2118 3537 2492 3601 fortitudinis,
2537 3538 2772 3607 spiritus
2816 3539 3062 3594 scientia:
3094 3548 3149 3595 et
3180 3540 3443 3610 pictatis:

1864 3631 2098 3701 replebit
2135 3645 2259 3685 eum
2291 3633 2519 3701 spiritus
2549 3632 2765 3686 timoris
2804 3630 2896 3686 Dei
2927 3650 2941 3697 ;
2984 3648 3095 3686 non
3142 3632 3445 3687 secundum

1863 3721 2476 3793 opinionemjudicabit,
2492 3737 2671 3791 neque
2699 3721 2999 3775 secundum
3027 3722 3300 3791 loquelam
3331 3723 3450 3777 red-

1864 3822 2080 3885 arguet,
2141 3814 2236 3868 sed
2275 3813 2548 3883 judicabit
2572 3813 2764 3867 humili
2806 3812 3108 3882 judicium,
3153 3821 3207 3866 et
3254 3813 3447 3871 νεύει-ο

1862 3913 1994 3977 guet
2032 3906 2269 3960 humiles
2300 3913 2495 3969 terrea,
2549 3912 2603 3960 et
2628 3906 2733 3959 erit
2752 3905 2967 3975 justitia
2994 3905 3274 3975 cingulum
3309 3903 3449 3957 luat-

1861 3999 2056 4052 borum
2090 3998 2212 4066 ejus
2238 4037 2253 4062 ,
2288 4005 2344 4053 et
2371 3998 2576 4052 veritas
2601 3997 2983 4052 indumentum
3018 3997 3248 4050 laterum
3281 3996 3445 4064 ejus;

1861 4099 1916 4146 et
1945 4100 2201 4162 pascetur
2222 4090 2387 4146 simul
2411 4091 2572 4160 lupus
2596 4105 2721 4146 cum
2749 4104 2892 4161 agno
2913 4129 2927 4154 ,
2962 4096 3017 4144 et
3041 4088 3249 4158 pardus
3281 4088 3448 4163 simul

1859 4179 2112 4249 quiescet
2139 4195 2263 4234 cum
2288 4178 2477 4242 haedo,
2512 4188 2568 4234 et
2598 4179 2805 4235 vitulus
2835 4188 2890 4233 et
2920 4179 3021 4234 bos
3062 4186 3118 4234 et
3159 4180 3244 4233 leo
3283 4180 3445 4233 simul

1861 4278 2156 4340 pascentur
2183 4288 2196 4323 :
2230 4268 2397 4324 simul
2434 4270 2783 4339 requiescent
2813 4270 2981 4324 catuli
3014 4285 3205 4324 eorum
3231 4309 3247 4332 ,
3283 4280 3331 4325 et
3362 4272 3447 4325 leo

1859 4361 2016 4432 quasi
2039 4363 2140 4417 bos
2168 4360 2418 4417 comedet
2445 4364 2651 4433 paleas.
2684 4361 2750 4415 Et
2776 4362 3140 4418 delectabitur
3162 4361 3347 4417 infans
3376 4363 3447 4418 ab

156 4453 369 4526 ταῦρος
420 4454 515 4507 καὶ
572 4454 710 4512 λέων
744 4453 861 4525 ἅμα
903 4454 1356 4526 βοσκηθήσονται,
1398 4457 1491 4509 καὶ
1526 4457 1643 4526 ἅμα
1683 4456 1752 4513 τὰ

1867 4456 2027 4510 ubere
2072 4470 2240 4525 super
2290 4454 2561 4509 foramine
2597 4454 2844 4524 aspidis,
2891 4463 2946 4509 et
2985 4455 3040 4508 in
3087 4469 3324 4510 caverna
3357 4470 3447 4511 re-

157 4546 359 4601 παιδία
405 4545 585 4599 αὐτῶν
630 4546 863 4610 ἔσονται,
921 4547 1015 4599 καὶ
1058 4545 1195 4599 λέων
1232 4547 1309 4610 ὡς
1349 4545 1477 4615 βοῦς
1518 4548 1751 4616 φάγεται

155 4639 368 4711 ἄχυρα,
400 4641 496 4693 καὶ
538 4638 751 4694 παιδίον
775 4640 970 4710 νήπιον
993 4640 1085 4692 ἐπὶ
1116 4638 1367 4711 τρῶγλην
1395 4639 1636 4694 ἀσπίδων
1662 4641 1758 4693 καὶ

159 4734 275 4787 ἐπὶ
294 4733 482 4803 κοίτην
515 4731 753 4801 ἐγγόνων
785 4730 1028 4785 ἀσπίδων
1053 4730 1153 4802 τὴν
1183 4734 1340 4804 χεῖρα
1368 4731 1637 4798 ὲπιϐαλεῖ,
1663 4733 1757 4785 καὶ

154 4826 227 4879 ὀὐ
257 4824 333 4896 μὴ
357 4823 956 4895 κακοποιήσωσιν,οὺδὲ
984 4823 1059 4895 μὴ
1089 4822 1351 4878 δύνωνται
1372 4825 1635 4880 ἀπολέσαι
1668 4825 1759 4879 ού-

151 4916 292 4973 δένα
320 4917 413 4970 ἐπὶ
431 4917 492 4970 τὸ
525 4915 652 4989 ὅρος
676 4915 739 4969 τὸ
763 4916 918 4984 ἆγιόν
946 4933 1068 4987 μου,
1100 4917 1182 4970 ὅτι
1210 4917 1518 4990 ἐνεπλήσθη
1547 4920 1580 4990 ή
1613 4918 1755 4989 σύμ-

153 5027 315 5079 πασοι
342 5010 414 5081 γῆ
438 5008 531 5063 τοῦ
554 5007 757 5077 γνῶναι
778 5008 871 5062 τὸν
894 5008 1120 5081 Κύριον,
1139 5008 1215 5073 ὡς
1247 5009 1391 5081 ὕδωρ
1422 5010 1556 5064 πολὺ
1585 5028 1755 5065 κατα-

151 5101 402 5171 καλύψαι
433 5099 727 5163 θαλάσσας·
769 5100 865 5154 καὶ
896 5100 1051 5154 ἐσται
1082 5102 1142 5154 ὲν
1178 5104 1244 5173 τῇ
1280 5100 1464 5173 ήμέρᾳ
1497 5101 1681 5173 ἐκείνῃ
1719 5102 1753 5172 ή

154 5192 291 5265 ῥίζα
324 5192 417 5246 τοῦ
466 5191 686 5253 Ἰεσσαὶ,
720 5191 814 5245 καὶ
845 5194 874 5245 ὁ
921 5192 1279 5263 ἀνιστάμενος
1323 5192 1513 5264 ἄρχειν
1561 5192 1752 5257 ἐθνῶν,

149 5284 247 5338 ἐπ’
280 5282 429 5354 αὑτῷ
468 5282 597 5353 ἔθνη
630 5282 898 5349 ὲλπιοῦσι,
934 5282 1030 5337 καὶ
1054 5282 1207 5337 ἔσται
1242 5285 1276 5355 ἡ
1308 5283 1617 5349 ἀνάπαυσις
1651 5284 1753 5338 αὑ.

151 5374 256 5430 τοῦ
299 5378 456 5447 τιμή.
490 5395 508 5427 ι
559 5375 681 5429 Οὐδ’
726 5377 881 5431 αὐτοὶ
921 5375 972 5428 οί
1008 5377 1074 5429 ὲκ
1102 5375 1405 5447 περιτομῆς
1436 5374 1594 5430 ἄλλον
1630 5373 1753 5428 τινὰ

150 5467 254 5522 τοῦ
299 5465 540 5541 Χριστοῦ
579 5466 673 5520 τὸν
714 5466 949 5521 ἐνταῦθα
1002 5467 1480 5542 προφητευόμενον
1530 5467 1752 5539 ὑπειλή-

155 5575 318 5630 φασι,
351 5556 494 5627 πλὴν
520 5557 643 5612 ὅσον
674 5557 767 5611 ἐπὶ
790 5557 919 5629 ψιλῇ
954 5559 1024 5628 τῇ
1055 5557 1156 5627 τῆς
1189 5556 1527 5628 προφητείας
1554 5556 1747 5629 ὲκδοκῇ

158 5647 625 5720 σωματικώτερον
670 5647 890 5701 ἔσεσθαι
935 5647 1330 5718 φανταζόμενοι
1374 5646 1442 5701 τὰ
1482 5647 1622 5703 κατά
1659 5649 1749 5702 τὸν

242 5809 258 5839 ι
286 5806 445 5865 Deut.
475 5823 649 5872 nm,
677 5806 766 5862 21.
844 5810 862 5839 ²
891 5805 996 5864 lsa.
1034 5823 1087 5871 χ,
1124 5807 1212 5871 55,
1241 5807 1309 5863 54
1334 5823 1345 5873 ;
1374 5823 1448 5871 xi,
1482 5806 1627 5861 HO.

1858 4548 1970 4617 guli
1996 4590 2010 4613 ,
2054 4547 2149 4617 qui
2184 4547 2490 4603 ablactatus
2530 4546 2737 4610 fuerit,
2782 4562 3003 4603 manum
3049 4564 3206 4602 suam
3248 4549 3447 4609 mittet.

1860 4639 1980 4693 Non
2011 4639 2285 4693 nocebunt
2312 4678 2326 4699 ,
2363 4646 2418 4692 et
2451 4654 2561 4691 non
2593 4639 2847 4693 occident
2881 4639 2933 4692 in
2970 4640 3232 4695 universo
3260 4649 3450 4695 monte

1861 4734 2053 4781 sancto
2078 4741 2202 4781 meo
2230 4744 2243 4780 :
2277 4730 2407 4797 quia
2441 4726 2648 4796 repleta
2681 4735 2767 4781 est
2799 4734 2946 4781 terra
2990 4729 3221 4783 scicntia
3256 4727 3447 4784 Domi-

1860 4819 1915 4872 ni
1938 4858 1953 4881 ,
1987 4818 2130 4873 sicut
2159 4832 2315 4887 aqua:
2339 4817 2512 4872 maris
2542 4816 2875 4887 operientes.
2911 4816 2976 4871 Et
3005 4818 3112 4873 erit
3142 4819 3196 4873 in
3226 4818 3317 4873 die
3350 4818 3448 4876 illa

1861 4914 2018 4968 radix
2071 4911 2261 4977 Jesse,
2309 4921 2365 4968 et
2404 4913 2499 4983 qui
2549 4913 2727 4983 surgit
2769 4924 2828 4966 ut
2879 4912 3109 4983 imperet
3154 4913 3443 4980 gentibus.

1858 5006 2041 5075 ipsum
2093 5012 2284 5075 gentes
2329 5005 2796 5076 deprecabuntur,
2861 5012 2915 5058 et
2967 5004 3071 5058 erit
3130 5004 3442 5073 sepulcrum

1858 5100 1981 5169 ejus
2009 5099 2311 5169 gloriosum
2338 5100 2380 5153 ².
2415 5118 2434 5150 ι
2461 5097 2649 5168 Neque
2674 5099 2778 5169 ipsi
2806 5096 2976 5153 Judaei
3005 5098 3170 5151 alium
3195 5097 3451 5166 quemvis

1857 5208 1922 5246 ac
2001 5192 2288 5247 Christum
2360 5192 2432 5246 ibi
2508 5192 2943 5268 prophetizatum
3009 5191 3441 5253 intellexerunt,

1858 5283 1967 5339 nisi
2009 5284 2272 5338 nimirum
2313 5283 2687 5353 corporaliter
2702 5292 2926 5352 accepta
2954 5282 3120 5352 hujus
3143 5281 3446 5353 pr0phetie

1860 5377 2115 5448 simplice
2147 5377 2329 5432 littera
2351 5417 2366 5440 ,
2392 5376 2448 5430 in
2476 5375 2766 5431 Dominum
2794 5383 3043 5430 nostrum
3065 5373 3251 5430 Iesum
3275 5372 3405 5429 Chri
3421 5401 3440 5413 -

1855 5478 2000 5525 stum
2026 5469 2184 5524 iidem
2209 5468 2473 5524 adbibere
2497 5476 2750 5524 renuant.
2772 5466 2885 5523 Nos
2920 5482 3053 5522 vero
3079 5467 3264 5525 orunia
3282 5466 3441 5536 juxta

1856 5560 2195 5633 prophetiam
2245 5560 2411 5632 digna
2455 5575 2581 5616 esse
2626 5559 2739 5615 Deo
2772 5574 3095 5630 persuasum
3125 5559 3395 5615 habentes
3417 5597 3435 5623 ,

1853 5654 1921 5710 de
1985 5654 2232 5711 moribus
2279 5653 2566 5710 hominum
2615 5650 2917 5708 Salvator-is
2965 5650 3144 5711 nostri
3198 5651 3435 5707 adventu
