3856 6226
452 363 585 419 {BH

1126 361 1396 418 EUSEBII
1429 359 1917 419 CAESARIENSIS
1954 359 2107 418 OPP.
2148 358 2349 415 PARS.
2388 357 2474 414 Ill.
2515 390 2589 401 —
2623 354 3044 412 EXEGETICA.

3592 352 3727 407 12ιὲ

446 476 516 531 ab
566 474 874 545 iniquitatis
925 472 1201 545 profundo
1249 474 1307 529 in
1357 474 1838 532 mansuetudinem
1893 491 2005 530 cont

2128 473 2294 527 τόπον
2319 472 2419 543 τὴν
2448 472 2528 536 είς
2560 470 2654 525 τὸν
2688 470 2893 543 Κύριον
2916 468 3075 542 ἡμῶν
3116 469 3323 540 Ἰησοῦν
3354 469 3600 541 Χριστὸν
3630 470 3728 541 οὐχ

444 566 625 623 versis
664 566 780 621 haec
823 565 932 622 dici
969 563 1349 621 credidimus:
1386 581 1533 621 nunc
1567 582 1744 636 usque
1777 566 2026 622 videntes

441 659 719 729 quomodo
760 666 814 713 et
845 672 954 730 qua
987 658 1203 713 ratione
1236 658 1294 712 in
1326 656 1589 714 Ecclesiis
1617 674 1740 730 quae
1771 666 1900 715 sunt
1931 675 2025 713 su-

440 763 541 817 per
570 758 774 803 terram
799 787 813 811 ,
870 747 1109 811 adventu
1157 745 1285 802 Jesu
1318 748 1525 803 Christi
1562 765 1593 805 e
1639 749 1826 805 radice
1869 748 2026 805 Jesse

437 837 761 908 geminati,
816 837 1064 910 plerique
1113 838 1397 893 hominum
1444 838 1823 896 transformati
1873 841 2019 907 sint,

436 936 603 999 atque
630 936 825 983 natura
856 944 956 984 sua
984 930 1257 986 immutati
1287 932 1441 1002 prius
1472 932 1671 995 ferina,
1704 947 1833 987 cum
1858 934 2019 1003 quasi

436 1019 549 1095 lupi
593 1019 779 1088 prius,
815 1027 870 1074 et
903 1020 1058 1090 pardi
1088 1029 1143 1075 et
1178 1023 1362 1078 leones
1388 1063 1403 1087 ,
1440 1032 1748 1094 caeteraque
1778 1023 2019 1079 ferarum

434 1119 489 1166 et
530 1112 870 1181 serpentium
915 1128 1116 1183 genera
1171 1114 1459 1179 viverent,
1517 1115 1661 1171 sicut
1711 1131 1809 1171 eos
1860 1116 2020 1186 juxta

433 1204 714 1272 propriam
780 1205 1050 1275 cujusque
1104 1205 1368 1259 malitiam
1429 1214 1483 1262 et
1543 1206 1891 1277 iniquitatem
1950 1222 2019 1262 ex

435 1296 687 1367 analogia
734 1299 1020 1378 prophetia
1058 1306 1238 1353 vocat.
1273 1298 1376 1366 Qui
1405 1310 1461 1355 et
1492 1302 1746 1356 conversi
1772 1310 1826 1357 et
1856 1302 2015 1372 quasi

430 1389 807 1461 transﬁgurati
866 1392 923 1446 in
987 1399 1201 1447 tantum
1264 1393 1709 1457 mansuetudinis
1769 1396 2016 1466 provecti

431 1488 592 1548 sunt,
647 1491 707 1541 ut
759 1484 923 1538 simul
977 1495 1353 1556 pascerentur,
1401 1487 1649 1545 eamdem
1695 1494 2013 1542 sanctorum

431 1573 527 1630 Dei
559 1576 851 1630 verborum
899 1592 1083 1632 escam
1127 1566 1476 1634 comedentes
1512 1593 1638 1633 cum
1681 1578 2016 1635 mansuetis—

429 1666 585 1722 simis
614 1668 725 1721 vita
763 1665 855 1722 Dei
888 1669 1020 1724 viris
1051 1669 1240 1739 justis,
1271 1684 1409 1740 quos
1445 1676 1670 1740 propter
1698 1670 1864 1724 talem
1897 1670 2015 1724 aui-

427 1774 526 1813 ωιξ
562 1758 930 1816 innocentiam
968 1761 1196 1833 privatis
1221 1770 1275 1816 et
1305 1761 1769 1818 mansuetissimis
1802 1762 2013 1815 anima-

2126 563 2453 635 ὁμολογοῦσι
2488 564 2690 618 πίστιν·
2717 564 2881 633 ἡμεῖς
2909 561 2955 615 δ’
2985 561 3083 615 ὅλα
3105 560 3174 613 τά
3203 557 3348 614 κατὰ
3377 560 3484 629 τὴν
3508 576 3725 631 προφη-

2123 657 2275 710 τείαν
2317 656 2444 723 ἄξια
2484 651 2626 710 εἶναι
2669 654 2802 708 Θεοῦ
2838 652 3171 723 πειθόμενοι,
3208 652 3338 723 περὶ
3372 651 3603 723 τροπῶν
3635 653 3725 705 άν-

2125 747 2414 818 θρωπείων
2444 746 2556 800 τῶν
2583 745 2674 800 διὰ
2692 746 2792 816 τῆς
2813 744 3138 814 ἐπιφανείας
3162 741 3257 796 τοῦ
3281 743 3541 813 Σωτῆρος
3569 742 3729 812 ἡμῶν

2122 841 2232 894 ἀπὸ
2264 840 2356 894 τοῦ
2390 840 2585 911 βάθους
2622 838 2723 909 τῆς
2764 839 2964 902 κακίας
3003 840 3084 901 είς
3125 837 3445 908 ἡμερότητα
3484 835 3726 905 μεταϐε-

2122 933 2401 1003 ϐληκότων
2421 931 2593 987 ταῦτα
2618 930 2879 999 λέγεσθαι
2901 928 3369 998 πεπιστεύκαμεν·
3398 926 3483 980 ἔτι
3508 927 3610 980 καὶ
3630 926 3727 979 νῦν

2121 1024 2357 1097 ὁρῶντες
2385 1023 2505 1088 πῶς
2530 1022 2628 1076 καὶ
2648 1022 2773 1076 τίνα
2796 1022 2996 1092 τρόπον
3022 1022 3080 1074 ὲν
3101 1022 3223 1083 ταῖς
3244 1017 3388 1072 κατά
3404 1019 3510 1088 τὴν
3538 1020 3725 1070 οἰκου-

2124 1118 2294 1190 μένην
2326 1118 2409 1190 [ἐν
2431 1116 2575 1189 ταῖς]
2604 1115 2955 1187 Ἐκκλησίαις
2995 1119 3132 1185 μετὰ
3160 1111 3257 1183 τὴν
3279 1112 3593 1183 παρουσίαν
3624 1110 3723 1165 τοῦ

2123 1212 2189 1264 ὲκ
2214 1211 2315 1283 τῆς
2350 1209 2509 1284 ῥίζης
2534 1208 2596 1278 (f.
2627 1208 2698 1263 48
2722 1208 2801 1278 v°)
2844 1207 3042 1260 Ἰεσσαὶ
3078 1204 3512 1276 βεϐλαστηκότος
3540 1202 3722 1273 Ἰησοῦ

2120 1302 2380 1376 Χριστοῦ,
2402 1304 2453 1357 οἱ
2489 1300 2676 1355 πολλοὶ
2719 1300 2830 1353 τῶν
2877 1297 3181 1370 ἀνθρώπων
3232 1294 3720 1368 μετεπλάσθησαν,

2119 1396 2216 1449 καὶ
2256 1394 2357 1467 τὴν
2407 1393 2570 1465 φύσιν
2607 1392 2779 1463 αὐτὴν
2806 1391 2916 1445 ἀπὸ
2944 1389 3041 1444 τοῦ
3069 1386 3371 1460 θηριώδους
3414 1385 3723 1457 μετέϐαλον

2119 1487 2260 1558 βίου,
2295 1487 2450 1541 λύκοι
2480 1487 2624 1552 τινὲς
2661 1486 2817 1549 ὄντες
2858 1484 2920 1537 τὸ
2970 1481 3372 1567 πράτερον,καὶ
3414 1480 3722 1553 παρδάλεις

2116 1578 2208 1631 τὸν
2239 1578 2437 1632 τοιονδὶ
2471 1578 2692 1650 τρόπον,
2717 1575 2934 1639 λέοντές
2964 1591 3022 1627 τε
3052 1575 3146 1626 καὶ
3159 1574 3261 1626 ὅσα
3286 1571 3422 1625 ἄλλα
3455 1570 3627 1642 θηρία
3658 1589 3720 1625 τε

2117 1669 2213 1723 καὶ
2244 1670 2450 1742 ἑρπετά
2482 1673 2604 1725 κατ’
2634 1670 2924 1739 ἀναλογίαν
2962 1668 3065 1738 τῆς
3106 1667 3165 1719 ὲν
3204 1664 3421 1735 ἑκάστῳ
3460 1663 3719 1735 ποικίλης

2117 1761 2317 1825 κακίας
2344 1777 2406 1814 τε
2439 1762 2532 1815 καὶ
2565 1760 2829 1832 πονηρίας
2863 1762 2898 1829 ἡ
2933 1756 3241 1830 προφητεία
3282 1753 3618 1821 καταλέγει·
3665 1754 3718 1806 οῖ

429 1849 612 1915 libus,
651 1858 813 1922 atque
858 1852 1181 1909 lactentibus
1224 1853 1410 1923 pueris
1450 1853 1669 1908 divinus
1710 1853 2005 1925 asquiparat

2118 1854 2213 1906 καὶ
2263 1851 2622 1924 μεταθέμενοι
2669 1852 2765 1906 καὶ
2809 1848 3055 1918 ὡσπερεὶ
3105 1843 3609 1918 μεταπλασθέντες,
3636 1847 3721 1908 εις

431 1957 634 1999 sermo.
686 1944 744 1998 Si
791 1948 915 2015 quis
966 1944 1112 1999 haud
1164 1943 1325 2009 facile
1376 1944 1492 1999 haec
1541 1944 1812 2017 accipiat,
1864 1945 2014 2001 dicat

426 2035 704 2105 quomodo
735 2037 893 2091 aliter
922 2053 953 2093 e
985 2052 1153 2091 sensu
1198 2035 1477 2091 communi
1519 2036 1667 2091 hunc
1707 2038 1884 2110 possit
1921 2040 2011 2092 in-

427 2128 717 2196 terpretari
760 2128 961 2183 locum.
1008 2129 1375 2194 Quamobrem
1422 2127 1591 2199 igitur
1635 2135 1690 2184 et
1736 2129 2013 2200 quomodo

425 2212 672 2273 Libanus
705 2234 831 2273 cum
860 2219 1096 2275 excelsis
1127 2218 1330 2272 cadet?
1359 2217 1647 2286 Quomodo
1673 2235 1780 2274 non
1810 2221 2012 2292 allego-

425 2309 541 2364 rice
564 2310 799 2380 accipiet
838 2326 1017 2382 neque
1063 2311 1313 2382 virgam,
1368 2327 1548 2382 neque
1595 2311 1784 2367 liorem
1830 2329 1897 2368 ex
1943 2329 2009 2368 ea

425 2403 917 2471 germinaturum?
979 2403 1249 2459 Ostendat
1306 2403 1584 2474 quomodo
1647 2406 2011 2475 corporaliter

423 2493 576 2564 virga
620 2510 912 2570 egressura
951 2496 1021 2551 de
1055 2497 1242 2552 radice
1283 2493 1442 2554 Jessc
1485 2495 1725 2560 dicatur,
1762 2505 1817 2551 et
1862 2497 2008 2552 unde

380 2600 385 2605 '
421 2584 531 2641 llos
551 2600 585 2642 e
613 2586 800 2641 radice
829 2587 950 2655 ejus
979 2602 1337 2644 ascensurus.
1376 2584 1433 2641 Si
1464 2596 1647 2643 autem
1667 2630 1683 2653 ,
1714 2589 1862 2658 quod
1893 2605 2010 2659 per-

421 2677 640 2735 dillicite
667 2686 751 2735 est
770 2719 785 2742 ,
814 2679 884 2734 dc
913 2679 998 2734 bis
1030 2679 1546 2750 interpretationem
1572 2679 1835 2734 exhibere
1864 2680 2007 2733 nita—

422 2780 532 2838 tur,
566 2772 785 2828 attende
817 2786 1002 2826 annon
1033 2770 1260 2841 pulchre
1294 2770 1455 2825 nobis
1481 2777 1537 2825 et
1567 2770 1775 2841 reliqua
1807 2768 2003 2825 Salva-

418 2867 558 2923 toris
606 2865 784 2922 nostri
829 2865 1067 2920 adventu
1109 2864 1326 2933 plenum
1375 2870 1633 2917 eventum
1686 2862 2000 2917 habuerint.

420 2961 554 3026 Quae
599 2967 654 3015 et
705 2966 1076 3029 congruenter
1122 2971 1246 3011 cum
1292 2954 1580 3027 prOphetia
1630 2954 1997 3019 advenerunt,

422 3048 724 3106 contractis
758 3065 790 3103 a
820 3048 1054 3104 Domino
1082 3046 1323 3102 Sabaoth
1361 3045 1567 3118 prioris
1597 3046 1788 3117 populi
1817 3062 1998 3117 quou—

418 3140 547 3196 dam
577 3141 857 3196 nobilibus
877 3180 892 3205 ,
923 3156 1063 3211 quos
1093 3147 1148 3195 et
1177 3140 1421 3194 elevatus
1462 3137 1609 3192 facta
1651 3138 1709 3192 in
1743 3136 1999 3192 Salvato-

417 3248 534 3288 nm
565 3241 815 3289 nostrum
847 3233 1048 3303 injuria
1068 3272 1083 3296 ,
1115 3232 1478 3288 conterendos
1506 3239 1560 3286 et
1591 3231 1961 3287 humiliandos
1981 3271 1997 3296 ,

418 3333 475 3379 et
504 3323 841 3392 dejiciendos
870 3340 995 3380 esse
1027 3326 1382 3393 pmnuntiat.
1419 3323 1557 3378 Cum
1608 3322 1717 3378 illis
1745 3331 1799 3377 et
1838 3321 2002 3377 Liba-

420 3433 550 3471 num
595 3417 980 3487 prolapsurum
1014 3416 1298 3486 Scriptura
1339 3416 1493 3471 dicit.
1540 3416 1629 3471 Sic
1675 3416 1821 3471 enim
1869 3431 2006 3471 con-

420 3516 676 3565 sueverat
705 3508 1007 3565 Jerusalem
1035 3517 1385 3580 veteremque
1436 3510 1713 3580 quondam
1753 3510 1828 3564 ibi
1868 3510 2006 3564 cele-

417 3595 635 3649 bratum
673 3597 879 3651 cultum
907 3596 1197 3667 allegorice
1226 3598 1548 3664 nominare;
1582 3606 1641 3652 ut
1677 3605 1894 3654 constat
1936 3614 2001 3652 ex

422 3687 515 3741 illo
540 3685 840 3743 Ezechielis
868 3688 990 3741 loco
1010 3732 1025 3753 ,
1049 3688 1141 3743 ubi
1168 3688 1376 3743 dictum
1405 3698 1490 3744 est
1516 3708 1528 3742 :
1563 3708 1582 3741 ι
1612 3690 1808 3759 Aquila
1838 3704 2003 3761 gran-

422 3778 529 3843 dis,
561 3794 883 3848 magnarum
914 3781 1159 3844 alarum,
1198 3780 1364 3851 longo
1392 3782 1767 3836 membrorum
1794 3780 1996 3846 ductu,

420 3872 582 3941 plena
612 3872 815 3942 plumis
842 3880 897 3928 et
925 3874 1222 3938 varietate,
1256 3890 1377 3944 qua:
1414 3874 1578 3929 habet
1610 3874 2000 3931 auctoritatem

423 3963 763 4033 ingrediendi
793 3964 847 4018 in
877 3964 1146 4019 Libanum
1168 4006 1184 4031 ,
1214 3974 1269 4021 et
1294 3966 1497 4022 evulsit
1524 3974 1716 4021 tenera
1741 3967 1891 4022 cedri
1920 3969 1994 4020 ί.»

421 4058 488 4114 Et
526 4061 641 4116 [nec
678 4062 797 4132 ipsa
833 4063 1095 4133 deinceps
1145 4064 1450 4135 explanans
1498 4065 1643 4120 idem
1690 4066 1954 4137 propheta
1979 4105 1995 4131 ,

418 4156 605 4217 aperte
651 4148 922 4204 Libanum
974 4167 1101 4207 esse
1150 4151 1458 4209 Jerusalem
1507 4154 1703 4210 edocet
1756 4156 1996 4212 dicens:

421 4257 444 4291 ε
465 4236 564 4294 Fili
582 4240 822 4297 hominis
841 4284 855 4306 ,
873 4243 962 4297 dic
990 4244 1056 4298 ad
1074 4244 1297 4299 domum
1330 4256 1746 4316 exasperantem
1770 4268 1781 4303 :
1808 4248 2000 4305 Nesci-

416 4332 493 4387 tis
533 4333 664 4402 quid
701 4334 807 4389 ista
842 4335 1185 4405 signiﬁcent?
1217 4335 1315 4392 Dic
1337 4378 1350 4401 ,
1381 4338 1519 4393 Cum
1544 4340 1755 4395 venerit
1785 4357 1880 4396 rex
1905 4342 2002 4396 Ba-

417 4424 636 4495 bylouis
662 4426 716 4479 in
744 4423 1048 4482 Jerusalem
1069 4468 1084 4493 ,
1107 4435 1161 4483 et
1179 4439 1426 4484 assumet
1444 4446 1626 4502 regem
1648 4441 1701 4487 et
1722 4433 2000 4504 principes

417 4517 541 4585 ejus
570 4522 613 4571 ².
639 4539 658 4570 ι
689 4519 1037 4575 Manifestum
1075 4528 1162 4577 est
1200 4523 1371 4592 igitur
1404 4523 1550 4594 quod
1589 4532 1643 4579 et
1683 4524 1799 4595 ipse
1834 4525 1999 4581 Liba-

418 4620 526 4662 nus
556 4617 681 4678 post
696 4612 1041 4666 excelsorum
1059 4612 1317 4681 injuriam
1341 4615 1543 4670 cecidit
1565 4613 1869 4673 Salvatoris
1890 4633 1992 4671 no-

417 4698 519 4752 stri
552 4698 787 4755 adventu
818 4702 884 4756 de
901 4703 1086 4758 radice
1109 4702 1264 4760 Jesse
1279 4706 1393 4759 nati
1418 4724 1434 4774 ;
1464 4707 1520 4760 in
1563 4722 1673 4777 quo
1715 4709 1986 4778 requievit

419 4788 710 4857 plenitudo
747 4791 1018 4848 donorum
1059 4796 1236 4850 sancti
1286 4795 1555 4867 Spiritus,
1583 4800 1676 4869 qui
1714 4811 1770 4855 et
1798 4816 1997 4858 rursus

414 4880 598 4934 veniet
624 4884 867 4938 secunda
893 4892 950 4940 et
978 4888 1244 4956 prmclara
1268 4890 1712 4950 manifestatione
1729 4936 1745 4959 ,
1774 4912 1884 4950 non
1916 4912 1998 4952 se-

412 4971 656 5027 cundum
685 4975 999 5044 opinionem
1023 4979 1279 5048 judicans
1300 5024 1315 5050 ,
1346 5001 1365 5035 ι
1393 4982 1693 5041 Personam
1714 4989 1866 5043 enim
1895 4989 1995 5044 ho-

416 5062 583 5117 minis
623 5062 768 5121 Deus
806 5082 916 5121 non
960 5071 1164 5141 accipit
1193 5072 1215 5104 ³
1245 5093 1264 5125 ι
1300 5091 1315 5142 ;
1348 5091 1526 5147 neque
1564 5080 1867 5135 secundum
1907 5083 1990 5138 lo-

413 5154 633 5224 quelam
673 5156 1014 5227 redarguens
1043 5181 1057 5216 :
1093 5181 1112 5213 ι
1146 5162 1416 5222 Scrutaris
1454 5170 1601 5224 enim
1629 5179 1717 5227 est
1746 5188 1906 5229 renes
1940 5169 1998 5227 et

413 5244 612 5308 corda,
652 5255 705 5302 et
742 5250 1061 5320 pertingens
1100 5270 1278 5325 usque
1315 5258 1382 5312 ad
1424 5260 1758 5318 divisionem
1797 5264 1998 5320 anima:

414 5349 478 5389 ac
503 5336 731 5406 spiritus
750 5339 792 5396 ⁸.
827 5361 846 5392 ι
871 5340 1147 5400 Praeterea
1175 5363 1299 5402 cum
1326 5350 1440 5419 jam
1468 5351 1614 5407 facta
1642 5363 1726 5410 est
1756 5341 1877 5425 ejus
1909 5356 1997 5409 in-

415 5427 689 5492 carnatio,
720 5446 886 5499 quam
918 5434 1207 5491 verissime
1236 5442 1443 5508 repleta
1473 5452 1560 5498 est
1586 5452 1734 5499 terra
1765 5445 1995 5501 scientia

415 5513 655 5580 Domini,
690 5537 798 5574 non
825 5523 936 5590 jam
966 5527 1097 5579 solis
1128 5526 1333 5585 Iudaeis
1358 5547 1483 5586 eum
1511 5536 1992 5604 cognoscentibus.

417 5606 574 5660 Tunc
603 5611 767 5664 etiam
799 5616 1098 5682 pleniorem
1138 5630 1395 5678 eventum
1435 5625 1628 5681 habuit
1669 5630 1993 5700 prophetia,

2114 1942 2369 1997 τοσοῦτον
2406 1943 2748 2015 ἡμερότητος
2788 1941 3018 2013 ἧλασαν,
3062 1939 3139 2001 ὡς
3173 1936 3586 2009 συμϐόσκεσθαι
3618 1937 3722 1990 αὐ.

2114 2036 2240 2100 τοὺς
2278 2035 2378 2107 τὴν
2408 2035 2580 2107 αὐτὴν
2613 2033 2869 2097 ἔσθοντας
2905 2033 3016 2086 τῶν
3049 2030 3211 2102 ίερῶν
3236 2031 3332 2084 τοῦ
3363 2029 3505 2084 Θεοῦ
3534 2030 3719 2098 λόγων

2113 2128 2320 2199 τροφὴν
2356 2129 2471 2191 τοῖς
2509 2126 2888 2199 ἡμερωτάτοις
2925 2125 2993 2179 τὰ
3039 2124 3145 2194 ἢθη
3195 2123 3425 2186 δικαίοις
3482 2122 3718 2195 ἀνδράσι

2109 2218 2203 2274 τοῦ
2234 2217 2391 2284 Θεοῦ,
2423 2217 2517 2284 οὓς
2553 2218 2643 2273 διὰ
2672 2219 2772 2290 τὴν
2796 2218 3003 2272 τοιανᾶ
3024 2217 3124 2288 τῆς
3146 2215 3324 2286 ψυχῆς
3349 2216 3598 2269 ἀκακίαν
3632 2235 3716 2270 τι-

2111 2312 2335 2378 θασσοῖς
2370 2314 2465 2367 καὶ
2504 2313 2881 2384 ἡμερωτάτοις
2914 2310 3096 2377 ζώοις,
3125 2312 3238 2374 τοῖς
3269 2327 3329 2363 τε
3352 2312 3719 2382 ἀναγεγραμο

2112 2405 2297 2477 μένοις
2328 2404 2567 2459 ἐνταῦθα
2597 2405 2834 2469 παιδίοις
2866 2407 2896 2459 ὁ
2930 2405 3072 2469 θεῖος
3110 2404 3382 2458 ἀπείκασε
3415 2404 3603 2471 λόγος.
3653 2405 3716 2457 ΕΞ

2108 2498 2165 2552 ἃ
2193 2497 2334 2570 πρὸς
2366 2497 2542 2552 ταῦτά
2572 2515 2658 2562 τις
2689 2496 2997 2562 δυσπειθῶς
3022 2497 3156 2568 ἔχοι,
3189 2497 3398 2567 λεγέτω
3424 2498 3481 2549 εἰ
3510 2491 3630 2549 οἷόν
3655 2513 3715 2549 τε

2107 2590 2283 2654 ἄλλως
2324 2589 2468 2644 κατὰ
2501 2588 2600 2662 τὴν
2639 2590 2934 2662 πρόχειρον
2965 2589 3205 2644 διάνοιαν
3246 2590 3444 2655 σώζειν
3490 2590 3597 2661 τὴν
3629 2591 3717 2643 λέ-

2107 2679 2208 2747 ξιν·
2231 2681 2320 2735 διὰ
2349 2682 2401 2734 τί
2426 2680 2535 2753 γὰρ
2563 2680 2595 2751 ἦ
2627 2681 2722 2735 καὶ⁵
2747 2681 2866 2745 πῶς
2898 2683 2928 2735 ό
2950 2682 3181 2745 Λίϐανος
3214 2681 3311 2735 σὺν
3339 2684 3457 2745 τοῖς
3483 2681 3715 2753 ὑψηλοῖς

2107 2772 2390 2837 πεσεῖται;
2436 2770 2529 2843 Μὴ
2571 2771 2975 2843 τροπολογείτω
3031 2771 3090 2825 δὲ
3137 2772 3279 2842 μήτε
3330 2772 3433 2843 τὴν
3486 2771 3712 2841 ῥάϐδον,

2108 2863 2244 2935 μηδὲ
2269 2862 2332 2916 τὸ
2363 2865 2429 2916 ὲκ
2456 2863 2663 2933 ταύτης
2693 2862 2872 2926 ἄνθος·
2902 2861 3039 2916 ἀλλά
3065 2863 3331 2916 δεικνύτω
3368 2862 3491 2926 πῶς
3521 2880 3712 2933 σωμα-

2103 2956 2232 3027 τικὴ
2264 2953 2461 3025 ῥάϐδος
2488 2953 2878 3020 ἐξελεύσεσθαι,
2898 2955 2964 3008 ἐκ
2986 2955 3086 3025 τῆς
3111 2954 3270 3026 ῥίζης
3316 2954 3527 3007 Ἰεσσαὶ
3555 2954 3715 3024 λέγει

2102 3066 2215 3112 ται,
2252 3048 2348 3103 καί
2378 3049 2624 3103 ποταπὸν
2659 3048 2821 3113 ἄνθος
2845 3048 3216 3119 ἀναϐήσεσθαι
3242 3047 3302 3112 ἐξ
3326 3049 3522 3119 αὐτῆς.
3557 3050 3627 3103 El.
3656 3051 3713 3103 ᾶξ

2103 3141 2198 3194 καὶ⁵
2236 3139 2326 3193 τὸν
2367 3140 2511 3194 πάνυ
2557 3139 2792 3212 σκληρὸν
2841 3138 3037 3217 ταῦτα.
3058 3141 3151 3193 ἐπὶ
3194 3140 3441 3194 διάνοιαν
3497 3141 3717 3196 ἀνιέναι

2107 3233 2377 3303 βιάζεται,
2400 3234 2503 3306 ὅρα
2534 3235 2584 3287 εί
2611 3234 2687 3305 μὴ
2721 3232 2903 3296 καλῶς
2926 3234 3060 3305 ἡμῖν
3091 3234 3186 3287 καὶ
3215 3233 3285 3287 τά
3314 3234 3490 3288 λοιπὰ
3521 3238 3624 3289 ἐπὶ
3647 3241 3714 3307 τῇ

2102 3324 2197 3378 τοῦ
2225 3326 2478 3398 Σωτῆρος
2503 3326 2662 3397 ἡμῶν
2686 3325 2962 3397 παρουσία
2991 3325 3132 3380 κατὰ
3158 3327 3398 3383 διάνοιαν
3432 3330 3715 3400 παρίστα-

2103 3435 2194 3474 ται
2236 3418 2649 3491 πεπληρωμένα
2667 3436 2680 3449 ·
2716 3419 2754 3473 ἃ
2791 3420 2889 3474 καὶ
2922 3420 3232 3484 ἀκολούθως
3276 3424 3343 3492 τῇ
3391 3426 3717 3495 προφητεία

2102 3511 2296 3580 γέγονε
2354 3512 2493 3582 μετὰ
2540 3512 2602 3565 τὸ
2651 3512 2993 3584 συνταράξαι
3033 3512 3240 3585 Κύριον
3293 3513 3532 3569 Σαϐαὼθ
3584 3518 3717 3580 :93;

2103 3604 2272 3658 πάλαι
2300 3603 2547 3669 ἐνδόξους
2574 3604 2670 3657 τοῦ
2702 3604 2975 3676 προτέρου
3010 3604 3164 3665 λαοῦ·
3199 3605 3295 3669 οὒς
3327 3608 3429 3665 καὶ
3463 3607 3717 3677 64:905-

2101 3712 2201 3758 τας
2238 3697 2304 3767 τῇ
2339 3695 2481 3749 κατά
2518 3693 2614 3749 τοῦ
2655 3695 2910 3767 Σωτῆρος
2955 3694 3114 3767 ἡμῶν
3148 3694 3306 3769 ὕϐρει
3347 3698 3715 3771 συντριϐήσεο

2105 3782 2227 3838 σθαι
2254 3784 2351 3838 καὶ
2369 3783 2901 3855 ταπεινωθήσεσθαι.
2922 3786 3016 3840 καὶ
3030 3787 3315 3846 πεσεῖσθαι
3340 3790 3710 3861 προφητεύει·

2105 3879 2203 3932 σὺν
2248 3879 2433 3942 αὐτοῖς
2476 3878 2676 3953 eam
2717 3877 2809 3931 τὸν
2858 3878 3093 3941 Λίϐανον
3142 3880 3430 3935 πεσεῖσθαι
3472 3885 3503 3936 ὁ
3549 3884 3713 3953 λόγος

2104 3969 2287 4041 φησίν·
2317 3969 2459 4023 οὓτω
2487 3944 2695 4034 δὲ’έθος
2731 3968 2883 4041 αὐτῷ
2915 3971 3018 4041 τὴν
3067 3973 3431 4045 Ἰερουσαλὴμ.
3471 3976 3575 4029 καὶ

2103 4063 2276 4116 πάλαι
2325 4063 2589 4136 πρότερον
2639 4062 2699 4116 ὲν
2746 4063 2884 4134 αὐτῇ
2940 4064 3272 4135 σωματικῶς
3327 4067 3712 4141 ἀποτελουμέ-

2101 4175 2201 4227 νην
2250 4156 2508 4229 λατρείαν
2556 4155 2877 4228 ὀνομάζειν·
2921 4156 3000 4221 ὡς
3046 4157 3203 4229 δῆλόν
3251 4160 3421 4213 ἐστιν
3453 4163 3571 4215 ἀπὸ
3618 4165 3712 4217 τοῦ

2102 4247 2390 4321 Ἰεζεκιὴλ,
2438 4249 2569 4304 ἔνθα
2622 4249 2812 4304 τοῦτον
2865 4249 3291 4321 ἀναγέγραπται
3332 4253 3429 4307 τὸν
3481 4256 3709 4327 τρόπον·

2107 4360 2128 4394 ι
2180 4343 2239 4396 '0
2283 4343 2440 4406 ἀετὸς
2480 4345 2510 4396 ὁ
2560 4343 2735 4413 μέγας
2775 4345 2805 4397 ὁ
2852 4343 3358 4415 μεγαλοπτέρυγος,
3404 4347 3437 4399 ὁ
3492 4351 3711 4421 μακρὲς

2099 4435 2166 4504 τῇ
2221 4433 2469 4511 ἐκτάσει,
2528 4433 2746 4507 πλήρης
2800 4435 3031 4507 ὀνύχων,
3085 4435 3145 4498 ὃς
3202 4434 3317 4505 ἔχει
3380 4438 3447 4491 τὸ
3512 4442 3713 4512 ἧτημα

2100 4526 2363 4580 εἰσελθεῖν
2410 4528 2491 4591 είς
2533 4526 2626 4580 τὸν
2670 4529 2926 4593 Λίϐανον,
2977 4530 3072 4583 καὶ
3115 4529 3276 4583 ἔλαϐε
3321 4534 3391 4585 τὰ
3440 4534 3713 4588 ὲπίλεκτα

2102 4617 2205 4688 τῆς
2227 4618 2440 4690 κέδρου.
2466 4637 2486 4670 ι
2520 4618 2789 4675 Ἐπιλύων
2823 4620 2955 4690 γοῦν
2986 4622 3087 4693 τὴν
3122 4622 3450 4695 παραϐολὴν
3480 4628 3655 4691 αὐτὸς
3683 4630 3714 4681 ὁ

2106 4711 2444 4781 προφητικὸς
2485 4710 2644 4780 λόγος
2676 4712 2865 4784 σαφῶς
2895 4713 2987 4766 τὸν
3020 4714 3254 4770 Λίϐανον
3292 4717 3393 4787 τὴν
3433 4718 3715 4791 Ἰερουσαο

2104 4801 2216 4874 λὴμ
2240 4803 2505 4870 διδάσκει,
2538 4804 2714 4874 λέγων
2732 4822 2746 4836 ·
2775 4826 2795 4858 ι
2823 4807 2923 4861 Υἱὲ
2945 4806 3260 4879 ἀνθρώπου,
3283 4812 3445 4865 εἰπὸν
3474 4813 3543 4885 δὴ
3571 4817 3710 4887 πρὸς

2103 4894 2196 4949 τὸν
2232 4891 2381 4949 οἷκον
2433 4897 2527 4950 τὸν
2575 4898 3117 4969 παραπικραίνοντα·
3150 4901 3269 4954 Οὐκ
3312 4902 3628 4958 ἐπίστασθε
3660 4906 3710 4958 τί

2101 4983 2170 5059 ἧν
2198 4987 2405 5054 ταῦτα;
2453 4989 2645 5055 εἰπὸν,
2686 4992 2855 5045 Ὅταν
2898 4990 3028 5063 ἔλθῃ
3079 4991 3337 5062 βασιλεὺς
3376 4994 3711 5061 BaGuZGwa;

2102 5080 2199 5133 ἐπὶ
2226 5081 2604 5154 Ἰερουσαλὴμ,
2631 5082 2727 5136 καὶ
2756 5082 2987 5154 λήψεται
3017 5084 3111 5137 τὸν
3142 5084 3371 5155 βασιλέα
3404 5089 3591 5160 αὐτῆς
3618 5091 3709 5142 καὶ

2102 5173 2229 5235 τοὺς
2254 5171 2519 5244 ἄρχοντας
2550 5172 2744 5243 αὐτῆς.
2776 5192 2795 5225 ›
2823 5174 3097 5247 Πρόδηλον
3126 5172 3223 5229 οὖν
3246 5176 3401 5240 ὅπως
3426 5179 3529 5232 καὶ
3548 5173 3709 5242 οὗτος

2101 5267 2130 5317 ὁ
2164 5265 2397 5330 Λίϐανος
2420 5267 2562 5337 μετὰ
2585 5266 2696 5320 τῶν
2726 5266 2948 5338 ὑψηλῶν
2981 5272 3046 5339 τῇ
3078 5268 3237 5341 ὕϐρει
3267 5272 3707 5342 περιπέπιωκεν

2101 5359 2195 5410 ἐπὶ
2232 5360 2299 5429 τῇ
2353 5358 2629 5430 παρουσίᾳ
2671 5359 2766 5413 τοῦ
2821 5361 2888 5413 ἐκ
2948 5358 3105 5429 ῥίζης
3146 5361 3349 5413 Ἰεσσαὶ
3397 5364 3705 5433 γινομένου

2107 5449 2361 5521 Σωτῆρος
2393 5449 2577 5521 ἡμῶν·
2613 5452 2699 5520 ἐφ’
2728 5450 2789 5505 ὃν
2815 5453 2909 5505 καὶ
2950 5452 3303 5506 ἀνεπαύσατο
3327 5455 3363 5524 ἠ
3419 5455 3704 5525 τελειότης

2104 5540 2211 5595 τῶν
2256 5542 2352 5596 τοῦ
2382 5542 2539 5609 ἁγίου
2583 5541 2902 5612 Πνεύματος
2938 5543 3322 5615 χαρισμάτων,
3363 5546 3426 5609 ὃς
3462 5550 3556 5600 καὶ
3590 5548 3703 5599 sia-

2104 5631 2263 5695 αὖθις
2289 5632 2569 5694 ἐλεύσεται
2593 5634 2733 5688 κατὰ
2760 5635 2858 5706 τὴν
2879 5635 3140 5707 δευτέραν
3169 5638 3264 5692 καὶ
3284 5637 3505 5706 ἔνδοξον
3528 5638 3700 5695 αὐτοῦ

488 5780 501 5797 ⁸
534 5778 733 5839 Ezech.
763 5802 896 5852 xvii,
924 5788 976 5846 5.
1052 5795 1073 5823 '
1097 5794 1235 5849 ibid.
1271 5796 1354 5852 1‘2.
1435 5799 1455 5831 ³
1489 5798 1605 5853 Gal.
1636 5818 1695 5870 ιι,
1718 5802 1769 5859 6.
1850 5804 2061 5876 ‘Apoc.
2091 5824 2151 5874 ιι,
2183 5809 2284 5878 ‘23;
2322 5808 2485 5867 Hebr.
2525 5826 2598 5878 iv,
2638 5811 2718 5867 l2.
