3856 6226
162 368 307 424 1215

1261 370 1551 428 ECLOGA}
1589 367 2073 428 PROPHETICIE.
2110 372 2238 428 LIB.
2278 372 2369 429 ιν.

3286 375 3425 430 1214

155 477 483 562 παρουσίαν,
511 492 573 544 οὐ
608 490 750 545 κατά
790 492 891 563 τὴν
931 493 1092 558 δόξαν
1120 492 1437 565 κρινοῦντος
1459 512 1471 525 ·
1513 513 1534 547 ‹
1560 495 1740 567 Πρόσ-

1846 508 1968 548 cum
2002 492 2341 563 plenitudine
2375 492 2617 563 gentium
2651 489 2996 562 ingrediente
3033 503 3159 543 cum
3197 487 3424 556 reliquis

152 600 310 637 ωπον
342 582 452 652 γὰρ
494 582 781 656 ἀνθρώπου
815 585 947 649 Θεὸς
973 587 1035 639 οὐ
1082 585 1353 658 λαμϐάνει
1373 607 1388 619 ·
1417 608 1435 640 ι
1465 587 1579 640 ἀλλ’
1620 588 1742 641 οὐδὲ

154 674 301 728 κατά
324 673 422 744 τὴν
443 674 633 727 λαλιὰν
662 675 900 748 ἐλέγχων
916 694 961 727 ἰ
984 676 1223 742 Ἑτάζων
1250 677 1362 750 γάρ
1384 679 1743 750 ἐστικαρδίας

154 768 257 820 καὶ
283 769 536 839 νεφροὺς,
574 768 668 821 καὶ
700 766 1071 841 διικνούμενος
1099 768 1227 839 ἄχρι
1262 767 1531 839 μερισμοῦ
1562 769 1743 840 ψυχῆς

158 860 257 912 καὶ
283 857 617 930 πνεύματος.
643 877 662 910 ι
705 860 817 912 Καὶ
843 860 935 911 ἐπὶ
959 861 1027 930 τῇ
1074 859 1344 934 γενομένῃ
1385 861 1484 931 μὲν
1515 856 1608 914 οὖν
1638 863 1742 916 αύ-

153 949 255 1004 τοῦ
283 950 386 1021 ἡδη
414 951 680 1022 πρότερον
706 951 982 1023 παρουσίᾳ
1016 950 1323 1023 ἐνεπλήσθη
1355 951 1432 1015 ὡς
1457 950 1674 1023 ἀληθῶς
1706 954 1741 1025 ἡ

162 1040 231 1110 γῆ
261 1039 355 1093 τοῦ
389 1038 591 1109 γνῶναι
614 1040 707 1093 τὸν
734 1039 961 1112 Κύριον,
1000 1040 1230 1112 μηδενὸς
1280 1041 1342 1095 τὸ
1384 1041 1516 1113 πρὶν
1549 1043 1631 1096 ὅτι
1667 1042 1742 1115 μὴ

156 1132 340 1203 μόνων
373 1131 484 1185 τῶν
513 1132 580 1185 ἐκ
624 1132 931 1204 περιτομῆς
964 1122 1344 1202 γινωσκόντων
1369 1133 1565 1187 αὐτόν’ι
1617 1135 1742 1197 τότε

151 1222 216 1278 δὲ
249 1224 345 1277 καὶ
375 1223 576 1294 μᾶλλον
603 1226 685 1288 είς
714 1223 893 1295 πέρας
913 1223 1214 1297 ἀχθήσεται
1232 1226 1266 1296 ἡ
1301 1225 1630 1296 προφητεία,
1651 1226 1742 1291 ὅτε

150 1313 253 1368 τοῦ
304 1313 672 1386 πληρώματος
726 1313 838 1367 τῶν
890 1313 1061 1369 ἐθνῶν
1106 1314 1440 1379 εἰσελθόντος
1480 1316 1578 1369 σὺν
1626 1316 1742 1380 τοῖς

152 1407 361 1472 λοιποῖς
381 1407 559 1462 ἔθνεσι
590 1409 685 1462 καὶ
722 1412 751 1464 6
784 1411 892 1473 πᾶς
938 1407 1154 1480 Ἰσραὴλ
1187 1406 1514 1479 σωθήσεται,
1548 1409 1576 1461 ὁ
1608 1407 1744 1478 Χρι-

154 1501 286 1563 στὸς
313 1499 371 1554 δὲ
408 1502 473 1553 ἐκ
516 1500 726 1573 νεκρῶν
766 1500 1007 1565 ἀναστὰς
1040 1501 1230 1573 ἄρχειν
1269 1499 1441 1555 ἐθνῶν
1497 1499 1602 1554 ὑπὸ
1645 1499 1741 1552 τοῦ

153 1590 295 1645 Θεοῦ
345 1592 689 1662 κατεστάθη,
726 1593 867 1649 κατά
894 1593 986 1658 τὸ,
1031 1612 1051 1646 ι
1074 1592 1186 1646 Καὶ
1225 1591 1378 1645 ἔσται
1406 1594 1441 1662 ἡ
1477 1589 1603 1665 ῥίζα
1643 1589 1740 1645 τοῦ

169 1685 370 1737 Ἰεσσαὶ
397 1685 493 1738 καὶ
526 1687 555 1738 ό
575 1685 637 1749 (f.
661 1685 753 1757 49)
781 1685 1142 1756 ἀνιστάμενος
1189 1683 1378 1757 ἄρχειν
1417 1682 1587 1737 ἐθνῶν
1610 1722 1626 1748 ,
1652 1682 1740 1737 ἐπ’

152 1774 308 1846 αὐτῷ
345 1775 471 1847 ἐθνη
519 1776 820 1832 ἐλπιοῦσιν.
846 1797 865 1830 ι
898 1778 1039 1849 Ὅρα
1096 1776 1263 1846 γοῦν,
1307 1778 1384 1841 ὠς
1434 1777 1542 1831 οὐδ’
1603 1777 1742 1839 ὅλως

1848 586 2104 657 gentibus
2127 592 2180 640 et
2200 587 2380 639 omnis
2403 583 2573 639 Israel
2597 582 2920 645 salvabitur,
2942 578 3199 635 Christus
3223 592 3254 631 a
3276 593 3426 632 mor-

1850 681 1958 736 tuis
1988 693 2284 749 resurgens
2315 677 2586 748 imperare
2618 674 2877 746 gentibus
2899 688 2930 725 a
2955 671 3067 727 Deo
3092 670 3425 725 constitutus

1846 781 1952 836 est,
1980 770 2138 839 juxta
2168 767 2301 823 illud
2337 786 2350 822 :
2378 786 2396 819 ι
2422 765 2488 822 Ει
2512 766 2617 822 erit
2648 765 2799 820 radix
2829 763 2983 820 Jesse
3002 804 3017 829 ,
3050 771 3105 818 et
3128 762 3222 832 qui
3250 761 3425 833 surgit

1850 869 1909 915 ut
1932 861 2167 931 imperet
2198 858 2453 930 gentibus
2479 875 2494 923 ;
2529 857 2586 912 in
2619 871 2685 911 eo
2711 865 2901 927 gentes
2930 854 3247 925 sperabunt.
3278 872 3299 905 ι
3326 853 3426 906 At-

1849 952 2011 1006 tende
2049 951 2217 1019 igitur
2258 949 2535 1022 quomodo
2575 963 2687 1002 non
2726 947 2817 1001 hic
2853 947 3053 1010 Israel,
3093 952 3188 1000 aut
3222 943 3423 1008 Jacob,

1848 1051 1945 1098 aut
1977 1041 2148 1099 Iudas
2177 1043 2556 1110 nominentur,
2589 1040 2687 1096 sed
2725 1046 2913 1111 aperte
2951 1044 3173 1108 gentes,
3204 1037 3258 1090 in
3297 1052 3421 1092 eum

1849 1133 1946 1204 qui
1978 1142 2167 1205 surget
2217 1133 2288 1188 de
2330 1131 2516 1187 radice
2563 1129 2750 1197 Jesse,
2803 1137 3103 1201 speraturae
3147 1127 3426 1199 propheti-

1849 1234 2070 1289 τινοιν,
2102 1231 2446 1282 consonante
2476 1222 2581 1277 hoc
2607 1223 2730 1276 loco
2758 1237 2884 1276 cum
2918 1222 2987 1277 iis
3011 1223 3152 1293 apud
3184 1219 3425 1291 Moysem

1849 1317 2163 1383 dicentibus
2188 1336 2201 1372 :
2231 1335 2252 1370 ι
2283 1317 2404 1383 Non
2443 1317 2723 1374 auferetur
2757 1322 3036 1385 sceptrum
3064 1313 3132 1370 de
3161 1311 3301 1367 Juda
3320 1351 3336 1377 ,
3367 1320 3425 1367 et

1848 1409 1965 1465 dux
2001 1409 2072 1466 de
2106 1408 2314 1468 femore
2349 1410 2508 1481 ejus,
2548 1409 2726 1465 donec
2762 1408 2948 1470 veniat
2983 1405 3077 1476 qui
3123 1403 3424 1460 mittendus

1847 1510 1933 1558 est
1952 1540 1968 1567 ,
2006 1509 2061 1558 et
2091 1501 2208 1572 ipse
2238 1501 2344 1557 erit
2373 1502 2713 1573 exspectatio
2744 1499 2986 1572 gentium
3016 1498 3034 1529 ¹
3056 1538 3072 1564 ,
3107 1516 3127 1550 ι
3150 1512 3261 1552 non
3292 1510 3424 1551 vero

1849 1590 2040 1648 Israel.
2081 1592 2386 1663 Cujusnam
2423 1606 2555 1649 vero
2592 1592 2738 1647 alius
2772 1591 2878 1646 erit
2913 1589 3130 1660 requies
3167 1586 3225 1641 in
3270 1586 3425 1642 altis-

1849 1686 2007 1743 simis
2044 1685 2194 1756 apud
2235 1683 2407 1741 Deum
2438 1685 2746 1749 honorata,
2781 1682 2891 1738 nisi
2920 1682 3067 1736 illius
3094 1679 3185 1750 qui
3213 1687 3424 1751 patrem

1850 1779 2064 1836 audivit
2085 1779 2357 1835 dicentem
2378 1778 2483 1834 sibi
2509 1796 2522 1832 :
2553 1795 2571 1828 ι
2605 1774 2746 1832 Sede
2768 1791 2800 1829 a
2829 1774 3036 1831 dextris
3062 1773 3200 1829 meis
3218 1812 3233 1834 ,
3250 1774 3424 1827 donec

150 1870 393 1925 ἐνταῦθα
425 1869 662 1942 Ἰσραὴλ,
704 1870 739 1943 ἢ
780 1868 997 1934 Ἰακὼϐ,
1039 1868 1074 1940 ἢ
1135 1867 1335 1932 Ἰούδας
1381 1866 1740 1939 ὀνομάζεται,

1851 1885 2049 1941 ponam
2068 1869 2327 1924 inimicos
2348 1877 2473 1924 tuos
2511 1866 2808 1923 scabellum
2835 1864 3034 1935 pedum
3064 1871 3283 1917 tuorum
3308 1860 3369 1915 ’Ἰ
3397 1878 3419 1913 ι

151 1963 344 2032 σαφῶς
379 1963 436 2016 δὲ
466 1963 539 2016 τά
585 1963 713 2034 ἐθνη
741 1964 834 2017 ἐπὶ
860 1963 953 2017 τὸν
993 1963 1061 2015 ἐκ
1094 1961 1252 2034 ῥίζης
1283 1962 1721 2033 ἀναστησόμενον
1752 1964 1953 2017 Ἰεσσαὶ
1989 1963 2196 2016 ἐλπιεῖν
2237 1959 2661 2033 προφητεύεται,
2699 1955 3025 2028 συνᾳδούσης
3059 1954 3158 2026 τῆς
3193 1949 3425 2008 ἐνταῦθα

148 2052 350 2120 λέξεως
375 2057 443 2125 τῇ
489 2053 644 2125 παρά
689 2055 915 2108 Μωῦσεῖ
960 2053 1264 2127 φασκούσῃ,
1295 2053 1449 2107 «Οὐκ
1482 2053 1723 2124 ἐκλείψει
1762 2055 1947 2128 ἄρχων
1980 2053 2039 2121 ἐξ
2083 2053 2275 2116 Ἰούδα,
2313 2052 2436 2106 οὐδὲ
2474 2048 2772 2121 ἡγούμενος
2821 2050 2888 2105 ἐκ
2930 2046 3040 2105 τῶν
3084 2043 3274 2117 μηρῶν
3325 2043 3425 2098 αὐ-

147 2144 271 2210 τοῦ,
309 2146 415 2209 ἓως
440 2144 508 2200 ἂν
543 2146 671 2218 ἔλθῃ
711 2140 757 2214 ᾦ
802 2147 1127 2201 ἀπόκειται·
1162 2147 1260 2200 καὶ
1302 2146 1468 2212 αὐτὸς
1515 2149 1836 2220 προσδοκία,
1865 2170 1885 2203 ι
1915 2150 2037 2220 οὐχ).
2063 2147 2159 2202 τοῦ
2212 2146 2449 2219 Ἰσραὴλ,
2488 2144 2625 2199 ἀλλὰ
2667 2164 2685 2197 ι
2713 2142 2821 2197 τῶν
2859 2140 3047 2197 ἐθνῶν.
3077 2160 3096 2193 ι
3129 2141 3241 2194 Καὶ
3280 2138 3425 2202 τίνος

147 2237 214 2292 ἃ
261 2237 425 2292 ἄλλου
482 2239 516 2309 ἠ
565 2239 876 2302 ἀνάπαυσις
922 2239 981 2291 ἐν
1030 2240 1098 2311 τῇ
1167 2239 1431 2294 ἀνωτάτω
1484 2240 1641 2311 παρά
1686 2240 1805 2312 Θεῷ
1828 2241 2135 2312 ,γεγένηται
2186 2242 2343 2311 τιμῇ,
2377 2238 2410 2310 ἢ
2466 2236 2562 2290 τοῦ
2603 2234 2938 2297 ἀκούσαντος
2982 2232 3231 2302 λέγοντος
3276 2230 3426 2303 αὐτῷ

147 2330 249 2386 τοῦ
277 2332 522 2404 Πατρός·
553 2350 574 2384 ι
596 2332 782 2387 Κάθου
809 2335 874 2387 ἐκ
892 2333 1082 2401 δεξιῶν
1109 2350 1234 2404 μου,
1267 2332 1374 2399 ἕως
1409 2334 1477 2389 ἂν
1505 2333 1584 2388 θῶ
1609 2335 1738 2399 τοὺς
1776 2334 2007 2407 ἐχθρούς
2040 2351 2137 2388 σου
2172 2332 2464 2388 ὑποπόδιον
2494 2329 2605 2384 τῶν
2641 2328 2820 2383 ποδῶν
2855 2344 2971 2382 σου.
3016 2346 3035 2379 ι

684 2448 1084 2503 ΚΕΦΑΛΑΙΟΝ
1130 2447 1208 2503 Θ’.

2472 2442 2706 2502 CAPUT
2745 2440 2838 2496 IX.

230 2553 250 2587 ι
275 2535 387 2590 Καὶ
421 2534 844 2607 διορθωθήσεται
880 2536 996 2608 μετ’
1028 2537 1214 2601 ἐλέους
1245 2537 1452 2611 θρόνος,
1485 2539 1579 2592 καὶ
1607 2539 1740 2594 καθ-

1928 2560 1947 2591 ι
1978 2539 2044 2594 Ει
2075 2537 2470 2610 praeparabitur
2497 2536 2553 2590 in
2578 2531 2959 2589 misericordia
2987 2529 3185 2586 solium
3204 2567 3221 2593 ,
3247 2534 3302 2583 et
3331 2543 3424 2584 se-

149 2630 315 2689 ιεῖται
372 2630 490 2699 μετ’
540 2627 666 2701 (sic)
732 2628 900 2683 αὐτοῦ
954 2629 1094 2701 μετά
1143 2631 1405 2703 ἀληθείας
1463 2635 1521 2686 ἐν
1570 2636 1740 2705 σκηνῇ

1848 2633 1999 2689 debit
2022 2648 2188 2702 super
2214 2630 2348 2685 illud
2379 2630 2434 2684 in
2462 2628 2691 2683 veritate
2711 2666 2726 2689 ,
2752 2626 2810 2680 in
2838 2622 3194 2679 tabernaculo
3217 2619 3386 2676 David
3405 2663 3420 2687 ,

150 2719 338 2786 Δαυῒδ,
372 2719 577 2793 κρίνων
609 2720 704 2775 καὶ
752 2720 1000 2792 ἐκζητῶν
1029 2725 1228 2793 κρῖμα,
1259 2723 1354 2776 καὶ
1381 2723 1627 2778 σπεύδων
1670 2725 1740 2778 δι-

1846 2724 2103 2797 judicans
2132 2729 2186 2777 et
2216 2736 2469 2793 quarens
2499 2719 2791 2789 judicium,
2821 2722 2876 2770 et
2907 2714 3169 2768 velociter
3189 2711 3426 2767 reddens

152 2810 473 2884 καιοσύνην.
506 2830 525 2863 ›
557 2811 694 2883 Περὶ
722 2812 822 2883 τῆς
849 2811 1108 2884 δευτέρας
1138 2812 1234 2866 τοῦ
1267 2813 1505 2886 Χριστοῦ
1539 2831 1740 2887 παρου-

1850 2817 1997 2890 quod
2024 2816 2239 2886 justum
2266 2821 2352 2869 est
2381 2814 2424 2870 ³,
2455 2831 2475 2864 ι
2501 2811 2578 2865 De
2607 2807 2847 2865 secunda
2868 2804 3079 2862 Christi
3105 2803 3425 2860 manifesta-

152 2905 279 2968 σίας
314 2903 411 2958 καὶ
444 2902 617 2959 ταῦτα
662 2904 1087 2977 προφητεύεται,
1138 2906 1376 2976 ὁπηνίκα
1405 2906 1501 2959 τοῦ
1550 2906 1686 2961 Θεοῦ
1713 2909 1740 2961 6

1850 2910 2003 2964 tione
2030 2908 2148 2963 haec
2175 2921 2393 2978 quoque
2422 2903 2894 2975 praphetizantur,
2924 2898 3143 2970 quando
3174 2897 3267 2951 Dei
3288 2895 3429 2953 Ver-

152 2994 350 3064 Δόγος,
377 2993 767 3067 διορθωθείσης
818 2994 969 3066 αὐτῷ
1007 2998 1125 3067 μετ’
1168 2996 1351 3062 ἐλέους
1398 2998 1494 3051 καὶ
1550 2999 1740 3068 φιλαν-

1849 3000 2018 3064 bum,
2058 3005 2369 3070 praeparato
2407 2996 2457 3052 ei
2498 2996 2556 3050 in
2594 2992 2972 3049 misericordia
3007 2997 3061 3046 et
3089 2989 3424 3060 benignitate

153 3086 405 3158 θρωπίας
448 3088 546 3158 τῆς
579 3086 722 3140 κατά
761 3085 980 3141 πάντων
1026 3088 1339 3159 βασιλείας,
1376 3090 1475 3145 σὺν
1513 3089 1740 3163 ἀληθείᾳ

1848 3094 2094 3149 omnium
2125 3092 2436 3164 principatu
2459 3131 2475 3157 ,
2510 3103 2633 3144 cum
2662 3087 2894 3143 veritate
2915 3084 3174 3155 judicans
3213 3081 3426 3139 sedebit

149 3177 357 3250 κρίνων
394 3177 790 3251 καθεσθήσεται
818 3180 894 3235 ,ἐν
927 3182 1102 3252 σκηνῇ
1136 3179 1330 3234 Δαυῖδο
1366 3180 1510 3234 οὕτω
1554 3181 1612 3234 δὲ
1646 3184 1740 3255 τὴν

1847 3187 1904 3242 in
1937 3186 2294 3242 tabernaculo
2322 3183 2512 3238 David.
2556 3180 2647 3237 Sic
2679 3188 2862 3237 autem
2896 3186 3211 3237 sanctorum
3241 3183 3296 3231 et
3324 3190 3429 3229 an-

150 3270 265 3326 τῶν
294 3270 465 3340 ἁγίων
492 3273 588 3325 καὶ
618 3272 978 3344 πρωτοτόκων
1009 3273 1118 3326 τῶν
1141 3273 1653 3346 ἀπογεγραμμένων
1681 3276 1740 3329 ἐν

1846 3278 2123 3349 tiquorum
2158 3277 2214 3331 in
2239 3275 2398 3331 caelis
2426 3274 2819 3344 inscriptorum
2850 3270 3184 3333 Ecclesiam,
3212 3281 3424 3322 omnes-

150 3364 406 3435 οὐρανοῖς
454 3362 802 3434 Ἐκκλησίαν,
833 3364 928 3418 καὶ
961 3365 1171 3429 πάντας
1194 3365 1437 3438 ἠγοῦμαι
1484 3367 1613 3432 τοὺς
1637 3367 1740 3421 ὑπὸ

1846 3386 1953 3442 que
1979 3370 2236 3426 existimo
2277 3366 2433 3424 verbi
2464 3366 2560 3422 Dei
2590 3364 3015 3437 participatione
3054 3369 3276 3419 sanctos
3296 3357 3425 3416 ede-

146 3453 253 3532 τὴν
286 3452 481 3525 μερίδα
507 3450 604 3505 τοῦ
636 3451 797 3521 λόγου
822 3451 919 3505 τοῦ
946 3451 1082 3506 Θεοῦ
1115 3453 1535 3525 γεγενημένους,
1556 3452 1740 3523 ἁγίους

1846 3469 1966 3518 ctos
1995 3458 2295 3532 designari.

148 3530 541 3618 χρηματίζειν.

160 3643 185 3647 ”
706 3654 1107 3710 ΚΕΦΑΛΑΙΟΝ
1140 3656 1177 3709 r

232 3764 252 3799 ι
291 3745 424 3827 Ἰδοὺ
460 3747 667 3819 Κύριος
700 3746 937 3821 κάθηται
970 3748 1064 3801 ἐπὶ
1104 3747 1335 3818 νεφέλης
1368 3747 1612 3819 κούφης,
1648 3748 1743 3802 καὶ

147 3838 272 3911 ἡξει
304 3841 387 3904 εἰς
435 3839 734 3909 Αἴγυπτον,
767 3841 861 3894 καὶ
911 3838 1258 3910 σεισθήσεται
1287 3838 1357 3892 τά
1390 3837 1742 3910 χειροποίητα

148 3929 431 4000 Αἰγύπτου
458 3931 568 3985 ἀπὸ
596 3930 892 4004 προσώπου
923 3931 1112 3997 αὐτοῦ,
1150 3931 1245 3985 καὶ
1271 3931 1307 4001 ἡ
1342 3930 1537 4002 καρδία
1563 3929 1742 3983 αὐτῶν

145 4019 522 4094 ήττηθήσεται
554 4023 614 4076 ἐν
639 4022 844 4085 αὐτοῖς.
877 4041 897 4074 ι
924 4022 1061 4093 Περὶ
1088 4020 1187 4093 τὴς
1221 4021 1487 4092 ἀγενήτου
1513 4018 1608 4072 τοῦ
1632 4018 1742 4072 τῶν

146 4113 289 4168 ὅλων
314 4112 450 4167 Θεοῦ
482 4100 698 4184 φύσεως
731 4112 1096 4185 ἐκλαμϐάνειν
1138 4111 1210 4165 τὰ
1253 4111 1626 4184 προκείμενα,
1664 4111 1741 4176 ὡς

146 4207 216 4278 δὴ
272 4204 559 4277 μέλλοντος
602 4204 770 4260 αὐτοῦ
814 4204 1012 4276 νεφέλῃ
1067 4204 1177 4258 τινὶ
1218 4202 1496 4274 ὀχεῖσθαι,
1533 4203 1629 4256 καὶ
1672 4205 1740 4274 τῇ

148 4297 438 4368 σώματικῇ
460 4296 734 4367 παρεπιδη
744 4297 863 4366 μεῖν
886 4294 1167 4366 Αἰγύπτῳ,
1188 4293 1311 4347 οὔτε
1348 4293 1598 4359 πιθανὸν,
1624 4291 1740 4346 οὗθ’

143 4387 296 4441 ὅσιον
326 4388 594 4461 ὑπάρχειν
629 4386 874 4459 ἡγοῦμαι
902 4403 915 4417 ⁸
958 4387 1027 4440 δι’
1072 4388 1209 4458 ὅπερ
1244 4386 1337 4447 ἐπὶ
1365 4385 1458 4439 τὸν
1484 4385 1579 4441 τοῦ
1603 4383 1740 4439 Θεοῦ

147 4478 324 4547 Λόγον
342 4464 637 4533 ’ἐκδεκτέον
662 4478 760 4550 τὴν
774 4477 1135 4550 προφητείαν,
1163 4478 1260 4532 καὶ
1294 4475 1464 4549 αὐτὴν
1494 4476 1742 4551 ἐναργῶς

146 4570 251 4643 ἤδη
280 4570 424 4625 κατά
449 4571 547 4641 τὴν
579 4571 848 4644 προτέραν
878 4571 1043 4626 αὑτοῦ
1062 4572 1367 4643 παρουσίαν
1389 4570 1740 4642 πεπερασμέ-

145 4679 270 4734 νην,
299 4664 421 4717 καθῖ
454 4664 522 4734 ἢν
545 4664 638 4718 ἐπὶ
655 4664 886 4735 νεφέλης
912 4662 1144 4735 κούφης,
1179 4663 1281 4733 τῆς
1328 4664 1392 4715 ἐκ
1423 4664 1739 4733 Πνεύματος

145 4753 309 4823 ἁγίου
344 4742 620 4825 συστάσης
664 4752 814 4824 αὐτῷ
856 4754 1078 4826 σαρκὸς,
1102 4757 1203 4818 σείς
1248 4754 1341 4807 τὸν
1381 4753 1495 4824 βίον
1527 4752 1737 4818 τοῦτον,

145 4846 424 4916 Αἴγυπτον
454 4846 732 4920 τροπικῶς
780 4846 1202 4918 ὀνομαζόμενον,
1243 4845 1607 4919 παρελήλυθε,
1645 4847 1742 4901 καὶ

146 4939 230 5002 εἰς
269 4936 439 5009 αὐτὴν
470 4938 526 4991 δὲ
575 4937 904 5008 σωματικῶς
948 4937 1049 5009 τὴν
1086 4937 1376 5005 Αἴγυπτον,
1418 4939 1500 5001 εἰς
1552 4938 1620 5008 ἢν
1659 4937 1741 4991 ἔτι

146 5022 282 5092 παῖς
307 5027 383 5080 ὢν
402 5028 536 5099 πρὸς
556 5028 658 5099 τῆς
690 5028 896 5100 μητρὸς
915 5027 1123 5082 καὶτοῦ
1155 5029 1352 5099 Ἰωσὴφ
1381 5028 1697 5101 διεκομίσθη
1719 5047 1733 5060 ·

142 5123 446 5194 τηνικαῦτα
499 5124 558 5178 δὲ
604 5124 749 5179 κατά
781 5142 930 5189 τινας
981 5126 1328 5197 ἀπορρήτους
1360 5124 1551 5195 λόγους
1591 5126 1737 5180 ἐσεί-

144 5204 356 5287 σθησαν
408 5216 504 5269 καὶ
545 5215 876 5289 ἐκινήθησαν
932 5214 1405 5289 ὑποταραχθέντες
1456 5218 1622 5272 αὐτοῦ
1666 5222 1736 5293 τῇ

141 5306 423 5379 παρουσίᾳ
455 5308 505 5361 οἱ
537 5310 595 5363 ἐν
623 5312 737 5375 τοῖς
763 5310 1071 5382 πανταχόσε
1098 5311 1497 5383 χειροποιήτοις
1530 5310 1738 5377 ξοάνοις

139 5398 483 5464 ἐνοικοῦντές
510 5416 569 5453 τε
598 5401 692 5454 καὶ
718 5402 1064 5472 ἐνεργοῦντες
1090 5402 1154 5468 τὸΔ
1178 5402 1442 5475 πρότερον
1459 5403 1731 5473 δαίμονες·

137 5489 286 5558 ὅπερ
334 5486 588 5559 δηλοῦται
622 5489 710 5544 διὰ
738 5490 839 5561 τῆς
878 5489 1140 5561 λεγούσης
1186 5492 1542 5563 προφητείας,
1578 5510 1596 5542 ι
1623 5494 1736 5546 Καὶ

141 5574 497 5648 σεισθήσεται
551 5579 620 5634 τά
678 5581 1033 5652 χειροποίητα
1080 5580 1378 5650 Αἰγύπτου.
1419 5604 1437 5635 ι
1465 5582 1649 5636 Ταῦτα
1677 5582 1735 5635 δὲ

130 5667 244 5722 *καὶ
269 5667 412 5722 κατά
446 5668 547 5741 τὴν
573 5670 833 5744 δευτέραν
867 5656 1031 5726 α’ύτοῦ
1062 5653 1401 5741 καὶ’ἐνδοξοιι
1442 5673 1539 5729 ἀπ’
1571 5653 1736 5747 ούρα-

2464 3651 2696 3711 CAPUT
2735 3651 2802 3707 X.

1919 3766 1939 3800 ι
1974 3745 2118 3802 Ecce
2141 3743 2406 3801 Dominus
2434 3743 2587 3800 sedet
2617 3757 2782 3814 super
2814 3741 2958 3796 nube
2991 3740 3093 3796 levi
3115 3780 3130 3802 ,
3161 3748 3215 3795 et
3245 3740 3424 3795 veniet

1844 3835 1901 3891 in
1921 3834 2220 3907 Egyptum
2241 3852 2255 3887 :
2279 3839 2332 3888 et
2354 3837 2846 3888 commovebuntur
2866 3829 3178 3884 manufacta
3201 3827 3422 3900 Egypti

1844 3941 1876 3980 a
1905 3924 2046 3981 facie
2073 3925 2194 3994 ejus
2216 3963 2231 3989 ,
2259 3932 2312 3980 et
2340 3937 2438 3978 cor
2466 3937 2657 3977 eorum
2688 3921 2943 3976 vincetur
2971 3920 3029 3974 in
3061 3919 3198 3990 ipsis
3228 3919 3271 3975 ⁸.
3304 3938 3323 3971 ι
3350 3919 3424 3976 De

1844 4017 2094 4073 increata
2115 4015 2361 4072 omnium
2382 4013 2477 4069 Dei
2498 4018 2699 4068 natura
2720 4013 2836 4067 haec
2849 4011 3283 4082 accipere,quasi
3298 4026 3426 4067 ven-

1844 4117 1972 4165 turo
2003 4109 2124 4181 ipso
2151 4124 2318 4179 super
2347 4106 2495 4162 nube
2522 4105 2736 4176 aliqua,
2770 4114 2936 4176 atque
2987 4106 3045 4160 in
3081 4104 3422 4175 corporalem

1844 4200 2109 4257 accedere
2127 4199 2451 4273 Egyptum,
2467 4215 2647 4273 neque
2670 4197 2775 4253 ﬁde
2796 4198 3019 4270 dignum
3041 4238 3056 4263 ,
3086 4211 3266 4265 neque
3295 4196 3423 4251 reli-

1845 4295 2061 4366 giosum
2093 4270 2223 4349 esse
2240 4270 2903 4365 existimo.'Quapropter
2944 4292 3011 4347 ad
3049 4290 3147 4347 Dei
3181 4289 3421 4346 Verbum

1843 4384 2131 4442 referenda
2161 4393 2245 4441 est
2273 4385 2599 4456 prophetia;
2639 4394 2804 4456 atque
2836 4385 2955 4456 ipsa
2989 4382 3281 4438 manifeste
3306 4382 3422 4452 jam

1844 4485 2027 4554 priore
2053 4482 2176 4551 ejus
2211 4481 2448 4536 adventu
2486 4481 2708 4552 impleta
2736 4487 2855 4547 est,
2901 4494 3011 4550 quo
3068 4493 3233 4548 super
3279 4476 3425 4532 nube

1771 4551 1815 4607 θ
1844 4551 1971 4642 ievi,
2024 4590 2190 4630 carne
2209 4575 2420 4630 scilicet
2441 4574 2492 4629 ei
2529 4551 2790 4643 aSpiritu
2831 4581 3023 4628 sancto
3060 4571 3317 4635 formata,
3364 4571 3423 4627 in

1840 4669 1984 4724 hanc
2003 4668 2197 4733 vitam,
2222 4665 2517 4738 A'ngptum
2546 4682 2643 4736 per
2671 4666 3037 4736 metaphoram
3062 4665 3420 4730 nominatam,

1842 4758 2078 4829 prodiit,
2108 4765 2164 4812 et
2186 4757 2243 4811 in
2272 4757 2450 4827 ipsam
2483 4756 2843 4826 corporaliter
2871 4754 3189 4826 Egyptum,
3217 4754 3274 4808 in
3290 4770 3419 4824 qua,

1842 4865 1968 4906 cum
1998 4848 2176 4904 adhuc
2203 4855 2354 4903 esset
2375 4863 2531 4918 puer,
2557 4862 2587 4900 a
2614 4853 2789 4901 matre
2817 4853 2873 4900 et
2900 4844 3103 4916 Joseph
3125 4843 3422 4916 perductus

1842 4948 1949 4998 est.
1974 4940 2130 4996 Tunc
2152 4947 2334 4995 autem
2355 4940 2514 5010 juxta
2538 4940 2784 5010 quaedam
2817 4939 3046 5009 mystica
3070 4939 3256 5005 verba,
3278 4952 3423 4992 com-

1837 5035 1970 5089 moti
1992 5041 2124 5088 sunt
2152 5032 2275 5102 ejus
2301 5032 2542 5088 adventu
2564 5031 2877 5087 conturbati
2919 5031 3010 5101 qui
3040 5031 3195 5100 prius
3222 5031 3423 5100 ubique

1837 5124 1894 5179 in
1928 5122 2261 5178 manufactis
2300 5123 2616 5178 simulacris
2656 5122 3038 5177 inhabitabant
3074 5129 3130 5177 et
3166 5121 3421 5192 vigebant

1836 5215 2292 5281 daemones.Qtwd
2310 5216 2527 5286 quidem
2545 5214 2853 5269 ostenditur
2868 5213 3084 5269 dicente
3099 5213 3381 5284 prophetia
3404 5233 3416 5268 :

1836 5305 1903 5359 Et
1931 5305 2429 5361 commovebuntur
2459 5304 2779 5359 manufacta
2801 5303 3042 5375 IEgypti.
3079 5322 3099 5355 ι
3135 5300 3260 5358 Haec
3291 5318 3422 5373 quo-

1840 5415 1946 5469 que
1974 5414 2073 5469 per
2099 5396 2402 5453 secundum
2439 5398 2561 5468 ejus
2609 5405 2664 5452 ct
2710 5400 3032 5467 praeclarum
3059 5399 3114 5452 in
3145 5397 3302 5452 caelis
3332 5412 3419 5451 re-

1839 5508 2005 5563 gnum
2058 5491 2455 5562 implebuntur,
2488 5506 2600 5561 quo
2648 5498 2703 5545 ct
2762 5491 2938 5561 ipsam
2969 5487 3414 5545 commovendam

1837 5599 2052 5654 aequum
2103 5590 2269 5639 esset.
2322 5581 2388 5636 Et
2416 5590 2551 5637 tunc
2599 5584 2838 5638 maxime
2888 5583 3269 5639 conturbanda
3301 5584 3417 5640 haec

1849 5675 2169 5731 manufacla
2203 5673 2445 5747 .‘Egypti,
2479 5690 2711 5747 quorum
2739 5691 2835 5732 cor
2861 5674 3234 5746 superabitur,
3259 5680 3320 5732 ut
3340 5677 3417 5731 ait

142 5824 163 5858 ³
194 5820 335 5881 Gen.
376 5840 525 5890 χιιι.
553 5826 637 5883 10.
717 5831 736 5862 ³
760 5827 909 5885 Psal.
940 5845 1052 5899 cxx,
1085 5831 1135 5886 1.
1214 5831 1233 5864 ³
1266 5831 1372 5888 lsa.
1404 5847 1518 5899 xvi,
1685 5829 1740 5885 ³]

1862 5848 1991 5906 xxx,
2018 5849 2056 5888 ι.
