3814 6220
470 342 609 397 lilii
1124 334 1400 392 EUSEBII
1441 333 1930 390 CESARIENSIS
1964 331 2118 390 ΟΡΡ.
2156 332 2338 388 PARS
2370 333 2457 390 III.
2498 368 2562 376 —
2598 330 3011 389 EXEGETICA.
3607 329 3729 384 ηις

455 456 762 530 Scriptura,
798 460 853 512 iu
911 474 993 513 eis
1024 456 1200 512 Verbo
1251 454 1437 509 divino
1498 453 1826 523 sulijiciente
1903 453 2030 518 sibi.

2215 472 2250 507 ιν
2310 451 2589 523 βασιλείαν
2653 450 3095 522 πληρωθήσεται,
3159 444 3279 500 καθ’
3316 445 3388 515 ην
3439 448 3539 499 καὶ
3571 444 3733 515 αὐτὴν

453 558 511 606 et
530 549 857 605 bumiliante
890 559 1022 604 tunc
1049 563 1267 603 onmem
1298 545 1642 601 altitudinem
1674 561 1818 600 nunc
1846 553 2030 600 contra

2216 542 2530 615 ισθήσεσθαι
2561 542 2708 607 εἰκὸς
2737 542 2805 596 ἂν
2828 542 2913 611 εἴη
2938 557 2952 572 ’
2996 539 3091 594 καὶ
3123 538 3243 592 τότε
3289 536 3501 608 μᾶλλον
3545 537 3732 608 κλονή-

454 643 547 698 Dci
571 644 938 714 cognitionem
964 642 1255 696 elevatam.
1282 638 1478 695 Omnia
1506 637 1806 709 prophetia:
1828 639 2030 710 reliqua

2215 636 2411 703 caueat
2438 637 2506 690 τὰ
2530 635 2897 707 ἀποδεδομένα
2924 630 3275 704 χειροποίητα
3306 629 3603 698 Αἰγύπτου
3624 671 3642 695 ,
3670 623 3736 684 ὧν

454 737 569 790 sola
599 735 949 803 explicantur
988 733 1273 803 allegoria.

2144 730 2239 783 καὶ
2266 730 2365 800 τὴν
2392 728 2620 799 καρδίαν
2666 722 3071 799 ἡττηθήσεσθαι
3114 739 3298 792 φασιν,
3326 722 3386 774 ὲν
3419 720 3615 785 αὐτοῖς
3653 719 3738 775 τοῦ

450 829 594 881 θείου
616 826 794 896 Λόγου
858 825 1333 890 καθυποτάξαντος
1395 821 1576 901 ἑαυτῷ
1607 821 1701 875 καί
1746 818 2170 884 ταπεινώσοντος
2210 819 2331 872 τότε
2381 821 2488 872 πᾶν
2530 816 2732 888 ὕψωμα
2792 816 2853 870 τὸ
2894 814 2987 869 νῦν
3053 813 3417 883 ἐπαιρόμενον
3465 809 3619 864 κατὰ
3650 811 3738 880 τῆς

449 920 704 990 γνώσεως
768 920 863 973 τοῦ
915 920 1080 973 Θεοῦν
1136 918 1207 972 τά
1256 917 1299 972 δ’
1362 917 1488 988 ἑξῆς
1535 916 1637 986 τῆς
1693 914 2031 989 προφητείας
2070 914 2287 968 ἃπαντα
2313 912 2403 966 διὰ
2427 912 2595 985 μόνης
2615 909 3008 980 ἀποδοθήσεται
3034 905 3445 992 τροπολογίας..

1063 1034 1295 1094 CAPUT
1335 1034 1424 1090 XI.

528 1148 548 1182 ι
576 1129 635 1184 In
657 1129 746 1185 die
771 1129 862 1184 illa
907 1128 1015 1184 erit
1045 1129 1219 1183 altare
1253 1127 1483 1183 Domino
1512 1129 1566 1183 in
1611 1136 1757 1183 terra
1789 1126 2030 1200 Egypti,

449 1229 504 1274 et
533 1220 728 1275 titulus
768 1219 927 1289 juxta
962 1218 1258 1274 terminum
1296 1218 1418 1289 ejus
1448 1216 1679 1273 Domino
1711 1238 1724 1275 :
1752 1230 1807 1273 et
1842 1220 1947 1273 erit
1976 1220 2033 1273 in

452 1312 670 1382 signum
705 1313 758 1365 in
788 1318 1055 1365 aeternum
1091 1308 1323 1362 Domino
1354 1308 1407 1362 in
1439 1318 1582 1363 terra
1606 1307 1828 1380 Egypti
1859 1323 2035 1380 ;quo-

451 1401 599 1456 niam
651 1401 969 1455 clamabunt
1022 1403 1088 1453 ad
1145 1396 1435 1452 Dominum
1480 1407 1705 1469 propter
1734 1399 2033 1469 afﬂigeutes

449 1507 529 1557 se,
559 1502 615 1548 et
657 1494 837 1548 mittet
887 1492 968 1547 eis
1024 1489 1290 1545 Dominus
1327 1491 1628 1556 hominem,
1661 1492 1753 1561 qui
1800 1492 2035 1546 salvahit

448 1599 568 1650 cos,
598 1584 856 1655 judicans
901 1583 1133 1639 salvabit
1174 1598 1293 1645 eos,
1336 1592 1389 1638 et
1424 1584 1676 1653 cognitus
1706 1584 1813 1639 erit
1860 1582 2036 1639 Domi-

2516 1027 2578 1101 (r.
2616 1028 2687 1082 49
2716 1028 2794 1098 νο)
2826 1025 3218 1082 ιιΕψΑΑΑιοΝ
3249 1026 3353 1078 ur.

2215 1141 2235 1175 ι
2272 1123 2350 1194 Τῇ
2373 1122 2559 1194 ἡμέρᾳ
2592 1120 2779 1192 ἐκείνῃ
2816 1119 2969 1174 ἔσται
3014 1118 3402 1188 θυσιαστήριον
3440 1117 3523 1188 τῷ
3554 1118 3741 1187 Rupit?

2141 1218 2200 1271 ὲν
2231 1214 2385 1288 χώρᾳ
2428 1213 2768 1283 Αίγυπτίων,
2809 1213 2905 1267 καὶ⁵
2936 1210 3105 1281 στήλη
3133 1210 3270 1282 πρὸς
3294 1210 3359 1263 τὸ
3384 1210 3544 1282 ὃριον
3573 1209 3740 1278 αὐτῆς

2137 1308 2218 1380 τῷ
2251 1308 2471 1381 Κυρίῳ*
2504 1308 2600 1361 καὶ
2649 1305 2801 1359 ἔσται
2833 1306 2914 1369 εἰς
2940 1306 3164 1375 σημεῖον
3191 1304 3271 1366 εἰς
3293 1302 3389 1355 τὸν
3421 1302 3604 1356 αἰῶνα
3637 1302 3743 1354 Κύ-

2143 1417 2259 1473 ριος
2279 1402 2337 1454 ὲν
2365 1399 2520 1472 χώρᾳ
2537 1397 2817 1469 Αἰγύπτου
2835 1413 2850 1428 ’
2879 1397 2959 1451 ὅτι
2986 1394 3342 1469 κεκράξονται
3362 1394 3511 1465 πρὸς
3540 1393 3741 1462 Κύριον

2138 1494 2229 1549 διά
2256 1493 2382 1557 τοὺς
2407 1491 2690 1555 θλίϐοντας
2733 1491 2953 1553 αὐτοὺς.
2982 1489 3077 1542 καὶ
3103 1486 3397 1543 ἀποστελεῖ
3423 1488 3619 1549 αὐτοῖς
3650 1485 3741 1538 ἀν-

2141 1583 2359 1657 θρωπον
2399 1582 2458 1643 ὃς
2512 1580 2677 1635 σώσει
2713 1579 2930 1644 αὐτοὺς,
2953 1578 3152 1652 κρίνων
3183 1575 3347 1629 σώσει
3373 1575 3589 1639 αὐτούς
3608 1591 3625 1605 ·
3657 1575 3741 1628 καὶ

448 1693 555 1732 nus
608 1676 916 1748 Egyptiis,
969 1685 1023 1731 et
1071 1682 1405 1746 cognoscent
1440 1674 1682 1748 Egyptii
1741 1675 2030 1731 Dominum

2215 1674 2380 1739 ωστὸς
2407 1673 2560 1728 ἔσται
2589 1672 2795 1744 Κύριος
2826 1674 2941 1735 τοῖς
2984 1668 3303 1739 Αἰγυπτίοις
3323 1686 3339 1699 ·
3373 1669 3475 1721 καί
3506 1665 3744 1736 7wme-

452 1766 621 1821 Deum
653 1768 707 1821 in
743 1769 831 1823 die
860 1768 976 1828 illa.
1011 1776 1067 1824 et
1098 1768 1301 1823 facient
1331 1770 1623 1835 sacriﬁcia,
1676 1778 1730 1824 et
1758 1768 2030 1824 vovebunt

2215 1784 2230 1819 ι
2256 1767 2307 1819 οἱ
2340 1764 2631 1833 Αἰγύπτιοι
2654 1764 2746 1816 τὸν
2776 1762 2981 1836 Κύριον
3009 1761 3069 1813 ἐν
3089 1763 3156 1831 τῇ
3182 1760 3366 1833 ἡμέρᾳ
3390 1759 3587 1830 ἐκείνῃ
3608 1776 3624 1788 ·
3656 1759 3744 1812 καὶ

449 1867 578 1914 vota
634 1858 889 1926 Domino,
939 1869 994 1917 et
1048 1862 1277 1918 reddent
1301 1862 1341 1918 ¹.
1380 1882 1398 1914 ι
1439 1861 1506 1916 Et
1556 1830 1683 1934 'quis
1728 1864 1869 1918 alius
1915 1879 2030 1919 esse

2217 1830 2430 1929 ιήσουσι
2456 1856 2648 1921 Θυσίας
2685 1855 2782 1910 καὶ
2822 1830 2992 1927 δῶρον
3012 1873 3026 1885 ·
3080 1830 3172 1909 καὶ
3197 1830 3451 1920 εὔξονται
3478 1852 3744 1922 εὐχὰς-τῷ

449 1963 637 2021 posset
683 1966 714 2005 a
760 1949 994 2007 Domino
1071 1953 1275 2009 missus
1334 1954 1540 2019 homo,
1599 1955 1694 2025 qui
1750 1952 2030 2025 Egyptios

2215 1949 2278 2021 ᾧ.
2320 1969 2340 2004 ι
2376 1949 2487 2003 Καὶ
2526 1949 2612 2013 τίς
2644 1948 2711 2003 ἂν
2750 1948 2908 2012 ἄλλος
2950 1948 3037 2019 εἴη
3071 1951 3100 2002 δ
3123 1946 3460 2010 ἀποσταλεὶς
3495 1946 3610 1999 ὑπὸ
3633 1946 3742 1998 Κυ-

449 2043 764 2100 salvaturus
831 2052 916 2101 est
990 2044 1294 2115 judicans,
1391 2046 1496 2100 nisi
1572 2044 1828 2101 Christus
1900 2047 2030 2111 Dei,

2215 2063 2255 2097 ιυ
2299 2041 2586 2112 ἄνθρωπος
2610 2082 2625 2106 ,
2661 2044 2757 2095 καὶ
2800 2040 2984 2105 σώσας
3020 2041 3146 2103 τοὺς
3176 2036 3629 2108 Αἰγυπτίους-διὰ
3653 2037 3742 2090 τοῦ

453 2155 472 2187 ι
506 2136 735 2191 formam
802 2138 949 2192 servi
998 2138 1295 2206 accipiens,
1346 2149 1401 2193 et
1449 2138 1639 2193 habitu
1685 2139 1942 2194 inventus
1977 2149 2030 2195 ut

2215 2134 2369 2197 ίνειν,
2409 2132 2442 2203 ἢ
2486 2134 2515 2187 ὀ
2562 2131 2799 2204 Χριστὸς
2824 2130 2919 2186 τοῦ
2972 2128 3130 2193 Θεοῦ,
3154 2132 3183 2183 ὁ
3221 2148 3239 2179 ι
3289 2129 3513 2199 μορφὴν
3554 2126 3741 2180 δούλου

450 2232 613 2286 homo
635 2232 675 2287 ³.
714 2251 731 2284 ι
768 2230 1007 2302 Egypto
1039 2233 1260 2302 quidem
1306 2233 1603 2303 allegorice
1638 2233 1923 2288 hominum
1957 2236 2030 2290 vi-

2215 2225 2339 2289 ΰὼν,
2374 2227 2468 2280 καὶ
2514 2226 2755 2297 σχήματι
2785 2223 3026 2294 εὑρεθεὶς
3054 2223 3130 2286 ὡς
3164 2220 3481 2291 ἄνθρωπος.
3532 2239 3554 2271 ι
3589 2217 3743 2287 Αἰγύο

446 2332 557 2377 tam
594 2322 961 2394 significante,
992 2322 1237 2395 A‘Igyptii
1280 2332 1467 2379 essent
1500 2326 1593 2395 qui
1629 2342 1659 2380 a
1691 2326 2030 2382 daemonibus

2215 2337 2272 2372 ου
2295 2317 2352 2371 δὲ
2378 2316 2659 2390 τροπικῶς
2688 2315 2980 2386 νοουμένου
3010 2313 3105 2366 τοῦ
3128 2312 3236 2366 τῶν
3254 2310 3577 2381 ἀνθρώπων
3604 2309 3738 2380 βίου.

446 2424 717 2471 vexantur
765 2422 819 2470 et
869 2414 938 2469 ad
998 2431 1085 2471 res
1140 2424 1392 2470 terrenas
1445 2418 1831 2487 propensiores
1880 2425 2030 2484 sunt,

2217 2429 2245 2465 ν
2277 2411 2343 2465 ἂν
2375 2412 2423 2464 οἱ
2447 2409 2843 2480 δεισιδαίμονες
2877 2408 2972 2462 καὶ
3003 2407 3116 2469 τοῖς
3160 2403 3367 2467 ύλικοῖς

446 2524 587 2578 quos
611 2507 854 2561 omnium
887 2506 1032 2562 Deus
1065 2508 1360 2563 miseratus
1391 2517 1477 2564 est
1506 2510 1814 2566 daemonum
1846 2517 2030 2583 tyran-

2215 2521 2287 2568 τες
2346 2503 2660 2573 Αἰγύπτιοι,
2690 2499 2785 2566 οὓς
2829 2502 2857 2553 ὁ
2895 2498 3005 2553 τῶν
3052 2496 3189 2552 ὅλων
3222 2496 3358 2559 Θεὸς
3399 2494 3741 2563 κατελεήσας

448 2600 574 2655 uide
594 2614 914 2670 oppressos,
951 2603 1123 2655 misso
1154 2601 1418 2670 przedicto
1452 2602 1693 2670 homine,
1723 2604 1815 2675 qui
1851 2605 2030 2661 salva-

2215 2596 2483 2665 .6ομένους
2515 2590 2626 2648 ὑπὸ
2657 2593 2765 2647 τῶν
2803 2590 3352 2662 κατατυραννούντων
3382 2587 3594 2650 αὐτοὺς
3632 2585 3741 2639 δαι-

445 2695 523 2747 vit
547 2693 781 2747 salutem
820 2691 931 2746 Deo
960 2693 1180 2762 dignam
1209 2694 1283 2747 ita
1309 2703 1366 2748 ut
1392 2709 1584 2751 omnes
1618 2698 1895 2767 quondam
1927 2701 2030 2756 sub

2215 2708 2332 2754 νων,
2385 2686 2713 2750 ἀποστείλας
2759 2685 2852 2739 τὸν
2901 2681 3304 2756 προειρημένον
3336 2679 3659 2751 ἄνθρωπον,
3686 2675 3740 2737 ὃς

446 2787 563 2857 lege
615 2786 684 2840 ab
725 2783 969 2839 Ecclesia
1023 2783 1236 2839 Domini
1294 2787 1570 2851 exclusos,
1619 2805 1679 2845 se
1730 2790 1908 2860 ipsum
1963 2793 2030 2849 iis

2215 2799 2305 2835 υσε
2366 2779 2642 2851 σωτηρίαν
2674 2777 2794 2849 Θεῷ
2820 2776 3160 2850 πρέπουσαν,
3193 2772 3337 2826 ὥστε
3390 2772 3526 2833 τοὺς
3572 2768 3739 2822 πάλαι

447 2874 809 2931 manifestans
838 2874 1128 2934 Dominus.
1153 2877 1218 2930 ad
1251 2874 1467 2932 Domini
1497 2879 1784 2935 scientiam
1813 2883 1917 2937 hac
1939 2899 2028 2940 re-

2215 2875 2275 2928 τὰ
2306 2874 2399 2928 τὸν
2421 2873 2586 2944 νόμον
2617 2870 2974 2944 εἰργομένους
3009 2866 3110 2938 τῆς
3156 2862 3494 2935 Ἐκκλησίας
3536 2861 3741 2931 Κυρίου

445 2967 715 3022 velatione
748 2967 1091 3038 perduceret.
1126 2965 1283 3023 Patet
1305 2970 1451 3040 quod
1492 2972 1547 3025 in
1574 2974 1832 3042 praedicta
1860 2975 2029 3048 Egy-

2215 2988 2218 3020 ;
2271 2966 2372 3038 τῆς
2408 2965 2709 3036 γενομένης
2739 2962 2925 3024 αὐτοῖς
2960 2956 3281 3027 ἐπιφανείας
3312 2953 3629 3023 ἐπιγνῶναι
3657 2953 3743 3005 τὸν

426 3060 680 3139 ytiorum
702 3070 847 3115 terra
865 3069 1205 3116 exstructum
1224 3072 1308 3117 est
1325 3062 1558 3119 Domino
1578 3066 1748 3122 altare
1773 3047 2027 3128 omnibus

2224 3079 2359 3135 ριον,
2396 3058 2563 3115 αὑτοῦ
2592 3057 2689 3112 τοῦ
2714 3055 2923 3127 Κυρίου
2956 3050 3197 3123 γνωστὸν
3227 3047 3398 3103 αὐτὸν
3433 3047 3629 3109 αὐτοῖς
3651 3047 3744 3139 ἑμ-

444 3152 962 3222 eongregationibus
992 3167 1115 3223 quae
1159 3154 1213 3207 in
1242 3155 1391 3209 omni
1423 3156 1543 3209 loco
1594 3158 1729 3213 fiunt
1771 3161 1838 3216 ad
1883 3163 2030 3220 invo-

2215 3155 2454 3218 ›ιοῦντος·
2513 3151 2682 3220 σαφὲς
2734 3148 2779 3202 δ’
2819 3149 2968 3209 ὅπως
3012 3147 3068 3199 ὲν
3101 3145 3167 3214 τῇ
3205 3140 3522 3213 δηλωθείσῃ
3552 3136 3743 3209 τῇτῶν

442 3244 678 3297 candum
718 3244 1172 3316 adorandumque
1217 3246 1406 3306 Deum.
1466 3249 1607 3304 Dicit
1654 3251 1797 3309 forte
1836 3257 2030 3328 aliquis

2215 3246 2455 3316 γυπτίων
2504 3242 2659 3315 χώρᾳ.
2704 3240 2937 3308 συνέστη
2985 3235 3066 3307 τῷ
3105 3233 3298 3305 Κυρίῳ
3345 3232 3743 3301 θυσιαστήριον

448 3336 575 3391 huic
615 3338 736 3390 loco
774 3338 1118 3404 adversatus,
1170 3341 1381 3396 scilicet
1416 3362 1434 3394 ι
1473 3351 1528 3397 et
1572 3346 1673 3397 erit
1720 3347 1893 3408 altare
1926 3324 2030 3406 Do-

2215 3339 2247 3392 ὸ
2272 3337 2382 3392 τῶν
2416 3338 2473 3392 ὲν
2498 3335 2664 3390 παντί
2682 3334 2833 3404 τόπῳ
2866 3334 2945 3394 εἰς
2973 3330 3135 3399 εὐχὰς
3169 3328 3262 3384 καὶ
3280 3325 3420 3380 Θεοῦ
3443 3324 3743 3395 θρησκείαν

447 3429 595 3483 mino
635 3429 686 3483 in
722 3438 868 3486 terra
900 3430 1305 3502 Egyptiorum,
1348 3453 1367 3486 ι
1403 3435 1447 3489 si
1490 3436 1712 3505 quidem
1747 3439 1920 3497 altare
1959 3443 2038 3497 lo-

447 3536 546 3574 cus
575 3521 755 3590 quivis
786 3522 857 3577 sit
883 3522 1304 3591 sacriﬁciorum,
1326 3526 1493 3580 verbo
1520 3524 1613 3581 Dei
1644 3529 2035 3601 insipientibus

445 3608 636 3663 bestiis
687 3609 1007 3675 immolatis,
1049 3612 1259 3682 justius
1307 3622 1455 3673 esset
1499 3616 1699 3686 majus,
1750 3614 2035 3692 magisque

444 3715 632 3754 verum
658 3717 751 3771 per
779 3702 1061 3758 Christum
1099 3704 1213 3759 ﬁeri
1247 3703 1358 3766 Deo
1392 3706 1566 3762 altare
1606 3710 1661 3764 in
1685 3712 1836 3766 omni
1860 3719 2034 3769 terre-

443 3791 544 3845 stri
586 3791 728 3857 loco,
761 3791 999 3865 Egypto
1029 3810 1124 3865 per
1155 3796 1533 3867 metaphoram
1566 3802 1869 3868 nominato,
1908 3821 2035 3875 pro-

445 3892 564 3953 pter
608 3900 801 3940 omues
858 3886 1060 3957 ubique
1104 3897 1394 3959 martyres.
1448 3891 1607 3959 quasi
1661 3894 1932 3951 sacriﬁcia
1979 3905 2035 3952 et

445 3976 699 4032 victimas
754 3993 850 4046 pro
901 3979 1183 4034 hominum
1224 3980 1443 4050 generis
1489 3982 1666 4038 salute
1708 3983 1840 4051 Deo,
1876 3996 1931 4043 et
1976 3989 2030 4043 in

445 4064 562 4133 ipsa
609 4066 881 4135 corporali
916 4059 1300 4138 Egyptiorum
1343 4080 1517 4135 terra,
1550 4073 1643 4127 ubi
1675 4084 1754 4128 tot
1797 4083 1852 4132 et
1896 4080 2031 4134 tanti
2085 4087 2090 4091 '

447 4167 715 4229 martyres
756 4161 978 4229 preprio
1009 4162 1252 4231 ipsorum
1305 4164 1575 4240 sanguine
1622 4164 1791 4222 Deum
1823 4170 2029 4240 gloriﬁ-

445 4264 727 4307 caverunt.
764 4251 921 4318 Quod
971 4253 1016 4308 si
1049 4254 1182 4308 illud
1212 4238 1431 4313 diﬁfcile
1458 4259 1747 4315 crederent
1786 4238 2029 4318 circum-

445 4343 569 4409 cisi,
598 4344 787 4399 dicant
826 4346 927 4415 ipsi
962 4347 1183 4419 quando
1222 4356 1276 4404 et
1303 4350 1395 4405 ubi
1444 4358 1498 4406 et
1542 4352 1819 4424 quodnam
1860 4358 2031 4413 altare

2136 3429 2571 3502 ἐπιτελουμένων
2604 3423 3011 3498 ἀθροισμάτων.
3050 3419 3209 3473 Εἴποι
3235 3417 3282 3471 δ’
3317 3415 3385 3474 ἄν
3415 3432 3502 3479 τις
3527 3413 3742 3467 ἐπιϐαί-

2136 3542 2243 3579 νων
2284 3526 2351 3597 τῇ
2394 3521 2539 3588 λέξει
2587 3521 2669 3583 εἰς
2714 3518 2798 3581 τὸ,
2844 3540 2860 3566 ι
2898 3514 3010 3569 Καὶ
3030 3511 3186 3565 ἔσται
3229 3507 3637 3576 θυσιαστήριον
3666 3502 3740 3572 τῷ

2136 3617 2328 3688 Κυρίῳ
2354 3616 2411 3667 ὲν
2441 3611 2596 3685 χώρᾳ
2620 3610 2731 3664 τῶν
2754 3606 3090 3677 Αἰγυπτίων,
3125 3623 3144 3656 ι
3171 3603 3220 3655 εἰ
3252 3601 3320 3672 δὴ
3342 3600 3410 3653 τὸ
3442 3599 3740 3667 θυσιαστήο

2137 3727 2253 3782 ριον
2308 3706 2472 3770 τόπος
2503 3703 2589 3768 τίς
2633 3706 2752 3757 ἐστι
2792 3701 3070 3772 θυμάτων,
3107 3696 3200 3749 ἐπὶ
3229 3695 3376 3764 λόγῳ
3414 3691 3559 3746 Θεοῦ

2133 3781 2347 3871 ἀλόγων
2411 3794 2888 3868 σφαγιαζομένων,
2948 3789 3269 3845 δικαιότατα
3314 3786 3380 3840 ἂν
3427 3784 3621 3856 μεῖζον
3652 3781 3743 3835 καὶ

2134 3892 2500 3964 ἀληθέστερον
2566 3889 2656 3943 διὰ
2703 3885 2943 3960 Χριστοῦ
3001 3881 3288 3953 γεγονέναι
3337 3879 3420 3950 τῷ
3481 3876 3611 3947 Θεῷ
3652 3874 3739 3928 Θυ-

2137 3990 2454 4061 σιαστήριον
2530 3988 2588 4040 ὲν
2644 3984 2752 4057 ὅλῳ
2806 4001 2868 4037 τε
2924 3980 3003 4052 τῷ
3069 3977 3337 4051 περιγείῳ
3393 3977 3599 4044 τόπῳ,
3650 3973 3741 4025 Αἱ-

2135 4081 2329 4150 γύπτῳ
2400 4077 2676 4153 τροπικῶς
2732 4072 3168 4150 χρηματίζοντι,
3243 4069 3335 4123 διὰ
3419 4069 3553 4131 τοὺς
3618 4082 3741 4118 mv-

2133 4177 2331 4247 ταχὸσε
2395 4176 2677 4247 μάρτυρας
2740 4171 2957 4242 θύματα
3014 4168 3109 4221 καὶ
3152 4164 3321 4219 οἱονεὶ
3374 4162 3598 4231 σφάγια
3648 4156 3740 4210 τοῦ

2135 4271 2329 4340 γένους
2372 4268 2481 4322 τῶν
2511 4265 2838 4339 [ἀνθρώπων
2881 4257 3301 4332 ἀναφερομένων
3340 4254 3423 4327 τῷ
3480 4252 3607 4324 Θεῷ
3650 4250 3743 4304 καὶ

2133 4364 2191 4416 ὲν
2248 4362 2384 4432 αὐτῇ
2444 4361 2501 4414 δὲ
2554 4362 2620 4432 τῇ
2683 4357 2970 4429 σωματικῇ
3022 4353 3130 4406 τῶν
3179 4349 3507 4418 Αἰγυπτίων
3554 4345 3727 4417 χώρᾳ,

445 4438 499 4490 in
533 4436 769 4508 Aigypto
801 4448 1044 4494 erectum
1093 4441 1164 4496 sit
1213 4439 1469 4511 Domino,
1513 4446 1639 4523 quis
1691 4463 1821 4502 vero
1866 4448 2030 4504 homo

2215 4454 2265 4506 la
2313 4451 2558 4505 τοσοῦτοι
2618 4449 2713 4505 καὶ
2777 4444 3089 4518 τηλικοῦτοι
3144 4441 3427 4515 μάρτυρες
3483 4436 3740 4502 ἐδόξασαν

442 4531 537 4598 qui
588 4530 876 4603 Aigyptios
938 4534 1122 4591 salvos
1174 4533 1396 4600 fecerit,
1460 4521 1927 4608 quemadmodum
1976 4551 2030 4597 et

2215 4563 2231 4597 θ
2282 4543 2416 4597 Θεὸν
2460 4542 2540 4613 τῷ
2606 4541 2720 4612 ἰδίῳ
2758 4536 2939 4594 αὐτῶν
2979 4535 3201 4606 αῖματν
3253 4529 3371 4583 ἀλλ’
3417 4530 3471 4582 εἰ
3522 4528 3737 4580 δυσπει-

443 4624 665 4691 quando
696 4626 948 4697 cognitus
1004 4626 1167 4683 fuerit
1206 4621 1475 4685 Dominus
1519 4629 1814 4703 «Egyptiis,
1864 4635 1938 4689 ita
1972 4642 2030 4689 ut

2215 4654 2251 4700 »ς
2299 4635 2473 4706 ἔχοιεν
2522 4632 2661 4705 πρὸς
2719 4630 2791 4684 τά
2845 4625 3220 4697 ἀποδεδομένα
3278 4623 3330 4675 οἰ
3384 4623 3454 4673 ἐκ
3524 4633 3741 4690 περιτο-

446 4716 547 4786 ipsi
577 4732 607 4771 a
635 4719 908 4787 prioribus
929 4720 1268 4778 declinantes
1291 4725 1576 4780 erroribus
1599 4725 1668 4779 ad
1700 4726 1821 4796 ejus
1846 4728 2027 4782 scien—

2215 4744 2269 4794 ις,
2304 4725 2612 4794 λεγέτωσαν
2641 4723 2796 4776 αὐτοί
2840 4720 2971 4774 πότε
3017 4718 3111 4771 καὶ
3138 4714 3382 4776 ποῦριαί⁵
3426 4713 3571 4784 πρὸς
3606 4710 3743 4770 sfw;

444 4811 577 4864 tiam
635 4814 986 4881 pervenerint
1029 4832 1043 4869 :
1096 4814 1201 4870 hoc
1245 4823 1331 4871 est
1383 4817 1637 4873 videlicet
1693 4834 2028 4888 cognoscere

2215 4820 2522 4889 σιαστήριον
2551 4816 2790 4886 κατέστη
2815 4813 2895 4883 τῷ
2922 4810 3111 4883 Κυρίῳ
3147 4813 3204 4864 ὲν
3249 4807 3548 4877 Αἰγύπτῳ,
3585 4808 3669 4869 τίς
3690 4804 3742 4856 δὲ

445 4901 757 4958 Dominum.
792 4904 1001 4959 Caetera
1043 4923 1174 4963 vero
1215 4908 1399 4963 omnia
1448 4910 1749 4980 prophetia;
1778 4912 2029 4967 altiorem

2215 4908 2500 4978 ἄνθρωπος
2523 4910 2552 4963 ὁ
2583 4906 2765 4970 σώσας
2799 4908 2927 4970 τοὺς
2964 4902 3321 4972 Αἰγυπτίους,
3358 4898 3489 4954 τίνα
3519 4918 3583 4953 τε
3623 4898 3739 4970 τρό-

445 5009 666 5050 sensum
733 4998 1041 5063 includunt,
1084 5017 1248 5070 quem
1297 5004 1586 5059 enucleare
1631 5020 1874 5073 praesens
1920 5022 2030 5061 non

2215 5020 2243 5055 ν
2297 5002 2390 5054 καί⁵
2440 5001 2571 5053 πότε
2625 4998 2867 5068 γνωστὸς
2915 4996 3131 5066 ἐγένετο
3181 4993 3394 5066 Κύριος
3438 4995 3557 5055 τοῖς
3585 4993 3740 5056 Αἰγυο

446 5084 578 5140 sinit
612 5093 847 5157 tempus.

2222 5095 2340 5158 ίοις,
2377 5092 2519 5146 ὥστε
2549 5093 2747 5154 αὐτοὺς
2794 5090 3141 5151 ἀποστάντας
3166 5087 3265 5156 τῆς
3298 5085 3583 5157 προτέρας
3614 5080 3739 5134 rid-

444 5195 564 5251 νης.
594 5181 693 5254 τὴν
720 5185 847 5255 περὶ
888 5185 1052 5239 αὑτοῦ
1099 5186 1301 5256 γνῶσιν
1342 5189 1660 5245 ἀναλαϐεῖν·
1692 5190 1932 5244 τοιοῦτον
1956 5191 2064 5262 γάρ
2103 5191 2218 5242 ἐστι
2241 5189 2303 5241 τὸ
2326 5186 2625 5255 ἐπιγνῶναι
2670 5184 2896 5256 Κύριον.
2939 5183 3051 5237 Καὶ
3097 5180 3195 5234 ὅλα
3268 5177 3326 5230 δὲ
3368 5177 3447 5231 τὰ
3486 5175 3617 5244 ἑξῆς
3651 5173 3740 5243 τῆς

447 5274 780 5344 προφητείας
834 5275 1134 5349 βαθυτέρας
1180 5279 1411 5351 ἤρτηται
1454 5281 1707 5346 διανοίας,
1759 5283 1826 5353 ἣν
1869 5283 1968 5352 οὐχ
2006 5286 2036 5336 ὁ
2068 5278 2260 5355 παρὼν
2299 5278 2665 5337 ἀναπτύσσειν
2699 5275 2910 5347 καιρός.

1038 5393 1268 5450 CAPUT
1308 5396 1421 5450 XII.

2670 5389 3070 5448 ΚΕΦΑΛΔῙΟΝ
3107 5387 3205 5442 ΙΒ¹.

527 5520 543 5554 ι
583 5506 831 5567 Domine,
884 5523 940 5561 ιιι
982 5508 1241 5579 angustia
1283 5512 1605 5568 recordatus
1657 5529 1778 5569 sum
1825 5513 1939 5581 tui;
1976 5513 2030 5568 in

2219 5535 2236 5567 ι
2273 5514 2470 5587 Κύριε,
2505 5514 2564 5568 ὲν
2603 5511 2779 5581 θλίψει
2810 5507 3090 5581 ἐμνήσθην
3125 5521 3241 5557 σου·
3278 5503 3341 5557 ὲν
3362 5498 3550 5569 θλίψει

449 5597 802 5654 tribulatione
839 5617 1026 5672 parva,
1060 5602 1308 5662 doctrina
1360 5616 1451 5663 tua
1500 5608 1680 5666 nobis.
1730 5608 1885 5667 Sicut
1916 5626 2030 5681 qua!

2215 5586 2434 5664 παιδεία
2466 5623 2562 5660 σου
2604 5606 2757 5676 ἡμῖν’
2799 5602 2893 5657 καὶ
2935 5599 3011 5664 ὡς
3041 5601 3075 5668 ἡ
3109 5594 3380 5650 ώδινοῦσα
3410 5592 3621 5663 ἐγγίζει
3646 5586 3733 5642 τοῦ

525 5748 541 5781 ί
572 5748 678 5807 lsa.
710 5768 827 5820 xui,
868 5756 1050 5811 17—21.
