3856 6226
399 313 537 369 1219

1047 309 1319 367 EUSEBII
1359 306 1836 366 CASSARIENSIS
1870 304 2021 362 OPP.
2062 303 2244 360 PARS
2277 301 2362 358 111.
2403 333 2474 344 --
2514 301 2927 360 EXEGETICA.

3525 306 3556 360 l
3565 305 3674 360 220

397 430 610 496 stisque
662 423 794 479 Sion
848 421 1228 485 aediﬁcabitur,
1289 421 1384 476 Dei
1443 421 1655 475 scilicet
1701 419 1965 474 Ecclesia.

2092 418 2243 472 ῑαῦθα
2286 417 2432 470 λίθον
2465 415 2722 470 ἐκλεκτὸν
2781 416 3090 488 θαυμαστόν
3119 435 3239 471 τινα
3272 418 3402 472 ὄντα
3431 420 3530 472 καὶ
3565 439 3674 474 πα-

398 534 417 566 ι
451 514 887 568 Fundamentum
929 511 1072 565 enim
1115 511 1266 565 aliud
1316 525 1478 565 nemo
1524 517 1704 580 potest
1747 523 1971 578 ponere,

396 613 596 678 praeter
628 604 683 658 id
720 603 863 674 quod
890 603 1125 673 positum
1156 610 1264 666 est,
1295 602 1439 672 quod
1473 610 1557 657 est
1587 601 1846 657 Christus
1877 600 1970 654 Je-

397 715 494 754 sus
517 709 556 752 ί.
592 716 610 749 ι
649 697 723 751 De
754 710 864 765 quo
901 709 956 750 et
989 695 1044 748 in
1091 694 1326 749 Psalmis
1358 694 1566 748 dictum
1603 702 1688 748 est
1717 713 1728 747 :
1762 713 1779 744 ‹
1812 692 1974 762 Lapi-

397 791 518 846 dem
552 804 710 859 quem
744 787 1179 856 reprobaverunt
1201 785 1553 848 aedificantes,
1579 785 1668 839 hic
1694 784 1869 838 factus
1888 790 1978 839 est.

397 883 453 936 in
491 888 654 950 caput
685 881 929 942 anguli”.
965 901 983 931 ο
1029 887 1082 933 et
1111 897 1130 929 ‹
1161 878 1440 948 angularis
1473 897 1491 928 ι
1521 884 1769 931 vocatur.
1799 876 1970 942 Quem

394 987 526 1025 vero
556 971 746 1025 Daniel
779 985 996 1038 quoque
1033 968 1268 1038 lapidem
1302 969 1694 1037 interpretatur
1713 968 1780 1022 de
1811 967 1975 1021 Chri-

396 1065 466 1118 sti
496 1078 689 1133 regno,
715 1078 838 1116 cum
889 1061 1062 1116 dicit:
1091 1079 1108 1111 ι
1140 1059 1305 1130 Lapis
1331 1070 1532 1123 autem,
1562 1061 1654 1130 qui
1680 1073 1969 1128 percusse-

395 1166 481 1209 rat
516 1164 776 1218 statuam,
814 1153 991 1208 factus
1039 1161 1124 1206 est
1163 1166 1321 1206 mons
1347 1167 1600 1222 magnus,
1646 1158 1701 1206 et
1728 1148 1972 1221 implevit

400 1248 711 1302 universam
750 1255 948 1300 terram
969 1246 1010 1299 ³.
1043 1263 1060 1295 ι
1096 1244 1455 1299 [Edilicantes
1488 1244 1657 1314 igitur
1692 1243 1851 1312 juxta
1893 1245 1971 1297 le-

395 1340 478 1408 gis
527 1339 763 1392 litteram
815 1336 1130 1403 :edilicium,
1167 1336 1315 1389 hunc
1365 1335 1800 1401 reprobaverunt
1833 1319 1971 1402 lapi-

393 1430 557 1483 dem:
590 1427 683 1498 qui
742 1426 1134 1490 nihilominus,
1177 1427 1246 1480 ab
1302 1427 1370 1480 iis
1414 1427 1762 1495 reprobatus,
1806 1432 1971 1494 caput

2078 509 2318 582 ράδοξον,
2346 509 2423 574 ὡς
2454 509 2580 572 τοὺς
2618 508 3016 572 πιστεύσαντας
3054 511 3134 573 εἰς
3158 511 3320 564 αὐτὸν
3358 509 3436 580 μὴ
3475 529 3675 566 καται-

2076 601 2472 674 σχυνθήσεσθαι
2500 600 2595 655 τοῦ
2631 599 2779 672 ἱεροῦ
2821 601 2916 654 τοῦ
2953 600 3090 654 Θεοῦ
3134 601 3331 670 Λόγου,
3362 603 3450 670 ἐφ’
3485 602 3551 655 ὃν
3595 604 3675 667 ὡς

2073 695 2167 748 ἐπὶ
2209 694 2456 765 θεμέλιον
2490 694 2704 766 ἑδραῖον
2746 695 2780 763 ὴ
2829 692 3176 763 πνευματικὴ
3207 694 3301 745 καὶ
3341 694 3677 763 ἐπουράνιος

2072 784 2210 838 Σιὼν
2240 785 2604 857 ᾠκοδόμηται,
2650 785 2752 839 οὐκ
2793 785 2926 857 ἄλλη
2965 804 3050 849 τις
3082 781 3214 839 οὖσα
3243 787 3345 856 τῆς
3387 770 3488 840 τοῦ
3531 788 3676 842 Θεοῦ

2089 878 2446 948 Ἐκκλησίαςο
2502 897 2519 930 ι
2564 879 2826 950 Θεμέλιον
2866 879 2977 950 γὰρ
3019 879 3178 933 ἄλλον
3225 879 3398 942 οὐδεὶς
3441 880 3677 932 δύναται

2076 967 2140 1037 (f.
2166 968 2234 1023 50
2261 970 2336 1039 v°)
2373 969 2543 1022 θεῖναι
2579 970 2731 1041 παρὰ
2750 970 2840 1022 τὸν
2873 970 3146 1041 κείμενον,
3180 970 3238 1033 ὃς
3268 973 3419 1024 ἐστιν
3459 971 3680 1042 Ἰησοῦς

2075 1057 2340 1130 Χριστός⁶
2378 1079 2398 1112 ι
2438 1062 2566 1132 περὶ
2600 1061 2790 1115 τούτου
2830 1062 2887 1114 δὲ
2931 1063 3027 1116 καὶ⁸
3053 1064 3110 1115 ὲν
3135 1063 3382 1132 Ψαλμοῖς
3415 1064 3696 1133 εἴρηται-λ

2077 1168 2097 1198 ι
2141 1150 2320 1216 Λίθον,
2367 1151 2427 1205 ὃν
2472 1153 2888 1224 ἀπεδοκίμασαν
2935 1155 2985 1206 οἱ
3032 1154 3463 1224 οἰκοδομοῦντες,
3506 1144 3694 1216 οὗτος

2072 1241 2305 1313 ἐγενήθη
2338 1244 2414 1305 εἰς
2460 1243 2701 1316 κεφαλὴν
2741 1245 2962 1314 γωνίας,
2990 1264 3008 1297 ι
3044 1247 3137 1299 καὶ
3167 1265 3186 1297 ι
3211 1249 3615 1315 ἀκρογωνιαίος
3649 1264 3670 1296 ι

2071 1319 2420 1403 ὠνόμασται·
2469 1336 2660 1389 τοῦτον
2697 1337 2755 1389 δὲ
2799 1339 2892 1390 καὶ
2928 1339 3126 1408 Δανιὴλ
3168 1338 3258 1390 τὸν
3303 1337 3453 1390 λίθον
3493 1339 3680 1408 ἑρμη-

2070 1424 2214 1478 νεύει
2259 1426 2353 1478 ἐπὶ
2393 1427 2494 1498 τὴν
2541 1427 2638 1480 τοῦ
2682 1430 2918 1500 Χριστοῦ
2963 1430 3260 1500 βασιλείαν,
3304 1429 3436 1482 ἔνθα
3477 1429 3673 1498 λέγει·

395 1520 598 1591 anguli,
623 1519 865 1590 gentium
894 1518 1152 1574 videlicet
1182 1517 1436 1572 Ecclesiae
1463 1517 1796 1580 ostenditur,
1814 1517 1969 1584 juxta

2092 1536 2094 1566 :
2138 1519 2247 1570 Καὶ
2289 1520 2316 1571 ὁ
2347 1518 2495 1583 λίθος
2534 1523 2562 1574 ὁ
2606 1522 2854 1585 πατάξας
2897 1521 2994 1592 τὴν
3041 1522 3251 1586 εἰκόνα,
3278 1522 3501 1590 ἐγένετο
3544 1522 3678 1592 ὅρος

394 1611 528 1665 illud
563 1627 579 1665 :
625 1627 642 1662 ι
673 1609 992 1665 Constitues
1047 1626 1135 1664 me
1178 1610 1234 1663 in
1285 1615 1451 1678 caput
1489 1610 1735 1679 gentium
1760 1608 1800 1662 ‘.
1837 1628 1854 1661 ι
1910 1607 1968 1662 In

2092 1607 2235 1677 ιέγα,
2262 1610 2355 1663 καί
2373 1612 2667 1677 ἐπάταξεν,
2701 1613 2734 1684 ἢ
2757 1614 2852 1666 καὶ
2873 1615 3155 1685 ἐπλήρωσε
3183 1615 3362 1666 πᾶσαν
3377 1613 3480 1682 τὴν
3501 1614 3634 1682 γῆν.
3648 1631 3669 1663 ι

394 1706 541 1759 hunc
578 1704 746 1770 igitur
770 1704 1006 1774 lapidem
1040 1705 1134 1772 qui
1175 1702 1495 1765 crediderit,
1561 1717 1671 1755 non
1741 1701 1970 1756 confun-

2092 1702 2136 1754 ,ἰί
2181 1686 2280 1772 μὲν
2325 1699 2419 1757 οὖν
2460 1705 2868 1774 οἰκοδομοῦντες
2893 1705 2992 1775 τὴν
3037 1705 3179 1759 κατὰ
3207 1706 3266 1758 τὸ
3303 1706 3546 1775 γράμμα
3576 1699 3675 1756 τοῦ

392 1797 572 1860 detur,
630 1804 689 1851 ut
721 1811 848 1851 vere
879 1795 1208 1866 praenuntiat
1265 1808 1507 1864 prsesens
1555 1793 1623 1848 de
1671 1793 1792 1862 ipso
1844 1809 1970 1864 pro-

2092 1793 2237 1862 νόμου
2267 1795 2578 1866 οἰκοδομὴν,
2602 1796 2789 1850 τοῦτον
2811 1796 3221 1863 ἀπεδοκίμασαν
3249 1795 3340 1848 τὸν
3363 1795 3516 1848 λίθον
3535 1811 3549 1823 ·
3576 1796 3678 1847 αὖ·

392 1889 594 1958 ιιίιειὶοε
1070 1947 1074 1951 ,
2075 1886 2168 1950 τὸς
2194 1888 2252 1940 δὲ
2280 1889 2431 1942 οὐδὲν
2466 1885 2630 1961 ἦττον
2665 1891 2754 1943 ὑπ’
2791 1891 3014 1942 ἐκείνων
3057 1889 3543 1957 ἀποδοκιμασθεὶς,
3575 1905 3675 1941 κε-

394 1981 537 2052 φαλὴ
574 1980 773 2050 γωνίας
811 1982 908 2050 τῆς
951 1979 1058 2032 τῶν
1108 1978 1166 2044 ἐξ
1212 1978 1380 2032 ἐθνῶν
1466 1977 1790 2047 Ἑκκλησίας
1871 1970 2238 2036 ἀναδέδεικται
2282 1985 2422 2038 κατά
2468 1986 2529 2039 τὸ
2580 1987 2870 2056 εἰρημένον
2909 2003 3032 2051 που,
3083 2003 3101 2035 ι
3165 1986 3548 2054 Καταστήσεις

393 2077 472 2138 εἰς
506 2074 745 2144 κεφαλὴν
779 2073 968 2126 ἐθνῶν.
1009 2092 1026 2123 ι
1071 2070 1194 2124 Ἑπί
1229 2070 1415 2124 τοῦτον
1455 2069 1744 2141 τοιγαροῦν
1771 2071 1862 2124 τὸν
1913 2071 2058 2127 λίθον
2121 2078 2148 2130 ὁ
2177 2077 2444 2130 πιστεύων
2493 2079 2555 2133 οὐ
2609 2078 3168 2149 καταισχυνθήσεται,
3223 2074 3678 2147 ἐπαληθευούσης
3777 2115 3782 2117 -

395 2170 488 2222 καὶ
525 2167 726 2240 ταύτης
757 2171 856 2240 τῆς
882 2168 1008 2238 περί
1036 2165 1199 2220 αὐτοῦ
1226 2165 1579 2238 προφητείας.

1038 2277 1267 2334 CAPUT
1301 2277 1444 2334 XIV.

475 2391 494 2423 ‹
538 2372 676 2426 Ecce
697 2387 896 2426 nomen
925 2370 1140 2425 Domini
1171 2373 1318 2426 venit
1342 2370 1408 2424 de
1430 2371 1748 2440 longinquo,
1775 2371 1972 2429 ardens

396 2464 552 2520 [utor
588 2464 708 2533 ejus
733 2471 788 2518 et
817 2463 1000 2533 gravis
1040 2463 1105 2516 ad
1151 2462 1482 2532 portandum
1523 2481 1536 2516 :
1563 2463 1706 2515 labia
1738 2463 1860 2531 ejus
1885 2477 1973 2516 re-

400 2558 543 2626 pleta
587 2565 716 2609 sunt
746 2555 1143 2624 indignatione,
1175 2562 1228 2608 et
1262 2555 1449 2625 lingua
1495 2555 1615 2624 ejus
1645 2556 1802 2624 quasi
1833 2554 1973 2625 ignis

397 2649 669 2703 devorans
697 2649 738 2702 ⁸.
764 2666 782 2698 ι
815 2646 955 2712 Quid
982 2654 1128 2702 esset
1157 2647 1362 2701 dictum
1395 2647 1484 2700 hic
1506 2661 1705 2700 nomen
1735 2644 1972 2710 Domini,

399 2741 506 2794 nisi
554 2737 700 2793 Deus
729 2736 994 2802 Verbum,
1039 2753 1068 2791 a
1109 2752 1218 2806 quo
1252 2735 1436 2791 omnia
1484 2743 1668 2790 creata
1704 2737 1873 2790 sunt?
1901 2733 1976 2791 De

398 2831 638 2886 secunda
670 2832 836 2901 igitur
866 2838 921 2885 et
942 2831 1206 2900 praeclara
1255 2828 1378 2898 ejus
1412 2827 1860 2882 manifestatione
1885 2841 1977 2882 ac-

398 2924 650 2993 cipienda
684 2930 790 2984 est,
825 2930 884 2976 ιιι
911 2922 1129 2992 opinor,
1161 2921 1279 2975 haec
1308 2919 1620 2991 prophetia.

992 3123 1220 3180 CAPUT
1249 3122 1370 3178 XV.
1431 3121 1436 3125 ’

481 3234 500 3268 ι
531 3216 656 3272 Haec
679 3216 812 3271 dicit
845 3216 1108 3272 Dominus
1141 3235 1154 3274 :
1189 3216 1387 3271 Beatus
1416 3215 1509 3286 qui
1549 3215 1714 3270 habet
1744 3216 1799 3269 in
1840 3211 1976 3268 Sion

398 3324 608 3372 semen,
639 3316 694 3363 et
749 3309 960 3362 incolas
1017 3309 1071 3362 in
1126 3307 1452 3364 Jerusalem.
1488 3306 1631 3362 Ecce
1679 3307 1827 3361 enim
1877 3320 1976 3360 rex

395 3399 579 3469 justus
597 3399 865 3468 regnabit,
889 3411 942 3454 et
965 3399 1243 3469 principes
1269 3400 1324 3452 in
1353 3398 1565 3468 judicio
1590 3408 1866 3468 praeerunt
1893 3397 1970 3451 ⁸.»

397 3491 652 3546 Christus
682 3490 776 3545 Dei
815 3490 1040 3546 dicens:
1079 3510 1098 3542 ι
1132 3491 1245 3562 Ego
1303 3491 1644 3546 constitutus
1698 3505 1819 3544 sum
1877 3505 1970 3544 rex

399 3598 564 3652 super
583 3597 678 3638 eos
715 3602 733 3634 ι
758 3582 812 3635 in
845 3582 950 3636 hac
972 3583 1258 3652 prephetia
1287 3581 1628 3652 designatur.
1653 3579 1760 3646 Qui
1793 3587 1974 3634 autem

399 3675 503 3730 sub
531 3690 596 3729 eo
619 3681 746 3729 sunt
774 3674 1070 3745 principes,
1097 3673 1329 3744 apostoli
1365 3674 1599 3735 scilicet,
1619 3680 1673 3727 et
1702 3672 1974 3727 Ecclesias

400 3766 456 3821 in
475 3766 686 3834 judicio
713 3764 807 3820 Dei
843 3765 1165 3835 dirigentes,
1200 3765 1314 3818 sive
1346 3763 1518 3817 divini
1563 3763 1763 3832 angeli,
1795 3761 1975 3816 homi-

398 3875 532 3913 num
579 3858 771 3912 salutis
825 3856 1162 3912 defensores.
1191 3854 1423 3924 Propter
1467 3854 1620 3908 illum
1656 3855 1843 3924 igitur,
1879 3853 1972 3923 qui

399 3951 541 4020 regit
573 3948 703 4002 Sion
728 3956 782 4004 et
818 3945 1142 4010 Jerusalem,
1163 3965 1180 3996 ι
1211 3945 1411 4000 Beatus
1441 3945 1536 4014 qui
1565 3945 1726 4000 habet
1753 3944 1808 3998 in
1843 3943 1976 3999 Sion

403 4057 588 4097 semen
605 4049 658 4094 et
678 4040 888 4094 incolas
911 4040 965 4092 in
986 4036 1293 4092 Jerusalem
1314 4055 1329 4103 ;
1357 4055 1376 4089 ι
1400 4051 1521 4106 quae
1539 4044 1592 4089 et
1608 4045 1974 4105 congruenter

403 4133 471 4186 de
497 4130 800 4200 apostolico
826 4129 1022 4198 spiritu
1067 4129 1242 4197 accipi
1290 4135 1544 4196 possunt,
1580 4126 1844 4180 edocente
1873 4141 1977 4180 nos

403 4222 470 4276 de
496 4236 730 4291 superna
753 4219 1056 4274 Jerusalem
1088 4229 1142 4274 et
1171 4219 1238 4273 de
1264 4217 1475 4272 caelesti
1508 4224 1690 4271 monte
1723 4215 1876 4272 Sion.

2003 3100 2050 3164 C

2603 2282 2833 2334 ΚΕΦΑΛ
2841 2282 3004 2334 ΛΙΟΝ
3033 2283 3130 2334 IA'.

2153 2383 2173 2422 ι
2230 2372 2360 2426 Ἰδοὺ
2388 2372 2447 2424 τὸ
2479 2370 2649 2442 ὄνομα
2683 2372 2887 2444 Κυρίου
2928 2372 3145 2442 ἔρχεται
3182 2370 3272 2424 διὰ
3306 2371 3508 2424 πολλοῦ
3548 2375 3678 2443 χρό-

2076 2480 2190 2524 νου,
2219 2464 2508 2534 καιόμενος
2541 2464 2738 2535 θυμὸς,
2770 2463 2911 2534 μετὰ
2931 2463 3087 2534 δόξης
3116 2463 3177 2515 τὸ
3207 2462 3388 2531 λόγιον
3414 2465 3529 2517 τῶν
3558 2483 3676 2535 χει-

2077 2553 2215 2608 λέων
2245 2555 2432 2620 αὐτοῦ,
2462 2557 2524 2609 τὸ
2563 2557 2743 2625 λόγιον
2781 2557 2955 2626 ὀργῆς
2989 2557 3214 2628 πλῆρες,
3259 2557 3354 2609 καί⁵
3391 2558 3535 2628 ὀργὴ
3578 2558 3675 2611 τοῦ

2078 2645 2252 2717 θυμοῦ
2291 2648 2368 2706 ὡς
2413 2647 2523 2720 πῦρ
2551 2649 2748 2701 ἔδεται.
2787 2667 2806 2700 ι
2842 2649 2952 2701 Καὶ
2981 2648 3032 2700 τί
3061 2647 3126 2701 ἂν
3150 2648 3235 2718 εἰη
3280 2649 3342 2700 τὸ
3372 2648 3676 2718 λεγόμενον

2075 2738 2248 2811 ὄνομα
2278 2740 2484 2811 Κυρίου
2517 2740 2550 2811 ἢ
2584 2741 2614 2793 ὁ
2641 2741 2773 2804 Θεὸς
2825 2741 3016 2808 Λόγος,
3063 2739 3132 2792 δι’
3161 2736 3222 2794 οὗ
3257 2741 3326 2793 τὰ
3372 2743 3677 2811 σύμπαντα

2076 2831 2369 2902 γεγένηται
2393 2849 2406 2898 ;
2439 2831 2522 2885 Τά
2554 2833 2806 2904 περὶτῆς
2834 2833 3091 2903 δευτέρας
3121 2832 3300 2884 τοίνυν
3331 2832 3429 2884 καὶ
3456 2831 3675 2896 ἐνδόξου

2078 2923 2245 2976 αὐτοῦ
2286 2925 2589 2996 παρουσίας
2622 2925 2829 2996 νομίζω
2856 2925 2950 2978 καὶ
2973 2924 3177 2995 ταύτην
3213 2925 3550 2978 αἰνίττεσθαι
3575 2927 3677 2996 τὴν

2078 3015 2435 3086 προφητείαν.
2950 3000 2956 3006 ⁸

2603 3130 3001 3184 ΚΕΦΑΛΑΙΟΝ
3039 3131 3139 3183 ῘΕ’.

2154 3220 2294 3274 Τάδε
2320 3220 2470 3290 λέγει
2511 3220 2748 3293 Κύριος·
2790 3241 2809 3273 ι
2840 3221 3149 3291 Μακάριος,
3176 3220 3236 3284 ὃς
3276 3221 3387 3291 ἔχει
3440 3221 3500 3273 ἑν
3533 3220 3681 3273 Σῷυν

2084 3311 2326 3382 σπέρμα,
2363 3313 2459 3366 καὶ
2501 3314 2734 3377 οἰκείους
2765 3314 2822 3366 ὲν
2863 3314 3255 3384 ’Ῑερουσαλήμ’
3289 3312 3398 3365 ἰδοὺ
3431 3312 3545 3384 γὰρ
3583 3312 3678 3382 βα-

2083 3402 2264 3466 σιλεὺς
2307 3404 2516 3468 δίκαιος
2562 3405 2892 3475 βασιλεύσει,
2933 3408 3030 3458 καὶ
3074 3405 3334 3476 ἄρχοντες
3377 3405 3518 3474 μετὰ
3548 3405 3680 3474 κρί-

2083 3511 2220 3558 σεως
2272 3495 2549 3566 ἄρξουσιν.
2588 3516 2607 3549 ι
2670 3498 2729 3550 'U
2785 3497 3020 3569 Χριστὸς
3061 3497 3161 3549 τοῦ
3208 3495 3344 3548 Θεοῦ
3392 3497 3424 3547 ὁ
3477 3493 3680 3558 dmin,

2087 3601 2107 3634 σ
2153 3583 2294 3653 Ἐγὼ
2326 3586 2383 3640 δὲ
2420 3589 2763 3661 κατεστάθην
2801 3589 3056 3660 βασιλεὺς
3080 3589 3170 3641 ὑπ’
3191 3589 3380 3652 αὐτοῦ,
3407 3606 3430 3640 ι
3463 3588 3562 3640 καὶ
3587 3588 3684 3640 διὰ

2080 3675 2284 3729 τούτων
2311 3677 2600 3747 δηλοῦται·
2635 3678 2744 3733 εἷεν
2772 3682 2818 3734 δ’
2863 3680 2929 3735 ἂν
2957 3683 3005 3734 οἰ
3038 3682 3132 3734 ὑπ’
3177 3680 3341 3734 αὐτὸν
3385 3679 3679 3750 ἄρχοντες,

2077 3766 2198 3836 ἦτοι
2229 3768 2536 3835 ἀπόστολοι,
2571 3773 2664 3825 καί
2706 3774 2755 3826 οἱ
2788 3773 2926 3844 μετὰ
2966 3772 3100 3826 Θεοῦ
3137 3773 3372 3843 κρίσεως
3405 3773 3517 3824 τῶν
3561 3773 3685 3827 Ἐκο

2079 3857 2319 3931 κλησιῶν
2343 3862 2600 3932 ἄρχοντες
2621 3865 2653 3933 ἦ
2684 3864 2904 3933 ἄγγελοι
2931 3865 3086 3926 θεῖοι,
3116 3864 3216 3934 τῆς
3236 3863 3344 3916 τῶν
3365 3861 3684 3933 ἀνθρώπων

2080 3946 2266 4020 ἔφοροι
2299 3954 2604 4023 σωτηρίας⁶
2639 3953 2727 4008 διὰ
2759 3956 2950 4008 τοῦτον
2980 3956 3038 4009 δὲ
3066 3957 3158 4008 τὸν
3190 3954 3552 4025 βασιλεύοντα
3582 3954 3686 4023 τῆς

2081 4039 2220 4094 Σιὼν
2253 4044 2355 4096 καὶ·
2380 4044 2483 4114 τῆς
2533 4046 2909 4118 Ἰερουσαλὴμ,
2934 4067 2952 4098 ‹
2990 4048 3312 4114 Μακάριος,
3348 4045 3408 4108 ὃς
3457 4045 3576 4115 ἔχει
3628 4047 3688 4096 ὲν

2082 4131 2222 4186 Σιὼν
2253 4135 2496 4206 σπέρμα,
2536 4138 2631 4191 καὶ
2656 4139 2891 4202 οἰκείους
2920 4139 2980 4191 ὲν
3015 4138 3398 4210 Ἰερουσαλήμ·
3446 4155 3465 4188 ι
3505 4135 3547 4191 ἃ
3589 4135 3692 4199 ad

2082 4222 2249 4289 ἀξίως
2276 4226 2370 4279 τοῦ
2404 4229 2766 4284 ἀποστολικοῦ
2800 4231 3110 4304 πνεύματος
3142 4229 3571 4301 ὲκλη[μ]πτέον,
3602 4228 3686 4281 δι-

401 4317 687 4379 δάσκοντος
725 4317 872 4387 ἡμᾶς
901 4314 973 4368 τὰ
1011 4314 1138 4385 περὶ
1182 4314 1280 4384 τῆς
1309 4313 1424 4367 ἄνω
1456 4312 1832 4384 Ἰερουσαλὴμ,
1879 4314 1974 4367 καὶ
2001 4317 2094 4369 τοῦ
2123 4319 2264 4374 Σιὼν
2297 4325 2624 4396 ἐπουρανίου
2665 4327 2850 4399 ὅρους.

987 4515 1218 4572 CAPUT
1251 4514 1392 4570 XVI.

481 4631 499 4662 ι
540 4611 770 4674 Laetare,
819 4609 1060 4665 solitudo
1110 4610 1325 4672 sitiens,
1361 4607 1603 4670 exsulta,
1631 4607 1893 4669 solitudo,
1927 4615 1982 4661 et

405 4703 634 4759 ﬂoribus
655 4717 909 4774 spargere
940 4712 1000 4757 ut
1032 4702 1225 4756 lilium.
1257 4699 1588 4755 Germinans
1627 4698 1979 4768 gerniinabit,

405 4804 461 4850 et
485 4795 782 4850 exsultabit
819 4793 1129 4848 lzetabunda
1178 4799 1235 4846 et
1281 4791 1512 4846 laudans
1543 4809 1557 4846 :
1587 4791 1757 4860 gloria
1786 4789 1983 4843 Libani

407 4885 534 4940 data
556 4893 640 4941 est
667 4885 780 4940 eiet
799 4885 964 4940 decor
979 4883 1218 4939 Carmeli
1241 4902 1252 4946 ;
1272 4889 1324 4937 et
1338 4883 1576 4953 pepulns
1603 4897 1759 4937 meus
1779 4880 1984 4935 videbit

406 4978 635 5050 gloriam
662 4976 880 5031 Domini
915 4984 969 5031 et
993 4975 1340 5029 altitudinem
1363 4974 1477 5028 Dei.
1507 4972 1828 5027 Confortate
1858 4987 1977 5026 ma-

407 5085 513 5123 nus
559 5067 879 5129 dissolutas,
915 5073 969 5121 et
1018 5082 1198 5137 genua
1245 5066 1445 5120 debilia
1475 5065 1754 5119 roborate.
1808 5063 1983 5119 Dicite

407 5157 771 5227 pusillanimis
809 5177 822 5211 :
855 5155 1253 5210 Confortamini
1295 5166 1349 5210 et
1391 5156 1561 5210 nolite
1590 5157 1819 5211 timere:
1855 5172 1984 5211 ecce

407 5245 553 5300 Deus
579 5253 758 5300 vester
784 5247 1049 5300 ultionem
1094 5247 1330 5300 adducet
1380 5247 1758 5301 retributionis
1787 5264 1805 5300 ε
1837 5245 1980 5302 Deus

408 5336 525 5406 ipse
550 5336 729 5391 veniet
751 5345 805 5393 et
831 5337 1062 5393 salvabit
1099 5353 1221 5392 nos.
1268 5337 1426 5391 Tune
1471 5339 1788 5409 aperientur
1835 5339 1980 5394 oculi

408 5439 703 5493 caecorum,
735 5436 788 5483 et
819 5443 980 5482 aures
1009 5427 1302 5483 surdorum
1330 5429 1613 5497 patebunt.
1646 5428 1803 5483 Tunc
1825 5431 1982 5485 saliet

410 5516 554 5571 sicut
587 5532 782 5574 cervus
817 5520 1066 5583 claudus,
1100 5530 1153 5575 et
1183 5529 1370 5590 aperta
1414 5521 1517 5575 erit
1561 5522 1746 5591 lingua
1799 5531 2005 5576 inuto-.

489 5672 506 5702 ¹
536 5673 558 5724 ι
584 5672 712 5725 Cor.
752 5689 832 5738 ιιι,
866 5675 950 5726 ll.
1030 5678 1049 5707 ²
1081 5675 1222 5729 Psal.
1247 5691 1412 5741 cxvn,
1441 5675 1529 5728 22.

413 5754 588 5805 xxxu,
616 5741 666 5793 l.
794 5749 804 5760 '

1629 5677 1648 5708 ³
1689 5676 1820 5731 Dan.
1847 5693 1906 5741 ιι,
1933 5677 2022 5732 5‘3.

2613 4522 3006 4575 ΚΕΦΑΛΑΙΟΝ
3037 4520 3152 4588 ις’.

2139 4625 2158 4657 ι
2182 4605 2549 4680 Εὐφράνθητι,
2575 4609 2778 4682 ἕρημος
2807 4609 3037 4680 διψῶσα,
3057 4606 3428 4679 ἀγαλλιάσθω,
3449 4609 3688 4682 ἕρημος,

2084 4699 2178 4753 καὶ
2207 4701 2438 4754 ἀνθείτω
2487 4693 2564 4766 ὡς
2611 4702 2793 4774 κρίνον
2813 4720 2828 4734 ο
2861 4703 2954 4756 καὶ
2980 4702 3265 4773 ὲξανθήσει
3293 4704 3391 4755 καὶ
3415 4703 3687 4772 ἀγαλλιά-

2085 4809 2238 4847 σεται
2280 4793 2461 4864 ἔρημα
2502 4794 2598 4848 τοῦ
2641 4795 2936 4866 Ἰορδάνοψ
2971 4795 3065 4848 καὶ
3093 4797 3126 4864 ἡ
3161 4795 3291 4859 δόξα
3320 4793 3416 4846 τοῦ
3444 4794 3686 4848 Λιϐάνου

2084 4883 2428 4956 amomum,
2448 4885 2542 4938 καὶ
2565 4885 2598 4957 ἦ
2621 4886 2755 4956 τιμὴ
2774 4886 2868 4939 τοῦ
2897 4886 3194 4958 Καρμήλου
3214 4903 3229 4915 ο
3257 4885 3353 4937 καὶ
3372 4887 3403 4937 ὁ
3420 4885 3556 4948 λαός
3582 4903 3685 4956 μου

2083 4975 2272 5044 ὄψεται
2293 4977 2392 5047 τὴν
2412 4975 2570 5043 δόξαν
2590 4975 2794 5048 Κυρίου
2830 4978 2925 5031 καὶ
2967 4978 3028 5030 τὸ
3051 4976 3182 5046 ὕψος
3200 4977 3299 5029 τοῦ
3325 4976 3487 5029 Θεοῦ.
3506 4978 3542 5030 Ἱ
3553 4978 3685 5047 σχύν

2087 5087 2238 5133 σατε,
2272 5073 2452 5142 χεῖρες
2495 5070 2798 5140 ἀνειμέναι,
2833 5074 2926 5124 καὶ
2970 5071 3172 5138 γόνατα
3214 5067 3645 5138 παραλελυμένα
3668 5086 3682 5098 ·

2087 5160 2531 5231 παρακαλέσατε,
2558 5161 2868 5230 ὀλιγόψυχοι
2910 5163 2974 5230 τῇ
3001 5159 3244 5228 διανοίᾳ·
3283 5158 3571 5227 ἰσχύσατε,
3613 5159 3685 5228 μὴ

2089 5251 2371 5320 φοϐεῖσθε·
2409 5251 2517 5304 ἰδοὺ
2551 5252 2580 5302 ὀ
2613 5251 2746 5314 Θεὸς
2768 5251 2927 5321 ἡμῶν
2949 5249 3131 5321 κρίσιν
3160 5248 3566 5303 ἀνταποδίδωσι
3593 5249 3686 5299 καὶ

2087 5339 2457 5393 ἀνταποδώσει
2481 5357 2495 5371 ο
2527 5341 2689 5404 αὐτὸς
2704 5341 2844 5411 ἣξει,
2865 5341 2959 5394 καὶ
2989 5340 3151 5392 σώσει
3178 5341 3358 5410 ἡμᾶς·
3389 5339 3520 5392 τότε
3548 5339 3686 5391 ἀνοι-

2088 5432 2376 5504 χθήσονται
2407 5432 2677 5503 ὀφθαλμοὶ
2717 5431 2958 5501 τυφλῶν,
2989 5434 3083 5485 καὶ
3122 5426 3239 5485 ὦτα
3282 5432 3491 5500 κωφῶν
3522 5431 3685 5485 ﬁxo-.3-

2090 5538 2272 5576 σονται
2288 5540 2300 5552 ·
2327 5521 2446 5574 τότε
2467 5523 2676 5577 ἀλεῖται
2701 5524 2776 5587 ὼς
2791 5523 2987 5592 ἔλαφος
3009 5523 3199 5593 χωλὸς,
3216 5524 3311 5576 καὶ
3332 5522 3512 5594 τρανῆ
3534 5523 3686 5574 ἔσται

2131 5676 2482 5743 ⁸Ρειι1.χνιι,
2522 5678 2607 5733 45.
2710 5682 2731 5711 ⁵
2758 5679 2860 5733 lsa.
2895 5696 3025 5733 xxx.
3055 5678 3124 5732 27
3209 5679 3230 5709 ⁶
3263 5677 3376 5733 lsa.
3415 5694 3581 5745 xxxi,
3615 5677 3680 5741 9;
