3814 6220
95 328 245 386 1221

1143 319 1443 378 ECLOGA:
1484 317 1968 376 PROPIIETIClE.
2010 349 2080 358 —
2116 317 2245 374 LIB.
2275 318 2366 378 IV.

3261 325 3286 378 I
3296 325 3400 380 922

94 443 333 515 γλῶσσα
377 444 704 516 μογιλάλων,
737 443 821 497 ὅτι
863 426 1076 513 ἐρράγη
1116 441 1173 493 ἐν
1213 442 1278 510 τῇ
1322 441 1516 511 ἐρήμῳ
1545 439 1711 510 ὕδωρ,

1861 455 1940 493 um
1971 457 1984 493 :
2019 440 2146 510 quia
2177 440 2366 496 scissae
2393 448 2522 496 sunt
2557 442 2611 496 i-n
2637 442 2857 498 deserto
2887 458 3066 514 aquae,
3099 451 3152 500 et
3185 452 3399 501 torren-

99 538 209 592 καὶ
240 537 458 608 φάραγξ
507 541 566 591 ἐν
611 539 683 607 γῇ
722 532 932 604 διψώσῃ
953 550 967 563 ο
999 533 1094 586 καὶ
1117 534 1151 603 ή
1185 531 1411 603 ἄνυδρος
1447 531 1598 584 ἔσται
1629 534 1708 596 είς

97 629 231 701 ἕλη,
261 632 358 684 καὶ
394 633 472 694 είς
495 629 593 702 τὴν
620 627 862 697 διψῶσαν
887 624 994 695 γῆν
1026 624 1176 694 πηγὴ
1222 623 1430 678 ὑδάτων
1474 623 1646 678 ἕσται.
1684 643 1704 676 δ

113 722 252 777 Ἐπὶ
292 727 361 796 τῇ
405 722 499 778 τοῦ
551 720 688 776 Θεοῦ
733 719 1006 791 παρουσίᾳ
1035 718 1134 781 τὰς
1167 717 1507 789 παραδόξους
1539 718 1710 781 ἰάσεις

103 812 334 868 ἔσεσθαι
382 810 761 884 προαγορεύει.
789 808 984 877 Σαφῶς
1030 803 1122 860 οὖν
1163 807 1258 859 καὶ
1302 805 1488 859 ἐνθάδε
1517 808 1582 876 τῇ
1615 804 1709 857 τοῦ

104 905 251 960 Θεοῦ
289 905 634 978 προσηγορίᾳ
675 904 703 956 6
736 901 971 973 Χριστὸς
1007 899 1100 952 τοῦ
1136 899 1271 952 Θεοῦ
1299 899 1616 970 τετίμηταιο
1650 895 1710 954 οὗ

106 999 208 1053 ἐπὶ
231 1000 301 1070 τῇ
333 996 607 1068 παρουσίᾳ
634 995 729 1048 καὶ¹
755 991 1086 1064 σωματικῶς
1110 991 1209 1062 μὲν
1237 991 1294 1043 αἱ
1318 992 1711 1062 προειρημέναι

106 1093 408 1166 θεραπεῖαι
438 1089 531 1142 ἐπὶ
553 1087 664 1141 τῶν
697 1085 1016 1156 πασχόντων
1044 1080 1510 1150 ἀπετελέσθησαν,
1535 1082 1595 1151 (Γ.
1621 1082 1712 1154 5-1)

107 1182 567 1256 θαυμασιώτερον
597 1182 640 1234 δ’
663 1179 742 1232 ἔτι
775 1179 870 1231 καὶ
903 1176 1000 1230 νῦν
1030 1173 1380 1246 ἐνεργοῦνται
1403 1175 1490 1228 διὰ
1511 1175 1610 1245 τῆς
1633 1177 1714 1239 είς

107 1276 284 1329 αὐτὸν
334 1274 591 1336 πίστεως,
622 1263 824 1333 παντὸς
877 1266 1214 1332 ἁπαξαπλῶς
1242 1266 1337 1318 τοῦ
1368 1266 1474 1318 τῶν
1506 1265 1716 1337 ἀνθρὼ-

111 1385 237 1421 πων
257 1367 448 1436 γένους
476 1364 584 1418 τῶν
612 1363 753 1418 κατὰ
779 1361 958 1432 ψυχὴν
989 1359 1182 1413 παθῶν
1215 1359 1711 1428 ἁπαλλαττομένου.

123 1461 374 1533 Ἐῥρἀη
401 1459 458 1511 δέ
485 1458 542 1510 ἐν
558 1459 624 1527 τῇ
660 1456 851 1527 ἐρήμῳ
869 1453 1015 1524 ὕδωρ
1049 1451 1219 1522 ἐπὶξτῇ
1246 1450 1486 1522 ’Χριστοῦ
1511 1468 1716 1521 παρου-

112 1552 213 1623 σίᾳ
239 1551 338 1604 καὶ¹
379 1548 597 1621 φάραγξ
629 1549 686 1600 ἐν
735 1547 804 1616 γῇ
847 1543 1080 1616 διψώσῃ,
1111 1543 1205 1596 τοῦ
1235 1543 1464 1613 ποτίμου
1491 1543 1585 1596 καὶ
1610 1542 1716 1607 ζω-

110 1641 274 1696 τικοῦ
324 1643 484 1710 λόγου
530 1637 935 1708 ἀναϐλύσαντος
986 1637 1044 1688 ἐν
1093 1639 1157 1706 τῇ
1191 1635 1360 1688 πάλαι
1393 1636 1586 1706 ἐρήμῳ
1619 1635 1715 1688 καὶ

109 1733 330 1804 διψώσῃ
381 1735 472 1803 γῇ,
507 1734 574 1801 τῇ
607 1729 665 1796 ἐξ
692 1728 860 1780 ἐθνῶν
908 1727 1225 1797 Ἐκκλησία,
1263 1728 1320 1778 ἐν
1453 1725 1716 1798 πρότερον

110 1825 258 1898 οὔσῃ
292 1825 505 1895 ἀνύδρῳ
538 1823 633 1876 καὶ
660 1821 890 1891 διψαλέα
921 1819 1134 1890 ἀθρόως
1167 1819 1317 1890 πηγὴ
1344 1818 1439 1871 τοῦ
1469 1819 1577 1870 τῶν
1614 1819 1718 1890 Ἰη-

114 1917 218 1970 σοῦ
247 1917 422 1986 λόγων
452 1935 468 1962 σ
499 1914 691 1977 ὓδατος
725 1913 929 1978 ζῶντος
968 1911 1264 1982 ἁλλομένου
1307 1912 1385 1975 εἰς
1416 1911 1559 1982 ζωὴν
1588 1910 1718 1965 αἱώι

114 2027 236 2064 νιον
269 2029 288 2060 ι
321 2007 684 2079 ἀνώμϐρησεν
706 2023 720 2036 ·
749 2007 838 2075 ὑφ’
870 2001 937 2077 ἧς
969 2005 1152 2074 πηγῆς
1183 2000 1512 2074 ποτιζομένη
1553 1997 1720 2090 ἀνθήέ

114 2115 238 2153 σειν
265 2097 341 2161 ὼς
375 2095 560 2168 κρίνον
596 2095 814 2164 λέγεται
844 2097 877 2164 ή
906 2093 1037 2148 ποτὲ
1081 2094 1307 2165 ἔρημος,
1335 2093 1721 2165 εὐφραίνεσθαί

111 2206 181 2244 τε
214 2189 313 2242 καὶ
341 2188 606 2259 ἀγαλλιᾷν
657 2187 1085 2258 προστάττεταιο
1123 2186 1218 2262 καὶ
1269 2187 1302 2256 ή
1347 2186 1496 2240 αἰτία
1529 2179 1588 2238 δέ
1620 2186 1720 2256 τῆς

111 2280 464 2353 εὐφροσύνης
486 2279 582 2333 καὶ
609 2279 709 2349 τῆς
733 2279 1103 2347 ἀγαλλιάσεως
1127 2277 1716 2349 ἐπιλέγεται,ἐπείπερ,

115 2375 291 2444 φησὶν
329 2393 346 2424 ι
378 2372 532 2442 ἐδόθη
577 2372 715 2441 αὐτῇ
747 2373 778 2441 ἡ
814 2370 940 2437 δόξα
983 2368 1079 2423 τοῦ
1141 2368 1398 2432 Λιϐάνου,
1424 2389 1442 2419 ι
1473 2369 1718 2424 τουτέστι

114 2467 223 2536 τῆς
260 2463 642 2536 Ἰερουσαλήμ·
674 2462 805 2532 περὶ
833 2458 900 2534 ῆς
936 2463 992 2514 ἐν
1023 2463 1144 2524 ταῖς
1172 2460 1476 2533 ἀνωτέραις
1503 2478 1720 2533 προφη-

117 2560 299 2621 τείαις
333 2557 568 2626 ἐλέγετο,
591 2555 666 2618 ὡς
693 2555 825 2619 ὃτι,ι
851 2554 959 2606 Καὶ
991 2553 1018 2606 6
1051 2553 1282 2615 Λίϐανος
1312 2553 1408 2606 σὺν
1432 2555 1546 2615 τοῖς
1579 2552 1719 2624 ὕψη-

117 2651 236 2714 λοῖς
274 2652 538 2703 πεσεῖται.
567 2666 586 2699 ι
641 2638 716 2701 Οῦ
749 2646 1005 2708 πεσόντος
1032 2648 1064 2716 ἡ
1100 2645 1364 2716 πρότερον
1397 2645 1721 2715 ὑπάρχουσα

120 2745 183 2795 ὲν
215 2736 369 2812 αύτῷ
399 2740 526 2804 δόξα
569 2742 636 2811 τῇ
688 2736 784 2791 νῦν
831 2736 1294 2808 εὐαγγελιζομένῃ
1324 2737 1541 2807 ἐρήμῳ,
1566 2753 1718 2790 τουτ-

122 2835 244 2888 ἐστι
293 2837 360 2904 τῇ
410 2832 470 2896 ἐξ
507 2831 677 2884 ἐθνῶν
713 2829 1028 2900 Ἐκκλησία,
1071 2828 1225 2898 ἐδόθη
1263 2829 1359 2882 σὺν
1391 2831 1460 2897 τῇ
1487 2833 1621 2901 τιμῇ
1653 2833 1718 2901 τῇ

123 2925 373 2996 προτέρᾳ
406 2923 500 2977 τοῦ
541 2921 835 2993 λεγομένου
869 2920 1190 2991 Καρμήλου,
1221 2920 1380 2989 δῆλον
1422 2921 1466 2973 δ’
1501 2920 1584 2974 ὅτι
1625 2922 1719 2974 τοῦ

123 3015 397 3087 προτέρου
428 3013 579 3067 λαοῦ.
613 3013 800 3066 Ταῦτα
841 3011 898 3064 δὲ
935 3011 1122 3080 σαφῶς
1162 3010 1301 3081 μετά
1331 3011 1430 3082 τὴν
1459 3011 1554 3064 τοῦ
1583 3014 1720 3085 Χρι-

1811 538 1895 582 tes
1925 528 1980 582 in
2013 530 2328 585 solitudine.
2372 529 2440 582 Et
2487 546 2610 601 qua:
2657 539 2776 586 erat
2820 532 2974 586 arida
3025 533 3132 586 erit
3173 534 3230 587 in
3286 541 3402 588 sta-

1811 634 2000 690 gnum,
2036 627 2091 674 et
2123 621 2318 676 sitiens
2365 621 2421 674 in
2474 621 2656 678 fontes
2683 638 2950 691 aquarum
2979 624 3017 678 ί.
3060 643 3080 675 ›
3118 622 3216 679 Dei
3263 639 3403 694 prae-

1813 712 1990 767 sentia
2046 713 2404 769 admirabiles
2477 714 2594 771 fore
2647 717 2963 771 sanationes
3038 718 3421 812 praenuntiat.:

1811 800 2014 872 Aperte
2048 803 2217 874 igitur
2242 805 2332 858 hic
2368 820 2588 875 quoque
2632 803 2727 860 Dei
2761 805 3116 875 praedictione
3144 800 3416 870 Christus?

1817 893 1913 948 Dei
1943 895 2291 966 gloriﬁcatus
2321 907 2425 953 est.
2449 898 2621 967 Cujus
2648 900 2938 968 praesentia
2965 909 3019 954 et
3042 902 3405 978 corporaliter

1815 988 2033 1057 quidem
2060 988 2331 1059 prmdictze
2354 991 2668 1046 sanationes
2701 992 2756 1045 in
2782 992 3162 1048 laborantibus
3211 995 3406 1064 imple-

1816 1089 1884 1135 ιω
1905 1088 2056 1144 sunt,
2093 1083 2406 1139 mirabilius
2442 1100 2572 1138 vero
2603 1101 2750 1138 nunc
2780 1084 2965 1140 adhuc
2989 1096 3318 1142 exercentur
3347 1087 3404 1141 in

1816 1188 1941 1228 eum
1972 1174 2098 1239 ﬁde,
2126 1176 2275 1229 omni
2305 1176 2588 1231 hominum
2616 1193 2815 1249 genere
2835 1180 3051 1235 cunctis
3075 1180 3271 1235 animae
3295 1195 3407 1234 ma-

1819 1266 1889 1320 lis
1919 1266 2146 1334 penitus
2174 1267 2450 1321 exsoluto.
2489 1266 2690 1324 Scissa:
2735 1276 2864 1324 sunt
2894 1269 2950 1322 in
2991 1270 3212 1325 deserto
3250 1286 3407 1342 aqua;

1817 1354 2025 1410 Christi
2064 1358 2377 1425 prmsentia.
2420 1365 2476 1412 et
2530 1367 2804 1414 torrentes
2857 1360 2912 1414 in
2969 1368 3115 1415 terra
3161 1364 3404 1427 sitiente,

1819 1449 2054 1504 salutari
2110 1457 2164 1504 et
2217 1450 2534 1506 viviﬁcante
2564 1453 2734 1508 verbo
2763 1467 3080 1528 emergente
3126 1455 3181 1508 in
3222 1471 3406 1525 quon-

1819 1543 1944 1597 dam
1988 1543 2208 1598 deserta
2245 1551 2298 1598 et
2329 1545 2552 1600 sitiente
2580 1555 2750 1612 terra,
2778 1551 3022 1620 gentium
3065 1552 3272 1605 scilicet
3304 1548 3408 1603 Ec-

1822 1633 2012 1698 cle'sia,
2039 1634 2095 1688 in
2149 1650 2281 1704 qua,
2311 1652 2434 1690 cum
2473 1639 2605 1691 olim
2638 1639 2786 1695 sicca
2828 1647 2883 1696 et
2926 1640 3205 1696 sitibunda
3234 1649 3404 1703 esset,

1823 1723 2113 1780 aﬂuenter
2138 1726 2268 1782 Jesu
2301 1729 2589 1784 verborum
2623 1731 2744 1786 fons
2785 1751 2803 1782 ι
2845 1748 3003 1804 aqua:
3048 1735 3297 1789 salientis
3351 1735 3409 1789 in

1824 1818 1992 1872 vitam
2017 1827 2276 1875 aeternam
2303 1824 2324 1853 ²
2364 1841 2381 1874 ι
2410 1823 2660 1893 proﬂuet.
2693 1824 2816 1892 Quo
2850 1826 2998 1882 fonte
3044 1827 3287 1898 irrigata,
3312 1826 3410 1882 ﬂo-

1825 1919 2009 1966 rescet
2033 1920 2093 1966 ut
2116 1911 2314 1978 lilium,
2352 1916 2507 1986 prius
2537 1918 2750 1974 deserta
2774 1927 2944 1983 terra,
2975 1921 3207 1991 ideoque
3236 1922 3409 1977 laetari

1824 2008 1880 2055 et
1899 2002 2178 2058 exsultare
2202 2004 2447 2073 jubetur.
2477 2007 2657 2065 Causa
2690 2027 2820 2066 vero
2851 2013 3054 2067 laetitia:
3078 2021 3130 2068 et
3159 2015 3409 2069 exsulta—

1826 2092 1993 2146 tionis
2026 2093 2342 2164 subjicitur,
2378 2099 2662 2168 quoniam,
2699 2102 2796 2166 ait,
2823 2121 2840 2152 ι
2869 2103 2997 2157 data
3036 2112 3119 2159 est
3157 2105 3206 2160 ei
3238 2106 3411 2176 gloria

1826 2181 2044 2247 Libani,
2082 2203 2100 2236 ι
2136 2185 2189 2240 id
2222 2195 2308 2244 est
2337 2188 2678 2259 Jerusalem;
2712 2193 2779 2248 de
2810 2210 2916 2264 qua
2948 2195 3002 2248 in
3033 2198 3412 2267 superioribus

1827 2277 2132 2346 prophetiis
2163 2279 2372 2335 dictum
2429 2291 2534 2346 est,
2579 2303 2598 2334 ι
2637 2287 2702 2340 Et
2741 2285 2982 2342 Libanus
3011 2303 3137 2342 cum
3179 2290 3412 2346 excelsis

1829 2368 2007 2423 cadet.
2052 2389 2071 2420 ι
2110 2369 2231 2436 Quo
2265 2372 2551 2429 decidente
2599 2392 2722 2447 qua:
2772 2379 2927 2448 prius
2975 2379 3034 2434 ei-
3077 2388 3195 2434 erat
3237 2382 3413 2451 gloria

1827 2471 1976 2512 nunc
2009 2462 2398 2532 evangelizatas
2438 2465 2745 2530 solitudini,
2780 2471 3022 2539 gentium
3070 2471 3282 2526 scilicet
3312 2471 3415 2528 Ec-

1827 2553 2045 2620 clesiae,
2093 2556 2221 2611 data
2277 2568 2363 2615 est
2418 2575 2541 2614 cum
2594 2564 2831 2632 pristino
2896 2567 3130 2621 Carmeli
3190 2569 3415 2632 decore,

1828 2646 2049 2716 prioris,
2083 2656 2144 2702 ut
2177 2650 2365 2721 liquet,
2402 2654 2610 2723 populi.
2642 2654 2769 2710 Haec
2821 2665 3004 2712 autem
3055 2668 3241 2728 aperte
3289 2671 3416 2730 post

1831 2740 2038 2798 Christi
2065 2745 2360 2801 adventum
2393 2749 2571 2819 reipsa
2597 2753 2804 2805 exitum
2836 2752 3079 2808 habuere
3107 2769 3415 2825 congruen-

1829 2842 1937 2887 tem
1973 2850 2098 2889 cum
2135 2846 2404 2906 praesente
2433 2842 2744 2910 prophetia,
2787 2860 2909 2913 qua:
2950 2845 3126 2914 ipsius
3162 2844 3416 2900 Salvato-

1828 2926 1905 2980 ris
1939 2942 2074 2982 voce
2103 2929 2237 2983 dicit
2272 2950 2284 2984 :
2326 2950 2343 2981 ι
2384 2930 2706 2987 Elevabitur
2738 2949 2967 3005 regnum
3005 2935 3123 3002 Dei,
3157 2946 3212 2991 et
3258 2936 3415 2990 dabi-

1829 3025 1920 3072 tur
1947 3021 2093 3089 genti
2128 3021 2350 3077 facienti
2385 3024 2598 3079 fructus
2623 3027 2744 3094 ejus
2774 3027 2815 3082 ³.
2858 3047 2876 3078 ι

127 3111 258 3165 στοῦ
303 3110 609 3183 παρουσίαν
656 3107 836 3180 ἔργοις
864 3106 1016 3170 τέλος
1051 3106 1275 3177 εἴληφεν
1304 3106 1613 3172 ἀκολούθως
1645 3113 1711 3181 τῇ
1752 3128 1813 3164 τε
1860 3113 2000 3183 μετά
2039 3119 2228 3188 χεῖρας
2275 3119 2613 3191 προφητείᾳ,
2663 3121 2758 3174 καὶ¹
2801 3124 2868 3192 τῇ
2929 3121 3212 3194 φασκούσῃ
3250 3123 3419 3176 αὐτοῦ

123 3205 221 3258 τοῦ
252 3205 504 3275 Σωτῆρος
533 3201 689 3274 ήμῶν
720 3204 893 3272 φωνῇ,
921 3201 996 3264 ὡς
1053 3201 1160 3271 ἄρα
1194 3219 1212 3251 ι
1258 3201 1582 3273 Ἀρθήσεται
1613 3205 1647 3276 ή
1678 3204 1926 3275 βασιλεία
1957 3210 2052 3263 τοῦ
2097 3211 2255 3278 Θεοῦ,
2317 3216 2410 3268 καὶ
2457 3215 2745 3288 δοθήσεται
2787 3216 2932 3270 ἔθνει
2994 3218 3238 3271 ποιοῦντι
3291 3219 3420 3282 τοὺς

123 3299 378 3370 καρποὺς
411 3298 599 3368 αὐτῆς.
637 3317 656 3349 ι

657 3414 1053 3466 ΚΕΦΑΛΑΙΟΝ
1088 3416 1185 3467 IZ'.

209 3529 228 3558 ι
248 3510 404 3581 Φωνὴ
430 3510 660 3579 βοῶντος
682 3513 738 3564 ἐν
759 3513 826 3581 τῇ
851 3512 1042 3582 ἐρήμῳ
1058 3528 1070 3540 ·
1107 3510 1464 3581 Ἑτοιμάσατε
1487 3511 1586 3581 τὴν
1607 3511 1725 3565 ὁδὸν

130 3603 377 3674 Κυρίου·
416 3602 634 3667 εὐθείας
679 3607 883 3656 ποιεῖτε
918 3602 1017 3666 τὰς
1060 3603 1279 3674 τρίϐους
1327 3603 1529 3656 αὐτοῦ’
1577 3605 1728 3658 πᾶσα

133 3698 356 3771 φάραγξ
388 3699 830 3771 πληρωθήσεται,
860 3701 954 3753 καὶ
989 3701 1097 3753 πᾶν
1124 3699 1250 3771 ὅρος
1286 3701 1380 3752 καὶ
1415 3699 1602 3769 βουνὸς
1633 3717 1731 3754 τα-

133 3789 536 3860 πεινωθήσεται
555 3808 568 3820 ·
589 3792 682 3843 καὶ
706 3790 860 3845 ἐσται
891 3790 1069 3844 πάντα
1089 3790 1160 3842 τὰ
1191 3790 1378 3843 σκολιὰ
1406 3792 1486 3854 εἰς
1515 3789 1731 3843 εὐθεῖαν

132 3879 230 3932 καὶ
258 3882 292 3950 ή
328 3885 553 3952 τραχεῖα
587 3884 667 3946 είς
695 3882 880 3936 πεδίοιο
917 3883 1012 3934 καὶ
1043 3881 1340 3953 ὀφθήσεται
1391 3884 1424 3953 ή
1469 3882 1596 3950 δόξα
1621 3884 1732 3935 Κυ-

136 3969 275 4038 ρίου,
306 3971 400 4024 καὶ
443 3971 634 4041 ὄψεται
682 3975 834 4027 πᾶσα
866 3973 1002 4045 σὰρξ
1032 3975 1091 4028 τὸ
1126 3974 1412 4045 Σωτήριον
1440 3973 1535 4027 τοῦ
1569 3973 1729 4037 Θεοῦ,

133 4060 219 4111 ὃτι
253 4059 458 4130 Κύριος
502 4060 781 4132 ἐλάλησεν.
811 4063 909 4115 »⁸0
957 4061 1050 4115 τοῦ
1097 4062 1350 4132 Σωτῆρος
1402 4061 1560 4132 ήμῶν
1593 4063 1731 4134 πρό-

135 4149 336 4221 δρόμος
375 4151 624 4222 Ἰωάννης
664 4154 779 4216 τοῖς
822 4150 1178 4224 ἐπερωτῶσιν
1228 4150 1391 4204 αὐτὸν
1424 4152 1576 4214 ὅστις
1617 4151 1727 4222 εἴη,

139 4241 334 4310 φησίνο
376 4260 394 4292 ι
420 4240 561 4309 Ἐγὼ
586 4242 736 4314 φωνὴ
766 4242 997 4314 βοῶντος
1025 4245 1082 4296 ἐν
1109 4245 1173 4314 τῇ
1209 4243 1424 4315 ἐρήμῳ,
1456 4261 1475 4294 ι
1521 4243 1614 4296 καὶ
1664 4243 1735 4296 τὰ

138 4331 286 4402 ἑξῆς.
322 4331 526 4385 Τούτου
572 4333 637 4405 δὴ
684 4330 780 4388 οὖν
819 4334 978 4407 χάριν
1015 4332 1314 4404 ἐξεθέμεθα
1343 4334 1404 4386 τὸ
1437 4333 1734 4402 κεφάλαιον

139 4425 196 4475 ἐν
225 4426 342 4488 τοῖς
364 4423 494 4495 περὶ
521 4423 760 4495 Χριστοῦ
797 4425 1142 4496 μαρτυρίοις,
1172 4422 1440 4494 σύμϐολον
1473 4419 1611 4476 εἶναι
1642 4441 1732 4476 νο-

141 4513 394 4584 μίζοντες
447 4516 700 4587 Ἰωάννην
765 4515 858 4568 τοῦ
912 4513 1271 4570 ἀποστολικοῦ
1335 4514 1730 4586 κηρύγματος

135 4607 362 4678 τοιαύτη
391 4608 499 4680 γάρ
539 4609 622 4662 τοί
661 4611 810 4664 ἐστιν
840 4612 874 4681 ή
910 4612 968 4662 ἐν
992 4611 1057 4680 τῇ
1105 4609 1301 4679 ἐρήμῳ
1335 4607 1516 4678 βοῶσα
1559 4609 1733 4678 φωνὴ.

130 4701 352 4771 ἄσημός
389 4717 472 4763 τις
499 4696 655 4767 οὖσα,
677 4701 772 4755 καὶ
799 4700 1170 4772 ἀδιάρθρωτος
1202 4701 1315 4764 τοῖς
1339 4701 1466 4771 ἄρτι
1502 4717 1734 4771 στοιχει-

2321 3418 2326 3424 ’
2395 3425 2628 3482 CAPUT
2670 3427 2838 3482 XVII.

1904 3535 1922 3567 ι
1961 3515 2078 3571 Vox
2111 3517 2401 3574 clamantis
2440 3521 2496 3573 in
2531 3520 2754 3574 deserto
2788 3539 2800 3574 :
2835 3519 3036 3576 Parate
3063 3523 3208 3576 viam
3236 3523 3427 3578 Domi-

1830 3606 1962 3661 mini
1989 3625 2004 3673 ;
2033 3615 2214 3664 rectas
2257 3609 2425 3664 facile
2452 3611 2681 3667 semitas
2710 3610 2852 3681 ejus.
2898 3611 3092 3668 Omnis
3131 3616 3292 3670 vallis
3317 3617 3420 3670 im-

1831 3699 2091 3768 plebitur,
2117 3711 2171 3756 et
2203 3703 2386 3758 omnis
2415 3719 2577 3759 mons
2608 3713 2662 3758 et
2705 3705 2864 3761 collis
2897 3705 3283 3762 humiliabitur
3320 3728 3333 3763 :
3365 3716 3420 3764 et

1831 3799 1993 3846 erunt
2025 3809 2193 3863 prava
2225 3795 2280 3849 in
2313 3804 2519 3850 rectam
2544 3806 2597 3852 et
2624 3812 2820 3868 aspera
2846 3798 2901 3852 in
2946 3799 3064 3854 vias
3093 3800 3286 3868 planas
3320 3819 3332 3854 :
3364 3809 3420 3856 et

1831 3884 2109 3940 videbitur
2144 3887 2318 3957 gloria
2348 3887 2583 3944 Domini.
2624 3889 2690 3943 Et
2715 3891 2919 3945 videbit
2953 3893 3134 3947 omnis
3163 3909 3294 3947 caro
3319 3892 3425 3947 Sa-

1833 3975 2008 4030 lutare
2039 3975 2155 4040 Dei,
2193 3980 2454 4047 quoniam
2503 3979 2771 4037 Dominus
2811 3981 3030 4037 locutus
3061 3983 3205 4038 est‘.
3248 4005 3267 4036 ι
3305 3983 3422 4038 Sal.-

1832 4070 2040 4124 vatoris
2081 4072 2256 4126 nostri
2306 4087 2617 4141 prmeursor
2670 4073 2912 4131 Joannes
2951 4076 3424 4145 interrogantibus

1834 4173 1958 4213 eum
1981 4160 2106 4230 quis
2140 4170 2308 4228 esset,
2339 4165 2415 4216 ait
2441 4183 2453 4218 :
2493 4183 2511 4214 ι
2541 4164 2649 4234 Ego
2683 4180 2786 4219 vox
2820 4167 3113 4222 clamantis
3143 4168 3196 4221 in
3227 4168 3425 4224 deser-

1835 4261 1912 4313 to,
1947 4269 1966 4301 ι
2006 4260 2059 4304 et
2101 4267 2224 4321 quae
2268 4263 2596 4322 sequuntur.
2631 4253 2809 4324 Hujus
2835 4271 2967 4311 vero
3002 4258 3177 4328 gratia
3220 4261 3419 4328 praeci-

1835 4357 2001 4412 puum
2034 4342 2323 4398 retulimus
2357 4345 2412 4398 in
2442 4346 2781 4400 testimoniis
2801 4345 2870 4402 de
2911 4345 3157 4412 Christo,
3198 4350 3421 4420 symbo-

1837 4433 1947 4486 lum
1984 4449 2110 4488 esse
2141 4443 2456 4505 reputantes
2476 4435 2742 4492 Joannem
2787 4441 3106 4510 apostolica:
3155 4443 3417 4513 praedica-

1836 4525 2023 4580 tionis.
2059 4527 2208 4580 Talis
2233 4527 2379 4582 enim
2405 4535 2491 4583 est
2520 4529 2573 4582 in
2607 4529 2829 4583 deserto
2857 4530 3104 4586 clamans
3125 4549 3251 4596 vox,
3269 4533 3422 4604 igno-

1837 4621 1964 4677 bilis
2007 4622 2228 4691 quidem
2261 4627 2317 4675 et
2363 4622 2718 4676 inarticulata
2758 4623 2869 4680 illis
2907 4625 3001 4694 qui
3045 4626 3226 4680 adhuc
3255 4628 3422 4683 rudes

1836 4724 2013 4772 erant.
2046 4714 2107 4767 In
2138 4721 2286 4768 terra
2334 4715 2464 4768 olim
2514 4715 2754 4780 deserta,
2790 4719 3032 4787 gentium
3063 4719 3317 4775 videlicet
3364 4723 3422 4777 in

130 4792 388 4863 ουμένοις
409 4809 423 4823 °
461 4794 519 4846 ἐν
563 4796 630 4864 τῇ
682 4792 850 4848 πάλαι
880 4793 939 4847 δὲ
971 4794 1188 4864 ἐρήμῳ,
1218 4795 1284 4864 τῇ
1314 4792 1375 4856 ἐξ
1403 4791 1572 4846 ἐθνῶν
1609 4791 1731 4845 Ἑκ-

1861 4808 2108 4871 Ecclesia,
2133 4806 2259 4862 talis
2289 4822 2394 4863 vox
2423 4806 2565 4860 edita
2592 4822 2789 4877 parare
2812 4809 3040 4879 jubebat
3069 4811 3210 4865 viam
3241 4811 3420 4866 Domi-

133 4884 360 4956 κλησίᾳ,
397 4885 683 4956 ἡτοιαύτη
712 4885 980 4956 γενομένη
1021 4887 1172 4958 φωνὴ
1216 4887 1527 4958 ἑτοιμάζειν
1550 4904 1732 4958 παρα-

134 4973 424 5028 κελεύεται
468 4975 566 5048 τὴν
610 4975 727 5029 ὁδὸν
776 4976 1006 5047 Κυρίου,
1041 4979 1136 5030 καὶ
1177 4977 1246 5031 τά
1268 4977 1430 5048 ἐξῆς·
1459 4979 1606 5050 ἆπερ
1639 4979 1732 5033 ἐπὶ

136 5067 339 5139 σχολῆς
372 5060 416 5136 ᾧ
448 5068 598 5140 μέλει
633 5069 734 5141 τῆς
795 5069 1001 5123 τούτων
1029 5069 1284 5140 γνώσεως
1315 5071 1616 5143 ἐρευνήσας
1646 5071 1726 5124 ετ-

136 5177 317 5216 σεται.

671 5278 1068 5332 ΚΕΦΑΛΑῙΟΝ
1103 5279 1209 5332 III'.

223 5369 382 5422 «Ἐπ’
413 5369 540 5440 ὅρος
603 5368 806 5440 ὑψηλὸν
869 5369 1121 5439 ἀνάϐηθι,
1172 5371 1201 5422 6
1250 5369 1737 5440 εὐαγγελιζόμενος

137 5461 305 5525 Σιὼν,
324 5461 540 5533 ὖψωσον
571 5465 638 5534 τῇ
677 5462 822 5533 ἰσχύι
846 5463 945 5534 τὴν
974 5465 1160 5535 φωνήν
1197 5465 1358 5528 σου,ὁ
1386 5461 1736 5532 εὐαγγελιζό-

1841 4903 1917 4965 ni,
1973 4911 2029 4957 et
2073 4903 2284 4972 reliqua
2339 4920 2351 4956 :
2407 4901 2552 4971 quod
2609 4900 2774 4971 hujus
2832 4892 3078 4960 scientia:
3137 4905 3418 4962 studiosus

1838 4995 2016 5050 otiose
2045 5003 2301 5049 scrutans
2321 4993 2647 5063 comperiet.

2298 5275 2302 5279 “
2404 5269 2636 5326 CAPUT
2668 5269 2858 5325 XVIII.

1923 5385 1941 5418 ι
1978 5365 2154 5437 Super
2185 5372 2427 5420 montem
2463 5365 2744 5421 excelsum
2777 5363 3015 5418 ascende
3045 5372 3127 5426 tu,
3152 5365 3428 5435 quievan-

1840 5459 2044 5530 gelizas
2085 5459 2262 5514 Sion:
2303 5458 2486 5513 exalta
2520 5459 2576 5511 in
2626 5456 2952 5512 fortitudine
3009 5471 3198 5511 vocem
3247 5467 3421 5521 tuam,

141 5569 308 5624 μενος
344 5552 728 5623 Ἰερουσαλήμ·
787 5551 1060 5621 ύψώσατε,
1110 5552 1184 5623 μή
1233 5552 1520 5623 φοϐεῖσθεο
1580 5547 1731 5606 εἶπον

1861 5552 1932 5621 [ui
1983 5551 2326 5619 evangelizas
2371 5549 2726 5605 Jerusalem:
2770 5549 2975 5611 exalta,
3035 5549 3144 5602 noli
3202 5548 3422 5607 timere.

140 5647 266 5708 ταῖς
303 5643 521 5697 πόλεσιν
554 5643 724 5698 Ἰούδα
744 5662 757 5674 ο
801 5644 930 5697 ’ἰδοὺ
964 5645 992 5696 6
1024 5642 1157 5708 θεὸς
1183 5645 1212 5697 ὑ
1223 5644 1361 5715 μῶν,
1396 5644 1602 5716 Κύριος
1623 5645 1736 5696 Κύ-

231 5796 376 5855 'Isa.
410 5816 553 5855 xxxv
603 5800 711 5854 1-7.
789 5797 987 5853 'Joan.
1019 5814 1094 5864 IV,
1124 5799 1212 5854 Η.
1291 5799 1312 5831 ⁸
1341 5798 1528 5854 Matth.
1573 5815 1691 5866 ut,
1729 5797 1817 5856 43.

1841 5642 1962 5697 Dixi
1993 5643 2310 5698 civitatibus
2338 5642 2478 5697 Iuda
2507 5662 2519 5697 :
2563 5641 2701 5698 Ecce
2730 5641 2874 5697 Deus
2901 5651 3085 5697 vester
3124 5662 3135 5696 :
3161 5657 3290 5698 ecce
3317 5642 3425 5698 Do-

1897 5799 1918 5830 ⁸
1934 5799 2038 5856 Isn.
2083 5815 2169 5865 χιι,
2197 5800 2305 5855 5-5.
