3856 6226
399 327 532 386 1225

1110 333 1379 420 EU.SEBII
1414 331 1900 388 CESARIENSIS
1929 331 2085 389 OPP.
2108 329 2292 388 PARS
2324 333 2413 390 Ill.
2437 366 2507 376 —
2536 332 2950 392 EXEGETICA.

3534 342 3674 398 ιιι-ιι

406 449 584 502 minus
640 447 786 505 Deus
835 451 892 505 in
955 449 1279 506 fortitudine
1338 453 1538 515 veniet,
1601 461 1655 506 et
1702 451 1965 505 brachiun

2094 468 2206 522 ριος
2243 451 2384 522 μετὰ
2418 451 2599 523 ἰσχύος
2635 452 2853 525 ἔρχεται
2875 472 2886 482 ·
2919 453 3013 506 καὶ
3045 455 3074 506 6
3107 452 3345 524 βραχίων
3380 454 3551 508 αὑτοῦ
3581 473 3684 525 με-

395 540 522 610 ejus
572 541 949 596 dominabitur
987 563 999 597 :
1044 559 1172 598 ecce
1209 560 1420 598 merces
1459 545 1578 612 ejus
1627 559 1750 597 cum
1805 558 1889 605 eo,
1929 551 1983 597 et

396 647 536 702 opus
569 633 716 688 illius
772 649 955 688 coram
983 636 1094 688 illo.
1132 634 1286 690 Sicut
1328 646 1513 705 pastor
1549 649 1762 706 gregem
1822 650 1981 689 suum

404 733 620 792 pascet:
656 726 711 779 in
772 726 998 780 brachio
1033 743 1134 781 suo
1179 728 1534 797 congregabit
1575 742 1765 795 agnos,
1827 732 1880 777 et
1927 725 1980 778 in

403 817 522 871 sinu
551 834 651 871 suo
687 819 912 880 levabit,
945 819 1086 874 fetas
1119 821 1235 890 ipse
1276 821 1581 890 portabit‘.
1627 837 1645 870 ›
1692 817 1816 872 Haec
1844 833 1982 889 quo-

403 924 504 979 que
544 912 929 966 existimamus
977 913 1044 966 de
1097 911 1258 966 Verbi
1308 910 1403 966 Dei
1463 912 1700 966 adventu
1755 911 1884 974 dici,
1928 917 1981 965 et

401 1002 699 1068 prmsertim
741 1001 808 1054 de
853 1003 1116 1062 secundo,
1155 1003 1210 1056 in
1259 1017 1368 1071 quo
1404 1003 1550 1055 velut
1584 1002 1770 1069 justus
1812 1002 1980 1070 judex

400 1100 662 1143 venturus
697 1091 1112 1160 preplielizatur
1157 1092 1462 1146 mercedem
1515 1092 1724 1146 habens
1774 1091 1980 1161 justam

398 1182 696 1252 unicuique
731 1184 1031 1236 secundum
1067 1199 1232 1254 opera
1259 1199 1378 1237 sua.
1417 1183 1647 1254 Reliqua
1680 1200 1809 1239 vero
1834 1199 1979 1238 nunc

397 1289 667 1343 exponere
703 1290 810 1326 non
850 1283 1064 1343 tempus
1109 1282 1224 1338 est;
1257 1289 1428 1342 quare
1482 1275 1646 1328 aliam
1693 1274 1978 1345 aggredia-

395 1378 520 1416 mur
545 1363 892 1432 particulam.

972 1554 1204 1610 CAPUT
1239 1553 1384 1608 XIX.

472 1663 492 1696 ι
541 1643 677 1711 Quis
741 1645 1028 1700 suscitavit
1080 1646 1148 1698 ab
1194 1643 1418 1700 Oriente
1463 1644 1698 1715 justum,
1756 1645 1977 1699 vocavit

395 1751 519 1790 eum
545 1746 942 1806 utsequeretur
973 1736 1063 1791 se?
1089 1735 1242 1789 dabit
1277 1738 1330 1788 in
1363 1744 1662 1808 conspectu
1693 1735 1815 1804 ejus
1843 1752 1976 1806 gen-

2084 543 2154 596 τὰ
2188 544 2409 614 κυρίαςο
2439 544 2549 598 ἰδοὺ
2600 547 2629 597 6
2671 545 2860 616 μισθὸς
2892 545 3057 598 αὑτοῦ
3105 547 3223 614 μετ’
3256 546 3458 599 αὑτοῦο
3493 548 3594 600 καὶ⁵
3623 548 3685 602 τὸ

2086 634 2244 704 ἔργον
2293 623 2534 689 ἐναντίον
2585 635 2750 688 αὑτοῦ
2771 654 2784 665 ·
2817 638 2893 698 ὡς
2923 637 3126 706 ποιμὴν
3173 640 3429 708 ποιμανεῖ
3467 639 3534 692 τό
3561 641 3684 694 ποί-

2088 741 2240 794 μνιον
2274 723 2460 788 αὑτοῦ,
2487 726 2580 778 καὶ
2607 724 2685 794 τῷ
2720 725 2964 796 βραχίονι
3007 724 3172 778 αὑτοῦ
3217 727 3436 791 συνάξει
3490 730 3684 798 ἄρνας,

2085 817 2176 869 καὶ
2200 817 2258 869 ἐν
2294 817 2493 888 γαστρὶ
2519 817 2745 886 ἐχούσας
2782 817 3168 888 παρακαλέσει.
3206 837 3224 869 ι
3257 820 3369 872 Καὶ
3399 819 3579 872 ταῦτα
3613 839 3688 874 νο-

2087 909 2315 981 μίζομεν
2345 911 2472 982 περὶ
2507 911 2605 982 τῆς
2630 910 2725 963 τοῦ
2765 911 2938 980 Λόγου
2969 911 3061 964 τοῦ
3101 911 3236 964 Θεοῦ
3265 912 3578 981 παρουσίας
3606 912 3688 964 λέο

2082 1002 2294 1071 γεσθαι,
2322 1002 2416 1054 καὶ
2449 1001 2590 1071 τάχα
2623 1018 2687 1070 γε
2719 1001 2917 1072 μᾶλλον
2949 1001 3076 1072 περὶ
3106 1001 3208 1070 τῆς
3238 1000 3528 1071 δευτέρας,
3553 998 3679 1054 καθ’

2079 1093 2146 1163 ἢν
2175 1090 2262 1146 οἷα
2291 1093 2355 1164 δὴ
2387 1091 2591 1155 δίκαιος
2628 1089 2820 1162 κριτὴς
2849 1088 2999 1159 ἥξειν
3032 1090 3455 1160 προφητεύεται,
3480 1091 3574 1143 τὸν
3597 1107 3685 1160 μι-

2083 1179 2206 1232 σθὸν
2235 1180 2372 1250 ἔχων
2401 1180 2509 1232 τῶν
2533 1181 2652 1231 κατ’
2683 1178 2840 1242 ἀξίαν
2873 1180 3088 1248 ἑκάστῳ
3123 1180 3141 1249 (
3160 1180 3197 1232 f.
3232 1179 3295 1232 51
3334 1184 3424 1246 νο)
3471 1197 3685 1252 πεπρα-

2080 1270 2296 1340 γμένων
2347 1271 2788 1341 ἀπονεμητικόνο
2841 1272 2908 1323 τά
2963 1271 3216 1341 μέντοιγε
3271 1271 3433 1324 λοιπά
3467 1273 3571 1325 οὑκ
3601 1275 3685 1326 ἐτι

2079 1359 2174 1413 νῦν
2201 1360 2392 1432 καιρὸς
2424 1361 2648 1413 ἀπαιτεῖ
2687 1359 3024 1431 διηγεῖσθαι·
3051 1361 3174 1413 ὅθεν
3203 1363 3288 1430 ἐφ’
3316 1347 3516 1434 ἑτέραν
3549 1380 3684 1434 τρα-

2080 1451 2370 1521 πησόμεθα
2400 1453 2730 1523 περικοπὴν.

2572 1564 2969 1617 ΚΕΦΑΛΑΙΟΝ
3006 1561 3106 1618 16⁵.

2155 1673 2174 1705 ι
2206 1655 2303 1716 Τίς
2327 1654 2608 1726 ἐξήγειρεν
2639 1655 2747 1710 ἀπὸ
2772 1656 3040 1726 ἀνατολῆς
3068 1642 3438 1726 δικαιοσύνην,
3482 1658 3678 1713 ἐκάλε-

2080 1762 2172 1798 σεν
2205 1747 2374 1818 αὑτὴν
2402 1745 2544 1800 κατά
2579 1747 2747 1810 πόδας
2768 1747 2956 1812 αὑτοῦ,
2985 1749 3077 1801 καὶ
3099 1750 3429 1820 πορεύσεται
3453 1767 3468 1815 ;
3501 1751 3677 1805 Δὼσει

396 1836 501 1894 tes,
534 1836 587 1882 et
609 1845 762 1898 reges
790 1828 1058 1883 obtinebit
1093 1847 1106 1882 :
1143 1829 1296 1882 dabit
1335 1829 1493 1898 quasi
1543 1829 1825 1898 pulverem
1859 1828 1965 1896 glas

2079 1838 2318 1891 ἐναντίον
2348 1838 2536 1900 ἐθνῶν,
2573 1840 2665 1892 καὶ
2700 1839 2936 1909 βασιλεῖς
2964 1843 3219 1911 ἐκστήσει
3239 1858 3252 1869 ·
3276 1843 3371 1895 καὶ
3402 1841 3568 1896 δώσει
3597 1847 3679 1907 εἰς

391 1921 483 1974 dio
523 1921 664 1990 ejus,
703 1922 847 1975 sicut
879 1922 1137 1990 stipulam
1174 1929 1336 1975 vento
1368 1931 1579 1990 raptam
1634 1921 1786 1973 arcui
1829 1921 1971 1988 ejus.

389 2007 757 2086 Persequetur
785 2027 903 2073 eos,
937 2013 1196 2066 transibit
1231 2013 1286 2065 in
1316 2026 1469 2080 pace,
1506 2011 1702 2065 semita
1732 2011 1787 2064 in
1821 2009 1975 2080 pedi-

390 2103 493 2159 bus
529 2104 650 2174 ejus
682 2119 788 2158 non
823 2105 1130 2174 apparebit.
1161 2103 1296 2170 Quis
1321 2104 1435 2157 haec
1483 2111 1746 2173 Operatus
1778 2109 1885 2165 est,
1920 2111 1974 2157 et

389 2195 539 2256 fecit,
572 2211 782 2250 vocans
810 2197 1195 2266 generationes
1228 2197 1296 2248 ab
1333 2193 1596 2248 exordio?
1636 2193 1748 2264 Ego
1783 2193 1971 2247 Domi-‘-

388 2304 515 2350 nus,
548 2289 759 2358 primus
792 2298 844 2342 et
868 2289 1205 2342 novissimus
1230 2303 1333 2358 ego
1359 2302 1500 2340 sum.
1527 2285 1796 2340 Viderunt
1828 2287 1969 2341 insu~

389 2379 453 2432 lae
491 2389 542 2432 et
577 2381 898 2443 timuerunt,
930 2385 1173 2434 extrema
1204 2386 1365 2432 terra:
1415 2379 1838 2447 obstupuerunt,
1871 2392 1972 2447 ap-

386 2473 914 2538 propinquaverunt,
983 2476 1040 2522 et
1115 2479 1493 2524 accesserunt.
1581 2467 1970 2538 Unusquisque

387 2562 636 2631 proximo
690 2578 791 2616 suo
861 2562 1262 2623 auxiliabitur.
1315 2573 1372 2616 et
1405 2561 1563 2616 fratri
1615 2577 1716 2616 suo
1767 2562 1965 2615 (licet:

383 2651 730 2709 Confortare.
768 2652 1114 2707 Confortavit
1162 2653 1317 2708 faber
1363 2654 1592 2707 aararius
1654 2651 1969 2721 percutiens

383 2743 581 2798 malleo
644 2759 808 2805 eum.
871 2745 966 2812 qui
1026 2743 1263 2799 cudebat
1336 2751 1468 2797 tunc
1534 2743 1834 2812 temporis,
1881 2743 1962 2797 di-

382 2848 514 2888 cens
539 2853 550 2887 :
577 2833 802 2889 Glutino
825 2836 1029 2889 bonum
1055 2847 1137 2891 est
1165 2853 1180 2896 ;
1215 2834 1624 2890 etconfortavit
1654 2850 1778 2888 eum
1797 2835 1968 2890 clavis

383 2930 442 2976 ut
489 2939 600 2976 non
651 2925 1027 2978 moveretur”.
1066 2943 1083 2976 ι
1128 2922 1351 2978 Justitia
1399 2924 1467 2976 ab
1520 2923 1740 2977 Oriente
1777 2932 1966 2977 exorta

380 3030 632 3086 quenam
676 3023 823 3071 esset
857 3018 1160 3071 secundum
1198 3017 1453 3070 essentia:
1490 3015 1964 3084 circumscriptio-

381 3123 506 3162 nem
541 3108 816 3178 propriam
860 3109 1225 3162 substantiam
1280 3107 1508 3171 habens,
1563 3106 1670 3160 nisi
1711 3105 1966 3160 Christus
1995 3146 2035 3204 Ο

385 3199 499 3263 Dei,
530 3200 599 3255 de
630 3215 740 3270 quo
769 3199 903 3253 dicit
932 3201 1228 3270 Apostolus
1256 3219 1268 3254 :
1299 3218 1316 3250 ι
1351 3200 1454 3266 Qui
1488 3198 1666 3253 factus
1692 3206 1776 3254 est
1809 3199 1967 3254 nobis

381 3292 652 3362 sapientia
689 3307 718 3344 a
750 3291 884 3356 Deo,
915 3301 969 3345 et
1005 3292 1245 3360 justitia,
1282 3300 1336 3345 et
1370 3290 1760 3354 sanctificatio,
1791 3299 1845 3346 el
1875 3307 1967 3346 re-

379 3386 622 3456 demptio
646 3386 706 3440 '?
734 3406 754 3437 ›
787 3385 945 3440 Hunc
969 3394 1152 3440 autem
1184 3401 1214 3440 e
1245 3386 1426 3456 patrio
1448 3386 1598 3448 sinu,
1625 3399 1750 3438 cum
1781 3385 1968 3439 oriens

382 3478 457 3532 sit
495 3493 658 3532 omne
703 3479 992 3548 spirituale
1030 3479 1236 3541 lumen,
1299 3479 1414 3532 sive
1476 3492 1572 3546 per
1629 3476 1965 3530 incarnatio-

379 3583 504 3625 nem
553 3569 834 3634 excitavit,
883 3570 1247 3639 providentia,
1299 3571 1416 3626 sive
1467 3572 1584 3640 ipse
1633 3569 1816 3634 Pater;
1871 3568 1965 3638 qui

380 3660 529 3715 dedit
565 3675 690 3714 eum
737 3660 794 3713 in
841 3669 1140 3729 conspectu
1175 3659 1458 3730 gentium;
1512 3667 1572 3713 ut
1609 3659 1825 3730 pristini
1871 3673 1967 3713 eo-

379 3769 502 3808 rum
539 3767 694 3823 reges
724 3753 1049 3817 invisibiles,
1091 3759 1391 3821 potestates
1437 3753 1649 3807 scilicet
1687 3751 1965 3823 nequissi-

380 3861 504 3911 mae,
537 3846 605 3900 ad
637 3846 889 3900 miraculi
925 3845 1234 3916 prodigium
1267 3845 1742 3914 obstupescerent,
1775 3843 1963 3900 viden-

377 3945 461 3992 tes
487 3939 649 3992 talem
687 3939 778 3992 Dei
812 3937 1010 3992 Filium
1044 3954 1220 4007 neque
1251 3937 1481 3992 formam
1513 3952 1689 4007 neque
1718 3937 1963 4007 pulchri-

377 4031 622 4084 tudinem
669 4030 1002 4097 habentem;
1033 4039 1200 4101 utque
1223 4039 1446 4100 stupore
1469 4030 1562 4084 illo
1589 4030 1640 4083 in
1681 4031 1960 4098 pulverem

376 4130 662 4176 vertantur
695 4138 885 4178 eorum
927 4123 1117 4194 gladii,
1159 4132 1212 4179 et
1243 4125 1386 4178 sicut
1429 4124 1644 4193 stipulae
1679 4129 1842 4176 vento
1873 4138 1962 4176 ra-

378 4221 485 4283 pta:
524 4213 657 4267 ﬁant
708 4229 873 4269 arcus
902 4230 1114 4276 eorum,
1173 4203 1425 4284 neejam
1466 4214 1686 4268 hostilia
1734 4215 1844 4269 sint
1880 4213 1960 4268 eis

376 4321 549 4369 arma,
586 4306 825 4376 ignitave
856 4307 984 4369 tela,
1013 4307 1216 4376 quibus
1243 4307 1374 4360 olim
1411 4307 1517 4362 sibi
1553 4306 1820 4361 obnoxias
1847 4306 1963 4358 ani-

376 4416 493 4456 mas
543 4400 905 4456 lacessebant.
961 4399 1093 4454 Post
1136 4398 1253 4454 haec
1281 4399 1394 4462 ait,
1445 4419 1464 4449 ι
1498 4398 1562 4452 Ει
1595 4407 1959 4468 persequetur

2077 1919 2182 1997 γῆν
2203 1927 2300 1990 τάς
2329 1929 2602 2000 μαχαίρας
2624 1931 2824 1991 αὑτῶν,
2850 1933 2944 1985 καὶ
2965 1931 3097 1984 ὡσεὶ
3114 1933 3365 2003 φρύγανα
3387 1934 3676 2004 ἐξωσμένα

2075 2017 2144 2068 τά
2171 2017 2301 2083 τόξα
2327 2017 2538 2070 αὑτῶν·
2576 2020 2668 2072 καὶ
2700 2020 2948 2085 διώξεται
2981 2022 3181 2086 αὑτούς
3200 2039 3212 2052 ·
3251 2023 3591 2078 διελεύσεται
3617 2029 3677 2079 ἐν

2076 2109 2268 2180 εἰρήνῃ
2300 2112 2331 2180 ή
2362 2112 2479 2174 ὁδὸς
2511 2112 2619 2163 τῶν
2644 2112 2820 2164 ποδῶν
2851 2109 3045 2166 αὑτοῦδ
3075 2115 3172 2184 οὑχ
3200 2114 3321 2185 ἥξει
3345 2133 3360 2146 ·
3393 2117 3481 2179 τίς
3511 2119 3676 2190 ἐνήρ-

2075 2216 2213 2269 γησε
2262 2203 2355 2254 καὶ
2384 2202 2610 2273 ἐποίησε
2637 2202 2846 2266 ταῦτα;
2888 2199 3175 2256 Ἑκάλεσεν
3218 2205 3391 2277 αὑτὴν
3424 2209 3454 2260 6
3487 2209 3676 2262 καλῶν

2074 2292 2243 2362 αὑτὴν
2275 2292 2383 2346 ἀπὸ
2411 2293 2613 2360 γενεῶν
2640 2293 2834 2364 ἀρχῆςέ
2868 2294 3010 2362 Ἐγὼ
3040 2295 3170 2359 Θεὸς
3198 2296 3437 2367 πρῶτος,
3463 2300 3564 2351 καὶ
3595 2302 3675 2364 εἰς

2074 2383 2142 2436 τὰ
2170 2384 2514 2455 ἐπερχόμενα
2549 2385 2660 2454 ἐγώ
2690 2388 2829 2456 εἰμι.
2857 2385 3086 2440 Είδοσαν
3124 2387 3251 2459 ἔθνη
3285 2390 3381 2442 καί
3403 2391 3675 2460 ἐφοδήθη-

2076 2487 2175 2529 σαν
2195 2493 2208 2506 ο
2244 2476 2312 2530 τά
2339 2477 2482 2548 ἄκρα
2509 2477 2610 2547 τῆς
2649 2478 2753 2548 γῆς
2780 2478 3188 2550 ἐξεπλάγησαν
3217 2482 3477 2550 ήγγισαν,
3506 2479 3672 2554 ἦλθον

2074 2567 2189 2636 ἅμα
2211 2568 2410 2639 κρίνων
2431 2570 2661 2633 ἕκαστος
2693 2569 2770 2642 τῷ
2798 2572 3043 2644 πλησίον,
3068 2575 3160 2626 καὶ
3190 2574 3267 2644 τῷ
3290 2574 3512 2644 ἀδελφῷ
3539 2575 3667 2646 βοη-

2073 2657 2236 2728 θῆσαι
2256 2677 2268 2690 ·
2289 2660 2380 2713 καὶ
2406 2662 2541 2732 ἐρεῖ,
2552 2662 2800 2732 Ἴσχυσεν
2828 2662 2966 2734 ἀνὴρ
2986 2665 3190 2717 τέκτων
3213 2682 3225 2694 ·
3253 2665 3346 2718 καὶ
3374 2667 3520 2738 ἀνὴρ
3541 2669 3668 2739 χαλ-

2072 2753 2200 2814 κεὺς
2230 2751 2450 2806 τύπτων
2489 2755 2724 2825 σφῦραν,
2746 2755 2860 2825 ἅμα
2904 2756 3143 2810 ἐλαύνων
3164 2773 3177 2786 ·
3211 2759 3342 2810 ποτὲ
3377 2759 3483 2828 μὲν
3516 2763 3667 2831 ἐρεῖο

2071 2844 2376 2916 Σύμὸλημα
2405 2845 2566 2899 καλόν
2590 2849 2757 2911 ἐστιν,
2788 2847 3093 2918 ἱσχύρωσαν
3115 2849 3253 2902 αὑτά
3277 2851 3334 2902 ἐν
3367 2850 3542 2920 ἥλοις,
3569 2851 3667 2922 θή-

2072 2952 2254 2989 σουσιν
2283 2936 2444 3003 αὑτὰ,
2497 2938 2592 2990 καὶ
2617 2939 2679 2990 οὑ
2727 2938 3100 3008 κινηθήσεται.
3129 2959 3149 2991 ι
3183 2940 3512 3011 Δικαιοσύνη
3554 2942 3665 2994 ἀπὺ

2070 3028 2340 3082 ἀνατολῶν
2371 3028 2755 3102 ἐξεγειρομένη
2789 3031 2873 3094 τίς
2915 3031 2980 3084 ἂν
3016 3032 3101 3102 εἴη
3141 3032 3281 3085 κατὰ
3309 3035 3667 3106 περιγραφὴν

2069 3120 2276 3185 οὑσίας,
2320 3120 2456 3174 ἰδίαν
2507 3121 2804 3176 ὑπόστασιν
2855 3121 3073 3192 ἔχουσα,
3120 3123 3152 3194 ἢ
3203 3126 3232 3177 6
3277 3126 3520 3196 Χριστὸς
3572 3126 3666 3179 τοῦ

2069 3211 2226 3278 Θεοῦ,
2257 3214 2386 3285 περὶ
2407 3207 2467 3267 οῦ
2492 3231 2656 3284 φησιν
2677 3217 2706 3268 6
2729 3215 3078 3278 Ἀπόστολοςο
3108 3235 3126 3266 ι
3144 3217 3240 3280 Ὃς
3263 3218 3498 3290 ἐγενήθη
3531 3220 3666 3290 ἡμῖν

2071 3306 2232 3374 σοφία
2257 3306 2365 3360 ἀπὸ
2393 3305 2550 3370 Θεοῦ,
2570 3306 2884 3379 δικαιοσύνη
2906 3325 2966 3360 τε
2983 3308 3395 3380 καὶςάγιασμὸς,
3416 3311 3513 3363 καὶ
3533 3312 3664 3366 ἀπο-

2067 3393 2368 3466 λύτρωσις
2409 3414 2426 3444 ι
2467 3393 2666 3448 Τοῦτον
2717 3396 2773 3449 δὲ
2826 3398 2890 3448 ἐκ
2933 3390 3044 3450 τῶν
3080 3398 3363 3469 πατρικῶν
3415 3401 3658 3464 κόλπων,

2067 3486 2269 3549 παντὸς
2299 3487 2492 3556 νοητοῦ
2522 3487 2700 3555 φωτὸς
2727 3487 3001 3541 ἀνατολῶν
3036 3490 3413 3561 ὑπαρχόντων,
3448 3494 3484 3562 ὴ
3517 3493 3662 3546 κατά

2065 3575 2164 3646 τὴν
2190 3575 2599 3649 ἐνανθρώπησιν
2627 3577 2911 3649 ἐξήγειρεν
2930 3579 3229 3650 οἰκονομία,
3257 3581 3290 3650 ἢ
3315 3582 3413 3633 καὶ
3440 3582 3609 3645 αὑτὸς
3631 3584 3659 3633 6

2067 3666 2279 3738 Πατὴρ,
2319 3669 2348 3719 6
2385 3666 2510 3730 δοὺς
2540 3667 2703 3720 αὑτὸν
2733 3668 2974 3722 ἐναντίον
3006 3668 3113 3722 τῶν
3141 3669 3340 3723 ἐθνῶν·
3380 3671 3447 3724 ἵν’
3478 3673 3528 3724 οἰ
3558 3673 3659 3743 μὲν

2065 3754 2230 3826 πρότε
2239 3772 2320 3827 ροι
2340 3755 2576 3825 βασιλεῖς
2591 3756 2770 3810 αὑτῶν
2790 3757 3029 3829 ἀόρατοι,
3045 3757 3301 3829 δυνάμεις
3312 3755 3467 3814 οὖσαι
3481 3778 3658 3832 πονη-

2067 3848 2177 3916 ραὶ,
2195 3846 2479 3916 ἐξιστῶσιν
2497 3847 2606 3900 ἀπὸ
2620 3847 2714 3900 τοῦ
2733 3849 3036 3919 παραδόξου
3050 3849 3151 3919 τῆς
3162 3852 3504 3921 οἰκονομίας,
3518 3853 3659 3921 ὁρῶ-

2065 3955 2154 3991 σαι
2183 3939 2273 3992 τὸν
2303 3937 2621 4011 τηλικοῦτον
2635 3939 2763 3992 Υίὸν
2789 3939 2882 3993 τοῦ
2894 3940 3030 3994 Θεοῦ
3054 3943 3129 4014 μὴ
3149 3941 3338 4012 ἔχοντα
3355 3938 3499 4006 εἶδος
3519 3945 3658 4014 μηδὲ

2064 4027 2286 4092 κάλλοςο
2306 4029 2401 4082 καλ⁵
2417 4029 2504 4082 ἵνα
2527 4029 2662 4100 μετά
2684 4029 2891 4082 τοιάνδε
2915 4029 3173 4084 ἔκστασιν
3195 4030 3422 4084 δοθῶσιν
3444 4034 3530 4095 εἰς
3552 4033 3656 4102 γῆν

2061 4121 2118 4172 αἱ
2143 4122 2406 4191 ρομφαϊαι
2433 4121 2631 4186 αὑτῶν,
2649 4121 2742 4175 καὶ
2760 4121 2835 4184 ὡς
2851 4121 3406 4193 φρύγαναξέξωσμένα
3434 4123 3506 4177 τὰ
3525 4124 3658 4189 τόξα

2061 4211 2261 4278 αὑτῶν,
2295 4213 2432 4284 πρὸς
2458 4213 2519 4267 τὸ
2549 4214 2623 4285 μὴ
2671 4214 2919 4284 κατέχειν
2955 4215 3152 4278 αὑτοὺς
3195 4214 3335 4267 ὅπλα
3376 4215 3656 4286 πολεμικὰ

2061 4305 2155 4359 καὶ
2195 4305 2568 4378 πεπυρωμένα
2613 4305 2766 4376 βέλη,
2811 4305 2878 4358 δι’
2911 4298 2985 4359 ὧν
3028 4306 3294 4378 πρότερον
3344 4308 3653 4360 κατεπολέ-

2065 4415 2199 4470 μουν
2247 4398 2346 4461 τὰς
2401 4398 2749 4469 ὑποχειρίους
2791 4397 2972 4461 αὑτοῖς
3020 4397 3220 4468 ψυχάς.
3268 4397 3426 4451 Μετὰ
3477 4398 3657 4453 ταῦτά

375 4508 490 4557 eos,
519 4511 538 4544 ›
573 4503 631 4546 ιιι
663 4493 812 4546 omni
852 4492 1083 4546 telorum
1118 4505 1317 4560 genere
1357 4491 1430 4543 ita
1473 4497 1797 4558 persecutus
1834 4505 1950 4554 eos,

2067 4505 2213 4559 φησι,
2255 4507 2274 4541 ι
2313 4490 2422 4542 Καὶ
2465 4488 2715 4554 διώξεται
2743 4490 2968 4554 αὑτούς*
3011 4511 3028 4540 ι
3079 4491 3142 4542 ἵν’
3172 4488 3369 4554 οὑτως.
3405 4491 3552 4544 κατά
3592 4491 3652 4543 τὸ

376 4583 634 4653 procedat
669 4584 722 4636 in
752 4598 884 4652 pace
913 4583 1056 4636 viam
1092 4582 1289 4652 pedum
1319 4597 1566 4636 suorum.
1619 4599 1636 4630 ι
1671 4580 1808 4647 Quis
1839 4582 1954 4636 haec

375 4685 633 4746 operatus
661 4683 746 4730 est
780 4683 834 4730 et
867 4673 1033 4728 fecit?
1059 4693 1078 4725 ι
1115 4673 1212 4729 ait.
1247 4673 1640 4727 Existimamus
1677 4674 1823 4742 quod
1853 4689 1953 4728 ex-

375 4766 626 4822 cellentia
660 4773 716 4820 et
760 4765 1068 4835 benignitas
1108 4764 1353 4818 omnium
1404 4763 1498 4818 Dei
1527 4766 1778 4819 vocantis
1809 4779 1952 4830 eam,

375 4856 637 4924 justitiam
669 4857 940 4921 videlicet,
987 4872 1096 4912 non
1150 4856 1311 4910 aliam
1353 4871 1417 4911 ac
1449 4855 1776 4925 sapientiam
1808 4855 1950 4925 ejus,

376 4961 541 5018 quam
590 4954 646 5000 et
693 4947 1130 5016 contemplantes
1180 4947 1368 5000 verita:
1425 4953 1554 5000 sunt
1610 4943 1779 4999 Deum
1831 4961 1954 5014 (pne

377 5039 526 5108 prius
578 5039 632 5092 in
682 5036 780 5092 Dei
827 5039 1238 5108 contemptione
1278 5037 1533 5092 vivebant
1587 5046 1798 5109 gentes.
1846 5037 1952 5104 Qui

375 5128 650 5199 quondam
689 5128 1046 5183 remotissimi
1093 5135 1272 5192 erant,
1313 5127 1550 5199 proximi
1589 5129 1742 5198 regni
1782 5129 1953 5182 caelo-

377 5235 494 5272 rum
520 5219 648 5273 facti
678 5230 824 5274 sunt.
853 5219 1089 5290 Ideoque
1121 5219 1344 5276 fuerunt
1372 5219 1590 5274 attoniti
1623 5221 1821 5276 salutis
1847 5221 1952 5274 mi-

379 5311 584 5375 raculo,
622 5327 681 5366 se
717 5311 953 5366 invicem
991 5313 1275 5375 docentes.
1317 5320 1371 5368 et
1406 5312 1572 5368 frater
1606 5311 1760 5367 fratri
1793 5313 1952 5366 auxi-

379 5398 536 5465 iians,
574 5401 977 5472 pristinumque
1019 5403 1352 5457 confitentur
1380 5402 1446 5457 de
1477 5403 1638 5457 idolis
1679 5419 1947 5467 errorem,

379 5489 490 5544 hac
513 5492 704 5546 eadem
737 5493 1002 5549 dicentes.
1035 5494 1212 5550 Faber
1239 5496 1440 5566 quippe
1469 5508 1586 5552 erat
1615 5504 1670 5552 et
1697 5498 1948 5561 aerarius,

375 5578 468 5648 qui
495 5579 716 5648 'malleo,
765 5589 818 5636 et
849 5583 1044 5648 clavis,
1091 5595 1144 5638 et
1178 5587 1411 5640 humana
1468 5587 1722 5642 machina
1770 5589 1950 5643 susci-

454 5753 470 5781 ¹
505 5749 609 5804 lsa.
633 5752 781 5818 “,9,
816 5755 904 5807 ll.
982 5759 1002 5787 ³
1026 5757 1128 5812 lsa.
1157 5775 1268 5824 xu,
1303 5761 1421 5815 2.7.
1500 5764 1518 5794 ³
1552 5762 1720 5818 lCor.
1752 5779 1790 5829 ι,
1824 5765 1948 5820 30.:

2057 4580 2275 4634 πάντων
2318 4579 2469 4643 τέλος
2495 4580 2894 4651 ὲκδιωχθέντων
2919 4579 3119 4644 αὑτῶν,
3155 4580 3338 4652 διέλθῃ
3367 4583 3426 4633 ἐν
3452 4582 3650 4653 εἰρήνῃ

2054 4676 2088 4745 ὴ
2117 4673 2238 4736 ὁδὸς
2264 4672 2371 4726 τῶν
2402 4671 2576 4726 ποδῶν
2604 4671 2792 4726 αὑτοῦ.
2830 4689 2849 4724 ι
2889 4673 2984 4736 Τίς
3017 4673 3074 4726 δὲ
3131 4673 3432 4744 ἐνήργησε,
3488 4676 3646 4745 φησὶ,

2053 4766 2148 4821 καὶ
2203 4763 2426 4836 ἐποίησε
2481 4764 2694 4831 ταῦτα;
2739 4785 2758 4816 ι
2824 4764 3324 4836 Προσυπακούομεν
3368 4767 3449 4829 δέ,
3495 4769 3582 4820 ὅτι
3614 4770 3648 4836 ὴ

2053 4843 2358 4926 χρηστότης
2386 4853 2482 4907 καὶ
2517 4853 2898 4926 φιλανθρωπία
2931 4853 3026 4907 τοῦ
3061 4853 3170 4907 τῶν
3204 4854 3344 4908 ὅλων
3373 4855 3511 4908 Θεοῦ
3547 4853 3642 4909 τοῦ

2053 4943 2345 5006 καλοῦντος
2374 4941 2565 5014 αὑτὴν,
2605 4942 2765 5012 δῆλον
2795 4941 2840 4995 δ’
2879 4943 2962 4996 ὅτι
3007 4943 3105 5014 τὴν
3136 4943 3510 5014 δικαιοσύνην,
3543 4945 3644 4998 οὑκ

2053 5034 2220 5105 ἄλλην
2261 5028 2428 5087 οὖσαν
2473 5033 2575 5104 τῆς
2612 5036 2806 5104 σοφίας
2838 5034 3024 5100 αὑτοῦ,
3068 5035 3136 5106 ἢν
3177 5035 3273 5088 καὶ
3321 5034 3643 5106 θεασάμενα

2053 5123 2292 5195 ἐφοϐήθη
2319 5122 2410 5178 τὸν
2438 5122 2571 5179 Θεὸν
2597 5126 2665 5178 τά
2683 5126 2741 5179 ἐν
2763 5126 2963 5197 ἀφοὸίᾳ
2986 5123 3121 5179 Θεοῦ
3147 5126 3418 5197 πρότερον
3443 5129 3642 5198 τυγχά-

2053 5233 2210 5268 νοντα
2242 5215 2400 5288 ἐθνη·
2435 5217 2472 5271 ἃ
2509 5217 2604 5271 καὶ
2637 5217 2696 5283 ἐξ
2739 5218 2924 5290 ἄκρων
2969 5218 3064 5272 καὶ
3093 5219 3203 5271 ἀπὺ
3234 5223 3496 5289 περάτων
3544 5220 3640 5289 τῆς

2051 5309 2376 5380 οἰκουμένης
2409 5309 2677 5381 κληθέντα
2713 5312 2905 5382 ήγγισε
2937 5310 3016 5382 τῷ
3062 5310 3213 5380 Θεῷο
3249 5315 3297 5364 οἱ
3327 5312 3460 5365 ποτέ
3490 5313 3636 5373 ὄντες

2056 5400 2479 5471 μακρὰνοὲγγὺς
2528 5401 2809 5472 γενόμενοι
2850 5402 2948 5473 τῆς
2993 5400 3270 5472 βασιλείας
3319 5402 3431 5454 τῶν
3473 5405 3636 5474 ούρα-

2051 5491 2194 5545 νῶνο
2243 5493 2324 5545 διὸ
2367 5494 2460 5546 καὶ
2501 5493 2877 5564 ἐξεπλάγησαν
2920 5494 3014 5547 ἐπὶ
3062 5492 3140 5564 τῷ
3193 5494 3490 5565 παραδόξῳ
3538 5494 3634 5562 τῆς

2053 5583 2346 5656 σωτηρίας,
2401 5584 2742 5649 διδάσκοντές
2798 5601 2857 5637 τε
2913 5583 3193 5656 ἀλλήλους,
3255 5586 3365 5639 καὶ·
3412 5583 3632 5654 ἀδελφὸς
