3856 6226
244 321 387 378 ἱδὲθὸ

1264 327 1555 384 ECLOGA;
1582 298 2064 386 nnopnsncm.
2107 363 2172 372 --
2213 332 2342 388 LIB.
2384 333 2473 389 Iv.

3362 340 3510 393 1226'

243 442 462 514 ἀδελφῷ
495 445 722 516 βοηθῶν,
763 450 862 519 τὴν
891 449 1158 520 προτέραν
1201 449 1644 519 ἐξομολογοῦνται
1688 451 1806 520 περῖ

1918 458 2044 504 tans
2085 457 2138 503 et
2184 451 2503 506 confortans
2573 467 2709 523 quos
2756 453 2908 524 prius
2953 454 3085 508 deos
3141 453 3476 510 ducebamus

239 535 312 590 τὰ
343 537 536 593 εἴδωλα
567 541 794 612 πλάνην,
826 541 964 595 αὐτὰ
989 541 1053 613 δὴ
1086 541 1256 596 ταῦτα
1283 542 1529 610 λέγοντες
1551 559 1564 572 ⁸
1598 542 1814 596 Τέκτων

240 630 350 702 ἄρα
378 628 446 702 ἦν
479 633 571 687 καὶ
595 633 846 704 χαλκεὺς,
871 637 900 688 6
930 633 1018 688 διὰ
1061 633 1271 706 σφύρας
1298 636 1391 688 καὶ
1414 635 1559 704 ἥλων
1585 635 1678 688 καὶ
1707 651 1814 704 μη·-

237 723 412 794 χανῆς
466 725 811 797 ἀνθρωπίνης
855 727 1142 798 ἀνεγείρας
1195 728 1289 779 καὶ
1348 724 1634 796 ἐνισχύσας
1688 726 1814 787 τοὺς

238 816 504 887 πρότερον
531 817 916 888 νομιζομένους
956 820 1087 890 ἡμῖν
1118 817 1298 882 θεούς·
1335 819 1384 871 οἱ
1429 818 1485 870 δὲ
1525 817 1677 870 οὐδὲν
1708 817 1818 887 ἄρα

235 901 378 976 ἦσαν
417 908 449 978 ἢ
494 909 679 980 ἄψυχα
723 909 914 976 ξόανα,
958 909 1212 981 οὐδεμίαν
1254 908 1314 974 ἐξ
1354 907 1563 963 ἑαυτῶν
1601 908 1814 978 κίνησιν

239 999 619 1070 ἐπιδεχόμενα,
665 1002 756 1054 καὶ
793 1001 869 1065 ὡς
892 1001 1080 1071 ’ψευδῆ
1126 1002 1428 1072 ἐκτήσαντο
1470 1003 1521 1056 oi.
1576 999 1818 1072 πατέρες

1924 536 2026 603 Qui
2074 539 2292 608 quidem
2344 541 2478 596 nihil
2519 551 2697 607 erant,
2747 544 2855 598 nisi
2899 545 3139 599 inanima
3185 547 3500 614 simulacra,

1925 629 2138 682 nullum
2173 643 2200 682 a
2231 646 2291 682 se
2324 630 2460 700 ipsis
2491 639 2696 686 motum
2727 642 3046 698 consecuta,
3081 642 3135 691 et
3159 640 3318 707 quasi
3349 655 3503 696 men-

1927 720 2083 774 dacia
2118 733 2443 791 acceperant
2485 733 2668 795 patres
2721 727 2894 782 noswi
2937 727 3103 790 idola,
3152 737 3207 785 et
3243 745 3353 786 nm
3385 745 3500 788 erat

1929 813 1982 864 in
2013 816 2094 866 eis
2128 815 2357 869 utilitas.
2394 816 2550 882 Quod
2580 825 2760 872 autem
2796 817 2909 872 haec
2944 818 3018 871 ita
3059 817 3359 876 Salvatoris
3395 838 3500 876 no-

1927 906 2026 959 stri
2075 906 2294 976 impleta
2345 920 2471 964 sunt
2519 911 2778 974 adventu,
2817 910 2990 981 magis
3027 913 3285 981 operibus
3335 930 3499 984 quam

1924 999 2107 1053 verbis
2138 999 2567 1056 demonstratur.

239 1096 397 1167 ἡμῶν
437 1098 760 1160 εῖδωλα,κα)⁸
798 1101 900 1153 οὐκ
940 1096 1008 1171 ἦν
1048 1102 1106 1152 ἐν
1138 1101 1322 1164 αὐτοῖς
1361 1099 1645 1171 ὠφέλημα.
1683 1099 1804 1151 Ὅτι
1844 1096 1900 1149 δὲ
1924 1094 2076 1149 ταῦθ’
2107 1095 2279 1161 οὕτως
2302 1099 2394 1150 ἐπὶ
2417 1101 2476 1170 τῇ
2505 1098 2598 1152 τοῦ
2653 1098 2902 1170 Σωτῆρος
2954 1098 3111 1170 ἡμῶν
3167 1099 3498 1172 ἀπετελέσθη

239 1190 510 1262 παρουσίᾳ
542 1191 738 1262 μᾶλλον
771 1191 878 1246 τῶν
902 1191 1077 1260 λόγων
1105 1195 1138 1263 ἡ
1175 1191 1242 1245 δι’
1278 1192 1454 1264 ἔργων
1489 1191 1552 1262 (f:
1585 1191 1675 1262 52)
1703 1191 2002 1263 παρίστησι
2039 1191 2334 1263 μαρτυρία.

760 1307 1156 1360 ΚΕΦΑΛΑῙΟΝ
1196 1309 1280 1361 K'.

313 1415 332 1448 ‹
384 1395 575 1450 ’ῐακὼϐ
602 1400 629 1451 6
655 1401 783 1462 παῖς
811 1416 932 1469 μου,
963 1400 1326 1470 ἀντιλήψομαι
1352 1399 1515 1454 αὐτοῦ
1537 1419 1550 1431 ·
1600 1401 1816 1474 Ἰσραὴλ

235 1488 266 1540 6
316 1489 568 1552 ἐκλεκτός
618 1507 742 1560 μου,
795 1491 1153 1562 προσεδέξατο
1199 1492 1359 1546 αὐτὸν
1407 1495 1440 1564 ἡ
1483 1493 1630 1564 ψυχή
1668 1511 1808 1565 μου’

237 1584 412 1636 ἔδωκα
444 1585 503 1637 τὸ
531 1584 753 1654 Πνεῦμά
783 1603 883 1655 μου
919 1586 1004 1638 ἐπ’
1034 1586 1195 1639 αὐτόν
1215 1603 1226 1616 °
1257 1586 1434 1656 κρίσιν
1465 1589 1578 1649 τοῖς
1607 1587 1815 1640 ἔθνεσιν

235 1674 465 1738 ἐξοίσει·
506 1676 564 1728 οὐ
598 1675 938 1747 κεκράξεται,
980 1676 1098 1729 οὐδέ
1136 1677 1343 1747 ἀνήσει,
1386 1677 1508 1729 οὐδέ
1539 1677 1813 1748 ἀκουσθή-

2508 1304 2738 1361 CAPUT
2788 1305 2905 1360 XX.

1998 1413 2016 1446 ι
2051 1393 2225 1451 Iacob
2275 1411 2410 1466 puer
2441 1410 2617 1460 meus,
2644 1396 2940 1466 suscipiam
2966 1411 3090 1450 eum
3126 1395 3332 1452 :Israel
3386 1398 3498 1454 ele-

1917 1495 2040 1542 ctus
2071 1503 2244 1552 meus,
2275 1489 2570 1558 assumpsit
2606 1502 2730 1542 eum
2758 1488 2937 1541 anima
2969 1502 3087 1542 mea
3123 1508 3136 1544 :
3173 1488 3294 1544 dedi
3323 1487 3498 1560 Spiri-

1927 1585 2041 1635 tum
2069 1592 2250 1632 meum
2275 1592 2442 1647 super
2471 1593 2594 1632 eum
2616 1595 2631 1644 ;
2656 1577 2924 1648 judicium
2951 1578 3203 1647 gentibus
3222 1579 3495 1648 proferet;

1919 1684 2030 1723 non
2054 1669 2331 1734 clamabit,
2358 1686 2537 1741 neque
2563 1673 2825 1734 remittet,
2869 1685 3047 1739 neque
3075 1670 3330 1726 audietur
3362 1670 3496 1726 foris

238 1779 391 1815 σεται
427 1761 531 1827 ἐξω
562 1767 594 1834 ἡ
641 1763 790 1834 φωνὴ
827 1766 1022 1818 αὐτοῦ·
1061 1765 1304 1836 κάλαμον
1340 1765 1702 1837 τεθλασμένον
1749 1769 1806 1821 οὐ

1917 1772 2024 1812 vox
2053 1758 2195 1828 ejus;
2221 1758 2488 1813 calamum
2518 1760 2816 1814 contritum
2847 1773 2957 1812 non
2987 1758 3219 1830 franget,
3248 1768 3303 1814 et
3323 1759 3496 1815 linum

239 1856 536 1926 συντρίψει,
585 1859 678 1911 καὶ
717 1858 860 1911 λίνον
905 1859 1300 1929 καωιζόμενον
1341 1858 1402 1912 οὐ
1444 1859 1654 1912 σϐέσειο
1693 1860 1812 1914 ἀλλ’

232 1950 315 2010 είς
345 1949 596 2020 ἀλήθειαν
621 1950 813 2014 ἐξοίσει
837 1951 1016 2020 κρίσιν
1039 1967 1053 1980 ·
1081 1950 1387 2021 ἀναλάμψει
1421 1953 1515 2005 καὶ
1543 1953 1603 2004 οὐ
1648 1951 1814 2023 θραυ-

234 2038 491 2109 comm:
522 2039 626 2100 ἕως
654 2039 718 2092 ἂν
749 2039 813 2110 θῇ
840 2040 931 2092 ἐπὶ
969 2040 1068 2110 τῆς
1095 2040 1198 2110 γῆς
1229 2041 1410 2113 κρίσιν
1430 2058 1442 2071 ·
1479 2043 1573 2095 καὶ
1617 2041 1710 2095 ἐπὶ
1733 2043 1813 2112 τῷ

232 2129 455 2197 ὀνόματι
497 2130 660 2183 αὐτοῦ
698 2131 823 2200 έθνη
857 2132 1152 2185 ἐλπιοῦσιν.
1193 2132 1379 2197 Οὕτως
1421 2133 1570 2203 λέγει
1610 2134 1811 2206 Κύριος

230 2223 261 2274 ὁ
293 2221 424 2283 Θεὸς
464 2225 492 2275 6
538 2225 767 2294 ποιήσας
807 2225 895 2276 τὸν
936 2225 1160 2296 οὐρανὸν
1209 2225 1305 2278 καὶ
1351 2226 1527 2298 πήξας
1568 2228 1748 2291 αὐτὸν,
1782 2229 1810 2281 6

234 2312 542 2384 στερεώσας
568 2315 664 2385 τὴν
690 2316 791 2386 γῆν
817 2317 910 2369 καὶ
937 2316 1005 2369 τὰ
1039 2319 1096 2370 ἐν
1121 2317 1281 2388 αὐτῇ,
1308 2319 1402 2371 καὶ
1429 2319 1603 2384 διδοὺς
1642 2321 1810 2390 πνοὴν

229 2403 310 2474 τῷ
351 2403 464 2474 λαῷ
509 2404 588 2475 τῷ
620 2407 706 2456 ἐπ’
753 2406 941 2476 αὐτῆς,
997 2407 1091 2460 καὶ
1135 2406 1352 2478 πνεῦμα
1400 2411 1512 2472 τοῖς
1549 2410 1810 2463 πατοῦσιν

233 2495 404 2564 αὐτήν
425 2513 439 2525 ο
467 2493 574 2562 ἐγὼ
607 2495 808 2566 Κύριος
829 2498 857 2549 6
881 2497 1011 2559 Θεὸς
1041 2497 1276 2550 ἐκάλεσὰ
1303 2515 1360 2550 σε
1391 2500 1447 2552 ἐν
1472 2500 1808 2570 δικαιοσύνῃ,

231 2586 326 2638 καὶ
357 2587 616 2658 κρατήσω
657 2587 758 2658 τῆς
797 2588 979 2658 χειρός
1018 2605 1112 2640 σου
1147 2590 1240 2642 καὶ
1276 2591 1540 2660 ἐνισχὺσω
1580 2608 1674 2644 σεο
1719 2593 1812 2646 καὶ

231 2674 409 2730 ἔδωκά
438 2695 498 2730 σε
526 2680 605 2740 εἰς
633 2677 894 2751 διαθήκην
921 2680 1112 2747 γένους
1137 2683 1218 2744 εἰς
1246 2681 1361 2750 φῶς
1383 2681 1573 2748 ἐθνῶν,
1605 2683 1808 2748 ἀνοῖξαι

231 2763 540 2836 ὀφθαλμοὺς
571 2767 802 2837 τυφλῶν,
827 2769 1112 2838 ἐξαγαγεῖν
1137 2775 1201 2825 ἐκ
1223 2771 1440 2842 δεσμῶν
1470 2772 1806 2844 δεδεμένους,

231 2858 326 2910 καὶ
354 2857 409 2924 ἐξ
443 2859 590 2912 οἴκου
623 2860 865 2931 φυλακῆς
908 2863 1250 2934 καθημένους
1283 2867 1340 2918 ἐν
1387 2867 1587 2921 σκότει.
1625 2887 1643 2918 ι
1683 2868 1808 2921 ’Ότι

236 2950 309 3019 μὴ
352 2951 482 3020 περὶ
525 2951 621 3003 τοῦ
657 2951 762 3006 τῶν
801 2954 1070 3009 Ἰουδαίων
1111 2957 1241 3012 λαοῦ
1289 2958 1689 3029 προφητεύεται
1739 2960 1810 3014 τὰ

233 3043 340 3094 ἀπο
366 3041 461 3095 τοῦ
485 3060 498 3074 ·
532 3062 550 3095 ‹
594 3045 784 3098 Ἰακὼϐ
832 3049 871 3100 6.
904 3050 1034 3112 παῖς
1068 3067 1192 3119 μου,
1217 3051 1577 3122 ἀντιλήψομαι
1618 3051 1805 3115 αὐτοῦ,

1917 1848 2192 1919 fumigans
2232 1865 2346 1904 non
2380 1850 2726 1920 exstinguet;
2763 1851 2859 1905 sed
2891 1851 2946 1903 in
2990 1850 3217 1905 veritate
3257 1850 3498 1921 proferet

1910 1941 2204 2010 judicium,
2241 1942 2635 2012 resplendebit,
2667 1953 2721 1999 et
2747 1957 2857 1997 non
2887 1943 3369 2012 conquassabitur,
3395 1943 3496 1997 do-
3562 1973 3565 1976 -

1915 2049 2015 2088 nec
2041 2043 2206 2104 ponat
2221 2033 2278 2088 in
2295 2034 2743 2104 terrajudicium,
2767 2044 2821 2090 et
2845 2035 2898 2088 in
2920 2036 3143 2089 nomine
3161 2035 3283 2103 ejus
3303 2043 3493 2105 gentes

1915 2126 2232 2195 sperabunt.
2274 2125 2367 2181 Sic
2395 2125 2527 2181 dicit
2586 2125 2850 2182 Dominus
2915 2125 3082 2192 Deus,
3111 2126 3205 2196 qui
3236 2125 3360 2182 fecit
3384 2142 3498 2181 cm-

1914 2215 2048 2278 lum,
2070 2225 2123 2270 et
2151 2215 2382 2271 intendit
2410 2215 2567 2282 illud,
2595 2218 2691 2287 qui
2716 2217 2950 2274 ﬁrmavit
2971 2226 3174 2272 terram
3202 2228 3258 2273 et
3285 2233 3352 2274 ea
3373 2234 3497 2290 quas

1914 2313 2042 2360 sunt
2073 2305 2128 2360 in
2157 2305 2294 2375 ipsa,
2330 2308 2538 2378 quique
2572 2307 2665 2361 dat
2696 2306 2883 2363 ﬂatum
2931 2309 3154 2379 populo,
3198 2309 3291 2379 qui
3321 2320 3406 2365 est
3441 2309 3497 2362 in

1913 2415 1998 2465 ea,
2026 2415 2079 2460 et
2098 2403 2352 2475 spiritum
2384 2401 2723 2457 calcantibus
2748 2415 2888 2455 eam.
2920 2400 3030 2472 Ego
3056 2400 3319 2458 Dominus
3341 2401 3488 2458 Deus

1911 2507 2041 2552 tuus
2071 2494 2262 2550 vocavi
2293 2502 2347 2549 te
2375 2493 2430 2546 in
2457 2492 2690 2562 justitia,
2725 2500 2779 2548 e‘t
2815 2493 3223 2564 apprehendam
3252 2509 3482 2549 manum

1913 2572 2082 2652 tuam,
2107 2596 2162 2642 et
2185 2584 2555 2642 corroborabo
2586 2595 2636 2639 te
2665 2603 2678 2640 :
2709 2594 2762 2640 et
2790 2584 2913 2640 dedi
2945 2593 2998 2640 te
3023 2585 3078 2639 in
3105 2593 3495 2640 testamentum

1912 2680 2130 2752 generis
2166 2680 2223 2733 in
2265 2679 2450 2732 lumen
2481 2676 2747 2748 gentium,
2781 2684 2842 2731 ut
2875 2678 3119 2748 aperires
3160 2678 3350 2732 oculos
3387 2692 3496 2733 cae-

1911 2787 2122 2834 corum,
2144 2779 2198 2826 et
2224 2771 2486 2826 educeres
2520 2786 2587 2825 ex
2611 2770 2845 2824 vinculis
2868 2771 3128 2840 illigatos,
3158 2777 3214 2825 et
3243 2769 3308 2824 de
3331 2770 3495 2826 domo

1911 2864 2152 2919 carceris
2185 2863 2436 2918 sedentes
2467 2862 2524 2916 in
2549 2862 2794 2919 tenebris
2827 2862 2866 2917 ‘.
2907 2881 2926 2915 ι
2959 2861 3118 2927 Quod
3153 2877 3262 2917 non
3290 2862 3356 2918 de
3393 2861 3494 2916 Iu—

1911 2955 2151 3010 dmorum
2178 2954 2378 3024 populo
2413 2954 2856 3024 prophetizantur
2891 2952 3006 3007 haec
3039 2971 3052 3007 ι
3091 2972 3110 3004 ι
3137 2951 3308 3008 Iacob
3360 2968 3496 3023 puer

1912 3063 2089 3112 mens,
2125 3047 2419 3117 suscipiam
2443 3061 2602 3114 eum;
2627 3045 2790 3102 lsrael
2832 3046 3040 3100 electus
3070 3060 3245 3110 meus,
3280 3059 3494 3101 assum-

243 3137 457 3208 Ἰσραὴλ
488 3141 516 3191 6
563 3139 812 3205 ἐκλεκτός
856 3158 978 3212 μου,
1010 3144 1367 3213 προσεδέξατο
1397 3145 1558 3199 αὐτὸν
1599 3147 1634 3214 ή
1663 3145 1806 3217 ψυχή

1913 3139 2022 3208 psit
2051 3154 2174 3193 eum
2223 3138 2406 3192 anima
2440 3153 2581 3201 mea,
2613 3155 2632 3188 ι
2674 3145 2730 3192 et
2756 3137 2995 3208 reliqua,
3027 3137 3375 3193 manifestum
3410 3143 3494 3191 est

234 3247 357 3299 μου,
392 3250 410 3281 ›
444 3232 610 3300 σαφὲς
642 3232 791 3285 ἐσται
817 3237 929 3297 τοῖς
953 3235 1225 3290 ἐθέλουσιν
1261 3237 1496 3309 ἑκάστην
1521 3239 1668 3305 λέξιν
1697 3239 1807 3293 τῶν

232 3325 604 3392 προκειμένων
641 3323 932 3389 ἐξετάζειν.
972 3327 1106 3381 ἀλλά
1140 3329 1234 3382 καὶ
1283 3330 1389 3384 ἀπὸ
1429 3331 1530 3402 τῆς
1567 3331 1707 3385 κατὰ
1747 3332 1807 3386 τὸ

242 3414 529 3485 Ἐϐραῖκὸν
576 3417 858 3488 ἀκριϐείας
907 3419 1063 3474 τοῦτο
1111 3421 1266 3492 δῆλόν
1310 3424 1493 3476 ἐστιν’
1553 3423 1664 3478 οὔτ’
1713 3421 1807 3479 οὖν

231 3505 292 3560 τὸ
330 3505 522 3558 Ἰακὼϐ
571 3506 760 3576 ὄνομα,
806 3507 927 3562 οῦτε
971 3509 1033 3562 τὸ
1077 3511 1293 3583 Ἰσραὴλ
1332 3515 1389 3566 ἐν
1438 3513 1588 3583 αὐτῷ
1637 3515 1808 3585 ἐμφέ-

234 3611 414 3666 ρεται·
446 3595 565 3650 ὅθεν
608 3599 701 3651 καὶ
733 3598 1022 3652 ὠϐέλισται
1050 3602 1200 3672 παρὰ
1230 3605 1343 3666 τοῖς
1381 3604 1665 3676 ἀκριϐέσιν
1715 3608 1808 3659 ἀν-

231 3688 516 3758 τιγράφοις
569 3689 675 3742 τῶν
715 3691 1134 3763 Ἐϐδομηκοντα,
1163 3695 1350 3748 καθότι
1397 3713 1459 3764 γε
1499 3697 1599 3750 οὐκ
1649 3698 1806 3761 ἄλλος

229 3775 337 3827 τῶν
382 3777 602 3832 δικαίων
650 3781 788 3852 πλὴν
828 3781 921 3834 τοῦ
961 3783 1210 3854 Σωτῆρος
1249 3783 1406 3854 ἡμῶν
1451 3785 1623 3856 Ἰησοῦ
1667 3788 1806 3858 Χρι-

235 3869 382 3933 στοῦ,
430 3871 547 3922 οὐδέ
593 3872 697 3943 μὴν
742 3874 902 3936 αὐτὸς
945 3877 974 3928 6
1022 3875 1116 3928 τοῦ
1161 3877 1346 3930 Ἰσαὰκ
1387 3876 1421 3947 ἢ
1475 3877 1667 3932 Ἰακὼϐ
1709 3881 1806 3932 καὶ

247 3961 460 4032 Ἰσραὴλ
486 3965 940 4036 προσαγορευθεὶς
971 3966 1208 4031 τοιοῦτός
1240 3986 1324 4032 τις
1352 3963 1440 4040 ἦν,
1470 3969 1546 4032 ὡς
1570 3971 1806 4042 ἐφαρμό-

233 4052 344 4117 ζειν
387 4055 534 4125 αὐτῷ
577 4056 833 4110 δύνασθαι
879 4059 946 4112 τὰ
989 4061 1360 4131 προκείμενα,
1413 4061 1601 4115 οὐδένα
1653 4059 1806 4134 οἶμαι

233 4145 618 4216 ἀμφιϐάλλειν·
663 4149 747 4201 ἵνα
789 4150 896 4221 γάρ
934 4153 1026 4204 καὶ
1065 4151 1270 4224 ἑτέροις
1317 4153 1549 4224 ἁρμόσοι
1582 4172 1667 4218 τις
1716 4156 1799 4208 τό*

236 4256 256 4288 1
295 4239 508 4292 Ἔδωκα
539 4241 599 4293 τὸ
626 4241 851 4312 Πνεῦμά
889 4260 988 4312 μου
1019 4245 1104 4298 ἐπ’
1133 4246 1314 4311 αὐτὸν,
1352 4266 1372 4297 ι
1411 4245 1462 4299 τί
1489 4247 1533 4299 δ’
1563 4246 1630 4300 ἂν
1659 4247 1805 4301 εἴποι

229 4333 308 4394 είς
339 4331 416 4384 τό·
459 4351 476 4383 ι
511 4333 707 4404 Κρίσιν
752 4337 863 4398 τοῖς
908 4335 1112 4388 ἔθνεσιν
1142 4336 1359 4401 ἐξοίσει,
1394 4356 1413 4389 ι
1466 4339 1561 4391 καὶ
1607 4341 1686 4402 είς
1733 4341 1802 4393 τά

229 4422 375 4493 ἑξῆς,
404 4425 498 4477 καὶ
543 4424 772 4494 μάλιστα
812 4427 893 4478 τό·
943 4445 962 4477 ‹
997 4429 1108 4481 Καὶ
1148 4428 1239 4481 ἐπὶ
1269 4427 1348 4499 τῷ
1377 4429 1601 4500 ὀνόματι
1635 4431 1801 4484 αὐτοῦ

1913 3231 2160 3301 singulas
2184 3230 2416 3300 hujusce
2437 3230 2736 3300 prophetiae
2763 3243 2926 3286 voces
2953 3229 3288 3300 perpendere
3309 3229 3488 3284 volen-

1908 3323 2080 3387 tibus,
2116 3321 2214 3378 sed
2246 3323 2410 3378 etiam
2456 3323 2578 3392 ipso
2609 3320 2882 3376 Hebraico
2919 3329 3071 3376 textu
3103 3329 3272 3392 patet.
3303 3319 3492 3391 Neque

1905 3413 2098 3482 Iacob,
2127 3431 2308 3484 neque
2336 3413 2502 3470 Israel
2535 3414 2785 3468 nominat
2821 3432 2835 3468 :
2870 3414 3014 3484 apud
3061 3413 3211 3484 ipsos
3259 3413 3483 3484 quidem

1911 3506 2266 3578 Septuaginta
2306 3507 2467 3562 obelo
2496 3507 2770 3577 signatum
2810 3517 2891 3562 est
2937 3520 3134 3560 nomen
3182 3505 3336 3569 illud,
3359 3519 3493 3574 quo-

1909 3602 2056 3656 niam
2093 3615 2206 3654 non
2241 3600 2518 3669 justorum
2553 3600 2716 3665 alius,
2750 3599 2857 3656 nisi
2887 3597 3137 3653 Salvator
3170 3604 3358 3652 noster
3393 3595 3488 3652 Ie-

1909 3708 2004 3747 sus
2035 3691 2314 3755 Christus,
2349 3707 2458 3746 non
2480 3691 2700 3762 quidem
2746 3691 2864 3761 ipse
2907 3690 3054 3744 ﬁlius
3087 3689 3258 3753 Isaac,
3290 3686 3485 3750 Iacob,

1907 3784 1991 3839 vel
2020 3782 2188 3839 Israel
2211 3783 2622 3847 denominatur,
2651 3783 2699 3836 is
2721 3788 2842 3836 erat
2871 3779 2958 3835 cui
2991 3777 3237 3848 adaptari
3261 3788 3486 3847 possent

1909 3877 2174 3946 prazdicta
2191 3878 2356 3932 verba
2378 3894 2393 3944 ;
2421 3884 2584 3947 atque
2607 3876 2761 3940 illud,
2789 3883 2847 3930 ut
2867 3875 3082 3944 opinor,
3101 3872 3235 3927 nulli
3257 3872 3484 3926 dubium

1908 3978 2012 4024 est.
2039 3967 2176 4023 Dato
2197 3970 2342 4024 enim
2361 3969 2510 4038 quod
2543 3969 2668 4022 aliis
2690 3981 2908 4037 quoque
2938 3965 3054 4019 hac
3084 3962 3439 4018 convenirent
3465 3979 3480 4015 :

1910 4077 1930 4110 ι
1946 4059 2076 4114 Dedi
2089 4059 2348 4129 Spiritum
2368 4073 2545 4114 meum
2564 4073 2728 4130 super
2741 4057 3142 4124 eumpcuinam
3159 4054 3266 4109 dici
3280 4052 3483 4123 potuit:

1913 4169 1932 4202 ε
1959 4149 2232 4206 Iudicium
2263 4151 2519 4222 gentibus
2550 4150 2808 4221 proferet,
2849 4169 2868 4203 ι
2911 4157 2965 4211 et
2994 4161 3115 4218 quae
3157 4156 3484 4216 sequuntur,

1907 4245 2316 4313 pmsertimque
2343 4243 2476 4297 illud
2507 4261 2520 4297 :
2551 4261 2570 4294 ι
2596 4242 2661 4296 Ει
2687 4243 2743 4296 in
2773 4243 2994 4297 nomine
3013 4240 3134 4310 ejus
3151 4247 3340 4310 gentes
3362 4253 3489 4308 spe-

1911 4333 2153 4387 rabunt?
2185 4353 2203 4386 ›
2243 4333 2532 4398 Quomodo
2563 4340 2744 4388 autem
2772 4332 3036 4389 credibile
3064 4336 3211 4387 esset
3243 4330 3357 4384 sive
3381 4327 3483 4383 Iu-
3556 4409 3558 4411 γ

1910 4425 2155 4480 daeorum
2192 4426 2412 4495 populo,
2447 4427 2562 4481 sive
2587 4425 2694 4496 ipsi
2727 4425 2841 4479 lilio
2866 4425 3041 4488 Isaac,
3071 4424 3261 4491 Iacob,
3287 4424 3404 4479 sive
3429 4429 3487 4476 et

229 4513 354 4585 ἔθνη
381 4516 688 4582 ἐλπιοῦσιν;
737 4537 754 4568 ι
788 4519 909 4580 Πῶς
937 4519 995 4571 δὲ
1033 4519 1136 4572 κᾶν
1164 4520 1386 4574 πιθανὸν
1429 4523 1512 4592 εἴη
1549 4523 1668 4594 ῆτοι
1691 4523 1800 4576 τῶν

1913 4518 2085 4571 cuivis
2111 4517 2388 4586 justorum
2411 4516 2526 4582 alii,
2559 4531 2624 4572 ea
2647 4514 2943 4570 convenire
2971 4536 2984 4570 :
3027 4534 3046 4565 ι
3079 4515 3211 4571 Dedi
3245 4521 3299 4569 te
3323 4513 3382 4568 in
3402 4519 3486 4566 te-

241 4604 506 4660 Ἰουδαίων
537 4607 724 4681 λαῷ,ἢ
762 4611 855 4663 καὶ
881 4609 1027 4680 αὑτῷ
1055 4610 1134 4681 τῷ
1158 4613 1252 4665 τοῦ
1291 4612 1476 4666 Ἰσαὰκ
1517 4613 1731 4677 Ἰακὼϐ,
1766 4613 1799 4684 ἦ

227 4698 325 4752 καὶ
354 4699 522 4768 ἐτέρῳ
550 4701 655 4753 τινὶ
680 4701 786 4754 τῶν
815 4701 1034 4755 δικαίων
1060 4703 1390 4774 ἐφαρμόζειν
1417 4705 1481 4757 τό
1501 4720 1516 4734 ·
1553 4723 1572 4756 ι
1589 4705 1805 4758 Ἔδωκά

233 4806 293 4844 σε
316 4793 395 4855 εἰς
417 4792 676 4865 διαθήκην
701 4794 907 4862 γένους,
932 4797 1010 4857 εἰς
1032 4796 1143 4864 φῶς
1167 4797 1355 4862 ἐθνῶν,
1379 4797 1586 4862 ἀνοῖξαι
1607 4783 1806 4868 ὀφθαλέ

231 4883 367 4954 μοὺς
405 4885 960 4955 τυφλῶν,-ἐξαγαγεῖν
996 4889 1060 4941 ἐκ
1091 4887 1307 4959 δεσμῶν
1337 4890 1674 4961 δεδεμένους,
1707 4893 1801 4945 καὶ

229 4974 293 5040 ἐξ
330 4974 478 5028 οἴκου
525 4977 770 5048 φυλακῆς
814 4979 1154 5050 καθημένους
1197 4983 1255 5034 ἐν
1309 4982 1524 5046 σκότει;
1569 5003 1587 5034 ι
1637 4983 1801 5034 Ἀλλά

225 5062 399 5118 ταῦτα
422 5069 552 5138 ἡμῖν
574 5068 649 5131 ὡς
672 5069 806 5138 πρὸς
829 5071 953 5132 τοὺς
976 5071 1039 5122 ἐκ
1065 5073 1363 5142 περιτομῆς
1391 5073 1762 5146 ἐπηπορήσθω
1782 5091 1795 5104 °

229 5157 416 5225 σαφῶς
443 5175 506 5226 γε
535 5161 640 5229 μὴν
664 5162 808 5230 ἡμᾶς
848 5161 908 5214 τὸ
949 5163 1277 5231 Εὑαγγέλιον
1307 5165 1400 5216 ἐπὶ
1427 5164 1522 5217 τοῦ
1547 5166 1800 5237 Σωτῆρος

225 5247 382 5318 ἡμῶν
425 5249 596 5318 Ἰησοῦ
629 5250 869 5304 διδάσκει
915 5254 1005 5305 καὶ
1043 5253 1245 5324 ταύτην
1279 5254 1671 5327 πεπληρῶσθαι
1701 5257 1799 5327 τὴν

226 5339 580 5408 προφητείαν,
633 5342 722 5392 ὅτε
761 5359 779 5390 ι
812 5341 1114 5406 ἐξελθόντες
1146 5346 1193 5395 οί
1245 5346 1527 5415 Φαρισαῖοι
1562 5344 1800 5416 συμϐού-

224 5425 336 5479 λιον
369 5427 488 5480 κατ’
530 5429 693 5482 αὐτοῦ
731 5429 940 5494 ἔλαϐον,
973 5433 1121 5496 ὅπως
1154 5433 1314 5487 αὑτὸν
1338 5434 1694 5488 ἀπολέσωσιν.
1737 5436 1796 5487 '0

221 5519 280 5570 δέ
325 5517 530 5588 Ἰησοῦς
570 5523 729 5588 γνοὺς
761 5522 1105 5593 ἀνεχώρησεν
1146 5524 1354 5578 ἐκεῖθεν
1381 5541 1393 5554 °
1438 5526 1533 5580 καὶ
1564 5526 1794 5596 ἠκολού-

223 5606 395 5677 θησαν
429 5607 576 5678 αὑτῷ
603 5609 800 5675 πολλοὶ,
831 5614 922 5664 καὶ
949 5613 1314 5684 ἐθεράπευσεν
1337 5617 1533 5680 αὐτοὺς
1557 5619 1791 5681 πάνταςο

298 5761 460 5818 'lsai.
493 5779 626 5827 XLII,
667 5766 782 5820 l-‘i.
861 5771 879 5798 ²
913 5767 1230 5832 Maltb.,xn,
1268 5771 1348 5825 Η.

543 5857 810 5918 ΡΑτηοι..
861 5862 977 5922 Gn.
1030 5863 1080 5921 Χ
1095 5863 1224 5925 ΧΗ.

1909 4616 2238 4663 stamentum
2283 4609 2502 4678 generis
2537 4608 2594 4663 in
2631 4609 2815 4664 lumen
2858 4609 3124 4679 gentium,
3149 4614 3211 4664 ut
3235 4607 3482 4678 aperires

1908 4700 2098 4754 oculos
2127 4714 2423 4763 cacorum,
2465 4709 2520 4754 et
2556 4699 2820 4756 educeres
2849 4716 2917 4754 ex
2950 4700 3182 4754 vinculis
3216 4699 3479 4768 illigatos.

1907 4795 1961 4842 et
1986 4788 2053 4843 de
2083 4788 2246 4842 domo
2275 4790 2514 4846 carceris
2563 4791 2815 4848 sedentes
2871 4791 2927 4844 in
2980 4789 3258 4845 tenebris?
3299 4808 3319 4840 ›
3353 4786 3480 4841 Haec

1907 4893 2039 4934 vero
2093 4879 2274 4944 nobis,
2325 4881 2481 4950 quasi
2511 4881 2878 4944 circumcisis,
2933 4878 3276 4936 discutienda
3326 4885 3474 4932 sunt.

1906 4967 2192 5026 Manifeste
2231 4985 2333 5026 nos
2371 4969 2721 5042 Evangelium
2748 4986 2780 5024 a
2813 4971 3096 5026 Salvature
3123 4975 3315 5022 nostro
3345 4965 3477 5022 Iesu

1904 5060 2046 5115 hanc
2067 5061 2226 5116 docet
2250 5063 2587 5132 prophetiam
2612 5064 2887 5134 impletam
2912 5061 3102 5125 fuisse,
3131 5075 3258 5114 cum
3292 5076 3311 5109 ‹
3339 5057 3480 5112 Pha-

1902 5153 2048 5208 risaei
2074 5163 2339 5210 exeuntes
2384 5155 2677 5209 consilium
2726 5156 2990 5210 adversus
3023 5167 3151 5208 eum
3190 5158 3476 5220 ceperunt,

1905 5253 1965 5298 ut
2008 5260 2133 5298 eum
2166 5246 2560 5303 interﬁcerent.
2592 5246 2750 5313 Quod
2798 5262 2929 5302 vero
2975 5245 3134 5301 Iesus
3165 5245 3363 5305 sciens,
3392 5257 3480 5297 se-

1903 5339 2071 5392 cessit
2114 5339 2240 5394 inde
2266 5358 2278 5392 :
2304 5349 2360 5394 et
2401 5347 2600 5395 secutae
2631 5347 2758 5394 sunt
2791 5354 2916 5394 eum
2965 5337 3141 5393 turba:
3180 5334 3382 5396 multae,
3424 5343 3480 5388 et

1904 5428 2118 5484 curavit
2147 5446 2242 5487 eos
2267 5447 2460 5488 omnes
2486 5473 2500 5497 ,
2531 5442 2585 5488 et
2617 5435 2874 5502 praecepit
2904 5433 2985 5486 eis
3023 5447 3092 5485 ne
3126 5425 3477 5483 manifestum

1907 5525 2084 5593 ipsum
2107 5523 2350 5580 facerent
2377 5528 2418 5578 ¹.
2459 5546 2478 5577 ›
2513 5525 2610 5580 His
2639 5527 2783 5581 enim
2814 5525 3032 5580 additur
3053 5525 3107 5578 in
3137 5523 3427 5594 Evangelia
3458 5540 3472 5576 :
3499 5577 3502 5580 .

1911 5637 1930 5670 ι
1967 5618 2032 5674 Ut
2064 5619 2381 5690 impleretur
2403 5619 2545 5690 quod
2571 5619 2774 5675 dictum
2802 5628 2885 5675 est
2909 5634 3005 5690 per
3025 5617 3220 5675 Isaiam
3253 5618 3478 5688 prophe-

3069 5865 3145 5922 39
