3856 6226
337 326 473 382 1127

1003 321 1269 378 EUSEBII
1309 317 1785 376 CESARIENSIS
1822 317 1972 374 OPP.
2015 315 2196 372 PARS
2247 283 2336 373 III.
2378 347 2447 360 -ι
2488 317 2897 374 EXEGETICA.

3475 315 3615 370 1238

335 457 445 500 tam
467 445 773 500 dicentem:
803 443 941 499 Ecce
980 459 1118 514 puer
1148 459 1302 499 meus
1336 444 1392 498 in
1429 458 1539 514 quo
1568 441 1901 513 complacui,

2013 441 2108 493 καὶ
2140 441 2472 511 ἐπετίμησεν
2498 442 2701 506 αὐτοῖς,
2737 441 2824 492 ἵνα
2863 439 2938 510 μὴ
2987 437 3217 508 φανερὸν
3248 437 3412 492 αὑτὸν
3450 439 3615 509 ποιή⁴

335 537 566 590 dilectus
601 549 776 599 incus,
801 549 964 604 quem
989 535 1153 604 elegit
1181 535 1360 587 anima
1390 549 1530 588 mea.
1564 531 1770 588 Ponam
1799 533 1914 602 spi-

336 633 499 681 ritum
527 643 708 682 meum
757 642 924 698 super
980 643 1128 693 eum,
1177 645 1198 678 ι
1262 635 1318 681 et
1376 626 1608 696 reliqua,
1669 627 1814 682 sicut
1859 626 1916 680 in

334 707 618 789 prophetia
680 717 1009 774 referuntur.
1055 717 1174 786 Ipse
1238 717 1402 788 igitur
1467 725 1634 782 esset,
1690 719 1783 788 qui
1825 717 1916 773 hic

329 807 503 864 Jacob
539 815 784 877 vocatur,
832 809 1004 864 Filius
1067 808 1161 865 Dei
1212 809 1546 880 unigenitus;
1595 809 1738 865 sicut
1780 810 1914 866 alias

334 901 539 954 dictum
581 907 666 956 est
719 921 733 956 :
792 920 812 954 ι
842 900 1095 972 Magnum
1137 901 1238 956 tibi
1295 911 1380 956 est
1421 903 1607 956 vocari
1636 910 1692 958 te
1738 902 1910 957 ﬁlium

334 1008 534 1056 meum,
570 993 839 1049 suscitare
862 994 1040 1048 tribus
1067 991 1258 1057 Jacob,
1292 999 1346 1048 et
1380 993 1538 1050 faeces
1569 993 1736 1050 Israel
1780 1009 1914 1049 con-

333 1091 546 1139 vertere
591 1086 630 1138 ¹.
680 1103 699 1136 ι
739 1083 839 1139 Hic
869 1085 1036 1156 igitur
1063 1099 1093 1139 a
1125 1083 1287 1140 Patre
1330 1100 1453 1139 cum
1486 1086 1626 1141 inter
1657 1086 1762 1140 alia
1788 1085 1910 1141 haec

334 1175 600 1230 audiisset
627 1194 641 1230 :
680 1194 698 1227 ι
735 1175 870 1231 Dedi
901 1187 954 1232 te
983 1178 1039 1232 in
1067 1184 1451 1233 testamentum
1482 1179 1718 1248 generis,
1745 1179 1802 1232 in
1824 1179 1911 1233 Iu-

333 1275 456 1315 men
480 1261 744 1331 gentium,
769 1262 1039 1333 judicium
1069 1265 1250 1319 attulit
1273 1265 1544 1335 gentibus,
1581 1286 1600 1318 ι
1633 1267 1707 1320 ita
1735 1276 1793 1320 ut
1817 1267 1909 1336 ju-

332 1351 512 1406 dicata
553 1353 767 1410 ratione
793 1355 951 1425 juxta
989 1368 1238 1412 sanctum
1275 1357 1624 1429 Evangelium
1655 1359 1788 1429 ipsae
1819 1359 1905 1413 di-

333 1443 638 1513 rigerentur
674 1463 686 1498 :
721 1446 890 1516 liquet
918 1448 972 1501 in
995 1449 1213 1504 nomine
1235 1449 1354 1519 ejus
1377 1451 1684 1520 speravisse
1720 1459 1907 1520 gentes

333 1550 454 1603 qua:
485 1535 541 1590 in
567 1552 691 1592 eum
715 1538 1090 1604 crediderunt,
1116 1541 1404 1612 ipsumque
1428 1542 1494 1596 ad
1519 1556 1613 1597 eas
1640 1543 1695 1596 in
1722 1543 1905 1598 lumen

333 1629 574 1697 gentium
603 1630 841 1695 venisse,
871 1639 932 1686 ut
959 1633 1107 1687 verbi
1139 1633 1224 1687 sui
1257 1633 1462 1688 lumine
1486 1634 1685 1689 mentis
1714 1635 1904 1690 oculos

332 1721 486 1790 prius
520 1722 882 1792 caligantibus
929 1725 1256 1781 recluderet.
1293 1724 1398 1781 Sed
1441 1727 1605 1781 etiam
1657 1727 1841 1782 eduxit
1873 1744 1904 1783 e

332 1816 567 1871 vinculis
595 1818 866 1886 quondam
896 1827 1244 1888 peccatorum
1271 1819 1501 1874 nexibus
1528 1819 1788 1889 illigatos,
1815 1828 1901 1874 at-

332 1923 438 1978 que
466 1924 496 1962 e
521 1908 686 1964 domo
709 1911 950 1965 carceris
979 1912 1179 1966 diaboli
1207 1912 1329 1966 illos
1352 1912 1445 1981 qui
1467 1911 1707 1966 omnium
1731 1911 1901 1968 Deum

333 1999 646 2069 ignorantes
679 2001 734 2055 in
766 2002 1008 2057 tenebris
1035 2003 1314 2057 sedebant.
1341 2001 1490 2057 Licet
1510 2002 1756 2059 studioso
1788 2005 1903 2060 sin-

333 2089 488 2158 gulas
504 2090 781 2160 inquirere
798 2094 1095 2162 prophetiae
1114 2109 1298 2159 voces,
1319 2094 1694 2164 reliquamque
1714 2094 1904 2150 dictio-

333 2196 480 2246 nem,
531 2183 673 2238 sicut
727 2184 890 2238 modo
939 2185 1313 2254 exposuimus,
1364 2185 1433 2240 ad
1477 2186 1754 2242 Christum
1806 2185 1900 2242 Dei

333 2277 651 2333 transferre.

2021 551 2186 588 σωσιν
2208 551 2220 563 ’
2266 555 2285 586 ι
2320 535 2533 598 τούτοις
2562 536 2672 606 γὰρ
2703 533 3025 606 ἐπιφέρεται
3050 537 3108 587 ἐν
3139 533 3218 604 τῷ
3248 533 3573 603 Εὑαγγελίῳ
3594 549 3614 563 ο

2023 645 2042 679 ι
2078 628 2194 680 Ἵνα
2222 625 2480 698 πληρωθῇ
2515 627 2576 679 τὸ
2611 626 2774 698 ῥηθὲν
2805 625 2894 678 διὰ.
2931 626 3155 678 Ἡσαΐου
3185 623 3278 676 106
3301 626 3616 695 προφήτου,

2015 718 2264 787 λέγοντος
2285 735 2298 748 ·
2345 717 2475 772 Ἰδοὺ
2500 720 2529 771 6
2561 720 2689 781 παῖς
2725 735 2851 788 μου,
2881 717 2941 770 ὃν
2971 717 3196 788 ᾑρέτισα
3217 733 3229 746 ·
3262 718 3290 768 6
3321 717 3615 787 ἀγαπητός

2019 828 2142 881 μου,
2171 810 2229 863 δν
2254 809 2544 880 εὐδόκησεν
2573 812 2606 880 ή
2633 810 2778 880 ψυχή
2813 824 2944 880 μου’
2977 808 3127 879 θήσω
3158 806 3219 860 τὸ
3248 807 3476 878 Πνεῦμα
3504 825 3612 876 μου

2016 904 2101 956 ἐπ’
2129 903 2312 966 αὐτὸν,
2349 921 2368 954 ι
2404 903 2496 956 καὶ
2539 901 2610 954 τὰ
2652 900 2801 972 ἐξῆς,
2835 901 2935 953 ὅσα
2970 899 3034 969 δὴ
3080 901 3140 951 ἐν
3184 900 3252 970 τῇ
3298 900 3615 968 προφητείᾳ

2013 993 2379 1046 κατείλεκται.
2409 992 2580 1055 Αὐτὸς
2626 991 2669 1045 δ’
2717 989 2784 1044 ἂν
2835 985 2929 1043 οὖν
2968 989 3054 1059 εἴη
3099 987 3166 1041 ἃν
3213 990 3242 1040 6
3277 990 3371 1042 καὶ
3410 987 3610 1042 Ἰακὼϐ

2011 1086 2374 1158 χρηματίσας,
2411 1085 2547 1148 Παῖς
2577 1084 2654 1138 ῶν
2700 1083 2992 1154 μονογενὴς
3025 1080 3115 1135 106
3159 1081 3325 1134 Θεοῦ·
3373 1082 3451 1144 ὡς
3485 1082 3610 1135 ἐτέ-

2014 1177 2146 1248 ρωθι
2178 1177 2474 1231 λέλεκται·
2515 1195 2535 1228 ι
2586 1176 2744 1244 Μέγα
2799 1174 2880 1228 σοί
2930 1175 3048 1227 ἐστι
3099 1172 3195 1226 τοῦ
3239 1173 3510 1244 κληθῆναί
3543 1191 3610 1227 σε

2009 1271 2176 1323 παῖδά
2222 1287 2343 1340 μου,
2392 1268 2486 1323 τοῦ
2534 1269 2731 1339 στῆσαι
2775 1266 2875 1331 τὰς
2917 1266 3090 1337 φυλὰς
3124 1265 3339 1330 Ἰακὼϐ,
3371 1268 3467 1320 καὶ
3503 1265 3608 1329 τὰς

2006 1361 2306 1433 διασπορὰς
2333 1360 2428 1414 106
2472 1359 2688 1432 Ἰσραὴλ
2721 1359 3070 1429 ἐπιστρέψαι.
3111 1376 3129 1408 ι
3179 1352 3348 1420 Οὗτος
3393 1358 3461 1428 δὴ
3500 1359 3609 1410 τοξ-

2005 1470 2100 1506 νυν
2147 1452 2300 1524 παρὰ
2344 1451 2438 1505 106
2492 1452 2706 1524 Πατρὸς
2767 1451 3008 1515 ἀκούσας
3061 1451 3202 1522 μετὰ
3257 1451 3365 1504 τῶν
3422 1452 3608 1505 ἄλλων

2006 1545 2069 1615 (Ῑ.
2115 1545 2184 1598 52
2217 1545 2292 1615 v°)
2326 1545 2421 1597 καὶ
2448 1544 2537 1596 τό·
2583 1562 2602 1595 ι
2640 1543 2861 1596 Ἐδωκά
2889 1559 2947 1596 σε
2981 1544 3062 1606 εἰς
3087 1541 3356 1614 διαθήκην
3385 1543 3602 1612 γένους,

2006 1638 2085 1700 εἰς
2117 1635 2232 1705 φῶς
2275 1634 2468 1699 ἐθνῶν,
2499 1633 2682 1705 κρίσιν
2715 1633 2952 1704 ἐξήγαγε
2991 1637 3104 1696 τοῖς
3132 1633 3363 1696 ἔθνεσιν,
3403 1653 3425 1686 ι
3457 1633 3605 1686 ὥστε

2005 1727 2314 1799 κεκριμένῳ
2341 1725 2589 1797 λογισμῷ
2632 1725 2774 1778 κατὰ
2819 1726 2880 1778 τὸ
2910 1725 3054 1796 ἱερὸν
3081 1725 3415 1794 Εύαγγέλιον
3461 1725 3606 1778 αὑτὰ

2008 1818 2419 1874 πολιτεύεσθαι·
2469 1818 2637 1888 σαφὲς
2670 1817 2714 1869 δ’
2749 1819 2897 1881 ὅπως
2943 1818 3035 1870 ἐπὶ
3078 1818 3153 1888 τῷ
3176 1817 3400 1888 ὀνόματι
3431 1816 3603 1870 αὑτοῦ

2006 1911 2076 1964 τὰ
2121 1909 2488 1964 πιστεύσαντα
2530 1911 2608 1972 εἰς
2644 1910 2803 1963 αὑτὸν
2853 1909 2980 1980 έθνη
3033 1909 3252 1980 ἡλπικε,
3299 1909 3398 1962 καί⁸
3447 1909 3603 1972 ὅπως

2002 2001 2150 2073 αὐτῷ
2196 2001 2272 2074 (l)
2318 2003 2398 2066 εἰς
2449 2001 2563 2070 φῶς
2596 2001 2765 2054 ἐθνῶν
2788 2001 3180 2065 ἁναδέδεικται,
3210 2000 3352 2054 ὥστε
3381 1999 3474 2053 διὰ
3501 1999 3602 2054 τοῦ

2006 2097 2181 2165 φωτὸς
2217 2096 2311 2149 τοῦ
2346 2095 2506 2163 λόγου
2531 2094 2696 2148 αὑτοῦ
2738 2093 3320 2166 διανυγῆναι(οιγῆναι)
3342 2096 3474 2157 τοὺς
3499 2092 3604 2163 τῆς

2001 2187 2238 2250 διανοίας
2274 2186 2586 2258 ὀφθαλμοὺς
2625 2185 2731 2239 τῶν
2763 2185 2932 2238 πάλαι
2979 2184 3203 2248 τούτοις
3257 2185 3602 2256 πεπηρωμέ-

2003 2296 2108 2332 νων
2132 2296 2146 2310 ·
2178 2279 2314 2332 ἀλλὰ.
2345 2279 2438 2332 καὶ
2481 2277 2751 2350 ἐξήγαγεν
2798 2279 2865 2332 ἐκ
2902 2277 3117 2349 δεσμῶν
3158 2277 3284 2340 τοὺς
3329 2276 3604 2346 πρότερον

337 2375 539 2444 σειραῖς
569 2371 679 2426 τῶν
719 2371 863 2426 ἰδίων
909 2372 1191 2444 ἁμαρτιῶν
1236 2373 1701 2444 κατεσφιγμένους
1731 2371 1794 2438 ἐξ
1836 2371 1986 2427 οἴκου
2026 2391 2084 2429 τε
2107 2374 2208 2445 τῆς
2266 2375 2358 2429 τοῦ
2423 2374 2669 2428 διαϐόλου
2715 2374 2962 2444 φυλακῆς
3019 2373 3146 2437 τοὺς
3194 2373 3282 2427 διὰ
3325 2374 3427 2444 τὴν
3472 2390 3601 2464 περι

334 2463 426 2515 τὸν
463 2464 570 2517 τῶν
590 2464 724 2517 ὅλων
747 2465 878 2518 Θεὸν
900 2464 1119 2533 ἄγνοιαν
1146 2466 1203 2518 ἐν
1231 2467 1408 2518 σκότει
1443 2465 1802 2538 καθημένους.
1826 2467 2115 2538 Πρόκειται
2139 2468 2196 2522 δὲ
2244 2467 2324 2539 τῷ
2365 2468 2654 2539 φιλομαθεῖ
2687 2469 2921 2537 ἐκὰστην
2943 2467 3215 2533 ἐξετάζειν
3252 2467 3351 2535 τῆς
3384 2463 3603 2535 11903711;

332 2553 481 2616 τείας
506 2553 668 2620 λέξιν,
701 2555 795 2607 καὶ
827 2555 1101 2623 ἀναλόγως
1129 2557 1241 2619 τοῖς
1271 2556 1360 2624 ὑφ’
1388 2557 1545 2628 ἡμῶν
1563 2557 1983 2628 εἰρημένοιςέπί
2006 2559 2096 2612 τὸν
2118 2560 2352 2630 Χριστὸν
2375 2559 2468 2613 τοῦ
2496 2559 2630 2613 Θεοῦ
2660 2559 2731 2612 τὰ
2748 2559 3120 2611 ὑποπίπτοντα
3147 2557 3499 2628 μεταφέρειν.

920 2648 1147 2706 CAPUT
1183 2648 1322 2704 XXI.

404 2759 428 2792 v
469 2739 654 2797 Estote
673 2741 807 2796 mihi
840 2750 1030 2808 testes,
1053 2751 1106 2798 et
1134 2758 1234 2814 ego
1264 2744 1441 2811 testis,
1480 2743 1612 2799 dicit
1642 2743 1906 2801 Dominus

334 2829 499 2896 Deus,
525 2841 579 2888 et
616 2850 750 2904 puer
783 2849 944 2904 quem
996 2835 1131 2906 elegi
1161 2838 1204 2891 ³.
1240 2855 1261 2889 ›
1311 2836 1376 2890 Ει
1409 2838 1532 2908 quis
1583 2844 1727 2892 esset
1773 2852 1910 2907 puer

331 2940 492 2996 quem
520 2924 680 2994 elegit
708 2923 969 2980 Dominus
1018 2923 1162 2980 Deus
1189 2966 1204 2991 ,
1264 2940 1426 2996 quem
1470 2934 1524 2980 et
1575 2927 1679 2981 sibi
1713 2934 1905 2982 testem

335 3015 450 3069 fore
473 3012 732 3084 praedicat
763 3028 956 3068 eorum
983 3013 1078 3085 qui
1121 3013 1226 3085 ipsi
1254 3015 1627 3072 testimonium
1657 3019 1910 3087 perbibe-

332 3106 488 3171 bunt,
519 3106 625 3160 nisi
652 3106 762 3170 ille,
789 3105 858 3161 de
884 3121 993 3177 quo
1016 3115 1070 3161 et
1100 3106 1156 3160 in
1198 3107 1525 3177 praecedenti
1553 3109 1792 3180 capitulo
1823 3109 1910 3164 di-

334 3205 479 3250 ctum
513 3205 634 3253 est:
671 3215 690 3248 ι
729 3195 896 3252 Jacob
952 3213 1088 3268 puer
1115 3214 1293 3266 meus,
1343 3201 1639 3270 suscipiam
1699 3216 1844 3268 eum,
1885 3221 1903 3253 ι

333 3297 388 3342 et
420 3303 540 3358 quae
569 3289 909 3358 sequuntur?
933 3288 1064 3355 Quae
1108 3291 1326 3360 quidem
1358 3291 1646 3348 manifeste
1690 3292 1758 3348 de
1789 3291 1908 3348 Sal-

335 3387 524 3435 vatore
551 3381 887 3452 Dominoque
913 3389 1104 3439 nostro
1122 3381 1251 3440 Jesu
1281 3385 1662 3456 prophetizata
1683 3385 1912 3442 demon-

337 3477 504 3523 strata
530 3475 679 3524 sunt.

916 3582 1144 3640 CAPUT
1181 3583 1348 3642 XXII.

409 3691 429 3726 ‹
465 3673 605 3730 Ecce
619 3689 720 3746 ego
745 3673 1007 3733 Dominus
1025 3676 1124 3733 feci
1145 3686 1365 3744 terram,
1385 3677 1724 3744 ethominem
1745 3694 1908 3748 super

333 3780 488 3832 eam;
522 3780 622 3835 ego
655 3780 817 3820 manu
841 3781 960 3821 mea
995 3767 1328 3822 consolidavi
1365 3767 1586 3832 calum,
1611 3782 1710 3838 ego
1731 3769 1906 3822 omni-

333 3857 435 3912 bus
464 3857 630 3912 astris
656 3855 928 3914 mandavi.
961 3859 1072 3928 Ego
1106 3857 1368 3915 suscitavi
1389 3873 1514 3913 eum
1539 3873 1664 3912 cum
1688 3858 1906 3928 justitia

334 3963 536 4019 regem,
561 3955 614 4002 et
641 3961 834 4004 omnes
862 3947 964 4004 via:
1001 3949 1120 4019 ejus
1155 3956 1338 4004 rectm.
1369 3946 1472 4003 Hic
1498 3947 1787 4004 adiﬁcabit
1829 3947 1909 4002 ci-

333 4043 556 4096 vitatem
590 4056 785 4106 meam,
817 4051 871 4096 et
921 4042 1288 4110 captivitatem
1349 4039 1534 4110 populi
1587 4047 1904 4103 convertet,

334 4149 444 4188 non
476 4133 681 4204 pretio,
733 4148 910 4204 neque
946 4134 1266 4189 muneribus
1287 4172 1301 4196 ,
1355 4131 1487 4187 dicit
1519 4130 1781 4186 Dominus
1813 4130 1910 4185 Sa-

333 4223 519 4279 baoth.
551 4222 642 4280 Sic
665 4223 798 4279 dicit
829 4223 1094 4279 Dominus
1116 4222 1354 4278 Sabaoth
1381 4237 1395 4272 :
1428 4221 1720 4277 Lahoravit
1733 4221 1903 4294 Egy-

335 4324 478 4385 ptus,
504 4323 558 4370 ct
587 4316 880 4387 negotiatio
914 4314 1231 4386 Ethiopum
1251 4354 1266 4379 ,
1319 4323 1374 4369 et
1406 4311 1626 4368 Sabaim
1657 4314 1760 4368 viri
1809 4331 1903 4369 ex-

2514 2654 2906 2708 ΚΕΦΑΛΑΙΟΝ
2938 2652 3073 2709 KA'.

2085 2764 2104 2797 ‹
2141 2745 2366 2799 Γένεσθέ
2403 2763 2492 2818 μοι
2527 2747 2822 2818 μάρτυρες,
2859 2745 3015 2816 κάγὼ
3045 2747 3274 2818 μάρτυς,
3295 2745 3452 2814 λέγει
3488 2747 3603 2799 Κύ-

2015 2853 2125 2910 ριος
2149 2840 2177 2892 6
2202 2837 2352 2904 Θεὸς,
2385 2839 2480 2893 καὶ
2503 2839 2531 2892 6
2563 2841 2690 2903 παῖς
2713 2838 2771 2891 ὂν
2803 2836 3153 2908 ἐξελεξάμην.
3191 2859 3208 2889 ι
3248 2837 3361 2890 Καὶ
3393 2837 3481 2901 τίς
3530 2837 3600 2890 ἂν

2012 2929 2094 3000 εἴη
2127 2929 2156 2979 6
2186 2932 2314 2992 παῖς
2340 2929 2399 2982 ὃν
2431 2929 2706 2994 ἐξελέξατο
2743 2929 2945 3000 Κύριος
2971 2931 3000 2980 6
3025 2929 3179 2992 Θεὸς,
3204 2927 3263 2981 ὃν
3289 2929 3386 2981 καὶ
3416 2928 3602 2998 ἐαυτῷ

2013 3020 2404 3089 συγκαταλέγει
2442 3022 2693 3093 μάρτυρα
2725 3021 3088 3092 γενησόμενον
3121 3020 3229 3072 τῶν
3268 3020 3418 3090 αὐτῷ
3457 3039 3600 3092 μαρι-

2009 3109 2396 3182 τυρούντων,ἢ
2445 3107 2598 3175 οὗτος
2645 3110 2775 3181 περί
2815 3103 2875 3163 οὗ
2905 3110 2998 3163 καὶ
3041 3112 3098 3164 ἐν
3141 3110 3220 3181 τῷ
3266 3111 3374 3182 πρὸ
3400 3111 3600 3163 τούτου

2009 3201 2290 3272 κεφαλαίῳ
2323 3203 2560 3271 ἐλέγετο·
2599 3221 2618 3253 ι
2661 3201 2856 3255 Ἰακὼϐ
2900 3202 2928 3252 6
2961 3204 3091 3266 παῖς
3130 3219 3263 3272 μου,
3298 3202 3598 3273 ἀντιλήψο-

2013 3312 2108 3366 μαι
2146 3294 2332 3359 αὑτοῦ,
2377 3315 2396 3347 ι
2434 3295 2530 3347 καὶ
2577 3293 2646 3347 τὰ
2696 3294 2859 3364 ἐξῆςς
2913 3292 3071 3358 ἅτινα
3123 3293 3311 3362 σαφῶς
3353 3295 3450 3347 ἐπὶ
3504 3294 3599 3346 τὸν

2009 3387 2237 3458 Σωτῆρα
2267 3387 2362 3439 καὶ
2395 3385 2597 3457 Κύριον
2627 3386 2786 3457 ἡμῶν
2824 3384 3030 3458 Ἰησοῦν
3075 3385 3433 3439 ἀπεδείκνυτο
3466 3402 3600 3456 προ-

2010 3493 2254 3548 πεφητευ
2262 3476 2417 3546 μένα.

2513 3589 2912 3644 ΚΕΦΑΛΔΙΟΝ
2959 3589 3088 3642 KB'.

2084 3699 2103 3732 ι
2129 3677 2270 3748 Ἐγὼ
2296 3680 2528 3750 ἐποίησα
2561 3680 2684 3750 γῆν,
2715 3681 2808 3734 καὶ
2835 3679 3121 3752 ἄνθρωπον
3138 3679 3223 3732 ἐπ’
3238 3678 3412 3749 αὐτῆς
3434 3697 3448 3706 ·
3481 3677 3600 3746 ἐγὼ

2006 3773 2071 3842 τῇ
2106 3770 2248 3841 Χειρί
2281 3787 2382 3841 μου
2424 3770 2729 3840 ὲστερὲωσα
2757 3771 2847 3825 τὸν
2875 3770 3102 3842 οὐρανόν
3120 3787 3135 3801 ο
3174 3769 3286 3837 ἐγὼ
3314 3771 3452 3822 πᾶσι
3480 3772 3596 3833 10?;

2007 3862 2226 3934 ἄστροις
2276 3859 2646 3931 ἐνετειλάμην.
2693 3859 2834 3934 Ἐγὼ
2878 3861 3078 3932 ἧγειρα
3117 3859 3279 3912 αὐτὸν
3325 3858 3464 3929 μετὰ
3510 3859 3593 3912 δι-

2007 3933 2299 4022 καιοσύνης
2335 3951 2579 4022 βασιλέα,
2614 3933 2912 4005 καίπᾶσαι
2945 3954 3002 4005 αἰ
3029 3950 3139 4004 ὁδοὶ
3163 3949 3328 4002 αὑτοῦ
3358 3949 3589 4002 εὐθεῖαι.

2006 4040 2174 4107 Οὗτος
2205 4045 2550 4117 οἰκοδομήσει
2586 4045 2684 4114 τὴν
2707 4044 2860 4098 πόλιν
2901 4061 3025 4115 μου,
3053 4044 3148 4097 καὶ
3180 4045 3278 4114 τὴν
3305 4043 3595 4113 αἰχμαλω-

2008 4137 2126 4191 σίαν
2157 4136 2252 4190 106
2284 4137 2412 4190 λαοῦ
2451 4155 2550 4209 μου
2583 4136 2920 4208 ἐπιστρέψει,
2950 4137 3010 4190 ού
3053 4135 3193 4206 μετὰ
3221 4135 3432 4206 δώρων,
3466 4137 3591 4190 οὐδὲ

2009 4229 2148 4301 μετὰ
2194 4229 2424 4300 λύτρων,
2471 4225 2622 4282 εἶπεν
2662 4227 2867 4298 Κύριος
2909 4226 3160 4280 Σαϐαὼθ.
3203 4225 3393 4289 Οὕτως
3439 4226 3596 4294 λέγει

2007 4319 2208 4392 Κύριος
2236 4317 2462 4372 Σαϐαὼθ
2485 4335 2498 4348 ·
2541 4318 2862 4371 Ἐκοπίασεν
2890 4319 3183 4385 Αἴγυπτος,
3219 4317 3315 4370 καὶ
3346 4318 3595 4388 ἐμπορία

332 4405 463 4460 celsi
495 4404 561 4459 ad
593 4414 644 4460 te
676 4406 1010 4472 transibunt,
1041 4414 1096 4462 et
1117 4407 1195 4460 tui
1227 4411 1388 4460 erunt
1419 4403 1585 4469 servi,
1613 4413 1665 4459 et
1686 4418 1717 4457 a
1749 4412 1899 4475 tergo

2013 4409 2290 4472 Αἰθιόπων,
2318 4409 2413 4462 καὶ
2431 4409 2478 4462 οἰ
2494 4407 2738 4479 Σαϐαεὶμ
2756 4407 2944 4478 ἄνδρες
2975 4406 3168 4477 ὑψηλοὶ
3196 4408 3288 4459 ἐπὶ
3314 4407 3375 4459 σὲ
3398 4406 3591 4475 διαϐή-

335 4506 386 4552 ιο
414 4509 708 4567 scquentur
738 4499 904 4554 vincti
938 4499 1190 4562 manicis,
1218 4506 1271 4553 et
1311 4497 1618 4552 adorabunt
1646 4495 1900 4565 juvenes,

332 4598 388 4645 et
421 4593 473 4644 in
507 4599 559 4646 te
584 4591 854 4656 orabunt,
900 4592 1156 4661 quoniam
1191 4591 1246 4645 in
1291 4599 1345 4644 te
1393 4587 1537 4643 Deus
1569 4597 1675 4652 est,
1705 4594 1761 4642 et
1791 4602 1902 4642 non

331 4690 418 4739 cst
451 4681 591 4737 Deus
620 4691 816 4751 praeter
849 4689 901 4735 te
929 4700 946 4736 :
983 4693 1038 4735 tu
1069 4682 1214 4736 enim
1244 4695 1304 4735 es
1334 4679 1509 4745 Deus,
1561 4687 1617 4733 et
1658 4694 1767 4734 non
1804 4693 1904 4733 no-

331 4791 606 4839 veramus,
649 4773 791 4828 Deus
821 4774 984 4828 Israel
1017 4772 1285 4828 Salvator.
1320 4771 1656 4827 Erubescent
1685 4779 1740 4826 et
1773 4785 1906 4826 con-

333 4869 631 4922 fundentur
657 4882 847 4922 omnes
872 4867 965 4937 qui
995 4868 1355 4921 adversantur
1399 4865 1534 4929 tibi,
1581 4872 1637 4918 et
1668 4863 1906 4918 ambula-

332 4962 468 5015 bunt
498 4960 550 5012 in
604 4959 808 5028 pudore
841 4958 882 5012 ³.
922 4978 941 5011 ι
1005 4958 1283 5014 Christum
1319 4955 1478 5012 Pater
1534 4955 1822 5012 suscitavit
1872 4971 1903 5009 a

332 5053 588 5115 mortuis,
621 5052 962 5105 constituens
990 5066 1114 5104 eum
1159 5064 1284 5104 cum
1315 5047 1530 5118 justitia
1571 5062 1774 5117 regem,
1813 5063 1907 5103 su-

333 5159 430 5214 per
469 5143 598 5197 Sion
629 5142 906 5196 ctelestcm
929 5183 944 5206 ,
982 5149 1216 5195 montem
1249 5149 1496 5196 sanctum
1523 5137 1645 5207 ejus
1674 5153 1904 5208 regnan-

333 5244 472 5301 tem;
508 5233 734 5302 ideoque
762 5233 1204 5297 suscitaviteum,
1231 5239 1518 5304 postquam
1543 5245 1562 5278 ‹
1590 5243 1779 5283 omnes
1806 5229 1904 5283 viae

334 5325 474 5395 ejus,
506 5344 524 5377 ι
559 5327 654 5392 ait,
683 5325 838 5381 facta:
867 5336 994 5383 sunt
1043 5333 1201 5380 rectae
1251 5345 1264 5380 :
1305 5341 1415 5380 non
1439 5335 1524 5382 est
1554 5325 1610 5378 in
1651 5322 1732 5378 eis
1777 5338 1902 5393 pra-

337 5433 460 5470 vum
489 5421 656 5488 quid,
708 5438 885 5494 neque
933 5434 1248 5491 perversum
1293 5419 1336 5476 δ.
1389 5438 1410 5472 ι
1446 5441 1560 5474 -σ
1612 5420 1902 5477 Peccatum

333 5507 482 5564 enim
523 5525 633 5564 non
687 5511 838 5576 fecit,
871 5527 1048 5581 neque
1093 5510 1346 5565 inventus
1397 5521 1482 5566 est
1521 5512 1680 5566 dolus
1723 5510 1777 5564 in
1809 5523 1905 5563 ore

408 5615 427 5648 ¹
450 5616 572 5670 lsai.
599 5632 745 5689 nix,
773 5620 827 5674 6.
901 5623 923 5652 ³
954 5619 1078 5675 lsai.
1102 5633 1258 5685 XLIII,
1292 5620 1380 5678 ιο.

406 5728 488 5804 (l)
518 5728 675 5786 Forte
705 5732 810 5801 leg.
844 5731 1025 5802 αὑτός,
1067 5730 1219 5788 Enn.

2009 4519 2210 4566 σονται,
2239 4503 2332 4554 καὶ
2359 4501 2440 4553 σοὶ
2467 4501 2679 4554 ἔσονται
2704 4500 2900 4563 δοῦλοι,
2930 4502 3026 4553 καὶ
3052 4500 3229 4553 ὀπίσω
3251 4516 3345 4552 σου
3365 4500 3593 4552 ἀκολου-

2009 4591 2230 4660 θήσουσι
2263 4591 2533 4660 δεδεμένοι
2572 4590 2935 4661 χειροπέδαις,
2957 4590 3053 4641 καὶ
3079 4589 3426 4658 διαϐήσονται
3454 4589 3593 4659 πρὸς

2011 4683 2094 4747 σὲ,
2131 4683 2223 4735 καὶ
2253 4682 2934 4753 προσκυνήσουσί·σοι,καὶ
2965 4683 3023 4733 ἐν
3060 4681 3143 4732 σοὶ
3176 4680 3591 4750 προσεύξονται,

2010 4775 2092 4827 ὅτι
2114 4775 2170 4827 ἐν
2191 4775 2273 4828 σοὶ
2299 4776 2328 4827 6
2355 4775 2487 4837 Θεός
2515 4776 2652 4838 ἐστι,
2685 4773 2777 4826 καὶ
2803 4774 2900 4826 οὐκ
2921 4771 3033 4824 ἐστι
3049 4772 3181 4834 Θεὸς
3208 4771 3347 4842 πλὴν
3365 4772 3491 4823 σοῦ·
3523 4773 3590 4825 σὺ

2005 4865 2113 4937 γὰρ
2137 4863 2186 4918 εἰ
2222 4865 2372 4930 Θεὸς,
2403 4865 2498 4918 καὶ
2529 4865 2629 4918 οὐκ
2652 4865 2898 4935 ᾔδειμεν,
2929 4861 3062 4925 Θεὸς
3091 4860 3185 4914 106
3224 4862 3448 4933 Ἰσραὴλ
3479 4863 3591 4914 Σω-

2003 4959 2141 5029 τήρ·
2181 4957 2630 5028 αἰσχυνθήσονται
2681 4957 2778 5010 καὶ
2819 4957 3251 5024 ἐντραπήσονται
3296 4954 3499 5015 πάντες
3538 4954 3590 5007 οἱ

2005 5048 2367 5119 ἀντικείμενοί
2401 5066 2502 5110 σοι,
2533 5048 2629 5102 καὶ
2661 5047 3016 5117 πορεύσονται
3038 5047 3095 5098 ἐν
3124 5044 3379 5115 αἰσχύνῃ.
3411 5062 3430 5096 ι
3462 5044 3592 5112 Χριι

2007 5142 2130 5195 στὸν
2170 5144 2200 5194 6
2247 5141 2438 5212 Πατὴρ
2482 5141 2701 5211 ἧγειρεν
2737 5141 2804 5193 ἐκ
2850 5139 3058 5212 νεκρῶν
3100 5137 3194 5190 106
3237 5123 3379 5191 εἶναι
3424 5135 3590 5191 αὐτὸν

2010 5232 2145 5303 μετὰ
2192 5231 2533 5303 δικαιοσύνης
2580 5231 2822 5300 βασιλέα,
2856 5233 2948 5284 ἐπὶ
2983 5231 3119 5283 Σιὼν
3159 5231 3221 5284 τὸ
3262 5232 3590 5300 ἐπουράνιον

2005 5321 2130 5395 ὅρος
2165 5323 2224 5374 τὸ
2257 5322 2411 5390 ἅγιον
2442 5322 2608 5376 αὐτοῦ
2635 5320 2986 5393 βασιλεύοντα
3009 5339 3024 5352 ο
3065 5321 3158 5374 καὶ
3193 5321 3286 5374 ἐπὶ
3333 5321 3495 5374 τοῦτό
3523 5335 3585 5388 γε

2005 5416 2166 5468 αὐτὸν
2194 5416 2434 5486 ἤγειρεν,
2465 5413 2653 5486 ἐπειδὴ
2693 5433 2711 5466 ι
2751 5415 2920 5467 πᾶσαι
2949 5415 3004 5466 αἱ
3042 5412 3153 5465 660".
3190 5410 3382 5475 αὐτοῦ,
3421 5431 3439 5463 ι
3479 5428 3582 5479 φη-

2009 5508 2112 5570 σὶν,
2149 5526 2167 5558 ι
2200 5506 2484 5577 γεγόνασιν
2511 5505 2738 5573 εὐθεῖαι,
2770 5503 2934 5577 μηδὲν
2958 5503 3178 5576 ἔχουσαι
3207 5502 3424 5557 σκολιὸν
3449 5500 3581 5572 μηδὲ

1479 5620 1798 5682 ³Ιεαί.ιι.ν,
1829 5615 2013 5676 ιε-ιο.
2089 5615 2296 5674 ‘I’rov.
2340 5636 2455 5682 vm,
2504 5621 2554 5674 8.
