3856 6226
314 275 452 332 I229

1344 283 1641 340 ECLOGA:
1681 283 2239 342 PROPIIETICE.—
2281 285 2410 342 LIB.
2455 287 2547 346 IV.

3436 298 3584 353 I250

309 403 770 476 στραγγαλιῶδες.
804 423 928 456 ι--ι
951 405 1253 479 Ἀμαρτιαν
1269 408 1378 478 γάρ
1397 424 1478 460 τοι
1494 408 1594 460 ούκ
1610 408 1875 478 ἐποίησεν,

1990 406 2112 476 ejus
2145 417 2184 462 ί.
2223 427 2241 460 ι
2277 407 2376 462 Hic
2400 423 2619 478 quoque
2662 409 2940 466 civitatem
2969 412 3260 469 aediﬁcavit
3288 415 3420 482 Dei,
3457 433 3590 472 san-

304 496 427 551 ούδὲ
447 495 645 568 εὑρέθη
670 497 819 562 δόλος
847 500 902 551 ὲν
925 498 1003 568 τῷ
1020 499 1250 570 στόματι
1273 498 1459 553 αὐτοῦ.
1490 495 1685 562 »Οὗτος
1713 499 1770 553 δὲ
1795 499 1889 552 καὶ

303 590 403 660 τὴν
440 589 594 643 πόλιν
613 590 930 661 ᾠκοδόμησε
952 590 1046 644 τοῦ
1081 591 1238 654 Θεοῦ,
1269 593 1372 664 τήν
1390 609 1449 645 τε
1472 594 1563 646 ἐπὶ
1601 592 1707 660 γῆς
1729 591 1890 655 ἁγίαν

317 681 645 752 Ἐκκλησίαν
677 682 842 736 αὐτοῦ
877 683 972 736 καὶ
1005 683 1102 754 τὴν
1131 684 1455 755 ἐπουράνιον
1499 683 1886 755 Ἰερουσαλήμ·

307 774 644 845 ἐπιστρέψας
688 774 787 845 τὴν
830 775 1206 846 αἰχμαλωσίαν
1248 776 1342 830 τοῦ
1393 775 1522 830 λαοῦ
1570 773 1760 840 αὑτοῦ,
1789 775 1889 846 τὴν

307 869 606 939 γενομένην
648 869 780 922 ποτὲ
808 869 913 922 ὑπὸ
940 869 1030 922 τὸν
1066 869 1255 939 νοητὸν
1279 869 1768 940 Ναϐουχοδονόσορ,
1797 869 1890 923 καὶ

305 960 406 1025 τὰς
441 962 534 1014 ὑπ’
562 961 725 1014 αὐτὸν
767 961 1025 1032 δυνάμεις
1060 961 1303 1032 πονηράς
1327 978 1342 992 δ
1388 963 1483 1015 καὶ
1521 961 1586 1032 δὴ
1622 959 1722 1031 τὴν
1755 977 1892 1032 προ·-

305 1053 604 1125 ειρημένην
641 1053 1015 1124 αἰχμαλωσίαν
1049 1053 1408 1125 ὑπέστρεψεν,
1445 1055 1506 1107 οὐ
1552 1053 1722 1125 λύτρα
1764 1053 1891 1116 δοὺς

303 1147 418 1208 τοῖς
443 1144 970 1216 αίχμαλωτεύσασιν,
1006 1145 1128 1198 οὐδὲ
1161 1143 1266 1216 μὴν
1298 1142 1491 1217 δώροις
1523 1145 1721 1209 αὐτοὺς
1765 1143 1887 1198 πεί-

303 1253 424 1301 σας,
451 1235 788 1307 στρατεύσας
819 1236 876 1290 δὲ
900 1237 1019 1289 κατ’
1043 1236 1223 1288 αὐτῶν
1251 1236 1343 1288 καὶ
1368 1235 1432 1288 δι’
1455 1232 1666 1304 ἀγῶνος
1687 1234 1886 1296 αὐτοὺς

300 1330 727 1403 χειρωσάμενος,
766 1329 906 1383 ὥστε
949 1331 1043 1383 ἐπὶ
1088 1329 1166 1400 τῷ
1204 1328 1588 1400 κατορθώματι
1634 1328 1887 1402 λαμπρυ-

300 1419 534 1490 νάμενον
567 1419 764 1488 φάναι·
803 1437 822 1471 ι
858 1419 1000 1488 Ἐγὼ
1023 1418 1283 1490 νενίκηκα
1312 1419 1404 1472 τὸν
1432 1419 1657 1486 κόσμον.
1691 1438 1710 1472 ι
1738 1421 1888 1490 Μαρ-

298 1512 456 1581 τυρεῖ
490 1509 551 1578 (f.
584 1510 674 1581 55)
707 1508 915 1574 τούτοις
947 1509 1016 1562 τὰ
1046 1509 1226 1581 πλήθη
1258 1508 1366 1562 τῶν
1410 1510 1518 1564 ἀπὸ
1557 1511 1658 1580 τῆς
1691 1510 1887 1582 προτέ-

303 1617 403 1670 ρας
432 1600 640 1671 πλάνης
671 1600 762 1653 ἐπὶ
787 1600 847 1653 τὸ
873 1598 1161 1669 γινώσκειν
1191 1601 1282 1654 τὸν
1316 1601 1493 1672 ἀληθῆ
1521 1601 1654 1655 Θεὸν
1683 1601 1750 1655 δι’
1785 1603 1884 1654 αύ-

298 1686 395 1741 τοῦ
428 1688 978 1762 παλινδρομησάντων
997 1690 1060 1761 ’ἢ
1084 1691 1393 1760 λεγέτωσαν
1418 1693 1468 1744 oi
1486 1692 1550 1745 ὲκ
1574 1691 1881 1764 περιτομῆς

301 1783 396 1836 ἐπὶ
428 1782 547 1838 τίνα
567 1783 610 1835 δ’
634 1783 700 1838 ἂν
747 1785 1040 1856 ἁρμόζοιεν
1068 1785 1137 1840 τὰ
1171 1786 1268 1857 τῆς
1300 1787 1438 1858 μετὰ
1462 1790 1650 1859 χεῖρας
1674 1805 1886 1859 προφη-
1918 1768 1960 1824 Β

296 1876 449 1939 τείας
485 1876 672 1944 σαφῶς
703 1876 835 1930 Θεὸν
859 1878 1228 1952 ὁμολογούσης
1255 1880 1348 1934 τὸν
1377 1881 1880 1952 προφητευόμενον·

303 1987 324 2018 ς
357 1970 420 2022 Οἱ
442 1968 502 2022 δὲ
526 1968 688 2037 γὰρ,›
717 1970 872 2041 φησὶ,
910 1989 928 2022 ι
961 1971 1056 2024 καὶ
1079 1972 1187 2026 οἵδε
1215 1973 1299 2026 σοὶ
1320 1971 1533 2027 ἔσονται
1561 1971 1758 2037 δοῦλοι,
1789 1973 1884 2026 καὶ

294 2060 471 2115 ὀπίσω
527 2079 619 2116 σου
672 2062 1118 2133 ἀκολουθήσουσι,
1151 2066 1244 2119 καὶ
1288 2066 1726 2137 προσκυνήσουσί
1777 2083 1880 2130 σοι,

296 2155 394 2207 καὶ
438 2155 494 2208 ὲν
521 2155 602 2208 σοὶ
638 2155 1048 2226 προσεύξονται,
1078 2158 1159 2211 ὅτι
1188 2159 1246 2210 ὲν
1271 2159 1356 2211 σοὶ
1397 2160 1427 2212 6
1457 2157 1592 2221 Θεός
1624 2160 1762 2220 ἐστι,
1790 2159 1884 2212 κα)⁸

293 2247 396 2300 οὐκ
424 2245 570 2300 ἔστιν
598 2246 755 2310 ἄλλος
788 2248 928 2318 πλὴν
970 2247 1064 2300 σοῦ
1089 2265 1103 2280 ο
1143 2249 1207 2302 σὺ
1239 2247 1350 2320 γὰρ
1383 2243 1436 2301 εἴ
1462 2248 1615 2312 Θεὸς,
1648 2249 1743 2302 καὶ
1781 2249 1885 2302 οὐκ

291 2339 537 2410 ᾔδειμεν,
567 2338 699 2404 Θεὸς
731 2339 824 2394 τοῦ
865 2341 1080 2412 Ἰσραὴλ
1109 2341 1325 2412 Σωτήρ.
1369 2359 1388 2393 ι
1428 2340 1626 2410 Σαφῶς
1661 2341 1770 2411 γάρ
1799 2357 1882 2393 τοι

295 2433 533 2490 ἐνταῦθα
589 2427 634 2504 ᾧ
661 2434 850 2504 λέγετο
901 2433 990 2498 τὸ,
1031 2433 1114 2486 ὅτι
1163 2452 1182 2484 ι
1221 2435 1250 2487 6
1290 2433 1425 2498 Θεὸς
1467 2434 1524 2486 ὲν
1563 2433 1646 2486 σοί
1687 2436 1822 2496 εστι,
1856 2452 1874 2484 ι

293 2528 470 2599 τούτῳ
496 2526 835 2598 προσφωνῶν
868 2543 1033 2596 φησιν
1057 2527 1084 2579 6
1109 2525 1266 2594 λόγος
1293 2525 1375 2589 τὸ,
1414 2543 1433 2576 ι
1471 2525 1567 2578 καὶ
1596 2525 1697 2579 ούκ
1732 2525 1881 2581 ἐστιν

293 2621 451 2686 ἄλλος
473 2621 613 2693 πλὴν
643 2619 736 2674 σοῦ
761 2636 776 2651 ⁸
813 2622 878 2675 σὺ
902 2620 1014 2692 γὰρ
1047 2615 1098 2673 εἴ
1127 2618 1281 2684 Θεὸς,
1316 2621 1410 2673 καὶ
1439 2619 1542 2672 οὐκ
1567 2618 1787 2690 ᾔδειμεν
1807 2637 1820 2650 ·
1855 2639 1874 2672 ι

289 2714 330 2768 ἃ
366 2715 462 2768 καὶ
489 2712 803 2780 ἐξακούεται
834 2713 910 2776 ῶς
949 2712 1016 2766 ἂν
1056 2714 1120 2764 ὲκ
1148 2709 1442 2782 προσώπου
1471 2711 1739 2780 λεγόμενα
1769 2710 1878 2763 τῶν

290 2804 682 2872 ὲπεγνωκότων
704 2801 1200 2873 ἐνανθρωπήσαντα
1219 2801 1309 2854 τὸν
1334 2801 1570 2872 Χριστὸν
1589 2800 1685 2855 τοῦ
1708 2800 1844 2854 Θεοῦ
1861 2819 1873 2831 ·

289 2896 349 2947 ἐν
370 2887 415 2963 ᾧ
446 2894 740 2965 ἐτύγχανεν
769 2892 932 2948 οἰκῶν
958 2893 1091 2956 Θεὸς
1116 2895 1146 2946 6
1173 2892 1384 2964 Πατὴρ,
1416 2891 1556 2946 κατὰ
1582 2893 1662 2946 τό·
1698 2912 1716 2945 ι
1739 2891 1880 2961 Ἐγὼ

293 2986 354 3040 ἐν
375 2983 455 3055 τῷ
490 2985 683 3057 Πατρὶ,
717 2985 812 3037 καὶ
845 2985 873 3037 6
907 2983 1099 3055 Πατὴρ
1129 2984 1188 3036 ὲν
1219 2983 1373 3054 ἐμοί’
1411 3002 1429 3035 ι
1459 2983 1525 3036 δι’
1551 2982 1579 3035 ὃ
1614 2983 1708 3037 καὶ⁸
1734 2984 1879 3054 μόνῳ

295 3079 364 3132 ἂν
390 3077 542 3150 αύτῷ
570 3079 800 3150 ἁρμόσοι
826 3079 905 3143 τὸ,
940 3097 958 3129 ι
989 3079 1104 3131 Οὐκ
1134 3077 1249 3132 ἔστι
1274 3078 1408 3143 Θεὸς
1439 3078 1578 3149 πλὴν
1611 3079 1762 3145 σοῦ,›
1802 3079 1878 3144 ὡς

292 3171 360 3227 ἂν
417 3173 585 3244 μόνης
623 3172 722 3242 τῆς
770 3169 860 3224 τοῦ
911 3171 1085 3239 Λόγου
1135 3170 1387 3243 θεότητος
1435 3171 1720 3244 ήνωμένης
1779 3173 1873 3225 καὶ

289 3264 748 3337 ἀνακεκραμένης
779 3266 845 3335 τῇ
879 3265 1114 3334 πατρικῇ
1147 3262 1412 3336 βασιλείᾳ,
1452 3265 1549 3317 καὶ
1592 3264 1681 3318 διὰ
1716 3264 1874 3320 τοῦτο

287 3361 417 3428 μιᾶς
442 3357 544 3428 τῆς
582 3356 912 3428 ἀμφοτέρων
946 3356 1334 3428 ἐπινοουμένης
1358 3356 1516 3429 δόξης
1551 3374 1612 3410 τε
1647 3357 1740 3411 καὶ
1768 3358 1870 3430 ἀρ-

284 3447 388 3516 χῆς
413 3465 426 3478 υ
457 3448 514 3501 ὲν
543 3446 601 3500 δὲ
633 3446 733 3518 τῷ,
769 3464 787 3497 ι
829 3446 1150 3500 Ἐκοπίασεν
1180 3445 1475 3515 Αἴγυπτος,
1507 3448 1602 3500 καὶ
1629 3448 1870 3519 ἐμπορία

280 3540 574 3603 Αἰθιόπων,
607 3541 702 3594 καὶ
725 3541 775 3592 οἱ
805 3539 1051 3609 Σαϐαεὶμ
1087 3539 1281 3610 ἄνδρες
1315 3538 1508 3610 ὑψηλοὶ
1539 3539 1633 3592 ἐπὶ
1665 3540 1725 3593 σὲ
1751 3539 1870 3595 δια-

283 3633 558 3706 δήσονται,
602 3653 621 3684 ι
668 3632 959 3704 δηλοῦσθαι
1008 3630 1212 3702 νομίζω
1254 3632 1382 3703 περὶ
1443 3631 1647 3702 νοητῶν
1703 3649 1868 3686 τινων

281 3723 672 3794 ἀντικειμένων
719 3723 1002 3793 δυνάμεων
1059 3721 1247 3790 ἀγῶνα
1299 3721 1436 3792 πρὸς
1486 3722 1577 3774 τὸν
1630 3723 1867 3794 Χριστὸν

282 3815 592 3890 ἀραμένων,
618 3815 712 3868 καὶ
739 3813 1066 3885 ὑποχειρίων
1093 3810 1242 3883 αὐτῷ
1274 3812 1676 3884 γεγενημένων,
1711 3812 1743 3883 ἢ
1773 3813 1867 3866 καὶ

275 3907 466 3978 ψυχῶν
510 3907 724 3961 τοιωνδῖ
777 3908 896 3960 κατ’
944 3904 1119 3978 ἀρχὰς
1175 3905 1274 3976 μὲν
1324 3905 1734 3960 ἁντιτεινουσῶν
1787 3906 1866 3977 τῷ

275 4001 457 4071 Λόγῳ,
493 3999 716 4074 ὕστερον
743 3999 802 4054 δέ
843 4016 977 4052 ποτε
1007 3997 1106 4069 τὴν
1148 3997 1240 4052 ὑπ’
1269 3996 1432 4050 αὐτὸν
1463 3997 1707 4051 δουλείαν
1735 3998 1866 4051 ἀνα-

275 4093 615 4163 δεδεγμένων
643 4092 738 4145 ἐπὶ
773 4093 841 4162 τῇ
877 4089 1086 4144 ἑαυτῶν
1123 4088 1432 4160 εὐεργεσίᾳ.
1482 4089 1614 4159 Περὶ
1659 4087 1865 4142 τούτων

277 4185 345 4255 γέ
371 4203 454 4239 τοι
493 4183 748 4242 λέγεσθαι
789 4182 994 4250 νομίζω
1032 4180 1128 4236 καὶ
1156 4181 1240 4246 τὸ,
1277 4200 1294 4231 ι
1330 4181 1582 4234 Ἔσονταί
1615 4197 1698 4234 σοι
1738 4180 1862 4234 δοῦ-

274 4284 380 4342 λοι,
409 4279 501 4332 xal.
531 4277 706 4330 ὀπίσω
736 4293 829 4329 σου
856 4273 1281 4344 ἀκολουθήσουσι
1311 4271 1582 4343 δεδεμένοι
1611 4273 1864 4342 χειροπέ-

274 4370 415 4434 δαις,
453 4369 548 4422 καὶ
573 4371 632 4422 ἐν
670 4368 755 4421 σοὶ
785 4365 1206 4436 προσεύξονταιο
1249 4384 1268 4417 ›
1301 4365 1362 4418 τὸ
1389 4363 1467 4416 δέ·
1507 4382 1525 4413 ε
1561 4363 1854 4434 Αἰσχυνθή-

1993 506 2138 554 ctam
2180 499 2238 555 in
2289 509 2437 556 terra
2466 499 2768 556 Ecclesiam
2818 502 2961 573 ejus,
2998 505 3391 578 ctelestemque
3427 507 3592 564 «ιρι-υ·

1993 592 2199 660 salem;
2235 607 2362 647 cum
2404 593 2770 650 convertisset
2812 597 3186 668 captivitatem
3231 600 3416 670 populi
3475 604 3590 656 sui»

1991 699 2112 755 qua:
2132 685 2314 739 evenit
2342 685 2446 741 sub
2467 687 2743 758 spirituali
2774 686 3309 754 Nabuchodonosor,
3336 679 3592 747 nefariis‘

1990 793 2096 847 que
2123 776 2360 832 subditis
2381 778 2430 832 ei
2471 779 2874 849 potestatibus;
2899 786 2957 836 et
2983 795 3118 837 sane
3142 779 3459 850 praedictam
3489 797 3592 838 ca-

1992 867 2295 939 ptivitatem
2322 871 2615 936 convertit,
2654 885 2764 926 non
2792 871 3031 941 pretium
3061 872 3200 930 dans
3223 873 3591 929 custodienti-

1991 959 2116 1023 bus,
2143 975 2321 1030 neque
2349 974 2445 1016 eos
2493 961 2819 1019 muneribus
2842 972 3091 1033 captans,
3124 965 3403 1034 praeliatus
3452 981 3585 1020 vero

1992 1051 2257 1107 adversus
2296 1068 2394 1110 eos
2418 1093 2433 1118 ,
2488 1062 2542 1108 et
2583 1055 2886 1111 certamine
2929 1071 3026 1112 eos
3075 1056 3365 1126 dejiciens,
3396 1057 3472 1112 ita
3521 1071 3582 1112 ut

1988 1157 2162 1199 ovans
2193 1144 2566 1200 exclamaret:
2608 1165 2628 1198 ‹
2679 1145 2791 1218 Ego
2844 1146 2947 1201 vici
2998 1148 3264 1203 mundum
3292 1151 3336 1204 ⁸.
3379 1169 3400 1202 ι
3456 1148 3586 1206 Haec

1992 1235 2284 1292 conﬁrmat
2318 1237 2611 1294 multitudo
2636 1253 2826 1295 eorum
2855 1240 2948 1311 qui
2977 1254 3007 1294 a
3039 1241 3274 1312 pristino
3301 1257 3489 1298 errore
3512 1243 3580 1295 ad

1993 1338 2179 1380 veram
2229 1325 2326 1382 Dei
2362 1327 2650 1382 scientiam
2698 1328 2949 1399 perducti
2993 1339 3124 1386 sunt
3151 1347 3246 1402 per
3277 1347 3401 1388 eum
3435 1352 3448 1387 :
3491 1332 3579 1387 di-

1987 1424 2116 1471 cant
2150 1419 2245 1489 qui
2284 1435 2353 1475 ex
2380 1420 2804 1478 circumcisione
2830 1432 2979 1488 sunt,
3009 1423 3101 1478 cui
3133 1425 3432 1480 convenire
3453 1439 3584 1496 pos-

1987 1509 2098 1564 sint
2123 1511 2288 1567 verba
2324 1512 2491 1583 hujus
2517 1514 2838 1585 prophetiae,
2866 1515 3037 1579 Deum
3093 1516 3385 1574 manifeste
3412 1520 3586 1574 conli-

1985 1607 2171 1660 tentis.
2205 1625 2224 1657 ι
2269 1603 2336 1660 Hi
2360 1607 2528 1673 enim,
2555 1607 2651 1670 ait,
2679 1607 2734 1662 hi
2758 1608 2856 1662 tibi
2884 1616 3047 1664 erunt
3075 1611 3246 1674 servi,
3280 1617 3337 1666 et
3373 1618 3498 1681 post
3527 1617 3584 1666 te

1985 1697 2366 1762 ambulabunt,
2392 1706 2447 1754 et
2475 1698 2783 1755 adorabunt
2811 1707 2886 1765 te,
2916 1708 2971 1756 et
3007 1702 3062 1755 in
3090 1710 3142 1757 te
3163 1703 3420 1767 orabunt,
3447 1718 3587 1773 quo-

1987 1789 2134 1842 niam
2157 1789 2213 1843 in
2238 1796 2290 1844 te
2314 1797 2400 1844 est
2426 1789 2592 1855 Deus,
2623 1799 2678 1846 et
2715 1806 2826 1846 non
2851 1801 2936 1849 est
2967 1791 3111 1848 Deus
3144 1802 3346 1864 praeter
3371 1802 3446 1849 te.
3498 1793 3582 1848 Tu

1986 1881 2134 1936 enim
2157 1897 2218 1938 es
2253 1881 2418 1946 Deus,
2463 1889 2519 1938 et
2548 1884 2962 1949 nesciebamus,
3010 1884 3156 1942 Deus
3190 1885 3362 1942 Israel
3400 1885 3583 1941 Salva-

1987 1979 2076 2026 tor
2105 1971 2146 2024 ³.
2185 1990 2205 2023 ι
2240 1971 2530 2028 Manifeste
2569 1981 2718 2044 patet
2763 1976 2849 2030 cui
2883 1975 3002 2029 haec
3036 1976 3295 2032 dicantur
3317 2018 3334 2043 ,
3388 1995 3407 2028 ι
3439 1993 3580 2047 quo-

1986 2062 2134 2116 niam
2163 2062 2220 2116 in
2246 2070 2300 2118 te
2323 2070 2409 2120 est
2443 2062 2587 2120 Deus
2612 2103 2628 2128 ,
2685 2084 2704 2119 ι
2759 2065 2960 2134 quibus
3013 2065 3162 2122 addit
3202 2082 3406 2133 sermo,
3444 2087 3463 2120 ι
3523 2080 3582 2123 et

1985 2168 2096 2208 non
2127 2164 2211 2210 est
2235 2153 2380 2212 Deus
2418 2163 2618 2228 praeter
2653 2163 2724 2211 te.
2768 2156 2850 2210 Tu
2892 2159 3038 2212 enim
3072 2174 3132 2214 es
3168 2157 3347 2223 Deus,
3393 2165 3445 2214 et
3478 2174 3577 2214 ne-

1985 2247 2318 2303 sciebamus.
2354 2267 2373 2300 ι
2401 2249 2534 2316 Quae
2557 2250 2859 2306 audiuntur
2888 2251 3049 2324 quasi
3077 2266 3144 2307 ex
3176 2266 3410 2322 persona
3431 2251 3579 2307 dicta

1985 2352 2180 2392 eorum
2226 2338 2320 2409 qui
2355 2337 2634 2396 Christum
2665 2341 2760 2398 Dei
2795 2343 3138 2399 incarnatum
3169 2355 3571 2416 cognoverunt;

1982 2431 2038 2485 in
2067 2448 2180 2502 quo
2217 2431 2492 2488 inhabitat
2519 2433 2664 2489 Deus
2696 2433 2880 2500 Pater,
2905 2435 3063 2505 juxta
3094 2436 3226 2491 illud
3256 2455 3270 2492 :
3310 2455 3329 2488 ι
3370 2436 3484 2508 Ego
3516 2437 3571 2491 in

1983 2521 2162 2586 Patre,
2191 2530 2246 2578 et
2276 2521 2438 2580 Pater
2470 2523 2526 2579 in
2561 2539 2646 2580 me
2677 2525 2720 2579 δ.
2760 2544 2780 2578 ι
2806 2525 3055 2596 Ideoque
3076 2525 3206 2581 huic
3246 2527 3351 2583 soli
3377 2543 3571 2582 conve-

1981 2613 2141 2667 niunt
2169 2613 2263 2667 illa
2297 2630 2312 2668 :
2351 2634 2370 2668 ι
2407 2613 2531 2669 Non
2561 2622 2646 2670 est
2676 2613 2822 2673 Deus
2849 2625 3049 2687 praeter
3081 2625 3162 2682 te;
3213 2635 3233 2668 ι
3266 2617 3424 2686 quasi
3456 2619 3572 2674 sola

1982 2705 2146 2762 Verbi
2183 2707 2386 2763 deitate
2427 2714 2658 2778 paterno
2701 2707 3038 2778 principatui
3065 2708 3218 2763 unita
3259 2708 3575 2765 commista-

1980 2815 2108 2871 que,
2138 2800 2372 2872 ideoque
2399 2800 2519 2856 sola
2548 2799 2836 2870 utriusque
2860 2800 3037 2872 gloria
3075 2808 3131 2856 et
3167 2808 3436 2872 potestate
3466 2817 3568 2872 gu-

1980 2892 2266 2948 bernante.
2312 2890 2409 2946 His
2437 2898 2642 2955 autem,
2679 2907 2700 2942 ι
2739 2888 3036 2946 Laboravit
3065 2889 3353 2962 Egyptus,
3385 2899 3439 2946 et
3469 2907 3570 2946 ne-

1981 2984 2211 3054 gotiatio
2234 2983 2592 3053 Ethiopum,
2626 2989 2682 3038 et
2711 2979 2934 3037 Sabaim
2979 2981 3084 3035 viri
3131 2981 3334 3038 excelsi
3390 2981 3458 3036 ad
3512 2989 3567 3037 te

1980 3077 2316 3142 transibunt,
2352 3095 2372 3129 ι
2410 3075 2628 3133 ostendi
2673 3075 2931 3132 existimo
2983 3075 3247 3147 quasdam
3306 3075 3564 3131 adversa-

1979 3170 2092 3226 rias
2117 3170 2433 3242 spirituales
2461 3178 2760 3240 potestates
2795 3185 2920 3240 quae
2971 3171 3237 3226 adversus
3284 3167 3565 3224 Christum

1975 3274 2254 3320 certamen
2283 3264 2481 3330 iniere,
2514 3260 2675 3337 eique
2718 3260 3006 3318 audientes
3039 3260 3196 3316 factae
3237 3269 3368 3316 sunt
3391 3300 3406 3326 ,
3448 3259 3566 3316 sive

1973 3357 2241 3428 quasdam
2271 3355 2486 3410 animas
2523 3354 2761 3424 primum
2818 3351 2997 3408 Verbo
3048 3353 3441 3417 adversantes,
3498 3365 3566 3406 ac

1973 3457 2163 3519 postea
2191 3448 2454 3504 ditionem
2483 3447 2603 3518 ejus
2631 3446 2909 3516 amplexas
2931 3447 3166 3518 prOpriis
3185 3447 3430 3516 ipsarum
3457 3445 3562 3500 bo-

1971 3540 2060 3596 nis
2101 3541 2380 3610 operibus.
2443 3538 2519 3595 De
2579 3538 2782 3609 quibus
2838 3549 2894 3593 et
2950 3539 3083 3593 illud
3143 3537 3250 3591 dici
3313 3537 3561 3607 opinor:

1977 3653 1997 3686 ‹
2026 3633 2201 3688 Erunt
2239 3633 2336 3688 tibi
2377 3633 2554 3692 servi,
2589 3640 2644 3688 et
2688 3647 2717 3685 a
2760 3638 2914 3700 tergo
2943 3637 3001 3684 te
3035 3637 3338 3700 sequentur
3388 3629 3559 3682 vincti

1971 3723 2227 3790 manicis,
2250 3730 2306 3778 et
2334 3723 2389 3778 in
2423 3731 2478 3780 te
2495 3722 2751 3778 orabunt.
2782 3740 2804 3772 ι
2831 3718 2946 3775 Hoc
2969 3736 3133 3774 vero:
3169 3739 3186 3771 ι
3219 3718 3562 3774 Erubescent

1967 3825 2022 3870 et
2072 3815 2483 3872 confundentur
2539 3832 2730 3872 omnes
2785 3816 2880 3886 qui
2934 3814 3300 3870 adversantur
3353 3809 3442 3876 ei.
3503 3822 3559 3867 et

1970 3909 2332 3965 ambulabunt
2360 3911 2418 3965 in
2449 3909 2680 3980 pudore,
2724 3929 2742 3962 ι
2787 3893 3203 3980 prophetizatur
3231 3905 3298 3960 de
3346 3905 3416 3960 iis
3461 3905 3559 3976 qui

1968 4016 2077 4055 non
2108 4016 2271 4071 egere
2311 4001 2692 4072 paenitentiam
2715 4042 2730 4065 ,
2783 4002 3080 4070 hostesque
3108 4006 3163 4054 et
3195 3996 3407 4052 inimici
3434 4012 3559 4067 per-

1969 4099 2313 4159 manserunt,
2350 4099 2404 4146 et
2441 4092 2594 4146 verbi
2627 4092 2836 4148 Christi
2867 4093 3060 4162 jugum
3101 4105 3267 4160 super
3296 4103 3356 4144 se
3406 4091 3558 4158 ipsos

1966 4183 2158 4239 tollere
2187 4184 2412 4240 minime
2439 4183 2752 4239 voluerunt.
2790 4182 2856 4237 Et
2889 4183 3006 4239 haec
3033 4181 3252 4253 quidem
3285 4181 3445 4251 quasi
3485 4173 3554 4234 ad

1964 4275 2168 4331 Christi
2193 4275 2636 4332 elucidationem.
2690 4275 2955 4332 Citandus
2985 4275 3186 4345 quippe
3231 4280 3319 4329 est
3354 4273 3444 4327 ille
3470 4271 3552 4326 lo-

1962 4383 2063 4424 cus
2085 4385 2195 4425 non
2225 4377 2438 4424 tantum
2467 4369 2911 4426 circumcisionis
2939 4368 3139 4439 populo
3161 4409 3179 4434 ,
3228 4365 3325 4422 sed
3351 4374 3406 4421 et
3437 4363 3549 4418 illis

276 4479 463 4517 σονται
511 4462 607 4515 καὶ
663 4460 1097 4532 ἐντραπήσονται
1142 4458 1343 4520 πάντες
1394 4457 1444 4509 oi
1493 4456 1858 4526 ἀντικείμενοί

1981 4460 2059 4530 ιιιί
2107 4458 2389 4516 Christum
2437 4461 2598 4533 quasi
2633 4461 2937 4530 simplicem
2990 4458 3266 4514 hominem
3315 4463 3546 4528 putant,

272 4573 378 4618 σοι,
440 4554 535 4608 καὶ
585 4552 944 4625 πορεύσονται
990 4553 1048 4605 ὲν
1093 4549 1343 4623 αἰσχύνῃ,
1386 4568 1404 4601 ›
1457 4547 1858 4619 προφητεύεται

1981 4551 2242 4608 Ebionaeis
2271 4553 2506 4621 scilicet,
2534 4553 2621 4608 vel
2645 4551 2958 4608 Artemonis
2982 4589 2997 4612 ,
3047 4550 3133 4605 vel
3170 4548 3320 4603 Pauli
3354 4547 3550 4604 Samo-

271 4648 402 4719 περὶ
464 4647 573 4700 τῶν
644 4645 719 4718 μὴ
783 4643 1234 4716 μετανοησάντων
1258 4682 1273 4707 ,
1339 4639 1733 4711 διαμεινάντων
1796 4640 1854 4692 δὲ

272 4739 480 4813 ἐχθρῶν
517 4739 612 4794 καὶ
658 4737 950 4810 πολεμίων,
996 4735 1092 4789 καὶ
1122 4731 1390 4807 μηδαμῶς
1421 4728 1556 4804 ἆραι
1592 4731 1678 4802 ἐφ’
1720 4733 1848 4785 ἐαυ-

1965 4645 2206 4701 satensis
2257 4644 2588 4700 fautoribus.
2621 4649 2819 4714 Aperte
2849 4642 2996 4698 enim
3031 4642 3138 4696 hoc
3187 4641 3311 4696 loco
3341 4639 3549 4696 Christi

1959 4737 2135 4794 deitas
2159 4738 2299 4794 male
2322 4737 2672 4793 credentibus
2706 4735 2760 4788 in
2786 4750 2910 4790 eum
2945 4733 3372 4788 demonstratur.

269 4841 396 4903 τοὺς
417 4837 508 4891 τὸν
531 4834 626 4890 τοῦ
651 4836 810 4903 λόγου
837 4833 930 4887 τοῦ
957 4830 1190 4901 Χριστοῦ
1220 4830 1382 4899 ζυγὸν
1413 4828 1844 4899 βεὸουλημὲνων.
1886 4834 1993 4888 Καὶ
2023 4835 2195 4890 ταῦτα
2255 4835 2354 4907 μὲν
2385 4835 2460 4900 ὼς
2521 4834 2658 4906 πρὸς
2687 4831 2784 4903 τὴν
2812 4830 2904 4884 τοῦ
2940 4829 3177 4904 Χριστοῦ
3221 4828 3541 4900 σαφήνειαν·

271 4933 500 5009 ἁρμόζοι
526 4933 583 4987 δ’
609 4931 675 4986 ἂν
696 4929 1050 5003 παρατιθέναι
1085 4927 1184 4999 τὴν
1231 4925 1539 4998 περικοπὴν
1583 4927 1642 4979 ού
1692 4928 1852 4996 μόνον
1891 4932 2004 4994 τοίς
2048 4932 2114 4985 ὲκ
2180 4931 2506 5002 περιτομῆς,
2539 4927 2678 4983 ἀλλὰ
2725 4929 2818 4982 καλ⁴
2861 4929 2976 4990 τοῖς
3051 4925 3202 4995 ψιλὸν
3253 4925 3544 4995 ἄνθρωπον

269 5025 594 5097 ύπειληφόσι
644 5023 924 5095 γεγονέναι
971 5021 1064 5076 τὸν
1127 5021 1386 5091 Σωτῆρα,
1462 5018 1825 5084 Ἐὁιωναίοις,
1869 5022 1902 5094 ἢ
1941 5026 2051 5086 τοῖς
2116 5025 2258 5080 κατὰ
2313 5024 2652 5098 Ἀρτέμωνα,
2705 5022 2799 5076 καὶ
2859 5021 2950 5075 τὸν
3000 5019 3335 5090 Σαμωσατὲα
3392 5015 3545 5070 Παῦ-

265 5114 377 5177 )ον.
417 5121 614 5193 Σαφῶς
651 5121 762 5192 γὰρ
795 5119 891 5172 καὶ⁸
940 5115 1027 5170 διὰ
1097 5113 1301 5169 τούτων
1369 5115 1402 5184 ἠ
1446 5112 1636 5183 θεότης
1701 5113 1794 5166 τοῦ
1846 5117 2086 5187 Χριστοῦ
2131 5122 2242 5182 τοῖς
2290 5117 2420 5188 περὶ
2463 5113 2627 5169 αύτοῦ
2689 5112 2996 5176 δυσπειθῶς
3042 5111 3256 5184 ἔχουσιν
3319 5107 3540 5164 ἀποδεί-

266 5233 477 5270 κνυται.

767 5329 1164 5386 ΚΕΦΑΛᾹΙΟΝ
1214 5329 1344 5382 ΚΡ.

341 5447 361 5480 ι
393 5427 589 5482 Ἀκουέ
621 5444 744 5496 μου,
787 5423 1002 5486 Ἰακὼϐ,
1028 5424 1122 5476 καὶ
1155 5421 1388 5494 Ἰσραὴλ,
1414 5421 1474 5475 ὃν
1510 5419 1622 5485 ἐγὼ
1655 5419 1807 5476 καλῶ
1826 5438 1841 5453 ο

2513 5311 2742 5379 CAPUT
2779 5319 2967 5376 XXIII.

2029 5438 2048 5472 ι
2082 5418 2224 5473 Audi
2243 5429 2350 5480 me,
2372 5415 2564 5479 Iacob,
2593 5423 2648 5469 et
2672 5410 2864 5477 Israel,
2897 5425 3058 5482 quem
3085 5424 3186 5480 ego
3216 5422 3356 5465 voco
3389 5427 3404 5464 :
3433 5423 3536 5480 ego

262 5516 375 5588 ἐγώ
403 5521 516 5589 εἰμι
565 5516 800 5588 πρῶτος,
840 5516 935 5569 καὶ
963 5514 1075 5583 ἐγώ
1112 5517 1227 5585 είμι
1269 5515 1349 5578 εἰς
1375 5513 1468 5566 τὸν
1499 5511 1689 5566 αἰῶνα.
1734 5511 1846 5567 Καὶ

1981 5525 2066 5564 um
2090 5515 2323 5581 primus.
2352 5516 2409 5564 et
2451 5521 2552 5578 ego
2598 5519 2720 5562 sum
2779 5504 2836 5558 in
2866 5509 3154 5558 aeternum.
3215 5501 3280 5556 Et
3335 5516 3533 5556 manus

261 5613 296 5684 ἠ
341 5611 464 5683 χείρ
517 5625 616 5680 μου
658 5607 988 5682 ὲθεμελίωσε
1029 5606 1126 5680 τὴν
1173 5608 1297 5679 γῆν,
1343 5605 1438 5660 καὶ
1478 5607 1511 5678 η
1551 5604 1701 5669 δεξιά
1743 5621 1844 5674 μου

1981 5617 2063 5660 iea
2095 5599 2345 5657 fundavit
2371 5607 2576 5654 terram
2600 5639 2616 5668 ,
2658 5601 2712 5656 et
2762 5596 2988 5653 dextera
3019 5609 3142 5660 mea.
3169 5593 3536 5654 eonsolidavit

332 5769 498 5826 'Isai.
527 5783 645 5838 ιιιι,
677 5767 731 5823 9.
809 5765 1008 5823 'Joan.
1043 5781 1152 5833 xvi,
1189 5763 1278 5820 55.
1356 5762 1375 5796 ³
1405 5760 1532 5819 lsai.
1567 5775 1688 5828 ειν,
1720 5758 1808 5828 15,
1846 5759 1866 5814 I

2007 5754 2206 5814 ‘Joan.
2242 5771 2354 5822 xw,
2392 5755 2475 5810 II.
