3814 6220
186 371 330 435 ξεττ.

1227 374 1527 433 ECLOGIE
1566 380 2047 446 PROPHETICE.
2086 423 2157 434 —
2195 392 2324 450 LIB.
2367 394 2449 450 ιγ.

3331 402 3471 461 ίὲἕιό

186 491 354 556 ζοντα
379 489 478 562 τὴν
507 489 685 575 ψυχὴν
712 489 900 580 αὑτοῦ,
944 492 1490 571 τὸν.βδελυσσόμενον
1522 502 1628 557 ὑπὸ
1674 523 1692 558 ιι

1966 513 2233 570 nantium.
2260 515 2434 588 Reges
2460 517 2722 574 videbunt
2742 520 2940 592 eumIet
2956 532 3252 595 exsurgent
3266 526 3472 595 princi-

183 582 362 637 ὲθνῶν
386 582 497 637 τῶν
516 582 720 638 δούλων
745 584 855 637 τῶν
871 576 1250 657 άρχόντωνΒα
1260 590 1427 657 σιλεῖς
1443 594 1664 664 ὄψονται
1680 599 1778 653 αὐ-

180 674 302 737 τὸν,
333 674 431 729 καὶ
446 677 844 748 ἀναστήσονται
869 676 1151 749 ἄρχοντες,
1191 684 1287 737 καὶ
1309 690 1781 760 προσκυνήσουσιν

180 766 336 841 αὐτῷ
359 768 548 823 ἕνεκεν
575 770 804 843 Κυρίουο
830 774 912 828 ὅτι
940 776 1131 841 πιστός
1148 778 1297 832 ἐστιν
1320 780 1349 832 6
1371 778 1526 849 ἆγιος
1541 781 1777 855 Ἰσραὴλ,

179 859 278 915 καὶ
300 857 637 933 ἐξελεξάμην
664 880 745 917 σε.
772 865 959 932 Οὕτως
988 869 1134 940 λέγει
1153 870 1376 946 Κύριος·
1396 873 1589 946 Καιρῷ
1609 875 1781 948 δεκτῷ

178 953 470 1025 ἐπήκουσά
492 971 608 1018 σου,
644 956 738 1010 καὶ
761 959 819 1010 ὲν
843 961 1029 1033 ἡμέρα
1061 963 1333 1036 σωτηρίας
1363 964 1638 1037 ἐϐοήθησά
1671 985 1777 1032 σοι,

180 1046 285 1101 καὶ·
303 1046 521 1101 ἐπλασά
547 1064 632 1111 σε,
656 1050 751 1102 καὶ
776 1050 954 1108 ἔδωκά
987 1072 1047 1108 σε
1071 1058 1152 1121 εἰς
1189 1057 1456 1130 διαθήκην
1489 1058 1658 1113 ὲθνῶν
1683 1061 1778 1115 τοῦ

176 1141 526 1213 καταστῆσαι
553 1140 652 1213 τὴν
683 1146 808 1217 γῆν,
841 1146 934 1200 καὶ
973 1148 1381 1222 κληρονομῆσαι
1410 1152 1779 1226 κληρονομίας

178 1233 280 1303 ὲρή
291 1250 444 1304 μους,
463 1235 690 1306 λέγοντα
708 1241 820 1303 τοῖς
836 1241 893 1291 ὲν
913 1238 1132 1312 δεσμοῖς
1150 1259 1163 1272 ο
1213 1242 1506 1311 Ἐξέλθετε,
1542 1247 1638 1299 καὶ
1668 1250 1782 1312 τοῖς

176 1325 237 1376 ὲν
265 1324 346 1397 τῷ
374 1329 577 1395 σκότει,
600 1330 1066 1402 ἀνακαλυφθῆναι,
1097 1333 1191 1387 καὶ
1203 1335 1261 1388 ὲν
1291 1334 1492 1400 πάσαις
1510 1341 1629 1401 ταῖς
1644 1339 1783 1403 ὁδοῖς

179 1414 620 1491 βοσκηθήσονται
641 1460 656 1485 ,
689 1422 787 1475 καὶ
814 1423 874 1475 ἐν
908 1422 1112 1488 πάσαις
1140 1427 1261 1489 ταῖς
1306 1427 1516 1498 τρίϐοις
1553 1432 1587 1500 ή
1642 1431 1782 1504 νομὴ

176 1508 395 1564 αὐτῶνθ
430 1513 490 1565 οὐ
552 1514 901 1569 πεινάσουσιν
923 1555 939 1580 ,
980 1517 1100 1570 οὐδὲ
1140 1517 1480 1591 διψήσουσιν,
1509 1521 1630 1575 οὐδὲ
1677 1540 1784 1577 πα-

175 1598 334 1666 τάξει
386 1603 586 1669 αὐτοὺς
633 1605 888 1672 καύσων,
918 1606 1038 1661 οὐδὲ
1093 1609 1121 1660 6
1154 1609 1337 1680 ἣλιος·
1380 1612 1493 1665 ἀλλ’
1536 1615 1565 1665 6
1615 1613 1783 1668 ἐλεῶν

176 1693 382 1758 αὐτοὺς
416 1682 791 1768 παρακαλέσει
840 1700 1060 1765 αὐτοὺς,
1116 1701 1211 1754 καὶ
1262 1702 1350 1756 διὰ
1409 1704 1602 1777 πηγῶν
1657 1706 1785 1761 ὑδά-

174 1803 290 1840 των
318 1786 435 1852 ἄξει
468 1789 687 1855 αὐτοὺς,
742 1791 836 1844 καὶ
883 1791 1035 1863 θήσω
1085 1795 1194 1847 πᾶν
1240 1794 1367 1866 ὅρος
1392 1797 1473 1860 εἰς
1498 1796 1638 1863 ὁδὸν,
1682 1799 1779 1852 καὶ

1884 612 2070 675 pes,et
2092 607 2401 663 adorabunt
2418 624 2540 665 eum
2561 617 2784 681 propter
2806 609 3095 669 Dominum
3116 617 3277 686 :quia
3296 614 3473 673 ﬁdelis

1881 699 1969 749 est
2002 692 2242 752 Sanctus
2280 698 2472 763 Israel,
2509 708 2565 755 et
2592 701 2731 772 elegi
2761 708 2837 758 te.
2863 701 2992 760 Haec
3013 703 3148 761 dicit
3163 704 3428 762 Dominus
3455 727 3468 762 :

1879 785 1943 842 In
1974 798 2219 860 tempore
2232 789 2432 860 placito
2447 792 2698 849 exaudiri
2725 802 2798 861 te,
2823 802 2878 851 et
2898 796 2953 850 in
2982 796 3072 853 die
3092 797 3287 854 salutis
3319 800 3476 855 auxi-

1882 879 2049 935 liatus
2073 896 2194 935 sum
2221 881 2319 937 tibi
2340 900 2352 936 :
2374 890 2428 937 et
2447 883 2663 937 servavi
2687 893 2760 949 te,
2785 892 2840 940 et
2863 885 2984 940 dedi
3016 885 3140 941 tein
3169 886 3352 945 tardus
3382 901 3474 957 po-

1883 970 2017 1041 puli,
2044 978 2103 1024 ut
2136 971 2436 1027 suscitares
2460 979 2684 1039 terram,
2709 982 2763 1029 et
2791 975 3104 1045 possideres
3123 975 3474 1034 haereditates

1882 1061 2214 1133 dissipatas;
2244 1070 2304 1116 ut
2325 1063 2538 1120 diceres
2570 1064 2656 1120 his
2685 1065 2779 1136 qui
2799 1067 2969 1122 vincti
2996 1074 3127 1122 sunt
3156 1086 3168 1121 :
3199 1066 3377 1133 Exite,
3419 1076 3474 1124 et

1884 1152 1971 1208 bis
1993 1155 2089 1224 qui
2120 1155 2176 1208 in
2203 1155 2448 1211 tenebris
2482 1169 2498 1210 :
2529 1155 2886 1213 Revelamini.
2933 1157 3111 1231 Super
3132 1175 3325 1217 omnes
3351 1162 3473 1218 vias

1883 1253 2206 1318 pascentur,
2233 1254 2288 1303 et
2314 1247 2371 1302 in
2401 1248 2660 1305 omnibus
2684 1249 2862 1320 planis
2886 1264 3092 1321 pascua
3114 1266 3327 1308 eorum.
3349 1250 3472 1308 Non

1884 1353 2162 1419 esurient,
2202 1368 2381 1425 neque
2410 1354 2619 1422 sitient,
2663 1362 2718 1411 et
2746 1371 2855 1412 non
2888 1357 3160 1427 percutiet
3186 1374 3281 1415 eos
3305 1367 3473 1416 aestus

1883 1454 1939 1501 et
1966 1447 2051 1502 sol
2078 1465 2092 1502 :
2123 1447 2252 1518 quia
2277 1447 2573 1504 miseralor
2610 1435 2800 1504 eorum
2831 1457 2984 1521 reget
3014 1466 3132 1517 eos,
3162 1460 3219 1508 et
3247 1451 3317 1507 ad
3350 1454 3474 1508 fon-

1884 1545 1967 1595 tes
1994 1553 2262 1609 aquarum
2293 1539 2509 1611 potabit
2538 1555 2655 1597 eos.
2691 1540 2760 1597 Et
2789 1555 2989 1612 ponam
3016 1558 3208 1600 omnes
3257 1551 3476 1603 montes

1883 1645 2038 1687 meos
2068 1630 2125 1686 in
2153 1632 2320 1698 viam,
2348 1641 2403 1688 et
2434 1647 2653 1689 omnem
2691 1634 2942 1691 semitam
2972 1636 3054 1692 eis
3079 1637 3136 1692 in
3169 1651 3375 1709 pascua
3394 1640 3469 1695 ί.»

1886 1720 2202 1778 Verisimile
2234 1731 2320 1779 est
2353 1724 2567 1795 opinari
2612 1723 2872 1782 Hebraeos
2903 1726 3008 1782 sibi
3051 1726 3216 1797 hujus
3235 1729 3475 1800 prophe-

1887 1811 1979 1867 tiae
2001 1812 2169 1867 verba
2219 1812 2351 1878 dici,
2404 1814 2616 1871 scilicet
2653 1833 2667 1871 :
2712 1834 2730 1868 ι
2769 1815 2837 1871 Et
2872 1816 3011 1872 dixit
3043 1817 3179 1872 mihi
3212 1835 3228 1874 :
3267 1815 3475 1876 Servus

176 1880 365 1934 πᾶσαν
411 1881 595 1952 τρίϐον
656 1885 737 1948 εἰς
800 1883 1054 1956 βόσκημα
1116 1886 1318 1951 αὐτοῖς.
1378 1908 1395 1940 ι
1440 1888 1602 1954 Εἰκὸς
1655 1908 1682 1943 τ

1968 1916 2041 1958 :us
2066 1916 2127 1957 es
2160 1909 2248 1967 tu,
2275 1900 2469 1970 Israel,
2500 1912 2559 1968 et
2598 1904 2656 1959 in
2704 1911 2761 1960 te
2813 1907 3108 1978 gloriabor.
3150 1928 3169 1963 ι
3203 1907 3324 1965 Non
3353 1910 3474 1967 istis

176 1972 246 2026 ἐκ
282 1975 586 2046 περιτομῆς
629 1975 838 2030 οἴεσθαι
884 1977 1014 2052 περὶ
1052 1978 1263 2032 ἑαυτῶν
1311 1980 1561 2052 εἰρῆσθαι
1601 1981 1671 2035 τὰ
1721 1984 1780 2037 ἐν

173 2068 247 2138 τῇ
288 2069 599 2141 προφητείᾳ
623 2109 638 2132 ,
674 2070 908 2141 ἐπείπερ
953 2069 1235 2123 λέλεκταιο
1288 2091 1306 2123 ι
1340 2074 1450 2126 Καὶ⁹
1491 2069 1613 2127 εἶπέ
1655 2090 1778 2145 μοι’

176 2156 381 2223 Δοῦλός
420 2177 525 2239 μου
564 2155 617 2213 εἴ
648 2162 737 2228 σὺ,
778 2161 1017 2234 Ἰσραὴλ,
1058 2162 1152 2217 καὶ
1188 2165 1248 2217 ὲν
1287 2165 1370 2218 σοὶ
1400 2164 1785 2239 ἐνδοξασθήσο-

179 2265 320 2320 μαι·
351 2270 370 2303 ι
400 2252 542 2324 πρὸς
570 2252 628 2307 δὲ
662 2252 740 2324 τῷ
790 2253 864 2325 μὴ
909 2253 1174 2326 ἁρμόζειν
1311 2255 1419 2328 54)
1463 2257 1650 2320 αὐτοῖς
1682 2256 1784 2321 τὰς

174 2339 358 2406 λέξεις
390 2342 578 2412 σαφῶς
615 2343 1000 2400 ἀποδείκνυται
1033 2347 1128 2399 καὶ
1149 2346 1258 2399 ἀπὸ
1286 2346 1394 2401 τῶν
1426 2346 1573 2418 ἑξῆς,
1607 2347 1688 2400 ὅτι
1718 2347 1783 2420 δὴ

174 2433 315 2504 περὶ
360 2433 551 2507 ἐτέρου
625 2433 842 2507 Ἰσραὴλ
898 2435 968 2489 τὰ
1018 2435 1290 2508 λεγόμενα
1342 2437 1779 2509 προφητεύεται·

176 2523 498 2595 γέγραπται
550 2524 691 2597 γάρ’
741 2543 760 2577 ι
805 2527 916 2579 Καὶ
951 2526 1047 2581 νῦν
1098 2527 1272 2594 οὕτως
1305 2527 1453 2598 λέγει
1504 2528 1709 2601 Κύριος
1755 2530 1785 2583 6

177 2616 402 2681 πλάσας
439 2635 507 2688 με
536 2619 602 2672 ἐκ
634 2617 845 2683 κοιλίας
872 2619 1057 2674 δοῦλον
1092 2621 1271 2693 ἐαυτῷ
1310 2620 1406 2675 τοῦ
1456 2626 1783 2693 συναγαγεῖν

176 2708 275 2761 τὸν
309 2706 507 2762 Ἰακὼϐ
547 2710 764 2764 καὶτὸν
803 2710 1023 2783 Ἰσραὴλ
1061 2712 1199 2784 πρὸς
1238 2712 1401 2767 αὐτόν
1423 2730 1436 2743 ·
1474 2713 1570 2767 καὶ
1622 2713 1783 2768 πάλιν

177 2798 308 2857 εἷπέ
341 2822 463 2876 μοι·
492 2805 656 2875 Μέγα
693 2807 776 2861 σοί
800 2808 947 2860 ἐστιν
970 2808 1031 2862 τὸ
1060 2808 1328 2881 κληθῆναί
1369 2826 1427 2862 σε
1462 2810 1629 2864 παῖδά
1655 2828 1781 2881 μου,

176 2895 277 2950 τοῦ
314 2897 515 2968 στῆσαι
540 2897 640 2964 τὰς
671 2899 846 2970 φυλὰς
871 2899 966 2954 τοῦ
1001 2899 1197 2954 Ἰακὼϐ
1232 2902 1325 2955 καὶ
1354 2902 1454 2966 τὰς
1481 2901 1784 2975 διασπορὰς

176 2988 278 3042 τοῦ
311 2989 531 3062 Ἰσραὴλ
547 2991 893 3064 ἐπιστρέψαι.
909 3011 927 3043 ι
963 2991 1124 3047 Ἀλλά
1147 2993 1240 3047 καὶ
1259 2994 1341 3045 τό*
1366 3011 1385 3045 ι
1408 2993 1539 3047 Ἰδοὺ
1564 2993 1786 3049 τέθεικά

182 3099 247 3136 σε
300 3083 385 3146 εἰς
434 3083 552 3154 φῶς
582 3084 776 3150 ἐθνῶν,
822 3085 916 3138 τοῦ
959 3080 1100 3139 εἷναί
1146 3101 1206 3139 σε
1240 3087 1321 3150 εἰς
1370 3086 1647 3159 σωτηρίαν
1679 3088 1784 3152 ἕως

180 3176 418 3246 ἐσχάτου
467 3177 567 3248 τῆς
600 3177 726 3248 γῆς,
759 3195 779 3229 ι
830 3177 1135 3250 παράδοξόν
1165 3196 1286 3232 τινα
1334 3179 1430 3232 καὶ
1471 3177 1784 3251 θαυμαστὸν

181 3269 479 3339 ὑποφαίνει
514 3270 604 3323 τὸν
636 3271 765 3342 περὶ
793 3262 853 3323 οὗ
888 3272 916 3322 6
940 3270 1117 3339 λόγος.
1136 3270 1233 3335 Τίς
1261 3271 1306 3324 δ’
1336 3271 1401 3326 ἂν
1434 3264 1590 3337 οὗτος

178 3363 217 3414 ὸ
241 3359 452 3433 Κύριος
485 3361 642 3433 ἡμῶν
674 3363 882 3433 Ἰησοῦς
910 3364 1164 3436 Χριστὸς,
1191 3365 1220 3418 6
1250 3365 1345 3418 καὶ
1382 3364 1484 3437 ἤδη
1511 3364 1778 3437 πρότερον

182 3456 247 3506 ἐν
273 3457 388 3514 τοῖς
414 3455 675 3525 ἀνωτέρω
719 3454 913 3509 Ἰακὼϐ
937 3457 1287 3526 χρηματίσας
1320 3456 1416 3511 καὶ
1447 3456 1665 3530 Ἰσραὴλ
1695 3454 1786 3510 διὰ

181 3545 306 3599 τοῦ·
335 3564 353 3596 ι
378 3545 573 3600 Ἰακὼϐ
596 3549 624 3601 ὁ
644 3550 775 3612 παῖς
806 3565 929 3619 μου,
954 3548 1317 3620 ἁντιλήψομαι
1350 3548 1542 3616 αὐτοῦ,
1568 3545 1786 3620 Ἰσραὴλ

181 3642 214 3693 6
248 3639 508 3704 ἐκλεκτός
541 3657 642 3712 μου
664 3680 679 3706 ,
725 3640 1089 3713 προσεδέξατο
1121 3643 1285 3696 αὐτὸν
1328 3643 1363 3714 ἠ
1402 3642 1550 3714 ψυχή
1591 3658 1727 3713 μου;
1759 3660 1779 3694 ›

184 3726 362 3797 Οὗτος
383 3734 494 3805 γάρ
543 3734 692 3787 ἐστιν
723 3735 752 3788 6
807 3734 969 3805 μόνος
1012 3736 1136 3788 κατ’
1166 3733 1427 3806 ἀλήθειαν
1467 3733 1613 3804 ὁρῶν
1650 3732 1785 3787 Θεὸν

182 3823 281 3878 τὸν
310 3824 553 3896 Πατέρα,
596 3824 813 3897 Ἰσραὴλ
851 3826 953 3898 μὲν
991 3826 1413 3898 ὀνομαζόμενος,
1441 3827 1581 3898 ὅπερ
1609 3826 1784 3897 ἑρμη-

186 3912 403 3968 νεύεται
436 3933 455 3964 ι
481 3912 627 3986 ὀρῶν
664 3914 759 3968 τὸν
796 3913 953 3980 Θεὸν,
983 3936 1001 3968 ι
1031 3916 1153 3969 κατ’
1187 3917 1431 3973 ἐπίνοιαν
1481 3915 1647 3970 αὐτοῦ
1682 3916 1785 3985 τῆς

183 4004 446 4077 θεότητος
464 4023 478 4036 ·
508 4005 706 4060 Ἰακὼϐ
732 4006 812 4072 δὲ,
830 4009 967 4080 ὅπερ
992 4009 1110 4061 ἐστὶ
1143 4028 1162 4059 ι
1191 4008 1540 4082 πτερνιστὴς,
1569 4027 1588 4060 ι
1613 4007 1734 4063 καθ’
1755 4007 1786 4061 6

183 4097 622 4170 ὲνανθρωπήσας
639 4100 1057 4170 κατηγωνίσατο
1080 4102 1260 4165 πάσας
1281 4101 1382 4166 τὰς
1402 4100 1785 4173 ἀντικειμένας

182 4192 470 4263 δυνάμεις.
506 4192 651 4264 Ὅρα
704 4193 762 4247 δὲ
813 4197 862 4248 εί
906 4195 982 4266 μὴ
1039 4192 1359 4265 συνᾴδουσιν
1416 4193 1687 4265 ἀλλήλαις
1727 4194 1786 4248 αἱ

183 4286 520 4356 περικοπαὶ,
551 4287 587 4357 ἢ
619 4303 679 4340 τε
716 4287 856 4358 μετὰ
884 4291 1104 4359 χεῖρας,
1138 4288 1233 4341 καὶ
1275 4290 1334 4341 ὲν
1376 4281 1412 4362 ᾗ
1448 4287 1665 4356 ἐλέγετο
1690 4285 1785 4350 τὸ,

192 4398 212 4430 ι
236 4376 434 4432 Ἰακὼϐ
455 4381 485 4432 6
513 4382 645 4443 παῖς
668 4396 769 4450 μου
792 4399 810 4432 ι
836 4382 917 4446 εἰς
944 4381 1037 4437 τὸν
1063 4381 1296 4453 Χριστὸν
1346 4379 1787 4454 ἀναφερόμενονή

182 4470 263 4535 ὼς
295 4469 409 4542 γάρ
450 4486 533 4524 τοι
580 4472 697 4524 ἐκεῖ
722 4471 784 4524 τὸ
821 4490 841 4523 ι
885 4472 1081 4527 Ἰακὼϐ
1117 4474 1146 4526 6
1198 4475 1330 4536 παῖς
1365 4489 1468 4544 μου
1491 4491 1512 4525 ι
1550 4472 1786 4544 εῐρηται,

1885 2006 2015 2046 vero
2042 1991 2161 2048 hazc
2185 1995 2485 2051 convenire
2504 1994 2887 2053 demonstrant
2915 2014 3037 2069 quae
3061 2009 3390 2071 sequuntur,
3422 2011 3478 2058 et

1884 2082 1953 2136 ad
1983 2083 2154 2138 alium
2179 2085 2349 2140 Israel
2385 2093 2672 2156 spectare;
2709 2086 2975 2157 scriptum
3004 2096 3090 2145 est
3117 2088 3265 2144 enim
3295 2107 3311 2145 :
3350 2108 3369 2141 ι
3408 2087 3477 2144 Et

1884 2191 2034 2231 nunc
2064 2176 2147 2232 sic
2170 2177 2304 2232 dicit
2335 2176 2623 2245 Dominus,
2680 2178 2927 2237 formans
2958 2195 3044 2237 me
3074 2196 3144 2237 ex
3173 2189 3330 2238 utero
3355 2197 3476 2239 ser-
3537 2248 3547 2256 _

1883 2285 2014 2325 vum
2042 2268 2172 2335 sibi,
2206 2276 2268 2323 ut
2289 2269 2548 2326 reducam
2586 2267 2756 2326 Jacob
2781 2269 2851 2325 ad
2879 2286 3026 2333 eum.
3080 2278 3135 2327 et
3176 2270 3369 2327 Israel.
3408 2270 3476 2326 Et

1883 2375 2080 2416 rursus
2111 2360 2250 2416 dixit
2279 2360 2450 2415 mihi:
2487 2359 2744 2433 Magnum
2788 2361 2889 2417 tibi
2941 2369 3027 2418 est
3076 2363 3265 2419 vocari
3300 2362 3474 2419 tilium

1884 2469 2091 2520 meum,
2127 2453 2198 2509 ad
2230 2452 2582 2510 suscitandas
2604 2454 2783 2511 tribus
2804 2452 2994 2521 Jacob,
3036 2465 3092 2512 et
3120 2455 3282 2513 faeces
3310 2454 3481 2511 Israel

1885 2559 2310 2616 convertendas.
2350 2577 2369 2612 ι
2403 2557 2513 2615 Sed
2543 2567 2598 2616 et
2626 2560 2759 2616 illud
2787 2579 2800 2614 :
2837 2580 2857 2614 ι
2890 2560 3032 2617 Ecce
3059 2560 3183 2617 dedi
3214 2570 3269 2619 te
3306 2562 3361 2617 in
3393 2563 3481 2617 IIl-

1884 2666 2005 2707 cem
2033 2651 2300 2724 gentium,
2336 2658 2397 2706 ut
2425 2650 2505 2707 sis
2532 2651 2682 2708 salus
2715 2666 2837 2707 mea
2870 2667 3047 2724 usque
3074 2652 3145 2707 ad
3170 2661 3479 2708 extremum

1884 2752 2068 2810 terrae,
2104 2762 2125 2796 ι
2155 2743 2528 2799 admirabilem
2556 2743 2854 2814 quemdam
2877 2752 2931 2799 et
2956 2743 3330 2814 prodigiosum
3361 2741 3480 2798 fore

1885 2836 2228 2892 demonstrat
2258 2849 2383 2891 eum
2413 2834 2485 2891 de
2514 2850 2625 2906 quo
2667 2849 2850 2890 sermo
2895 2835 3146 2889 habetur.
3198 2834 3335 2902 Quis
3379 2851 3480 2891 au-

1885 2935 1994 2983 tem
2028 2928 2121 2982 hic
2146 2933 2315 2994 esset,
2342 2927 2448 2983 nisi
2469 2925 2737 2982 Dominus
2767 2933 2957 2981 noster
2982 2925 3147 2982 Jesus
3176 2926 3435 2984 Christus
3459 2968 3474 2991 ,

1885 3021 1983 3091 qui
2008 3019 2124 3092 jam
2156 3021 2312 3092 prius
2345 3020 2402 3075 in
2426 3020 2497 3076 iis
2523 3035 2645 3091 quae
2672 3034 2839 3091 supra
2885 3020 3055 3074 relata
3090 3026 3259 3085 sunt,
3306 3018 3478 3077 Jacob

1886 3122 1943 3168 et
1978 3113 2147 3169 Israel
2172 3112 2560 3169 manifestatus
2614 3121 2699 3168 est
2748 3112 2940 3168 dicens
2987 3130 2999 3166 :
3053 3131 3071 3164 ι
3108 3111 3299 3183 Jacob;
3343 3127 3480 3183 puer

1886 3220 2066 3272 meus,
2095 3205 2396 3277 suscipiam
2446 3217 2608 3271 eum,
2665 3211 2720 3259 et
2765 3204 2935 3260 Israel
3011 3204 3220 3260 electus
3270 3218 3478 3260 meus:

1618 3273 1704 3344 ετη
1740 3273 1774 3345 ἢ
1808 3283 1854 3346 C
1886 3298 2134 3370 suscepit
2162 3273 2289 3354 eum
2344 3297 2525 3354 anima
2585 3296 2743 3354 mea?
2776 3315 2797 3350 ι
2859 3294 2961 3351 Hic
2997 3295 3145 3352 enim
3190 3305 3276 3352 est
3325 3295 3481 3352 solus

1887 3406 2019 3447 vere
2045 3390 2239 3447 videns
2270 3388 2442 3445 Deum
2475 3388 2693 3444 Patrem
2715 3428 2733 3454 ,
2774 3388 2946 3445 Israel
2970 3388 3192 3459 quidem
3225 3387 3479 3443 nomina-

1888 3491 1999 3548 tus,
2023 3481 2172 3554 quod
2208 3480 2602 3565 interpretatur
2629 3479 2809 3535 videns
2843 3479 3009 3535 Deum
3028 3521 3044 3548 ,
3084 3480 3245 3551 juxta
3272 3477 3478 3535 divini-

1886 3590 2017 3645 tatis
2047 3603 2423 3646 suas-sensum
2448 3606 2466 3657 ;
2495 3586 2669 3644 Jacob
2710 3595 2914 3654 autem,
2971 3587 3029 3641 id
3060 3594 3146 3643 est
3204 3587 3435 3641 luctator
3461 3626 3477 3649 ,

1886 3683 2148 3754 quoniam
2191 3681 2515 3738 incarnatus
2564 3696 2756 3737 omnes
2788 3680 3134 3735 adversarias
3186 3679 3480 3735 debellavit

1886 3781 2207 3846 potestates.
2237 3772 2476 3830 Attende
2515 3771 2661 3829 enim
2692 3771 2969 3843 quomodo
2997 3771 3349 3826 consentiant
3395 3770 3480 3826 in-

1885 3877 1971 3927 ter
2001 3885 2062 3926 se
2093 3870 2432 3941 prophetiae;
2466 3870 2583 3925 hac
2611 3868 2856 3941 quidem,
2889 3870 2957 3925 de
2986 3884 3093 3940 qua
3113 3884 3263 3925 nunc
3295 3885 3484 3926 sermo

1885 3965 2139 4031 habetur,
2162 3966 2290 4020 etin
2318 3979 2427 4036 qua
2449 3964 2651 4019 dicitur
2675 3964 2830 4029 illud,
2858 3985 2874 4016 ι
2898 3963 3068 4020 Jacob
3091 3964 3237 4020 tilius
3264 3980 3474 4032 meus,»

1885 4062 2032 4134 quod
2059 4061 2128 4117 ad
2155 4060 2436 4118 Christum
2470 4068 2716 4131 Spectat;
2753 4061 2898 4116 sicut
2924 4063 3073 4118 enim
3102 4062 3216 4117 illic
3261 4081 3281 4115 ι
3306 4060 3479 4119 Jacob

1885 4170 2022 4227 puer
2047 4169 2205 4210 meus
2241 4172 2262 4207 ι
2290 4153 2514 4219 dicitur,
2542 4153 2618 4208 ita
2646 4153 2737 4209 hic
2779 4173 2799 4206 ι
2835 4154 3091 4226 Magnum
3121 4154 3220 4210 tibi
3261 4161 3347 4210 est
3376 4169 3476 4209 vo-

1888 4247 2006 4303 cari
2036 4254 2089 4303 te
2120 4245 2292 4301 ﬁlium
2322 4259 2545 4307 meum;
2571 4263 2589 4297 ι
2611 4250 2665 4300 et
2687 4243 2831 4300 sicut
2860 4245 2993 4309 illic,
3026 4264 3044 4296 ι
3074 4243 3243 4301 Israel
3269 4245 3482 4301 electus

1889 4354 2047 4395 meus
2081 4359 2100 4391 ι
2139 4337 2363 4405 dicitur,
2392 4337 2469 4392 ita
2499 4336 2612 4404 hic,
2640 4355 2660 4389 ι
2708 4338 2838 4409 quia
2885 4336 3062 4393 fidelis
3111 4347 3197 4392 est
3254 4343 3482 4392 sanctus

1891 4432 2080 4498 Israel,
2111 4440 2168 4490 et
2199 4432 2339 4504 elegi
2364 4438 2441 4488 te.
2483 4453 2503 4484 ι
2537 4429 2865 4502 Rursusque
2892 4430 3004 4486 illic
3035 4430 3277 4486 dicitur:
3302 4448 3321 4482 ι
3347 4427 3482 4485 Dedi

183 4538 391 4627 οὕτως-
424 4562 615 4618 ἐνθάδε
663 4564 726 4617 τὸ
763 4582 783 4616 ι
819 4565 964 4636 μέγα
1002 4565 1086 4619 σοί
1127 4566 1245 4619 ἐστι
1286 4538 1382 4619 τοῖι
1421 4538 1687 4637 κληθῆναί

1978 4541 2032 4596 in
2054 4548 2443 4598 testamentum
2471 4540 2711 4610 generis,
2761 4539 2820 4594 in
2856 4538 3039 4595 lumen
3085 4538 3332 4610 gentium
3356 4577 3374 4604 ,
3422 4543 3484 4593 ut

186 4654 359 4708 παῖδά
380 4671 483 4726 μου
501 4671 515 4684 ο
530 4675 549 4707 ι
575 4656 669 4709 καὶ
691 4655 768 4720 ὡς
794 4628 913 4711 ἐκεῖ
926 4657 1006 4723 τὸ,
1029 4676 1049 4710 ι
1072 4658 1291 4731 Ἰσραὴλ
1309 4660 1338 4712 6
1358 4628 1612 4722 ἐκλεκτός
1639 4675 1692 4730 μ(

1976 4633 2138 4690 arires
2163 4633 2354 4688 oculos
2387 4645 2660 4687 caecorum
2683 4669 2699 4695 ,
2751 4637 2806 4685 et
2837 4630 3102 4685 educeres
3152 4628 3220 4684 de
3252 4628 3482 4685 conclu-

184 4721 465 4812 λέλεκται,
491 4745 665 4813 οὕτως
689 4747 876 4803 ἐνθάδε
899 4721 1030 4813 τὸ,’‹
1049 4750 1131 4805 ὅτι
1151 4721 1362 4815 ’πιστός
1396 4753 1545 4805 ἐστιν
1632 4721 1690 4821 ἀγ

1980 4741 2058 4783 ine
2082 4726 2322 4790 vinctos,
2374 4722 2445 4779 de
2490 4722 2657 4778 domo
2690 4722 2931 4777 carceris
2965 4722 3221 4778 sedentes
3250 4721 3306 4777 in
3333 4728 3486 4778 tene—

200 4837 444 4909 Ἰσραὴλ,
469 4842 563 4891 καὶ
582 4837 932 4912 ’ἐξελεξάμην
962 4812 1043 4894 σε.
1084 4860 1102 4894 ι
1137 4840 1307 4897 Πάλιν
1335 4812 1397 4895 τε
1431 4837 1499 4896 αὖ
1540 4843 1660 4895 ἐκεῖ
1682 4812 1706 4913 ἰ.

1985 4836 2046 4888 s;
2082 4838 2104 4874 ι
2138 4820 2195 4874 in
2218 4826 2489 4890 praesente
2528 4829 2660 4871 vero
2687 4813 2977 4885 prophetia
3008 4831 3024 4868 :
3055 4831 3074 4865 ι
3105 4813 3250 4869 Ecce
3276 4812 3403 4869 dedi
3432 4822 3485 4869 te

184 4906 432 5002 εἴρηται*
472 4950 491 4984 ι
513 4931 736 4986 Ἔδωκά
762 4906 838 4985 σε·
873 4906 954 4996 si;
995 4933 1260 5007 διαθήκην
1288 4934 1499 5004 γένους,
1532 4936 1614 4998 εἰς
1671 4951 1690 5003 q

1985 4916 2162 4970 lucem
2180 4911 2447 4984 gentium,
2475 4916 2537 4964 ut
2568 4909 2871 4965 suscitares
2895 4915 3123 4973 terram,
3148 4915 3204 4963 et
3232 4906 3485 4978 posside-

184 5001 365 5077 ἐθνῶν
384 5062 399 5087 ,
453 5020 663 5088 ἀνοῖξαι
722 5023 1036 5095 ὀφθαλμοὺς
1076 5001 1329 5096 τυφλῶν,
1382 5001 1690 5097 ἐξαγαγεῖν-

1976 5024 1986 5062 ι
2016 5004 2364 5062 ιιωιειιίιεῐεε
2388 5002 2722 5073 dissipatas;
2757 5008 2817 5056 ut
2842 5001 3056 5057 diceres
3080 5001 3169 5056 bis
3188 5001 3284 5070 qui
3311 5001 3482 5067 vincti

185 5113 411 5185 δεσμῶν
431 5091 776 5187 δεδεμένους,
795 5116 892 5170 καὶ
905 5091 972 5183 "eg
992 5117 1144 5171 οῐκου
1158 5091 1415 5190 ιρυλακῆς
1428 5091 1578 5192 ήκαθη
1589 5118 1691 5190 μένε

1969 5110 2023 5158 nt
2055 5121 2069 5156 :
2105 5098 2287 5161 Exite,
2316 5102 2372 5152 et
2401 5094 2490 5150 his
2519 5094 2614 5165 qui
2646 5093 2703 5148 in
2732 5093 2977 5149 tenebris
3004 5111 3017 5147 :
3056 5091 3416 5149 Revelamini.
3456 5113 3475 5145 ι

187 5202 252 5255 ἐν
288 5203 475 5257 σκότει
493 5222 508 5236 ο
550 5224 569 5257 ι
594 5207 653 5258 ὲν
672 5204 732 5257 δὲ
761 5208 828 5276 τῇ
866 5205 1004 5277 μετά
1026 5210 1234 5280 χεῖρας·
1266 5228 1285 5262 ι
1322 5209 1454 5264 Ἰδοὺ
1480 5209 1693 5264 τέθεικά

1975 5209 2055 5267 ιοι1
2091 5205 2311 5278 quidem
2369 5201 2505 5258 nulli
2552 5200 2646 5255 alii
2699 5214 2764 5254 ac
2822 5199 2926 5255 soli
2962 5198 3235 5255 Salvatori
3289 5207 3481 5256 nostro

193 5296 279 5360 εἰς
306 5296 426 5367 φῶς
455 5297 646 5366 ἐθνῶν,
679 5299 775 5354 τοῦ
803 5303 1147 5375 καταστῆσαι
1175 5303 1276 5375 τὴν
1309 5304 1434 5375 γῆν,
1470 5305 1567 5358 καὶ
1588 5305 1692 5374 κλη

1976 5301 2234 5359 nveniunt
2259 5297 2366 5352 illa:
2412 5291 2734 5366 prophetiae,
2766 5290 3119 5347 manifestum
3161 5291 3253 5347 ﬁet
3293 5292 3482 5348 multi—

190 5387 437 5460 νομῆσαι
506 5390 873 5464 κληρονομίαν
933 5396 1141 5468 ἐρήμου
1174 5437 1190 5462 ,
1252 5395 1483 5465 λέγοντα
1542 5400 1657 5462 τοῖς

1975 5397 2076 5453 lini
2106 5392 2348 5465 gentium
2376 5403 2500 5460 quae
2528 5388 2585 5442 in
2613 5400 2738 5442 eum
2789 5393 2954 5456 atque
2996 5399 3095 5455 per
3116 5399 3242 5440 eum
3272 5385 3331 5440 in
3360 5399 3481 5441 om-

192 5480 417 5552 δεσμοῖς
439 5499 454 5514 ’
498 5482 772 5549 Ἐξέλθετε
794 5525 809 5550 ,
860 5487 954 5540 καὶ
985 5490 1099 5551 τοῖς
1148 5489 1206 5540 ὲν
1251 5486 1330 5559 τῷ
1357 5489 1537 5543 σκότει
1573 5505 1587 5520 ·
1633 5491 1698 5543 Ἀ·

1975 5506 2046 5545 Im
2068 5487 2241 5543 Deum
2264 5491 2642 5555 speraverunt,
2660 5478 2862 5551 quibus
2888 5491 2919 5531 a
2950 5475 3115 5532 Patre
3143 5476 3481 5533 constitutus

196 5571 532 5645 καλύφθητε.
583 5595 603 5627 ι
653 5575 777 5631 Ὅτι
825 5578 925 5650 μὲν
978 5576 1073 5632 οὖν
1127 5579 1305 5633 οὐδενὶ
1355 5579 1499 5652 ἄλλῳ
1549 5580 1583 5651 ἢ
1629 5572 1702 5653 ’μό

1969 5587 1982 5633 ι
2012 5580 2071 5634 in
2103 5578 2309 5632 lumen.
2346 5574 2436 5629 Ait
2455 5574 2644 5645 igitur,
2673 5590 2691 5623 ι
2730 5579 2791 5625 ιιι
2821 5571 3121 5626 suscitares
3169 5576 3371 5624 terram
3398 5607 3414 5632 ,
3455 5586 3475 5619 ι

192 5665 274 5740 τῷ
308 5667 522 5739 Σωτῆρι
556 5669 716 5740 ἡμῶν
755 5670 982 5744 ἁρμόζει
1036 5672 1106 5727 τὰ
1138 5675 1196 5727 ὲν
1233 5676 1353 5738 ταῖς
1396 5674 1698 5746 προκειμένη

1985 5674 2111 5729 licet
2137 5670 2207 5727 ad
2236 5669 2473 5726 animam
2504 5668 2659 5738 prius
2684 5663 2922 5720 tumultu
2952 5669 3008 5719 et
3041 5662 3281 5733 procella
3309 5662 3484 5732 agita-

272 5849 288 5880 ¹
308 5847 435 5905 Isai.
463 5864 608 5917 ιιιι,
645 5850 795 5907 LII.
