3856 6226
334 363 477 420 1935

996 360 1266 418 EUSEBH
1303 361 1781 420 CESABIENSIS
1819 364 1971 422 OPP.
2015 365 2194 421 PARS
2234 366 2322 423 Ill.
2361 397 2431 408 —-
2473 365 2882 424 EXEGETICA.

3467 365 3624 422 1236

332 483 444 529 tam
463 474 518 529 in
553 488 741 545 pacem
762 481 816 529 et
844 473 1289 544 tranquillitatem
1314 475 1711 543 reducendum;
1742 477 1837 534 sed
1867 492 1903 532 e:

2026 480 2423 550 προφητείαις,
2485 481 2644 552 δῆλον
2711 481 2862 535 ἔσται
2934 484 3046 546 τοῖς
3103 483 3462 553 ἐτιστήσασιν
3529 485 3619 554 τῷ

336 585 357 620 ι
395 574 453 621 ιιι
487 565 798 637 possideres
841 565 1187 622 hereditates
1217 565 1511 636 dissipatas
1538 605 1553 632 ,
1618 587 1636 619 ι
1673 571 1917 639 gentium

330 659 583 714 videlicet
615 657 948 725 Ecclesiam;
980 673 1142 730 quam
1176 665 1302 713 ante
1329 659 1522 728 'ipsius
1581 661 1920 718 incarnatio-

330 767 456 806 nem
487 751 781 814 desertam,
812 751 971 821 quasi
1007 751 1380 807 haereditatem
1433 753 1646 823 accepit
1695 754 1766 808 ab
1822 755 1918 810 illo

329 842 423 910 qui
448 841 585 896 dixit
608 843 657 897 ei
684 860 696 897 :
736 859 754 892 ι
786 841 915 896 Pete
953 856 984 895 a
1015 856 1123 906 me,
1148 849 1203 897 et
1234 841 1377 898 dabo
1399 843 1494 898 tibi
1527 854 1718 914 gentes
1743 844 1916 902 haere-

330 933 556 989 ditatem
587 942 734 989 tuam
769 935 807 990 ¹.
839 955 860 988 ι
897 933 997 990 Hic
1027 943 1209 992 autem
1257 936 1414 1005 juxta
1457 939 1798 1009 prophetiam
1849 940 1920 996 de

330 1045 391 1085 se
418 1029 558 1098 ipso,
585 1043 681 1084 eos
711 1029 806 1099 qui
833 1029 888 1083 in
923 1029 1164 1086 vinculis
1185 1039 1363 1098 erant,
1391 1033 1540 1087 exire
1561 1033 1748 1103 jussit.
1772 1032 1916 1090 Sane

2024 569 2218 640 πλήθει
2260 571 2369 624 τῶν
2417 573 2496 634 εἰς
2541 573 2702 625 αὑτὸν
2749 572 2843 625 καὶ
2891 571 2959 625 δι’
3013 572 3178 626 αὑτοῦ
3231 575 3326 626 ἐπὶ
3363 575 3455 627 τὸν
3497 574 3618 627 τῶν

2019 661 2154 714 ὅλων
2188 662 2322 716 Θεὸν
2374 662 2682 732 ὴλπικότων
2735 662 2939 728 ἐθνῶν,
2973 657 3055 728 οἷς
3086 665 3190 718 ὑπὸ
3239 664 3335 718 τοῦ
3391 666 3616 736 [ἰατρὸς

2018 754 2176 826 ἐτέθη
2211 757 2291 819 είς
2325 756 2470 826 φῶς’
2505 755 2671 828 φησὶν
2687 755 2763 820 δὲ,
2790 775 2809 806 ι
2831 756 2924 810 τοῦ
2951 757 3292 828 καταστῆσαι
3314 759 3413 826 τὴν
3443 759 3607 829 γῆν,ι

2016 847 2162 901 τοῦτ’
2208 848 2322 901 ἐστι
2359 847 2458 920 τὴν
2475 849 2531 901 ἐν
2557 848 2809 921 θορύϐοις
2845 850 2937 902 καὶ
2971 851 3402 914 ἀκαταστασίαις
3436 852 3614 904 πάλαι

2016 940 2390 1010 τυγχάνουσαν
2436 939 2615 1011 ψυχὴν
2666 942 2746 1006 είς
2779 941 2878 1014 τὴν
2911 943 3052 996 κατὰ
3091 943 3253 1012 φύσιν
3284 943 3614 997 εὐστάθειαν

2017 1033 2112 1084 καὶ
2139 1034 2477 1106 καταστολὴν
2504 1037 2729 1106 ἀγαγεῖν
2749 1054 2761 1066 ·
2792 1036 2928 1090 ἀλλὰ
2957 1036 3051 1088 καὶ
3082 1055 3101 1086 ι
3125 1035 3217 1088 τοῦ
3258 1035 3612 1107 κληρονομῆ-

327 1120 474 1174 enim
508 1117 738 1185 Lazaro,
769 1135 931 1190 quem
965 1120 1151 1177 fasciis
1177 1122 1290 1192 jam
1319 1123 1630 1178 redimitum
1668 1133 1828 1196 atque
1858 1128 1903 1181 in

2019 1141 2108 1177 σαι
2137 1125 2508 1198 κληρονομίαν
2539 1131 2768 1202 ἐρήμου,
2798 1150 2818 1181 ι
2847 1130 2947 1200 τὴν
2979 1127 3039 1192 ἐξ
3073 1127 3242 1182 ἐθνῶν
3276 1129 3613 1200 Ἐκκλησίαν

327 1212 583 1282 sepulcro
612 1227 643 1266 a
673 1212 970 1280 quatriduo
1012 1213 1320 1284 depositum
1353 1215 1604 1281 viderat,
1667 1224 1725 1270 ut
1775 1218 1903 1274 liber

2017 1219 2193 1290 δηλῶν
2217 1235 2229 1247 ·
2265 1221 2331 1290 ἣν
2369 1221 2475 1292 πρὸ
2498 1221 2600 1291 τῆς
2624 1222 2788 1276 αὐτοῦ
2821 1222 3127 1294 παρουσίας
3161 1221 3366 1294 ἔρημον
3392 1223 3610 1292 τυγχά-

325 1304 500 1362 exiret
526 1304 833 1376 imperavit,
865 1306 1093 1362 dicens:
1143 1327 1160 1358 ι
1199 1307 1425 1369 Lazare,
1460 1310 1585 1363 veni
1617 1310 1763 1366 foras
1798 1314 1838 1364 ³.
1888 1331 1903 1364 ι

2015 1328 2238 1380 νουσαν,
2278 1313 2646 1385 κληρονομίαν
2692 1315 2882 1385 εἴληφε
2911 1313 3062 1386 παρὰ
3091 1313 3185 1368 τοῦ
3223 1315 3469 1378 εἰπόντος
3508 1317 3611 1368 αῦ-

323 1396 548 1453 Necnon
593 1399 808 1453 ratione
834 1397 1015 1468 aliqua
1065 1399 1133 1453 ad
1181 1398 1346 1454 ﬁliam
1382 1399 1715 1467 Abrahami,
1747 1419 1903 1474 quam

2011 1404 2090 1475 τῷ
2113 1423 2128 1437 ο
2165 1424 2183 1456 ι
2209 1405 2442 1477 Αἴτησαι
2488 1410 2617 1479 παρ’
2664 1407 2832 1477 ἐμοῦ,
2869 1409 2963 1461 καὶ
3002 1406 3159 1461 δώσω
3206 1425 3286 1460 σοι
3331 1407 3458 1479 ἔθνη
3502 1409 3611 1478 τὴν

323 1490 733 1546 constrinxerat
770 1488 1006 1546 Satanas
1036 1491 1225 1546 decem
1251 1499 1306 1548 et
1343 1501 1468 1549 octo
1491 1508 1688 1560 annos,
1717 1511 1901 1565 quam-

2013 1494 2385 1566 κληρονομίαν
2434 1513 2551 1550 σου.
2586 1517 2605 1549 ι
2649 1490 2818 1561 Οῦτος
2851 1497 2908 1552 δέ
2951 1498 3092 1552 κατὰ
3127 1497 3224 1568 τὴν
3276 1499 3402 1570 περὶ
3435 1497 3608 1551 αὑτοῦ

321 1594 430 1649 que
464 1579 696 1648 pristina
734 1579 1050 1636 inﬁrmitate
1076 1581 1362 1636 liberatam
1389 1622 1405 1646 ,
1452 1582 1780 1638 incolumem
1836 1586 1903 1641 di-

2019 1589 2360 1659 προφητείαν
2392 1591 2506 1653 τοῖς
2544 1591 2602 1642 ἐν
2649 1589 2868 1661 δεσμοῖς
2903 1589 3124 1662 εἴρηκεν
3162 1589 3427 1654 ἐξελθεῖνο
3467 1607 3610 1662 etpo-

320 1670 494 1726 misit.
518 1669 812 1735 Cancrum,
837 1671 1040 1742 ubique
1072 1672 1140 1728 iis
1168 1675 1261 1744 qui
1291 1681 1641 1744 peccatorum
1675 1676 1903 1732 vinculis

2014 1677 2212 1748 κείρως
2239 1679 2338 1749 μὲν
2371 1679 2447 1744 ὡς
2481 1680 2573 1733 ἐπὶ
2592 1678 2690 1733 τοῦ
2715 1680 2990 1753 Λαζάρου,
3025 1681 3086 1734 ὃν
3112 1681 3346 1753 κειρίαις
3374 1682 3614 1735 καταδε-

321 1762 784 1832 impediebantur,
827 1765 1073 1834 priorum
1121 1781 1340 1821 suarum
1379 1767 1726 1838 iniquitatum
1773 1771 1903 1825 mis-

2015 1767 2238 1838 δεμένον
2295 1770 2390 1822 καὶ
2437 1771 2496 1823 ἐν
2556 1771 2798 1841 μνήματι
2848 1774 3166 1842 τεταρταῖον
3227 1773 3605 1844 τυγχάνοντα,

319 1856 530 1910 sionem
577 1857 874 1922 concessit,
917 1865 1080 1927 prout
1120 1859 1275 1914 solus
1329 1867 1654 1939 potestatem
1699 1860 1903 1916 habens

2011 1859 2181 1913 εἰπών
2205 1877 2219 1890 ο
2267 1879 2286 1910 ι
2318 1840 2574 1932 Λάζαρε,
2616 1840 2776 1933 δεῦρο
2813 1861 2955 1927 ἔξω,
2991 1840 3028 1916 ἡ»
3066 1840 3363 1933 ἐλεύθερον-
3390 1865 3610 1936 ἀφῆκεν

317 1942 626 1998 dimittendi
657 1954 899 2014 peccata.
945 1946 1156 2012 Quibus
1205 1963 1352 2003 nunc
1403 1964 1622 2020 quoque
1658 1949 1903 2005 doctrina

2013 1951 2275 2021 ὑπάγειν·
2313 1952 2406 2006 καὶ
2433 1954 2491 2005 ἐν
2518 1953 2673 2026 μέρει
2705 1953 2763 2007 δὲ
2794 1953 3031 2017 διανοίας
3068 1954 3163 2008 ἐπὶ
3195 1954 3295 2023 τῆς
3330 1953 3610 2026 θυγατρὸς

317 2056 419 2095 sua
450 2041 683 2113 imperat
709 2051 788 2108 ut,
819 2044 996 2114 ruptis
1021 2044 1299 2114 prioribus
1338 2046 1593 2111 vinculis,
1617 2046 1903 2116 egredian-

2023 2044 2295 2116 Ἀϐραάμ,
2326 2046 2392 2117 ἣν
2419 2045 2608 2117 ἔδησεν
2637 2047 2665 2098 ὁ
2687 2047 2935 2111 Σατανᾶς
2958 2045 3090 2100 δέκα
3120 2048 3213 2100 καὶ
3235 2047 3377 2100 ὀκτὼ
3399 2048 3608 2112 ἐτεσιν,

316 2143 428 2199 tur,
455 2135 755 2205 unicuique
789 2136 1050 2192 dictitans
1081 2155 1092 2189 :
1141 2156 1160 2187 ‹
1203 2135 1346 2192 Ecce
1381 2153 1552 2193 sanus
1587 2137 1763 2193 factus
1794 2153 1854 2193 es
1890 2157 1902 2192 :

2010 2133 2076 2203 ἣν
2130 2133 2223 2186 καὶ
2278 2134 2447 2203 αὐτὴν
2482 2134 2581 2205 τῆς
2640 2134 2922 2199 ἀσθενείας
2965 2135 3280 2200 ἀπαλλάξας
3317 2136 3466 2190 σώαν
3498 2138 3610 2191 ἀπ.

316 2225 425 2294 jam
454 2227 567 2280 noli
603 2228 897 2297 peccare’.
951 2247 970 2278 ι
1020 2227 1294 2283 Praeterea
1328 2245 1476 2283 nunc
1528 2229 1706 2284 adhuc
1751 2230 1903 2299 igno-

2011 2225 2168 2278 έλυσε
2194 2242 2209 2255 ·
2255 2225 2484 2279 καθόλου
2537 2227 2590 2280 δὲ
2611 2267 2626 2292 ,
2660 2227 2896 2299 ὁπηνίκα
2941 2230 3076 2282 πᾶσι
3119 2231 3231 2292 τοῖς
3253 2232 3464 2301 σειραῖς
3493 2230 3610 2283 τῶν

315 2316 511 2372 rantis:
559 2324 614 2372 et
665 2318 887 2373 malitia:
917 2319 1163 2375 tenebris
1197 2319 1511 2375 obscuratis
1557 2320 1799 2390 pracipit
1847 2328 1903 2374 ut

2013 2317 2158 2369 ίδίων
2205 2317 2492 2388 ἁμαρτιῶν
2535 2319 2886 2390 ἐσφιγμένοις
2932 2321 3126 2390 ἄφεσιν
3166 2319 3274 2374 τῶν
3317 2321 3609 2394 προτέρων

315 2411 648 2476 revelentur,
679 2411 880 2481 quippe
905 2410 999 2481 qui
1023 2409 1265 2466 Verbum
1296 2410 1392 2467 Dei
1443 2420 1557 2478 est,
1603 2413 1907 2483 prrecordia

313 2511 370 2556 et
391 2517 553 2558 renes
589 2503 894 2574 inquirens,
926 2504 1218 2574 cordisque
1247 2505 1642 2576 cogitationum
1689 2513 1743 2560 et
1782 2523 1906 2562 sen-

314 2594 614 2649 tentiarum
641 2593 951 2666 indagator.
976 2593 1174 2650 Verum
1208 2607 1267 2650 ut
1292 2613 1456 2668 quam
1487 2597 1812 2654 brevissime
1836 2597 1905 2653 iis

314 2687 722 2751 incumbamus,
751 2688 1115 2758 praecedentia
1145 2689 1312 2744 verba
1345 2689 1412 2745 iis
1437 2705 1558 2760 qua:
1591 2689 1659 2746 de
1683 2690 1904 2746 Christo

312 2782 461 2836 dicta
489 2788 617 2835 sunt
643 2779 1124 2836 accommodantes
1148 2821 1163 2846 ,
1219 2791 1384 2851 atque
1417 2781 1487 2836 ab
1533 2782 1694 2837 initio
1745 2798 1903 2838 resu-

312 2880 546 2937 mentes,
578 2881 825 2928 nostram
869 2871 936 2928 de
967 2873 1076 2928 illis
1118 2873 1624 2942 interpretationem
1657 2872 1904 2944 profere-

312 2979 458 3020 mus.
491 2963 549 3018 in
581 2963 766 3019 multis
792 2965 960 3035 igitur
981 2965 1428 3020 circumcisionis
1473 2965 1676 3036 populo
1716 2973 1904 3035 aperte

311 3054 728 3120 manifestatus,
763 3070 886 3110 cum
936 3055 1163 3111 nomine
1210 3055 1327 3110 sive
1375 3052 1591 3122 Jacob,
1652 3057 1768 3112 sive
1821 3055 1902 3112 ls-

313 3149 426 3204 rael
467 3158 718 3213 vocatur,
762 3148 817 3202 in
852 3149 1114 3220 prtesenti
1142 3164 1252 3204 non
1295 3147 1361 3202 ad
1386 3164 1481 3204 eos
1526 3148 1901 3219 prephetizat,

311 3238 411 3294 sed
461 3239 672 3296 insulas
722 3246 778 3294 et
835 3247 1026 3310 gentes
1100 3238 1170 3294 ad
1221 3239 1490 3294 audienda
1547 3255 1668 3308 qua:
1719 3240 1902 3294 dictu—

311 3347 411 3388 rus
475 3339 563 3387 est
615 3341 925 3400 convocat;
990 3340 1184 3403 estque
1233 3332 1313 3388 ibi
1349 3332 1646 3403 promissio
1700 3333 1903 3388 Christi

309 3425 457 3479 dicta
480 3423 548 3480 de
575 3423 864 3480 vocatione
896 3427 1122 3480 omnino
1151 3425 1281 3479 olim
1322 3425 1646 3490 inﬁdelium,
1674 3434 1837 3496 atque
1872 3441 1904 3479 a

310 3515 516 3584 pietate
569 3515 624 3570 in
666 3513 836 3570 Deum
866 3515 1171 3570 alienarum
1211 3515 1480 3587 gentium,
1510 3532 1746 3587 quarum
1785 3518 1904 3573 alia:

310 3605 670 3660 nominantur
741 3605 937 3660 insula:
978 3649 994 3672 ,
1077 3606 1274 3660 animae
1335 3605 1547 3661 scilicet
1595 3622 1718 3678 qua:
1769 3609 1901 3663 olim

308 3698 550 3769 quodam
607 3700 772 3755 modo
812 3698 1104 3755 maritimis
1146 3699 1270 3754 vitae
1316 3699 1572 3770 procellis
1598 3741 1613 3764 ,
1655 3700 1904 3772 agitatis-

309 3810 418 3862 que
474 3792 783 3863 iniquitatis
821 3791 1080 3847 fluctibus
1124 3791 1498 3862 jactabantur.
1537 3791 1678 3859 Quid
1718 3792 1787 3847 de
1833 3793 1902 3849 iis

309 3891 381 3940 sit
408 3886 822 3956 intelligendum
859 3885 975 3956 ipse
996 3899 1098 3940 nos
1128 3885 1288 3940 (locet
1334 3884 1623 3952 Dominus,
1657 3886 1850 3942 dicens
1883 3906 1895 3941 :

315 3997 334 4027 ι
375 3976 452 4032 Ex
497 3984 656 4032 utero
689 3979 884 4032 matris
927 3993 1064 4033 mea:
1096 3978 1308 4033 vocavit
1358 3993 1559 4033 nomen
1609 3994 1826 4042 meum;
1875 3997 1894 4031 ι

307 4069 460 4138 quod
484 4075 542 4124 et
573 4075 762 4139 aperte
804 4068 872 4123 de
932 4069 1160 4125 Christo
1181 4111 1195 4135 ,
1227 4071 1402 4141 ipsius
1435 4071 1581 4125 enim
1616 4079 1746 4127 sunt
1784 4071 1901 4125 haec

308 4161 499 4224 verba,
525 4176 646 4231 quae
672 4177 737 4216 ex
760 4159 1040 4232 Evangelii
1078 4163 1351 4233 scriptura
1382 4162 1698 4219 didicimus.
1721 4161 1902 4220 inscio

307 4251 456 4306 enim
486 4248 685 4322 J‘oseph
718 4251 942 4306 Mariam
997 4255 1321 4325 concepisse
1376 4269 1500 4308 cum
1555 4255 1902 4326 apparuisset

2008 2407 2428 2478 ἁμαρτημάτων
2462 2409 2785 2480 παρέσχετο,
2820 2405 2908 2464 οἷα
2939 2412 3004 2484 δὴ
3043 2412 3202 2483 μόνος
3237 2413 3419 2484 (ἔχων)
3448 2414 3608 2481 ἐξου-

2016 2499 2138 2552 σίαν
2170 2501 2387 2569 ἀφιέναι
2433 2502 2734 2573 ἁμαρτίας·
2763 2498 2843 2567 οἷς
2880 2503 2961 2556 ἔτι
2994 2504 3091 2558 καὶ
3111 2505 3206 2558 νῦν
3233 2506 3294 2574 (f.
3316 2506 3386 2560 54
3407 2508 3485 2576 v‘)
3512 2507 3607 2560 διά

2009 2590 2110 2660 τῆς
2150 2593 2317 2646 αὑτοῦ
2349 2593 2699 2658 διδασκαλίας
2726 2595 3159 2668 παρακελεύεται
3180 2597 3286 2651 τῶν
3313 2599 3609 2670 προτέρων

2008 2683 2225 2755 δεσμῶν
2263 2683 2522 2752 ἐξελθεῖν,
2551 2686 2725 2756 λέγων
2753 2690 2836 2756 ἐφ’
2856 2688 3074 2760 ἑκάστῳ
3102 2689 3184 2754 τὸ,
3215 2709 3237 2742 ι
3266 2690 3395 2752 Ἰδε,
3440 2691 3606 2761 ὑγιὴς

2007 2775 2260 2845 γέγονας,
2297 2777 2499 2848 μηκέτι
2544 2777 2846 2850 ἁμάρτανε.
2880 2799 2901 2832 ι
2946 2781 3070 2833 Ἐπὶ
3126 2780 3336 2846 τούτοις
3380 2781 3464 2834 ἔτι
3505 2784 3607 2835 καὶ

2006 2866 2102 2921 νῦν
2152 2870 2268 2931 τοῖς
2309 2869 2476 2922 είσέτι
2514 2870 2737 2938 ἀγνοίας
2780 2887 2840 2923 τε
2891 2872 2986 2924 καὶ
3036 2872 3300 2944 πονηρίας
3355 2889 3608 2944 κατορω-

2012 2961 2308 3032 ρυγμένοις
2357 2961 2804 3033 ἀνακαλυφθῆναι
2858 2963 3220 3033 προστάττει,
3271 2963 3369 3016 άτε
3421 2964 3608 3032 Λόγος

2009 3057 2273 3126 ὑπάρχων
2300 3054 2459 3119 Θεοῦ,
2505 3055 2734 3128 καρδίας
2762 3073 2821 3108 τε
2848 3055 3058 3120 ἐτάζων
3102 3057 3196 3110 καί
3219 3058 3474 3128 νεφροὺς,
3504 3057 3615 3110 καὶ.

2010 3148 2259 3220 κριτικὸς
2284 3147 2634 3220 ἐνθυμήσεων
2661 3147 2755 3201 καὶ
2779 3147 2998 3201 ἐννοιῶν
3025 3148 3273 3220 καρδίας.
3298 3149 3416 3202 Ἵνα
3443 3150 3502 3203 δέ
3526 3149 3609 3213 ὡς

2008 3241 2088 3294 ἔνι
2149 3240 2388 3312 μάλιστα
2438 3241 2718 3312 συντόμως
2763 3241 3186 3313 διαδράμωμεν,
3235 3241 3332 3295 καὶ
3371 3241 3440 3294 τὰ
3493 3243 3610 3314 πρὸ

2005 3330 2212 3385 τούτων
2250 3331 2654 3403 ἐφαρμόζοντες
2683 3335 2797 3396 τοῖς
2827 3333 2959 3404 περὶ
2993 3332 3232 3405 Χριστοῦ
3260 3333 3617 3404 λεγομένοις,

2006 3421 2373 3486 ἀναλαϐόντες
2417 3422 2478 3489 ἐξ
2522 3423 2778 3494 ὑπαρχῆς
2816 3425 2913 3477 κα)⁵
2955 3425 3054 3494 τὴν
3093 3423 3297 3478 τούτων
3341 3425 3612 3479 ὑπόνοιαν

2004 3520 2037 3588 ἡ
2047 3516 2164 3588 μῶν
2186 3515 2554 3587 ἐκθησόμεθα.
2581 3516 2672 3570 Ἐν
2695 3515 2913 3579 πολλοῖς
2932 3515 2998 3586 δὴ
3026 3515 3210 3585 σαφῶς
3228 3516 3306 3587 τῷ
3340 3518 3406 3570 ἐκ
3439 3535 3614 3588 περι-ι

2004 3612 2185 3683 τομῆς
2237 3610 2354 3682 λαῷ
2425 3610 2868 3682 προσομιλήσας,
2925 3610 3016 3662 ὅτε
3074 3610 3170 3663 καὶ
3212 3608 3273 3676 ἐξ
3333 3610 3606 3680 ὀνόματος

2005 3704 2124 3774 ἤτοι
2172 3704 2262 3757 τὸν
2300 3701 2493 3760 Ἰακὼὸ
2530 3703 2648 3773 ἦτοι
2689 3701 2782 3754 τὸν
2816 3699 3030 3772 Ἰσραὴλ
3074 3701 3429 3754 ἀνακαλεῖται
3458 3741 3474 3765 ,
3506 3703 3606 3754 ἐπὶ

2003 3795 2098 3847 τοῦ
2129 3795 2400 3867 παρόντος
2421 3793 2490 3848 οὐ.
2534 3793 2672 3864 πρὸς
2697 3793 2943 3855 ἐκείνους·
2988 3794 3222 3844 ποιεῖται
3256 3792 3358 3863 τὴν
3389 3809 3611 3863 προφη-

2002 3885 2174 3951 τείαν,
2211 3884 2348 3939 ἀλλὰ
2376 3884 2487 3956 γὰρ
2537 3885 2734 3955 νήσους
2765 3883 2860 3938 καὶ
2893 3882 3020 3953 ἔθνη
3046 3884 3141 3936 ἐπὶ
3191 3883 3288 3955 τὴν
3335 3883 3606 3956 ἀκρόασιν

2001 3979 2112 4033 τῶν
2143 3975 2566 4048 λεχθησομένων
2599 3974 2942 4046 παρακαλεῖ·
2984 3977 3080 4029 καὶ
3126 3975 3241 4028 ἔστι
3269 3993 3334 4044 γε
3365 3975 3607 4029 ἐνταῦθα

2001 4074 2036 4143 ή
2063 4072 2355 4143 ὑπόσχεσις
2384 4069 2479 4124 τοῦ
2509 4069 2717 4141 Κυρίου
2763 4068 3032 4138 λεγομένη
3072 4068 3202 4139 περὶ
3223 4067 3327 4136 τῆς
3353 4069 3606 4140 κλήσεως

2000 4162 2113 4219 τῶν
2153 4164 2417 4235 πρότερον
2477 4161 2722 4215 ἀπίστων
2771 4160 2952 4231 πάντη
3009 4161 3105 4214 καὶ⁵
3150 4159 3446 4230 ἀλλοτρίων
3500 4159 3608 4229 τῆς

2004 4255 2315 4319 θεοσεϐείας
2343 4254 2534 4318 ἐθνῶν,
2565 4246 2640 4306 ὧν
2670 4255 2728 4306 ἐν
2763 4253 2919 4324 μέρει
2947 4252 3194 4306 νοοῦνται
3230 4253 3327 4306 καὶ
3352 4254 3410 4306 αί
3441 4251 3606 4320 λεγόέ

310 4343 554 4411 Gabriel,
611 4351 854 4414 paternae
898 4345 1154 4399 minister
1200 4346 1524 4410 voluntatis,
1564 4348 1618 4401 in
1668 4348 1899 4403 somniis

2010 4365 2170 4419 μεναι
2201 4349 2381 4418 νῆσοι,
2403 4347 2575 4418 ψυχαὶ
2603 4347 2728 4400 ὅσαι
2756 4345 2820 4398 τὸ
2843 4345 3010 4399 πάλαι
3034 4344 3300 4418 πρότερόν
3328 4362 3453 4398 τινα
3479 4346 3607 4416 τρὸ-

308 4434 453 4488 inter
499 4440 698 4488 caetera
731 4433 847 4488 haec
877 4433 953 4487 ait
993 4453 1004 4487 :
1047 4453 1066 4486 ι
1107 4433 1292 4490 Pariet
1353 4443 1533 4492 autem
1596 4437 1789 4502 tilium,
1844 4447 1898 4493 et

2010 4458 2103 4494 πον
2127 4440 2233 4494 ὑπὸ
2273 4439 2574 4494 θαλαττίων
2603 4437 2711 4491 τῶν
2735 4437 2876 4492 κατὰ
2897 4437 2990 4491 τὸν
3019 4437 3132 4508 βίον
3158 4437 3472 4508 τρικυμιῶν
3509 4437 3607 4491 καί

307 4525 534 4582 vocabis
559 4541 760 4581 nomen
788 4527 912 4597 ejus
931 4525 1118 4583 Jesum
1141 4547 1153 4584 :
1180 4527 1298 4598 ipse
1315 4530 1462 4584 enim
1486 4531 1699 4585 salvum
1732 4530 1896 4586 faciet

2010 4527 2108 4581 τῶν
2161 4526 2303 4581 κατὰ
2343 4528 2443 4598 τῆς
2487 4526 2685 4590 κακίας
2737 4524 3149 4597 άλμυρωτάτων
3198 4526 3608 4591 κατεκλύζοντο

307 4616 571 4686 populum
622 4633 782 4672 suum
807 4619 846 4672 ι.
875 4637 898 4670 ι
947 4619 1256 4690 Adjicitque
1296 4620 1353 4674 in
1396 4621 1682 4692 prophetia
1716 4641 1731 4679 :
1769 4645 1789 4674 ι
1828 4622 1896 4677 Et

307 4710 494 4780 posuit
520 4726 584 4766 os
617 4727 796 4766 meum
839 4712 1000 4781 quasi
1041 4713 1282 4783 gladium
1317 4719 1579 4780 acutum;
1613 4734 1632 4766 ι
1671 4731 1898 4772 rursus-

308 4818 465 4871 que:
512 4822 533 4854 ι
569 4802 760 4860 Posuit
794 4819 882 4858 me
933 4805 1090 4872 quasi
1127 4807 1380 4876 sagittam
1439 4807 1696 4864 electam.
1755 4828 1773 4860 ι
1827 4841 1899 4851 -

312 4914 332 4940 ι
371 4892 609 4949 Verbum
644 4895 789 4950 enim
835 4893 1048 4950 Domini
1080 4904 1165 4950 est
1190 4894 1379 4951 eﬁicax
1415 4904 1469 4951 et
1505 4899 1898 4966 penetrabilius

307 4987 463 5041 omni
495 4987 678 5058 gladio
710 4988 959 5058 ancipiti,
989 4997 1042 5043 et
1072 4989 1391 5060 pertingens
1437 5005 1614 5059 usque
1662 4990 1731 5045 ad
1759 4990 1900 5046 divi-

310 5077 522 5134 sionem
552 5083 752 5136 animae
797 5095 862 5135 ac
917 5082 1144 5152 spiritus
1164 5083 1208 5144 ⁵,
1255 5101 1274 5133 ι
1315 5089 1374 5136 ut
1407 5083 1629 5138 divinus
1657 5085 1896 5140 ostendit

311 5169 632 5240 Apostolus.
684 5169 808 5226 Haec
836 5187 1056 5242 quoque
1089 5173 1193 5243 ipsi
1230 5173 1335 5228 soli
1375 5173 1659 5243 aptissime
1697 5189 1898 5230 conve-

310 5261 492 5325 niunt,
517 5261 797 5317 obcdienti
823 5262 968 5319 facto
992 5262 1140 5318 Patri
1168 5281 1340 5334 usque
1374 5265 1443 5320 ad
1468 5272 1730 5330 mortem,
1755 5265 1899 5343 scili-

311 5361 434 5408 cet:
471 5372 490 5405 ‹
541 5353 746 5409 Servus
777 5371 932 5411 meus
961 5372 1022 5411 es
1070 5364 1150 5421 tu,
1207 5357 1400 5420 Israel,
1433 5364 1489 5413 et
1522 5358 1579 5412 in
1609 5365 1664 5414 te
1695 5358 1898 5428 gloria-

310 5443 432 5500 bor.
473 5463 493 5496 ι
537 5443 674 5500 Illud
695 5461 863 5502 vero:
904 5466 922 5500 ι
965 5447 1026 5501 Et
1059 5463 1161 5520 ego
1197 5449 1349 5505 dixi:
1384 5448 1443 5504 in
1466 5465 1700 5504 vacuum
1743 5451 1896 5504 labo-

312 5535 453 5597 ravi,
495 5554 514 5586 ι
546 5547 601 5591 et
627 5553 750 5606 quae
785 5549 1113 5610 sequuntur,
1148 5542 1213 5596 ad
1249 5540 1590 5598 Salvatorem
1619 5551 1892 5613 spectant,

315 5635 538 5696 propter
576 5630 905 5694 paucitatem
938 5646 1129 5685 eorum
1165 5634 1260 5702 qui
1299 5635 1604 5690 secundum
1642 5634 1891 5706 Evange-

393 5794 411 5828 ¹
438 5793 585 5850 Psal.
617 5811 674 5858 ιι,
710 5797 759 5851 8.
842 5802 858 5827 ’
881 5799 1038 5855 Joau.
1073 5803 1268 5868 x1,45.
1351 5806 1369 5835 ³
1393 5805 1549 5862 Joan.
1579 5825 1629 5876 ν,
1657 5809 1742 5863 Η.

2004 4620 2309 4693 ῥευμάτων.
2363 4620 2499 4674 Τίνα
2548 4615 2642 4673 οῦν
2682 4619 2888 4682 ταύτας
2929 4619 2958 4672 ὁ
3001 4618 3207 4689 Κύριος
3250 4618 3416 4682 αὐτὸς
3472 4621 3607 4689 περὶ

2002 4712 2195 4766 ἐαυτοῦ
2222 4712 2462 4770 διδάσκει
2503 4712 2894 4782 κατανοητέον·
2921 4729 2938 4762 ι
2978 4711 3075 4764 Ἐκ
3115 4710 3350 4775 κοιλίας,
3385 4730 3404 4764 ι
3442 4712 3604 4782 φησὶ,

2009 4824 2027 4858 ι
2055 4805 2263 4876 μητρός
2295 4822 2397 4876 μου
2438 4804 2667 4863 ἐκάλεσε
2694 4804 2756 4856 τὸ
2799 4803 2975 4878 ὄνομά
3004 4820 3135 4874 μου·
3164 4822 3184 4854 ι
3212 4802 3243 4856 ὃ
3282 4803 3382 4859 καὶ
3411 4802 3605 4874 σαφῶς

2003 4898 2096 4951 ἐπὶ
2115 4896 2217 4950 τοῦ.
2238 4895 2476 4969 Χριστοῦ
2495 4913 2508 4926 ο
2533 4895 2701 4950 αὐτοῦ
2728 4895 2837 4967 γάρ
2862 4912 2944 4948 τοι
2964 4895 3324 4964 τυγχάνουσιν
3348 4895 3400 4948 οἱ
3425 4894 3602 4964 λόγοι,

2001 4990 2096 5054 οὓς
2140 4992 2204 5044 ἐκ
2235 4991 2335 5061 τῆς
2373 4989 2467 5043 τοῦ
2526 4988 2861 5058 Εὑαγγελίου
2890 4987 3112 5058 γραφῆς
3169 4986 3602 5058 μεμαθήκαμεν.

2013 5081 2322 5151 Ἀγνοοῦντι
2352 5082 2463 5152 γὰρ
2494 5081 2575 5152 τῷ
2610 5081 2808 5152 Ἰωσὴφ
2841 5080 2970 5150 περὶ
3009 5081 3109 5151 τῆς
3144 5079 3464 5150 συλλήψεως
3501 5082 3604 5150 τῆς

1999 5175 2218 5246 Μαρίας
2253 5173 2482 5238 ἐπιστάς
2505 5176 2533 5226 ὁ
2548 5172 2810 5245 Γαϐριὴλ,
2832 5172 3078 5234 διάκονος
3098 5171 3176 5227 ὢν
3198 5170 3296 5228 τοῦ
3324 5170 3603 5244 πατρικοῦ

2001 5268 2361 5339 βουλήματος,
2397 5267 2517 5321 κατ’
2546 5266 2679 5338 ὄναρ
2721 5262 2844 5319 εἷπε
2873 5264 2991 5335 μεθ’
3017 5264 3182 5335 ἕτερα
3215 5265 3313 5318 καὶ
3341 5265 3424 5316 τά
3459 5283 3480 5315 ι
3498 5264 3602 5318 Τέ-

2002 5360 2150 5426 ξεται
2178 5360 2236 5415 δὲ
2260 5361 2397 5423 υίὸν,
2443 5361 2538 5413 καὶ
2566 5358 2818 5421 καλέσεις
2844 5357 2905 5410 τὸ
2935 5357 3109 5428 ὄνομα
3147 5355 3316 5409 αὐτοῦ
3352 5356 3564 5426 Ἰησοῦν
3582 5373 3596 5384 ·

2000 5454 2164 5520 αὐτὸς
2194 5451 2309 5524 γάρ.
2347 5451 2511 5505 σώσει
2531 5451 2624 5504 τὸν
2656 5450 2786 5505 λαὸν
2819 5449 2984 5503 αὐτοῦ
3003 5467 3016 5478 ·
3044 5469 3063 5502 ι
3085 5449 3341 5520 ἐπιφέρει
3370 5449 3418 5502 δ’
3449 5451 3508 5502 ἐν
3533 5451 3598 5519 τῇ

2001 5544 2312 5616 προφητείᾳ
2343 5543 2540 5612 λέγων.
2567 5545 2651 5597 ὅτι
2698 5562 2716 5594 ι
2747 5543 2859 5597 Καὶ
2883 5541 3048 5612 ἔθηκε
3080 5541 3142 5594 τὸ
3171 5541 3352 5610 στόμα
3387 5557 3493 5610 μου
3524 5539 3600 5602 ὡς

2005 5635 2282 5704 μάκαιραν
2307 5633 2518 5700 ὀξεῖαν·
2556 5652 2574 5684 ι
2613 5634 2707 5686 καὶ
2737 5632 2926 5686 πάλινο
2958 5649 2976 5682 ε
3007 5629 3216 5702 Ἐθηκέ
3245 5647 3314 5700 με
3343 5629 3423 5694 ὡς
3447 5628 3599 5699 βέλος

1842 5811 1860 5842 ⁵
1885 5809 2074 5865 Matth.
2115 5825 2153 5876 ι,
2187 5810 2276 5865 21.
2359 5812 2376 5842 ⁸
2408 5809 2573 5867 Henr.
2620 5826 2692 5877 tv,
2727 5809 2793 5863 1?.
