3814 6220
207 280 355 336 {937

1253 279 1554 343 ECLOGA:
1593 278 2080 340 PROBHETICA‘I.
2121 313 2189 322 —
2226 283 2352 342 LIB.
2399 285 2491 344 ιν.

3355 291 3496 357 1233

205 399 492 457 ἐκλεκτόν.
515 419 636 452 »-›ι
659 401 718 455 '0
735 399 844 474 γὰρ
870 401 1041 470 Λόγος
1061 399 1196 454 Θεοῦ
1224 403 1485 472 τυγχάνει
1508 401 1804 472 ἐνεργὴςμ

1921 401 2042 455 lium
2064 401 2198 472 ejus.
2217 403 2425 459 vivunt.
2459 404 2790 475 thuoniam
2826 426 2845 461 ι
2870 424 2979 464 non
2994 413 3140 464 venit
3161 407 3264 464 nisn
3283 424 3356 463 ao
3377 422 3494 478 per.

207 493 332 546 ἔστι
369 511 390 544 ι
423 494 519 547 καὶ
544 492 858 565 τομώτερος
877 493 1030 564 ὑπὲρ.
1053 494 1232 549 πᾶσαν
1259 492 1535 566 μάχαιραν
1559 491 1810 562 δίστομον

209 584 586 656 διικνούμενος
619 585 752 656 άχρι
780 583 1066 656 μερισμοῦ
1086 583 1267 654 ψυχῆς
1292 583 1390 636 καὶ
1419 581 1754 652 πνεύματος,
1781 601 1800 634 ι

206 677 284 741 ὡς
313 680 344 730 ό
373 676 659 740 θεσπέσιος
673 676 911 744 ἐδίδαξεν
930 675 1274 740 ’Λπόστολος.
1289 674 1652 744 Εὐλογώτατα
1676 675 1720 729 δ’
1743 674 1810 729 ἂν

207 770 362 841 αὐτῷ
393 771 541 842 μόνῳ
571 769 790 842 λεχθείη
831 771 1061 841 ὑπηκόῳ
1090 770 1366 841 γενομένῳ
1394 769 1471 841 τῷ
1499 769 1676 840 Πατρὶ
1715 769 1812 840 μέ-

206 878 302 934 χρι
334 864 430 917 καὶ
453 862 682 916 θανάτου
709 861 789 915 τό·
835 880 855 913 ι
873 861 1069 926 Δοῦλός
1101 879 1202 934 μου
1243 856 1293 916 εἶ
1320 862 1407 926 σὺ,
1436 860 1685 932 Ἰσραὴλ,
1717 859 1813 913 καὶ

205 958 268 1009 ἐν
324 955 408 1008 σοὶ
457 954 954 1026 ἐνδοξασθήσομαι·
1007 974 1027 1006 ι
1058 954 1119 1007 τὸ
1150 953 1240 1008 δέ’
1281 972 1300 1005 ‹
1335 955 1446 1008 Καὶ
1477 951 1588 1022 ἐγὼ
1642 948 1775 1006 εἶπα
1795 970 1808 985 ο

207 1049 404 1112 Κενῶς
437 1048 708 1102 ἐκοπίασα
728 1089 744 1114 ,
779 1069 798 1102 ι
833 1051 928 1103 καὶ
959 1050 1029 1103 τὰ
1059 1049 1208 1120 ἐξῆς,
1250 1047 1449 1118 λέγοιτ’
1491 1047 1558 1102 ἂν
1583 1046 1689 1100 ὑπὸ
1714 1045 1810 1100 τοῦ

205 1140 470 1212 Σωτῆρος
517 1141 605 1195 διὰ
645 1141 707 1194 τὸ
755 1142 982 1196 σπάνιον
1023 1142 1134 1195 τῶν
1179 1140 1327 1196 κατά
1378 1141 1440 1194 τὸ
1481 1139 1813 1208 Εὑαγγέλιον

1918 492 2060 549 ditas
2099 509 2230 550 oves
2272 493 2470 551 domus
2501 496 2689 561 Israel,
2731 518 2751 552 ι
2790 507 2937 556 recte
2959 508 3289 556 memoratur
3308 500 3494 571 praeci-

1915 598 2020 652 pue
2075 583 2130 638 in
2174 584 2440 638 mundum
2498 586 2716 643 venisse
2748 608 2766 639 ι
2810 588 2880 643 ad
2940 590 3292 646 suscitandas
3322 590 3496 644 tribus

1913 675 2084 746 Jacob
2117 685 2172 734 et
2223 677 2385 734 faeces
2431 679 2596 735 Israel
2644 684 3062 738 convertendas.
3111 703 3143 735 ι.
3167 683 3299 739 Dein
3329 723 3344 749 ,
3371 697 3496 739 cum

1918 769 2064 824 inter
2093 769 2230 826 istos
2281 785 2474 826 omnes
2527 787 2636 826 non
2689 788 2814 828 eum
2871 777 3234 846 accepissent,
3277 773 3498 844 subjicit

1916 861 2075 930 quasi
2109 861 2176 915 ad
2208 862 2492 933 seipsum:
2535 881 2554 914 ι
2599 861 2742 919 Ecce
2771 864 2894 919 dedi
2951 874 3004 920 te
3047 865 3102 919 in
3155 865 3332 919 lucem
3367 879 3498 934 gen-

1915 953 2077 1018 tium,
2103 961 2163 1008 ut
2197 954 2274 1010 sis
2302 955 2454 1010 salus
2489 969 2610 1010 mea
2637 970 2810 1026 usque
2843 955 2911 1010 ad
2941 965 3246 1012 extremum
3283 966 3493 1011 terra.»

1918 1046 2081 1103 Jubet
2111 1063 2210 1105 nos
2245 1050 2506 1120 posthaec
2539 1049 2808 1106 Dominus
2847 1049 2992 1107 Deus
3016 1061 3069 1106 et
3098 1050 3281 1116 Pater,
3309 1050 3404 1122 qui
3428 1051 3499 1104 li-

1917 1139 2126 1193 beravit
2158 1155 2283 1194 eum
2309 1141 2377 1196 ab
2411 1143 2670 1199 omnibus
2703 1143 2752 1198 ei
2784 1142 3226 1207 adversantibus,
3258 1141 3499 1198 sanctific

206 1231 381 1286 αὑτοῦ
420 1231 701 1302 βιούντων.
738 1232 851 1286 Καὶ
897 1233 1208 1306 ἐπειδήπερ
1239 1251 1258 1284 ι
1281 1235 1385 1286 ούκ
1439 1227 1605 1302 ἦλθεν
1653 1233 1701 1284 εἰ
1736 1231 1804 1304 μὴ

1921 1245 2043 1286 care
2094 1247 2243 1296 eum,
2297 1230 2528 1288 dicens:
2565 1252 2583 1285 ι
2625 1232 2978 1288 Sanctiﬁcate
3021 1235 3113 1304 qui
3167 1233 3318 1303 parvi
3369 1230 3500 1287 fecit

204 1327 290 1388 είς
321 1323 391 1377 τὰ
423 1322 675 1396 πρόϐατα
699 1323 770 1377 τὰ
796 1323 1116 1379 ἀπολωλότα
1143 1323 1295 1378 οἴκου
1327 1323 1564 1394 Ἰσραὴλ,
1590 1342 1608 1376 ι
1631 1322 1804 1385 καλῶς

1921 1323 2160 1378 animam
2187 1339 2364 1380 suam.
2399 1343 2417 1376 ›
2455 1324 2555 1380 Hic
2584 1325 2732 1382 enim
2789 1340 2952 1396 quam
3013 1326 3299 1380 verissime
3344 1323 3498 1394 parvi

203 1415 644 1488 προηγουμένως
694 1416 794 1488 μὲν
854 1415 1074 1485 λέγεται
1132 1414 1587 1486 ἐπιδεδημηκέναι
1612 1455 1626 1480 ,
1669 1434 1687 1466 ι
1716 1413 1804 1467 τοῦ

1921 1415 2073 1470 duxit
2121 1417 2360 1472 animam
2417 1433 2595 1482 suam,
2632 1437 2650 1468 ι
2684 1418 3007 1474 exinaniens
3048 1419 3500 1488 semetipsum,et

206 1507 414 1577 στῆσαι
445 1507 550 1570 τὰς
593 1506 765 1577 φυλὰς
817 1507 1044 1572 Ἰακὼϐ,
1097 1508 1192 1562 καὶ
1233 1508 1332 1578 τὴν
1382 1505 1683 1579 διασπορὰν
1716 1504 1804 1558 τοῦ

1925 1507 2106 1564 factus
2153 1523 2253 1578 pro
2303 1508 2466 1564 nobis
2523 1508 2908 1576 maledictum;
2941 1517 2994 1564 et
3046 1515 3270 1578 peccata
3310 1516 3498 1564 nostra

218 1600 445 1674 Ἰσραὴλ
476 1600 840 1672 ἐπιστρέψαι·
869 1619 890 1652 ι
923 1601 1206 1670 ἑπομένως
1236 1599 1314 1664 δὲ,
1343 1597 1510 1652 διὰτὸ
1535 1599 1610 1670 μὴ
1637 1615 1804 1668 παρα-

1921 1601 2236 1671 suscipiens
2272 1600 2586 1656 humiliavit
2633 1601 2989 1673 semetipsum
3039 1617 3213 1671 usque
3257 1601 3324 1655 ad
3353 1615 3500 1656 mor-

202 1690 468 1758 δέξασθαι
499 1691 662 1744 αὐτὸν
711 1691 838 1754 τοὺς
871 1690 930 1755 ἐξ
966 1690 1191 1745 ἐκείνων
1230 1689 1460 1753 πάντας,
1491 1689 1804 1760 ἐπιφέρεται

1921 1702 2067 1758 tem,
2105 1703 2334 1749 mortem
2402 1703 2586 1750 autem
2647 1693 2831 1750 crucis
2872 1695 2913 1747 ί.
2953 1713 2972 1747 ›
3033 1693 3197 1748 Addit
3266 1693 3498 1763 deinde,

202 1784 287 1848 ὡς
311 1782 450 1854 πρὸς
478 1781 660 1836 αὐτόν’
696 1801 714 1833 ι
762 1782 892 1836 Ἰδοὺ
919 1782 1139 1836 τέθεικά
1171 1799 1230 1835 σε
1259 1784 1339 1846 είς
1359 1781 1474 1851 φῶς
1497 1779 1687 1844 ἐθνῶν,
1708 1778 1802 1832 τοῦ

1921 1804 1930 1836 ι
1981 1799 2143 1855 quem
2179 1785 2576 1840 abominantur
2602 1792 2812 1856 gentes,
2846 1786 2990 1842 servi
3018 1785 3434 1841 dominantium.
3474 1805 3494 1838 ›

203 1873 354 1931 εἷναί
387 1893 446 1930 σε
479 1878 559 1939 είς
588 1875 864 1947 σωτηρίαν
896 1875 1002 1939 ἕως
1041 1875 1272 1946 ἐσχάτου
1303 1874 1406 1944 τῆς
1432 1874 1553 1944 γῆς.
1579 1893 1597 1924 ι
1630 1873 1804 1944 Προσ-

1921 1873 2270 1932 Manifestum
2297 1877 2498 1946 quippe
2525 1883 2608 1931 est
2633 1877 2780 1947 quod
2809 1876 2974 1946 hujus
3008 1876 3192 1932 saeculi
3238 1875 3502 1947 principi-

200 1972 396 2025 τάττει
424 1971 481 2024 δέ
507 1972 640 2042 ἡμῖν
674 1968 810 2040 μετά
841 1968 1016 2023 ταῦτα
1038 1968 1244 2040 Κύριος
1263 1969 1290 2020 ὁ
1316 1967 1446 2030 Θεὸς
1470 1967 1563 2020 καὶ
1591 1964 1802 2036 Πατὴρ,

198 2064 233 2117 ὁ
270 2061 582 2134 ῥυσάμενος
613 2060 778 2114 αὐτόν
808 2061 916 2114 ἀπὸ
946 2060 1165 2114 πάντων
1196 2059 1305 2113 τῶν
1333 2056 1805 2128 ἐπισυναχθέντων

91 2228 94 2229 ν
201 2156 330 2209 κατ’
373 2153 563 2219 αὐτοῦ,
601 2154 847 2223 ἁγιάζειν
875 2153 1062 2218 αὐτὸν,
1091 2147 1270 2221 λέγων
1292 2169 1305 2182 ο
1329 2169 1349 2203 ι
1388 2149 1683 2219 Ἀγιάσατε
1713 2149 1807 2203 τὸν

201 2246 541 2316 φαυλίξοντα
569 2249 668 2320 τὴν
710 2249 889 2321 ψυχὴν
920 2248 1085 2303 αὐτοῦ
1113 2265 1126 2280 ·
1155 2243 1310 2312 οὗτος
1340 2247 1450 2319 γὰρ
1477 2246 1552 2310 ὡς
1590 2245 1806 2318 άληθῶς

199 2339 471 2408 ἐφαύλισε
497 2340 594 2412 τὴν
632 2341 810 2414 ψυχὴν
855 2339 1074 2407 ἐαυτοῦ,
1115 2357 1135 2391 ‹
1163 2339 1408 2404 κενώσας
1440 2337 1633 2392 ἐαυτὸν
1654 2379 1668 2403 ,
1711 2337 1806 2390 καὶ

198 2433 500 2504 γενόμενος
526 2434 668 2505 ὑπὲρ
698 2433 856 2505 ἡμῶν
883 2432 1128 2504 κατάρα·
1155 2433 1251 2488 καὶ
1274 2433 1373 2496 τὰς
1401 2431 1674 2504 ἁμαρτίας
1705 2428 1807 2493 τὰς

200 2526 487 2598 ἡμετέρας
530 2526 839 2590 ἀναλαϐὼν,
868 2525 1132 2597 αἰσχύνης
1159 2542 1224 2595 γε
1259 2524 1420 2597 μέχρι
1449 2521 1680 2577 θανάτου
1710 2521 1804 2574 καὶ⁵

201 2619 446 2672 θανάτου
481 2619 718 2692 σταυροῦ
751 2621 1191 2692 καταφρονήσας.
1223 2638 1241 2670 ι
1285 2617 1438 2672 Μετὰ
1463 2615 1640 2671 ταῦτά
1667 2631 1802 2686 φησι

199 2708 299 2764 τὸν
334 2729 354 2761 ι
379 2711 806 2783 βδελυσσόμενον
851 2712 958 2765 ὑπὸ
989 2712 1099 2765 τῶν
1127 2709 1302 2765 ἐθνῶν
1327 2708 1435 2762 τῶν
1460 2707 1660 2761 δούλων
1697 2705 1806 2758 τῶν

201 2804 486 2876 ἀρχόντων
506 2823 556 2858 ἰ
593 2807 688 2860 καὶ
717 2805 781 2876 δὴ
811 2805 984 2875 σαφὲς
1018 2805 1166 2868 ὅπως
1211 2805 1260 2857 οἱ
1290 2803 1402 2866 τοῖς
1447 2801 1676 2872 ἄρχουσι
1709 2795 1806 2850 1:06

200 2896 408 2960 αἰῶνος
433 2897 624 2950 τούτου
652 2897 1040 2969 δεδουλωμένοι
1069 2896 1129 2949 ού
1161 2895 1321 2967 μόνον
1351 2893 1412 2964 (Ῑ.
1433 2893 1522 2963 55)
1549 2890 1689 2946 κατὰ
1714 2888 1808 2943 τὸν

1915 1967 2019 2022 bus
2054 1967 2382 2032 servientes,
2418 1982 2530 2021 non
2563 1975 2772 2021 tantum
2813 1967 2869 2020 in
2905 1967 3180 2038 passionis
3213 1967 3337 2037 ejus
3362 1975 3503 2027 tem,

1917 2073 2050 2129 pore
2082 2059 2486 2114 maledixerunt
2537 2059 2587 2115 ei
2635 2059 2912 2114 dicentes:
2955 2077 2974 2110 ι
3011 2057 3206 2114 Gravis
3224 2069 3308 2114 est
3342 2059 3501 2116 nobis

1913 2151 2080 2208 etiam
2132 2150 2202 2205 ad
2259 2149 2558 2206 videndum
2583 2152 2627 2216 ⁸,
2659 2168 2679 2202 ι
2714 2149 2812 2205 sed
2849 2157 2905 2205 et
2951 2164 3099 2205 nunc
3143 2150 3495 2217 maledicunt,

1914 2240 2038 2310 ejus
2069 2239 2339 2294 doctrinae
2366 2239 2645 2295 obsistere
2683 2246 2972 2318 conantes.
3005 2236 3163 2291 ilunc
3208 2237 3373 2308 igitur
3391 2235 3500 2292 Do«

1913 2331 2097 2386 minus
2151 2329 2504 2386 sanctificare
2553 2329 2731 2400 jubet,
2763 2330 3082 2401 praeclaram
3109 2330 3229 2400 ejus
3258 2344 3500 2400 praesen-

1912 2424 2044 2476 tiam
2075 2423 2476 2492 praenuntiatus.
2520 2421 2678 2488 Quod
2716 2432 2902 2478 autem
2940 2422 3009 2477 de
3057 2421 3300 2493 gentium
3334 2436 3502 2476 voca-

1912 2515 2061 2570 tione
2086 2515 2482 2586 prophetizans
2521 2529 2704 2570 sermo
2761 2515 2975 2586 reliqua
3028 2513 3240 2586 profert
3267 2514 3504 2586 prophe-

1911 2607 2021 2672 tiae,
2070 2607 2139 2660 ab
2171 2606 2258 2660 his
2286 2605 2510 2661 verbis:
2552 2624 2571 2657 ι
2616 2603 2750 2661 Dedi
2777 2606 2923 2661 tein
2957 2604 3137 2662 foedus
3170 2606 3434 2675 gentium,
3475 2622 3496 2656 ι

1913 2707 1966 2755 et
1996 2715 2118 2769 quae
2141 2709 2471 2769 sequuntur,
2504 2699 2628 2768 qua:
2663 2697 2886 2768 quidem
2925 2696 3108 2754 fusius
3142 2697 3498 2768 investigare,

1914 2807 2040 2847 cum
2082 2791 2261 2861 magis
2304 2790 2668 2861 spiritualiter
2697 2797 2753 2845 et
2779 2789 2936 2860 juxta
2980 2790 3154 2846 solam
3192 2789 3506 2860 intelligent-

1916 2885 2048 2939 tiam
2079 2883 2224 2939 dicta
2257 2883 2390 2948 sint,
2415 2897 2526 2938 non
2551 2883 2841 2954 praesentis
2861 2883 3046 2952 operis
3073 2889 3180 2938 est.

202 2994 402 3064 καιρὸν
427 2992 522 3046 τοῦ
567 2994 773 3059 πάθους
796 2994 962 3049 αύτοῦ
997 2991 1351 3058 ἐϐδελύξαντο
1390 2991 1552 3045 αὐτὸν
1589 2988 1858 3051 εἰπόντεςο
1899 3002 1918 3036 ι
1941 2983 2057 3037 Καὶ
2090 2981 2261 3053 βαρὺς
2285 2983 2418 3054 ἡμῖν
2443 2982 2559 3034 ἐστι
2591 2980 2684 3035 καὶ
2717 2979 3067 3051 βλεπόμενος,
3101 3002 3119 3033 ›
3154 2979 3266 3034 ἀλλ’
3297 2979 3375 3032 ἔτι
3407 2981 3501 3034 καὶΙ

201 3085 304 3140 νῦν
342 3086 740 3157 βδελύσσονται,
771 3091 1099 3161 ἀνατρέπειν
1127 3089 1290 3142 αὐτοῦ
1337 3087 1436 3159 τὴν
1469 3084 1818 3141 διδασκαλίαν
1841 3078 2194 3154 πειρώμενοι.
2225 3078 2426 3132 Τοῦτον
2453 3073 2547 3132 οὖν
2575 3078 2604 3130 ό
2635 3075 2840 3146 Κύριος
2874 3075 3122 3146 ἁγιάζειν
3152 3079 3502 3150 προστάττει,

200 3184 308 3253 τὴν
332 3181 542 3248 ἔνδοξον
570 3185 736 3239 αὑτοῦ
772 3185 1074 3258 παρουσίαν
1107 3183 1659 3258 προσημαίνων.“”οτι
1682 3181 1738 3234 δὲ
1768 3179 1896 3251 περὶ
1921 3177 2018 3248 τῆς
2039 3175 2097 3244 ἐξ
2126 3173 2298 3229 ἐθνῶν
2330 3175 2574 3246 κλήσεως
2598 3171 2980 3238 προθεσπίζων
3009 3175 3038 3226 ό
3057 3173 3215 3244 λόγος
3245 3176 3345 3245 τὴν
3374 3173 3500 3244 ἑξῆς

203 3275 462 3346 ἐπιφέρει
492 3278 850 3350 προφητείαν,
879 3279 978 3351 τὴν
1001 3280 1109 3333 ἀπὺ
1137 3278 1252 3333 τοῦ·
1286 3297 1305 3330 ι
1339 3276 1558 3331 Ἔδωκά
1587 3292 1648 3329 σε
1679 3275 1759 3338 εἰς
1776 3272 2044 3342 διαθήκην
2074 3267 2269 3332 ἐθνῶν,
2300 3289 2319 3321 ι
2345 3269 2440 3322 καὶ
2459 3267 2527 3321 τὰ
2553 3268 2700 3340 ἑξῆς,
2724 3270 2868 3342 άπερ
2894 3266 3172 3322 ἐπιπλεῖον
3195 3265 3503 3338 βασανίζειν

205 3372 706 3448 πνευματικώτερα
727 3375 877 3441 ὄντα,
902 3388 996 3430 και
1023 3377 1164 3431 κατά
1196 3376 1366 3448 μόνην
1391 3374 1630 3429 διάνοιαν
1654 3369 2042 3440 ἀποδιδόμενα,
2075 3365 2138 3420 ού
2170 3367 2271 3440 τῆς
2300 3365 2584 3438 παρούσης
2615 3366 2999 3439 πραγματείας
3032 3364 3310 3436 τυγχάνει.

733 3493 1132 3547 ΚΕΦΔΛΑΙΟΝ
1156 3494 1279 3548 KE'.

287 3601 309 3634 ς
347 3581 533 3647 Οὕτως
563 3583 710 3654 λέγει
741 3585 947 3656 Κύριος
971 3604 984 3616 ·
1022 3587 1179 3638 Ποῖον
1207 3585 1367 3639 τοῦτο
1394 3584 1456 3638 τὸ
1480 3584 1683 3656 βιϐλίον
1709 3580 1804 3635 τοῦ

205 3675 544 3728 ἀποστασίου
569 3677 667 3747 τῆς
689 3678 894 3748 μητρὸς
919 3677 1094 3747 ὑμῶν,
1125 3671 1170 3744 ᾧ
1203 3677 1562 3745 ἐξαπέστειλα
1589 3676 1763 3744 αὐτήν
1789 3691 1804 3740 ;

207 3767 242 3836 ἢ
277 3766 386 3820 τίνι
415 3768 669 3839 ὑπόχρεῳ
691 3769 953 3840 πέπρακα
979 3770 1158 3840 ὑμᾶς;
1203 3770 1334 3825 Ἰδοὺ
1362 3773 1481 3834 ταῖς
1510 3770 1808 3842 ἁμαρτίαις

207 3859 368 3930 ὑμῶν
401 3859 701 3931 ἐπράθητε,
739 3861 832 3914 καὶ
855 3864 972 3924 ταῖς
995 3863 1247 3932 ἀνομίαις
1275 3861 1428 3933 ὑμῶν
1453 3860 1811 3926 ἐξαπέστειλα

205 3953 311 4024 τὴν
345 3952 557 4024 μητέρα
579 3953 760 4024 ὑμῶν·
795 3953 930 4006 διότι
955 3950 1140 4025 ἦλθον,
1163 3957 1260 4009 καὶ
1293 3956 1394 4009 οὐκ
1424 3951 1492 4029 ἦν
1521 3954 1810 4026 ἄνθρωπος

205 4042 238 4092 ό
266 4040 563 4094 ὑπακούων
587 4055 601 4069 ⁶
643 4042 717 4113 μὴ
746 4043 850 4096 οὐκ
876 4044 1049 4114 ίσχύει
1075 4046 1108 4116 ή
1135 4045 1256 4118 χείρ
1277 4063 1377 4117 μου
1393 4045 1486 4099 τοῦ
1505 4045 1806 4117 ῥύσασθαις

206 4134 242 4204 ἢ
283 4133 386 4186 οὐκ
416 4133 589 4204 ίσχύει
652 4133 746 4187 τοῦ
803 4135 1083 4202 ἐξελέσθαι
1111 4153 1125 4200 ;
1180 4136 1312 4191 Ἰδοὺ
1343 4136 1422 4208 τῷ
1452 4136 1671 4208 ἐλεγμῷ
1705 4155 1808 4208 μου

207 4223 548 4297 ἐξερημώσω
579 4227 678 4297 τὴν
719 4227 1013 4293 θάλασσαν,
1049 4228 1144 4283 καὶ
1199 4227 1348 4299 θήσω
1381 4230 1660 4299 ποταμοὺς
1689 4229 1812 4300 ἐρή-

210 4335 372 4389 μους,
427 4319 522 4371 καὶ
566 4317 996 4390 ξηρανθήσονται
1051 4322 1100 4372 οί
1140 4318 1320 4390 ἰχθύες
1376 4320 1558 4373 αὐτῶν
1587 4319 1807 4375 ἀπὺτοῦ

208 4409 288 4480 μὴ
320 4405 459 4463 εἷναι
491 4409 658 4481 ὕδωρ,
711 4412 807 4465 καὶ
835 4410 1235 4465 ἀποθανοῦνται
1278 4414 1337 4466 ἐν
1368 4411 1533 4483 δίψει.
1577 4413 1810 4467 Ἐνδύσω

204 4501 301 4553 τὸν
326 4501 556 4572 οὐρανὸν
592 4501 802 4566 σκότος,
837 4504 932 4555 καὶ
968 4503 1043 4567 ὡς
1077 4504 1279 4558 σάκκον
1311 4504 1462 4575 θήσω
1493 4504 1554 4558 τὸ
1589 4505 1812 4577 περιϐό-

204 4591 366 4642 λαιον
397 4590 585 4644 αὐτοῦ.
619 4591 822 4663 Κύριος
853 4591 1060 4662 Κύριος
1089 4591 1271 4645 δίδωσί
1304 4611 1392 4664 μοι
1419 4592 1668 4661 γλῶσσαν
1689 4611 1811 4647 παι-

204 4681 382 4746 δείας,
421 4683 516 4736 τοῦ
549 4682 754 4753 γνῶναι
776 4683 938 4754 ἡνίκα
970 4684 1051 4737 δεὶ⁹
1090 4687 1267 4739 εἰπεῖν
1309 4685 1464 4754 λόγον
1485 4703 1498 4716 ·
1531 4685 1694 4756 ἔθηκέ
1720 4703 1810 4756 μοι

208 4774 378 4846 πρωῒ,
404 4774 549 4845 πρωῒ
588 4775 894 4848 προσέθηκέ
944 4793 1033 4842 μοι
1055 4777 1215 4830 ὠτίον
1231 4777 1471 4841 ἀκούειν,
1494 4779 1588 4832 καὶ
1617 4779 1650 4848 ή
1683 4796 1810 4832 παι-

205 4867 326 4919 δεία
350 4867 556 4936 Κυρίου
579 4867 784 4936 ἀνοίγει
817 4886 917 4938 μου
946 4869 1016 4922 τὰ
1041 4862 1173 4922 ὦτα.
1214 4868 1355 4938 Ἐγὼ
1371 4869 1429 4923 δὲ
1461 4869 1561 4923 οὐκ
1593 4869 1805 4924 ἀπειθῶ
1839 4853 1880 4908 D

206 4955 334 5010 οὐδὲ
375 4955 640 5024 ἀντιλέγω
663 4974 676 4986 ·
709 4958 802 5010 τὸν
854 4958 1019 5011 νῶτόν
1066 4977 1166 5029 μου
1197 4959 1371 5013 ἔδωκα
1403 4961 1483 5023 είς
1516 4960 1804 5030 μάστιγας,

204 5047 311 5109 τὰς
369 5047 425 5099 δὲ
461 5048 719 5116 σιαγόνας
761 5065 862 5119 μου
898 5051 977 5113 εἰς
1010 5051 1356 5121 ῥαπίσματα,
1403 5051 1472 5103 ’τὸ
1528 5051 1586 5104 δὲ
1634 5051 1806 5126 πρόσ-

204 5139 360 5194 ωπόν
381 5155 482 5209 μου
504 5139 603 5192 οὐκ
621 5140 793 5194 ἀπέστ
803 5140 941 5212 ρεψα
967 5142 1073 5194 ἀπὸ
1090 5144 1352 5213 αἰσχύνης
1373 5144 1800 5215 ἐμπτυσμάτων·

205 5231 306 5286 καὶ
339 5231 545 5302 Κύριος
600 5231 806 5304 Κύριος
835 5233 1027 5304 βοηθός
1076 5252 1178 5306 μου
1207 5235 1435 5307 ἐγενήθη
1466 5253 1480 5266 ·
1526 5234 1615 5290 διὰ
1646 5235 1806 5291 τοῦτο

206 5320 310 5372 οὐκ
334 5319 662 5390 ἐνετράπην,
697 5321 810 5374 ἀλλ’
845 5321 1018 5392 ἔθηκα
1050 5324 1112 5376 τὸ
1137 5324 1428 5395 πρόσωπόν
1460 5342 1562 5396 μου
1585 5325 1661 5388 ὡς
1692 5324 1803 5381 ἑτέο

212 5427 313 5480 ραν
330 5411 601 5482 (στερεὰν)
621 5413 859 5484 πέτρανο
890 5415 984 5468 καὶ
1005 5413 1371 5482 ἐγνων,ὄτιού
1398 5415 1472 5488 μὴ
1499 5415 1796 5485 αἰσχυνθῶ,

207 5504 292 5556 ὃτι
325 5501 534 5572 ἐγγίζει
559 5522 649 5574 μοι
673 5509 702 5559 ό
729 5507 1024 5572 δικαιώσας
1055 5526 1122 5579 με
1141 5526 1154 5538 ·
1180 5509 1264 5572 τίς
1285 5510 1313 5561 ὀ
1339 5511 1655 5584 κρινόμενός
1681 5527 1792 5580 pot;

207 5595 640 5665 ἐγγισάτω.Ιδοὺ
663 5597 868 5668 Κύριος
894 5600 1096 5672 Κύριος
1131 5601 1315 5673 βοηθεῖ
1350 5617 1458 5672 μοι’
1495 5602 1580 5666 τίς
1613 5600 1797 5655 κακώ-

285 5753 306 5790 ¹
337 5753 456 5809 Gal.
490 5771 576 5823 ιη,
617 5756 717 5824 15;
754 5755 917 5813 Hebr.
952 5775 1048 5826 xu,
1082 5757 1150 5827 "3;
1219 5757 1358 5813 ['liil.
1389 5775 1447 5825 ιι,
1478 5761 1525 5814 8.

2473 3483 2704 3540 CAPUT
2741 3483 2911 3541 XXV.

1993 3596 2012 3630 ι
2057 3578 2148 3635 Sic
2174 3578 2308 3634 dicit
2336 3577 2603 3632 Dominus
2637 3596 2652 3633 :
2689 3576 2880 3643 Qualis
2901 3583 2986 3631 est
3006 3575 3097 3628 hic
3123 3571 3264 3627 liber
3286 3571 3501 3641 repudii

1912 3677 2111 3736 matris
2158 3679 2378 3736 vestrae,
2407 3686 2518 3742 quo
2565 3669 2752 3726 dimisi
2803 3668 2965 3723 eam?
2995 3669 3103 3721 Aut
3145 3666 3234 3719 cui
3265 3665 3500 3719 debitori

1909 3768 2134 3827 vendidi
2158 3766 2310 3835 vos}?
2333 3761 2476 3818 Ecce
2495 3762 2738 3832 peccatis
2766 3759 2966 3815 vestris
3000 3755 3207 3813 venditi
3244 3754 3400 3820 estis,
3442 3760 3500 3811 ct

1914 3858 2301 3932 iniquitatibus
2326 3855 2530 3912 ves'tris
2565 3853 2725 3910 emisi
2770 3860 3002 3906 matrem
3046 3857 3283 3903 vestram
3319 3861 3500 3917 :quo-

1909 3957 2061 4010 niam
2089 3951 2237 4016 veni,
2263 3957 2315 4005 et
2341 3963 2452 4004 non
2479 3952 2598 4002 erat
2633 3945 2799 4000 homo
2831 3943 2923 4014 qui
2957 3942 3192 3997 audiret.
3238 3938 3524 4010 Nunquid__

1913 4061 2026 4102 non
2051 4050 2235 4116 potest
2287 4055 2489 4096 manus
2519 4053 2640 4094 mea
2665 4037 2941 4092 liberare?
2971 4043 3066 4089 aut
3093 4032 3342 4104 nunquid
3386 4045 3495 4085 non

1911 4153 2141 4211 possum
2177 4134 2428 4206 eripere?
2461 4131 2602 4188 Ecce
2629 4131 2684 4186 in
2727 4129 3105 4199 increpatione
3155 4141 3279 4182 mea
3307 4125 3501 4195 deser-

1913 4241 2028 4289 tum
2059 4231 2258 4286 faciam
2285 4243 2435 4283 mare
2467 4239 2702 4297 :ponam
2727 4222 2951 4278 ﬂumina
2978 4222 3035 4276 in
3080 4221 3287 4276 siccum
3309 4236 3326 4288 ;
3348 4233 3526 4287 coms.

1912 4328 2233 4396 putrescent
2286 4320 2468 4390 pisces
2501 4318 2623 4374 sine
2669 4329 2834 4386 aqua,
2861 4320 2918 4369 et
2954 4312 3260 4367 morientur
3285 4309 3344 4364 in
3382 4309 3474 4364 sit!

1911 4415 2141 4471 lnduam
2165 4413 2334 4468 coelos
2375 4409 2634 4472 tenebris,
2652 4415 2705 4463 et
2734 4419 2954 4463 saccum
2974 4418 3170 4475 ponam
3190 4401 3502 4470 operimen-

1912 4517 2026 4562 tum
2055 4520 2267 4561 eorum.
2300 4502 2568 4557 Dominus
2600 4499 2864 4553 Dominus
2906 4496 3057 4551 dedit
3089 4494 3222 4566 mihi
3256 4493 3501 4564 linguam

1911 4599 2274 4662 eruditam,ut
2290 4595 2460 4653 sciam
2477 4607 2763 4664 usquequo
2783 4595 3034 4662 oporteat
3043 4587 3233 4659 dicere
3245 4587 3493 4658 verbum.

1913 4691 2086 4762 Erigit
2113 4686 2295 4753 inane,
2329 4703 2490 4743 mane
2533 4685 2697 4756 erigit
2746 4683 2878 4738 mihi
2928 4695 3142 4751 aurem,
3172 4687 3244 4757 ut
3277 4678 3497 4746 audiam

1914 4783 2075 4855 quasi
2111 4782 2458 4852 magistrum.
2503 4777 2770 4832 Dominus
2806 4775 2950 4841 Deus
2980 4773 3198 4853 aperuit
3229 4771 3364 4828 mihi
3398 4785 3496 4825 au-

1911 4890 2024 4928 rem
2047 4892 2062 4940 ;
2085 4887 2186 4943 ego
2218 4879 2400 4925 autem
2436 4885 2548 4924 non
2565 4878 2858 4934 contumax
2889 4879 3030 4927 sum,
3063 4877 3242 4933 neque
3274 4872 3496 4918 contra-

1911 4966 2040 5020 dico
2071 4984 2084 5018 ε
2130 4971 2341 5034 tergum
2376 4976 2560 5023 meum
2609 4958 2735 5027 dedi
2772 4957 2829 5012 in
2871 4955 3106 5032 ﬂagella,
3142 4965 3198 5008 et
3241 4953 3495 5012 maxillas

1909 5071 2063 5110 meas
2083 5055 2136 5109 in
2162 5054 2378 5125 alapas;
2406 5052 2598 5106 faciem
2627 5063 2754 5103 vero
2780 5062 2955 5120 meam
2979 5035 3090 5100 non
3115 5043 3287 5100 averti
3315 5059 3344 5097 a
3367 5059 3495 5114 pro-

1909 5148 2009 5202 bro
2032 5155 2341 5217 sputorum.
2369 5143 2633 5197 Dominus
2656 5140 2798 5196 Deus
2826 5139 3120 5204 auxiliator
3141 5153 3296 5194 meus
3315 5136 3494 5192 factus

1907 5244 2021 5291 est:
2041 5236 2164 5290 ideo
2179 5249 2289 5290 non
2305 5249 2427 5289 sum
2457 5231 2756 5298 confusus;
2785 5232 2905 5285 ideo
2925 5229 3082 5301 posui
3096 5229 3292 5283 faciem
3315 5241 3495 5283 meam

1906 5335 1968 5382 ut
1999 5335 2210 5398 petram
2236 5325 2614 5391 durissimam,
2637 5323 2824 5378 etscio
2847 5323 3108 5394 quoniam
3127 5336 3235 5376 non
3265 5317 3495 5374 confun-

1907 5419 2026 5473 dar.
2079 5416 2242 5474 quta
2265 5426 2349 5473 est
2387 5416 2483 5486 qui
2532 5414 2802 5485 justiﬁcat
2839 5430 2925 5469 me
2960 5412 3124 5483 :quis
3150 5409 3497 5466 contradicet

1907 5510 2093 5579 mihi}
2116 5509 2355 5565 Accedat
2384 5507 2452 5562 ad
2479 5521 2584 5562 me.
2621 5505 2772 5576 Ecce,
2789 5505 3055 5560 Dominus
3082 5502 3225 5559 Deus
3260 5499 3492 5556 auxilia-

1906 5608 1994 5656 tor
2019 5617 2173 5659 meus
2210 5621 2222 5657 :
2253 5601 2377 5673 quis
2405 5610 2490 5658 est
2515 5600 2605 5673 qui
2635 5599 2963 5660 condemnet
2989 5595 3109 5652 me?
3129 5591 3267 5651 Ecce
3303 5605 3493 5658 omnes

1615 5761 1632 5789 ¹
1669 5759 1890 5832 S.tp._u,
1935 5759 2015 5814 ιε.
