3856 6226
376 314 515 373 12⁷59

1059 312 1326 378 EUSEBII
1367 312 1843 381 CESARlENSlS
1881 325 2031 381 OPP.
2071 325 2254 383 PARS
2292 327 2383 383 Ill.
2418 359 2489 372 —-
2529 316 2933 383 EXEGETICA.

3494 331 3643 385 1240

369 448 472 488 vos
510 435 667 504 quasi
696 436 1077 492 vestimentum
1125 442 1494 507 veterascetis,
1530 444 1674 498 tinea
1701 445 1889 499 comed

1997 451 2018 506 ι
2053 460 2134 496 σει
2168 462 2269 515 με;
2314 445 2442 499 Ἰδοὺ
2494 446 2694 509 πάντες
2732 447 2889 516 ὑμεῖς
2932 444 3009 508 ὡς
3056 447 3269 517 ἱματίον
3308 447 3636 519 παλαιωθῆ-

368 540 487 582 vos.
530 524 665 591 Quis
688 542 753 582 ex
784 528 941 583 vobis
975 531 1172 585 timens
1199 529 1525 586 Dominum?
1547 535 1731 588 audiat
1754 551 1941 590 vocem

363 619 529 672 servi
562 619 702 688 ejus.
759 620 1119 678 Ambulantes
1150 623 1205 677 in
1237 625 1500 691 tenebris,
1529 634 1584 681 et
1614 641 1722 681 non
1753 637 1837 683 est
1864 630 1943 684 eis

367 708 492 775 lux,
524 709 782 766 conﬁdite
811 713 868 767 in
901 715 1123 769 nomine
1156 713 1393 783 Domini,
1421 725 1476 771 et
1507 718 1805 773 innitimiui
1832 719 1941 775 Deo

363 810 573 856 vestro.
607 802 746 858 Ecce
770 817 963 859 omnes
992 820 1090 861 vos
1124 806 1301 878 ignem
1328 808 1642 874 incenditis,
1679 812 1943 867 corrobo-

358 896 501 950 ratis
527 893 819 949 ﬂammam.
852 895 1142 953 Ambulate
1179 900 1232 953 in
1256 900 1459 955 lumine
1490 902 1634 973 ignis
1655 906 1845 969 vestri,
1884 914 1938 959 et

358 983 577 1039 ﬂamma
611 1001 775 1056 quam
834 988 1186 1046 accendistis.
1227 990 1461 1063 Propter
1507 1009 1595 1050 me
1637 995 1778 1050 facta
1809 1007 1937 1052 sunt

358 1076 478 1131 haec
510 1077 688 1144 vobis,
726 1079 783 1133 in
809 1080 1031 1135 tristitia
1061 1080 1347 1139 dormietis
1374 1086 1413 1139 ⁸.
1437 1102 1455 1135 ι
1480 1084 1771 1141 Manifeste
1800 1086 1936 1142 Ver-

355 1169 412 1224 bi
449 1169 714 1226 divinitas
755 1171 825 1226 iis
855 1187 977 1243 quae
1009 1173 1299 1230 retulimus
1345 1176 1674 1243 ostenditur,
1711 1190 1764 1233 et
1793 1194 1932 1250 quo-

354 1261 504 1315 niam
548 1262 920 1318 incarnationi
972 1279 1086 1319 suae
1124 1266 1549 1335 praeexsisteret,
1583 1277 1637 1323 et
1658 1271 1934 1340 quomodo

351 1350 535 1408 factus
564 1353 729 1408 homo
755 1353 873 1409 haec
908 1369 1176 1425 passurus
1205 1367 1351 1413 esset
1379 1373 1500 1428 quae
1522 1359 1578 1415 in
1621 1360 1930 1433 Evangeliis

352 1442 560 1513 scripta
588 1450 736 1500 sunt.
773 1442 909 1508 Quis
938 1444 1086 1500 enim
1118 1447 1259 1503 alius
1291 1458 1439 1505 esset
1469 1449 1698 1508 dicens:
1727 1471 1746 1503 ι
1787 1453 1931 1508 Nun-

349 1534 483 1604 quid
536 1550 646 1589 non
681 1544 860 1605 p0test
892 1552 1088 1593 manus
1111 1553 1253 1605 mea,
1288 1559 1307 1591 ι
1343 1548 1396 1595 et
1426 1557 1546 1612 quae
1598 1552 1923 1615 sequuntur,

348 1641 525 1697 usque
555 1627 623 1682 ad
653 1628 777 1683 illa:
817 1647 836 1679 c
867 1628 1093 1684 lnduam
1125 1632 1295 1688 caelos
1325 1636 1590 1702 tenebris,
1623 1644 1676 1692 et
1703 1653 1923 1695 saccum

2046 533 2222 597 σεσϐε,
2250 534 2344 586 καὶ
2370 535 2468 606 σὴς
2497 534 2872 603 καταφάγεται
2898 534 3059 604 ὑμᾶς.
3092 536 3188 601 Τίς
3216 540 3275 591 ἐν
3305 538 3439 608 ὑμῖν
3466 542 3497 592 6
3535 556 3641 607 φο-

2042 622 2305 694 ϐούμενος
2366 626 2457 679 τὸν
2508 625 2744 697 Κύριον;
2781 626 3148 680 ύπακουσάτω
3178 631 3279 699 τῆς
3308 630 3498 700 φωνῆς
3530 631 3634 684 τοῦ

2041 712 2230 777 παιδὸς
2284 714 2485 768 αὐτοῦ’
2535 718 2586 769 οἱ
2631 716 2987 787 πορευόμενοι
3023 719 3081 771 ἐν
3115 719 3319 783 σκότει,
3361 722 3459 773 καὶ¹
3526 723 3634 776 οὐκ

2040 803 2185 857 ἔστιν
2206 805 2387 869 αὐτοῖς
2420 804 2557 874 φῶς,
2592 806 2887 860 πεποίθατε
2920 808 3013 860 ἐπὶ
3032 809 3109 879 τῷ
3136 809 3359 881 ὀνόματι
3387 813 3629 881 Κυρίου,

2038 894 2133 946 καί¹
2158 896 2613 967 ἀντιστηρίσασθε
2660 899 2752 951 ἐπὶ
2781 897 2861 969 τῷ
2887 898 3026 969 Θεῷ.
3073 900 3201 955 Ἰδοὺ
3228 902 3432 967 πάντες
3465 905 3631 974 ὑμεῖς

2038 984 2151 1055 πῦρ
2180 985 2386 1050 καίετε,
2442 986 2537 1041 καὶ
2583 987 2901 1057 κατισχύετε
2945 989 3119 1059 φλόγα
3146 1008 3160 1020 ·
3195 993 3498 1064 πορεύεσθε
3542 997 3629 1069 τῷ

2036 1077 2178 1146 φωτὶ
2204 1076 2297 1130 τοῦ
2328 1077 2500 1149 πυρὸς
2534 1077 2708 1149 ὑμῶν,
2761 1080 2857 1133 καὶ
2884 1083 2950 1151 τῆ
2996 1083 3155 1151 φλογὶ
3261 1084 3624 1151 ἐξεκαύσατε.

2032 1171 2108 1222 Δι’
2132 1168 2232 1240 ἐμὲ
2248 1168 2465 1238 ἐγένετο
2490 1168 2662 1223 ταῦτα
2692 1171 2840 1240 ὑμῖν,
2862 1172 2923 1225 ἐν
2952 1172 3100 1245 λύπῃ
3127 1177 3554 1247 κοιμηθήσεσθε.
3596 1200 3620 1232 ι

2032 1260 2224 1328 Σαφῶς
2254 1263 2287 1331 ἡ
2316 1260 2412 1314 τοῦ
2426 1261 2598 1331 Λόγου
2630 1260 2820 1332 Θεότης
2856 1269 2952 1318 καὶ
2974 1264 3063 1319 διὰ
3092 1266 3203 1321 τῶν
3236 1272 3625 1341 προκειμένοιν

2030 1351 2433 1420 ἀποδείκνυται,
2453 1353 2533 1406 ὅτι
2548 1371 2607 1407 τε
2636 1355 2994 1428 προϋπῆρχεν
3008 1358 3107 1428 τῆς
3122 1359 3444 1433 ἐνανθρωπὴ
3454 1380 3616 1429 σεως,

2031 1440 2125 1493 καὶ⁸
2157 1441 2232 1504 ὡς
2260 1441 2687 1514 ἐνανθρωπήσας
2717 1443 2894 1497 ταῦτα
2933 1446 3162 1517 πάσχειν
3193 1449 3425 1519 ἡμελλεν
3452 1450 3489 1504 ἃ
3519 1454 3621 1506 καὶ

2027 1533 2086 1584 ἐν
2114 1534 2228 1595 τοῖς
2260 1532 2614 1602 Εὐαγγελίοις
2629 1534 3062 1605 ἀναγέγραπται.
3093 1538 3189 1602 Τίς
3217 1538 3328 1611 γὰρ
3354 1541 3422 1594 ἂν
3454 1543 3618 1607 ἄλλος

2025 1621 2111 1694 εἴη
2176 1624 2206 1676 6
2261 1623 2508 1693 φάσκων
2538 1643 2558 1676 ί
2594 1625 2688 1697 Μὴ
2725 1627 2828 1680 οὐκ
2862 1628 3036 1699 ἰσχύει
3069 1630 3100 1700 ή
3134 1630 3256 1701 χείρ
3288 1649 3415 1701 μου,
3456 1653 3476 1684 ι
3514 1637 3616 1688 καὶ

346 1732 547 1787 ponam
588 1720 986 1789 operimentum
1034 1736 1247 1789 eorum,
1286 1742 1306 1776 ι
1356 1727 1463 1782 nisi
1504 1726 1598 1783 Dei
1642 1728 1874 1785 Verbum

2022 1714 2090 1768 τὰ
2119 1714 2246 1786 ἐξῆς
2292 1714 2398 1780 ἓως
2441 1715 2555 1770 τοῦ·
2584 1735 2604 1768 ι
2640 1717 2875 1771 Ἐνδύσω
2888 1721 2979 1772 τὸν
3015 1720 3240 1791 οὐρανὸν
3270 1724 3489 1791 σκότος,
3518 1728 3620 1780 καὶ

344 1805 468 1877 Ipse
518 1810 687 1876 enim,
714 1810 802 1866 his
843 1810 1029 1877 dictis,
1081 1814 1303 1884 subjicit
1337 1834 1350 1870 :
1392 1835 1413 1869 ‹
1471 1816 1737 1876 Dominus
1774 1822 1893 1876 dedi

2021 1805 2097 1868 ὡς
2130 1806 2332 1861 σάκκον
2363 1809 2425 1860 τὸ
2456 1808 2798 1880 περιϐόλαιον
2818 1808 3003 1875 αὐτοῦ,
3040 1829 3059 1862 ι
3089 1810 3122 1881 ἢ
3152 1812 3292 1866 ὁτοῦ
3328 1814 3470 1868 Θεοῦ
3505 1818 3617 1869 Λό-

345 1898 481 1955 mihi
519 1899 763 1970 linguam
788 1902 1085 1969 eruditam,
1120 1914 1180 1958 ut
1219 1906 1389 1961 sciam
1437 1923 1723 1979 usquequo
1753 1902 1919 1982 opor-

338 1998 451 2046 teat
479 1990 665 2048 dicere
691 1994 917 2048 verbum
941 2011 955 2060 ;
977 2014 997 2047 ι
1034 2011 1338 2067 rursusque
1360 1999 1567 2070 reliqua
1590 2003 1797 2071 adjicit,
1836 2005 1921 2058 di-

341 2096 473 2137 cens
500 2099 513 2133 :
554 2101 574 2135 (
601 2082 714 2154 Ego
732 2093 919 2140 autem
946 2101 1056 2141 non
1092 2095 1387 2144 contumax
1418 2107 1561 2156 sum,
1589 2109 1766 2163 neque
1783 2110 1918 2149 con-

337 2170 554 2227 tradico
588 2192 600 2228 :
633 2182 848 2246 tergum
880 2191 1058 2233 meum
1091 2179 1215 2235 dedi
1251 2181 1307 2235 in
1330 2181 1566 2253 ﬂagella,
1587 2194 1640 2241 et
1663 2188 1916 2243 maxillas

335 2276 488 2319 meas
532 2264 587 2319 in
618 2265 826 2337 alapas,
867 2287 886 2319 ι
921 2277 976 2323 et
1009 2279 1206 2325 caetera
1226 2288 1403 2344 usque
1436 2275 1504 2329 ad
1543 2276 1680 2346 illa;
1717 2296 1735 2329 ι
1766 2278 1916 2345 Quo-

338 2353 487 2407 niam
528 2355 688 2425 juxta
733 2365 819 2414 est
850 2360 943 2430 qui
989 2361 1257 2431 justiﬂcat
1310 2380 1418 2422 me.
1453 2384 1474 2418 ›
1512 2364 1712 2439 Reipsa
1762 2372 1908 2425 enim

336 2458 560 2511 passum
585 2445 762 2504 fuisse
806 2447 1045 2508 dicimus
1070 2450 1335 2519 Verbum,
1370 2458 1910 2531 compatientemque

330 2547 492 2602 quem
523 2539 767 2607 suscepit
787 2538 1087 2596 hominem.
1110 2541 1398 2602 Nescimus
1425 2547 1593 2618 igitur
1625 2564 1695 2604 an
1726 2552 1909 2623 aliqua

328 2628 507 2696 possit
542 2628 611 2685 de
641 2630 747 2686 hac
776 2634 1065 2705 prophetia
1112 2636 1255 2691 ratio
1293 2639 1411 2694 dari
1448 2642 1518 2696 ab
1547 2643 1617 2699 iis
1646 2646 1739 2715 qui
1792 2663 1904 2703 non

330 2718 624 2776 admittunt
651 2724 945 2793 quamdam
997 2742 1121 2784 esse
1179 2732 1480 2787 secundam
1537 2738 1903 2794 substantiam

326 2806 423 2863 Dei
452 2808 634 2876 Verbi,
667 2823 793 2884 post
824 2818 1057 2886 primam
1076 2859 1091 2886 ,
1118 2827 1173 2876 et
1207 2821 1515 2880 increatum
1544 2825 1763 2883 Patrem
1785 2845 1904 2885 om-

321 2899 585 2971 niumque
612 2901 803 2961 Deum.
824 2905 936 2964 Nos
964 2917 1143 2965 autem
1166 2921 1314 2969 recte
1339 2930 1662 2985 persuasum
1691 2920 1898 2978 haben-

319 2997 406 3045 tes
440 2990 589 3048 hunc
616 3009 740 3051 esse
769 3013 960 3054 revera
992 3000 1172 3061 .Deum
1211 3002 1450 3061 Verbum
1492 3009 1894 3081 existimamus,

2027 1914 2151 1965 γος;
2183 1899 2355 1962 Αὐτὸς
2416 1899 2480 1972 δὴ
2523 1897 2638 1966 οὖν,
2682 1901 2752 1955 τὰ
2779 1900 3081 1971 τηλικαῦτα
3113 1903 3300 1969 εἰπὼν,
3349 1907 3613 1980 ἐπιφέρει

2018 1987 2224 2056 λέγων’
2259 2008 2277 2041 ι
2315 1989 2520 2062 Κύριός
2552 2008 2645 2061 μοι
2674 1991 2856 2046 δίδωσι
2908 1992 3160 2062 γλῶσσαν
3208 1997 3464 2061 παιδείας
3506 2000 3609 2054 τοῦ

2016 2082 2221 2149 γνῶναι
2278 2084 2442 2154 ἡνίκα
2484 2085 2566 2138 δεῖ
2593 2087 2767 2141 εἰπεῖν
2812 2084 2968 2156 λόγον
2987 2103 3003 2117 ο
3032 2106 3051 2137 ›
3077 2087 3171 2140 καὶ
3202 2085 3360 2154 αὖθις
3404 2091 3611 2161 ἐπάγει

2018 2173 2192 2246 [νετὰ]
2239 2174 2307 2227 τὰ
2362 2174 2526 2229 λοιπὰ
2576 2176 2832 2246 φάσκων·
2884 2196 2904 2229 ι
2960 2177 3103 2247 Ἐγὼ
3134 2178 3192 2233 δὲ
3231 2180 3331 2234 οὐκ
3367 2183 3609 2249 ἀπειθῶ,

2013 2264 2135 2318 οὐδὲ
2167 2265 2431 2334 ἀντιλέγω
2454 2283 2467 2297 ·
2498 2266 2590 2320 τὸν
2622 2267 2792 2322 νῶτόν
2814 2286 2914 2339 μου
2937 2269 3159 2325 τέθεικα
3187 2274 3268 2336 εἰς
3299 2273 3603 2344 μάστιγας,

2013 2356 2185 2420 τὰςδέ
2219 2359 2471 2427 σιαγόνας
2498 2376 2596 2431 μου
2637 2362 2718 2424 εἰς
2752 2362 3093 2433 ῥαπίσματα,
3137 2382 3157 2415 ι
3199 2367 3294 2419 καί
3324 2366 3398 2420 τὰ
3435 2370 3609 2441 μέχρι

2011 2449 2127 2502 τοῦ·
2160 2468 2179 2500 ι
2214 2450 2337 2503 Ὅτι
2367 2450 2572 2519 ἐγγίζει
2607 2468 2697 2523 μοι
2741 2454 2770 2505 6
2826 2451 3121 2518 δικαιώσας
3161 2472 3248 2525 με.
3293 2476 3311 2507 ι
3351 2460 3600 2531 Δυνάμει

2009 2541 2119 2613 γάρ
2151 2558 2233 2596 τοι
2262 2542 2586 2597 πεπονθέναι
2625 2545 2805 2615 φαμὲν
2837 2546 2929 2600 τὸν
2967 2547 3163 2616 Λόγον,
3199 2551 3601 2623 συμπάσχοντα

2006 2632 2066 2686 δὲ
2117 2632 2177 2686 ὃν
2226 2633 2515 2706 ἀνείληφεν
2568 2634 2840 2708 ἀνθρώπῳ
2884 2637 2946 2708 (f.
2979 2639 3049 2694 55
3080 2641 3181 2710 νο).
3218 2643 3334 2695 Ούκ
3366 2644 3597 2717 οἴδαμεν

2007 2720 2102 2778 οὖν
2146 2728 2196 2778 εί
2244 2725 2353 2789 ἕξει
2389 2743 2474 2789 τις
2524 2727 2654 2798 περὶ
2696 2728 2796 2799 τῆς
2839 2731 3213 2803 προκειμένης
3253 2738 3597 2807 προφητείας

2004 2814 2294 2870 ἀποδοῦναι
2331 2815 2507 2885 λόγον,
2541 2818 2616 2889 μὴ
2659 2819 3018 2891 προσιέμενος
3043 2822 3106 2875 τὸ
3140 2819 3280 2877 εἷναί
3310 2843 3437 2880 τινα
3468 2830 3593 2883 δευ-

2001 2904 2167 2977 τέραν
2211 2906 2509 2960 ὑπόστασιν
2536 2907 2629 2961 τοῦ
2671 2908 2809 2963 Θεοῦ
2856 2912 3031 2981 Λόγου
3064 2916 3203 2985 μετὰ
3231 2916 3332 2988 τὴν
3360 2920 3594 2993 πρώτην

2001 2996 2096 3049 καὶ
2128 2997 2392 3069 ἀγένητον
2420 2998 2509 3053 τὸν
2553 3000 2771 3074 Πατέρα
2791 3002 2889 3057 καλ¹
2926 3003 3057 3059 Θεὸν
3078 3005 3188 3059 τῶν
3213 3009 3353 3064 ὅλων
3378 3029 3393 3041 ·
3419 3016 3585 3084 ἡμεῖς

317 3082 412 3151 qui
440 3089 495 3138 et
517 3084 609 3139 hic
637 3085 781 3143 inter
800 3098 999 3146 caetera
1023 3091 1193 3150 dicit:
1231 3113 1250 3148 ι
1277 3095 1506 3154 lnduam
1533 3104 1705 3159 cmlos
1734 3111 1887 3162 tene-

317 3167 431 3189 με,
722 3175 754 3189 .-

1998 3105 2063 3156 γε
2118 3089 2223 3161 μὴν
2262 3089 2437 3162 ὀρθῶς
2464 3093 2818 3165 πεπεισμένοι
2852 3094 3042 3155 τοῦτον
3075 3097 3341 3170 ὑπάρχειν
3380 3082 3585 3179 δηλαδὴ

243 3227 247 3231 ,
315 3167 457 3234 bris,
487 3190 507 3223 ι
535 3173 870 3246 subjicitque
890 3194 956 3234 ex
987 3195 1223 3250 persona
1262 3200 1426 3256 quam
1474 3196 1775 3264 assumpsit
1792 3196 1893 3253 ho-

314 3260 507 3327 minis,
537 3281 556 3314 c
590 3262 856 3325 Dominus
877 3269 1024 3325 dedit
1061 3275 1196 3329 mihi
1222 3277 1465 3350 linguam
1494 3260 1789 3355 eruditam,
1830 3296 1890 3343 ut

314 3351 489 3406 sciam
522 3369 810 3427 usquequo
840 3370 1089 3431 oporteat
1128 3366 1311 3425 dicere
1347 3372 1595 3429 verbum.
1638 3395 1659 3430 ι
1689 3351 1891 3445 Quem-

310 3455 442 3496 ηοω
468 3459 600 3500 vero
622 3446 792 3503 alium
820 3452 930 3506 nisi
958 3452 1295 3514 Salvatorem
1328 3475 1578 3521 nostrum
1608 3467 1886 3527 hominem

308 3531 515 3589 factum
548 3537 767 3594 deceret
798 3541 913 3598 haec
945 3560 1161 3617 quoque
1188 3548 1373 3607 dicere
1404 3572 1417 3608 :
1459 3573 1479 3607 ι
1518 3556 1653 3623 Quis
1672 3569 1888 3617 contra-

310 3621 454 3678 dicet
500 3626 901 3687 mihi?stemus
948 3634 1146 3704 simul;
1188 3657 1208 3690 ι
1246 3642 1329 3696 vel
1375 3642 1444 3700 de
1475 3621 1584 3717 quo
1617 3650 1731 3707 haec
1772 3654 1882 3711 dici

307 3724 552 3784 possent,
574 3720 643 3775 ab
665 3720 774 3777 illis
808 3743 823 3779 :
850 3742 872 3776 ε
895 3724 1029 3792 Quis
1052 3744 1118 3784 ex
1150 3732 1304 3788 vobis
1330 3734 1529 3794 timens
1560 3738 1881 3802 Dominum?

304 3803 494 3859 audiat
527 3822 716 3865 vocem
764 3815 909 3869 servi
935 3815 1076 3887 ejus,
1115 3837 1134 3870 ι
1167 3822 1272 3876 nisi
1336 3825 1404 3880 de
1458 3828 1578 3902 solo
1635 3829 1877 3902 Christo,

302 3898 397 3967 qui
423 3897 580 3969 juxta
629 3902 945 3975 Scripturas
975 3908 1327 3981 ignominiam
1359 3899 1637 3991 despexit,
1685 3897 1877 3983 exina;

298 3988 463 4046 niens
487 3996 862 4066 semetipsum,
892 4008 946 4056 et
981 4018 1155 4076 usque
1191 4008 1259 4062 ad
1288 3988 1500 4083 ﬂagella
1529 4014 1872 4088 humiliatus,

296 4087 767 4178 cum,secundum
798 4088 865 4147 de
888 4091 1007 4163 ipso
1027 4099 1365 4169 prophetiam
1391 4103 1720 4178 ﬂagellatum
1750 4127 1874 4169 eum

295 4169 506 4231 Pilatus
530 4178 759 4236 tradidit
793 4185 1259 4259 cruciﬁgenduni;
1290 4202 1419 4251 tunc
1441 4169 1659 4271 quoque
1687 4204 1872 4276 alapas

293 4274 350 4320 et
379 4275 543 4338 sputa
573 4274 819 4341 pertulit,
850 4293 973 4333 cum
1002 4279 1072 4334 ad
1104 4282 1225 4353 ejus
1256 4287 1421 4342 verba
1454 4301 1634 4348 vestes
1660 4274 1866 4353 dilace-

291 4369 423 4411 rans
460 4373 710 4418 summus
738 4366 1001 4424 sacerdos
1030 4384 1153 4424 eum
1186 4371 1656 4445 blasphemavisse
1684 4385 1866 4437 excla-

1993 3181 2085 3236 τὺν
2117 3183 2249 3236 Θεὸν
2280 3184 2449 3253 Λόγον
2472 3185 2773 3257 ἡγούμεθα,
2802 3188 2891 3243 τὸν
2917 3190 3012 3243 καὶ
3042 3192 3271 3248 ἐνταῦθα
3302 3196 3575 3267 φάσκοντα

1995 3274 2133 3343 μετὰ
2166 3274 2274 3329 τῶν
2301 3274 2475 3330 ἄλλων
2501 3277 2561 3331 τό
2580 3293 2595 3308 ’
2624 3296 2644 3330 ‹
2676 3279 2908 3335 Ἐνδύσω
2937 3282 3030 3337 τὸν
3065 3286 3294 3358 οὐρανὸν
3326 3291 3574 3357 σκότος,ι

1992 3369 2086 3421 καὶ
2117 3368 2452 3440 ἐπιφέροντα
2494 3372 2560 3424 ἐκ
2589 3370 2881 3443 προσώπου
2926 3367 2987 3427 οὗ
3027 3377 3315 3451 ἀνείληφεν
3360 3380 3579 3453 ἀνθρώ-

1988 3477 2092 3514 που
2112 3461 2173 3514 τό
2199 3477 2212 3491 ·
2252 3480 2271 3513 ‹
2311 3461 2516 3533 Κύριος
2558 3463 2742 3517 δίδωσί
2776 3483 2865 3536 μοι
2892 3466 3145 3536 γλῶσσαν
3180 3472 3450 3539 παιδείας,
3478 3477 3576 3531 τοῦ

1986 3552 2189 3621 γνῶναι
2243 3553 2408 3623 ἡνίκα
2433 3553 2539 3607 ιδεῐ
2589 3557 2763 3610 εἰπεῖν
2817 3557 2995 3626 λόγον.
3033 3580 3051 3612 ι
3084 3562 3202 3615 Τίνι
3246 3564 3294 3616 δ’
3320 3566 3388 3619 ἂν
3428 3567 3575 3638 ἄλλῳ

1986 3643 2138 3715 παρὰ
2169 3643 2261 3696 τὸν
2314 3643 2598 3716 ἄνθρωπον
2632 3646 2726 3700 τοῦ
2763 3649 3015 3722 Σωτῆρος
3051 3655 3083 3724 ἡ
3095 3653 3211 3723 μῶν
3244 3657 3445 3727 πρέποι
3478 3660 3572 3713 λέ-

1983 3750 2101 3802 γειν
2129 3736 2222 3787 καὶ
2248 3734 2328 3786 τό·
2359 3754 2378 3786 ι
2415 3736 2553 3800 Τίςό
2582 3739 2898 3809 κρινόμενός
2928 3760 3042 3813 μοι;
3073 3746 3381 3819 ἁιντιστήτω
3407 3769 3518 3820 μοι,
3545 3773 3562 3803 ι

1987 3824 2058 3875 Ἦ
2083 3824 2212 3895 περὶ
2235 3825 2380 3889 τίνος
2407 3825 2603 3896 λέγοιτ’
2633 3829 2699 3883 ἂν
2728 3831 2796 3884 τὰ
2820 3833 2929 3886 ἀπὸ
2956 3835 3050 3888 τοῦ
3071 3852 3086 3866 ⁸
3116 3856 3135 3889 ‹
3179 3839 3277 3903 Τίς
3304 3841 3363 3894 ἐν
3389 3842 3520 3914 ὑμῖν
3538 3849 3571 3900 6

1981 3915 2143 3984 φοϐού
2152 3934 2311 3987 μενος
2337 3917 2429 3972 τὸν
2464 3918 2668 3992 Κύριον
2696 3941 2711 3989 ;
2740 3924 3102 3980 ύπακουσάτω
3132 3930 3235 3999 τῆς
3256 3934 3442 4003 φωνῆς
3466 3936 3565 3990 τεῦ

1979 4008 2166 4072 παιδὸς
2192 4008 2378 4075 αὐτοῦ,
2421 4030 2440 4063 ι
2474 4010 2508 4082 ἢ
2545 4013 2689 4090 περὶ.
2712 4017 2873 4085 μόνου
2896 4017 2990 4070 τοῦ
3013 4020 3273 4091 Χριστοῦ,
3299 4025 3393 4077 τού
3420 4029 3568 4081 κατὰ

1976 4098 2074 4162 τὰς
2105 4099 2330 4171 Γραφὰς
2354 4102 2614 4176 αἰσχύνης
2647 4111 3185 4181 καταφρονήσαντος,
3222 4116 3565 4185 κενώσαντός

1973 4206 2033 4242 τε
2070 4191 2262 4246 ἐαυτὸν
2309 4194 2405 4246 καὶ
2438 4195 2599 4268 μέχρι
2652 4199 2932 4269 μαστίγων
2959 4204 3434 4274 ταπεινώσαντος,
3468 4213 3563 4265 ὅτε

1972 4282 2115 4336 κατὰ
2142 4284 2240 4354 τὴν
2272 4287 2638 4358 προκειμένην
2681 4291 2809 4358 περὶ
2845 4293 3009 4348 αὐτοῦ
3046 4300 3384 4369 προφητείαν
3419 4320 3562 4373 φρα-

1970 4373 2249 4441 γελλώσας
2286 4379 2449 4432 αὐτὸν
2486 4382 2515 4434 6
2542 4381 2772 4448 Πιλάτος
2800 4386 3116 4457 παρέδωκεν
3143 4393 3554 4468 σταυρωθῆναις

288 4448 479 4504 mavit.
512 4447 667 4506 Tunc
697 4455 841 4509 enim
897 4469 1232 4529 exspuerunt
1283 4464 1339 4519 in
1393 4465 1588 4523 faciem
1642 4472 1763 4542 ejus
1810 4480 1865 4527 et

2758 4447 2763 4448 ,
2885 4447 2896 4457 ,
3286 4447 3300 4465 .
3426 4447 3438 4468 .
3479 4447 3487 4449 ~
3519 4447 3553 4462 ~.

1997 4464 2103 4517 Τότε
2132 4465 2187 4520 δὲ
2227 4468 2320 4520 καὶ
2354 4471 2674 4543 ῥαπίσματα
2712 4476 2806 4530 καὶ
2851 4479 3208 4551 ἐμπτυσμοὺς
3251 4485 3553 4557 ὑπέμενεν,

286 4539 701 4609 colaphizabant
735 4562 860 4634 eum
882 4565 896 4614 ;
920 4549 1014 4605 alii
1043 4567 1173 4608 vero
1205 4555 1392 4627 alapas
1421 4559 1469 4614 ei
1497 4539 1860 4634 impeg'erunt,

282 4625 567 4720 dicentes;
605 4651 624 4684 ι
655 4616 980 4706 Proplietiza
1010 4642 1192 4709 nobis,
1215 4616 1454 4715 Christe,
1484 4616 1610 4721 quis
1645 4616 1698 4708 te
1738 4616 1863 4723 per:

281 4722 497 4779 cessit?
528 4714 560 4777 ι’
583 4723 853 4785 Videntur
883 4740 1062 4787 autem
1123 4737 1347 4806 capituli
1378 4714 1544 4812 hujus
1594 4714 1755 4800 initia
1788 4746 1858 4801 ad

276 4808 590 4869 Judaeorum
611 4831 947 4891 synagogam
962 4831 1230 4894 spectare.
1267 4847 1287 4881 ι
1333 4808 1475 4887 Ecce
1503 4835 1673 4901 enim,
1712 4855 1731 4889 ι
1758 4839 1853 4904 ait,

282 4906 554 4981 (peccatis
573 4920 772 4977 vestris
798 4924 1005 4980 venditi
1018 4929 1174 4995 estis,
1189 4941 1243 4987 et
1260 4933 1642 5004 iniquitatibus
1663 4946 1860 5002 vestris

273 5000 435 5057 emisi
461 5015 693 5064 matrem
720 5021 981 5071 vestram.
1018 5036 1038 5071 ι
1080 5018 1242 5076 Venit
1268 5000 1415 5079 enim
1453 5047 1474 5082 σ
1514 5030 1580 5084 ad
1616 5035 1855 5102 perditas

279 5121 418 5163 oves
441 5110 637 5172 domus
673 5115 840 5176 Israel
870 5125 914 5188 ³,
954 5142 975 5175 ι
1015 5132 1070 5181 et
1097 5128 1311 5185 nullum
1341 5132 1547 5189 invenit
1576 5138 1723 5208 apud
1757 5156 1853 5199 eos

275 5208 575 5280 hominem,
605 5222 701 5277 sed
731 5233 788 5279 et
816 5228 1026 5298 primos
1051 5234 1270 5302 quidem
1298 5253 1396 5294 eos
1440 5244 1656 5299 vocavit
1683 5264 1696 5299 :
1737 5262 1852 5302 non

269 5323 452 5373 autem
474 5334 593 5382 erat
621 5332 858 5400 populus
888 5337 1137 5395 audiens.
1165 5339 1292 5397 Ideo
1317 5343 1479 5401 dicit:
1500 5366 1519 5407 ς
1544 5348 1672 5405 Ideo
1696 5353 1843 5418 veni,

262 5432 325 5472 et
370 5436 625 5486 nouerat
679 5431 862 5504 homo,
911 5444 1232 5512 vocavique,
1261 5456 1315 5502 et
1363 5449 1549 5507 nullus
1597 5460 1715 5508 erat
1745 5456 1839 5526 qui

261 5528 497 5587 audiret.
532 5553 551 5585 ι
584 5537 871 5595 Postrema
922 5559 1052 5601 vero
1104 5548 1269 5621 hujus
1318 5554 1428 5611 loci
1478 5571 1840 5633 congruenter

330 5710 346 5739 ³
375 5706 500 5762 lsai.
525 5723 576 5772 ι,
616 5709 767 5762 1-11.
844 5714 1076 5776 'Matth.
1111 5739 1200 5792 xv,
1234 5728 1324 5783 24.

1971 4556 2059 4609 ὅτε
2113 4560 2206 4612 ἐπὶ
2248 4563 2359 4625 τοῖς
2394 4561 2574 4633 λόγοις
2605 4567 2770 4621 αὑτοῦ
2807 4573 3278 4644 περιρρηξάμενος
3300 4579 3329 4631 6
3359 4556 3551 4650 ἀρχιεέ

1969 4650 2117 4719 ρεὺς,
2146 4651 2461 4725 ἀπεφήνατο
2503 4656 3020 4732 βεϐλασφημηκέναι
3062 4666 3254 4720 αὐτόν’
3282 4669 3408 4722 τότε
3441 4672 3552 4745 γὰρ

1967 4740 2264 4797 ἐνέπτυσαν
2313 4748 2394 4810 είς
2434 4747 2495 4801 τὸ
2546 4750 2835 4821 πρόσωπον
2878 4755 3043 4809 αὐτοῦ
3086 4759 3183 4810 καὶ
3225 4761 3551 4831 ἐκολάφιςον

1964 4833 2144 4887 αὐτόν.
2202 4838 2264 4888 Οἱ
2313 4837 2370 4890 δὲ
2410 4840 2715 4912 ἐῤῥὰπισαν
2769 4847 2930 4901 αὑτὸν
2965 4848 3244 4918 λέγοντες·
3280 4872 3299 4905 ‹
3330 4854 3548 4929 Προφή-

1961 4938 2150 4978 τευσον
2179 4928 2310 4999 ἡμῖν
2329 4970 2344 4994 ,
2369 4932 2595 5003 Χριστέ,
2618 4934 2700 4999 τίς
2721 4938 2868 4991 ἐστιν
2887 4940 2915 4993 6
2946 4942 3148 5006 παίσας
3170 4961 3229 4997 σε
3251 4961 3266 5011 ;
3297 4965 3317 4998 ι
3356 4928 3543 5003 Ἐοικε

1959 5014 2017 5068 δὲ
2048 5017 2116 5070 τὰ
2144 5019 2242 5089 μὲν
2271 5023 2413 5076 κατὰ
2452 5024 2549 5096 τὴν
2595 5027 2769 5101 ἀρχὴν
2803 5029 2894 5085 τοῦ
2932 5033 3228 5103 κεφαλαίου
3268 5040 3399 5110 περὶ
3438 5041 3543 5111 τῆς

1957 5106 2066 5161 τῶν
2107 5111 2372 5167 Ἰουδαίων
2437 5114 2690 5186 λέγεσθαι
2741 5127 3090 5196 συναγωγῆς·
3131 5147 3151 5180 ι
3192 5127 3324 5183 Ἰδοὺ
3342 5106 3534 5202 γὰρξι

1959 5201 2112 5270 φησὶ,
2151 5220 2170 5252 ι
2199 5208 2321 5267 ταῖς
2367 5207 2663 5281 ἁμαρτίαις
2716 5214 2870 5284 ὑμῶν
2915 5215 3225 5290 ἐπράθητε·
3277 5220 3376 5274 καὶ
3414 5201 3539 5290 ταῖς

1954 5292 2207 5361 ἀνομίαις
2267 5297 2421 5368 ὑμῶν
2470 5300 2825 5365 ἐξαπέστειλα
2866 5307 2964 5380 τὴν
3016 5312 3228 5383 μητέρα
3280 5312 3459 5383 ὑμῶν.
3507 5334 3528 5368 ι

1948 5378 2123 5437 τΗλϐε
2174 5387 2282 5460 γὰρ
2336 5408 2354 5441 ι
2384 5392 2478 5446 ἐπὶ
2525 5395 2595 5448 τὰ
2646 5398 2893 5467 πρόόατα
2922 5378 2994 5455 τὰ
3019 5378 3343 5460 ἀπολωλότα
3375 5406 3529 5461 οἴκου

1961 5477 2237 5550 Ἰσραὴλ.»
2262 5481 2356 5534 καὶ
2404 5486 2505 5556 οὐχ
2551 5480 2677 5560 εὗρέ
2709 5507 2829 5543 τινα
2870 5494 2927 5544 ἐν
2984 5493 3169 5558 αὐτοῖς
3215 5496 3524 5569 ἄνθρωπον,

1946 5567 2082 5647 ἀλλὰ
2115 5571 2208 5625 καὶ
2232 5573 2484 5645 πρώτους
2516 5579 2616 5649 μὲν
2646 5583 2841 5647 αὐτοὺς
2875 5586 3160 5641 ἐκάλεσεν
3190 5590 3292 5644 οὐκ
3322 5567 3391 5663 ἦν
3413 5591 3459 5645 δ’
3488 5594 3527 5646 6
