3814 6220
170 280 321 337 42M

1213 277 1507 335 ECLOGA)
1543 278 2026 337 PROPHETICE.
2066 311 2137 321 —
2176 279 2304 335 LIB.
2344 278 2435 336 IV.

3315 286 3456 341 £262

170 397 312 460 λαὸς
364 395 677 451 ὑπακούων.
738 396 814 450 Δι’
846 398 874 451 6
908 414 1059 467 φησι·
1105 416 1122 450 ι
1161 398 1306 451 Διότι
1337 395 1522 471 ἦλθον,
1558 400 1654 454 καὶ
1675 401 1729 454 ού

1890 409 2003 471 post
2039 401 2271 457 istorum
2324 400 2768 472 reprobationem
2819 403 3061 474 gentium
3112 403 3456 459 vocationem

168 483 253 559 ἦν
278 488 595 559 ἄνθρωπος·
624 488 859 542 ἐκάλεσα
886 490 981 542 καὶ
1013 490 1113 543 οὐκ
1141 485 1209 561 ἦν
1242 493 1270 543 6
1303 492 1611 546 ὑπακούων.
1649 511 1668 544 ι
1695 494 1774 547 T6

170 581 223 634 δ’
245 582 344 635 ἐπὶ
370 580 514 635 τέλει
550 581 651 650 τῆς
685 582 991 653 περικοπῆς
1015 582 1322 647 ἀκολούθως
1339 584 1479 654 μετά
1505 585 1603 657 τὴν
1636 587 1777 640 ὲκεί-

170 690 289 729 νων
320 674 596 744 ἀποσολὴν
628 676 722 728 ἐπὶ
753 675 852 745 τὴν
888 674 947 739 ἐξ
975 674 1145 728 ὲθνῶν
1184 676 1515 747 ἀναφέρεται
1549 679 1739 749 κλῆσιν
1759 720 1773 742 ,

170 765 291 821 ἀπὸ
318 766 440 829 τοῦ,
464 786 483 818 ι
508 767 603 831 Τίς
629 769 687 821 ὲν
712 768 840 836 ὑμῖν
866 769 894 820 ὁ
919 766 1252 837 φοϐούμενος
1272 767 1364 822 τὸν
1386 768 1623 839 Κύριον;
1680 772 1778 824 ὑπ-

169 858 474 912 ακουσάτω
499 858 602 928 τῆς
626 859 811 927 φωνῆς
836 858 929 912 τοῦ
957 858 1145 922 παιδὸς
1178 859 1365 913 αὑτοῦ.
1399 879 1417 911 ι
1451 861 1642 932 Ἡμεῖς
1666 862 1776 934 γὰρ

168 948 401 1021 ἀληθῶς
421 946 565 1023 ἦμεν
591 970 611 1003 ι
644 952 695 1004 οἱ
744 952 1100 1023 πορευόμενοι
1146 954 1205 1005 ὲν
1241 952 1452 1006 σκότειο
1496 973 1514 1005 ι
1554 955 1649 1008 καὶ
1676 955 1776 1009 οὐκ

166 1033 245 1109 ἦν
275 1040 415 1110 ἡμῖν
448 1040 557 1111 πρὸ
581 1041 681 1109 τῆς
701 1042 1003 1112 παρουσίας
1043 1040 1138 1095 τοῦ
1173 1043 1426 1113 Σωτῆρος
1454 1043 1610 1114 ἡμῶν
1635 1044 1769 1112 φῶς·

166 1129 319 1183 ἀλλὰ
345 1129 442 1184 νῦν
473 1130 562 1184 διὰ
590 1131 691 1203 τὴν
717 1131 812 1184 τοῦ
841 1130 977 1185 Θεοῦ
1007 1132 1167 1203 χάριν
1208 1130 1549 1201 πεποίθαμεν
1582 1134 1675 1186 ἐπὶ
1695 1132 1776 1203 τῷ

165 1223 408 1295 ὀνόματι
432 1223 664 1294 Κυρίου,
708 1226 804 1278 καὶ⁸
853 1220 1349 1296 ἐπιστηριζόμεθα
1383 1227 1476 1279 ἐπὶ
1503 1225 1582 1296 τῷ
1621 1226 1769 1297 Θεῷ·

164 1317 289 1377 τοῖς
321 1313 379 1367 δὲ
407 1314 481 1385 μὴ
513 1314 869 1368 πιστεύσασιν
900 1316 981 1378 εἰς
999 1315 1092 1368 τὸν
1121 1315 1377 1387 Χριστὸν,
1401 1310 1483 1377 οἷς
1507 1317 1601 1369 καὶ
1633 1317 1776 1369 ἀνω-

163 1403 324 1477 τέρω
383 1407 571 1477 εῐρητο
607 1407 687 1461 τό’
733 1427 753 1459 ι
802 1407 933 1461 Ἰδοὺ
976 1408 1176 1471 πάντες
1220 1409 1380 1478 ὑμεῖς
1431 1407 1507 1471 ὡς
1558 1409 1774 1479 ἱμάτιον

164 1496 653 1568 παλαιωθήσεσθε,
671 1499 767 1552 καὶ
790 1497 866 1561 ὡς
891 1497 988 1570 σὴς
1010 1499 1241 1567 φάγεται
1274 1499 1418 1570 ὑμᾶς
1441 1539 1455 1562 ,
1481 1517 1500 1549 ι
1522 1499 1773 1570 ἐπιφέρει

162 1588 385 1656 ὀλόγος
426 1588 652 1658 φάσκων
673 1608 687 1620 ·
732 1609 751 1641 ι
806 1590 937 1644 Ἰδοὺ
972 1591 1174 1655 πάντες
1203 1592 1361 1662 ὑμεῖς
1383 1592 1459 1656 ὡς
1504 1590 1617 1663 πῦρ
1649 1593 1772 1646 καί·

161 1698 286 1744 ετε,
320 1700 339 1732 ι
383 1682 479 1735 καὶ
510 1682 579 1736 τὰ
622 1682 781 1754 ἑξῆς·
807 1684 865 1736 ὲν
898 1677 981 1746 οἷς
1022 1682 1211 1753 σαφῶς
1250 1683 1346 1737 καὶ
1391 1683 1472 1736 τό·
1508 1703 1527 1735 ι
1567 1684 1646 1736 Δι’
1669 1683 1769 1754 ἐμὲ

1880 494 2116 549 innuunt
2141 513 2155 526 ο
2195 513 2213 547 ι
2251 494 2387 561 Quis
2440 510 2507 550 ex
2540 494 2698 551 vobis
2741 495 2942 552 timens
2989 494 3326 551 Dominum?
3360 512 3428 551 au

1880 587 1997 641 diat
2048 600 2237 641 vocem
2293 585 2437 641 servi
2486 586 2592 640 sui.
2650 603 2668 638 ι
2714 584 2827 641 Nos
2869 586 3016 641 enim
3070 600 3200 641 vere
3239 601 3459 643 eramus

1883 694 1903 729 ι
1940 677 2285 732 ambulantes
2316 677 2372 731 in
2404 677 2684 744 tenebris;
2721 696 2740 729 ι
2775 692 2954 747 neque
3007 687 3128 733 erat
3173 678 3336 735 nobis
3378 680 3461 733 lu-

1877 783 2004 823 men
2037 777 2163 822 ante
2206 768 2510 823 Salvatoris
2560 769 2734 823 nostri
2786 768 3123 836 adventum;
3161 768 3259 825 sed
3310 785 3461 825 nunc

1877 858 1973 915 Dei
2007 862 2182 930 gratia
2231 859 2570 915 credidimus
2621 860 2680 914 in
2722 860 2946 916 nomine
2976 860 3215 924 Domini,
3241 868 3296 916 et
3349 859 3463 917 Deo

1877 955 2242 1009 adhaaremus.
2298 951 2423 1008 Istis
2454 968 2586 1007 vero
2622 954 2718 1024 qui
2748 969 2857 1008 non
2886 954 2943 1007 in
2971 954 3252 1009 Christum
3278 952 3461 1009 credi-

1876 1044 2097 1107 derunt,
2128 1042 2329 1113 quibus
2362 1050 2417 1097 et
2440 1042 2694 1111 superius
2716 1043 2925 1098 dictum
2955 1049 3040 1097 est
3068 1058 3082 1093 :
3112 1061 3131 1093 ι
3174 1041 3316 1097 Ecce
3343 1055 3465 1096 om-

1878 1153 1977 1191 nes
2009 1152 2104 1191 vos
2152 1136 2311 1206 quasi
2342 1137 2733 1199 vestimentum
2782 1134 3072 1191 inveterati
3094 1134 3271 1199 eritis,
3304 1141 3360 1189 et
3389 1134 3463 1188 ti-

1876 1244 1979 1283 nea
2016 1229 2267 1283 comedet
2306 1244 2427 1292 vos,
2472 1246 2491 1278 ι
2528 1227 2718 1296 adjicit
2767 1242 2948 1282 sermo
2997 1225 3188 1282 dicens
3218 1244 3233 1281 :
3264 1245 3284 1278 ι
3316 1224 3463 1281 Ecce

1875 1334 2066 1373 omnes
2101 1334 2198 1374 vos
2230 1318 2408 1389 ignem
2441 1317 2756 1382 incenditis,
2785 1339 2803 1371 ι
2842 1325 2897 1373 et
2924 1317 3153 1387 reliqua.
3177 1314 3236 1370 In
3262 1315 3463 1386 quibus

1877 1408 2169 1465 manifeste
2196 1418 2253 1465 et
2284 1410 2484 1465 illudzc
2512 1409 2743 1480 Propter
2774 1424 2862 1463 me
2894 1407 3036 1462 facta
3069 1407 3337 1463 sunthaec
3362 1422 3461 1462 vo-

1876 1501 1983 1563 his,
2028 1520 2048 1553 »
2079 1499 2148 1556 de
2188 1516 2425 1571 persona
2470 1502 2677 1557 dicitur
2708 1500 2919 1556 Christi
2969 1500 3317 1571 objurgantis
3341 1514 3461 1565 eos,

1875 1592 2374 1664 exprobrantisque
2417 1592 2618 1649 factam
2652 1595 2708 1649 in
2742 1595 2984 1665 seipsum
3020 1592 3336 1649 Iudaeorum
3365 1607 3465 1664 po-

1878 1686 1989 1755 puli
2019 1687 2552 1756 praevaricationem.

160 1774 395 1840 ἐγένετο
415 1772 590 1828 ταῦτα
617 1776 767 1846 ὑμῖν,
793 1795 811 1826 ι
830 1776 895 1829 ὲκ
921 1774 1213 1847 προσώπου
1239 1774 1488 1828 λέλεκται
1514 1775 1608 1829 τοῦ
1660 1776 1897 1846 Χριστοῦ
1960 1779 2381 1845 ἐπονειδίζοντος
2420 1781 2606 1844 αὐτοῖς
2641 1758 2736 1834 καὶ
2793 1780 3187 1851 ἀπελέγχοντος
3240 1778 3338 1851 τὴν
3384 1779 3466 1842 είς

162 1866 340 1920 αὐτὸν
403 1869 789 1940 γεγενημένην
853 1869 949 1923 τοῦ
1022 1869 1288 1924 Ἰουδαίων
1346 1869 1476 1924 λαοῦ
1531 1873 1897 1944 παρανομίαν.

681 1963 1079 2018 ΚΕΦΑΛΑΙΟΝ
1110 1965 1275 2034 Kcm

246 2098 268 2131 ι
310 2080 455 2134 Τάδε
482 2078 629 2149 λέγει
658 2079 863 2151 Κύριος
879 2097 893 2111 ·
918 2081 997 2134 Δι’
1013 2081 1157 2152 ὑμᾶς
1172 2081 1260 2135 διὰ
1285 2082 1487 2147 παντὸς
1512 2082 1574 2136 τὸ
1604 2082 1777 2154 ὄνομά

172 2188 282 2242 μου
319 2171 723 2244 βλασφημεῖται
752 2173 810 2225 ὲν
833 2174 947 2237 τοῖς
975 2172 1173 2227 ἔθνεσι·
1200 2172 1289 2228 διά
1318 2173 1477 2228 τοῦτο
1505 2174 1774 2243 γνώσεται

162 2267 194 2318 6
232 2264 370 2329 λαός
426 2281 527 2336 μου
581 2264 643 2317 τὸ
670 2263 842 2336 ὄνομά
874 2282 974 2336 μου
999 2283 1011 2295 ·
1074 2265 1164 2319 διά
1202 2266 1360 2320 τοῦτο
1408 2268 1467 2321 ὲν
1494 2271 1560 2339 τῇ
1590 2268 1775 2341 ἡμέρᾳ

163 2358 387 2430 ἐκείνῃ,
427 2360 509 2413 ὅτι
539 2358 649 2427 ἐγώ
682 2360 798 2431 εἰμι
822 2360 983 2425 αὐτὸς
1014 2362 1043 2414 ὁ
1071 2361 1271 2427 λαλῶν,
1298 2362 1530 2434 πάρειμι
1552 2364 1628 2427 ὡς
1654 2364 1774 2436 ῶρα

159 2451 263 2504 ἐπὶ
290 2451 404 2504 τῶν
423 2450 617 2522 ὀρέων,
650 2451 727 2516 ὡς
757 2452 916 2517 πόδες
966 2453 1452 2526 εὐαγγελιζομένου
1489 2456 1659 2526 ἀκοὴν
1694 2458 1772 2508 εἰ-

161 2542 368 2614 ρήνης,
429 2543 505 2606 ὡς
565 2544 1051 2615 εὐαγγελιζόμενος
1102 2544 1283 2614 ἀγαθά
1312 2586 1327 2609 ,
1365 2547 1447 2600 ὅτι
1499 2547 1771 2618 ἀκουστὴν

158 2636 388 2707 ποιήσω
409 2636 509 2707 τὴν
538 2636 814 2706 σωτηρίαν
860 2652 973 2701 σου,
1009 2636 1183 2705 λέγων
1212 2653 1227 2668 ο
1266 2636 1425 2704 Σιὼν,
1460 2638 1770 2709 βασιλεύσει

160 2746 268 2782 σου
294 2730 325 2781 6
348 2728 501 2793 θεός.
541 2748 559 2781 ι
596 2730 706 2782 Καὶ
737 2727 877 2799 αῦτη
922 2731 1015 2784 ἐπὶ
1043 2728 1134 2782 τὸν
1158 2731 1388 2802 Σωτῆρα
1425 2731 1771 2800 εὐλογώτατα

159 2821 406 2892 ἁρμόζοι
442 2822 511 2876 ἂν
553 2824 586 2892 ἠ
641 2823 982 2896 προφητεία,
1023 2824 1113 2876 ἐπὶ
1146 2824 1245 2896 τῆς
1278 2825 1574 2897 ἐπιδημίας
1602 2827 1769 2881 αὐτοῦ

160 2912 556 2985 πληρωθέντος
594 2914 710 2967 τοῦ·
748 2935 767 2967 ι
812 2916 932 2969 ’Ότι
957 2916 1066 2986 ἐγώ
1106 2916 1170 2987 (f.
1227 2916 1315 2985 56)
1363 2919 1501 2987 εἰμι,
1544 2919 1707 2983 αὐτὸς
1744 2920 1772 2972 ὁ

158 3005 351 3059 λαλῶν
375 3006 628 3079 πάρειμι.
662 3027 681 3060 ι
716 3007 805 3078 Τῷ
844 3008 943 3079 μὲν
971 3003 1062 3062 οῦν
1087 3009 1337 3083 προτέρῳ
1359 3009 1473 3081 λαῷ
1497 3012 1577 3072 είς
1602 3013 1770 3083 πρόσ-

158 3114 323 3151 ωπον
380 3097 595 3169 εἴρηται
651 3099 721 3153 τὰ
759 3101 866 3153 ἀπὸ
888 3098 1005 3153 τοῦ·
1054 3119 1072 3151 ι
1099 3103 1175 3155 Δι’
1198 3102 1343 3172 ὑμᾶς
1380 3102 1465 3155 διὰ
1489 3103 1688 3167 παντὸς
1710 3105 1771 3157 τὸ

157 3188 347 3260 δνομά
379 3206 479 3260 μου
518 3189 919 3262 βλασφημεῖται
955 3192 1013 3245 ὲν
1039 3195 1151 3257 τοῖς
1185 3192 1395 3246 ἔθνεσιο
1431 3212 1449 3245 ι
1485 3194 1553 3247 τὰ
1590 3194 1634 3247 δ’
1664 3195 1772 3248 ἀπὸ

2408 1970 2639 2027 CAPUT
2708 1969 2904 2028 XXVI.

1954 2103 1974 2136 ι
2047 2083 2176 2140 llaec
2229 2084 2363 2139 dicit
2413 2082 2683 2139 Dominus
2737 2103 2750 2138 :
2815 2081 3048 2153 Propter
3093 2097 3192 2138 vos
3261 2096 3463 2139 nomen

1880 2191 2062 2231 meum
2097 2175 2515 2246 blasphematur
2543 2175 2601 2229 in
2621 2174 2876 2246 gentibus
2902 2193 2915 2228 :
2938 2173 3147 2229 idcirco
3172 2182 3467 2249 cognoscet

1878 2266 2116 2336 populus
2170 2281 2325 2321 meus
2369 2281 2571 2321 nomen
2621 2281 2801 2320 meum
2830 2283 2846 2333 ;
2877 2263 3084 2321 idcirco
3128 2266 3184 2319 in
3231 2265 3320 2320 die
3349 2265 3462 2330 illa,

1877 2356 2024 2426 quod
2054 2372 2155 2426 ego
2191 2372 2334 2422 sum,
2368 2356 2486 2427 ipse
2530 2357 2625 2427 qui
2657 2356 2873 2427 loquor,
2911 2355 3107 2411 adsum
3164 2363 3223 2412 ut
3257 2355 3464 2411 formo-

1878 2449 2015 2505 sitas
2051 2450 2106 2503 in
2136 2448 2438 2515 montibus,
2464 2458 2524 2503 ut
2553 2448 2719 2519 pedes
2739 2448 3175 2520 evangelizantis
3207 2450 3459 2504 auditum

1875 2541 2048 2612 pacis,
2074 2549 2135 2596 ut
2154 2542 2487 2613 quinuntiat
2515 2541 2679 2607 bona,
2715 2542 2975 2613 quoniam
2993 2542 3231 2596 auditam
3265 2540 3463 2595 faciam

1877 2635 2110 2690 salutem
2150 2642 2318 2700 tuam,
2351 2634 2544 2690 dicens
2577 2654 2590 2689 :
2624 2632 2779 2698 Sion,
2805 2650 2903 2690 rex
2936 2641 3066 2689 tuus
3091 2634 3196 2689 erit
3223 2632 3458 2689 Deus’.»

1875 2727 2003 2783 ﬂare
2024 2743 2242 2799 quoque
2275 2728 2563 2799 aptissime
2597 2728 2665 2782 ad
2702 2727 3041 2782 Salvatorem
3067 2725 3303 2782 refertur
3335 2739 3465 2790 pro-

1874 2821 2081 2892 phetia,
2106 2820 2268 2891 cujus
2294 2835 2391 2890 per
2410 2820 2847 2875 incarnationem
2880 2819 3162 2889 impletum
3181 2826 3265 2874 est
3288 2815 3421 2873 illud
3444 2833 3460 2872 :

1883 2933 1902 2966 ‹
1938 2911 2051 2985 Ego
2080 2928 2225 2976 sum,
2259 2912 2379 2982 ipse
2423 2912 2514 2981 qui
2550 2911 2747 2980 loquor
2775 2909 2990 2964 adsum.
3029 2928 3047 2960 ι
3078 2907 3257 2962 Priori
3295 2903 3471 2978 igitur'

1873 3004 2076 3076 populo
2101 3019 2200 3075 per
2234 3002 2461 3075 figuram
2496 3002 2700 3058 dicitur
2743 3019 2756 3056 :
2797 3020 2816 3053 ι
2847 3000 3083 3071 Pr0ptcr
3114 3015 3214 3055 vos
3262 3016 3464 3056 nomen

1874 3112 2056 3153 meum
2086 3096 2503 3167 blasphematur
2538 3096 2593 3149 in
2632 3094 2908 3165 gentibus,
2949 3113 2969 3145 ›
3007 3101 3061 3148 et
3081 3099 3299 3148 caetera.
3333 3091 3463 3149 Haec

1872 3206 2006 3248 vero
2035 3208 2049 3244 :
2083 3207 2102 3241 ι
2136 3189 2264 3245 ldeo
2299 3198 2593 3260 cognoscet
2618 3188 2851 3259 populus
2875 3202 3031 3243 meus
3056 3202 3256 3241 nomen
3280 3201 3465 3241 meum

159 3283 289 3339 τεῦ·
339 3302 357 3335 ι
389 3283 487 3337 Διά
507 3284 664 3338 τοῦτο
695 3285 964 3353 γνώσεται
988 3286 1161 3350 ὁλαός
1180 3304 1281 3357 μου
1310 3287 1369 3340 τὸ
1394 3285 1566 3357 ὄνομά
1582 3305 1683 3358 μου
1711 3288 1729 3340 ὲ

1890 3297 1933 3334 n
1959 3280 2048 3336 die
2077 3280 2193 3345 illa,
2235 3299 2253 3331 ι
2283 3280 2351 3335 de
2388 3280 2644 3351 gentibus
2692 3294 2815 3349 quae
2864 3279 2921 3333 in
2946 3294 3071 3333 eum
3109 3275 3465 3333 crediderunt

159 3376 238 3445 τῇ
262 3373 447 3446 ἡμέρᾳ
473 3376 678 3446 ἐκείνη,
719 3395 738 3428 ι
767 3380 937 3430 νοοῖτο
972 3379 1037 3433 ἂν
1070 3380 1198 3450 περὶ
1238 3380 1345 3433 τῶν
1374 3383 1452 3445 είς
1478 3382 1639 3435 αὐτὸν
1672 3400 1768 3436 πε·-

162 3467 545 3520 πιστευκότων
602 3468 790 3521 ἐθνῶν.
829 3470 1006 3533 Αὐτὸς
1028 3466 1119 3524 οῦν
1151 3474 1299 3525 ἐστιν
1324 3476 1351 3526 6
1383 3474 1765 3547 καὶπρότερον

163 3558 248 3627 πὴ
279 3558 378 3628 μὲν
404 3557 471 3610 δι’
504 3558 772 3627 ἀγγέλων,
804 3560 882 3631 πῆ
902 3560 957 3613 δὲ
984 3563 1077 3615 καὶ
1109 3562 1197 3616 διὰ
1226 3564 1523 3637 προφητῶν
1554 3566 1765 3636 ἀνθρὼ-

163 3665 297 3712 mu;
318 3651 614 3721 ὁμιλήσας·
649 3651 744 3705 καὶ
777 3652 963 3724 μέντοι
997 3655 1237 3720 ἐκείνους
1270 3658 1343 3728 (1)
1378 3654 1535 3722 αὖθις
1578 3676 1765 3730 παρα-

164 3742 490 3810 γενόμενος,
510 3744 604 3795 καὶ
621 3742 688 3796 δι’
703 3744 895 3798 ἑαυτοῦ
919 3746 1018 3816 τὴν
1042 3748 1317 3820 σωτηρίαν
1345 3752 1479 3803 πᾶσι
1495 3750 1760 3823 κηρύξας,

161 3833 357 3885 ὁποῖον
377 3830 494 3901 ἔχει
522 3831 648 3886 νοῦν
677 3835 705 3886 6
735 3833 1038 3905 φιλομαθὴς
1063 3838 1365 3909 ἐρευνήσας
1393 3838 1617 3895 είσεται.

682 3925 1081 3981 ΚΕΦΑΛΑΙΟΝ
1122 3931 1246 3984 KZ'.

246 4032 267 4065 ι
314 4015 426 4068 Καὶ
453 4016 793 4088 ἀποκαλύψει
832 4020 1038 4092 Κύριος
1082 4022 1173 4076 τὸν
1202 4022 1462 4096 βραχίονα
1485 4026 1575 4079 τὸν
1608 4025 1764 4095 ἅγιον

161 4105 340 4159 αὐτοῦ
369 4105 597 4163 ἐνώπιον
624 4110 841 4165 πάντων
866 4113 972 4167 τῶν
997 4113 1187 4177 ἐθνῶν,
1220 4117 1315 4170 καὶ
1342 4116 1563 4187 ὄψονται
1588 4118 1763 4172 πάντα

164 4198 239 4252 τά
281 4197 410 4271 ἔθνη
453 4200 525 4254 τὰ
552 4201 696 4283 ἀκρα
723 4203 825 4274 τῆς
864 4205 971 4275 γῆς
1026 4208 1125 4279 τὴν
1174 4209 1449 4281 σωτηρίαν
1481 4211 1578 4283 τὴν
1614 4212 1765 4284 παρὰ
1816 4260 1819 4263 .

166 4291 266 4346 τοῦ
313 4292 470 4347 Θεοῦ.
507 4293 836 4366 Ἀπόστητε,
888 4297 1184 4370 ἀπόστητε,
1230 4297 1473 4364 ὲξέλθετε
1532 4302 1760 4368 ἐκεῖθεν,

167 4385 267 4440 καὶ
298 4386 612 4458 ἀκαθάρτου
639 4387 713 4458 μὴ
747 4388 985 4458 ἆψησθεο
1011 4389 1255 4454 ὲξέλθετε
1282 4392 1347 4445 ὲκ
1374 4392 1540 4463 μέσου
1570 4396 1759 4464 αὐτῆς,

166 4478 266 4531 καὶ
289 4477 645 4549 ἀφορίσθητε,
681 4482 740 4532 οι
769 4480 1027 4551 φέροντες
1078 4483 1144 4536 τά
1192 4483 1357 4556 σκεύη
1413 4486 1648 4557 Κυρίου’
1679 4488 1761 4541 ὅτι

165 4568 231 4622 οὐ
269 4569 408 4640 μετά
444 4571 692 4644 ταραχῆς
723 4570 1092 4638 ὲξελεύσεσθε,
1144 4574 1266 4628 οὐδὲ
1306 4579 1448 4649 φυγῇ
1495 4577 1761 4647 πορεύσε-

1875 3381 2109 3443 possunt
2155 3371 2403 3442 intelligi.
2440 3369 2561 3441 Ipse
2612 3371 2779 3442 igitur
2811 3378 2896 3426 est
2922 3370 3017 3441 qui
3050 3370 3206 3442 prius
3241 3367 3463 3441 quidem

1873 3480 1972 3536 per
1998 3465 2243 3536 angelos,
2277 3463 2475 3518 deinde
2506 3478 2606 3534 per
2650 3463 2944 3534 prophetas
2978 3478 3102 3517 cum
3149 3462 3465 3517 hominibus

1877 3566 2241 3613 conversatus
2270 3563 2377 3613 est.
2424 3558 2603 3627 Atque
2634 3566 2757 3627 post
2795 3555 2922 3611 illos
2960 3570 3157 3611 rursus
3194 3569 3460 3625 superve-

1872 3650 2053 3714 niens,
2088 3665 2187 3720 per
2215 3664 2275 3705 se
2302 3649 2480 3719 ipsum
2526 3650 2758 3705 salutem
2802 3646 3059 3701 omnibus
3090 3646 3459 3701 annuntiavit.

1875 3744 2123 3811 Quorum
2158 3758 2385 3799 sensum
2427 3741 2709 3798 studiosus
2744 3740 3031 3811 indagator
3067 3738 3326 3809 perfacile
3359 3752 3461 3793 ιιι)⁴

1870 3835 2030 3891 verit.

2416 3924 2649 3982 CAPUT
2690 3923 2904 3980 XXVII.

1951 4039 1970 4072 ‹
2007 4019 2074 4074 Et
2105 4018 2370 4075 revelabit
2401 4017 2666 4088 Dominus
2695 4017 2983 4071 brachium
3016 4023 3265 4073 sanctum
3296 4031 3458 4071 suum

1870 4115 1927 4170 in
1972 4123 2272 4185 conspectu
2301 4111 2546 4167 omnium
2582 4109 2847 4179 gentium,
2891 4116 2945 4164 et
2976 4108 3243 4163 videbunt
3275 4106 3460 4161 omnia

1869 4220 2120 4266 extrema
2151 4218 2311 4262 terrae
2340 4206 2571 4259 salutem
2618 4218 2648 4257 a
2678 4201 2790 4258 Deo
2821 4210 3033 4258 nostro.
3064 4199 3344 4264 Recedile,
3368 4215 3459 4255 re-

1869 4301 2071 4365 ccdite,
2102 4299 2247 4355 exite
2277 4298 2429 4360 inde,
2463 4296 2732 4366 pollutum
2752 4294 2922 4349 nolite
2945 4301 3186 4364 tangere.
3209 4291 3364 4347 Exite
3392 4289 3459 4345 de

1868 4394 2052 4450 medio
2083 4392 2225 4462 ejus,
2288 4389 2629 4445 mundamini
2667 4388 2762 4458 qui
2818 4385 2974 4442 fertis
3032 4401 3163 4441 vasa
3214 4383 3454 4440 Domini.

1869 4485 2141 4553 Quoniam
2172 4498 2281 4537 non
2316 4482 2371 4535 in
2404 4479 2644 4534 tumultu
2676 4476 2924 4541 exibitis,
2956 4490 3059 4531 nec
3087 4475 3143 4530 in
3176 4474 3303 4547 fuga
3338 4489 3464 4545 pro-

1869 4578 2134 4649 perabitis
2167 4595 2180 4631 :
2215 4573 2489 4646 praecedet
2520 4572 2665 4627 enim
2698 4587 2796 4626 vos
2828 4568 3115 4649 Dominus,
3143 4575 3197 4623 et
3227 4582 3459 4637 congre-

169 4658 298 4713 σθε·
340 4643 670 4733 πορεύσεται
714 4662 823 4735 γάρ
872 4664 1137 4737 πρότερος
1173 4643 1327 4738 ὑμῶν
1356 4643 1581 4740 Κύριος,
1617 4671 1711 4724 καὶ

1890 4674 2026 4744 gahit
2053 4686 2151 4725 vos
2176 4669 2323 4725 Deus
2358 4666 2549 4722 Israel.
2580 4666 2721 4720 liceo
2756 4643 3023 4734 intelliget
3058 4679 3250 4719 servus
3279 4676 3455 4727 meus,

173 4753 424 4823 συνάγων
470 4756 616 4827 ὑμᾶς
658 4756 790 4820 Θεὸς
827 4758 1064 4829 Ἰσραήλ.
1114 4760 1246 4814 ’1δοὺ
1303 4763 1523 4834 συνήσει
1571 4765 1599 4816 6
1637 4767 1765 4829 παῖς

173 4863 303 4916 μου,
333 4847 428 4900 καὶ
454 4847 823 4919 ὑψωθήσεται,
856 4851 950 4903 καὶ
991 4852 1487 4927 μετεωρισθήσεται
1524 4856 1727 4927 σφόδρα
1746 4875 1760 4890 ο

169 4937 232 4990 ὃν
269 4939 472 5010 τρόπον
504 4942 860 5011 ἐκστήσονται
895 4944 989 4996 ἐπὶ
1018 4944 1100 4996 σοί
1125 4945 1329 5012 πολλοὶ,
1360 4947 1533 5014 οὕτως
1574 4949 1765 5022 ἀδοξή⁴

174 5046 260 5083 σει
290 5029 399 5083 ἀπὸ
427 5030 729 5103 ἀνθρώπων
756 5032 816 5085 τὸ
853 5030 991 5097 εἶδός
1031 5052 1146 5101 σου,
1176 5038 1270 5090 καὶ
1299 5039 1332 5109 ή
1362 5038 1489 5105 δόξα
1525 5057 1619 5093 σου
1658 5040 1765 5094 ἀπὸ

169 5120 282 5173 τῶν
313 5120 635 5195 ἀνθρώπων.
678 5123 835 5177 Οῦτω
866 5124 1237 5195 θαυμάσωνται
1285 5129 1412 5203 ἔθνη
1455 5131 1626 5186 πολλά
1674 5133 1763 5186 ἐπ’

174 5212 343 5285 αὐτῷ,
372 5215 467 5268 καὶ
504 5214 779 5280 συνέξουσι
826 5216 1064 5287 βασιλεῖς
1108 5221 1169 5273 τὸ
1212 5222 1386 5293 στόμα
1431 5224 1640 5277 αὐτῶΨ
1679 5226 1761 5278 ὅτι

173 5301 255 5370 οἷς
302 5306 401 5360 οὐκ
451 5306 726 5379 ἀνηγγέλη
763 5309 891 5380 περὶ
929 5310 1115 5378 αὐτοῦ,
1144 5311 1383 5382 ἅψονται,
1438 5314 1532 5368 καλ¹
1577 5315 1626 5369 οἳ
1662 5317 1762 5369 οὐκ

174 5397 467 5467 ἀκηκόασι,
505 5401 819 5469 συνήσουσι.
856 5400 1049 5474 Κύριε,
1094 5403 1176 5468 τίς
1196 5406 1484 5459 ἐπίστευσε
1513 5410 1578 5479 τῇ
1622 5408 1759 5481 ἀκοῇ

175 5488 368 5559 ἡμῶν,
425 5491 519 5544 καὶ
569 5493 598 5545 6
650 5491 891 5563 βραχίων
946 5495 1152 5567 Κυρίου
1203 5496 1309 5550 τίνι
1362 5498 1758 5569 ἀπεκαλύφθη;

189 5580 613 5652 Ἀνηγγείλαμεν
643 5583 720 5647 ὡς
752 5583 963 5639 παιδίον
1009 5586 1250 5641 ἐναντίον
1302 5585 1490 5650 αὐτοῦ,
1532 5588 1609 5651 ὡς
1635 5586 1760 5658 ῥίζα

244 5700 259 5731 ¹
290 5698 415 5757 lsai.
445 5716 541 5767 L11,
577 5701 694 5757 5-7.

1873 4764 2226 4826 exaltabitur,
2282 4768 2337 4816 et
2388 4757 2714 4818 elevabitur,
2764 4768 2818 4810 et
2861 4755 3113 4811 sublimis
3141 4754 3245 4808 erit
3277 4753 3456 4809 valde.

1876 4856 2032 4911 Sicut
2065 4856 2469 4923 obstupuerunt
2492 4865 2658 4920 super
2680 4859 2731 4905 te
2753 4848 2931 4909 multi,
2952 4848 3032 4903 sic
3058 4847 3323 4918 inglorius
3352 4847 3459 4902 erit

1872 4949 2015 5003 inter
2027 4947 2178 5000 viros
2198 4954 2453 5015 aspectus
2473 4943 2614 5011 ejus,
2637 4948 2692 4997 et
2711 4940 2887 4995 forma
2905 4940 3027 5009 ejus
3041 4939 3184 4994 inter
3207 4940 3345 4994 ﬁlios
3364 4938 3460 4994 ho-

1874 5039 2107 5094 minum.
2146 5036 2239 5091 Sic
2280 5035 2628 5090 mirabuntur
2673 5039 2868 5103 gentes
2900 5032 3086 5085 multa:
3120 5046 3283 5100 super
3304 5046 3453 5098 eum,

1875 5146 2043 5202 super
2067 5129 2245 5200 ipsum
2280 5127 2643 5183 continebunt
2666 5140 2826 5196 reges
2851 5139 2914 5179 os
2946 5138 3105 5178 suum
3138 5122 3301 5191 :quia
3332 5123 3458 5192 qui-

1868 5223 1975 5278 bus
2018 5236 2128 5275 non
2167 5227 2253 5275 est
2291 5224 2575 5273 narratum
2608 5216 2676 5271 de
2707 5231 2793 5278 eo,
2819 5214 3094 5275 viderunt,
3128 5219 3182 5265 et
3211 5211 3304 5282 qui
3341 5227 3455 5266 non

1867 5316 2179 5377 audierunt,
2212 5308 2573 5380 contemplati
2606 5314 2756 5362 sunt.
2794 5305 3023 5361 Domine
3054 5302 3179 5373 quis
3219 5302 3452 5357 credidit

1873 5406 2084 5461 auditui
2120 5405 2346 5460 nostro?
2372 5411 2425 5459 et
2456 5401 2743 5458 brachium
2776 5397 2992 5453 Domini
3026 5397 3116 5450 cui
3151 5396 3451 5451 revelatum

1871 5496 1995 5552 est?
2020 5494 2087 5549 Et
2112 5493 2370 5550 ascendet
2395 5493 2538 5549 sicut
2561 5490 2857 5562 virgultum
2886 5500 3072 5543 coram
3107 5500 3194 5548 eo,
3223 5495 3278 5541 et
3303 5485 3448 5541 sicut

1869 5590 2022 5646 radix
2050 5589 2118 5644 de
2150 5595 2297 5642 terra
2331 5585 2560 5642 sitienti.
2606 5582 2727 5640 Non
2774 5589 2857 5639 est
2902 5578 3112 5651 species
3146 5576 3218 5645 ei,
3268 5589 3449 5648 neque

245 5796 322 5868 (ί)
352 5793 451 5854 Vel
472 5797 757 5869 legendum
782 5797 918 5869 μετά
946 5812 1045 5869 pro
1082 5796 1281 5868 μέντοι,
1303 5795 1383 5853 vel
1408 5794 1636 5861 ἐκείνοις
1662 5811 1726 5868 pr

1890 5795 2046 5861 ίνους.
2085 5796 2242 5853 Eon.
