3856 6226
424 500 601 558 neque
628 494 1124 572 pulchritudinem;
1158 508 1254 563 sed
1277 523 1535 582 aspectus
1563 519 1688 589 ejus
1718 524 2007 595 inglorius,

427 573 604 595 La,
1077 593 1083 595 _

1343 573 1359 582 _
1577 573 1684 589 τ---
1816 573 2007 593 wn--.

421 573 682 635 deﬁciens
737 600 847 647 pra:
897 589 1024 647 tiliis
1073 593 1394 666 hominum;
1456 603 1622 664 homo
1667 573 1962 680 pergussus
1992 661 2008 686 ,

419 669 601 729 sciens
663 676 805 734 ferre
861 681 1278 761 iutirmitatem;
1349 697 1478 765 quia
1535 700 1878 764 deformatus
1923 720 2009 767 cst

415 764 602 820 vultus
650 769 792 836 ejus,
825 772 1122 864 despectus
1157 793 1243 839 est
1275 796 1330 843 et
1367 764 1481 846 non
1527 804 1833 866 reputatus.
1861 799 2009 857 Lan-

413 868 616 924 guores
643 868 862 918 nostros
898 854 1015 938 ipse
1044 873 1192 939 tulit,
1249 886 1304 933 et
1337 880 1559 942 dolores
1601 897 1826 949 nostros
1887 894 2005 965 ipse

413 948 653 1013 portavit
689 968 703 1004 :
735 960 789 1006 et
819 970 918 1012 nos
956 964 1273 1030 putavimus
1329 985 1456 1027 eum
1506 979 1666 1045 quasi
1701 980 2001 1052 leprosum,

410 1044 464 1088 et
491 1048 1011 1107 percussumaDeo
1069 1063 1126 1110 et
1195 1044 1568 1122 humiliatum.
1635 1071 1759 1141 Ipse
1819 1085 2001 1132 autem

409 1128 733 1191 vulneratus
765 1148 848 1194 est
901 1154 1126 1215 propter
1175 1150 1499 1223 iniquitates
1542 1128 1786 1228 nostras,
1843 1173 2003 1223 attri-

407 1229 495 1274 tus
558 1233 645 1280 est
687 1238 912 1300 propter
971 1239 1182 1294 scelera
1243 1255 1436 1302 nostra
1493 1269 1506 1305 :
1565 1252 1857 1326 disciplina
1898 1276 1998 1330 pa-

1713 1309 1857 1326 rm"
1898 1309 1963 1330 ,-

405 1309 488 1365 cis
518 1325 723 1370 nostrae
748 1335 916 1391 super
949 1340 1094 1390 cum,
1119 1340 1174 1384 et
1197 1331 1369 1392 livore
1407 1340 1528 1408 ejus
1558 1347 1735 1400 sanati
1771 1363 1992 1406 sumus.

404 1399 608 1461 Omnes
644 1422 744 1466 nos
786 1415 946 1482 quasi
976 1432 1107 1476 oves
1141 1426 1483 1498 erravimus;
1531 1439 1912 1510 unusquisque
1940 1445 1996 1499 in

405 1496 547 1551 viam
599 1515 756 1557 suam
819 1505 1115 1566 declinavit
1161 1534 1173 1568 :
1213 1525 1268 1570 et
1319 1524 1506 1589 posuit
1537 1524 1803 1586 Dominus
1839 1533 1894 1588 in
1928 1552 1994 1591 eo

399 1589 748 1659 iniquitatem
775 1601 1020 1656 omnium
1045 1617 1319 1664 nostrum.
1353 1611 1584 1673 Oblatus
1611 1631 1696 1676 est
1721 1625 1848 1693 quia
1876 1627 1994 1697 ipse

397 1681 589 1747 voluit,
608 1693 783 1742 etnon
800 1694 1014 1760 aperuit
1040 1710 1103 1751 os
1125 1715 1287 1754 suum
1315 1721 1327 1755 :
1362 1705 1506 1760 sicut
1523 1710 1640 1765 ovis
1669 1713 1735 1766 ad
1751 1716 1990 1772 occisio-

397 1787 522 1828 nem
554 1776 758 1833 ductus
781 1788 888 1848 est,
922 1792 977 1839 et
1009 1791 1170 1858 quasi
1208 1807 1385 1864 agnus
1417 1813 1606 1854 coram
1639 1805 1901 1862 tondente
1926 1827 1985 1865 se
2022 1799 2061 1854 Β

392 1862 781 1924 obmutescens
810 1872 889 1926 sic
943 1891 1051 1930 non
1081 1883 1288 1947 aperiet
1309 1900 1372 1941 os
1390 1902 1572 1946 suum.
1607 1891 1684 1949 De
1704 1901 1978 1966 angustia,

389 1960 446 2008 et
477 1954 545 2010 de
568 1956 780 2026 judicio
811 1965 1063 2024 sublatus
1088 1981 1171 2025 est
1208 1991 1221 2027 :
1248 1979 1658 2044 generationem
1695 1954 1816 2056 eju‘s
1856 1993 1980 2059 quis

389 2047 710 2102 enarrabit'?
743 2049 883 2120 Quia
924 2057 1208 2118 abscissus
1238 2075 1322 2120 est
1357 2068 1424 2122 de
1453 2078 1599 2126 terra
1624 2075 1924 2134 viventium
1961 2103 1974 2138 :

385 2146 613 2210 propter
656 2145 840 2200 scelus
873 2152 1062 2220 populi
1116 2157 1219 2210 mei
1255 2164 1512 2228 percussi
1545 2182 1692 2223 eum.
1737 2169 1806 2226 Et
1834 2173 1978 2232 dabo

386 2230 596 2296 impios
631 2249 731 2304 pro
774 2242 1081 2310 sepultura,
1117 2253 1172 2302 et
1214 2249 1440 2307 divitem
1470 2271 1570 2325 pro
1601 2269 1778 2318 morte
1825 2280 1926 2320 sua
1958 2285 1971 2320 :

381 2337 449 2376 eo
461 2323 605 2394 quod
626 2327 972 2398 iniquitatem
988 2351 1098 2391 non
1117 2342 1327 2408 lecerit,
1356 2323 1534 2418 neque
1555 2349 1716 2409 dolus
1744 2353 1975 2414 fueritin

380 2429 477 2470 ore
510 2417 647 2485 ejus.
673 2420 735 2474 Et
760 2421 1026 2484 Dominus
1061 2433 1542 2497 voluitconterere
1563 2459 1688 2500 eum
1715 2446 1771 2501 in
1819 2449 1974 2506 inlir-

379 2508 606 2578 mitate;
639 2515 825 2586 siquis
850 2523 1099 2589 posuerit
1135 2539 1236 2595 pro
1262 2539 1488 2598 peccato
1521 2536 1759 2593 animam
1789 2556 1969 2608 suam,

376 2600 584 2657 videbit
635 2621 822 2664 semen
879 2611 1205 2684 longaevum,
1237 2627 1292 2674 et
1334 2623 1590 2682 voluntas
1641 2628 1857 2688 Domini
1913 2637 1966 2691 in

375 2708 541 2749 manu
571 2697 692 2768 ejus
723 2701 1010 2774 dirigetur.
1041 2708 1148 2764 Pro
1190 2726 1256 2766 eo
1290 2715 1438 2784 quod
1482 2719 1753 2778 laboravit
1785 2728 1969 2784 anima

370 2784 515 2854 ejus,
545 2788 771 2858 videbit,
796 2803 850 2849 et
883 2801 1261 2858 saturabitur:
1292 2803 1347 2858 in
1379 2808 1608 2865 scientia
1636 2829 1737 2869 sua
1761 2816 1968 2886 justiti-

370 2875 522 2938 cabit
553 2878 672 2949 ipse
698 2881 887 2952 justus
931 2903 1127 2946 servus
1179 2909 1336 2950 meus
1371 2899 1596 2964 multos.
1643 2905 1966 2977 iniquitates

369 2978 563 3020 eorum
594 2969 713 3040 ipse
739 2977 1001 3043 portabit.
1043 2979 1170 3038 ldeo
1215 2985 1541 3058 dispertiam
1580 2994 1630 3048 ei
1670 2969 1959 3067 plurimos,

368 3063 426 3110 ct
476 3057 700 3116 fortium
756 3065 960 3124 dividet
1010 3074 1216 3142 spolia,
1269 3057 1370 3150 pro
1415 3097 1482 3137 eo
1533 3057 1686 3155 quod
1737 3057 1962 3147 tradidit

370 3147 428 3202 in
461 3159 688 3207 mortem
722 3156 958 3212 animam
995 3177 1177 3231 suam,
1210 3147 1422 3224 eticum
1468 3174 1754 3234 sceleratis
1794 3197 1957 3251 repu-

366 3337 874 3403 transgressoribus
917 3347 1150 3414 rogavit.
1202 3347 1412 3420 Lauda,
1443 3358 1652 3416 sterilis
1681 3377 1805 3432 quae
1845 3381 1956 3423 non

365 3421 549 3491 paris:
572 3423 804 3481 decanta
829 3429 1069 3502 laudem,
1095 3445 1150 3491 et
1177 3437 1354 3506 hinni,
1385 3459 1508 3514 quae
1528 3462 1638 3502 non
1662 3421 1953 3519 pariebas:

362 3513 626 3581 quoniam
659 3519 816 3573 multi
849 3523 943 3576 ﬁlii
994 3524 1246 3596 desertae,
1281 3513 1459 3606 magis
1490 3513 1800 3610 quam-ejus
1833 3561 1955 3614 que

361 3604 528 3660 habet
565 3609 744 3664 virum
780 3612 819 3666 ί.
861 3633 880 3664 ι
917 3614 1149 3682 Quando
1183 3625 1330 3678 enim
1367 3604 1527 3692 alias,
1569 3631 1675 3687 nisi
1703 3649 1800 3703 per
1828 3634 1952 3690 Sal—

358 3700 567 3754 vatoris
599 3705 774 3758 nostri
797 3704 928 3762 Jesu
957 3710 1160 3768 Christi
1193 3717 1484 3774 adventum
1514 3721 1798 3780 brachium
1829 3743 1950 3782 ma-

357 3805 547 3856 gnum,
580 3795 791 3852 scilicet
811 3797 977 3856 Verbi
1006 3803 1128 3873 ejus
1161 3807 1471 3876 brachium,
1503 3812 1668 3870 Pater
1695 3815 1950 3891 Deusque

355 3884 606 3939 omnium
656 3887 713 3942 in
747 3903 1052 3963 conspectu
1088 3900 1331 3968 gentium
1373 3905 1658 3974 revelavit,
1689 3925 1828 3980 quas
1862 3915 1946 3968 vi-

354 3971 549 4032 dentes
587 3979 769 4035 datam
811 3983 950 4052 ipsis
995 4003 1025 4042 a
1059 3987 1175 4045 Deo
1210 3993 1466 4059 salutem,
1503 3997 1572 4053 ab
1607 3971 1798 4057 errore
1832 4008 1946 4074 pri-

351 4065 498 4124 stino
517 4069 672 4139 jubet
703 4076 981 4144 recedere,
1013 4096 1116 4136 nec
1147 4083 1260 4153 jam
1289 4087 1551 4156 pollutas.
1589 4092 1789 4161 quibus
1814 4065 1942 4152 olim

349 4162 685 4228 serviebant.
720 4173 973 4241 turpibus
1031 4183 1087 4230 et
1134 4177 1436 4254 immundis
1487 4182 1669 4239 rebus.
1697 4186 1934 4259 deditas,

348 4257 618 4323 tangere?
647 4257 713 4312 Et
748 4265 1011 4332 quoniam
1027 4282 1139 4321 non
1163 4283 1296 4324 casu
1329 4271 1464 4326 ﬁtut
1497 4274 1880 4335 deterreantur
1911 4297 1942 4336 a

345 4344 582 4413 pristina
610 4351 882 4420 majorum
908 4357 1124 4413 vivendi
1149 4361 1365 4419 ratione
1393 4374 1447 4420 et
1481 4381 1510 4421 a
1531 4373 1808 4426 communi
1839 4373 1940 4428 ho-

344 4436 553 4488 minum
603 4439 867 4499 societate
937 4445 1104 4518 hujus
1135 4454 1312 4522 gratia
1350 4456 1468 4526 ipse
1507 4457 1774 4518 Dominus
1805 4477 1931 4517 cum

342 4525 415 4581 iis
466 4528 874 4589 ambulaturum
935 4555 996 4595 se
1049 4557 1250 4615 eosque
1295 4560 1753 4620 congregaturum
1797 4572 1929 4626 pro-

342 4617 532 4686 mittit,
569 4633 855 4692 portantes
888 4646 1018 4687 vasa
1079 4650 1199 4702 sua,
1247 4617 1439 4694 sancta
1490 4617 1745 4700 videlicet
1791 4664 1930 4717 prte-

340 4719 522 4781 cepta,
564 4714 896 4789 divinosque
943 4738 1248 4786 sermones.
1288 4729 1505 4789 Rursus
1543 4737 1624 4791 eis
1664 4742 1927 4807 quemad-

341 4804 566 4860 modum
595 4808 651 4862 in
681 4811 960 4879 prioribus
985 4820 1291 4890 prophetiis
1321 4823 1537 4880 diverse
1570 4804 1744 4885 Filius
1767 4831 1926 4886 Chri-

339 4903 461 4952 stus
478 4900 864 4958 nominabatur
881 4906 999 4972 Dei,
1021 4911 1095 4964 ita
1117 4920 1169 4966 et
1189 4914 1276 4968 hic
1298 4917 1521 4974 dicitur.
1542 4919 1925 4984 lntellecturus

337 4990 542 5048 autem,
566 4996 620 5040 et
647 4991 965 5059 elevandus,
990 5008 1045 5053 et
1079 5016 1412 5074 magnopere
1441 5010 1767 5070 exaltandus
1797 5032 1926 5086 pro-

335 5072 645 5143 phetizatur
662 5092 883 5154 propter
901 5072 1299 5150 humanitatem
1309 5113 1488 5165 suam,
1507 5101 1576 5157 de
1593 5121 1697 5176 qua
1718 5072 1832 5164 hate
1847 5111 1927 5164 di-

334 5173 554 5224 cuntur.
575 5168 713 5228 Vere
727 5178 872 5232 enim
897 5181 1299 5254 obstupuerunt
1315 5199 1368 5246 et
1383 5168 1739 5252 attonitisunt
1757 5215 1923 5270 super

331 5271 458 5310 eum
491 5263 668 5330 multi,
704 5267 977 5326 hominem
1010 5290 1134 5329 eum
1173 5279 1279 5334 sibi
1318 5283 1555 5341 similem
1578 5298 1915 5359 reputantes.

335 5345 860 5429 Obstupueruntque
902 5365 1053 5420 nulla
1103 5373 1473 5439 praecellentia
1521 5379 1606 5433 vel
1639 5345 1917 5439 mundana

335 5439 508 5510 gloria
537 5446 938 5510 circumdatum
971 5473 1095 5513 eum
1129 5463 1404 5530 videntes,
1435 5483 1585 5534 cum,
1623 5469 1797 5527 forma
1821 5473 1916 5531 Dei

335 5529 606 5603 deposita,
631 5539 921 5614 ipsumque
955 5563 1014 5604 se
1036 5551 1384 5622 exinaniens,
1420 5565 1474 5612 et
1497 5561 1641 5616 servi
1684 5563 1916 5619 formam

334 5624 635 5693 accipiens,
688 5632 1049 5695 admiratione
1104 5652 1159 5698 et
1210 5647 1690 5718 obstupefactione
1751 5659 1913 5730 digna

444 5733 608 5791 'lsai.
643 5753 741 5804 LII,
780 5743 978 5813 lO-lS;
1016 5767 1131 5817 Lm,
1167 5756 1224 5822 i;
1259 5771 1371 5824 Liv,
1413 5761 1458 5815 1.

2113 621 2254 691 εἶδος
2267 629 2433 684 αὑτοῦ
2449 631 2642 704 ἄτιμον
2666 637 2759 688 καὶ
2784 637 3052 704 ἐκλεῖπον,
3075 639 3226 710 παρά
3260 642 3386 706 τοὺς
3413 645 3570 709 υἱοὺς
3608 649 3720 700 τῶν

2113 718 2416 792 ἀνθρώπων
2435 741 2449 754 ’
2485 725 2773 800 ἄνθρωπος
2799 730 2856 782 ἐν
2885 729 3065 802 πληγῇ
3092 731 3188 798 ὢν,
3216 737 3311 790 καὶ
3333 735 3494 801 εἰδὼς
3525 739 3719 809 φέρειν

2115 810 2406 881 μαλακίαν,
2432 815 2514 869 ὃτι
2542 819 2928 890 ἀπέστραπται
2952 821 3013 874 τὸ
3045 824 3336 895 πρόσωπον
3369 829 3563 893 αὐτοῦ,
3595 832 3717 899 ητι-

2113 905 2319 978 μάσθη,
2352 909 2448 964 καὶ¹
2479 911 2580 964 οὐκ
2606 911 2880 986 ἐλογίσθη.
2917 911 3086 981 Οὗτος
3121 918 3222 983 τὰς
3250 920 3531 992 ἁμαρτίας
3555 923 3715 992 ἡμῶν

2110 997 2287 1070 φέρει,
2312 1003 2554 1076 καὶπερὶ
2577 1005 2608 1075 ἡ
2617 1005 2732 1076 μῶν
2754 1007 3026 1072 ὀδυνᾶται,
3045 1011 3140 1063 καὶ
3154 1013 3317 1082 ἡμεῖς
3337 1013 3711 1086 ἐλογισάμεθα

2108 1092 2269 1146 αὑτὸν
2281 1089 2420 1148 εἶναι
2437 1096 2495 1148 ἐν
2513 1098 2658 1167 πόνῳ
2674 1101 2767 1153 καὶ
2787 1103 2847 1154 ἐν
2863 1101 3102 1156 κακώσει
3120 1105 3216 1158 καὶ
3236 1108 3293 1158 ἐν
3309 1107 3513 1180 πληγῇ.
3535 1110 3710 1174 Αὐτὸς

2105 1184 2162 1237 δὲ
2193 1187 2596 1262 ἐτραυματίσθη
2629 1191 2717 1246 διὰ
2747 1193 2849 1257 τὰς
2866 1195 3141 1267 ἁμαρτίας
3158 1197 3335 1268 ἡμῶν·
3373 1201 3598 1255 παιδεία
3625 1205 3707 1255 εί-

2106 1277 2274 1347 ρὴνης
2295 1278 2452 1350 ἡμῶν
2469 1282 2555 1333 ἐπ’
2585 1283 2771 1348 αὐτὸν,
2789 1284 2867 1356 τῷ
2899 1285 3128 1356 μώλωπι
3148 1289 3314 1342 αὑτοῦ
3346 1293 3508 1362 ἡμεῖς
3544 1293 3706 1366 ίάθη-

2106 1383 2224 1436 μεν.
2251 1369 2462 1435 Πάντες
2489 1372 2566 1436 ὡς
2592 1374 2842 1445 πρόϐατα
2869 1376 3256 1450 ἐπλανήθημεν
3275 1397 3289 1410 ’
3316 1381 3604 1452 ἄνθρωπος
3633 1387 3701 1454 τῇ

2101 1457 2208 1529 ὁδῷ
2224 1461 2390 1516 αὐτοῦ
2414 1463 2720 1538 ἐπλανήθη,
2736 1469 2829 1520 καὶ
2845 1469 3051 1540 Κύριος
3068 1472 3385 1544 παρέδωκεν
3405 1476 3569 1528 αὑτὸν
3578 1480 3701 1540 ταῖς

2099 1551 2400 1624 ἁμαρτίαις
2435 1555 2592 1626 ἡμῶν
2616 1574 2628 1587 θ
2662 1559 2757 1612 καὶ
2787 1561 2949 1626 αὐτὸς
2983 1561 3070 1616 διά
3106 1563 3170 1616 τὸ
3213 1567 3568 1620 κεκακῶσθαι
3595 1571 3698 1623 οὐκ

2099 1644 2306 1713 ἀνοίγει
2325 1647 2388 1700 τὸ
2416 1648 2620 1720 στόμαο
2642 1650 2720 1716 ὡς
2752 1653 3024 1724 πρόϐατον
3051 1656 3143 1710 ἐπὶ
3171 1659 3390 1729 σφαγὴν
3413 1660 3579 1732 ῆχθη,
3601 1665 3700 1717 καὶ

2097 1733 2174 1798 ὡς
2204 1737 2374 1807 ἀμνὸς
2401 1742 2644 1796 ἐναντίον
2691 1745 2784 1797 τοῦ
2834 1748 3112 1818 κείροντος
3146 1750 3377 1818 ἄφωνος,
3408 1747 3571 1817 οὗτος
3596 1756 3698 1810 οὐκ

2090 1826 2296 1897 ἀνοίγει
2333 1831 2394 1883 τὺ
2431 1833 2608 1905 στόμα
2649 1835 2848 1890 αὐτοῦ’
2882 1840 2939 1892 ἐν
2967 1843 3034 1912 τῇ
3067 1840 3397 1897 ταπεινώσει
3438 1848 3471 1917 ἡ
3513 1848 3697 1918 κρίσις

2090 1915 2256 1970 αὑτοῦ
2293 1919 2459 1992 ῆρθη,
2491 1923 2592 1994 τὴν
2622 1925 2679 1978 δὲ
2710 1926 2902 1994 γενεὰν
2929 1929 3093 1982 αὐτοῦ
3119 1931 3204 1994 τίς
3218 1915 3582 2004 ,διηγήσεταιξ
3611 1937 3698 1993 ὅτι

2087 2007 2306 2079 αἴρεται
2335 2013 2443 2066 ἀπὸ
2469 2014 2568 2086 τῆς
2596 2016 2702 2086 γῆς
2727 2019 2760 2088 ἡ
2785 2016 2898 2090 ζωὴ
2931 2019 3120 2087 αὑτοῦ,
3166 2023 3276 2076 ἀπὸ
3313 2024 3422 2078 τῶν
3445 2027 3691 2097 ἀνομιῶν

2081 2100 2176 2154 τοῦ
2207 2102 2338 2157 λαοῦ
2369 2122 2472 2176 μου
2506 2108 2646 2180 ἤχθη
2693 2112 2771 2174 είς
2817 2111 3063 2167 θάνατον.
3090 2116 3202 2169 Καὶ
3228 2115 3386 2171 δώσω
3425 2121 3556 2183 τοὺς
3588 2138 3688 2174 πο-

2085 2195 2286 2266 νηροὺς
2320 2198 2442 2251 ἀντὶ
2483 2200 2584 2270 τῆς
2640 2203 2816 2274 ταφῆς
2859 2205 3046 2271 αὐτοῦ,
3081 2209 3174 2261 καὶ
3219 2209 3349 2272 τοὺς
3392 2210 3692 2276 πλουσίους

2081 2285 2205 2339 ἀντὶ
2246 2287 2340 2340 τοῦ
2377 2288 2610 2344 θανάτου
2651 2293 2840 2360 αὑτοῦ,
2875 2297 2957 2348 ὅτι
2988 2297 3218 2369 ἀνομίαν
3264 2301 3365 2353 οὐκ
3397 2302 3692 2373 ἐποίησεν,

2077 2375 2201 2428 οὐδὲ
2229 2378 2427 2452 εὑρέθη
2458 2381 2610 2446 δόλος
2650 2385 2708 2437 ἐν
2736 2383 2816 2456 τῷ
2855 2387 3082 2458 στόματι
3112 2390 3299 2444 αὑτοῦ.
3331 2394 3446 2446 Καὶ
3477 2395 3681 2466 Κύριος

2077 2464 2326 2536 βούλεται
2358 2471 2652 2544 καθαρίσαι
2681 2476 2842 2530 αὑτὸν
2869 2478 2978 2531 ἀπὸ
3002 2479 3104 2550 τῆς
3136 2481 3387 2553 πληγῆς·
3419 2484 3518 2537 ἐὰν
3543 2464 3686 2540 δῶτε

2075 2561 2203 2633 περὶ
2231 2563 2526 2635 ἁμαρτίας,
2553 2568 2585 2638 ὴ
2614 2567 2758 2640 ψυχὴ
2789 2569 2942 2641 ὑμῶν
2984 2571 3172 2642 ὄψεται
3204 2575 3427 2648 σπέρμα
3461 2582 3674 2650 μακρό-

2073 2652 2222 2706 6ιον’
2279 2656 2374 2709 καὶ
2421 2657 2672 2728 βούλεται
2727 2663 2930 2736 Κύριος
2970 2668 3028 2721 ἐν
3062 2668 3204 2738 χειρὶ
3239 2669 3410 2723 αὐτοῦ
3449 2673 3683 2740 ἀφελεῖν,

2071 2745 2180 2799 ἀπὸ
2208 2746 2300 2800 τοῦ
2340 2751 2502 2803 πόνου
2535 2752 2635 2824 τῆς
2669 2753 2851 2826 ψυχῆς
2887 2757 3076 2823 αὐτοῦ,
3111 2759 3280 2826 δεῖξαι
3319 2764 3472 2834 αὐτῷ
3507 2765 3572 2835 (f.
3600 2765 3673 2822 56

2068 2847 2144 2905 νο)
2182 2840 2317 2908 φῶς,
2353 2843 2448 2895 καὶ
2482 2843 2684 2899 πλάσαι
2728 2850 2794 2919 τῇ
2839 2850 3092 2919 συνέσει,
3121 2853 3412 2915 δικαιῶσαι
3457 2857 3683 2913 δίκαιον.

2071 2920 2130 2978 εὖ
2165 2925 2484 2983 δουλεύοντα
2506 2930 2758 2997 πολλοῖς,’
2778 2935 2871 2987 καὶ
2883 2936 2981 2999 τὰς
2997 2938 3272 3009 ἁμαρτίας
3303 2943 3485 2994 αὐτῶν
3504 2945 3669 3009 αὐτὸς

2069 3016 2272 3071 ἀνοίσει
2293 3036 2305 3049 ·
2336 3019 2423 3075 διά
2451 3022 2610 3076 τοῦτο
2656 3025 2816 3090 αὐτὸς
2847 3027 3254 3102 κληρονομήσει
3288 3033 3542 3098 πολλοὺς,
3574 3039 3672 3090 καὶ

2065 3109 2174 3162 τῶν
2227 3112 2462 3184 ἰσχυρῶν
2505 3119 2684 3188 μεριεί
2720 3117 2926 3172 σκῦλα’
2982 3121 3099 3175 ἀνθ’
3137 3117 3212 3177 ὧν
3257 3125 3530 3198 παρεδόθη
3585 3131 3668 3193 εἰς

2066 3199 2297 3256 θάνατον
2326 3205 2359 3276 ή
2391 3205 2537 3279 ψυχὴ
2560 3208 2748 3275 αὑτοῦ,
2781 3212 2873 3264 καὶ
2892 3213 2950 3267 ἐν
2985 3217 3098 3278 τοῖς
3125 3217 3348 3287 ἀνόμοις
3373 3219 3664 3291 ἐλογίσθη·

2061 3295 2156 3347 καὶ
2205 3297 2366 3361 αὐτὸς
2397 3299 2670 3372 ἁμαρτίας
2717 3304 2928 3360 πολλῶν
2978 3309 3264 3380 ἀνήνεγκε,
3302 3313 3398 3370 καὶ
3442 3314 3534 3368 διά
3561 3316 3666 3379 τὰς

2059 3386 2291 3457 ἀνομίας
2322 3389 2501 3444 αὐτῶν
2536 3394 2824 3466 παρεδόθη.
2863 3397 3233 3472 Εὐφράνθητι,
3273 3404 3467 3475 στείρα
3510 3407 3546 3475 ή
3595 3409 3662 3460 οὐ

2057 3475 2337 3543 τίκτουσα,
2362 3479 2526 3550 ῥῆξον
2552 3483 2646 3536 καὶ
2685 3484 2882 3556 βόησον
2935 3491 3027 3542 καὶ
3068 3491 3291 3564 τέρπου,
3325 3496 3358 3564 ἡ
3393 3497 3495 3549 οὐκ
3526 3497 3660 3551 ὠδί-

2056 3585 2222 3622 νουσα
2242 3587 2255 3599 ·
2287 3570 2370 3624 ὅτι
2403 3572 2572 3628 πολλὰ
2603 3576 2672 3630 τὰ
2699 3577 2868 3632 τέκνα
2892 3580 2993 3650 τῆς
3024 3583 3231 3657 ἐρήμου
3259 3587 3464 3657 μᾶλλον
3487 3593 3521 3663 ἢ
3554 3593 3660 3663 τῆς

2054 3659 2288 3732 ἐχούσης
2333 3663 2426 3716 τὸν
2467 3665 2654 3736 ἄνδρα-
2696 3686 2716 3719 ι
2756 3670 2866 3723 Καὶ
2905 3673 3024 3726 πότ’
3069 3675 3257 3730 ἄλλοτε
3301 3679 3380 3743 ὡς
3435 3659 3530 3735 ἐπί

2052 3755 2327 3826 παρουσία
2372 3755 2468 3810 τοῦ
2519 3759 2772 3831 Σωτῆρος
2824 3763 2982 3834 ἡμῶν
3037 3767 3211 3838 Ἰησοῦ
3263 3771 3502 3842 Χριστοῦ
3559 3777 3653 3828 τὸν

2053 3841 2313 3914 βραχίονα
2355 3847 2448 3901 τὸν
2495 3851 2690 3920 μέγαν,
2739 3853 2839 3908 οὐκ
2883 3854 3038 3909 ἀλλον
3068 3857 3196 3912 ὄντα
3223 3841 3329 3913 τοῦ
3352 3863 3530 3933 Λόγου
3553 3867 3664 3918 af».

2047 3937 2164 3998 τοῦ,
2189 3938 2217 3989 ὁ
2257 3939 2447 4012 Πατὴρ
2472 3944 2566 3996 καὶ
2596 3943 2728 4008 Θεὸς
2773 3946 2882 3999 τῶν
2918 3948 3055 4004 ὅλων
3080 3951 3311 4006 ἐνώπιον
3333 3955 3443 4009 τῶν
3473 3957 3650 4010 ἐθνῶν

2049 4027 2424 4100 ἀπεκάλυψεν,
2472 4031 2508 4086 ἀ
2547 4035 2642 4087 καὶ
2681 4025 2860 4092 ἰδόντα
2899 4039 2998 4111 τὴν
3036 4041 3419 4117 δεδωρημένην
3455 4050 3649 4115 αὐτοῖς

2047 4118 2152 4172 ὑπὸ
2205 4119 2300 4173 τοῦ
2353 4121 2488 4176 Θεοῦ
2543 4127 2816 4198 σωτηρίαν
2858 4131 3190 4199 ἀφίστασθαι
3221 4135 3318 4206 τῆς
3365 4140 3648 4211 προτέρας

2046 4211 2444 4284 προστάττεται
2469 4215 2698 4288 πλάνης,
2718 4219 2812 4274 καὶ
2841 4223 3037 4292 μηκέτι
3059 4224 3168 4278 τῶν
3188 4227 3541 4300 ἀκαθάρτων,
3557 4228 3644 4298 οἷς

2043 4305 2311 4378 πρότερον
2357 4309 2708 4378 ἐκαλινδεῖτο,
2744 4315 2990 4386 αἰσχροῖς
3025 4319 3120 4371 καὶ
3150 4322 3364 4392 μιαροῖς
3402 4324 3642 4405 ἐνειλού-

2045 4413 2180 4466 μενα
2208 4399 2529 4471 πράγμασιν
2564 4404 2937 4476 ἐφάτπεσθαι;
2973 4411 3086 4463 Καὶ
3113 4412 3237 4465 ἐπεὶ
3275 4414 3337 4466 οὐ
3372 4415 3436 4468 τὸ
3470 4401 3639 4488 τυχόν

1967 4503 2012 4558 ι)
2040 4489 2156 4541 ἐστι
2191 4489 2260 4543 ’τὸ
2295 4493 2660 4566 ἀποδιορίζειν
2701 4500 2926 4566 ἑαυτοὺς
2970 4503 3070 4572 τῆς
3104 4504 3378 4577 προτέρας
3424 4526 3636 4580 πατρο-

2033 4579 2342 4649 παραδότου
2394 4583 2699 4651 πολιτείας,
2755 4590 2848 4642 καὶ
2892 4589 2996 4661 τῆς
3045 4593 3229 4662 κοινῆς
3275 4593 3384 4646 τῶν
3422 4579 3636 4667 ἀνθρώ-

2031 4688 2147 4724 πων
2197 4679 2678 4750 συναναστροφῆς,
2724 4681 2913 4733 τούτου
2943 4683 3103 4754 χάριν
3148 4684 3312 4748 αὐτὸς
3353 4688 3382 4738 ό
3424 4689 3633 4759 Κύριος

2033 4765 2510 4836 συμπορεύσεσθαι
2585 4772 2678 4824 καὶ
2738 4772 2988 4836 συνάξειν
3047 4775 3438 4844 ἐπαγγέλλεται
3500 4782 3631 4843 τοῦς

2029 4855 2294 4927 φέροντας
2345 4858 2414 4912 τὰ
2479 4861 2648 4934 σκεύη
2708 4863 2915 4930 αὑτοῦ,
2961 4864 3119 4936 δῆλον
3165 4866 3210 4918 δ’
3253 4869 3335 4921 ὅτι
3387 4869 3459 4922 τὰ
3502 4873 3630 4943 ἱερὰ

2029 4949 2276 5020 δόγματα
2307 4953 2402 5005 καὶ
2441 4953 2570 5017 τοὺς
2609 4954 2787 5019 θείους
2816 4955 3030 5025 λόγους.
3077 4957 3245 5011 Ηάλιν
3285 4959 3332 5012 δ’
3370 4961 3466 5013 ἐπί⁵
3493 4965 3624 5015 τοὺ-

2026 5057 2141 5105 τοις
2173 5042 2232 5097 ὃν
2266 5044 2468 5114 τρόπον
2499 5047 2558 5098 ἐν
2589 5049 2711 5111 ταῖς
2745 5049 3002 5120 ἀνωτέρω
3040 5052 3402 5122 προφητείαις
3434 5053 3624 5124 διαφό-

2031 5134 2294 5206 ρας(ως)
2333 5136 2471 5200 Παῖς
2543 5140 2573 5191 ὁ
2629 5140 2867 5211 Χριστὸς
2919 5141 3235 5213 ὠνομάζετο
3288 5145 3383 5197 τοῦ
3443 5146 3619 5214 Θεοῦ,

2025 5224 2290 5291 ὡσαύτως
2322 5229 2534 5301 εἴρηται
2577 5231 2672 5284 καὶ
2701 5229 2907 5285 ἐνθάδε·
2949 5235 3201 5306 συνήσειν
3233 5236 3291 5289 δὲ
3332 5239 3428 5291 καὶ
3469 5239 3620 5307 ὑψω-

2024 5317 2426 5388 θήσεσθαι.καὶ
2478 5325 2682 5398 σφόδρα
2725 5326 3153 5401 δοξασθήσεσθαι
3207 5335 3617 5404 προφητεῦεται

2023 5407 2121 5460 τοῦ
2159 5409 2505 5482 ἀνθρωπίνου
2540 5416 2706 5470 αὐτοῦ
2732 5420 3142 5490 ἐπινοουμένου,
3180 5423 3308 5494 περὶ
3340 5420 3403 5478 οὗ
3436 5425 3613 5484 ταῦτα

2031 5501 2264 5571 λέγεται’
2299 5505 2518 5578 ἀληθῶς
2545 5507 2602 5561 δὲ
2633 5509 2930 5583 ἐξέστησαν
2955 5514 3048 5566 καὶ
3071 5514 3492 5589 ἐξηπορήθησαν
3519 5520 3607 5572 ἐπ’

2028 5595 2175 5666 αὗτῷ
2205 5595 2409 5664 πολλοὶ,
2442 5599 2726 5673 ἄνθρωπον
2760 5605 2968 5668 ἐαυτοῖς
3003 5605 3184 5675 ὅμοιος
3217 5605 3460 5678 (ὁμοίως)
3504 5608 3580 5660 αὐ
