3856 6226
205 285 353 342 {245

1242 277 1536 335 ECLOGIE
1577 275 2059 338 PROPIIETICE.
2096 311 2165 320 -
2188 281 2317 338 LIB.
2356 279 2445 338 Π.

3345 289 3488 344 Ηίϐ

203 413 303 454 τον
335 395 717 467 ὑπειληφότες·
757 397 853 449 καὶ
893 393 1188 464 ἐξέστησάν
1214 410 1277 460 γε
1310 392 1581 464 μηδεμίαν
1625 394 1796 465 ὑπερ-

1905 394 2129 464 perfecit
2159 394 2430 466 prodigia,
2473 394 2550 448 ita
2601 402 2662 448 ut
2707 395 3143 466 contemplantes
3198 413 3323 454 eum
3365 411 3488 458 stu-

207 491 353 560 οχὴν
385 488 419 560 ἢ
447 487 604 552 δόξαν
641 484 913 555 κοσμικὴν
938 482 1404 556 περιϐεϐλημένον
1430 485 1591 537 αὑτὸν
1620 485 1794 556 ἑωρα-

205 584 390 647 κότες,
415 582 527 647 ὅτε,
551 581 650 650 τὴν
676 580 769 632 τοῦ
799 576 934 632 Θεοῦ
969 576 1182 650 μορφὴν
1211 577 1568 647 ἀποθέμενος,
1602 577 1794 632 ἑαυτόν

204 674 268 730 τε
294 673 541 736 κενώσας
573 674 668 725 καὶ
699 669 885 724 δούλου
917 667 1226 740 ἀνειληφὼς
1264 667 1498 740 μορφὴν,
1533 666 1797 738 ὲξε(σ)τάο

205 784 350 830 σεως
388 765 512 830 ἀξια
546 763 640 817 καὶ
680 760 1076 831 καταπλήξεως
1107 760 1357 813 ἀπετέλει
1391 759 1689 831 παράδοξα,
1719 760 1794 822 ὼς

202 861 338 922 τοὺς
395 857 736 928 θεωροῦντας
793 855 932 909 αὐτά
987 853 1534 924 καταπληττομένους
1590 852 1793 922 λέγειν·

209 969 231 1002 ι
265 951 379 1019 Ούχ
406 941 562 1011 οὗτός
594 949 742 1000 ἐστιν
779 947 808 998 ὁ
843 947 957 1009 υἱὸς
989 945 1186 1016 Ἰωσήφ
1212 962 1225 1010 ;
1262 943 1384 1014 οὐχὶ
1415 946 1447 1015 ή
1489 944 1673 1014 μήτηρ
1701 943 1797 996 καὶ

203 1044 257 1096 οἱ
292 1042 512 1111 ἀδελφοὶ
534 1040 700 1094 αὐτοῦ
735 1041 842 1092 είσι
878 1039 1008 1110 παρ’
1039 1040 1205 1110 ήμῖν;
1248 1057 1267 1090 ι
1306 1037 1418 1090 Καὶ
1443 1039 1522 1100 εἰς
1547 1036 1708 1109 δεῦρο
1739 1037 1797 1090 δὲ

204 1135 453 1187 πλεῖστοι
482 1133 568 1186 ἐπ’
600 1132 762 1184 αὐτὸν
795 1129 1102 1194 ἐξίστανται
1132 1130 1227 1182 καὶ
1261 1126 1670 1201 ὲξαποροῦνται,
1698 1129 1796 1200 τὴν

201 1226 558 1280 διδασκαλίαν
597 1224 761 1279 αὐτοῦ
791 1223 1198 1296 διαδραμοῦσαν
1231 1223 1324 1276 καὶ
1357 1221 1436 1275 ἔτι
1459 1221 1554 1274 νῦν
1583 1221 1798 1291 διατρέ-

202 1336 412 1391 χουσαν
446 1318 528 1388 ἐφ’
553 1316 681 1389 ὃλην
714 1316 950 1388 ὁρῶντες
977 1316 1076 1387 τὴν
1107 1313 1454 1385 οἰκουμένην,
1485 1312 1594 1366 τῶν
1622 1331 1682 1366 τε
1716 1315 1796 1376 είς

199 1412 372 1466 αὐτὸν
420 1409 862 1464 πεπιστευκότων
911 1405 1010 1477 τὴν
1059 1406 1255 1468 ἀκλινῆ
1314 1406 1410 1458 καὶ
1463 1403 1797 1475 ἀμετάθετον

198 1503 448 1557 διάθεσιν
463 1499 878 1563 κατανοοῦντες.
905 1496 1090 1551 Ταῦτα
1115 1497 1173 1550 δὲ
1186 1497 1560 1568 θαυμάζοντες
1580 1496 1640 1548 οὐ
1669 1511 1795 1547 συν-

205 1597 322 1650 ίασι
353 1596 455 1665 τὴν
478 1593 626 1647 θείαν
657 1592 884 1662 δύναμιν
925 1589 1046 1643 καθ’
1075 1590 1144 1662 ἣν
1181 1589 1452 1661 ὲνήργησέ
1485 1605 1545 1641 τε
1568 1587 1663 1640 καὶ
1685 1589 1797 1638 εἰσ-

202 1687 290 1739 έτι
326 1685 424 1740 νῦν
457 1685 703 1757 ἐνεργεῖν
736 1682 804 1735 τὰ
859 1681 1168 1752 τηλικαῦτα
1199 1681 1502 1750 δεδύνηται·
1540 1679 1795 1749 συνέσχον

1896 491 2095 554 pentes
2141 484 2388 540 dicerent
2424 504 2438 539 :
2477 504 2496 535 ι
2535 483 2729 540 Nonne
2764 485 2854 540 hic
2896 494 2980 541 est
3012 485 3176 544 Jesus
3209 490 3352 547 ﬁlius
3384 491 3484 550 Jo-

1895 578 2031 648 seph
2053 576 2288 632 ?Nonne
2306 586 2480 633 mater
2498 585 2552 634 et
2577 576 2776 633 fratres
2798 579 2920 648 ejus
2949 589 3080 635 sunt
3099 581 3242 636 inter
3258 600 3360 640 nos
3375 586 3433 640 ’1?
3458 606 3478 640 ι

1896 668 1964 724 Et
1997 685 2144 724 nunc
2179 685 2356 740 usque
2387 685 2555 740 super
2582 687 2707 726 eum
2770 669 3117 726 admirantur
3141 685 3194 728 et
3224 675 3486 747 obstupe-

1896 771 2059 818 scunt
2071 764 2338 834 plerique,
2359 763 2668 818 doctrinam
2695 763 2816 833 ejus
2841 764 3095 820 diffusam
3125 774 3180 820 et
3209 783 3356 823 nunc
3385 770 3488 825 ad-

1895 854 2004 909 huc
2035 861 2416 924 penetrantem
2436 854 2684 910 videntes
2719 855 2774 910 in
2799 857 3110 911 universam
3139 865 3365 927 terram,
3386 876 3485 916 eo-

1897 963 2132 1019 rumque
2171 948 2265 1020 qui
2294 946 2648 1002 crediderunt
2683 949 2738 1002 in
2767 963 2891 1003 eum
2909 956 3254 1006 constantem
3291 953 3487 1008 immo-

1897 1049 2122 1113 tamque
2137 1041 2600 1112 perseverantiam
2618 1049 2955 1112 reputantes.
2976 1041 3102 1097 Haec
3124 1055 3304 1099 autem
3319 1045 3489 1100 admi-

1898 1135 2028 1199 rati,
2047 1150 2161 1189 non
2188 1133 2430 1189 divinam
2462 1135 2850 1190 intellexerunt
2876 1142 3199 1205 potestatem
3229 1153 3336 1208 qua
3360 1153 3487 1208 ope-

1900 1235 2054 1282 ratus
2074 1233 2232 1282 estet
2255 1242 2405 1281 nunc
2437 1242 2613 1296 usque
2641 1227 2857 1297 operari
2897 1233 2975 1280 tot
3011 1235 3066 1282 et
3095 1236 3244 1282 tanta
3271 1229 3487 1296 valeat;

1896 1319 2289 1374 continuerunt
2302 1329 2480 1374 autem
2496 1334 2623 1373 vere
2649 1334 2817 1389 super
2830 1333 2953 1374 eum
2970 1321 3386 1376 etoccluserunt
3407 1337 3490 1378 re-

1900 1426 1997 1482 ges
2020 1425 2084 1466 os
2115 1425 2298 1476 suum,
2321 1410 2438 1465 sive
2463 1410 2559 1480 qui
2594 1411 2912 1480 congregati
2939 1409 3157 1467 fuerant
3209 1413 3495 1482 passionis

1896 1508 2018 1578 ejus
2034 1517 2300 1580 tempore,
2318 1509 2386 1565 de
2403 1509 2607 1578 quibus
2627 1509 2834 1563 dictum
2848 1514 2932 1562 est
2952 1506 3312 1561 :cAstiterunt
3331 1519 3499 1576 reges

1897 1609 2078 1664 terra},
2113 1609 2168 1656 et
2205 1601 2485 1672 principes
2531 1606 2910 1656 convenerunt
2939 1600 2995 1653 in
3024 1613 3194 1652 unum
3223 1596 3490 1660 adversus

1899 1706 2023 1746 eum
2040 1709 2055 1759 ;
2075 1692 2250 1746 ’tsive
2274 1691 2368 1762 qui
2398 1699 2528 1745 tunc
2541 1697 2699 1744 erant
2719 1686 2994 1759 principes
3009 1686 3251 1757 gentium
3269 1694 3350 1748 ;et
3364 1700 3500 1740 con-

199 1778 264 1833 δὲ
296 1776 513 1848 ἀληθῶς
566 1777 662 1830 καὶ
705 1776 1053 1830 συνέστειλαν
1100 1773 1187 1826 ἐπ’
1231 1773 1394 1826 αὑτὸν
1447 1770 1686 1842 βασιλεῖς
1737 1770 1799 1824 τὸ

1905 1781 2184 1835 tinuerunt
2197 1780 2447 1851 profecto
2463 1796 2526 1837 os
2558 1796 2741 1845 suum,
2765 1794 2889 1834 cum
2908 1780 3109 1848 saepius
3123 1777 3494 1833 intercludere

203 1870 389 1940 στόμα
428 1868 626 1933 αὐτῶν,
655 1868 765 1922 εἴτε
793 1870 842 1921 οἱ
873 1867 1230 1937 συναχθέντες
1258 1863 1400 1918 κατά
1423 1865 1485 1917 τὸ
1511 1862 1682 1927 πάθος
1701 1863 1800 1915 αύ-

201 1963 330 2028 τοῦ,
365 1963 493 2033 περὶ
536 1955 612 2015 ὧν
654 1961 849 2032 ἐλέχθη
882 1961 960 2013 τό·
1013 1979 1031 2010 ι
1070 1959 1430 2030 Παρέστησαν
1472 1957 1523 2008 οἱ
1560 1954 1800 2026 βασιλεῖς

201 2057 310 2128 τῆς
345 2056 471 2127 γῆς,
498 2055 594 2109 καὶ
612 2057 662 2108 οι
695 2055 953 2126 ἄρχοντες
985 2050 1330 2122 συνήχθησαν
1361 2050 1452 2103 ἐπὶ
1481 2049 1542 2102 τὸ
1572 2048 1720 2113 αὐτό,
1774 2066 1794 2100 ι

202 2149 325 2203 εἴτε
355 2151 450 2203 καὶ
476 2151 525 2202 οἱ
570 2148 712 2202 κατὰ
756 2147 982 2219 καιροὺς
1025 2146 1285 2217 ἄρχοντες
1324 2143 1433 2197 τῶν
1472 2142 1670 2196 ὲθνῶνο
1707 2142 1802 2194 καὶ

207 2241 473 2310 συνέσχον
504 2256 567 2308 γε
604 2239 780 2309 στόμα
817 2237 1026 2290 ἑαυτῶν
1059 2235 1136 2305 τῷ
1168 2234 1429 2299 πολλάκις
1475 2235 1572 2306 μὲν
1602 2234 1800 2296 αὐτοὺς

206 2323 561 2402 ὲπιχειρῆσαι
597 2328 840 2383 κωλῦσαι
879 2329 970 2382 τὸν
997 2328 1155 2396 λόγον
1185 2325 1350 2380 αὐτοῦ
1385 2327 1480 2380 καὶ
1519 2325 1619 2396 τὴν
1653 2323 1800 2376 διδα-

210 2424 466 2488 σκαλίαν,
504 2423 655 2475 οὐδὲν
695 2421 752 2475 δὲ
790 2417 952 2492 ἦττον
991 2417 1342 2492 ὑπερισχύειν
1372 2417 1534 2472 αὑτὸν
1566 2417 1660 2469 καὶ
1685 2416 1801 2469 δια-

205 2515 452 2587 λάμπειν
483 2510 836 2582 δοξαζόμενον
870 2510 966 2564 καὶ
997 2511 1076 2573 εἰς
1104 2509 1236 2578 ὕψος
1263 2507 1574 2579 αἰρόμενον,
1612 2505 1677 2576 (f.
1708 2505 1799 2575 57)

207 2609 290 2671 ὼς
323 2605 558 2677 φανερὸν
607 2604 801 2658 ἑαυτὸν
846 2600 1173 2656 καθιστάναι
1217 2600 1280 2653 οὐ
1331 2599 1514 2670 μόνοις
1559 2600 1673 2660 τοῖς
1702 2596 1802 2660 τὰς

210 2700 346 2772 περὶ
391 2696 556 2752 αὐτοῦ
597 2696 934 2768 προφητείας
977 2696 1042 2748 ὲκ
1087 2692 1341 2763 πατέρων
1390 2689 1801 2762 παρειληφόσιν,

209 2791 375 2855 ἀλλά,
423 2791 486 2844 τὸ
529 2788 987 2863 παραδοξότατον,
1028 2783 1110 2850 οἷς
1151 2783 1494 2840 οὐδεπώποτε
1528 2782 1803 2853 ἀνηγγέλη

209 2903 267 2938 τι
296 2885 426 2955 περὶ⁵
454 2882 642 2946 αὑτοῦ,
684 2881 829 2934 τοῦτ’
862 2879 1008 2933 ἔστιν
1043 2881 1177 2950 ἡμῖν
1209 2881 1322 2941 τοῖς
1366 2877 1595 2929 ἔθνεσινο
1631 2875 1680 2928 οἶ
1710 2873 1805 2926 καὶ

215 2977 342 3049 μηδ’
371 2975 506 3039 ὅλως
542 2973 696 3046 παρὰ
733 2972 842 3026 τῶν
877 2970 1158 3041 προγόνων
1199 2960 1503 3041 ἀκηκοότες
1541 2985 1616 3030 τι,
1669 2966 1804 3038 μηδὲ

212 3067 712 3141 προμεμαθηκότες
739 3066 868 3137 περὶ
891 3065 990 3135 τῆς
1019 3062 1184 3116 αὐτοῦ
1218 3061 1541 3133 παρουσίας,
1567 3061 1803 3130 συνήκα-

216 3175 320 3230 μεν
359 3157 518 3211 αὑτὸν
558 3155 801 3228 ἐλθόντα,
840 3155 935 3209 καὶ
977 3153 1075 3217 τὰς
1109 3154 1236 3224 περὶ
1273 3150 1436 3206 αὑτοῦ
1465 3151 1803 3224 προφητείας

213 3248 642 3320 κατεδεξάμεθα.
697 3247 882 3301 Ταῦτα
932 3247 990 3300 δὲ
1039 3245 1274 3318 προϊδὼν
1325 3247 1353 3298 ὁ
1406 3246 1695 3316 προφήτης
1744 3245 1802 3296 ὲν

213 3342 490 3412 πνεύματι
521 3342 794 3409 ἀναφωνεί
814 3338 1318 3410 ἀποθαυμαστικῶς
1337 3337 1510 3406 λέγων
1534 3337 1614 3390 τό·
1647 3356 1665 3388 ι
1698 3336 1805 3389 Κύ-

219 3447 326 3503 ριε,
349 3431 432 3494 τίς
465 3430 785 3483 ἐπίστευσεν
808 3432 873 3501 τῇ
908 3430 1044 3501 ἀκοῇ
1067 3429 1259 3501 ήμῶν;
1299 3448 1318 3480 ι
1359 3430 1535 3500 Ὅπερ
1564 3429 1663 3480 οὐκ
1686 3427 1802 3480 ἐστι

211 3522 414 3579 ταύτὸν
447 3521 544 3592 τῷ’
583 3522 769 3584 Οὐδεὶς
811 3521 1100 3574 ἐπίστευσε
1152 3523 1218 3592 τῇ
1236 3522 1371 3592 ἀκοῇ
1402 3520 1580 3591 ήμῶν·
1618 3518 1805 3588 σαφῶς

213 3613 326 3684 γάρ
358 3629 441 3666 τοι
484 3612 654 3666 πολλά
693 3611 871 3684 πλήθη
906 3613 1015 3666 τῶν
1059 3611 1119 3676 ἐξ
1163 3611 1354 3675 ἐθνῶν,
1400 3612 1494 3665 καὶ
1519 3611 1698 3665 αὐτῶν
1729 3612 1792 3682 δή

212 3722 364 3768 τινες
403 3703 511 3758 τῶν
544 3707 609 3759 ὲκ
642 3705 974 3775 περιτομῆς,
1027 3703 1424 3758 πεπιστεύκασι
1453 3705 1518 3774 τῇ
1552 3704 1679 3774 περὶ
1713 3702 1805 3756 τοῦ

213 3795 644 3869 Χριποῦίάκοῇο
675 3798 769 3850 καὶ
797 3815 813 3847 ι
837 3796 866 3848 ὁ
896 3795 1132 3867 βραχίων
1157 3796 1234 3861 δὲ,
1260 3814 1278 3848 ι
1314 3796 1468 3865 φησὶ,
1497 3814 1516 3846 ι
1541 3795 1800 3866 Κυρίου,ι

212 3887 362 3944 τοῦτ’
397 3887 542 3942 ἐστιν
579 3891 608 3942 ό
646 3887 830 3960 προὼν
859 3888 954 3941 τοῦ
989 3887 1123 3942 Θεοῦ
1158 3889 1352 3957 Λόγος,
1391 3906 1410 3938 ι
1451 3887 1558 3940 τίνι
1596 3888 1805 3940 ἀπεκα-

213 3980 430 4052 λύφθη;
465 4001 484 4032 ι
517 3983 690 4046 Αὐτὸς
717 3984 744 4036 ὁ
773 3981 928 4050 λόγος
959 3984 1016 4035 ὲν
1044 3983 1186 4052 ἀρχῇ
1212 3981 1314 4052 τῆς
1361 3979 1699 4053 προφητείας
1731 3981 1809 4033 δι-

215 4073 406 4132 δάσκει
433 4073 627 4142 λέγων’
665 4094 683 4124 ι
704 4075 813 4127 Καὶ
839 4073 1180 4127 ἀποκαλύψει
1205 4075 1407 4145 Κύριος
1432 4074 1522 4126 τὸν
1550 4072 1809 4146 βραχίονα

215 4164 309 4217 τὸν
340 4165 492 4233 ἅγιον
526 4163 690 4220 αὑτοῦ
722 4163 951 4218 ἐνώπιον
983 4165 1202 4218 πάντων
1226 4165 1335 4219 τῶν
1365 4165 1554 4219 ὲθνῶν.
1589 4185 1607 4215 ι
1649 4163 1808 4234 Ἑξῆς

217 4264 406 4325 αὐτοῖς
438 4260 657 4328 λέγεται
679 4277 692 4289 ·
747 4277 766 4310 ι
814 4258 1240 4330 Ἀνηγγείλαμεν
1273 4258 1502 4312 ἐνώπιον
1536 4258 1698 4311 αὑτοῦ
1733 4258 1810 4320 ὡς

217 4354 458 4415 παιδίον,
493 4353 568 4416 ὡς
600 4352 724 4423 ῥίζα
757 4353 814 4405 ὲν
836 4354 907 4423 γῇ
932 4351 1162 4422 διψώσῃ
1188 4352 1288 4405 οὐκ
1317 4351 1462 4404 ἔστιν
1496 4347 1634 4413 εἶδος
1661 4350 1810 4420 αύτῷ

1903 1889 2187 1930 sermones
2209 1873 2330 1945 ejus
2367 1873 2551 1929 conati
2582 1880 2768 1928 essent
2809 1881 2970 1942 atque
2987 1871 3492 1938 doctrinam,etillo

1902 1963 2265 2019 nihilominus
2283 1964 2338 2018 in
2360 1964 2538 2034 majus
2561 1963 2949 2028 invalesceret,
2974 1962 3294 2032 praeclarus,
3324 1961 3498 2035 incly-

1901 2062 2013 2120 tus,
2039 2063 2094 2110 et
2124 2054 2378 2110 sublimis
2417 2053 2616 2121 factus,
2635 2055 2711 2108 ita
2747 2063 2807 2108 ut
2834 2053 3164 2110 manifestus
3199 2053 3352 2108 fieret
3379 2069 3490 2108 non

1901 2145 2067 2200 modo
2083 2145 2150 2200 iis
2163 2145 2305 2215 quia
2323 2144 2574 2214 patribus
2588 2144 2656 2199 de
2673 2144 2794 2214 ipso
2812 2143 3125 2213 prophetias
3143 2149 3491 2213 acceperant,

1905 2239 2187 2309 sed,quod
2221 2239 2395 2292 multo
2412 2238 2587 2308 magis
2609 2237 2916 2290 mirandum
2949 2242 3127 2300 est,et
3157 2235 3266 2290 illis
3291 2234 3493 2304 quibus

1904 2329 2039 2383 nihil
2073 2343 2313 2399 unquam
2342 2326 2411 2382 de
2442 2342 2509 2381 eo
2535 2327 2920 2381 annuntiatum
2936 2323 3135 2390 fuerat,
3159 2325 3370 2380 scilicet
3394 2339 3495 2379 no-

1901 2421 1987 2477 bis
2024 2422 2301 2492 gentibus.
2327 2418 2432 2486 Qui
2464 2427 2519 2474 et
2549 2418 2774 2472 minime
2802 2416 3100 2487 quidquam
3129 2429 3162 2470 a
3184 2415 3493 2484 majoribus
3585 2469 3588 2474 ,

1903 2514 2281 2576 audieramus,
2333 2526 2470 2566 neve
2529 2511 2597 2565 de
2647 2510 2768 2579 ejus
2817 2509 3058 2563 adventu
3101 2507 3494 2570 didiceramus,

1903 2622 2030 2663 eum
2075 2606 2296 2661 venisse
2338 2604 2720 2674 cognovimus,
2778 2600 3202 2672 accepimusque
3253 2598 3322 2654 de
3371 2599 3494 2667 ipso

1905 2697 2246 2770 prophetias.
2273 2694 2408 2763 Quae
2439 2703 2619 2750 autem
2645 2693 2953 2765 praevidens
2983 2693 3269 2764 pr0pheta,
3297 2692 3496 2764 spiritu

1906 2790 2122 2845 amatus
2143 2790 2352 2856 divino,
2377 2786 2680 2842 admiratus
2711 2785 2983 2840 exclamat
3009 2804 3022 2840 :
3051 2803 3069 2836 ι
3097 2784 3340 2850 Domine,
3371 2785 3496 2854 quis

1907 2884 2142 2939 credidit
2181 2882 2394 2937 auditui
2435 2880 2668 2936 nostro?
2712 2899 2732 2931 ι
2767 2877 2925 2946 Quod
2959 2893 3071 2933 non
3121 2877 3263 2933 idem
3299 2885 3384 2933 est
3431 2892 3506 2933 ac

1908 2978 1956 3032 si
1981 2978 2195 3032 diceret
2224 2994 2238 3030 :
2275 2973 2470 3028 Nullus
2491 2972 2678 3028 credet
2711 2971 2922 3026 auditui
2961 2979 3175 3028 nostro.
3209 2969 3498 3026 Manifesta

1908 3071 2055 3126 enim
2097 3083 2293 3140 magna
2344 3065 2640 3121 multitudo
2692 3065 2961 3135 gentium,
2998 3063 3352 3134 ipsorumque
3397 3061 3496 3117 Ju-

1907 3161 2150 3214 dueorum
2181 3157 2434 3214 nonnulli
2482 3157 2550 3211 de
2597 3155 2822 3210 Christo
2875 3153 3087 3208 auditui
3120 3152 3492 3208 crediderunt.

1904 3251 1970 3304 Et
1996 3271 2014 3301 ι
2037 3250 2344 3314 brachium,
2372 3269 2390 3301 ι
2413 3248 2508 3315 ait,
2533 3269 2550 3298 ι
2577 3246 2815 3309 Domini,
2833 3265 2852 3299 ι
2880 3246 3088 3302 scilicet
3111 3245 3497 3316 praaexsistens

1904 3344 2000 3399 Dei
2031 3343 2288 3402 Verbum,
2314 3361 2332 3393 ι
2358 3342 2447 3398 cui
2471 3341 2770 3397 revelatum
2803 3339 2926 3395 est?
2950 3357 2969 3390 ι
2998 3337 3118 3409 Ipse
3150 3337 3295 3392 enim
3317 3353 3499 3392 sermo

1906 3434 1962 3488 in
1989 3432 2145 3486 initio
2168 3429 2468 3501 prophetiae
2499 3431 2660 3484 docet
2685 3429 2878 3484 dicens
2913 3446 2926 3482 :
2962 3445 2981 3478 ι
3013 3426 3080 3480 Et
3107 3426 3367 3482 revelabit
3393 3425 3502 3480 Do-

1907 3523 2092 3578 minus
2138 3522 2426 3577 brachium
2461 3528 2711 3576 sanctum
2759 3535 2919 3575 suum
2964 3519 3019 3572 in
3061 3525 3359 3588 conspectu
3389 3532 3503 3570 om-

1909 3617 2062 3670 nium
2096 3615 2364 3687 gentium.
2409 3633 2428 3665 ι
2461 3612 2596 3670 Post
2647 3613 2764 3668 haec
2791 3613 2996 3668 dicitur
3029 3630 3042 3666 :
3072 3630 3091 3662 ι
3133 3610 3200 3664 Ει
3230 3611 3496 3666 ascendet

1909 3711 2053 3764 sicut
2085 3709 2382 3778 virgultum
2413 3722 2598 3762 coram
2639 3721 2728 3771 eo,
2772 3714 2827 3761 et
2866 3705 3010 3760 sicut
3042 3703 3201 3758 radix
3231 3703 3299 3758 de
3338 3709 3484 3757 terra

1911 3801 2137 3857 sitienti.
2167 3799 2286 3854 Non
2317 3806 2401 3855 est
2437 3800 2647 3870 species
2679 3799 2750 3864 ei,
2797 3812 2976 3866 neque
3010 3797 3178 3850 decor
3212 3813 3228 3851 :
3269 3805 3324 3850 et
3358 3794 3497 3849 vidi-

1908 3909 2033 3949 mus
2062 3908 2211 3960 eum,
2255 3899 2311 3948 et
2359 3907 2470 3946 non
2501 3899 2620 3946 crat
2677 3900 2956 3960 aspectus,
3015 3903 3191 3958 neque
3239 3886 3498 3942 formosi-

1912 3994 2018 4049 tas,
2049 4004 2069 4036 ι
2094 3994 2147 4040 et
2176 4000 2298 4055 qua:
2343 3990 2672 4053 sequuntur,
2702 3998 2824 4052 qua:
2857 3982 3041 4036 omnia
3077 3981 3296 4048 impleta
3332 3985 3487 4044 sunt,

1909 4077 2132 4149 quando
2171 4076 2499 4131 exinaniens
2527 4074 2902 4144 semetipsum,
2937 4073 3148 4142 abjecta
3172 4071 3266 4127 Dei
3297 4070 3494 4138 forma,

1915 4171 2150 4242 speciem
2181 4169 2368 4240 elegit,
2403 4182 2512 4222 non
2548 4181 2668 4237 quae
2701 4165 2846 4236 apud
2883 4164 3134 4219 homines
3174 4163 3416 4218 formosa
3443 4173 3499 4218 et

1911 4263 2110 4317 decora
2143 4261 2397 4324 habetur,
2429 4261 2710 4329 vitamque
2740 4257 2887 4326 degit
2913 4255 3208 4309 humanam
3240 4254 3360 4309 sine
3394 4252 3499 4306 ho-

1913 4356 2124 4408 minum
2154 4352 2350 4422 gloria,
2385 4351 2504 4406 sine
2533 4352 2717 4420 aliqua
2743 4349 3034 4404 mundanae
3055 4347 3337 4418 dignitatis
3361 4361 3502 4418 prae-

215 4444 338 4503 οὐδὲ
372 4443 520 4508 δόξα,
554 4444 650 4496 καὶ
682 4442 898 4514 εἴδομεν
949 4444 1132 4507 αὐτὸν,
1184 4444 1279 4496 καὶ
1326 4443 1426 4498 οὐκ
1473 4439 1618 4513 εἶχεν
1669 4438 1801 4506 εἶδος

1913 4446 2188 4508 cellentia,
2228 4444 2461 4500 formam
2491 4459 2622 4497 vero
2667 4442 2812 4498 servi
2845 4449 2901 4497 et
2946 4440 3184 4496 ministri
3217 4439 3494 4510 accipiens

215 4538 339 4594 οὐδὲ
377 4537 592 4600 κάλλος,
626 4555 644 4588 ι
668 4536 764 4590 καὶ
787 4537 856 4590 τά
882 4537 1032 4606 ἑξῆς,
1062 4537 1099 4590 ἃ
1132 4536 1227 4590 καὶ
1255 4536 1394 4591 αύτά
1423 4537 1801 4608 πεπλήρωται,

215 4629 306 4686 ὅτε
339 4626 582 4690 κενώσας
616 4627 804 4680 ἑαυτὸν
843 4628 940 4697 τῆς
974 4627 1067 4680 τοῦ
1112 4627 1246 4680 Θεοῦ
1289 4627 1525 4699 μορφῆς,
1561 4627 1681 4680 οὐδὲ
1707 4628 1805 4698 τὴν

215 4720 292 4784 ὡς
335 4722 392 4772 ἐν
430 4717 738 4790 ἀνθρώποις
781 4719 960 4790 εὐειδῆ
1005 4721 1098 4772 καὶ
1133 4721 1447 4791 εὐσχήμονα
1480 4718 1807 4786 κατελέξατο

218 4812 689 4884 προσωποποιίαν,
725 4811 844 4864 οὐδὲ
881 4811 980 4882 μὲν
1007 4811 1135 4884 δόξῃ
1173 4815 1238 4883 τῇ
1278 4814 1409 4883 παρ’
1435 4811 1802 4884 ἀνθρώποιςῆ

218 4905 491 4974 κοσμικῆς
537 4921 686 4968 τινος
731 4903 1006 4975 ὑπεροχῆς
1039 4903 1298 4976 περιϐολῇ
1339 4905 1432 4958 τὸν
1465 4903 1804 4977 ἀνθρώπινον

216 4994 459 5065 διεξῆλθε
496 4995 630 5066 βίον,
661 4995 874 5067 μορφὴν
901 4995 958 5048 δὲ
988 4995 1176 5049 δούλου
1209 4996 1304 5050 καὶ
1339 4996 1587 5051 διακόνου
1626 4997 1805 5051 λαῦὼν

218 5085 583 5141 ἐταπείνωσεν
629 5087 818 5141 ἑαυτὸν
868 5087 960 5140 καὶ
1011 5087 1234 5156 γέγονεν
1274 5087 1350 5152 ὡς
1391 5088 1695 5160 ἄνθρωπος,
1745 5093 1804 5144 ἐν

219 5177 405 5249 πληγῇ
435 5175 510 5230 ὢν
535 5177 630 5231 καὶ
657 5177 812 5241 εἰδὼς
838 5178 1026 5249 φέρειν
1056 5179 1349 5248 μαλακίαν,
1375 5181 1731 5254 ἀπέστραπτο
1753 5183 1811 5236 δὲ

219 5269 316 5326 καὶ
348 5269 737 5341 ἀποκέκρυπτο
781 5268 857 5341 (Ι)
887 5271 987 5340 τῆς
1016 5269 1272 5343 θεότητος
1305 5272 1472 5325 αὐτοῦ
1503 5273 1564 5326 τὸ
1603 5273 1811 5339 ἔνδοξον

220 5363 314 5416 καὶ
337 5361 517 5415 θεῖκὸν
536 5363 846 5433 πρόσωπον·
873 5363 940 5416 δι’
956 5363 985 5416 ὃ
1016 5364 1110 5417 καὶ
1135 5364 1412 5436 ἠτιμάσθη
1436 5365 1586 5437 παρὰ
1619 5369 1731 5430 τοῖς
1749 5366 1811 5420 τὸ

220 5453 560 5526 ἀνθρώπινον
588 5455 752 5508 αὐτοῦ
791 5457 949 5526 μόνον
977 5457 1424 5529 κατανενοηκόσι,
1451 5461 1580 5530 παρ’
1607 5453 1688 5522 οἷς
1716 5460 1808 5512 καὶ

218 5546 320 5601 οὐκ
347 5545 600 5618 ἐλογίσθη
620 5547 719 5615 οὐχ
758 5548 906 5612 ὅπως
942 5549 1022 5612 εἰς
1055 5549 1188 5602 Υίὸν
1228 5548 1385 5612 Θεοῦ,
1425 5549 1542 5604 ἀλλ’
1583 5551 1690 5604 οὐδ’
1724 5552 1805 5614 είς

289 5637 305 5666 ¹
330 5637 488 5691 Joan.
524 5653 602 5700 vl,
633 5638 734 5703 42;
764 5638 953 5693 Matth.
1003 5655 1124 5705 xm,
1157 5641 1247 5696 55.
1327 5645 1346 5672 ¹
1378 5642 1522 5698 l‘sal.
1561 5658 1619 5708 ιι,
1657 5643 1711 5698 ‘2.

295 5731 371 5801 (Ι)
403 5727 658 5788 Fortasse
683 5732 782 5801 leg.
805 5731 1206 5802 ἀπεκέκρυπτο,
1234 5733 1390 5790 Eon'.

1914 4535 2222 4590 humiliavit
2246 4534 2604 4604 semetipsum
2633 4540 2688 4588 et
2718 4532 2899 4588 factus
2926 4539 3009 4586 est
3039 4530 3278 4584 uthomo
3297 4544 3498 4596 verus;

1913 4629 2209 4698 despectus
2239 4633 2294 4682 et
2323 4627 2505 4681 sciens
2528 4625 2897 4688 infirmitates,
2931 4623 3082 4678 exuit
3105 4620 3502 4691 absconditque

1914 4717 2221 4772 divinitatis
2247 4731 2362 4772 sua:
2394 4717 2714 4787 praeclaram
2748 4715 3103 4785 divinamque
3133 4712 3382 4784 ﬁguram.
3412 4710 3502 4768 ld-

1915 4813 2064 4867 circo
2095 4812 2393 4882 despectus
2427 4818 2511 4866 est
2539 4811 2609 4866 ab
2650 4811 2716 4865 iis
2758 4811 2852 4880 qui
2891 4806 3268 4863 tantummodo
3299 4806 3502 4860 huma-

1912 4905 2142 4959 nitatem
2172 4904 2294 4974 ejus
2322 4905 2712 4975 respiciebant,
2757 4920 2858 4959 nec
2907 4917 3032 4958 eum
3066 4899 3160 4955 Dei
3191 4898 3388 4953 Filium
3413 4913 3503 4953 re-

1910 4996 2199 5067 putabant,
2235 5012 2339 5051 nec
2376 4997 2538 5050 etiam
2574 4996 2788 5067 justum
2831 4996 3089 5066 aliquem.
3143 4991 3342 5047 Dicunt
3370 5007 3502 5047 vero

1911 5090 2005 5161 qui
2035 5089 2151 5144 haec
2177 5090 2373 5159 spiritu
2402 5089 2734 5160 intelligunt,
2759 5087 2918 5159 quasi
2942 5092 3265 5143 enarrantes
3297 5085 3503 5140 docen-

1908 5191 2104 5252 tesque
2131 5180 2302 5251 hujus
2337 5182 2584 5254 mysterii
2619 5183 2923 5237 rationem:
2952 5198 2969 5230 ι
3005 5178 3104 5232 Hic
3139 5182 3362 5247 peccata
3395 5189 3501 5230 no-

1908 5282 2022 5330 stra
2051 5275 2177 5329 tulit
2208 5281 2262 5329 et
2292 5290 2392 5345 pro
2423 5275 2583 5329 nobis
2611 5289 2808 5344 passus
2839 5281 2944 5328 est.
2978 5292 2997 5324 ι
3031 5271 3302 5326 Videbant
3326 5269 3497 5328 enim.

1907 5375 2070 5438 prout
2093 5367 2393 5438 prophetae.
2419 5383 2657 5438 quonam
2689 5366 2850 5421 modo
2879 5366 2968 5420 ﬁet
2994 5383 3013 5416 ι
3047 5364 3236 5435 Agnus
3259 5361 3376 5425 Dei,
3404 5362 3500 5431 qui

1907 5460 2047 5514 tollit
2080 5470 2301 5529 peccata
2333 5460 2523 5515 mundi
2558 5460 2600 5512 ³.
2642 5480 2661 5514 ι
2695 5457 2827 5514 Post
2857 5459 2970 5513 haec
3004 5457 3334 5528 subjicitur:
3371 5469 3392 5504 ι
3431 5450 3502 5506 Et

1906 5567 2008 5608 nos
2041 5552 2355 5630 putavimus
2384 5568 2508 5608 eum
2541 5552 2696 5624 quasi
2742 5552 3041 5623 leprosum,
3076 5558 3128 5606 et
3167 5561 3498 5622 percussum

1794 5643 1812 5674 ³
1837 5642 1974 5699 Joan
2006 5659 2044 5710 ι,
2075 5643 2164 5700 ‘29.
