3814 6220
359 301 500 357 1247
1114 296 1383 351 EL'SEBH
1403 291 1857 363 ‘C/ESARIENSI

2185 286 2315 342 ARS
2351 285 2442 342 lil.
2478 317 2546 328 --
2587 282 2998 340 EXEGETICA.
3541 278 3691 333 [.243

354 437 391 476 ο
424 420 556 484 Deo,
587 426 642 475 et
688 419 1061 474 lmmiliatum.
1118 416 1238 487 Ipse
1293 424 1474 470 autem
1510 414 1829 469 vulneratus

2184 406 2415 477 τυχόντα
2444 403 2672 458 δίκαιον.
2700 401 2910 461 Φασὶ,δ’
2938 401 2986 453 οἱ
3022 399 3099 470 τῷ
3132 396 3409 468 πνεύματι
3442 395 3690 448 τούτων

356 521 584 585 propter
612 512 937 583 iniquitates
968 520 1204 565 nostras.
1258 527 1279 562 ι
1330 507 1544 563 Revera
1582 507 1727 561 enim
1762 504 1862 559 Vllli

2184 497 2242 550 ὒν
2279 494 2699 568 συνῃσθημένοι,
2738 492 2984 564 ὡσπερεὶ
3027 489 3378 561 διηγούμενοι
3424 487 3538 540 καὶ
3578 486 3690 556 τὴν

356 610 514 659 ratus
550 609 656 667 est,
702 616 828 657 cum
868 601 1076 671 lapides
1128 614 1276 671 quos
1321 598 1663 668 conjicerent
1696 597 1753 651 in
1804 610 1952 660 eum,

356 696 732 767 arripuerunt.
768 693 832 747 Et
854 713 872 745 ι
896 694 1119 747 attritus
1143 699 1249 756 est,
1276 693 1372 759 ait,
1399 699 1622 762 propter
1635 691 1959 747 scelerano—

356 797 527 843 atra.»
552 785 746 841 Melius
767 786 913 841 enim
940 800 1103 855 quam
1127 784 1330 840 Paulus
1356 784 1588 839 inlirmis
1612 783 1955 852 compatiens

355 878 611 933 Christus
649 875 836 932 dicere
885 879 1063 948 potuit
1098 892 1117 931 :
1160 896 1177 927 ι
1202 874 1338 943 Quis
1382 874 1719 939 inﬁrmatur,
1745 881 1803 928 et
1844 890 1955 928 non

355 969 608 1028 inﬁrmor
637 969 704 1022 ¹⁶ί
748 988 767 1021 ι
806 969 931 1024 Haec
962 984 1091 1023 vero
1121 969 1304 1023 omnia
1348 966 1648 1022 contitetur
1692 966 1955 1036 pr0pheta

356 1072 582 1134 propter
614 1062 818 1132 ipsum,
854 1076 1186 1132 omnemque
1220 1060 1481 1130 populum
1506 1074 1802 1131 passurum
1832 1073 1957 1113 esse

356 1154 537 1219 illum,
572 1153 642 1210 de
689 1169 799 1225 quo
842 1153 1051 1208 dicitur
1087 1169 1099 1205 :
1142 1172 1162 1205 ι
1208 1152 1547 1207 Vulneratus
1592 1160 1681 1207 est
1732 1158 1958 1222 propter

359 1247 678 1319 iniquitates
716 1257 961 1314 nostras,
984 1254 1038 1301 et
1079 1246 1303 1300 attritus
1339 1253 1425 1301 est
1474 1254 1700 1316 propter
1744 1245 1956 1300 scelera

356 1347 576 1395 nostra.
613 1357 634 1392 ι
667 1339 741 1393 Se
774 1341 954 1409 ipsum
982 1353 1205 1408 quoque
1232 1338 1533 1407 designans
1551 1337 1743 1407 adjicit
1775 1356 1787 1388 :
1825 1354 1844 1387 ι
1875 1334 1959 1390 Li-

356 1447 492 1487 vore
538 1433 659 1503 ejus
710 1434 891 1486 sanati
935 1448 1149 1487 smnus.
1193 1450 1213 1483 ι
1272 1430 1560 1487 Manifeste
1611 1432 1957 1502 prospiciens

357 1537 519 1593 quem
546 1523 600 1577 in
625 1536 869 1577 errorem
897 1522 1200 1577 declinaret
1225 1522 1673 1578 circumeisionis
1697 1522 1953 1592 p0pulus,

356 1615 914 1687 certiorque‘nullum
948 1629 1178 1685 prorsus
1209 1614 1486 1668 hominem
1521 1615 1734 1685 peccati
1758 1615 1927 1668 immu
1947 1642 1959 1653 -

356 1724 483 1763 nem
517 1723 661 1773 esse,
693 1709 794 1762 etsi
823 1707 1173 1777 justissimus
1211 1708 1485 1773 videatur,
1533 1705 1686 1761 addit
1720 1724 1734 1760 :
1772 1725 1789 1756 ι
1824 1705 1956 1759 0m-

2059 590 2241 643 αίτίαν
2282 588 2380 659 τῆς
2408 586 2665 657 τοιαύτης
2707 583 3021 653 οἰκονομίας
3052 578 3559 649 διδάσκοντος(τες)
3594 580 3687 629 τό·

2064 698 2083 730 ι
2116 673 2290 740 Οὗτος
2335 676 2435 738 τὰς
2486 673 2762 746 ἁμαρτίας
2807 671 2967 742 ήμῶν
3015 670 3192 742 φέρει,
3218 668 3479 738 καὶπερὶ
3507 666 3692 737 ἡμῶν

2056 769 2332 823 όδυνᾶται·
2380 785 2400 819 ι
2437 765 2626 837 ἑώρων
2655 763 2786 834 γὰρ,
2820 758 2907 815 οἷα
2939 762 3003 833 δὴ
3042 761 3342 833 προφῆται,
3372 758 3512 813 τίνα
3548 757 3693 828 τρό-

2058 878 2160 916 πον
2182 862 2476 932 γενήσεται
2501 858 2675 930 ἀμνὸς
2696 856 2790 910 τοῦ
2813 856 2972 921 Θεοῦ,
3010 874 3028 907 ι
3062 855 3233 926 αἴρων
3255 852 3355 924 τὴν
3374 850 3693 922 ἁμαρτίαν

2055 954 2151 1007 τοῦ
2178 953 2407 1023 κόσμου.
2445 972 2464 1005 ι
2511 950 2861 1021 Ἐπιφέρεται
2890 947 3119 1010 τούτοιςο
3160 965 3179 998 ι
3223 946 3420 1016 Ἡμεῖς
3448 943 3524 997 δὲ
3560 942 3692 995 ἐλο-

2056 1045 2330 1117 γισάμεθα
2369 1044 2532 1097 αὑτὸν
2564 1039 2702 1096 εἶναι
2732 1043 2791 1094 ὲν
2824 1041 2970 1110 πόνῳ
3006 1039 3100 1094 καὶ
3140 1040 3198 1090 ἐν
3238 1036 3423 1107 πληγῇ
3468 1036 3588 1088 καὶ
3621 1039 3690 1089 ὲν

2058 1137 2321 1193 κακώσει·
2371 1136 2534 1200 αὐτὸς
2586 1135 2644 1190 δὲ
2685 1133 3095 1207 ἐτρωματίσθη
3140 1132 3228 1185 διά
3276 1131 3380 1194 τὰς
3421 1129 3690 1200 ἀνομίας

2057 1236 2236 1307 ἡμῶν·
2271 1254 2289 1285 ι
2313 1233 2544 1303 δυνάμει
2574 1229 2683 1302 γὰρ
2705 1230 2801 1284 καὶ
2824 1225 3253 1301 ὲτραυματίσθη,
3284 1226 3375 1278 ὅτε
3595 1222 3688 1273 λέ-

2057 1328 2185 1392 θους
2211 1326 2395 1398 βαλεῖν
2420 1324 2506 1377 ἐπ’
2527 1324 2708 1378 αὐτόν’
2728 1322 2821 1375 καὶ
2853 1340 2873 1373 ι
2906 1319 3307 1392 μεμαλάκισται
3326 1336 3346 1369 ι
3379 1316 3460 1381 δὲ,
3507 1316 3685 1387 φησὶ,

2064 1436 2084 1470 ι
2112 1418 2200 1472 διά
2225 1418 2322 1481 τὰς
2352 1418 2629 1491 ἁμαρτίας
2654 1416 2832 1488 ἡμῶν.
2860 1434 2879 1466 ι
2916 1413 3130 1467 Μᾶλλον
3158 1411 3270 1483 γάρ
3301 1409 3535 1464 Παύλου
3561 1410 3687 1470 τοῖς

2058 1511 2309 1565 ἀσθενέσι
2356 1508 2761 1581 συνασθενησας
2803 1506 3058 1578 Χριστὸς,
3104 1501 3257 1558 εἶπεν
3286 1505 3355 1559 ἂν
3386 1502 3470 1556 τό·
3519 1522 3545 1554 ‹
3576 1502 3686 1564 Τίς

2060 1603 2296 1668 ἀσθενεῖ,
2328 1603 2425 1658 καί
2444 1603 2545 1656 ούκ
2570 1600 2784 1656 ἀσθενῶ
2807 1618 2821 1667 ;
2861 1619 2881 1652 ›
2910 1599 3094 1653 Ταῦτα
3120 1597 3176 1651 δὲ
3201 1598 3381 1651 πάντα
3400 1594 3687 1666 ὁμολογεῖ

2059 1699 2089 1751 ὁ
2121 1698 2413 1768 προφήτης
2461 1694 2527 1748 δι’
2558 1695 2720 1747 αὐτόν
2751 1711 2811 1747 τε
2840 1695 2934 1747 καὶ
2963 1694 3055 1746 τὸν
3100 1690 3281 1745 πάντα
3309 1689 3442 1742 λαὸν
3472 1688 3686 1740 πείσε-

356 1816 458 1856 nes
482 1816 582 1856 nos
604 1802 761 1870 quasi
782 1817 914 1856 oves
943 1801 1252 1856 erravimus
1279 1819 1292 1854 :
1328 1799 1708 1870 unusquisque
1729 1800 1785 1854 in
1811 1800 1862 1853 vi

2173 1806 2186 1841 ι
2233 1788 2325 1841 τὸν
2369 1788 2500 1858 περὶ
2530 1782 2592 1841 οὗ
2627 1788 2656 1839 ό
2683 1786 2859 1855 λόγος·
2898 1805 2916 1837 ι
2972 1782 3415 1858 Ἐτραυματίσθη
3451 1801 3476 1833 ι
3534 1781 3679 1852 γὰρ,

358 1907 516 1947 suam
554 1894 854 1948 declinavit
893 1911 906 1947 :
939 1901 994 1948 et
1041 1894 1226 1964 posuit
1256 1892 1524 1950 Dominus
1562 1894 1617 1948 in
1646 1909 1711 1949 eo
1751 1894 1957 1965 iniqui-

361 1992 532 2040 tatem
564 1987 811 2040 omnium
857 1993 1133 2049 nostrum,
1170 2003 1190 2037 ι
1229 1994 1284 2040 et
1317 2001 1440 2056 qua:
1470 1996 1800 2057 sequuntur,
1836 2002 1958 2057 quae

356 2078 549 2147 procul
584 2076 755 2133 dubio
782 2095 880 2148 per
910 2095 1081 2134 unum
1115 2077 1458 2135 Salvatorem
1484 2088 1737 2137 nostrum
1766 2078 1956 2136 Jesum

357 2168 568 2221 exitum
599 2168 859 2225 habuisse
891 2169 1361 2225 demonstrantur.
1390 2169 1601 2225 Exinde
1624 2185 1958 2242 magnopere

357 2258 611 2314 miranda
650 2269 735 2316 est
767 2261 985 2315 illorum
1021 2260 1322 2325 induratio,
1379 2263 1473 2332 qui
1523 2261 1665 2333 apud
1716 2263 1955 2333 priorem

357 2351 616 2423 populum
643 2367 768 2408 eum
801 2367 1101 2425 agnoscere
1129 2353 1448 2419 noluerunt,
1475 2363 1774 2410 causantes
1804 2370 1954 2418 eum,

355 2459 519 2513 quem
541 2445 856 2516 opprobriis
886 2445 1241 2501 etderisione
1272 2447 1695 2509 lacessiveraut,
1731 2445 1957 2517 indigna

356 2549 583 2605 passum
628 2550 753 2592 esse
786 2535 881 2591 Ι)ρί
913 2537 966 2591 in
1000 2538 1180 2608 ipsum
1233 2538 1632 2594 sollicitudine.
1667 2537 1959 2595 Manifeste

356 2634 624 2698 praeterea
660 2627 1006 2683 exclamante
1055 2629 1322 2699 propheta
1355 2629 1422 2685 de
1459 2645 1546 2695 eo,
1582 2631 1730 2701 quod
1765 2650 1784 2683 ι
1814 2631 1958 2687 sicut

355 2717 478 2771 ovis
511 2716 579 2771 ad
623 2717 963 2773 occisionem
1009 2718 1213 2775 ductus
1244 2729 1349 2785 est,
1379 2728 1433 2776 et
1463 2722 1623 2791 quasi
1657 2737 1832 2793 agnus
1862 2738 1957 2778 co-

357 2821 477 2861 ram
512 2807 770 2865 tondente
800 2826 860 2866 se
893 2811 1169 2866 obmutuit
1203 2828 1307 2868 nec
1348 2814 1565 2883 aperuit
1596 2829 1658 2869 os
1697 2830 1890 2882 suum;
1931 2833 1950 2867 ι

355 2908 412 2956 et
451 2919 470 2952 ι
506 2902 633 2973 quia
679 2902 964 2959 abscissus
1007 2913 1091 2960 est
1124 2906 1192 2961 de
1219 2914 1364 2961 terra
1399 2906 1722 2962 viventium.
1759 2926 1779 2961 ι
1818 2906 1956 2975 Quis

365 3002 548 3048 autem
594 3009 704 3049 non
770 2996 1073 3052 admiretur
1129 3014 1250 3068 quae
1314 3007 1439 3069 post
1490 2999 1608 3055 haec
1653 2999 1952 3067 adduntur,

356 3087 682 3156 prOphetam
712 3087 986 3144 dicentem
1020 3089 1252 3147 audiens
1280 3107 1292 3142 :
1325 3109 1344 3142 ‹
1386 3089 1618 3162 Propter
1647 3092 1830 3149 scelus
1854 3108 1953 3163 po-
1983 3125 2028 3184 ο

357 3179 473 3249 puli
502 3179 607 3234 mei
635 3180 837 3236 ductus
860 3189 946 3236 est
985 3182 1053 3237 ad
1086 3184 1358 3238 mortem?
1394 3203 1412 3235 ι
1439 3185 1547 3238 Aut
1581 3186 1757 3241 cuivis
1788 3186 1954 3241 verba

356 3283 470 3323 non
504 3269 824 3336 deﬁcerent,
870 3273 1111 3342 propriis
1160 3276 1392 3330 auribus
1453 3278 1695 3333 audienti
1742 3276 1955 3335 Christi

357 3378 573 3427 vocem,
605 3380 709 3419 nec
745 3366 1092 3440 intelligenti,
1137 3369 1224 3423 vel
1274 3368 1575 3439 ipsissimis
1608 3371 1789 3428 oculis
1832 3371 1955 3442 ejus

356 3457 708 3525 przesentiam
728 3458 1065 3529 inspicienti,
1106 3477 1205 3518 nec
1223 3463 1469 3518 videnti?
1487 3462 1791 3530 Quemnam
1808 3466 1955 3520 enim

358 3547 529 3601 alium
563 3548 827 3605 haberent
852 3551 1149 3608 ostendere
1190 3553 1469 3623 justorum
1507 3564 1729 3627 propter
1761 3573 1956 3613 eorum

359 3640 567 3695 scelera
608 3641 676 3696 ad
726 3649 961 3698 mortem
999 3643 1391 3700 ductum?aut
1420 3649 1544 3718 quis
1589 3627 1717 3705 talis
1765 3649 1951 3716 fuerit,

359 3732 452 3801 qui
502 3732 821 3804 iniquitates
857 3737 1038 3791 omnis
1072 3737 1283 3807 populi,
1318 3739 1680 3811 ipsorumque
1714 3742 1955 3812 prophe-

360 3829 542 3877 tarum
577 3824 815 3887 tulisset,
860 3834 914 3880 et
963 3842 1060 3897 pro
1091 3830 1174 3883 eis
1219 3843 1420 3898 passus
1471 3839 1640 3895 esset,
1674 3832 1747 3885 ita
1780 3841 1839 3887 ut
1888 3832 1955 3886 li-

357 3930 490 3972 vore
536 3916 657 3985 ejus
693 3932 885 3974 omnes
933 3919 1057 3974 illos
1105 3931 1330 3976 sanatos
1383 3922 1555 3978 fuisse
1598 3925 1954 3981 confiteretur

358 4008 627 4079 propheta
656 4009 847 4065 dicens
877 4028 891 4066 :
926 4028 944 4061 ι
976 4009 1076 4066 Hic
1120 4012 1445 4083 iniquitates
1478 4023 1695 4071 nostras
1724 4018 1869 4082 tulit,
1901 4027 1955 4073 et

359 4112 462 4169 pro
482 4098 642 4154 nobis
665 4114 865 4170 passus
886 4107 992 4164 est,
1026 4108 1080 4154 et
1112 4100 1284 4157 livore
1310 4101 1434 4171 ejus
1464 4103 1642 4157 sanati
1672 4103 1904 4159 sumus?
1927 4123 1946 4155 ο

358 4191 499 4257 Quis
540 4193 795 4247 humanae
824 4193 1102 4263 particeps
1153 4203 1365 4249 naturae
1396 4195 1523 4252 talis
1556 4196 1727 4260 tieret,
1762 4204 1822 4250 ut
1859 4212 1952 4251 ne-

357 4298 469 4353 que
504 4282 689 4339 verbis
732 4300 910 4354 neque
959 4285 1222 4354 operibus
1271 4286 1574 4356 quidquam
1618 4289 1948 4356 peccaverit,

360 4383 422 4431 ut
463 4376 533 4432 de
573 4376 694 4447 ipso
741 4377 927 4431 divina
974 4389 1208 4433 testatur
1255 4377 1542 4449 Scriptura
1591 4379 1677 4434 his
1716 4381 1898 4437 verbis
1933 4400 1945 4435 :

2060 1882 2218 1951 φησὶ,
2248 1899 2267 1931 ‹
2296 1880 2386 1933 διὰ
2413 1879 2513 1944 τὰς
2544 1879 2774 1950 ἀνομίας
2804 1878 2985 1950 ὴμῶν,
3015 1878 3112 1931 καὶ
3138 1876 3563 1949 μεμαλάκιοται
3584 1875 3681 1929 διὰ

2056 1973 2156 2036 τάς
2190 1972 2469 2044 ἁμαρτίας
2500 1972 2680 2043 ἡμῶν·
2712 1991 2731 2023 ι
2777 1970 3197 2040 συγκαταλέγων
3218 1986 3281 2022 τε
3310 1968 3514 2022 ἑαυτὸν
3547 1968 3679 2019 ἑπι-

2059 2065 2215 2136 φέρει
2250 2063 2443 2132 λέγων’
2482 2082 2500 2113 ι
2544 2062 2636 2132 Τῷ
2669 2061 2897 2134 μώλωπι
2930 2061 3093 2115 αὑτοῦ
3131 2061 3293 2132 ἡμεῖς
3338 2058 3609 2130 ίάθημεν.
3648 2078 3669 2108 ι

2060 2156 2255 2225 Σαφῶς
2288 2173 2346 2208 τε
2378 2154 2579 2227 ἐνορῶν
2612 2155 2711 2226 τὴν
2744 2154 3042 2226 γενομένην
3084 2156 3169 2207 ἔπ’
3201 2152 3352 2224 αύτῷ
3386 2153 3566 2205 παντὶ
3592 2151 3677 2221 τῷ

2060 2250 2125 2301 ἐκ
2158 2248 2461 2318 περιτομῆς
2489 2246 2605 2318 λαῷ
2634 2246 2865 2317 πλάνην,
2902 2247 2997 2299 καὶ
3026 2246 3110 2299 ὃτι
3150 2245 3224 2317 μὴ
3256 2244 3407 2298 ἔστιν
3439 2245 3673 2314 ἀνθρω-

2059 2359 2159 2406 πος
2184 2342 2242 2406 ὃς
2285 2343 2385 2414 ούχ
2415 2343 2819 2414 ἁμαρτήσεται,
2861 2341 2963 2395 κᾶν
3000 2344 3028 2395 ὁ
3066 2341 3285 2395 πάντων
3312 2340 3670 2404 δικαιότατος

2058 2428 2198 2485 εἶναι
2229 2432 2384 2504 δοκῇ,
2425 2432 2689 2502 ἐπιλέγει·
2720 2451 2737 2483 ι
2765 2432 2973 2497 Πάντες
2998 2432 3075 2496 ὡς
3099 2432 3348 2500 πρόϐατα
3384 2432 3446 2499 (f.
3487 2431 3563 2486 57
3586 2434 3666 2501 τ’)

2063 2526 2473 2598 ὲπλανήθημεν·
2514 2526 2800 2599 ἄνθρωπος
2829 2527 2930 2598 τὴν
2971 2526 3088 2580 ὁδὸν
3134 2525 3298 2579 αὐτοῦ
3348 2524 3664 2597 ἐπλανήθη⁸

2061 2620 2159 2673 καὶ
2178 2620 2383 2692 Κύριος
2401 2619 2717 2692 παρέδωκεν
2739 2619 2901 2672 αὐτὸν
2930 2621 3049 2682 ταῖς
3081 2619 3386 2689 ἁμαρτίαις
3423 2618 3610 2689 ἡμῶν·
3634 2637 3658 2669 ι

2060 2713 2157 2767 καὶ
2185 2712 2255 2766 τά
2284 2712 2496 2777 τούτοις
2525 2712 2816 2777 ἀκόλουθα,
2843 2710 2879 2766 ἀ
2905 2712 3000 2766 καὶ
3023 2711 3413 2783 ἀναμφιλόγως
3442 2713 3543 2765 ἐπὶ
3566 2711 3662 2783 μό-

2059 2826 2153 2864 νου
2172 2808 2267 2863 τοῦ
2300 2809 2556 2882 Σωτῆρος
2582 2810 2614 2879 ἡ
2623 2808 2739 2880 μῶν
2775 2807 2950 2879 Ἰησοῦ
2973 2808 3143 2880 πέρας
3169 2807 3434 2879 εἰληφότα
3453 2805 3662 2859 δείκνυ-

2057 2918 2168 2955 ται·
2197 2901 2321 2955 ὅθεν
2350 2903 2445 2955 καὶ
2471 2902 2772 2974 θαυμάζειν
2793 2901 2942 2966 ἀξιον
2970 2901 3071 2972 τῆς
3092 2899 3405 2971 πωρώσεως
3428 2900 3562 2963 τοὺς
3585 2900 3661 2970 μὴ

2060 2994 2457 3066 προσιεμένους
2486 2995 2649 3048 αὐτὸν
2674 2993 2769 3047 τοῦ
2800 2994 3065 3066 προτέρου
3103 2992 3234 3046 λαοῦ
3271 2993 3553 3065 προφάσει
3593 2991 3662 3045 δι’

2059 3081 2135 3142 ὧν
2160 3086 2505 3151 ἐπεδείξαντο
2528 3087 2649 3139 κατ’
2684 3074 2871 3150 αὐτοῦ,
2908 3087 2992 3155 ἐφ’
3020 3080 3101 3150 οἷς
3124 3086 3385 3156 ὲπιγελᾷν
3418 3088 3520 3140 καί⁵
3539 3087 3661 3140 δια-

2063 3178 2248 3250 σύρειν
2292 3180 2477 3241 αύτοῖς
2507 3179 2649 3245 ἔθος,
2690 3179 2767 3243 ὡς
2808 3180 2882 3251 μὴ
2915 3179 3040 3246 ἄξια
3083 3179 3393 3233 πεπονθότα
3432 3180 3539 3251 τῆς
3565 3180 3659 3236 τοῦ

2058 3271 2195 3326 Θεοῦ
2230 3274 2361 3345 περὶ
2386 3272 2550 3326 αὑτοῦ
2584 3273 2865 3345 φροντίδος
2892 3290 2903 3302 ·
2947 3260 3131 3342 σαφῶς
3173 3273 3311 3344 πρὸς
3351 3278 3470 3337 τοῖς
3499 3277 3657 3348 εἰρη-

2061 3367 2242 3438 μένοις
2275 3364 2615 3430 ἀναϐοῶντος
2651 3364 2746 3419 τοῦ
2778 3368 3059 3439 προφήτου
3090 3367 3218 3437 περὶ
3258 3366 3449 3428 αὐτοῦ,
3480 3368 3567 3420 ὅτι
3596 3385 3656 3421 τι

2063 3476 2083 3510 ι
2117 3458 2194 3522 ώς
2248 3458 2518 3530 πρόϐατον
2539 3460 2633 3512 ἐπὶ
2662 3461 2879 3530 σφαγὴν
2905 3460 3068 3532 ἤχθη,
3099 3460 3193 3512 καὶ
3214 3460 3291 3523 ὼς
3308 3459 3487 3530 ἀμνὸς
3508 3462 3651 3513 ἐναν-

2055 3549 2171 3602 τίον
2207 3547 2303 3602 τοῦ
2336 3549 2611 3621 κείροντος
2650 3552 2813 3604 αὑτὸν
2842 3550 3077 3620 ἄφωνος,
3111 3550 3285 3614 οὕτως
3310 3551 3417 3603 οὐκ
3446 3552 3650 3617 ἀνοίγει

2055 3640 2117 3694 τὸ
2152 3642 2327 3713 στόμα
2361 3643 2548 3696 αὑτοῦ·
2589 3662 2607 3695 ι
2643 3644 2739 3698 καὶ
2763 3645 2845 3697 ὃτι
2884 3662 2902 3693 ‹
2952 3644 3165 3715 αἴρεται
3194 3643 3301 3697 ἀπὸ
3339 3642 3447 3713 τῆς
3480 3644 3583 3713 γῆς
3610 3645 3644 3714 ἡ

2056 3732 2169 3803 ζωὴ
2202 3734 2389 3789 αὐτοῦ.
2428 3753 2447 3787 ι
2488 3735 2585 3799 Τίς
2614 3735 2660 3787 δ’
2687 3735 2787 3789 οὐκ
2816 3735 2881 3788 ἂν
2913 3735 3324 3806 ἀποθαυμάσειε
3366 3736 3502 3788 πᾶσι
3537 3737 3647 3799 τοῖς

2055 3824 2610 3895 προκατειλεγμὲνοις
2655 3825 3069 3897 ἐπιφερόμενον,
3117 3824 3332 3879 ἀκούων
3375 3824 3511 3895 πρὸς
3553 3824 3642 3877 τοῦ

2057 3917 2338 3987 προφήτου
2371 3917 2623 3986 λέγοντος
2651 3918 2733 3971 τό·
2766 3938 2783 3968 ι
2809 3918 2944 3970 Ἀπὸ
2974 3917 3083 3970 τῶν
3113 3917 3355 3987 ἀνομιῶν
3387 3916 3479 3969 τοῦ
3514 3915 3639 3969 λαοῦ

2059 4026 2160 4079 μου
2195 4008 2337 4081 ἤχθη
2371 4011 2450 4073 εἰς
2480 4008 2739 4074 θάνατον;
2773 4029 2792 4063 ι
2828 4010 2861 4081 ἢ
2893 4010 2947 4063 τί
2974 4010 3020 4063 δ’
3040 4009 3106 4064 ἂν
3127 4011 3266 4081 πρὸς
3287 4009 3462 4063 ταῦτα
3490 4010 3639 4079 εὐρε-

2061 4103 2399 4172 σιλογήσειεν
2445 4102 2494 4154 οί
2543 4101 2604 4155 τὸ
2643 4101 2811 4165 ὅντως
2844 4101 2981 4172 (εἰς),
3015 4103 3153 4173 ἀκοῇ
3187 4101 3521 4166 ἀκούσαντες
3544 4104 3636 4173 τῆς

2056 4192 2150 4246 τοῦ
2180 4190 2420 4263 Χριστοῦ
2443 4191 2648 4262 φωνῆς,
2664 4192 2757 4245 καὶ
2779 4191 2856 4263 μὴ
2873 4190 3341 4254 συνέντες,αύτοῖς
3358 4208 3420 4243 τε
3450 4190 3636 4260 ὀφθαλ-

2059 4287 2182 4356 μοῖς
2226 4283 2602 4355 ὲμϐλέψαντες
2644 4286 2726 4348 είς
2771 4285 2873 4356 τὴν
2944 4286 3253 4356 παρουσίαν
3304 4285 3493 4351 αὐτοῦ,
3546 4287 3632 4339 καὶ

2057 4375 2132 4447 μὴ
2175 4374 2418 4441 ίδόντες;
2456 4374 2591 4429 Τίνα
2617 4376 2728 4446 γὰρ
2765 4375 2925 4431 ἄλλον
2968 4376 3143 4446 ἔχοιεν
3186 4377 3252 4429 ἂν
3285 4377 3393 4428 τῶν
3418 4376 3631 4430 δικαίων

364 4488 384 4521 ι
413 4466 766 4540 lniquitatem
819 4485 929 4523 non
968 4469 1115 4536 fecit,
1145 4486 1323 4541 neque
1369 4471 1626 4527 inventus
1672 4479 1757 4526 est
1788 4473 1870 4525 dol

2120 4469 2409 4540 ιραστῆσαι
2452 4469 2561 4522 ἀπὸ
2606 4467 2716 4522 τῶν
2761 4469 3048 4540 ἁμαρτιῶν
3088 4469 3268 4522 αὐτῶν
3295 4469 3526 4539 ἀχθέντα
3556 4473 3626 4535 εἰς

359 4559 416 4614 in
455 4574 552 4617 ore
581 4560 738 4629 ejus?
766 4580 784 4611 ι
829 4559 1004 4627 Quam
1037 4562 1108 4615 ob
1139 4558 1385 4628 causam,
1435 4572 1725 4635 postquam
1752 4564 1951 4634 praedi-

357 4658 515 4706 catus
546 4658 631 4707 est
657 4651 948 4707 ducendus
979 4652 1119 4707 sicut
1148 4653 1266 4707 ovis
1289 4652 1355 4706 ad
1380 4653 1742 4718 occisionem,
1767 4655 1949 4725 ipsum

356 4742 691 4813 praenuntiat
727 4740 1015 4812 Scriptura
1042 4750 1269 4814 propter
1299 4741 1621 4815 iniquitates
1655 4747 1844 4816 populi
1879 4745 1949 4800 ad

355 4845 594 4892 mortem
627 4833 1000 4890 damnandum
1032 4838 1195 4892 esse?
1233 4835 1428 4891 Dicant
1455 4852 1589 4893 vero
1634 4851 1705 4892 an
1752 4854 1951 4909 exspe-

358 4937 542 4984 ctatus
580 4928 647 4984 ab
677 4929 749 4983 iis
779 4928 1036 4985 Christus
1075 4936 1343 4987 venturus
1390 4930 1507 4985 bmc
1539 4931 1724 4985 omnia
1752 4946 1949 5001 passu-

356 5034 455 5076 rus
481 5022 574 5086 sit,
632 5037 755 5092 quae
793 5023 1094 5094 prOphetire
1126 5021 1194 5078 de
1242 5036 1308 5078 eo
1350 5023 1812 5092 przenuntiavere,
1859 5024 1948 5079 vel

358 5112 567 5183 aliquid
610 5114 792 5169 simile
826 5115 970 5186 apud
1006 5115 1187 5184 ipsum
1227 5113 1479 5170 futurum
1516 5115 1609 5170 sit.
1652 5113 1858 5170 Verum
1898 5116 1946 5172 si

355 5212 584 5276 propter
627 5218 690 5260 ea
721 5221 843 5277 qua:
875 5204 1146 5261 Salvatori
1188 5216 1382 5262 nostro
1412 5207 1735 5261 acciderunt
1780 5222 1809 5261 a
1843 5206 1948 5265 ﬁde

355 5299 415 5353 in
458 5314 586 5354 eum
646 5299 1018 5367 deterrentur,
1075 5316 1187 5355 non
1237 5300 1425 5357 dicere
1467 5301 1671 5357 habent
1719 5301 1788 5358 de
1835 5318 1946 5374 quo

356 5393 475 5449 hac
506 5402 849 5465 exspectent.
887 5393 1149 5466 Superest
1201 5395 1370 5467 igitur
1393 5396 1553 5466 juxta
1597 5410 1699 5455 eos.
1743 5403 1803 5450 ut
1834 5411 1945 5450 non

358 5487 509 5542 exitu
555 5488 912 5557 comprobata
947 5497 1000 5543 et
1046 5488 1339 5543 manifeste
1378 5488 1599 5543 fallacia
1631 5488 1796 5543 verba
1848 5487 1945 5544 Dei

359 5573 839 5644 demonstrentur;
865 5592 977 5631 non
1008 5592 1139 5633 vero
1161 5578 1320 5649 juxta
1360 5595 1486 5647 nos,
1517 5579 1718 5651 quibus
1748 5578 1883 5635 nihil
1913 5596 1944 5635 a

434 5756 449 5785 ί
475 5751 517 5806 ll
550 5752 677 5809 Cor.
719 5768 792 5818 tu,
826 5753 915 5807 29.

2054 4558 2320 4626 θάνατον;
2354 4560 2424 4613 Ἦ
2461 4560 2544 4623 τίς
2586 4559 2829 4623 τοιοῦτος
2867 4563 3183 4633 γεγένηται,
3223 4561 3301 4625 ὡς
3326 4562 3423 4625 τὰς
3454 4563 3626 4634 ἀμαρ-

2050 4653 2174 4716 τίας
2202 4652 2407 4716 παντὸς
2449 4653 2544 4705 τοῦ
2583 4651 2715 4706 λαοῦ
2743 4653 2839 4707 καὶ
2862 4655 3042 4708 αὐτῶν
3069 4654 3180 4707 τῶν
3210 4655 3504 4727 προφητῶν
3535 4657 3625 4726 φέ-

2055 4763 2191 4818 ρειν,
2230 4747 2325 4799 καὶ
2369 4745 2653 4800 ὀδυνᾶσθαι
2695 4746 2828 4818 περὶ
2867 4747 3068 4811 αὐτῶν,
3112 4746 3252 4801 ῶστε
3299 4747 3377 4818 τῷ
3409 4748 3622 4818 μώλωπι

2050 4839 2218 4893 αὐτοῦ
2252 4839 2434 4893 ἰᾶσθαι
2480 4839 2691 4903 πάντας
2733 4841 2933 4905 αὐτοὺς
2966 4839 3272 4911 ὁμολογεῖν,
3301 4841 3619 4910 φάσκοντας·

2055 4950 2073 4983 ι
2112 4924 2283 4995 Οὗτος
2311 4931 2412 4996 τάς
2447 4933 2725 5005 ἁμαρτίας
2766 4931 2924 5003 ἡμῶν
2958 4933 3137 5004 φέρει,
3179 4932 3276 4986 καὶ⁵
3319 4935 3447 5005 περὶ
3478 4934 3622 5005 ἡμῶν

2047 5023 2323 5086 ὀδυνᾶται,
2373 5024 2468 5078 καὶ
2511 5024 2591 5095 τῷ
2647 5022 2875 5095 μώλωπι
2908 5023 3074 5078 αὑτοῦ
3105 5026 3269 5096 ἡμεῖς
3314 5024 3570 5096 ίάθημεν;
3596 5047 3614 5079 ι

2048 5117 2146 5180 Τίς
2167 5116 2213 5170 δ’
2237 5116 2588 5190 ἀνθρωπίνης
2615 5116 2797 5188 λαχὼν
2821 5115 3038 5186 φύσεως
3057 5116 3255 5186 γένοιτ’
3281 5117 3349 5170 ἂν
3371 5117 3614 5182 τοιοῦτικ,

2048 5209 2189 5264 ὥστε
2226 5212 2362 5283 μήτε
2390 5211 2534 5281 λόγῳ
2555 5211 2691 5283 μήτε
2721 5211 2867 5283 ἔργῳ
2897 5212 3250 5285 ἡμαρτῆσθαι
3278 5230 3332 5266 τι
3365 5212 3616 5284 αύτῷ,ὼς

2048 5303 2337 5375 ἀληθεύειν
2377 5302 2641 5371 λέγουσαν
2686 5303 2816 5375 περὶ
2852 5303 3019 5357 αὐτοῦ
3059 5303 3156 5375 τὴν
3195 5304 3347 5359 θείαν
3389 5306 3611 5377 Γραφὴν,

2049 5396 2134 5449 ὅτι
2163 5414 2183 5446 ι
2214 5396 2447 5467 ἀνομίαν
2493 5396 2596 5449 οὐκ
2616 5396 2892 5468 ἐποίησεν,
2915 5396 3035 5450 οὐδὲ
3053 5395 3201 5460 δόλος
3225 5398 3284 5450 ὲν
3310 5395 3389 5466 τῷ
3410 5398 3613 5469 στόματι

2047 5488 2252 5553 αὐτοῦς
2290 5510 2308 5543 ι
2351 5491 2475 5545 Ἐπὶ
2513 5491 2643 5563 ποίᾳ
2672 5490 2727 5544 δὲ
2762 5491 2911 5563 αἰτία
2946 5491 3037 5544 τὸν
3064 5492 3156 5545 ἐπὶ
3183 5490 3396 5556 τούτοις
3421 5510 3611 5565 μαρτυ-

2052 5580 2313 5654 ρούμενον
2340 5583 2417 5646 ὡς
2457 5581 2729 5655 πρόϐατον
2764 5583 2855 5636 ἐπὶ
2886 5581 3101 5653 σφαγὴν
3150 5581 3505 5654 ἀχθήσεσθαι,
3532 5583 3612 5638 καὶ
