3814 6220
452 328 586 385 1251

1056 329 1324 386 EUSEBII
1364 329 1850 386 CASSARIENSIS
1889 325 2040 386 OPP.
2105 329 2304 386 ΡΑιιδ.
2351 330 2438 388 Ill.
2467 363 2527 374 —
2569 331 2979 387 EXEGETICA.

3613 324 3751 387 ἰεεε

450 445 548 510 tia,
611 444 805 500 ﬂemus
858 452 1080 514 propter
1133 442 1423 498 Dominum
1482 442 1654 498 Deum
1715 445 1859 514 ejus,
1913 445 2000 516 qui

2156 445 2526 515 κατεφύγομεν
2577 444 2663 498 ἐπ’
2693 445 2881 511 αὑτὸν,
2913 447 3009 517 τῆς
3045 445 3316 517 προτέρας
3367 446 3749 514 ἀποφυγόντες

449 536 779 606 gloriﬁcavit
807 551 954 591 eum.
997 533 1344 590 Manifestum
1377 545 1462 589 est
1493 552 1600 605 qua
1630 536 1843 590 ratione
1871 538 2042 608 glorio-

451 628 698 684 ticaverit
721 644 846 683 eum
883 626 1064 692 Pater,
1094 627 1252 696 juxta
1291 627 1432 682 hanc
1467 627 1534 681 ad
1565 645 1690 682 eum
1723 644 1754 684 e
1775 632 1917 684 caelo
1943 631 2041 685 dev

449 721 675 775 missam
722 734 952 774 vocem:
984 737 1003 769 ι
1043 717 1104 771 Et
1152 719 1448 772 clariﬁcavi
1503 726 1558 774 ct
1594 721 1794 776 iterum
1839 723 2041 776 clarill-

447 812 656 867 cabo‘.
690 830 710 863 ι
743 810 1042 865 Videamus
1097 818 1279 865 autem
1330 826 1514 866 annon
1561 823 1870 883 congruant
1917 830 2040 884 qua:

447 905 537 959 hic
567 906 847 966 dicuntur,
879 904 1091 958 scilicet
1120 921 1132 955 :
1167 922 1184 954 ι
1220 903 1360 959 Ecce
1387 913 1602 975 gentem
1621 923 1792 977 quam
1823 910 2041 963 nescie-

445 999 547 1053 bas
581 998 806 1052 vocabis
837 1015 850 1050 :
883 1007 936 1052 et
965 1005 1156 1066 gentes
1187 1012 1310 1068 qua:
1344 1007 1398 1052 te
1423 1014 1532 1053 non
1561 1011 1940 1070 cognoverunt
1968 1001 2035 1056 ad

446 1100 500 1147 te
528 1099 773 1154 current,
804 1108 824 1143 ι
865 1105 990 1144 cum
1035 1090 1144 1145 illis
1176 1105 1300 1161 quae
1328 1092 1382 1144 in
1415 1090 1758 1160 praecedente
1785 1091 2036 1147 referun-

445 1191 536 1238 tur
581 1184 846 1254 capitulo,
906 1185 1141 1248 scilicet,
1181 1201 1201 1235 ι
1231 1184 1435 1254 quibus
1485 1201 1595 1239 non
1645 1186 2034 1240 annuntiatum

443 1286 528 1332 est
560 1277 628 1333 de
657 1294 744 1340 eo,
777 1278 1056 1341 viderunt,
1097 1285 1152 1333 et
1185 1277 1278 1348 qui
1316 1295 1423 1332 non
1457 1277 1754 1334 audierunt
1786 1287 2037 1334 contem-

443 1370 574 1440 plati
624 1377 773 1425 sunt.
808 1389 825 1421 ι
891 1369 988 1426 His
1031 1370 1234 1426 similia
1291 1369 1647 1425 inveniuntur
1692 1371 1746 1426 in
1801 1373 2034 1442 septimo

441 1463 659 1519 decimo
723 1463 966 1532 psalmo,
1026 1477 1057 1518 e
1120 1462 1328 1517 Christi
1402 1478 1635 1533 persona
1684 1481 1697 1516 :
1740 1462 2034 1534 «Populus

441 1571 604 1624 quem
641 1555 958 1626 ignorabam
992 1556 1218 1610 servivit
1247 1555 1406 1620 mihi,
1447 1557 1500 1609 in
1530 1555 1718 1609 auditu
1761 1556 1877 1610 oris
1903 1557 2033 1610 obe-

439 1647 576 1702 divit
605 1648 738 1702 mihi
763 1648 803 1700 ¹.
835 1666 853 1698 ι
891 1645 1184 1718 Nos'igitur
1205 1663 1364 1702 veras
1378 1647 1663 1703 credentes
1682 1648 2029 1718 prophetias,

442 1739 694 1809 impletas
749 1738 920 1794 fuisse
971 1755 1066 1794 eas
1106 1738 1410 1794 Salvatoris
1457 1742 1630 1795 nostri
1663 1739 1896 1794 adventu
1933 1755 2030 1810 pro

2151 537 2379 606 πλάνης,
2400 536 2492 589 καὶ
2518 537 2623 588 ὑπὸ
2644 537 2743 600 τὰς
2765 537 3148 608 ἀντικειμένας
3174 538 3457 610 ἐνεργείας
3477 538 3748 602 δουλείας.

2149 628 2336 682 Ταῦτα
2357 628 2434 690 δὲ,
2467 629 2630 698 φησὶν
2658 629 2691 698 ή
2730 627 3057 700 προφητεία,
3091 627 3387 699 γενήσεσθε
3421 629 3620 682 ’ἐνεκεν
3645 631 3750 682 Κυ-

2152 722 2268 792 ρίου
2285 719 2379 772 τοῦ
2395 719 2529 772 Θεοῦ
2548 719 2736 784 αὑτοῦ,
2759 720 2842 772 ὅτι
2861 719 3113 786 ἐδόξασεν
3129 720 3311 774 αὑτόνο
3335 722 3507 790 σαφὲς
3531 721 3579 774 δ’
3608 722 3750 784 ὅπως

2148 813 2400 878 ἐδόξασεν
2431 812 2590 865 αὑτὸν
2617 814 2646 865 6
2678 812 2868 884 Πατὴρ
2913 813 3055 867 κατά
3094 813 3191 884 τὴν
3243 813 3574 884 ἐνεχθεῖσαν
3618 814 3750 882 πρὸς

2147 904 2310 959 αὑτὸν
2353 905 2412 969 ἐξ
2455 903 2689 977 ούρανοῦ
2717 906 2923 976 φωνην,
2965 907 3099 978 τήν·
3143 925 3162 957 ι
3209 906 3320 959 Καὶ
3361 906 3628 973 ἐδόξασα,
3661 905 3752 958 καὶ

2147 997 2310 1050 πάλιν
2332 996 2557 1062 δοξάσω.
2598 1017 2617 1050 ι
2645 999 2788 1070 Ὅρα
2813 999 2857 1052 δ’
2887 1002 2936 1052 εί
2965 999 3039 1070 μὴ
3064 1001 3300 1070 συγγενῆ
3334 1001 3610 1069 τυγχάνει
3639 1001 3750 1062 τοῖς

2147 1091 2334 1145 ἐνθάδε
2369 1095 2550 1164 ῥητοῖς
2579 1093 2848 1162 φάσκουσι
2874 1095 2955 1148 τόο
2994 1114 3012 1144 ι
3054 1093 3222 1163 Ἔθνη
3250 1093 3287 1146 ἃ
3315 1093 3420 1146 οὑκ
3451 1092 3640 1145 οἴδασί
3665 1109 3747 1154 σε,

2144 1183 2561 1236 ἐπικαλέσονταί
2606 1201 2696 1253 σε,
2722 1187 2818 1240 καὶ
2855 1186 2975 1240 λαοὶ
3015 1187 3064 1238 οἳ
3091 1186 3190 1239 οὑκ
3228 1185 3476 1254 ἐγνωσάν
3525 1201 3612 1245 σε,
3653 1185 3746 1236 ἐπὶ

2149 1276 2208 1328 σέ
2241 1275 2694 1346 καταφεύξονται,
2733 1297 2751 1329 ι
2777 1279 2845 1331 τά
2878 1280 2937 1331 ἐν
2968 1277 3046 1348 τῷ
3077 1278 3183 1349 πρὸ
3204 1277 3396 1330 τούτου
3429 1276 3743 1346 κεφαλαίῳ,

2144 1365 2271 1420 ἔνθα
2300 1366 2539 1436 ἐλέγετο,
2564 1369 2646 1422 ὅτι
2665 1389 2682 1419 ι
2707 1363 2788 1434 οἷς
2817 1369 2918 1424 οὑκ
2940 1369 3211 1441 ἀνηγγέλη
3235 1369 3358 1440 περὶ
3379 1368 3556 1422 αὑτοῦ
3584 1369 3746 1436 ὄψον-

2141 1479 2252 1524 ται,
2287 1462 2382 1516 καὶ
2415 1461 2464 1514 οἳ
2496 1463 2597 1516 οὑκ
2625 1462 2896 1534 ἀκηκόασι
2927 1463 3236 1534 συνήσουσι.
3280 1481 3298 1512 ι
3326 1461 3559 1524 Τούτοις
3580 1462 3744 1530 ὃμοια

2139 1553 2396 1624 τυγχάνει
2430 1555 2524 1608 καὶ
2574 1553 2643 1608 τὰ
2677 1557 2736 1608 ἐν
2761 1554 3209 1624 ἑπτακαιδεκάτῳ
3236 1554 3441 1624 ψαλμῷ
3473 1556 3543 1606 ἐκ
3571 1570 3744 1624 προσ-

2140 1641 2290 1694 ώπου
2341 1642 2435 1696 τοῦ
2480 1642 2719 1716 Χριστοῦ
2770 1643 2913 1698 κατά
2954 1643 3039 1696 τόο
3096 1662 3116 1695 ι
3163 1643 3306 1707 Δαὸς
3340 1644 3401 1697 ὃν
3427 1645 3535 1697 οὑκ
3566 1643 3744 1713 ἔγνων

2139 1735 2418 1788 ἐδούλευσέ
2474 1752 2586 1805 μοι,
2631 1737 2711 1799 εἰς
2765 1736 2936 1806 ἀκοὴν
2985 1736 3150 1790 ὠτίου
3207 1736 3489 1808 ὑπήκουσέ
3551 1755 3663 1807 μοι.
3715 1756 3735 1787 ι

439 1843 592 1889 certo
623 1833 912 1898 habemus,
941 1833 1414 1903 intelligimusque
1446 1848 1548 1888 nos
1571 1833 1847 1903 quondam
1881 1833 2000 1903 ipso

2156 1831 2342 1900 Ἡμεῖς
2376 1830 2474 1900 μὲν
2496 1825 2590 1883 οῦν
2619 1829 2838 1900 ἀληθεῖς
2893 1829 3238 1894 πιστεύοντες
3262 1827 3362 1892 τὰς
3393 1830 3742 1901 προφητείας

436 1927 782 1982 errabundas
831 1933 1022 1996 gentes
1070 1925 1264 1987 fuisse.
1321 1925 1660 1996 malignitate
1713 1925 2026 1979 daemonum

435 2021 493 2076 in
523 2036 741 2074 onmem
802 2018 1167 2073 idololatriam
1225 2026 1551 2088 provectos,
1615 2033 1791 2087 neque
1845 2018 2025 2072 solum

434 2128 562 2168 vere
593 2110 765 2167 Deum
793 2115 1215 2180 COgnoscentes,
1250 2123 1427 2178 neque
1460 2109 1624 2162 ullam
1654 2108 2028 2178 propheticam

435 2205 727 2261 audientes
785 2218 1007 2270 vocem;
1058 2209 1438 2257 verumtamen
1494 2199 1800 2256 Salvatoris
1844 2201 2024 2256 nostri

431 2296 562 2352 Jesu
595 2295 868 2359 doctrina,
906 2293 973 2348 ad
1013 2293 1258 2348 omnium
1307 2292 1401 2348 Dei
1445 2294 1736 2348 scientiam
1768 2293 2022 2363 perveni-

431 2407 578 2453 mus,
607 2389 920 2458 divinisque
955 2387 1292 2442 credidimus
1317 2385 1642 2456 Scripturis,
1673 2394 1727 2440 et
1744 2386 2026 2456 propheti-

432 2491 614 2537 zatum
654 2478 749 2534 Dei
783 2477 1021 2534 Verbum
1049 2477 1386 2547 accepimus,
1415 2476 1576 2546 cujus
1610 2476 1765 2546 prius
1794 2478 2022 2531 omnino

431 2571 606 2629 nescii
639 2586 882 2626 eramus.
919 2568 1034 2624 Hoc
1065 2569 1233 2640 igitur
1261 2575 1474 2622 tantum
1509 2565 1813 2624 Salvatoris
1843 2567 2019 2623 nostri

431 2665 684 2720 doctrina
726 2663 1050 2718 beneﬁcium
1078 2662 1385 2726 consecuti,
1423 2661 1702 2732 quomodo
1734 2678 1842 2716 non
1869 2662 2020 2730 jusle

431 2761 808 2828 acciperemus
857 2764 911 2811 et
954 2755 1389 2828 praedicaremus
1436 2771 1562 2810 eum
1614 2759 1758 2809 slcut
1788 2753 1883 2810 Dei
1928 2754 2020 2808 Fi-

428 2849 560 2904 lium
595 2845 1046 2917 Salvatoremque
1079 2845 1364 2901 nostrum?

2136 1921 2200 1992 (Ῑ.
2230 1921 2298 1975 58
2323 1920 2422 1991 νο),
2453 1920 2847 1992 πεπληρῶσθαι
2887 1921 3056 1984 αὑτὰς
3100 1921 3193 1973 ἐπὶ
3224 1923 3289 1990 τῇ
3336 1921 3434 1974 τοῦ
3477 1920 3741 1991 Σωτῆρος

2134 2013 2292 2085 ἡμῶν
2344 2013 2618 2086 παρουσίᾳ
2677 2013 3057 2084 πεπείσμεθα,
3114 2013 3535 2084 συναισθόμενοι
3583 2015 3740 2075 ὅπως

2134 2108 2296 2177 ἡμεῖς
2328 2107 2502 2171 αὑτοὶ,
2538 2105 2869 2176 πλανώμενα
2900 2105 3028 2178 ἔθνη
3056 2105 3116 2160 τὸ
3149 2107 3314 2160 πάλαι
3336 2107 3735 2176 τυγχάνοντες.

2135 2200 2481 2270 ἐλαυνόμενοι
2531 2217 2588 2253 τε
2617 2200 2723 2253 ὑπὸ
2774 2198 3026 2270 χαλεπῶν
3062 2200 3332 2270 δαιμόνων
3363 2199 3511 2254 κατά
3549 2202 3738 2252 πᾶσαν

2131 2291 2594 2362 είδωλολατρείαν,
2629 2293 2722 2346 καὶ
2748 2293 2886 2362 μήτε
2923 2292 3015 2344 τὸν
3053 2293 3212 2362 μόνον
3239 2291 3418 2363 ἀληθῆ
3455 2291 3593 2345 Θεὸν
3627 2293 3736 2344 ἐπ-

2133 2385 2430 2454 ιστάμενοι,
2455 2385 2593 2455 μήτε
2616 2383 2960 2455 προφητικῂ
2983 2384 3264 2446 ἐπαΐοντες
3290 2384 3497 2454 φωνῆς,
3520 2383 3610 2436 διὰ
3630 2382 3734 2449 τῆς

2129 2475 2223 2530 τοῦ
2255 2477 2508 2547 Σωτῆρος
2540 2475 2696 2546 ἡμῶν
2743 2473 2920 2545 Ἰησοῦ
2952 2473 3301 2537 διδασκαλίας
3336 2475 3432 2527 ἐπὶ
3458 2475 3562 2546 τὴν
3589 2475 3732 2542 γνῶ-

2128 2586 2214 2622 σιν
2245 2569 2339 2622 τοῦ
2372 2568 2506 2622 Θεοῦ
2541 2567 2650 2621 τῶν
2678 2567 2817 2620 ὅλων
2846 2565 3324 2639 παρεληλύθαμεν,
3350 2565 3733 2619 πεπιστεύκα-

2130 2663 2228 2734 μέν
2259 2680 2319 2715 τε
2345 2665 2466 2726 ταῖς
2509 2660 2889 2724 θεοπνεύστοις
2928 2660 3193 2730 Γραφαῖς,
3234 2659 3329 2713 καὶ
3361 2659 3453 2713 τὸν
3507 2676 3731 2729 προφηο

2125 2755 2384 2809 τευθέντα
2410 2754 2504 2808 τοῦ
2533 2754 2670 2807 Θεοῦ
2701 2753 2873 2820 Λόγον
2914 2751 3385 2824 παραδεδέγμεθα,
3430 2751 3556 2822 μηδ’
3589 2750 3730 2812 ὅλως

2126 2848 2290 2902 αὑτὸν
2315 2848 2378 2900 τὸ
2415 2848 2544 2919 πρὶν
2587 2847 2964 2916 ἐπιστάμενοι.
2994 2844 3243 2898 Τοσαῦτα
3271 2845 3334 2915 δὴ
3369 2844 3458 2897 διὰ
3491 2844 3595 2913 τῆς
3625 2841 3727 2896 τοῦ

428 2941 681 3012 Σωτῆρος
709 2940 865 3011 ήμῶν
891 2939 1342 3011 εὐεργετηθέντες
1368 2937 1736 3004 διδασκαλίας,
1759 2938 1878 3002 πῶς
1909 2939 2011 2992 οὐκ
2069 2939 2136 2994 ἂν
2167 2940 2393 3005 δικαίως
2426 2936 2876 3008 παοαδεχοίμεθά
2928 2955 2989 2991 τε
3044 2938 3137 2992 καὶ
3183 2936 3566 3007 ἐκθειάζοιμεν
3624 2936 3730 2989 αὑ-

425 3037 537 3106 τὸν,
567 3039 662 3092 ἆτε
696 3038 824 3092 Υἱὸν
856 3035 991 3090 Θεοῦ
1027 3036 1184 3108 ήμῶν
1215 3053 1273 3088 τε
1308 3036 1486 3090 αὑτῶν
1528 3036 1861 3106 τυγχάνοντα
1895 3037 2161 3110 Σωτῆρας

966 3152 1196 3209 CAPUT
1239 3151 1438 3212 XXIX.

503 3267 522 3299 ι
550 3248 740 3304 Justus
776 3246 940 3318 perit.
964 3255 1019 3301 et
1064 3262 1175 3300 non
1218 3255 1305 3301 est
1329 3247 1426 3317 qui
1469 3247 1732 3320 recogitet
1762 3247 1816 3302 in
1849 3247 2016 3303 corde

427 3356 552 3404 suo,
586 3349 640 3395 et
668 3339 769 3393 viri
801 3339 1194 3394 misericordiae
1223 3339 1583 3411 colliguntur,
1613 3341 1742 3411 quia
1784 3355 1893 3395 non
1930 3347 2015 3395 est

425 3432 520 3502 qui
570 3431 837 3500 intelligat
874 3448 886 3483 :
919 3445 948 3482 a
986 3427 1123 3484 facie
1163 3429 1309 3484 enim
1364 3431 1588 3484 maliti:e
1635 3430 1902 3485 collectus
1932 3437 2016 3484 est

421 3525 629 3596 justus.
669 3521 864 3578 Veniat
915 3537 1041 3592 pax,
1085 3523 1395 3592 requiescat
1444 3524 1499 3577 in
1554 3524 1723 3578 cubili
1773 3539 1874 3580 suo
1919 3523 2012 3594 qui

426 3613 728 3668 ambulavit
779 3613 834 3666 in
876 3611 1178 3667 directione
1215 3628 1336 3667 sua.
1385 3611 1496 3668 Vos
1535 3622 1719 3668 autem
1767 3612 2014 3669 accedite

431 3707 564 3771 huc,
600 3705 696 3760 lilii
717 3705 1110 3776 auguratricis,
1140 3720 1326 3759 semen
1345 3705 1577 3760 adulteri
1603 3713 1656 3760 et
1681 3705 2008 3761 fornicariaz.

428 3798 607 3870 Super
637 3813 800 3868 quem
831 3797 1086 3852 lusistis?
1131 3795 1308 3867 Super
1333 3813 1496 3868 quem
1527 3798 1798 3854 dilatastis
1831 3813 1916 3861 os,
1958 3805 2012 3853 et

423 3889 670 3960 ejecistis
707 3887 989 3959 linguam?
1031 3885 1285 3957 Nunquid
1332 3905 1444 3943 non
1486 3904 1584 3944 vos
1630 3888 1722 3943 ﬁlii
1765 3890 2007 3956 scelesti,

425 3998 613 4036 semen
663 3979 892 4035 mendax
920 3979 1031 4032 ’ἳι
1075 3979 1331 4035 Christus
1374 3978 1467 4035 Dei
1508 3980 1659 4036 solus
1694 3996 1822 4036 vere
1865 3980 2009 4036 inter

424 4087 617 4126 omnes
640 4070 735 4141 qui
766 4085 1008 4139 unquam
1035 4069 1299 4124 exstitere
1325 4068 1510 4140 justos
1545 4069 1673 4124 talis
1707 4069 2004 4127 invenitur.

423 4162 657 4232 Ideoque
687 4160 1034 4232 peculiariter
1070 4161 1254 4230 justus
1310 4167 1559 4222 vocatur,
1617 4168 1672 4215 et
1723 4161 2008 4230 prophetia

421 4256 489 4311 de
517 4271 583 4310 eo
608 4254 684 4308 ait
711 4273 723 4310 :
761 4272 780 4306 ι
808 4253 947 4309 Ecce
971 4253 1154 4324 justus
1188 4254 1348 4323 perit.
1379 4273 1397 4306 ι
1434 4251 1589 4308 Unde
1641 4263 1824 4309 autem
1856 4254 2008 4309 abla-

421 4356 512 4402 tus
535 4348 606 4402 sit
635 4347 759 4402 dein
787 4345 992 4400 indicat
1022 4347 1211 4401 dicens
1239 4365 1251 4399 :
1294 4365 1312 4396 ι
1345 4345 1388 4398 Α
1424 4345 1563 4400 facie
1597 4348 1742 4401 enim
1779 4346 2004 4401 malitiae.

421 4439 638 4496 ablatus
675 4447 762 4494 est
807 4439 1014 4510 justus.
1052 4457 1071 4490 ι
1126 4438 1262 4504 Quis
1303 4447 1486 4493 autem
1531 4454 1655 4494 eum
1692 4440 2000 4504 sustulerit,

420 4531 643 4587 noveris
695 4547 760 4587 ex
821 4531 940 4600 ipso
997 4531 1259 4587 dicente:
1295 4529 1510 4586 «Nemo
1569 4532 1716 4586 tollit
1763 4534 2002 4587 animam

420 4640 597 4680 meam
643 4639 676 4678 a
724 4639 811 4678 me
863 4623 1004 4694 ipso,
1060 4633 1116 4680 et
1157 4632 1485 4696 potestatem
1533 4625 1711 4681 habeo
1761 4625 2002 4696 ponendi

418 4732 564 4781 eam,
596 4723 648 4770 et
678 4723 1006 4786 potestatem
1045 4716 1222 4771 habeo
1251 4720 1448 4771 iterum
1481 4716 1736 4773 sumendi
1763 4732 1884 4773 eam
1905 4717 1948 4771 ⁸.
1975 4736 1995 4769 ι

418 4809 554 4865 Dein
588 4809 690 4863 ait:
717 4830 735 4860 ι
765 4809 822 4864 In
853 4826 986 4880 pace
1025 4811 1307 4881 sepultura
1337 4813 1475 4882 ejus.
1503 4831 1522 4864 ι
1555 4811 1632 4866 Ex
1661 4827 1772 4882 quo
1803 4819 2006 4865 notan-

419 4903 572 4965 dum,
615 4901 760 4972 quod
810 4918 917 4956 non
950 4903 1112 4958 modo
1142 4913 1392 4967 mortem,
1423 4904 1516 4960 sed
1559 4912 1612 4958 et
1655 4903 1998 4973 sepulturam

417 4999 537 5067 ejus
560 4996 875 5066 prophetica
906 4995 1152 5066 designat
1180 4994 1486 5066 Scriptura,
1511 4995 1656 5050 unde
1684 5003 1738 5050 et
1769 5004 1997 5050 sanctus

417 5088 713 5158 Apostolus
763 5087 826 5140 ad
878 5086 1191 5143 Corinthios
1224 5089 1471 5144 scribens
1519 5087 1692 5142 dicit:
1727 5105 1744 5138 ι
1773 5085 1998 5141 Tradidi

415 5182 561 5234 extim
619 5179 775 5235 vobis
838 5180 892 5234 in
944 5179 1136 5250 primis
1184 5180 1330 5250 quod
1385 5186 1437 5233 et
1479 5179 1994 5250 accepi:quoniam

416 5263 672 5330 Christus
701 5283 948 5329 mortuus
968 5284 1050 5329 est
1079 5288 1176 5344 pro
1197 5274 1438 5344 peccatis
1460 5275 1666 5330 nostris
1691 5272 1997 5328 secundum

419 5366 753 5438 Scripturas,
804 5374 858 5422 et
897 5366 1025 5434 quia
1070 5367 1316 5436 sepultus
1358 5373 1442 5421 est
1461 5369 1501 5421 '.
1536 5385 1554 5417 ι
1591 5364 1764 5435 Cujus
1813 5373 1997 5420 autem

421 5457 736 5527 Scriptura},
774 5458 876 5513 nisi
909 5471 1030 5527 qua:
1057 5457 1255 5511 dixerit
1283 5472 1296 5508 :
1329 5475 1347 5507 ι
1380 5456 1418 5508 Δ
1458 5455 1596 5511 facie
1646 5455 1870 5511 malitiae
1899 5470 1998 5525 po-

419 5550 530 5617 puli
563 5564 665 5603 mei
703 5548 901 5604 ductus
936 5555 1020 5603 cst
1061 5546 1128 5602 ad
1171 5556 1428 5612 mortem,
1465 5555 1518 5602 et
1547 5548 1601 5602 in
1644 5563 1775 5618 pace
1809 5546 2000 5617 sepul-

416 5645 541 5692 tura
603 5639 776 5707 ejus?
815 5659 832 5690 ι
885 5639 1003 5694 Νοη
1061 5640 1213 5697 solus
1271 5641 1566 5712 praedictus
1620 5640 1995 5711 nobisjustus

491 5795 506 5824 ι
543 5789 702 5845 Joan.
737 5807 809 5844 xtl
833 5831 847 5858 ,
882 5794 973 5849 28.
1049 5798 1069 5827 ²
1103 5795 1246 5852 Psal.
1283 5813 1390 5852 xm
1414 5837 1429 5866 ,
1467 5798 1554 5854 45.

2631 3159 3030 3214 ΚΕΦᾹΛΑΙΟΝ
3071 3156 3200 3210 ΚΘ.

2199 3267 2218 3298 ι
2259 3248 2447 3311 Ἴδετε,
2492 3250 2568 3312 ώς
2607 3251 2636 3302 6
2664 3249 2872 3313 δίκαιος
2903 3249 3137 3319 αἴρεται,
3169 3245 3264 3298 καὶ
3296 3243 3478 3308 οὐδεὶς
3512 3246 3727 3315 ἐκδέχε-

2120 3342 2296 3411 ταιτῇ
2318 3339 2537 3412 καρδίᾳ,
2569 3342 2662 3394 καὶ
2683 3340 2876 3412 ἀνδρες
2896 3340 3092 3393 δίκαιοι
3117 3337 3385 3408 αἴρονται,
3415 3338 3515 3390 καὶ
3545 3339 3726 3402 οὑδεξ

2121 3433 2376 3483 κατανοεῖ
2392 3445 2406 3460 ο
2435 3430 2544 3484 ἀπὸ
2561 3430 2670 3502 γὰρ
2688 3430 2982 3503 προσώπου
3009 3428 3219 3492 ἀδικίας
3247 3423 3414 3500 ἦρται
3431 3430 3459 3481 ὁ
3483 3429 3723 3496 δίκαιος,

2120 3522 2272 3576 ἔσται
2300 3523 2358 3577 ἐν
2381 3524 2627 3596 είρήνῃή
2652 3523 2797 3594 ταφὴ
2829 3522 3016 3584 αὑτοῦ,
3044 3518 3208 3594 ἦρται
3230 3522 3295 3574 ἐκ
3313 3522 3487 3592 μέσου
3511 3539 3528 3554 ·
3559 3523 3724 3593 ὑμεῖς

2117 3613 2175 3666 δέ
2205 3613 2585 3685 προσαγάγετε
2611 3607 2736 3676 ὦδε,
2759 3613 2865 3665 υἱοὶ
2889 3610 3101 3681 ἄνομοι,
3133 3610 3355 3680 σπέρμα
3386 3610 3597 3681 μοιχῶν
3622 3613 3723 3664 καὶ

2119 3707 2344 3778 πόρνης.
2392 3707 2481 3760 Ἐν
2515 3705 2620 3758 τίνι
2673 3704 3239 3776 ἐνετρυφήσατεςὶκαὶ
3279 3703 3375 3754 ἐπὶ
3417 3702 3544 3755 τίνα
3567 3703 3722 3773 ὴνοί-

2120 3796 2245 3862 ξατε
2291 3798 2352 3851 τὸ
2405 3798 2579 3868 στόμα
2616 3795 2810 3867 ὑμῶν;
2857 3794 2952 3848 καὶ
2982 3795 3076 3847 ἐπὶ
3117 3794 3236 3846 τίνα
3268 3793 3580 3862 ἐχαλάσατε
3619 3792 3718 3860 τὴν

2115 3890 2369 3959 γλῶσσαν
2425 3888 2619 3960 ὑμῶν;
2655 3888 2766 3957 Οὑχ
2829 3887 2988 3957 ὑμεῖς
3036 3887 3160 3938 ἐστε
3202 3884 3370 3938 τέκνα
3410 3884 3714 3946 ἀπωλείας,

2118 3984 2339 4055 σπέρμα
2379 3982 2618 4052 ἄνομονς
2651 3999 2670 4033 ι
2720 3982 2779 4032 '0
2807 3978 3042 4050 Χριστὸς
3071 3977 3166 4031 τοῦ
3199 3975 3335 4031 Θεοῦ
3383 3976 3551 4047 μόνος
3595 3977 3715 4029 κατ’

2114 4075 2373 4144 ἀλήθειαν
2415 4072 2566 4144 παρά
2606 4072 2812 4134 πάντας
2838 4070 2966 4133 τοὺς
3001 4067 3224 4122 πώποτε
3255 4067 3714 4138 χρηματίσαντας

2112 4165 2355 4228 δικαίους
2387 4163 2630 4226 τοιοῦτος
2655 4161 3029 4216 ἀναδέδεικται
3048 4177 3061 4190 ·
3091 4159 3172 4212 διὸ
3197 4159 3290 4212 καὶ
3314 4158 3528 4229 κυρίως
3555 4158 3712 4228 μόνος

2112 4259 2179 4314 ἂν
2201 4259 2364 4323 αὑτὸς
2384 4256 2712 4330 χρηματίζοι
2741 4255 2969 4319 δίκαιος,
2993 4255 3135 4309 ὥστε
3169 4255 3298 4325 περὶ
3330 4252 3504 4307 αὑτοῦ
3533 4252 3711 4320 λέγειν

2112 4353 2210 4424 τὴν
2259 4351 2629 4423 προφητείανο
2673 4367 2694 4401 ι
2737 4347 2928 4410 Ἴδετε,
2977 4347 3053 4411 ὡς
3083 4347 3112 4399 6
3143 4345 3346 4410 δίκαιος
3380 4345 3632 4416 αἴρεταιο
3684 4364 3702 4395 ι

2112 4443 2220 4496 ἀπὸ
2243 4444 2388 4506 τίνος
2437 4441 2493 4494 δέ
2524 4440 2759 4511 αἴρεται,
2817 4439 3070 4510 ἐπιφέρει
3107 4441 3166 4491 ἐν
3206 4437 3306 4508 τῷ·
3347 4455 3369 4488 ι
3421 4437 3557 4490 Ἀπὸ
3597 4436 3706 4507 γὰρ

2109 4533 2402 4608 προσώπου
2455 4533 2666 4597 ἀδικίας
2711 4527 2879 4604 ἦρται
2923 4533 2952 4583 6
2985 4531 3190 4594 δίκαιος
3214 4547 3227 4560 ·
3260 4549 3279 4582 ι
3315 4530 3404 4592 τίς
3450 4529 3512 4582 δὲ
3552 4531 3643 4582 καὶ
3680 4532 3708 4582 6

2111 4629 2280 4700 αἴρων
2307 4627 2468 4681 αὑτὸν
2499 4624 2664 4681 αὑτοῦ
2700 4623 2849 4677 ἐστιν
2878 4623 3108 4677 ἀκοῦσαι
3129 4622 3380 4692 λέγοντος
3403 4639 3417 4653 ο
3450 4641 3470 4673 ι
3518 4622 3706 4684 06651.;

2110 4719 2256 4792 αῖρει
2284 4721 2384 4791 τὴν
2417 4719 2597 4790 ψυχήν
2629 4734 2729 4789 μου
2767 4717 2861 4771 ἀπ’
2891 4715 3027 4786 ἐμοῦ
3051 4733 3065 4748 ο
3098 4713 3347 4780 ἐξουσίαν
3390 4713 3500 4783 ἔχω
3535 4713 3703 4767 θεῖναι

2111 4811 2302 4882 αὑτὴν,
2338 4811 2434 4865 καὶ⁸
2461 4809 2622 4864 πάλιν
2647 4807 2898 4872 ἐξουσίαν
2937 4805 3046 4875 ἐχω
3073 4805 3257 4858 λαϐεῖν
3284 4804 3479 4874 αὑτήν.
3516 4825 3536 4857 ι
3571 4800 3704 4857 Εἷτά

2111 4923 2276 4977 φησιν
2303 4917 2317 4932 ⁶
2347 4922 2366 4955 ι
2417 4905 2506 4956 Ἐν
2534 4905 2728 4976 εἰρήνῃ
2753 4906 2786 4975 ή
2817 4901 2962 4973 ταφὴ
2987 4899 3172 4954 αὑτοῦ.
3207 4918 3228 4950 ι
3263 4898 3433 4951 Ἔνθα
3464 4915 3702 4968 σημειωο

2107 5000 2250 5065 τέον,
2280 5000 2361 5052 ὅτι
2389 4998 2452 5053 οὑ
2485 4999 2646 5069 μόνον
2675 4999 2745 5050 τὰ
2780 4997 2910 5071 περὶ
2935 4994 3034 5048 τοῦ
3059 4993 3313 5054 θανάτου,
3346 4990 3488 5044 ἀλλά
3521 4992 3615 5043 καὶ
3633 4992 3700 5044 τά

2109 5094 2237 5166 περὶ
2259 5094 2358 5164 τῆς
2387 5095 2565 5162 ταφῆς
2593 5089 2758 5144 αὑτοῦ
2781 5091 2814 5160 ἡ
2845 5087 3158 5160 προφητικὴ
3187 5085 3444 5158 σημαίνει
3471 5085 3662 5156 Γραφή
3683 5102 3696 5116 ’

2107 5185 2343 5238 ὃθεν“καὶ
2369 5185 2397 5236 6
2428 5184 2572 5255 ἱερὸς
2603 5180 2925 5246 Ἀπόστολος
2948 5181 3178 5252 γράφων
3194 5178 3511 5251 Κορινθίοις
3535 5179 3663 5248 φησί
3681 5195 3694 5208 ·

2113 5297 2131 5329 ι
2172 5277 2471 5349 Παρέδωκα
2505 5275 2614 5348 γὰρ
2646 5275 2776 5346 ὑμῖν
2807 5275 2866 5328 ἐν
2895 5271 3153 5345 πρώτοις,
3182 5272 3211 5324 ὃ
3234 5272 3330 5326 καὶ
3366 5270 3694 5342 παρέλαϐον,

2105 5367 2188 5420 ὅτι
2213 5366 2446 5438 Χριστὸς
2477 5366 2749 5420 ἀπέθανεν
2775 5364 2918 5436 ὑπὲρ
2937 5363 3045 5418 τῶν
3067 5361 3351 5434 ἁμαρτιῶν
3379 5362 3541 5433 ήμῶν
3561 5361 3695 5414 κατά

2103 5459 2203 5523 τὰς
2249 5459 2501 5531 Γραφὰς,
2532 5461 2627 5512 καὶ
2667 5460 2749 5512 ὃτι
2796 5459 2992 5530 ἐτάφη.
3027 5477 3047 5510 ι
3078 5456 3244 5518 Ποίας
3285 5454 3345 5508 δέ
3390 5454 3632 5527 Γραφάς,
3664 5453 3694 5520 ἢ

2104 5549 2204 5613 τὰς
2223 5551 2556 5619 φασκούσας·
2586 5569 2604 5601 ι
2628 5550 2762 5604 Ἀπὸ
2783 5549 2891 5602 τῶν
2908 5549 3146 5620 ἀνομιῶν
3167 5549 3262 5603 τοῦ
3276 5549 3411 5602 λαοῦ
3443 5567 3546 5621 μου
3564 5549 3694 5617 ἤχθη

2105 5645 2186 5708 είς
2214 5642 2463 5708 θάνατον,
2497 5644 2592 5698 καὶ
2617 5644 2674 5696 ἐν
2701 5643 2891 5715 εἰρήνῃ
2919 5643 2954 5710 ή
2975 5642 3120 5713 ταφὴ
3140 5642 3306 5698 αὑτοῦ
3330 5660 3346 5710 ;
3389 5661 3409 5696 δ
3439 5643 3517 5698 Ut)
3544 5642 3695 5715 μόνος

1634 5799 1653 5830 ³
1695 5799 1799 5856 lsa.
1835 5813 1975 5867 Lvn,
2015 5799 2132 5856 l-L
2212 5800 2230 5830 ⁸
2261 5800 2419 5856 Joan.
2449 5818 2524 5870 ι,
2560 5801 2646 5858 l8.
2724 5801 2746 5833 '
2788 5799 2806 5855 ι
2839 5799 2968 5858 Cor.
3004 5817 3094 5867 xv,
3135 5800 3202 5867 5,
3239 5800 3293 5856 4.
