3856 6226
149 331 294 388 1153

1184 327 1479 385 ECLOGA}
1521 323 2002 382 PROPHETICIE.
2044 357 2116 368 —
2153 326 2285 384 LIB.
2328 326 2442 399 Νη

3295 335 3435 393 ιιδι

145 449 207 502 δὲ
232 450 260 502 6
293 445 688 518 προειρημένος
717 446 847 516 ἡμῖν
877 445 1082 508 δίκαιος
1113 439 1279 517 ἦρται
1319 449 1385 500 ὲκ
1423 447 1588 518 μέσου
1629 446 1731 500 ἀδι·

1850 444 2064 502 ablatus
2093 456 2180 504 est
2253 449 2470 506 medeio
2497 449 2828 520 iniquitatis,
2879 451 2975 506 sed
3010 460 3064 508 et
3097 470 3116 503 ι
3145 453 3246 507 viri
3273 454 3436 524 justi,

147 539 300 602 κίας,
344 535 482 591 ἀλλὰ
526 537 620 589 καὶ
657 555 675 588 ι
726 536 918 607 ἄνδρες
957 535 1178 601 δίκαιοι,
1219 554 1238 586 ι
1277 537 1465 608 φησὶν,
1501 555 1520 588 ι
1558 536 1741 608 αἴρον-

143 646 263 693 ται,
303 649 323 682 ι
349 629 400 682 οἳ
433 629 528 683 καὶ
555 629 708 682 αὐτοὶ
733 623 842 680 εἷεν
868 626 934 681 ἂν
967 627 1016 680 οἰ
1049 627 1185 698 ἱεροὶ
1215 627 1310 680 τοῦ
1337 626 1576 699 Χριστοῦ
1604 628 1740 681 ἀπό·

146 722 350 783 στολοι,
376 721 469 775 καὶ
505 721 556 772 οί
599 718 891 789 θαυμάσιοι
933 716 1095 770 αὑτοῦ
1127 719 1422 790 μάρτυρες,
1457 720 1506 771 οί
1537 721 1738 791 μετοχῇ

144 817 260 888 τῆς,
301 814 468 869 αὐτοῦ
513 813 858 884 δικαιοσύνης
891 812 1095 867 δίκαιοι
1141 813 1236 865 καὶ
1281 813 1434 866 αὐτοὶ
1466 813 1742 885 χρηματί-

145 909 334 973 ζοντες
356 925 369 938 ⁸
425 906 633 960 τούτων
687 905 729 959 δ’
779 904 1208 975 ἐπιτελουμένων
1271 903 1445 968 οὐδεὶς
1464 943 1479 967 ,
1539 904 1702 974 φησὶν
1723 942 1739 968 ,

145 1002 367 1065 ἐϐλεπε,
399 1001 492 1055 καὶ
514 1001 690 1064 οὐδεὶς
715 998 984 1060 κατενόει,
1008 997 1116 1052 τῶν
1139 995 1545 1068 παχυνθέντων,
1575 996 1736 1068 δῆλον

143 1094 192 1146 δ’
223 1095 306 1148 ότι
331 1093 429 1164 τὴν
455 1091 702 1164 καρδίαν,
722 1091 948 1144 καὶτῶν
967 1089 1256 1162 μυσάντων
1279 1089 1406 1152 τοὺς
1430 1087 1741 1159 ὀφθαλμοὺς

141 1185 244 1239 τοῦ
281 1184 355 1256 μὴ
402 1184 639 1255 βλέπειν,
671 1182 808 1254 πρὸς
862 1180 957 1245 οὓς
985 1180 1053 1234 τὰ
1096 1179 1228 1250 ἑξῆς
1262 1179 1364 1250 τῆς
1399 1179 1738 1251 προφητείας

143 1277 386 1346 λέγεται,
417 1277 486 1330 τὰ
517 1277 624 1330 ἀπὸ
655 1274 769 1328 τοῦο
808 1293 826 1326 ι
878 1274 1068 1344 Ὑμεῖς
1096 1273 1152 1326 δὲ
1197 1272 1581 1344 προσαγάγετε
1613 1264 1738 1339 ὧδε,

143 1371 254 1424 υἱοί
278 1369 491 1442 ἄνομοι,
524 1368 746 1440 σπέρμα
779 1365 982 1438 μοιχῶν
1007 1366 1102 1418 καὶ
1135 1365 1363 1438 πόρνης.
1399 1382 1420 1416 ι

563 1481 628 1553 (r.
666 1480 753 1550 59)
789 1478 1186 1533 ΚΕΦΑΛΑΙΟΝ
1226 1479 1317 1532 Λ’.

223 1593 244 1627 ι
266 1573 378 1628 Καὶ
393 1572 790 1644 φοϐηθήσονται
810 1572 859 1623 οἰ
883 1569 990 1624 ἀπὸ
1009 1568 1228 1640 δυσμῶν
1242 1568 1303 1622 τὸ
1323 1567 1495 1639 ὄνομα
1507 1565 1738 1640 Κυρίου,

140 1664 242 1719 καὶ
286 1665 334 1718 οἰ
361 1664 454 1716 ἀπ’
489 1661 762 1716 ἀνατολῶν
787 1661 938 1734 ἡλίου
975 1659 1038 1713 τὸ
1067 1659 1240 1730 ὄνομα
1263 1659 1324 1712 τὸ
1354 1657 1564 1723 ἔνδοξον
1581 1674 1592 1686 ·
1619 1657 1740 1729 ήξει

1844 543 1943 606 ait,
1985 541 2332 604 auferuntur,
2366 561 2387 594 ι
2440 545 2535 614 qui
2587 551 2642 599 et
2693 545 2798 615 ipsi
2849 552 2981 599 sunt
3019 547 3196 600 sancti
3229 543 3439 602 Chrisli

1845 635 2103 704 apostoli,
2136 635 2525 706 mirabilesque
2573 637 2693 706 ejus
2727 643 3020 709 martyres,
3071 639 3164 708 qui
3211 638 3439 707 justitiae

1844 725 1966 794 ejus
1997 725 2417 796 participatione
2449 736 2502 782 et
2541 727 2644 798 ipsi
2669 728 2808 798 justi
2838 727 3016 783 effecti
3049 736 3197 784 sunt.
3230 727 3438 783 liorum

1844 832 1974 871 vero
2009 816 2379 886 perfectorum
2423 819 2631 883 nullus,
2667 820 2764 885 ait,
2809 818 2968 884 vidit,
3006 821 3302 891 nullusque
3344 836 3436 877 re—

1845 909 2058 980 putavit
2109 918 2336 980 pr0pter
2381 910 2568 966 cordis
2619 913 3072 977 crassitudinem,
3113 915 3436 969 oculorum-

1844 1017 1952 1072 que
1980 1000 2272 1056 obductam
2313 1001 2623 1073 caliginem,
2662 1004 2729 1059 ad
2765 1020 2906 1074 quos
2934 1005 3146 1075 reliqua
3185 1013 3439 1076 spectant

1845 1093 2168 1162 praphetim,
2209 1093 2422 1147 scilicet
2443 1093 2512 1147 ab
2546 1092 2630 1148 his
2666 1095 2850 1150 verbis
2881 1114 2895 1150 :
2929 1114 2947 1146 ι
2978 1094 3090 1152 Vos
3124 1105 3310 1152 autent
3341 1112 3436 1153 ac-

1844 1183 2020 1237 cedite
2045 1183 2170 1249 huc,
2198 1182 2294 1238 filii
2324 1184 2713 1254 auguratrieis,
2753 1201 2939 1242 semen
2975 1187 3210 1244 adulteri
3238 1199 3294 1245 et
3328 1189 3438 1246 for-

1845 1291 2087 1330 nicartae.
2122 1295 2141 1328 ι

2416 1469 2650 1527 CAPUT
2690 1471 2860 1529 XXX.

1923 1582 1943 1614 ι
1977 1560 2042 1614 Ει
2071 1562 2377 1628 timebunt,
2413 1565 2506 1636 qui
2541 1564 2611 1619 ab
2640 1565 2932 1620 occidente
2954 1606 2969 1630 ,
3009 1583 3212 1624 nomen
3250 1566 3436 1624 Domi-

1847 1655 1936 1720 ni,
1968 1664 2022 1711 et
2057 1657 2148 1726 qui
2180 1656 2248 1711 ab
2270 1666 2393 1712 ortu
2426 1657 2563 1712 solis
2583 1698 2598 1722 ,
2630 1659 2862 1729 gloriam
2891 1659 3034 1727 ejus.
3060 1658 3260 1716 Veniet
3287 1665 3435 1718 enim

139 1758 255 1830 γὰρ
288 1756 364 1819 ὡς
409 1755 650 1827 ποταμὸς
685 1753 859 1826 βίαιος
886 1755 920 1826 ή
949 1753 1086 1824 ὀργὴ
1131 1751 1280 1823 παρά
1315 1751 1525 1822 Κυρίου
1546 1791 1561 1815 ,
1615 1749 1731 1821 ἥξει

1847 1750 2006 1820 quasi
2058 1750 2258 1806 fluvius
2314 1751 2590 1807 violentus
2640 1753 2722 1806 ira
2773 1751 3027 1816 Domini,
3074 1755 3257 1810 veniet
3306 1770 3434 1810 cum

143 1818 290 1920 μετὰ
323 1847 518 1919 θυμοῦ.
551 1818 697 1900 ’Καί
719 1844 839 1916 ἦξει
868 1818 1055 1897 ἕνεκεν
1075 1818 1222 1895 ἰΣιὼν
1248 1843 1276 1895 6
1308 1818 1602 1913 ῥυόμενος,
1639 1818 1731 1892 καὶ

1844 1818 2149 1900 iracundia.
2198 1843 2264 1898 Et
2315 1845 2500 1901 veniet
2551 1843 2685 1900 Sion
2724 1845 3061 1917 redemptor,
3111 1855 3166 1902 et
3213 1848 3295 1903 eis
3336 1849 3434 1920 qui

137 1939 477 2011 ἀποστρέψει
523 1938 777 2002 ἀσεϐείας
805 1937 914 1992 ἀπὸ
945 1933 1162 2002 Ἰακὼϐ,
1205 1928 1326 1986 εἰπε
1365 1931 1590 2004 Κύριος.
1623 1931 1736 1984 Καὶ

137 2031 284 2103 αὕτη
304 2033 487 2096 αὐτοῖς
515 2034 548 2104 ή
572 2033 701 2103 παρ’
724 2029 859 2102 ἐμοῦ
879 2028 1135 2100 διαθήκη·
1158 2026 1231 2080 Τὸ
1247 2023 1473 2096 Πνεῦμα
1494 2024 1554 2078 τὸ
1577 2023 1732 2095 ἐμὸν,

136 2127 167 2179 ὃ
193 2129 344 2180 ἐστιν
365 2127 458 2180 ἐπὶ
492 2127 594 2190 σοι,
623 2124 804 2180 καὶτὰ
827 2124 1048 2195 ῥήματα
1067 2163 1081 2186 ,
1103 2120 1139 2176 ἃ
1167 2120 1347 2174 ἔδωκα
1372 2120 1450 2182 εἰς
1472 2117 1533 2171 τὸ
1558 2117 1735 2188 στόμα

138 2236 238 2274 σου
257 2260 271 2283 ,
305 2219 366 2272 ού
400 2217 472 2291 μὴ
506 2217 734 2292 ἐκλείπῃ
764 2218 830 2269 ὲκ
860 2214 952 2269 τοῦ
978 2212 1249 2284 στόματός
1279 2227 1372 2264 σου
1394 2251 1408 2275 ,
1433 2210 1527 2263 καί
1548 2210 1613 2263 ὲκ
1639 2207 1734 2262 τόῦ

139 2312 412 2384 στόματος
444 2309 539 2364 τοῦ
575 2308 888 2382 σπέρματός
919 2325 1011 2361 σου
1036 2347 1051 2368 ,
1075 2301 1197 2358 εἶπε
1229 2301 1434 2374 Κύριος
1455 2341 1469 2365 ,
1498 2299 1607 2354 ἀπὸ
1637 2299 1734 2353 τοῦ

136 2405 237 2458 νῦν
267 2405 363 2459 καὶ
407 2405 487 2468 εἰς
517 2403 609 2456 τὸν
638 2402 828 2458 αἰῶνα.
851 2420 870 2453 ι
932 2399 1100 2454 Πάλιν
1129 2398 1197 2452 τὰ
1229 2397 1328 2468 τῆς
1355 2394 1604 2466 κλήσεως
1631 2393 1736 2463 τῆς

136 2498 231 2552 διὰ
260 2498 356 2552 τοῦ
377 2495 628 2566 Σωτῆρος
647 2493 805 2566 ήμῶν
828 2493 1104 2562 συστάσης
1125 2489 1184 2556 ἐξ
1206 2486 1376 2542 ἐθνῶν
1403 2485 1734 2556 Ἐκκλησίας

136 2588 238 2640 καὶ
266 2586 354 2638 διὰ
381 2583 586 2638 τούτων
613 2583 642 2636 6
667 2580 826 2652 λόγος
860 2578 1213 2653 προφητεύει.
1263 2577 1420 2640 Τίνες
1449 2575 1558 2646 γάρ
1586 2575 1734 2630 ἄλλοι

137 2675 252 2731 εἷεν
276 2679 325 2730 οἱ
354 2675 634 2746 λεγόμενοι
669 2692 688 2726 ι
717 2672 826 2727 ἀπὸ
851 2671 1070 2744 δυσμῶν
1091 2713 1106 2737 ,
1133 2691 1152 2723 ι
1188 2669 1222 2741 ἢ
1247 2667 1334 2722 διά
1367 2667 1510 2732 τίνος
1537 2665 1737 2738 ἐφοϐή-

139 2767 317 2838 θησαν
356 2765 417 2818 τὸ
455 2764 625 2836 ὄνομα
659 2761 865 2833 Κυρίου
893 2761 965 2814 τὰ
996 2759 1314 2816 παντοδαπά
1352 2758 1477 2829 ἔθνη
1503 2795 1518 2821 ,
1547 2755 1616 2809 τὰ
1647 2755 1736 2809 διά

131 2857 244 2927 τῆς
282 2856 456 2928 Ἰησοῦ
489 2853 832 2917 διδασκαλίας
862 2852 1263 2922 καταλείψαντα
1293 2851 1390 2922 μὲν
1410 2849 1508 2921 τὴν
1537 2847 1734 2920 προτέ-

139 2967 248 3022 ραν
304 2946 399 3002 τοῦ
433 2947 572 3002 κατά
605 2947 704 3018 τὴν
737 2946 961 3016 ἄγνοιαν
996 2945 1222 3007 σκότους
1257 2942 1464 3012 πλάνην
1489 2982 1503 3006 ,
1540 2941 1633 2994 ἐπὶ
1679 2939 1736 2993 δὲ

134 3043 233 3097 τὸν
253 3042 360 3096 τῶν
379 3041 514 3096 ὅλων
535 3041 668 3094 Θεὸν
692 3038 1172 3107 καταπεφευγότα;
1201 3034 1296 3098 Τίς
1313 3033 1358 3086 δ’
1375 3036 1402 3087 6
1430 3030 1581 3104 ἥξειν
1609 3049 1736 3104 προ-

1839 1935 2072 1991 redeunt
2131 1935 2200 1990 ab
2250 1935 2544 2006 iniquitate
2599 1936 2658 1990 in
2707 1935 2880 1992 Jacob
2937 1939 3072 1993 dicit
3126 1938 3430 1996 Dominus:

1837 2025 1955 2082 Hoc
1996 2025 2176 2083 foedus
2207 2042 2391 2084 meum
2419 2043 2547 2082 cum
2585 2028 2702 2093 eis,
2742 2027 2878 2084 dicit
2915 2027 3218 2088 Dominus:
3258 2031 3436 2104 Spiri—

1836 2131 1927 2178 tus
1959 2136 2148 2188 meus,
2180 2123 2272 2192 qui
2304 2129 2389 2177 est
2419 2123 2476 2177 in
2507 2129 2562 2178 te
2585 2163 2602 2187 ,
2661 2129 2718 2178 et
2778 2123 2942 2178 verba
2981 2140 3102 2179 mea
3123 2166 3139 2190 ,
3175 2141 3298 2196 quae
3331 2141 3433 2196 po-

1838 2213 1924 2270 sui
1960 2215 2013 2267 in
2043 2228 2140 2269 ore
2182 2221 2299 2277 tuo,
2329 2229 2438 2269 non
2486 2213 2743 2270 recedent
2778 2212 2956 2270 deore
2985 2223 3099 2281 tuo,
3135 2227 3188 2271 et
3227 2216 3296 2272 de
3336 2231 3433 2271 ore

1839 2304 2064 2360 seminis
2092 2303 2210 2368 tui,
2243 2310 2298 2358 et
2343 2303 2409 2360 de
2435 2319 2530 2360 ore
2591 2303 2818 2360 seminis
2855 2305 3087 2360 seminis
3133 2305 3211 2360 tui
3235 2345 3250 2371 ,
3299 2307 3434 2362 dicit

1838 2398 2145 2462 Dominus,
2201 2398 2398 2452 amodo
2451 2404 2506 2453 et
2557 2415 2736 2468 usque
2773 2401 2830 2453 in
2871 2401 3274 2469 sempiternum
3313 2399 3354 2454 ⁸.
3403 2418 3423 2450 ι

1838 2489 2055 2546 Rursus
2103 2491 2172 2546 de
2226 2491 2469 2561 gentium
2525 2491 2834 2555 electione,
2875 2491 2959 2546 vel
2999 2490 3280 2560 Ecclesia,
3331 2508 3433 2564 per

1840 2581 2183 2637 Salvatorem
2218 2590 2468 2637 nostrum
2514 2581 2873 2652 propheticus
2896 2583 3193 2637 annuntiat
3223 2599 3428 2640 sermo.

1837 2672 2075 2740 Quinam
2115 2674 2264 2729 enim
2309 2674 2401 2727 alii
2452 2683 2640 2728 essent
2669 2674 2763 2744 qui
2799 2674 2891 2728 hic
2923 2691 2943 2725 ι
2979 2675 3048 2728 ab
3087 2674 3372 2730 occidente
3404 2695 3424 2726 ι

1835 2775 2125 2830 vocantur,
2178 2767 2264 2822 vel
2313 2767 2671 2836 quamobrem
2726 2781 2926 2820 nomen
2963 2765 3179 2820 Domini
3223 2767 3428 2822 timue-

1837 2859 1949 2912 rint
1981 2858 2165 2915 omnis
2200 2859 2420 2929 generis
2453 2866 2646 2929 gentes
2667 2899 2682 2922 ,
2715 2873 2837 2929 quae
2865 2855 2995 2913 Jesu
3026 2857 3280 2912 doctrina
3314 2857 3430 2929 pri-

1838 2952 2043 3009 stinum
2106 2967 2395 3016 errorem,
2463 2966 2685 3021 suaeque
2748 2950 3075 3022 ignorantiae.
3133 2949 3428 3020 caliginem

1838 3046 2114 3114 reliquere
2139 3055 2306 3114 atque
2337 3043 2407 3098 ad
2436 3045 2682 3098 omnium
2721 3043 2890 3098 Deum
2927 3042 3272 3114 confugere?
3301 3043 3428 3115 quis

135 3135 512 3208 φητευόμενος
531 3136 595 3186 ὲκ
618 3131 778 3196 Σιὼν,
811 3131 1104 3203 ῥυσόμενος
1132 3129 1222 3182 καὶ
1245 3125 1605 3198 ἀποστρέψων
1630 3125 1731 3196 τῆς

1838 3147 2019 3192 autem
2071 3145 2339 3192 venturus
2385 3151 2510 3192 esse
2548 3135 2964 3207 prophetizatus
2997 3135 3065 3190 dc
3106 3133 3278 3199 Sion,
3329 3135 3427 3206 qui

135 3228 415 3300 προτέρας
443 3226 696 3288 ἀσεϐείας
719 3225 808 3278 τὸν
848 3221 1044 3278 Ἰακὼϐ
1063 3263 1077 3287 ,
1106 3221 1140 3293 ἢ
1166 3221 1195 3274 6
1226 3219 1396 3273 σῶσαι
1424 3218 1733 3290 παραγενό-

136 3337 304 3391 μενος
326 3319 394 3373 τὰ
419 3317 733 3372 ἀπολωλότα
757 3316 850 3370 καὶ
871 3316 929 3367 ἐν
949 3312 1176 3384 ἀσεϐείᾳ
1195 3311 1455 3380 γεγονότα
1479 3309 1731 3380 πρόϐατα

131 3412 292 3466 οἴκου
336 3411 586 3482 Ἰσραὴλ,
628 3405 709 3472 οἷς
754 3405 1104 3479 διαθήσεσθαί
1153 3421 1286 3474 φησι
1317 3403 1379 3456 τὸ
1413 3405 1471 3458 ὲν
1510 3401 1733 3474 Χριστῷ

132 3505 366 3573 Πνεῦμα
386 3503 479 3556 τοῦ
505 3501 642 3556 Θεοῦ
681 3503 899 3573 ῥήματα
930 3500 1030 3570 τῆς
1057 3498 1276 3553 αἰωνίου
1311 3495 1486 3566 ζωῆς,
1523 3493 1559 3548 ἃ
1580 3494 1735 3548 δέδω-

132 3615 236 3652 κεν
257 3598 286 3648 ό
312 3597 500 3668 Πατὴρ
525 3599 605 3660 εἰς
629 3597 690 3650 τὸ
724 3595 818 3649 τοῦ
843 3593 974 3647 Υίοῦ
1006 3592 1180 3663 στόμα
1199 3609 1212 3622 ·
1241 3591 1277 3646 ἀ
1309 3590 1401 3644 καί
1428 3606 1561 3658 φησι
1589 3589 1729 3659 μήτε

131 3690 199 3756 ἐξ
241 3689 437 3754 αὐτοῦ,
477 3691 612 3761 μήτε
644 3688 750 3760 μὴν
783 3690 846 3742 ἐκ
880 3685 974 3740 τοῦ
1002 3685 1268 3756 στόματος
1290 3683 1384 3736 τοῦ
1419 3685 1733 3754 σπέρματος

129 3782 304 3838 αὐτοῦ
334 3782 624 3852 διαλείψειν
658 3781 766 3835 ἀπὸ
799 3779 893 3834 τοῦ
922 3780 1015 3834 νῦν
1047 3779 1141 3832 καὶ
1173 3779 1253 3841 εἰς
1281 3777 1372 3830 τὸν
1404 3775 1576 3832 αἰῶνα
1602 3774 1731 3846 χρό-

128 3893 228 3930 νον
252 3892 268 3941 ;
299 3875 481 3929 Ταῦτα
511 3875 555 3928 δ’
581 3874 647 3928 ἂν
681 3874 766 3946 εἴη
794 3874 865 3928 τὰ
893 3875 1115 3946 ῥήματα
1143 3871 1236 3925 τοῦ
1263 3871 1598 3940 Εὐαγγελίου
1628 3873 1731 3943 τῆς

129 3969 348 4040 Καινῆς
378 3967 672 4039 Διαθήκης,
699 3966 757 4031 ἃ,
791 3966 966 4020 καίτοι
999 3965 1268 4019 τοσούτων
1305 3965 1729 4020 ἐπιϐουλευσάν-

126 4079 246 4114 των
279 4077 338 4113 τε
372 4060 540 4114 πάλαι
573 4061 667 4115 καί
692 4059 772 4113 ἔτι
800 4059 894 4113 νῦν
927 4057 1386 4112 ἐπιϐουλευόντων
1410 4059 1595 4122 αὐτοῖς
1621 4099 1635 4123 ,
1663 4060 1725 4111 ού

125 4153 420 4218 διέλειπεν,
450 4153 571 4207 οὐδὲ
597 4152 703 4225 μὴν
732 4152 999 4223 ἐπιλείψει
1022 4153 1086 4206 ὲκ
1113 4152 1207 4204 τοῦ
1238 4151 1504 4223 στόματος
1534 4152 1635 4224 τῆς
1661 4154 1726 4206 ἐκ

124 4247 230 4299 τοῦ
253 4245 470 4314 λογικοῦ
491 4247 584 4300 κα)⁸
601 4245 794 4318 νοητοῦ
825 4245 1137 4318 σπέρματος
1156 4243 1251 4298 τοῦ
1273 4243 1510 4316 Χριστοῦ
1537 4247 1727 4299 συστά-

129 4356 238 4410 σης
285 4339 610 4411 Ἐκκλησίας
630 4355 644 4370 °
687 4335 808 4392 εἰπε
841 4339 953 4410 γὰρ
981 4338 1185 4410 Κύριος
1213 4338 1307 4391 καί
1338 4338 1724 4408 ἀποπέφανται

123 4431 229 4485 τοῦ
257 4432 330 4504 μὴ
356 4431 659 4502 ἐξαλείφειν
684 4431 822 4484 αύτά
855 4431 963 4484 ἀπὸ
992 4431 1085 4484 τοῦ
1119 4429 1213 4486 νῦν
1236 4431 1332 4484 καὶ
1361 4432 1441 4494 εἰς
1467 4430 1558 4485 τὸν
1590 4431 1723 4485 αἰῶ-

1836 3227 2132 3282 redimeret
2159 3234 2215 3282 et
2246 3243 2276 3282 a
2314 3227 2549 3297 pristina
2583 3227 2876 3296 iniquitate
2905 3225 3198 3282 reduceret
3228 3225 3423 3291 Jacob,

1835 3322 1920 3375 vel
1953 3321 2347 3390 superveniens
2377 3320 2620 3390 perditas
2652 3319 2892 3374 salvaret
2926 3329 3091 3389 atque
3132 3319 3190 3374 in
3234 3321 3428 3389 impie~

1837 3421 1946 3468 tate
1980 3414 2302 3483 provolutas
2337 3429 2468 3468 oves
2498 3413 2697 3468 domus
2736 3413 2906 3468 Israel
2929 3453 2944 3477 ,
2981 3413 3183 3484 quibus
3216 3414 3428 3469 constio

1836 3513 2084 3560 tuturum
2121 3521 2180 3561 sc
2215 3507 2271 3560 in
2295 3504 2518 3561 Christo
2543 3501 2784 3573 Spiritus
2810 3502 2904 3560 Dei
2939 3505 3230 3575 pollicetur
3258 3505 3426 3560 verba

1836 3599 1960 3653 vita:
2019 3605 2238 3653 aeternae
2267 3638 2282 3662 ,
2315 3613 2438 3668 quae
2479 3597 2630 3653 dedit
2663 3597 2828 3652 Pater
2867 3597 2922 3652 in
2965 3612 3061 3651 ore
3092 3595 3216 3650 Filii
3245 3616 3260 3662 ;
3304 3612 3427 3668 qua:

1833 3700 1888 3748 et
1917 3692 2050 3746 dicit
2081 3707 2260 3761 neque
2298 3691 2367 3746 de
2405 3706 2501 3746 ore
2542 3691 2664 3760 ejus
2686 3731 2701 3753 ,
2748 3705 2927 3760 neque
2961 3691 3029 3745 de
3062 3704 3158 3743 ore
3192 3689 3425 3745 seminis

1832 3785 1953 3854 ejus
1996 3799 2276 3854 nunquam
2310 3799 2601 3839 recessura
2640 3784 2840 3838 amodo
2867 3790 2922 3839 et
2972 3798 3148 3854 usque
3182 3785 3236 3837 in
3281 3799 3427 3838 .«em-

1832 3877 2158 3948 piternum?
2215 3875 2342 3931 Haec
2401 3876 2623 3947 quidem
2677 3883 2863 3931 essent
2913 3876 3082 3931 verba
3140 3875 3423 3945 Evangelii

1830 3969 1969 4025 Novi
2001 3970 2336 4026 Testamenti
2359 4011 2374 4034 ,
2409 3987 2565 4041 quae,
2603 3970 2706 4026 etsi
2763 3978 2844 4025 tot
2876 3971 2958 4026 eis
3000 3970 3129 4025 olim
3175 3969 3423 4026 insidiati

1831 4067 1942 4121 sint
1970 4074 2024 4121 et
2055 4081 2205 4120 nunc
2235 4081 2412 4136 usque
2451 4065 2814 4129 insidientur,
2847 4078 3132 4135 nunquam
3163 4061 3423 4118 deficient

1829 4173 2008 4226 neque
2074 4156 2332 4212 recedent
2385 4156 2454 4212 de
2501 4171 2598 4211 ore
2663 4156 2949 4212 rationalis
3008 4153 3424 4224 spiritualisque

1831 4249 2060 4304 seminis
2088 4247 2293 4304 Christi
2338 4246 2622 4304 Ecclesiae.
2674 4245 2822 4300 Dixit
2851 4248 2997 4300 enim
3057 4243 3322 4300 Dominus
3355 4251 3422 4297 ‘et

1829 4341 2148 4412 praedicavit
2173 4355 2237 4398 ea
2269 4356 2381 4396 non
2413 4339 2700 4396 defectura
2732 4354 2799 4395 ex
2835 4339 2940 4394 hoc
2971 4353 3121 4394 nunc
3160 4344 3214 4392 et
3244 4351 3422 4406 usque

1829 4435 1884 4489 in
1938 4435 2220 4489 saeculum.
2275 4433 2511 4504 Ideoque
2554 4433 2713 4503 juxta
2754 4431 3020 4487 Joannem
3076 4448 3096 4482 ι
3149 4437 3417 4484 aeternum

124 4541 224 4577 ναο
254 4523 334 4577 διὸ
361 4525 454 4578 κού⁸
482 4524 624 4578 κατὰ
647 4523 740 4578 τὸν
766 4524 1019 4594 Ἰωάννην
1050 4542 1068 4574 ι
1093 4522 1309 4578 αἰώνιον
1335 4522 1670 4594 Εύαγγέλιον
1697 4544 1715 4578 ι

1838 4526 2186 4598 Evangelium
2235 4503 2433 4582 visum,
2470 4536 2555 4581 est
2608 4528 2650 4592 ',
2678 4544 2697 4577 ι
2731 4523 2936 4579 Christi
2989 4522 3202 4577 scilicet
3246 4519 3421 4575 Evan-

121 4617 328 4688 ὁρᾶται
353 4616 416 4668 τὸ
441 4617 535 4670 τοῦ
571 4615 807 4688 Χριστοῦ
839 4616 1190 4684 Εὑαγγέλιον.

643 4710 1038 4763 ΚΕΦΑΛΑΙΟΝ
1093 4709 1197 4762 AA'
1209 4749 1223 4763 .

209 4819 230 4853 ι
254 4799 475 4872 Πνεῦμα
501 4801 708 4872 Κυρίου
735 4801 820 4852 ἐπ’
850 4799 972 4871 ἐμὲ,
1004 4791 1064 4852 οὗ
1090 4800 1275 4854 ἕνεκεν
1302 4798 1488 4870 ἔχρισέ
1515 4817 1581 4871 με
1602 4817 1616 4832 ο
1653 4802 1721 4869 >κ

119 4891 338 4964 Κύριος
374 4891 826 4961 εὐαγγελίσασθαι
849 4895 1080 4962 πτωχοῖς
1107 4891 1416 4946 ἀπέσταλκε
1443 4909 1508 4964 με
1525 4933 1540 4957 ,
1568 4893 1722 4947 ἰάσα-

124 4985 260 5041 σθαι
303 4986 431 5050 τοὺς
483 4985 975 5058 συντετριμμένους
1013 4985 1112 5057 τὴν
1158 4986 1417 5057 καρδίαν,
1482 4985 1720 5058 κηρύξαι

121 5079 496 5151 αἰχμαλώτοις
521 5081 734 5150 ἄφεσιν,
769 5079 863 5132 καὶ
890 5078 1111 5147 τυφλοῖς
1142 5079 1456 5148 ἀνάϐλεψιν,
1491 5079 1718 5134 καλέσαι

117 5172 375 5228 ἐνιαυτὸν
395 5173 600 5244 Κυρίου
617 5172 824 5236 δεκτδν,
854 5171 949 5225 καί
976 5172 1192 5243 ἡμέραν
1211 5171 1620 5236 ἀνταποδόσεως
1651 5175 1718 5243 )K

130 5264 210 5335 τῷ
229 5263 348 5336 Θεῷ
369 5266 401 5335 ἡ
409 5263 525 5336 μῶν
543 5282 556 5294 ·
587 5263 967 5337 παρακαλέσαι
989 5263 1196 5327 πάντας
1219 5265 1344 5328 τοὺς
1365 5263 1718 5330 πενθοῦντας,

118 5356 349 5428 δοθῆναι
369 5360 479 5420 τοῖς
502 5356 756 5411 πενθοῦσι
782 5356 924 5409 Σιὼν
947 5357 1104 5423 δόξαν
1128 5357 1249 5409 ἀντὶ
1280 5357 1499 5422 σποδοῦ,
1532 5359 1722 5430 ἀλειμ-

118 5465 209 5523 μα
235 5448 571 5522 εὐφροσύνης
591 5453 704 5514 τοῖς
735 5450 1010 5514 πενθοῦσι,
1045 5449 1380 5521 καταστολὴν
1405 5450 1562 5525 δόξης
1594 5455 1718 5508 ἀντὶ

122 5539 438 5609 πνεύματος
478 5541 734 5613 ἀκηδίας·
778 5543 875 5596 καὶ
907 5541 1268 5614 κληθήσονται
1301 5544 1486 5610 γενεαί
1514 5543 1717 5600 δικαιο-

119 5628 318 5703 σύνης,
353 5629 606 5702 φύτευμα
639 5634 842 5706 Κυρίου
867 5636 946 5698 εἰς
971 5634 1148 5701 δόξαν.
1180 5653 1200 5686 ι
1244 5636 1302 5687 '0
1335 5637 1400 5690 ὲκ
1428 5635 1528 5707 τῆς
1560 5637 1716 5710 ῥίζης

201 5787 220 5819 ¹
257 5783 365 5844 lla.
404 5801 531 5854 ιιι,
572 5787 755 5845 19-21.
834 5792 852 5822 ³
893 5790 1061 5861 Apoc.
1098 5808 1210 5857 xxv,
1249 5792 1300 5846 6.

1829 4618 2050 4689 gelium.

2379 4707 2612 4764 CAPUT
2653 4705 2846 4762 XXXI.

1907 4823 1926 4855 ι
1960 4801 2202 4874 Spiritus
2248 4801 2467 4857 Domini
2516 4817 2685 4872 super
2729 4815 2852 4864 me,
2900 4813 2968 4854 eo
3005 4795 3154 4868 quod
3195 4794 3419 4852 unxerit

1828 4897 2094 4952 Dominus
2148 4911 2278 4951 me:
2332 4894 2400 4949 ad
2452 4891 2894 4949 annuntiandum
2943 4889 3214 4946 mendicis
3267 4886 3418 4942 misit

1830 5005 1948 5056 me,
1993 4996 2053 5044 ut
2098 4987 2352 5044 mederer
2397 4987 2654 5042 contritis
2699 4984 2901 5051 corde,
2950 4992 3005 5039 et
3056 4981 3415 5052 praedicarem

1825 5082 2057 5152 captivis
2097 5080 2530 5153 indulgentiam,
2568 5086 2624 5134 et
2664 5077 2874 5132 clausis
2919 5075 3306 5146 apertionem;
3355 5078 3416 5124 ut

1825 5175 2182 5244 praedicarem
2231 5188 2436 5228 annum
2488 5169 2812 5242 placabilem
2863 5166 3135 5230 Domino,
3183 5173 3238 5220 et
3267 5163 3412 5218 diem

1825 5266 2054 5320 ultionis
2096 5264 2207 5320 Deo
2252 5271 2478 5328 nostro;
2521 5269 2582 5317 ut
2622 5262 2943 5317 consolarer
2986 5273 3179 5314 omnes
3227 5257 3416 5327 lugen-

1824 5364 1948 5423 tes;
1979 5365 2040 5411 ut
2068 5371 2326 5428 ponerem
2360 5356 2678 5427 lugentibus
2709 5353 2843 5408 Sion
2883 5361 2938 5408 et
2968 5352 3174 5426 darem,
3201 5349 3282 5405 eis
3321 5362 3417 5403 co-

1823 5466 2017 5505 ronam
2048 5466 2150 5521 pro
2180 5451 2401 5514 cinere,
2450 5450 2633 5504 oleum
2683 5447 2868 5517 gaudii
2910 5460 3012 5516 pro
3058 5445 3247 5506 luctu,
3293 5441 3414 5512 pal-

1823 5545 1957 5600 lium
1989 5545 2168 5602 laudis
2196 5561 2296 5615 pro
2324 5544 2524 5616 spiritu
2561 5543 2818 5598 maeroris
2843 5560 2856 5595 :
2892 5549 2947 5595 et
2977 5539 3324 5594 vocabuntur
3351 5537 3411 5593 in

1822 5653 1887 5695 ea
1920 5637 2092 5697 fortes
2115 5638 2384 5710 iustitiae,
2418 5637 2687 5711 plantatio
2721 5633 2941 5691 Domini
2971 5633 3040 5690 ad
3083 5630 3414 5706 glorifican-
