3814 6220
427 322 568 376 Ιὲῢὸ

1126 316 1396 375 EUSEBII
1434 312 1917 372 CESARIENSIS
1952 311 2104 368 OPP.
2146 308 2328 366 PARS
2364 309 2452 366 Ill.
2485 340 2542 352 -
2595 309 3006 367 EXEGETICA.

3559 315 3704 371 £255

422 435 555 493 dum
589 436 627 491 '.
662 455 681 488 3
715 435 817 502 Qui
847 434 915 490 de
943 433 1126 489 radice
1157 433 1313 489 Jesse
1337 444 1494 488 ortus
1524 443 1607 488 est
1637 431 1800 488 Jesus
1831 431 1928 487 Chl

2198 426 2308 480 ισαὶ
2347 425 2625 505 προελθὼν
2671 426 2881 499 Ἰησοῦς
2931 427 2961 480 ὁ
2992 423 3226 497 Χριστὸς
3256 423 3355 479 τοῦ
3387 425 3533 479 Θεοῦ
3558 466 3576 489 ,
3611 430 3704 496 ἐφ’

425 538 545 585 ειυε
588 526 715 592 Dei,
750 534 802 581 in
847 541 1011 597 quem
1059 526 1449 595 requieverunt
1491 532 1705 596 septem
1750 523 1845 581 Dei
1882 525 1998 596 spi-

422 620 598 682 ritus,
629 619 899 687 justitiam
933 617 1286 692 quigdilexit,
1334 616 1561 687 oditque
1605 618 1953 687 iniquitatem
1979 656 1995 684 ,

427 715 626 763 unctus
658 715 741 761 est
772 722 802 761 a
832 705 945 761 Deo
976 716 1029 761 et
1060 706 1222 762 Patre
1263 706 1385 776 ejus
1432 708 1706 777 spirituali
1749 710 1998 763 exsulta-

424 800 594 854 tionis
623 799 780 867 oleo;
821 798 914 868 qui
947 808 1003 853 et
1048 806 1274 867 accepto
1314 799 1595 869 quondam
1640 800 1696 853 in
1740 801 1997 856 manibus

426 892 580 946 Isaia:
615 892 755 946 libro
775 931 789 953 ,
825 899 1073 960 tempore
1103 905 1213 962 quo
1244 891 1422 944 factus
1456 898 1575 945 erat
1607 890 1775 946 homo
1800 930 1816 955 ,
1848 892 1999 946 hunc

423 985 541 1053 ipse
590 984 717 1053 legit
746 983 1186 1037 citatumllocum
1233 999 1247 1034 :
1306 1001 1326 1033 ι
1368 981 1574 1038 Claude
1602 984 1835 1047 librum,
1884 984 1997 1048 ait,

422 1074 583 1130 hodie
610 1074 828 1143 impleta
857 1081 941 1129 est
967 1074 1080 1128 haec
1111 1072 1395 1144 Scriptura
1424 1076 1444 1105 '
1472 1090 1486 1139 ;
1514 1092 1533 1125 3
1554 1073 1671 1143 ipse
1698 1074 1842 1129 enim
1875 1088 2001 1129 vere

422 1174 540 1221 erat
585 1182 616 1220 a
671 1164 834 1219 Patre
878 1165 1118 1227 missus,
1169 1166 1547 1234 evangelizare
1580 1180 1807 1235 regnum
1833 1166 2001 1220 cmlo—

421 1276 541 1314 rum
571 1258 904 1329 pauperibus
936 1258 1168 1327 spiritu,
1197 1257 1401 1326 quibus
1430 1255 1607 1311 dixit:
1635 1275 1653 1307 ι
1684 1256 1835 1312 Beati
1864 1272 2001 1326 pau-

422 1368 580 1423 peres
634 1350 872 1420 spiritu,
929 1349 1059 1418 quia
1112 1348 1359 1418 ipsorum
1404 1356 1490 1403 est
1544 1363 1774 1419 regnum
1826 1349 1999 1404 θεειο-

424 1462 542 1499 rum
579 1445 644 1511 ³;
687 1463 705 1496 3
748 1452 802 1499 et
828 1461 846 1493 ι
881 1442 1086 1497 mederi
1135 1441 1391 1497 contritis
1439 1440 1604 1496 corde
1634 1461 1652 1492 ι
1684 1441 1751 1495 de
1798 1441 2001 1511 quibus

421 1536 627 1591 dictum
658 1543 743 1590 est
777 1554 792 1591 :
824 1554 842 1586 ι
875 1533 984 1589 Cor
1014 1534 1311 1589 contritum
1332 1542 1386 1588 et
1430 1534 1803 1598 humiliatum,
1827 1533 1995 1599 Deus,

421 1644 531 1683 non
562 1627 833 1697 despicies
868 1626 910 1682 ’⁵.
950 1645 969 1679 3
997 1626 1264 1681 Praeterea
1316 1634 1370 1680 et
1417 1626 1802 1680 annuntiatum
1852 1627 2002 1681 venit

420 1727 771 1790 peccatorum
816 1719 1197 1775 remissionem
1238 1718 1306 1774 iis
1347 1719 1440 1788 qui
1484 1719 1639 1788 prius
1684 1718 1788 1774 sub
1837 1718 1999 1788 Spiri-

2101 518 2161 571 ὃν
2192 517 2573 572 ἀναπέπαυται
2606 516 2676 571 τὰ
2698 519 2839 571 ἐπτά
2866 517 2961 571 τοῦ
2988 515 3122 571 Θεοῦ
3149 517 3455 587 πνεύματα,
3488 517 3707 572 δικαιο-

2103 608 2268 678 σύνην
2303 610 2593 681 ἀγαπήσας
2623 611 2717 663 καὶ
2759 611 2993 680 μισήσας
3026 609 3285 681 ἀνομίαν,
3320 609 3559 680 ἐχρίσθη
3594 610 3707 664 ὑπὸ

2100 699 2195 754 τοῦ
2220 699 2355 754 Θεοῦ
2384 701 2477 754 καὶ
2499 701 2711 773 [ἰατρὸς
2740 701 2906 754 αὐτοῦ
2934 701 3013 771 τῷ
3034 700 3307 771 λεγομένῳ
3328 702 3707 773 πνευματικῷ

2098 791 2200 862 τῆς
2229 792 2600 860 ἀγαλλιάσεως
2627 792 2818 863 ἐλαίῳ·
2849 791 2908 855 ὃς
2930 791 3024 844 καὶ
3045 789 3223 845 λαϐών
3247 808 3382 844 ποτε
3407 790 3558 861 μετά
3588 795 3711 860 κεί-

2104 903 2204 957 ρας
2245 886 2337 938 τὸν
2380 886 2608 939 Ἡσαΐαν
2644 884 2764 939 καθ’
2801 885 2860 939 ὃν
2899 885 2993 938 καὶ
3034 883 3441 955 ἐνηνθρωπήκει
3476 885 3706 955 χρόνον,

2101 977 2371 1045 ἀναγνούς
2403 994 2463 1030 τε
2502 976 2600 1048 τὴν
2632 976 3002 1048 προκειμένην
3033 974 3336 1047 περικοπὴν
3358 1015 3373 1039 ,
3435 994 3454 1026 ι
3485 975 3709 1039 πτύξας

2099 1068 2160 1121 τὸ
2216 1068 2457 1139 βιϐλίιν,
2501 1069 2654 1139 φησὶ,
2698 1069 2946 1139 Σήμερον
2994 1067 3348 1137 πεπλήρωται
3402 1066 3436 1136 ἡ
3498 1066 3709 1136 Γραφὴ

2101 1158 2259 1229 αῦτη.
2292 1178 2311 1209 3
2371 1159 2544 1223 Αὐτὸς
2581 1161 2689 1230 γὰρ
2715 1154 2783 1230 ἦν
2807 1160 2881 1222 ὡς
2911 1157 3129 1229 ἀληθῶς
3160 1161 3188 1210 ὁ
3213 1158 3320 1210 ἀπὸ
3345 1156 3441 1210 τοῦ
3474 1158 3709 1227 Πατρεῖς

2099 1252 2425 1317 ἀποσταλεὶς
2478 1251 2932 1321 εὐαγγελίσασθαι
2959 1252 3058 1322 τὴν
3089 1250 3366 1321 βασιλείαν
3390 1249 3503 1302 τῶν
3531 1250 3711 1320 οὐρα-

2101 1342 2206 1396 νῶν
2225 1347 2338 1407 τοῖς
2357 1343 2435 1415 τῷ
2458 1344 2727 1414 πνεύματι
2752 1346 3008 1414 πτωχοῖς,
3035 1343 3168 1414 πρὸς
3187 1342 3282 1405 οὓς
3302 1343 3399 1395 καὶ
3416 1342 3672 1410 ἔφασκεν
3689 1358 3704 1370 ·

2107 1459 2123 1490 ι
2152 1439 2426 1507 Μακάριοι
2468 1438 2518 1489 οἰ
2568 1437 2631 1509 (f.
2661 1436 2729 1491 59
2762 1435 2850 1507 v°)
2896 1436 3102 1505 πτωχοὶ
3148 1434 3227 1505 τῷ
3260 1434 3541 1504 πνεύματι
3562 1477 3578 1499 ,
3614 1437 3707 1488 ὅτι

2102 1532 2279 1586 αὐτῶν
2324 1534 2470 1584 ἐστιν
2503 1531 2536 1600 ἡ
2569 1528 2816 1599 βασιλεία
2842 1526 2951 1580 τῶν
2980 1526 3221 1598 οὐρανῶν
3240 1542 3254 1556 ⁸
3282 1544 3302 1577 3
3328 1526 3424 1579 καὶ
3460 1544 3481 1576 ι
3511 1524 3710 1578 ἰᾶσθαι

2101 1626 2228 1689 τοὺς
2253 1624 2353 1696 τὴν
2394 1623 2622 1694 καρδίαν
2655 1620 3177 1692 συντετριμμένους,
3200 1639 3219 1670 3
3256 1620 3389 1691 περὶ
3428 1612 3510 1672 ὧν
3544 1619 3709 1690 εἴρη-

2102 1732 2216 1781 ται·
2265 1734 2285 1766 ‹
2310 1704 2553 1785 Καρδίαίι
2582 1712 3050 1784 συντετριμμένην
3090 1711 3182 1764 καὶ
3214 1711 3708 1781 τεταπεινωμένην

420 1813 586 1867 tualis
665 1811 1170 1866 Nabuchodonosor
1241 1810 1535 1881 tyrannide
1591 1810 1926 1881 premebantt

2198 1806 2285 1870 εδς
2315 1807 2417 1859 οὐκ
2445 1804 2810 1870 ἐξουδενώσει.
2835 1823 2854 1854 3
2903 1802 3049 1873 Πρὸς
3071 1802 3279 1865 τούτοις
3303 1803 3363 1855 δὲ
3391 1804 3489 1856 καὶ
3515 1802 3704 1874 κηρύ-

420 1898 654 1969 ldeoque
683 1898 1001 1955 confortans
1050 1899 1189 1954 dixit
1222 1900 1524 1970 paralytico
1551 1919 1562 1953 :
1593 1918 1611 1951 ι
1641 1899 1779 1966 Fili,
1810 1902 2000 1956 remit-

420 1998 611 2045 tuntur
652 1991 749 2045 tibi
783 1999 1007 2060 peccata
1033 1992 1077 2055 ⁸,
1112 2009 1131 2043 3
1162 1991 1261 2045 sed
1308 1998 1365 2046 et
1408 1991 1519 2047 illis
1552 1991 1755 2061 quibus
1793 1992 1999 2049 mentis

419 2083 565 2136 oculi
593 2082 803 2138 occlusi
832 2090 996 2151 sunt,
1027 2082 1231 2153 quique
1283 2098 1315 2137 a
1363 2082 1748 2153 spiritualibus
1798 2084 2000 2139 alieni-

417 2173 573 2244 genis
591 2180 645 2227 et
668 2171 982 2244 Babyloniis
1010 2175 1154 2228 sicut
1176 2172 1410 2228 Samson
1432 2181 1489 2228 et
1520 2172 1782 2230 Sedecias
1804 2175 1996 2229 caecati

420 2270 580 2327 sunt,
623 2263 802 2318 visum
844 2264 992 2320 venit
1038 2264 1374 2320 redditurus.
1416 2263 1476 2318 In
1521 2277 1752 2319 numero
1801 2279 1996 2320 eorum

417 2357 513 2427 qui
544 2357 722 2411 curati
749 2366 879 2413 sunt
907 2358 977 2413 ab
1006 2373 1071 2414 eo
1099 2358 1464 2428 corporaliter
1491 2359 1619 2414 caeci
1648 2366 1845 2425 erant,
1873 2359 1997 2429 qui-

420 2454 523 2504 bus
551 2449 732 2503 visum
780 2449 1058 2514 restituit,
1102 2456 1392 2520 postquam
1426 2449 1482 2503 in
1517 2465 1576 2505 se
1604 2450 1994 2515 crediderunt,

421 2547 475 2593 et
503 2554 635 2594 voce
676 2553 873 2610 magna
921 2541 1276 2607 clamabant;
1310 2559 1329 2592 ι
1365 2540 1625 2599 Miserere
1672 2543 1872 2610 nobis,
1921 2544 1995 2598 ﬁli

416 2630 588 2685 David
619 2633 658 2687 °.
694 2651 712 2684 3
740 2630 840 2686 Hic
868 2644 954 2687 est
982 2633 1129 2687 enim
1158 2634 1252 2703 qui
1279 2635 1495 2691 vocavit
1522 2654 1543 2688 ι
1574 2651 1777 2691 annum
1806 2637 1997 2706 placa-

416 2723 579 2777 bilem
600 2722 900 2788 ~Domini,3
943 2739 1105 2794 quem
1124 2727 1453 2782 annuntiare
1499 2729 1705 2799 coepit,
1747 2728 1998 2798 conjecto

417 2815 473 2870 in
505 2830 783 2871 carcerem
830 2814 1075 2884 Joanne;
1108 2818 1202 2887 qui
1233 2825 1289 2873 et
1325 2818 1549 2875 edocuit
1592 2835 1823 2891 regnum
1856 2819 1995 2888 Dei,

410 2905 793 2976 iudiciumque
835 2914 1120 2974 nostrum,
1156 2910 1210 2963 in
1243 2925 1353 2979 quo
1393 2911 1653 2967 reddetur
1697 2912 1996 2983 unicuique

414 3014 480 3053 ex
530 3000 714 3055 verbis
763 3009 817 3055 et
869 3000 1149 3069 operibus.
1203 3000 1443 3073 lnsupen
1482 3005 1632 3058 venit
1678 3005 1749 3060 ad
1791 3019 1996 3062 conso-

415 3090 610 3146 landos
636 3106 828 3148 omnes
859 3092 1007 3146 luctu
1041 3107 1227 3147 coram
1269 3092 1383 3151 Deo
1424 3104 1653 3167 accepto
1699 3098 1989 3169 lugentes;

2101 1897 2187 1963 ξαι
2211 1897 2404 1966 ἄφεσιν
2431 1894 2711 1967 ἁμαρτιῶν
2736 1892 2963 1965 ἐλήλυθε
2990 1896 3101 1956 τοῖς
3129 1892 3233 1945 ὑπὸ
3260 1891 3372 1945 τῶν
3401 1890 3544 1961 (τοῦ)
3570 1908 3709 1960 v01;-

2097 1988 2206 2042 τῶν
2242 1988 2380 2059 (τοῦ)
2419 1986 2889 2057 Ναϐουχοδονόσορ
2929 1983 3295 2055 αἰχμαλώτοις
3328 1984 3530 2054 ἄφεσιν
3564 1983 3707 2053 (sic)

2099 2081 2268 2135 πάλαι
2298 2078 2686 2153 γεγενημένος
2708 2096 2723 2110 ·
2760 2076 2841 2130 διὸ
2866 2078 2961 2131 καὶ
2992 2076 3207 2148 θαρρῶν
3228 2075 3383 2145 ἔλεγε
3407 2076 3490 2147 τῷ
3511 2094 3708 2148 παρα-

2098 2168 2331 2239 λυτικῷ·
2375 2188 2393 2220 ι
2422 2170 2647 2232 Τέκνον,
2680 2165 2954 2235 ἀφέωνταί
2982 2182 3064 2218 σοι
3091 2167 3147 2218 αἱ
3167 2165 3432 2237 ἁμαρτίαι
3456 2182 3471 2195 ·
3501 2186 3522 2218 3

2098 2260 2192 2313 ml.
2240 2262 2349 2323 τοῖς
2380 2260 2479 2329 τῆς
2508 2257 2745 2321 διανοίας
2782 2256 3094 2328 ὀφθαλμοὺς
3123 2257 3560 2328 βεϐλαμμένοις,
3597 2260 3707 2313 καὶ

2098 2351 2202 2404 ὑπὸ
2239 2352 2347 2405 τῶν
2392 2351 2598 2422 νοητῶν
2621 2349 2933 2418 ἀλλοφύλων
2966 2350 3060 2403 καὶ
3087 2348 3441 2403 Βαϐυλωνίων
3486 2350 3707 2420 ὁμοίως

2096 2442 2174 2513 τῷ
2200 2441 2437 2514 Σαμψὼν
2472 2442 2566 2496 καὶ
2597 2441 2675 2512 τῷ
2702 2441 2927 2512 Σεδεκίᾳ
2955 2440 3378 2511 ἐκτυφλωθείσιν
3396 2480 3410 2502 ,
3450 2440 3701 2495 ἀνάϐλε-

2096 2535 2188 2606 ψιν
2228 2532 2453 2605 ἐλήλυθε
2486 2532 2766 2604 παρέξων·
2818 2534 2877 2586 ἐν
2921 2533 3077 2603 μέρει
3130 2533 3189 2585 δὲ
3237 2532 3346 2585 τῶν
3390 2534 3485 2585 ὑπ’
3523 2533 3699 2586 αὐτοῦ

2099 2626 2552 2698 θεραπευομένων
2603 2621 2743 2697 ἦσαν
2771 2627 2863 2678 καὶ
2893 2627 2941 2678 οἰ
2983 2625 3284 2695 σωματικοὶ
3316 2624 3549 2694 τυφλοὶ,
3595 2624 3701 2687 οὓς

2097 2717 2394 2787 ἀναϐλέψαι
2424 2717 2693 2787 πεποίηκε
2723 2716 3118 2774 πιστεύσαντας
3141 2720 3220 2780 εἰς
3244 2718 3427 2783 αὐτὸν,
3458 2720 3559 2772 καὶ
3592 2737 3697 2789 με-

2095 2810 2165 2863 τὰ
2216 2809 2342 2881 βοῆς
2394 2809 2709 2881 εἰρηκότας·
2773 2828 2791 2860 ι
2829 2809 3080 2881 Ἐλέησον
3109 2811 3289 2880 ἡμᾶς,
3324 2811 3409 2863 υἱὲ
3434 2813 3603 2864 Δαυῖδ
3625 2829 3643 2842 ·
3671 2832 3693 2864 ι

2096 2895 2250 2967 οὗτος
2289 2903 2348 2955 δέ
2387 2904 2534 2954 ἐστιν
2564 2905 2593 2956 ὁ
2626 2901 2863 2966 καλέσας
2908 2920 2929 2953 ι
2954 2902 3047 2955 τὸν
3093 2901 3279 2955 δεκτὸν
3310 2904 3564 2957 ἐνιαυτὶν
3595 2905 3700 2959 τοῦ

2096 2994 2303 3067 Κυρίου
2327 3036 2342 3061 ,
2370 3012 2388 3046 3
2442 2994 2501 3048 ὃν
2541 2993 2775 3066 ἐκήρυξε
2806 2995 2943 3068 μετά
2978 2996 3077 3068 τὴν
3115 2998 3193 3061 εἰς
3224 2997 3285 3050 τὸ
3309 2997 3701 3070 δεσμωτήριον

2096 3087 2191 3140 τοῦ
2234 3086 2480 3151 Ἰωάννου
2524 3086 2804 3158 κάθειρξιν
2825 3128 2840 3153 ,
2893 3090 2988 3143 καὶ
3020 3089 3048 3139 ὁ
3078 3089 3295 3154 διδάξας
3320 3090 3392 3144 τά
3425 3093 3562 3163 περὶ
3592 3093 3703 3162 τῆς

415 3197 556 3253 quos
589 3189 643 3237 et
669 3182 861 3237 beatos
908 3182 1207 3254 praedicat,
1253 3184 1484 3242 dicens:
1516 3206 1534 3238 ι
1559 3142 1719 3244 IBeati
1759 3142 1857 3260 lqui
1901 3190 1919 3244 l

2196 3145 2379 3242 ιιλείας
2401 3177 2495 3231 τοῦ
2529 3178 2666 3232 Θεοῦ
2734 3142 2839 3233 καί
2860 3179 2926 3234 τὰ
2966 3182 3092 3252 περὶ
3120 3142 3530 3254 τῆς

416 3280 546 3344 gent
565 3313 581 3338 ,
611 3274 867 3343 quoniam
898 3274 1003 3345 ipsi
1036 3275 1471 3333 consolabuntur
1495 3279 1540 3332 ⁷.
1573 3299 1594 3333 3
1622 3278 1788 3336 Venit
1821 3280 1990 3336 etiam

418 3371 479 3420 ut
522 3364 677 3420 daret
703 3384 723 3417 ε
754 3366 1067 3436 lugentibus
1115 3366 1247 3423 Sion
1286 3370 1538 3440 gloriam.
1569 3389 1589 3424 3
1615 3370 1848 3438 Quinam
1893 3387 1991 3427 au-

416 3463 527 3510 tem
558 3462 746 3510 essent
774 3457 887 3522 illi,
922 3457 1030 3511 nisi
1064 3459 1159 3528 qui
1193 3458 1444 3529 ipsorum
1474 3463 1709 3531 patriam
1740 3477 1992 3533 quaeren-

414 3555 519 3611 tes,
544 3547 892 3618 cmlestisque
913 3548 1151 3605 civitatis
1175 3550 1229 3605 in
1254 3552 1649 3622 sempiternum
1670 3556 1990 3610 memoriam

415 3640 773 3695 revocantes?
823 3640 1014 3707 Qualis
1060 3649 1178 3698 erat
1225 3644 1351 3709 ille,
1400 3643 1518 3715 qui,
1568 3646 1833 3715 praescius
1880 3663 1993 3703 sua:

416 3733 560 3803 apud
593 3733 845 3792 homines
878 3738 1362 3804 commorationis,
1394 3738 1737 3794 exclamabat
1765 3759 1777 3794 :
1818 3758 1836 3792 ι
1873 3740 1988 3797 Heu

414 3824 548 3879 mihi
569 3863 585 3889 ,
623 3825 752 3896 quia
795 3826 1069 3885 incolatus
1100 3845 1256 3885 meus
1298 3830 1652 3902 prolongatus
1678 3838 1764 3887 est
1792 3831 1814 3863 ⁸
1840 3833 1853 3885 ι
1888 3851 1908 3886 3
1936 3841 1992 3889 et

414 3920 469 3975 hi
517 3935 778 3991 quoque,
819 3922 914 3992 qui
966 3937 1133 3993 super
1162 3921 1388 3978 ﬂumina
1436 3924 1736 3997 Babylonis
1788 3925 1991 3981 ﬂebant

413 4027 541 4067 cum
588 4014 1011 4069 recordarentur
1039 4013 1173 4070 Sion
1202 4017 1249 4070 ’.
1286 4016 1380 4072 His
1411 4018 1557 4072 enim
1582 4018 1838 4074 Christus
1886 4018 1985 4075 Dei

412 4105 787 4161 consolatione
815 4105 1043 4176 fungens
1068 4122 1234 4177 quam
1261 4107 1575 4178 lugentibus
1618 4108 1986 4179 promiserat,

414 4195 563 4250 luctu
585 4197 866 4252 exsolutos
891 4196 1212 4267 gloriﬁcabit
1228 4237 1244 4262 ,
1272 4204 1325 4252 et
1348 4213 1445 4267 pro
1467 4197 1651 4253 cinere
1674 4213 1783 4269 quo
1809 4198 1989 4267 sparsi

412 4297 570 4344 erant
599 4289 655 4343 in
687 4289 791 4342 hac
827 4288 938 4343 vita
979 4289 1262 4358 lugentes,
1299 4289 1498 4344 laetitiae
1529 4290 1710 4344 oleum
1756 4298 1986 4360 praesta—

413 4380 529 4445 bit,
589 4394 799 4450 ungens
842 4388 898 4435 et
948 4395 1044 4435 eos
1092 4381 1476 4438 exsultationis
1530 4382 1690 4446 oleo,
1745 4393 1807 4436 ut
1854 4382 1988 4436 ﬁant

2102 3285 2240 3333 σεως
2262 3307 2277 3333 ,
2307 3270 2364 3321 ἐν
2452 3270 2666 3341 ἑκάστῳ
2706 3268 2813 3323 τῶν
2863 3272 3264 3342 πεπραγμένων
3296 3274 3328 3344 ἡ
3377 3276 3504 3327 κατ’
3534 3275 3702 3340 ἀξίαν

2099 3360 2489 3433 ἀποδοθήσεται
2516 3360 2662 3434 δίκη.
2697 3362 2843 3435 Πρὸς
2866 3363 3073 3428 τούτοις
3106 3363 3148 3416 δ’
3170 3364 3397 3436 ἐλήλυθε
3433 3384 3704 3437 παρακα-

2098 3450 2252 3504 λέσαι
2290 3451 2414 3515 τοὺς
2458 3451 2788 3516 πενθοῦντας
2812 3452 2872 3507 τὸ
2900 3453 3042 3508 κατὰ
3076 3455 3208 3508 Θεὸν
3235 3457 3525 3511 ἐπαινετὸν
3558 3460 3703 3512 πέν-

2099 3545 2223 3609 θος·
2277 3540 2357 3609 οἷς
2391 3546 2482 3599 καὶ
2528 3546 2878 3618 μακαρισμὸν
2910 3547 3246 3618 ἐπήγγελται
3268 3547 3439 3601 εἰπών
3459 3565 3474 3577 ·
3522 3569 3541 3601 ι
3567 3551 3701 3604 Μα-

2098 3635 2278 3706 κάριοι
2310 3636 2359 3687 οἰ
2405 3633 2728 3698 πενθοῦντες
2750 3674 2765 3696 ,
2799 3636 2881 3688 ὅτι
2910 3636 3065 3689 αὐτοὶ
3099 3636 3640 3708 παρακληθήσονται.
3671 3661 3694 3691 3

2096 3724 2267 3781 1Ἦλθε
2318 3726 2375 3780 δὲ
2418 3728 2512 3782 ἐπὶ
2555 3727 2765 3791 τούτοις
2793 3728 2886 3782 καί
2933 3729 3074 3799 ὑπὲρ
3122 3729 3215 3782 τοῦ
3248 3730 3466 3802 δοθῆναι
3530 3750 3550 3783 ι
3576 3737 3700 3799 τοῖς

2099 3818 2355 3873 πενθοῦσι
2396 3818 2532 3873 Σιὼν
2567 3819 2745 3888 δόξαν.
2773 3839 2792 3872 3
2830 3821 2988 3884 Τίνες
3024 3821 3068 3873 δ’
3098 3820 3164 3875 ἂν
3189 3816 3296 3875 εἷεν
3318 3825 3411 3876 καὶ
3442 3819 3629 3888 οὗτοι,
3658 3826 3698 3898 ἢ

2096 3910 2145 3961 οἰ
2174 3909 2271 3980 τὴν
2296 3910 2503 3964 ἑαυτῶν
2528 3910 2761 3983 πατρίδα
2784 3910 3092 3981 ζητοῦντες,
3121 3912 3338 3983 καὶτῆς
3358 3915 3697 3984 ἐπουρανίου

2098 4001 2304 4065 πόλεως
2353 4002 2527 4056 εἰσαεὶ
2557 4002 2654 4073 τὴν
2686 4004 2907 4080 μνήμην
2934 4003 3447 4076 ἀναζωπυροῦντες
3486 4001 3599 4070 οἶος
3621 4002 3696 4078 ἦν

2097 4095 2304 4158 ἐκεῖνος
2324 4137 2338 4161 ,
2368 4094 2427 4159 ὃς
2474 4095 2736 4165 πάροικον
2776 4097 2871 4149 καὶ
2901 4096 3279 4168 παρεπίδημον
3323 4097 3417 4150 ἐπὶ
3443 4097 3553 4168 τῆς
3582 4099 3695 4170 γῆς

2096 4188 2286 4242 ἑαυτὸν
2315 4189 2694 4259 ἐπιστάμενος,
2726 4189 2891 4242 καὶτὸ
2912 4210 2929 4241 ι
2954 4190 3133 4262 Οῖμοι,
3157 4210 3176 4243 3
3194 4191 3538 4263 ἀνοιμώζων,
3561 4212 3579 4244 ι
3605 4196 3693 4248 ὅτι

2095 4283 2128 4352 ἡ
2166 4282 2426 4353 παροικία
2457 4299 2557 4352 μου
2585 4282 2902 4353 ἐμακρύνθη
2923 4300 2937 4313 ·
2965 4301 2983 4335 3
3023 4283 3105 4337 ἔτι
3134 4300 3193 4336 τε
3230 4286 3278 4338 οἰ
3321 4287 3413 4338 ἐπὶ
3441 4289 3556 4341 τῶν
3588 4304 3692 4341 πο-

2096 4373 2286 4444 ταμῶν
2307 4374 2622 4439 Βαϐυλῶνος
2648 4375 2926 4440 κλαίοντες
2958 4377 3018 4429 ἐν
3042 4376 3120 4447 τῷ
3150 4377 3452 4449 μνησθῆναι
3484 4381 3690 4446 αὐτοὺς

414 4472 730 4530 chrismatis
756 4482 812 4527 et
841 4474 992 4542 regni
1025 4474 1110 4527 sui
1141 4474 1435 4544 participes
1456 4514 1470 4539 ,
1500 4473 1659 4543 juxta
1692 4473 1807 4529 haac
1834 4472 1918 4545 Ap

2180 4463 2380 4529 ςΣιών·
2407 4465 2616 4530 τούτοις
2653 4465 2762 4537 γὰρ
2807 4463 2899 4520 οὖν
2926 4469 2955 4518 ὁ
2986 4465 3222 4538 Χριστὸς
3248 4468 3340 4520 τοῦ
3371 4469 3511 4522 Θεοῦ
3539 4470 3686 4544 πλη-

414 4566 541 4620 stoli
583 4565 750 4619 verba
794 4582 808 4618 :
842 4582 860 4614 ι
891 4562 1196 4633 Participes
1233 4565 1378 4620 enim
1420 4565 1629 4620 Christi
1672 4564 1851 4620 elIecti
1894 4580 1990 4620 su-

414 4672 539 4712 mus
567 4656 630 4711 ¹⁰.
665 4675 684 4708 3
715 4655 983 4712 Praeterea
1018 4655 1329 4727 lugentibus
1357 4653 1487 4710 Sion
1519 4656 1670 4710 dabit
1695 4655 1951 4711 Christus
1972 4695 1986 4719 ,

411 4750 567 4818 juxta
588 4748 929 4820 prophetiam
946 4787 961 4813 ,
1003 4765 1022 4798 ι
1046 4746 1269 4818 pallium
1298 4746 1476 4802 laudis
1501 4761 1601 4818 pro
1620 4746 1819 4816 spiritu
1856 4760 1994 4801 ma:-

417 4843 595 4905 roris,
628 4860 647 4893 3
674 4839 721 4896 si
761 4854 851 4896 res
889 4839 1015 4893 vita:
1055 4839 1428 4909 neglexerint,
1482 4837 1765 4891 hominum
1808 4837 1994 4907 operi-

416 4933 522 4987 bus
549 4929 856 5000 despectis;
889 4936 943 4984 et
975 4929 1066 4984 hic
1093 4929 1328 4985 maxime
1360 4929 1643 5000 lugentes,
1676 4943 1788 4983 non
1824 4928 1989 4983 modo

414 5025 671 5095 quoniam
702 5024 895 5095 procul
938 5021 1034 5078 Dei
1075 5023 1343 5092 promissa
1381 5021 1663 5085 viderent,
1694 5019 1789 5075 sed
1830 5027 1884 5074 et
1922 5035 1988 5075 eo

415 5118 593 5188 quod,
627 5127 846 5188 prapler
878 5115 1272 5170 humanitatem
1304 5120 1359 5169 et
1389 5114 1785 5184 benignitatem
1826 5127 1982 5168 suam

414 5226 605 5266 eorum
650 5209 887 5264 miseriis
918 5215 971 5263 et
1000 5207 1281 5261 doloribus
1312 5211 1755 5274 compaterentnr
1786 5213 1841 5259 et
1880 5205 1987 5258 hoc

416 5303 593 5356 solum
639 5301 938 5370 apostolica
987 5313 1121 5352 voce
1167 5284 1538 5351 exclamantes
1569 5315 1582 5348 :
1616 5313 1635 5345 ‹
1666 5295 1802 5361 Quis
1833 5295 1991 5349 intir-

417 5399 599 5446 matur
627 5404 680 5446 et
711 5408 811 5462 ego
840 5407 946 5445 non
985 5391 1231 5444 intirmor
1254 5428 1269 5453 ,
1305 5388 1427 5458 quis
1460 5386 1899 5450 scandalizatur,
1937 5392 1994 5441 et

415 5498 520 5550 ego
547 5498 652 5537 non
684 5500 811 5538 uror
844 5487 881 5515 “
909 5483 933 5536 ?
960 5502 977 5532 3

497 5633 511 5661 ¹
553 5632 813 5695 Ιεο.,ι.κι.
853 5637 962 5691 1-5.
1037 5637 1057 5666 '
1096 5633 1229 5688 an.
1267 5650 1339 5697 Iv,
1370 5634 1460 5690 2|.

422 5701 443 5732 τ
485 5700 670 5756 Matth.
708 5722 758 5767 ι’,
791 5706 844 5759 4.
919 5708 939 5735 ⁸·
976 5702 1120 5757 Psal.
1154 5718 1315 5770 cxxx,
1347 5704 1397 5757 5.

2097 4558 2228 4629 ρῶν,
2256 4556 2321 4627 ἢν
2370 4559 2483 4620 τοῖς
2531 4556 2788 4610 πενθοῦσι
2820 4557 3086 4628 ὑπέσχετο
3115 4558 3492 4631 παράκλησιν,
3526 4560 3688 4629 ὅὸξαν

2098 4647 2365 4701 ἀποδώσει
2394 4645 2751 4717 ἀπαλλαγεῖσι
2780 4647 2873 4702 τοῦ
2898 4649 3145 4712 πένθους,
3170 4650 3264 4702 καὶ
3284 4650 3405 4701 ἀντί
3425 4650 3530 4721 τῆς
3551 4666 3688 4706 σπο-

2091 4738 2183 4793 δοῦ
2202 4735 2270 4810 ἦς
2291 4739 2601 4794 ἐκονίσαντο
2621 4739 2762 4794 κατὰ
2782 4740 2873 4794 τὸν
2894 4740 3124 4795 ἐνταῦθα
3149 4740 3263 4809 βίον
3286 4741 3453 4812 πενθη
3462 4758 3680 4808 σαντες,

2089 4831 2330 4903 ἄλειμμα
2350 4833 2686 4905 εὐφροσύνης
2705 4833 2953 4907 παρέξει,
2975 4834 3142 4906 χρίων
3171 4835 3263 4889 καὶ
3287 4835 3489 4898 αὐτοὺς
3512 4837 3684 4907 ἐλαίῳ

2089 4924 2479 4993 ἀγαλλιάσεως,
2504 4926 2590 4978 ἵνα
2610 4926 2874 4993 γένωνται
2895 4927 2993 4997 τῆς
3021 4925 3183 4980 αὑτοῦ
3208 4926 3421 4997 μέτοχοι
3443 4929 3683 5000 χρίσεῶς

2086 5033 2146 5068 τε
2179 5018 2272 5070 καὶ
2303 5017 2601 5087 βασιλείας,
2634 5017 2774 5071 ὥστε
2808 5020 2903 5072 καὶ
2940 5019 3137 5082 αὐτοὺς
3164 5021 3335 5072 εἰπεῖν
3358 5035 3371 5048 ·
3410 5021 3682 5091 (Meropa

2086 5105 2195 5178 γὰρ
2222 5106 2315 5159 τοῦ
2347 5108 2584 5179 Χριστοῦ
2613 5108 2939 5179 γεγόναμεν.
2971 5127 2989 5158 3
3025 5108 3145 5161 Ἔτι
3180 5106 3315 5178 πρὸς
3337 5106 3551 5172 τούτοις
3578 5109 3680 5162 διὸ·

2087 5213 2200 5251 σειν
2224 5198 2251 5249 ὁ
2274 5199 2509 5270 Χριστὸς
2531 5201 2643 5263 τοῖς
2670 5199 2924 5253 πενθοῦσι
2950 5197 3088 5251 Σιὼν
3110 5199 3517 5270 προφητεύεται
3544 5194 3680 5254 «κα-

2086 5288 2350 5359 ταστολὴν
2385 5289 2575 5361 δόξης,
2608 5291 2731 5345 ἀντὶ
2774 5289 2867 5343 τοῦ
2900 5289 3208 5360 πνεύματος
3234 5290 3334 5356 τῆς
3361 5291 3625 5362 ἀκηδῖας,
3652 5314 3669 5344 3

2088 5382 2181 5435 ἐπὶ
2213 5381 2304 5455 (εἰ)
2338 5386 2450 5447 τοῖς
2481 5383 2574 5437 τοῦ
2610 5383 2723 5455 βίου
2755 5383 3073 5455 πράγμασιν
3109 5382 3415 5453 ήκηδίασαν
3434 5423 3453 5448 ,
3488 5384 3675 5453 ῶσπερ

2088 5473 2577 5547 δυσαρεστούμενοι
2620 5479 2743 5540 ταῖς
2784 5473 2893 5528 τῶν
2924 5471 3227 5545 ἀνθρώπων
3267 5474 3537 5545 πράξεσι·
3582 5479 3674 5531 καὶ

1557 5635 1577 5666 ⁸
1620 5632 1806 5687 Matth.
1838 5650 1890 5693 v,
1927 5634 1979 5687 5.
2013 5700 2025 5703 Α
2058 5631 2081 5663 ⁵
2120 5631 2265 5689 Psal.
2300 5650 2364 5695 ι,
2409 5636 2495 5688 l7.
2574 5637 2594 5666 ⁸
2638 5633 2828 5691 Matth.
2866 5655 2956 5696 Ix.
2986 5638 3041 5695 2.

2132 5631 2265 5689 Psal.
2300 5650 2364 5695 ι,
2409 5636 2495 5688 l7.
2574 5637 2594 5666 ⁸
2638 5633 2828 5691 Matth.
2866 5655 2956 5696 Ix.
2986 5638 3041 5695 2.
3120 5639 3142 5670 ⁸
3179 5636 3374 5694 Matth.
3404 5651 3517 5703 xx,
3549 5636 3638 5693 51.

1502 5708 1520 5737 ³³
1563 5704 1703 5759 Psal.
1739 5720 1970 5765 cxxxvn,
2008 5700 2056 5754 l.

2139 5703 2181 5735 ¹⁰
2226 5703 2386 5761 Hebr.
2427 5723 2522 5772 ιιι,
2566 5709 2647 5764 LL
2726 5710 2766 5739 ¹¹
2811 5709 2855 5763 ιι
2887 5714 3015 5765 Cor.
3049 5725 3143 5775 xl,
3180 5710 3271 5766 29.
