3856 6226
245 322 381 378 1257
1267 275 1559 374 ECLOGE
1597 309 1814 373 more

1920 314 2079 374 tam.
2116 349 2180 359 —
2225 306 2352 374 LIB.
2393 305 2484 374 Iv.
3363 320 3500 375 1258

241 435 410 506 ταύτῃ
443 433 675 505 μάλιστα
703 431 1042 497 πενθοῦντες,
1070 431 1130 484 οὐ
1158 433 1314 503 μόνον
1333 431 1422 484 διὰ
1449 429 1510 483 τὸ
1539 429 1819 502 πόρρωθεν
1867 429 2091 502 θεωρεῖν
2118 428 2222 493 τὰς
2251 428 2344 482 τοῦ
2397 426 2530 481 Θεοῦ
2571 426 2903 497 ἐπαγγελίας
2927 467 2942 491 ,
2982 427 3119 482 άλλά
3168 429 3263 483 καὶ
3299 430 3388 485 διὰ
3437 434 3500 487 τὸ

242 533 525 604 συμπαθὲς
548 530 643 584 xui.
671 529 1049 601 φιλάνθρωπον
1077 528 1482 598 συμπάσχοντες
1510 528 1604 579 κα)⁵
1634 527 2025 596 συναλγοῦντες
2039 529 2158 590 τοῖς
2193 523 2514 579 ἀσθενοῦσιν
2575 523 2778 580 ἐαυτῶν
2816 523 3024 594 μέλεσι,
3076 525 3169 583 καὶ
3216 530 3499 600 μονονουχὶ

243 626 473 696 βοῶντες
508 627 569 697 τῇ
598 625 692 679 τοῦ
726 624 1048 678 Ἀποστόλου
1081 622 1331 687 διαθέσει,
1353 623 1459 694 τῷ,
1497 642 1516 678 ι
1540 623 1634 686 Τίς
1656 623 1889 690 ἀσθενεῖ,
1923 624 2018 676 καὶ
2045 625 2145 676 οὐκ
2173 621 2414 686 ἀσθενῶ;
2462 621 2546 684 τίς
2607 619 3017 686 σκανδαλίζεται
3092 623 3186 676 καὶ
3235 623 3335 676 οὐκ
3388 624 3501 693 ἐγὼ

242 717 520 789 πυροῦμαι
539 734 552 781 ;
583 736 602 768 ι

738 811 1150 880 ,ΚΕΦΑΛΑΙΟΝ
1182 813 1304 868 AB'.

319 918 335 949 ι
360 899 729 968 Ἀγαλλιάσθω
762 902 796 971 ἡ
829 900 971 972 ψυχή
1005 919 1103 972 μου
1133 901 1225 955 ἐπὶ
1250 899 1330 971 τῷ
1351 901 1568 972 Κυρίῳ·
1606 900 1820 953 ἐνέδυσε

241 992 350 1062 γάρ
403 1009 470 1062 με
519 993 732 1062 ἱμάτιον
773 992 1062 1062 σωτηρίου,
1095 994 1186 1046 καὶ
1219 993 1418 1064 χιτῶνα
1449 993 1819 1064 εὐφροσύνηςο

241 1084 535 1156 περιέθηκέ
588 1102 678 1154 μοι
721 1085 796 1146 ὡς
828 1087 1045 1155 νυμφίῳ
1081 1085 1298 1156 μίτραν,
1339 1086 1432 1138 καὶ
1477 1085 1553 1148 ὡς
1603 1084 1820 1157 νύμφην

240 1174 620 1246 κατεκόσμησέ
647 1193 714 1245 με
746 1176 950 1246 κόσμῳ.
977 1177 1087 1230 Καὶ
1117 1176 1192 1239 ὡς
1217 1177 1319 1247 γῆν
1345 1175 1612 1240 αὔξουσαν
1643 1175 1703 1228 τὸ
1723 1177 1818 1230 άν-

241 1261 331 1329 θος
363 1267 551 1337 αὐτῆς,
583 1266 678 1318 κα)⁸
703 1267 778 1329 ὡς
804 1268 976 1338 κῆπος
1009 1267 1078 1320 τὰ
1104 1269 1390 1340 σπέρματα
1413 1268 1576 1322 αὐτοῦ
1608 1269 1820 1322 ἀνατέλ-

239 1355 341 1421 λει,
371 1356 544 1419 οὕτως
575 1357 818 1410 ἀνατελεῖ
846 1357 1045 1428 Κύριος
1090 1359 1290 1430 Κύριος
1335 1361 1698 1432 δικαιοσύνην,
1727 1363 1819 1414 καὶ¹

239 1447 556 1518 ἀγαλλίαμα
589 1450 825 1502 ἐναντίον
858 1451 1072 1503 πάντων
1101 1451 1208 1504 τῶν
1237 1451 1425 1504 ἐθνῶν.
1457 1472 1475 1504 ι
1497 1454 1560 1505 'H
1590 1454 1686 1505 τοῦ
1710 1455 1821 1505 Κυ-

241 1540 361 1609 ρίου
395 1540 551 1610 ὴμῶν
586 1540 762 1610 Ἰησοῦ
806 1543 1040 1613 Χριστοῦ
1082 1544 1247 1616 ψυχὴ,
1283 1547 1409 1617 περὶ
1435 1541 1502 1618 ἧς
1535 1546 1685 1615 ἔλεγε
1717 1548 1777 1600 τό
1800 1562 1814 1577 δ

243 1649 264 1682 ι
296 1633 602 1702 Περίλυπός
626 1635 772 1688 ἐστιν
800 1635 998 1708 ἡψυχὴ
1027 1654 1150 1708 μου,
1177 1657 1194 1688 ι
1228 1639 1322 1691 καὶ
1355 1639 1445 1691 τό⁶
1484 1658 1500 1690 ι
1532 1639 1645 1693 Νῦν
1671 1642 1702 1710 ἡ
1725 1641 1820 1710 ψυ-

238 1725 307 1795 χή
339 1741 440 1794 μου
473 1724 824 1796 τετάρακται,
850 1746 869 1779 ι
907 1729 993 1780 ἐπ’
1030 1729 1204 1782 οὐδενὶ
1236 1729 1343 1783 τῶν
1383 1731 1623 1803 γενητῶν
1651 1732 1819 1800 ἀγαλ-

236 1806 330 1884 λιᾷ
359 1813 454 1865 καὶ
475 1815 842 1884 εὐφραίνεται,
871 1816 903 1886 ἢ
933 1818 1024 1869 ἐπὶ
1058 1819 1204 1888 μόνῳ
1243 1819 1321 1890 τῷ
1363 1821 1538 1892 Πατρὶ
1570 1821 1664 1873 καὶ
1709 1823 1818 1874 Κυ-

243 1903 342 1974 ρίῳ
361 1921 373 1932 ·
409 1905 622 1957 ἐνέδυσε
648 1905 875 1976 γάρτοι
921 1907 1083 1959 αὑτὸν
1111 1906 1170 1959 τὸ
1190 1907 1289 1977 τῆς
1313 1907 1560 1980 θεότητος
1585 1909 1815 1980 ἱμάτιον,

237 1996 335 2047 καὶ
361 1995 451 2047 τὸν
479 1996 576 2066 τῆς
607 1995 839 2068 ἀληθοῦς
864 1999 956 2050 καὶ
986 1997 1196 2060 τελείας
1229 1999 1567 2071 εὐφροσύνης
1595 2000 1813 2070 χιτῶναι

236 2083 378 2137 ἀλλὰ
413 2087 507 2138 καὶ
545 2087 578 2156 ή
613 2086 681 2156 (ό)
719 2088 819 2157 μὲν
850 2088 1082 2158 νυμφίος
1114 2089 1324 2160 ὑπῆρχε
1355 2089 1450 2160 τῆς
1486 2090 1559 2160 μὴ
1589 2090 1818 2162 ἐχούσης

239 2176 430 2229 σπῖλον
471 2178 502 2248 ἢ
546 2179 729 2248 ῥυτίδα
760 2180 976 2251 νύμφης
1007 2171 1351 2251 Ἑκκλησίας,
1385 2181 1459 2244 ὡς
1489 2181 1702 2252 νυμφίῳ
1736 2181 1820 2252 μί-

237 2283 374 2338 τραν
400 2269 535 2339 αὐτῇ
569 2269 654 2340 (ᾧ)
689 2271 1035 2343 περιέθηκεν,
1062 2273 1094 2343 ή
1133 2273 1189 2325 δὲ
1219 2273 1403 2343 νύμφη
1429 2273 1529 2342 τῆς
1561 2273 1819 2326 ἀνωτάτω

235 2357 333 2409 τοῦ
363 2357 530 2426 ψόγου
552 2357 818 2431 θεότητος,
840 2361 906 2431 ἢν
935 2360 1010 2424 ὼς
1039 2362 1254 2432 νύμφην
1283 2363 1452 2433 αὐτὴν
1473 2363 1818 2434 κατεκόσμη-

239 2465 303 2501 σε
352 2448 428 2519 τῷ
463 2450 721 2522 πρέποντι
767 2451 1035 2523 πνεύματι
1066 2453 1365 2525 Κυρίῳ(ου)
1415 2453 1632 2524 κόσμῳ’
1685 2453 1820 2506 ἀλλὰ

238 2540 334 2594 καὶ
365 2540 440 2603 ὡς
478 2541 706 2613 εὔφορον
756 2543 848 2596 καὶ
877 2544 1089 2616 ἀγαθὴν
1119 2546 1220 2615 γῆν
1247 2545 1596 2614 ἐγεώργησεν
1625 2544 1814 2614 αὐτὴν,

237 2631 321 2686 ἔτι
351 2649 408 2684 τε
435 2633 510 2696 ῶς
537 2633 712 2704 κῆπον
740 2633 973 2700 αῦξοντα
1003 2637 1097 2689 καὶ
1122 2635 1381 2689 θάλλοντα
1423 2638 1534 2698 τοῖς
1567 2637 1624 2689 ἐν
1670 2635 1817 2706 αὑτῷ

239 2722 604 2795 βλαστήμασι,
633 2720 714 2788 οἷς
762 2727 856 2779 καὶ
904 2728 932 2779 ὁ
983 2727 1149 2798 μέγας
1181 2726 1275 2780 τοῦ
1321 2726 1455 2780 Θεοῦ
1494 2726 1817 2798 παράδεισος

237 2816 753 2885 καταπεφυτεῦσθαι
797 2817 1239 2886 λέγεται.”Εσται
1283 2817 1340 2869 δὲ
1387 2815 1582 2881 ταῦτα,
1631 2817 1813 2886 φησὶν,

239 2907 364 2961 ἐπεὶ
389 2907 592 2971 δίκαιος
614 2909 689 2961 ὢν
715 2909 940 2981 Κύριος,
973 2910 1066 2964 καὶ
1089 2911 1147 2963 οὐ
1177 2910 1333 2981 μόνον
1365 2910 1650 2974 Ἰουδαίων,
1682 2911 1816 2965 ἀλλά

241 3001 336 3052 καὶ
367 2999 536 3052 ἐθνῶν
558 3001 816 3073 ὑπάρχων
837 3002 988 3064 Θεὸς,
1009 3001 1245 3055 ἀνέτειλε
1274 3001 1372 3073 τὴν
1399 3002 1591 3056 ἐαυτοῦ
1617 3002 1818 3055 δικαιο-

245 3091 429 3164 σύνην,
463 3092 602 3146 τοῦτ’
635 3093 751 3146 ἔστι
786 3095 877 3146 τὸν
911 3092 1142 3166 Χριστὸν
1185 3094 1370 3158 αὑτοῦ,
1409 3095 1646 3148 ἐναντίον
1675 3095 1814 3148 πάν-

237 3200 348 3236 των
376 3183 483 3237 τῶν
509 3184 574 3236 δι’
603 3185 764 3237 αὑτοῦ
795 3185 1156 3238 πιστευόντων
1183 3185 1370 3238 ἐθνῶν.

746 3279 1140 3333 ΚΕΦΑΛΑΙΟΝ
1179 3279 1301 3332 Al".

318 3369 552 3439 (Ἄρατε
587 3368 861 3440 σύσσημον
908 3372 988 3434 εἰς
1029 3371 1098 3424 τὰ
1124 3370 1269 3442 ἕονηι
1290 3371 1420 3425 ’ἰδοὺ
1451 3373 1577 3441 γάρ,
1614 3371 1814 3444 Κύριος

238 3461 492 3531 ἐποίησεν
524 3462 787 3514 ἀκουστὸν
829 3462 930 3525 ἓως
964 3463 1190 3533 ἐσχάτου
1220 3464 1320 3533 τῆς
1351 3465 1472 3534 γῆς.
1509 3463 1714 3517 Εἴπατε
1748 3469 1809 3535 τῇ

239 3554 469 3626 θυγατρὶ
499 3553 636 3607 Σιών
659 3570 673 3585 ο
716 3554 846 3608 Ἰδού
875 3572 957 3608 σοι
989 3557 1017 3609 ό
1043 3556 1232 3627 Σωτὴρ
1268 3556 1638 3626 παραγέγονεν
1673 3556 1812 3627 ἔχων

237 3646 331 3699 τὸν
377 3645 570 3699 ἐαυτοῦ
623 3647 810 3716 μισθὸν
843 3648 959 3718 μετ’
993 3648 1178 3714 αὐτοῦ,
1213 3648 1307 3701 καὶ
1356 3648 1418 3702 τὸ
1463 3649 1622 3720 ἔργον
1649 3648 1810 3702 αὑτοῦ

240 3732 348 3803 πρὸ
378 3731 664 3803 προσώπου
696 3734 860 3788 αὐτοῦ
881 3752 894 3764 ·
928 3735 1022 3788 καὶ⁴
1055 3736 1270 3789 καλέσει
1300 3737 1459 3790 αὑτὸν
1484 3737 1610 3791 λαὸν
1636 3738 1808 3806 ἅγιον,

239 3822 642 3894 λελυτρωμένον
671 3825 774 3878 ὑπὸ
803 3825 1007 3897 Κυρίου
1027 3843 1040 3856 ο
1073 3827 1136 3879 σὺ
1160 3826 1217 3880 δέ
1254 3826 1499 3900 κληθήσῃ
1525 3827 1810 3899 ἐπιζητου-

242 3911 378 3984 μένη
399 3912 572 3976 πόλις,
600 3915 694 3966 κει)⁸
707 3915 807 3967 οὐκ
833 3915 1388 3988 ἐγκαταλελειμμένη.
1405 3937 1528 3970 ι-‹
1553 3918 1648 3980 Τίς
1662 3915 1814 3984 οὗτος

237 4004 724 4076 ὁπαραγενόμενος
741 4005 1012 4079 ἐξἘδὼμ,
1040 4008 1289 4080 ἐρύθημα
1321 4010 1724 4080 ίματίωναύτοῦ
1748 4017 1813 4064 ἐκ

237 4091 442 4164 Βοσόρ;
469 4094 653 4158 Οὕτως
672 4096 872 4166 ὡραῖος
889 4099 944 4150 ἐν
962 4101 1119 4169 στολῇ
1139 4098 1323 4163 αὐτοῦ,
1339 4099 1428 4170 βίᾳ
1445 4101 1581 4170 μετὰ
1600 4101 1810 4171 ίσχύος;

251 4182 393 4251 Ἐγὼ
411 4184 725 4256 διαλέγομαι
739 4187 1080 4259 δικαιοσύνην
1104 4189 1197 4242 καὶ
1221 4189 1396 4260 κρίσιν
1414 4208 1700 4262 σωτηριου.
1717 4193 1815 4246 Διὰ

236 4276 292 4328 τί
317 4292 406 4328 σου
437 4277 642 4349 ἐρυθρά
666 4278 735 4332 τὰ
765 4279 974 4349 ἱμάτια,
995 4281 1090 4334 καὶ
1113 4281 1181 4334 τὰ
1202 4283 1476 4352 ὲνδύματά
1499 4300 1589 4335 σου
1614 4284 1689 4346 ὡς
1708 4285 1814 4337 ἀπὸ

238 4367 480 4436 πατητοῦ
513 4367 712 4439 ληνοῦ;
743 4369 962 4440 Πλήρης
991 4372 1540 4443 καταπεπατημένης,
1574 4372 1666 4424 καὶ
1704 4373 1812 4424 τῶν

237 4456 407 4509 ἐθνῶν
429 4457 527 4510 οὐκ
551 4456 697 4510 ἐστιν
729 4457 868 4529 ἀνὴρ
905 4461 1020 4530 μετ’
1051 4459 1207 4530 ἐμοῦ,
1227 4462 1320 4513 καὶ
1349 4462 1698 4532 κατεπάτησα
1718 4463 1814 4514 αύ-

235 4550 364 4612 τοὺς
389 4552 444 4603 ἐν
475 4547 630 4620 θυμῷ
674 4568 796 4621 μου.
821 4571 838 4602 ι
874 4551 1041 4605 Πάλιν
1069 4553 1356 4623 ἐνταῦθαή
1383 4553 1681 4624 προφητεία
1710 4571 1816 4607 πα-

239 4638 589 4710 ρακελεύεται
620 4639 803 4693 λαϐεῖν
838 4642 1114 4712 σύσσημον
1139 4644 1266 4714 περὶ
1293 4644 1388 4713 τῆς
1423 4643 1482 4709 ἐξ
1510 4643 1675 4696 ἐθνῶν
1692 4645 1812 4697 Ἐκ-

235 4732 487 4802 πλησίας,
525 4734 926 4805 ὑπισχνουμένη
971 4733 1292 4798 ἐξάκουστόν
1339 4753 1390 4788 τι
1438 4737 1684 4806 ποιήσειν
1721 4735 1812 4788 τὸν

1847 815 1895 872 Α

2468 804 2698 861 CAPUT
2736 804 2954 860 XXXII.

1997 917 2016 950 ι
2052 897 2297 955 Gaudeat
2321 900 2502 954 anima
2524 913 2644 954 mea
2667 899 2725 952 in
2756 898 2986 954 Domino
3013 919 3026 954 :
3055 899 3184 970 quia
3207 901 3385 958 induit
3408 919 3504 961 me

1920 990 2260 1046 vestimentis
2302 992 2497 1046 salutis
2523 1009 2536 1044 :
2567 998 2622 1045 et
2649 989 2968 1045 indumento
3002 975 3232 1060 justitia
3255 993 3496 1049 circum-

1921 1079 2070 1136 dedit
2093 1097 2198 1145 me,
2222 1081 2380 1151 quasi
2396 1096 2656 1152 sponsum
2675 1079 2990 1136 decoratum
3006 1096 3229 1147 corona,
3255 1091 3308 1138 et
3333 1087 3492 1154 quasi

1921 1188 2178 1243 sponsam
2204 1181 2455 1229 ornatam
2490 1173 2786 1227 monilibus
2819 1173 2953 1228 suis.
2987 1171 3140 1228 Sicut
3159 1173 3305 1229 enim
3344 1182 3493 1232 terra

1919 1263 2128 1334 profert
2156 1279 2376 1334 germen
2409 1277 2568 1318 suum
2587 1300 2602 1325 ,
2634 1270 2688 1317 et
2717 1262 2861 1317 sicut
2895 1261 3088 1317 hortus
3115 1277 3304 1318 semen
3330 1277 3493 1318 suum

1919 1355 2224 1426 germinat,
2251 1354 2334 1410 sic
2362 1353 2629 1410 Dominus
2658 1353 2802 1410 Deus
2832 1354 3159 1425 germinabit
3179 1355 3452 1426 justitiam
3472 1394 3490 1422 ,

1918 1455 1974 1503 et
2021 1445 2236 1501 laudem
2291 1461 2479 1501 coram
2529 1446 2804 1501 universis
2855 1446 3110 1516 gentibus
3152 1448 3191 1500 ⁸.
3226 1466 3244 1499 ι
3275 1446 3490 1502 Domini

1888 1537 2244 1596 .nostriJesu
2261 1537 2468 1593 Christi
2509 1539 2724 1601 anima,
2777 1538 2844 1593 de
2889 1553 2995 1608 qua
3041 1537 3216 1592 dixit:
3247 1556 3266 1589 ι
3295 1531 3490 1594 Tristis

1919 1637 2004 1687 est
2049 1632 2230 1686 anima
2273 1645 2393 1686 mea
2429 1634 2476 1697 ’,
2511 1650 2529 1682 ›
2562 1638 2654 1686 et:
2687 1649 2705 1681 ι
2737 1629 2893 1684 Nunc
2915 1630 3096 1685 anima
3134 1644 3253 1686 mea
3271 1628 3490 1684 turbata

1919 1729 2004 1776 est
2041 1722 2085 1785 ³,
2117 1741 2135 1773 ι
2164 1721 2219 1775 in
2260 1721 2411 1778 nulla
2451 1726 2828 1776 creaturarum
2875 1719 3074 1789 gaudet
3117 1729 3174 1773 et
3222 1719 3489 1782 exsultat,

1920 1811 2026 1866 nisi
2061 1811 2116 1864 in
2151 1811 2270 1866 solo
2301 1809 2459 1864 Patre
2487 1817 2542 1864 et
2569 1809 2820 1866 Domino.
2865 1808 3047 1864 Induit
3075 1811 3221 1864 enim
3250 1825 3376 1865 eum
3405 1811 3490 1863 di-

1917 1901 2163 1955 vinitatis
2192 1901 2542 1965 vestimento,
2572 1914 2823 1970 veraque
2870 1908 2924 1955 et
2964 1899 3222 1970 perfectae
3263 1899 3493 1971 justitia

1918 1992 2263 2048 indumento.
2298 1991 2404 2048 Sed
2435 1999 2490 2047 et
2520 2005 2757 2062 sponsus
2780 1992 2992 2047 exstitit
3013 2007 3190 2063 neque
3220 1993 3491 2048 maculam

1923 2100 2103 2155 neque
2141 2099 2330 2155 rugam
2357 2084 2608 2139 habentis
2637 2097 2854 2154 sponsa:
2880 2083 3138 2139 Ecclesiae
3157 2125 3173 2150 ,
3207 2099 3327 2156 qua:
3363 2099 3490 2139 eum

1851 2163 1895 2217 Β
1923 2178 2078 2247 quasi
2110 2192 2313 2232 corona
2358 2176 2752 2241 circumdedit,
2797 2190 3000 2246 sponsa
3038 2192 3170 2232 vero
3202 2178 3492 2249 integerri-

1920 2284 2023 2323 mae
2050 2269 2386 2334 divinitatis,
2418 2283 2582 2340 quam
2616 2267 2763 2323 velut
2791 2283 3049 2338 sponsam
3093 2269 3355 2340 praeclaro
3385 2268 3492 2324 Do'

1920 2361 2056 2415 mini
2109 2362 2305 2432 spiritu
2362 2361 2660 2416 decoravit.
2719 2363 2993 2420 Praeterea
3047 2362 3194 2418 sicut
3251 2361 3490 2417 fertilem

1919 2450 2300 2520 egregiamque
2322 2457 2528 2504 terram
2555 2451 2797 2506 excoluit
2823 2466 2940 2506 eam
2961 2492 2978 2516 ,
3004 2460 3166 2520 atque
3193 2449 3338 2505 sicut
3363 2448 3492 2503 hor-

1919 2551 2034 2595 tum
2079 2543 2476 2612 germinantem
2523 2550 2577 2598 et
2617 2543 2958 2614 germinibus
3005 2543 3121 2597 suis
3169 2539 3488 2602 ﬂorentem,

1918 2633 2119 2703 quibus
2151 2640 2206 2688 et
2236 2648 2467 2706 magnus
2496 2633 2592 2689 Dei
2621 2633 2911 2704 paradisus
2949 2643 3176 2688 ornatus
3205 2632 3375 2688 fuisse
3403 2632 3490 2686 di-

1918 2726 2083 2781 citur.
2116 2724 2241 2781 Haec
2264 2735 2449 2792 erunt,
2483 2727 2592 2792 ait,
2643 2733 2932 2796 postquam
2967 2725 3150 2794 justus
3185 2725 3444 2782 Dominus
3470 2719 3499 2790 ,’

1918 2833 2020 2873 nec
2074 2817 2236 2871 modo
2287 2815 2600 2872 Judaaorum
2651 2816 2744 2872 sed
2793 2821 2849 2870 et
2896 2816 3137 2884 gentium
3182 2814 3492 2871 dominator

1918 2910 2085 2975 Deus,
2114 2926 2268 2966 suam
2293 2909 2985 2982 germinaveritjustitiam,
3014 2908 3068 2962 id
3095 2913 3181 2962 est
3207 2905 3488 2963 Christum

1918 3018 2113 3067 suum,
2159 3017 2344 3057 coram
2387 3001 2655 3057 universis
2703 3013 2826 3070 qum
2867 2998 2922 3052 in
2959 3013 3085 3052 eum
3130 2995 3484 3053 crediderunt

1917 3096 2192 3165 gentibus.

2447 3271 2678 3327 CAPUT
2717 3271 2953 3327 XXXIII.

1990 3383 2008 3416 ι
2047 3363 2268 3448 Elevate
2295 3363 2510 3434 signum
2543 3363 2612 3418 ad
2641 3365 2892 3434 p0pulos.
2927 3363 3067 3420 Ecce
3099 3360 3364 3421 Dominus
3391 3376 3488 3419 au-

1914 3455 2086 3509 ditum
2109 3454 2236 3510 fecit
2257 3454 2313 3509 in
2339 3455 2596 3510 extremis
2613 3462 2790 3510 terrae.
2814 3452 2986 3510 Dicite
3007 3453 3132 3509 ﬁliae
3155 3453 3286 3509 Sion
3310 3472 3324 3509 :
3349 3452 3491 3510 Ecce

1918 3545 2169 3600 Salvator
2197 3553 2323 3600 tuus
2352 3549 2497 3600 venit
2528 3565 2542 3600 :
2571 3561 2700 3602 ecce
2731 3561 2942 3601 merces
2989 3545 3109 3615 ejus
3154 3560 3278 3600 cum
3311 3561 3406 3612 eo,
3435 3553 3491 3600 et

1915 3653 2052 3708 opus
2082 3638 2202 3708 ejus
2223 3653 2404 3692 coram
2425 3637 2538 3694 illo.
2568 3637 2636 3691 Et
2665 3639 2938 3693 vocabunt
2957 3652 3074 3704 eos,
3105 3638 3336 3708 populus
3356 3653 3488 3694 san-

1915 3740 2059 3793 ctus,
2093 3729 2359 3799 redempti
2418 3743 2447 3782 a
2501 3728 2750 3784 Domino.
2807 3727 2891 3783 Tu
2930 3736 3110 3783 autem
3155 3728 3486 3784 vocaberis:

1915 3820 2150 3888 Quaesita
2179 3821 2373 3877 civitas
2421 3828 2476 3877 et
2507 3837 2619 3876 non
2669 3821 2988 3878 derelicta‘.
3028 3843 3049 3875 ι
3084 3853 3153 3876 .—-
3185 3841 3206 3875 ι
3241 3821 3376 3889 Quis
3405 3834 3490 3880 est

1914 3916 2018 3971 iste
2041 3914 2135 3985 qui
2164 3914 2311 3969 venit
2343 3915 2411 3970 de
2445 3913 2609 3970 Edom
2631 3952 2650 3980 ,
2689 3913 2876 3969 tinctis
2909 3915 3150 3971 vestibus
3193 3915 3260 3971 de
3285 3915 3491 3973 Bosra?

1913 4002 2021 4060 Iste
2054 4003 2326 4058 formosus
2354 4004 2407 4057 in
2441 4003 2579 4058 stola
2609 4018 2729 4068 sua,
2763 4003 3018 4075 gradiens
3051 4005 3106 4059 in
3140 4004 3490 4061 multitudine

1914 4092 2246 4148 fortitudinis
2267 4078 2418 4148 suae?
2441 4091 2552 4163 Ego
2574 4093 2666 4163 qui
2696 4093 2885 4162 loquor
2900 4092 3191 4163 justitiam,
3214 4103 3267 4149 et
3282 4109 3487 4164 propu-

1912 4193 2104 4254 gnator
2135 4199 2255 4239 sum
2288 4182 2356 4238 ad
2400 4185 2738 4240 salvandnm.
2768 4183 2947 4251 Quare
2986 4200 3116 4256 ergo
3145 4187 3371 4242 rubrum
3405 4198 3491 4243 est

1914 4275 2289 4331 indumentum
2319 4284 2473 4330 tuum
2491 4315 2507 4340 ,
2545 4285 2598 4331 et
2627 4276 2949 4332 vestimenta
2976 4286 3068 4330 tua
3097 4278 3240 4333 sicut
3267 4279 3488 4334 calcan-

1913 4368 2048 4421 tium
2085 4367 2139 4420 in
2173 4367 2463 4422 torculari?
2509 4366 2774 4423 Torcular
2822 4367 3026 4423 calcavi
3076 4370 3256 4436 solus,
3313 4379 3368 4426 et
3420 4373 3490 4429 de

1917 4459 2165 4529 gentibus
2186 4474 2295 4513 non
2326 4459 2510 4514 e'stvir
2541 4474 2756 4514 mecum
2789 4479 2802 4512 :
2839 4459 3045 4514 calcavi
3074 4477 3169 4518 eos
3215 4464 3268 4518 in
3304 4463 3489 4521 furore

1915 4551 2092 4606 meo“.
2129 4569 2149 4602 ι
2177 4549 2373 4605 lterum
2408 4550 2496 4604 hic
2522 4550 2807 4621 prophetia
2829 4549 2984 4621 jubet
3009 4553 3256 4623 accipere
3271 4555 3486 4626 signum

1913 4641 1982 4696 de
2007 4641 2246 4712 gentium
2280 4641 2545 4706 Ecclesia,
2573 4643 2896 4711 promittens
2923 4643 3069 4713 quod
3093 4643 3358 4704 Dominus
3389 4663 3488 4702 au—

1915 4733 2089 4788 ditum
2119 4732 2279 4788 faciet
2310 4749 2485 4804 usque
2512 4734 2581 4788 ad
2613 4741 2854 4802 extrema
2900 4741 3093 4803 terrae;
3125 4737 3271 4808 quod
3299 4747 3355 4794 et
3385 4739 3488 4794 im-

233 4822 442 4896 Κύριον
485 4824 591 4886 ἕως
634 4824 860 4895 ἐσχάτου
907 4825 1006 4895 τῆς
1049 4825 1149 4897 γῆς
1171 4842 1185 4855 ·
1219 4825 1248 4878 ὃ
1274 4827 1366 4878 καὶ
1397 4825 1570 4897 πέρας
1599 4825 1812 4897 εἴληχεν

1920 4826 2120 4896 pletum
2135 4835 2218 4882 est
2232 4826 2532 4882 Salvatoris
2554 4827 2727 4882 nostri
2744 4826 2885 4899 Jesuj
2899 4828 3156 4896 adventu,
3187 4831 3244 4886 in
3269 4847 3484 4888 omnem

237 4914 380 4986 (φεν)
410 4916 502 4968 ἐπὶ
521 4918 586 4986 τῇ
613 4915 704 4968 τοῦ
734 4916 985 4987 Σωτῆρος
1010 4917 1165 4988 ήμῶν
1210 4917 1381 4988 Ἰησοῦ
1411 4920 1702 4990 παρουσίᾳ,
1732 4921 1812 4982 εἰς

237 5010 417 5062 πᾶσαν
446 5008 545 5079 τὴν
579 5008 683 5079 γῆν
714 5009 1020 5077 ἐξελθόντος
1050 5010 1143 5063 τοῦ
1184 5010 1420 5080 φθόγγου
1448 5010 1556 5065 τῶν
1585 5013 1811 5066 ἀποστό-

233 5101 346 5155 λων
371 5099 559 5165 αὑτοῦ,
595 5104 688 5154 καὶ
733 5103 813 5164 είς
856 5101 924 5154 τὰ
969 5101 1177 5174 πέρατα
1209 5105 1307 5175 τῆς
1352 5106 1675 5177 οἰκουμένης
1701 5106 1810 5159 τῶν

241 5191 498 5264 ῥημάτων
531 5193 726 5246 αὐτῶν.
744 5193 903 5264 Ἑξῆς
924 5195 1136 5266 εἴρηται
1156 5211 1170 5226 ο
1212 5213 1232 5246 ι
1259 5197 1460 5250 Εἴπατε
1489 5201 1608 5260 ταῖς
1641 5198 1810 5267 θυγα-

235 5283 398 5355 τράσι
423 5281 580 5337 Σιών.
614 5303 632 5334 ι
665 5283 883 5355 (δηλαδὴ
916 5287 1034 5348 ταῖς
1064 5286 1124 5351 ἐξ
1147 5286 1314 5340 ἐθνῶν
1330 5288 1692 5360 Ἐκκλησίαις·
1724 5283 1816 5343 αῦ-

235 5391 329 5429 ται
363 5375 472 5447 γάρ
503 5393 585 5429 τοι
611 5375 904 5448 θυγατέρες
929 5377 994 5430 ἂν
1027 5374 1137 5430 εἶεν
1167 5378 1265 5447 τῆς
1292 5380 1612 5451 ἐπουρανίου
1640 5380 1776 5435 Σιὼν
1797 5421 1811 5445 ,

243 5485 265 5520 ι
290 5468 411 5538 ἥτις
455 5469 571 5521 ἐστὶ
618 5469 802 5540 μήτηρ
845 5469 999 5540 ήμῶν
1045 5490 1062 5521 ι
1113 5470 1254 5524 κατὰ
1291 5471 1383 5524 τὸν
1418 5472 1812 5544 Ἀπόστολον·)

245 5579 264 5612 ι
286 5560 415 5614 Ἰδού
450 5578 528 5614 σοι
555 5563 582 5614 ὁ
617 5561 805 5633 Σωτὴρ
831 5562 1187 5633 παραγίνεται
1218 5564 1358 5634 έχων
1388 5565 1480 5618 τὸν
1507 5564 1696 5618 ἐαυτοῦ
1720 5582 1812 5635 μι-

314 5677 333 5751 ξ
371 5675 476 5751 lsa.
513 5691 636 5751 ut,
669 5678 754 5745 l0,
800 5679 884 5732 ll.
961 5681 981 5710 ¹
1023 5679 1211 5737 Matth.
1248 5699 1406 5751 xxvr,
1443 5683 1531 5740 58.

241 5747 263 5778 ⁸
291 5747 412 5803 Gal.
453 5763 528 5811 tv,
564 5746 653 5800 26.

481 5839 753 5900 Ρλτιιοι..
786 5837 902 5900 Gn.
929 5837 1137 5902 XXII.

1648 5684 1670 5716 ³
1709 5682 1865 5740 Joan.
1899 5699 1978 5740 xu
1996 5682 2105 5751 .27.

1917 4925 2120 4985 terram
2154 4917 2349 4973 dili'usa
2374 4920 2744 4990 apostolorum
2783 4920 2903 4991 ejus
2940 4921 3344 4991 praedicatione,
3363 4941 3488 4981 ver-

1917 5011 2108 5081 bisque
2151 5025 2338 5067 eorum
2387 5011 2456 5066 ad
2506 5020 2746 5066 extrema
2800 5019 2980 5068 terrae.
3032 5013 3167 5068 Dein
3209 5014 3413 5070 dicitur
3469 5037 3484 5072 :

1923 5121 1942 5155 ι
1976 5101 2149 5160 Dicite
2177 5101 2390 5158 filiabus
2429 5101 2559 5157 Sion
2591 5122 2610 5154 ι
2645 5103 2905 5174 (gentium
2949 5104 3158 5160 scilicet
3189 5103 3482 5163 Ecclesiis:

1917 5195 2046 5266 ipsa:
2059 5195 2202 5250 enim
2230 5196 2352 5249 tiliae
2377 5202 2504 5250 sunt
2535 5194 2777 5250 caelestis
2820 5193 2972 5261 Sion,
3007 5215 3026 5247 ι
3057 5213 3177 5268 quae
3199 5205 3286 5254 est
3313 5208 3488 5254 mater

1914 5296 2124 5353 nostra,
2165 5307 2186 5341 ι
2213 5289 2370 5360 juxta
2398 5287 2716 5358 Apostolum
2741 5286 2818 5360 ‘):
2853 5307 2872 5341 ι
2913 5287 3051 5344 Ecce
3080 5289 3325 5346 Salvator
3357 5299 3486 5347 tuus

1913 5383 2084 5445 venit,
2110 5396 2238 5437 ecce
2266 5394 2477 5436 merces
2498 5379 2617 5450 ejus
2642 5394 2766 5435 cum
2798 5395 2883 5446 eo,
2920 5399 2940 5434 ι
2965 5389 3018 5436 et
3041 5383 3269 5454 reliqua,
3287 5385 3485 5455 quibus

1913 5471 2218 5527 ostenditur
2270 5470 2544 5527 secundus
2590 5470 2794 5527 Christi
2824 5471 3110 5538 adventus,
3143 5488 3268 5530 cum
3314 5476 3485 5546 judex

1915 5566 2113 5630 veniet,
2183 5561 2414 5620 reddens
2475 5563 2762 5633 unicuique
2805 5562 2969 5634 hujus
3042 5564 3166 5621 vita:
3212 5567 3483 5624 factorum

2207 5675 2260 5716 ιι
2285 5694 2369 5739 δε.
2417 5692 2536 5753 luit
2560 5718 2575 5746 ,
2609 5678 2712 5745 10,
2767 5679 2852 5736 Η.
2961 5679 2984 5710 ⁸
3019 5677 3124 5735 Isa.
3156 5698 3328 5754 um,
3361 5685 3478 5744 1-5.

3040 5843 3118 5908 ιο
