3856 6226
368 273 511 330 ηόθ

1069 265 1340 324 EUSEBII
1375 264 1860 322 CESARIENSIS
1891 266 2044 324 OPP.
2080 266 2263 323 PARS
2300 265 2390 323 III.
2429 295 2501 309 —
2535 262 2949 323 EXEGETICA.

3499 271 3647 326 {250

365 389 712 454 mercedem,
780 385 1218 460 ﬂagitiorumque
1284 400 1407 459 quae
1464 387 1592 459 quis
1666 388 1923 445 admiseri

2053 390 2198 457 σθδν,
2228 410 2246 443 ι
2282 390 2379 445 καὶ
2419 389 2489 444 τά
2518 389 2729 454 τούτοις
2758 388 2906 461 ἑξῆς,
2936 389 3004 443 δι’
3037 380 3112 443 ὧν
3145 388 3400 461 δηλοῦται
3446 394 3482 462 ὴ
3523 392 3648 445 δευ-

363 498 606 557 pmnem.
631 481 768 539 Dein
794 482 1141 553 interrogans
1161 481 1352 552 adjicit
1385 497 1568 539 sermo
1592 500 1605 537 :
1647 499 1668 536 ι
1709 483 1844 551 Quis
1866 491 1951 542 est

345 577 471 652 iste
496 574 593 647 qui
623 575 772 630 venit
792 573 859 628 de
884 572 1078 639 Edom,
1100 574 1288 629 tinctis
1320 574 1562 632 vestibus
1608 575 1678 632 de
1709 575 1892 648 Bosraj
1924 595 1944 628 ι

344 668 532 747 ι(ιιιιοιι
559 666 949 736 interpretatur
1003 666 1337 737 terrestris);
1370 684 1389 717 ι
1427 666 1530 723 iste
1561 666 1837 725 formosus
1890 669 1947 725 in

365 760 508 816 stola
535 758 674 815 sua?
702 777 721 811 ι
768 755 884 813 Ηοε
933 756 1146 814 videtur
1176 759 1359 815 dicere
1385 765 1440 816 et
1466 767 1590 831 post
1611 760 1948 816 incarnatio-

362 865 510 917 nem,
528 857 581 906 et
608 858 731 921 post
750 849 1204 915 exinanitionem,
1225 859 1280 906 et
1310 851 1367 905 in
1398 859 1543 908 terra
1559 853 1944 908 commoratio-

361 957 508 1008 nem,
540 948 595 998 et
626 942 932 1012 passionem
959 983 976 1010 ,
1029 951 1086 1000 et
1117 942 1187 998 ad
1215 951 1463 1001 mortuos
1507 944 1942 1013 descensionem,

359 1030 659 1086 admiratus
713 1031 1174 1101 pulchritudinem
1227 1040 1284 1090 et
1339 1032 1594 1091 decorem
1641 1032 1943 1092 Salvatoris

358 1124 481 1181 sine
516 1124 627 1179 ulla
646 1124 1048 1190 commistione,
1081 1140 1258 1199 neque
1288 1141 1501 1198 rugam,
1530 1142 1709 1199 neque
1758 1142 1945 1183 macu-

357 1216 488 1279 lam,
516 1232 694 1288 neque
739 1216 1137 1274 deformitatem
1182 1232 1214 1273 e
1263 1219 1512 1275 terrestri
1556 1220 1940 1292 corporalique

356 1307 693 1364 habitatione
733 1310 942 1365 medias
976 1310 1115 1365 inter
1171 1324 1261 1366 res
1294 1310 1576 1367 hominum
1629 1313 1934 1370 consecuti.

356 1399 469 1479 imo
502 1400 876 1458 fortitudinem
922 1402 1041 1473 ejus
1085 1417 1414 1474 magnopere
1465 1404 1806 1473 admiratur,
1842 1408 1936 1479 qui

355 1473 571 1548 om’nem
604 1492 804 1549 diaboli
833 1495 1131 1551 exercitum
1170 1473 1482 1556 debellavit.
1516 1500 1682 1556 Addit
1720 1473 1931 1573 igitur:

358 1602 379 1637 ι
409 1584 544 1651 Quis
569 1584 675 1640 iste
703 1585 981 1642 formosus
1019 1586 1077 1642 in
1111 1588 1251 1644 stola
1273 1603 1393 1653 sua,
1424 1589 1683 1661 gradiens
1713 1591 1768 1648 in
1800 1593 1937 1648 mul-

353 1681 584 1736 titudine
606 1680 945 1739 fortitudinis
970 1682 1127 1740 suae?
1159 1701 1179 1735 ι
1211 1681 1293 1737 Ad
1337 1698 1503 1753 quam
1546 1682 1934 1755 interrogatio-

2050 483 2185 555 τέρα
2206 482 2302 536 τοῦ
2330 480 2567 554 Χριστοῦ
2599 482 2890 553 παρουσία,
2928 480 3017 534 ὅτε
3048 481 3241 553 κριτὴς
3276 481 3398 552 ἥξει
3424 481 3644 535 ἀποδώ-

2051 590 2158 627 σων
2189 574 2404 644 ἑκάστῳ
2430 572 2540 625 τῶν
2588 574 2680 626 ἐπὶ
2719 569 2812 624 τοῦ
2850 571 3118 643 παρόντος
3164 572 3341 625 πόνων
3391 573 3523 636 τοὺς
3557 590 3649 643 μι-

2050 665 2230 729 σθοὺς,
2260 665 2353 719 καὶ
2397 658 2473 718 ὧν
2522 663 2753 727 ἕκαστος
2782 661 3001 733 φαύλων
3046 661 3342 732 εἰργάσατο
3395 662 3494 715 νῦν
3545 662 3648 725 τὰς

2046 754 2296 826 ἀμοιϐάς.
2314 754 2471 826 Ἑξῆς
2494 753 2701 818 τούτοις
2726 753 2888 807 οἱονεὶ
2917 752 3209 824 ἐπερωτῶν
3235 754 3268 805 ὁ
3290 752 3460 820 λόγος
3485 754 3641 824 φησί·

2051 869 2070 902 ι
2097 851 2193 914 Τίς
2224 842 2422 914 οὗτοςό
2445 848 2881 920 παραγινόμενος
2908 846 2970 911 ἐξ
2994 844 3196 917 Ἐδὼμ,
3226 846 3488 917 ἐρύθημα
3509 850 3642 919 ίμα-

2043 942 2192 1008 τίων,
2239 962 2257 995 ι
2293 942 2362 1013 (ὃ
2388 940 2752 1014 ἑρμηνεύεται
2788 939 3043 1010 Trita-eg)
3076 957 3096 991 ι
3124 937 3379 1010 ἐρύθημα
3406 940 3645 1011 ἱματίων

2042 1035 2108 1089 ἐκ
2133 1035 2334 1106 Βοσόρο
2370 1033 2543 1097 οὔτως
2574 1033 2773 1105 ὡραῖος
2808 1034 2866 1085 ἐν
2885 1031 2950 1103 (Γ.
2975 1030 3043 1084 60
3070 1030 3154 1102 νο)
3187 1031 3385 1103 στολῇ;
3420 1052 3439 1083 ι
3469 1033 3645 1087 Τοῦτο

2039 1126 2097 1181 δέ
2131 1126 2303 1182 ἔοικεν
2347 1124 2626 1199 εἰρηκέναι
2660 1123 3067 1196 ἀποθαυμάζων
3111 1122 3173 1176 τὸ
3218 1124 3315 1177 καὶ
3358 1124 3503 1195 ite-.6.
3540 1124 3642 1196 τὴν

2039 1218 2451 1292 ἐνανθρὼπησιν
2480 1218 2574 1273 καὶ
2632 1217 2730 1289 τὴν
2759 1217 3009 1283 κένωσιν,
3040 1217 3135 1271 καὶ
3158 1220 3256 1290 τὴν
3279 1217 3375 1270 ἐπὶ
3395 1218 3502 1287 γῆς
3522 1218 3643 1271 δια-

2036 1311 2249 1383 τριϐὴν,
2285 1311 2379 1364 καί
2425 1308 2563 1381 μετὰ
2605 1308 2667 1361 τὸ
2707 1306 2878 1371 πάθος
2926 1308 3022 1361 καὶ
3045 1307 3143 1379 τὴν
3169 1306 3395 1361 κάθοδον
3427 1306 3528 1378 τὴν
3557 1309 3639 1371 είς

2035 1403 2283 1473 νεκροὺς,
2314 1402 2515 1474 ὡραῖον
2547 1400 2642 1456 καί
2674 1400 2924 1473 λαμπρὸν
2973 1399 3068 1453 τοῦ
3112 1399 3344 1464 κάλλους
3388 1398 3485 1451 τοῦ
3518 1400 3639 1454 Σω-

2034 1494 2201 1566 τῆρος
2239 1496 2296 1546 ἐν
2337 1494 2527 1566 μηδενὶ
2559 1491 2940 1562 συγχυθέντος,
2976 1491 3113 1561 μηδέ
3140 1491 3311 1561 ῥύπον
3350 1492 3493 1562 μήτε
3529 1490 3639 1560 μὴν

2033 1584 2226 1655 κηλίδα
2253 1584 2345 1637 καὶ
2370 1582 2557 1637 σπῖλον
2583 1583 2691 1636 ἀπὸ
2716 1583 2815 1653 τῆς
2847 1581 3038 1651 ὑλικῆς
3063 1583 3156 1635 καὶ
3187 1579 3511 1651 σωματικῆς
3541 1596 3638 1632 κα-

2030 1674 2343 1738 ταστάσεως
2376 1674 2483 1727 τῶν
2512 1691 2571 1726 τε
2602 1672 2804 1744 γηΐνων
2847 1673 2942 1727 καὶ
2984 1672 3338 1744 ἀνθρωπείων
3372 1671 3640 1742 πραγμά-

352 1788 474 1827 nem
495 1770 744 1828 Salvator
759 1772 1281 1844 respondet,docens
1298 1774 1421 1844 quis
1437 1773 1923 1846 esset,dicensque:

2039 1781 2146 1817 των
2167 1764 2565 1836 ἀναδεξαμένου
2589 1781 2603 1794 ·
2640 1764 2722 1818 ἔτι
2749 1764 2807 1818 δὲ
2834 1764 2928 1817 καὶ
2952 1763 3051 1835 τὴν
3083 1765 3235 1835 ἰσχὺν
3264 1762 3433 1817 αύτοῦ
3463 1779 3641 1817 κατα-

355 1883 376 1916 ι
407 1864 519 1935 Ego
546 1865 639 1936 qui
666 1866 861 1937 loquor
890 1866 1184 1935 justitiam,
1215 1875 1271 1922 et
1306 1877 1680 1937 propugnator
1717 1882 1837 1922 sum
1866 1865 1936 1922 ad

350 1956 691 2012 salvandum.
731 1975 750 2009 ι
789 1956 1113 2027 Rursusque
1143 1957 1211 2011 ad
1239 1972 1367 2012 eum
1402 1972 1582 2012 sermo
1610 1958 1766 2027 quasi
1810 1973 1934 2029 pro-

348 2055 468 2115 pter
494 2046 806 2117 passionem
833 2045 967 2100 dicit
995 2065 1007 2100 :
1040 2063 1059 2096 ι
1087 2045 1267 2111 Quare
1297 2059 1427 2113 ergo
1455 2046 1680 2102 rubrum
1715 2053 1798 2102 est
1847 2047 1934 2100 in-

347 2134 664 2189 dumentum
696 2134 891 2188 tuum?
929 2152 948 2186 ›
975 2140 1029 2188 et
1056 2148 1178 2202 quae
1206 2141 1530 2205 sequuntur.
1577 2135 1747 2202 Quasi
1786 2136 1931 2192 enim

346 2224 536 2295 Agnus
558 2224 676 2289 Dei,
701 2226 897 2281 tollens
947 2226 1003 2280 in
1031 2227 1269 2297 seipsum
1309 2234 1530 2299 peccata
1562 2228 1775 2293 mundi,
1804 2244 1922 2298 pee-

346 2316 484 2372 catis
512 2317 721 2372 nostris
746 2316 912 2371 rubra
956 2317 1134 2373 induit
1185 2320 1529 2376 vestimenta.
1585 2319 1931 2392 Quapropter

343 2415 401 2462 et
425 2408 482 2462 in
513 2407 781 2463 Zacharia
810 2410 1073 2479 prapheta
1107 2410 1347 2466 dicitur:
1382 2429 1402 2462 ι
1428 2409 1590 2467 Jesus
1620 2421 1741 2468 erat
1768 2414 1930 2468 indu-

343 2504 435 2556 tus
464 2500 707 2555 vestibus
746 2499 983 2557 sordidis
1013 2502 1054 2555 ¹.
1100 2521 1120 2555 ι
1157 2501 1283 2577 Haec
1311 2503 1458 2559 enim
1490 2513 1647 2559 erant
1673 2511 1928 2573 peccato-

341 2602 464 2644 rum
495 2597 807 2644 nostrorum
838 2589 1180 2647 indumenta.
1211 2590 1335 2647 Ideo
1368 2593 1532 2663 paulo
1558 2595 1813 2663 superius
1842 2594 1928 2649 di-

342 2687 491 2735 ctum
525 2688 683 2736 erat:
721 2699 739 2733 ι
771 2680 872 2737 Hic
902 2682 1220 2751 iniquitates
1268 2692 1488 2739 nostras
1535 2685 1689 2749 tulit,
1734 2693 1789 2740 et
1824 2700 1926 2756 pro

341 2770 501 2826 nobis
526 2785 723 2842 passus
751 2778 855 2829 est.
904 2790 924 2825 ι
958 2772 1078 2843 Ipse
1104 2773 1249 2828 enim
1280 2792 1299 2825 ι
1328 2774 1670 2844 iniquitatem
1711 2790 1818 2830 non
1845 2775 1921 2831 fe-

338 2862 438 2925 cit,
466 2878 643 2935 neque
668 2864 923 2921 inventus
943 2873 1027 2924 est
1049 2865 1208 2922 dolus
1228 2864 1285 2921 in
1309 2882 1405 2923 ore
1423 2866 1545 2936 ejus
1574 2869 1613 2919 ².
1662 2886 1681 2919 ι
1720 2867 1920 2923 lterum

343 2952 594 3010 Salvator
645 2955 1061 3027 interrogationi
1089 2959 1447 3027 respondens,
1478 2957 1621 3013 unde
1644 2958 1810 3014 rubra
1842 2960 1920 3015 fa-

338 3055 427 3102 cta
456 3047 566 3104 sint
600 3047 922 3104 vestimenta
975 3062 1077 3104 sua
1116 3048 1276 3104 docet
1327 3048 1515 3105 dicens
1548 3069 1561 3104 :
1601 3068 1621 3102 ‹
1672 3049 1714 3103 Ε
1741 3053 1919 3123 genti-

2035 1856 2421 1929 πληττόμενος,
2449 1859 2548 1927 τὴν
2572 1858 2749 1911 πᾶσαν
2788 1856 2884 1910 τοῦ
2924 1856 3171 1911 διάϐολον
3204 1856 3472 1928 στρατιάν
3494 1872 3636 1909 κατ-

2034 1948 2462 2018 αγωνισαμένου.
2497 1946 2777 2018 Ἐπιφέρει
2810 1945 2892 2011 τὸ,
2929 1965 2947 1998 ι
2978 1944 3166 2010 Οὕτως
3189 1946 3392 2018 ὡραῖος
3424 1949 3484 1999 ἐν
3511 1961 3639 1999 στο-

2032 2037 2120 2109 λῇ,
2140 2038 2232 2110 βία
2267 2038 2406 2110 μετὰ
2442 2038 2658 2109 ίσχύος;
2688 2058 2706 2091 ι
2734 2039 2871 2111 πρὸς
2898 2040 2965 2110 ἣν
2996 2037 3189 2093 πεῦσιν
3215 2041 3244 2092 ὁ
3272 2038 3467 2109 Σωτὴρ
3493 2039 3636 2091 ἀπο-

2031 2130 2295 2202 κρίνεται,
2324 2131 2589 2185 διδάσκων
2622 2131 2771 2196 ὅστις
2801 2132 2933 2186 ποτέ
2965 2132 3075 2203 εἴη,
3106 2132 3197 2186 καί
3229 2148 3460 2202 φησιν’(
3484 2128 3633 2199 Ἐγὼ

2028 2222 2344 2295 διαλέγομαι
2369 2224 2737 2297 δικαιοσύνην,
2772 2226 2869 2280 καὶ
2896 2230 3070 2299 κρῖμα
3099 2224 3423 2298 σωτηρίου.»
3456 2224 3633 2277 Πάλιν

2028 2314 2086 2367 δὲ
2107 2317 2243 2387 πρὸς
2266 2318 2428 2370 αὐτὸν
2458 2321 2487 2372 6
2526 2318 2691 2387 λόγος
2711 2318 2785 2382 ὡς
2810 2318 2900 2372 διά
2925 2319 2988 2372 τὺ
3015 2300 3186 2380 πάθος
3213 2317 3368 2387 φησί·
3401 2334 3423 2367 ι
3453 2315 3558 2370 Διὰ
3576 2313 3632 2369 τί

2031 2409 2124 2461 σοῦ
2154 2409 2361 2481 ἐρυθρά
2386 2413 2456 2466 τά
2493 2411 2721 2482 inti-ria;
2755 2431 2773 2463 ι
2791 2411 2978 2465 καὶτὰ
3003 2410 3152 2482 ἑξῆς.
3181 2405 3285 2463 Οἷα
3300 2406 3626 2480 γὰρ’Δμνδς

2025 2500 2121 2555 τοῦ
2151 2501 2309 2565 Θεοῦ,
2338 2502 2476 2574 άρας
2505 2505 2584 2567 είς
2618 2504 2806 2558 ἐαυτὸν
2830 2503 2931 2566 τὰς
2960 2502 3237 2574 ἁμαρτίας
3263 2500 3360 2554 τοῦ
3386 2499 3623 2570 κόσμου,

2026 2595 2091 2646 ἐκ
2120 2594 2226 2648 τῶν
2254 2595 2534 2666 ἡμετέρων
2569 2594 2853 2667 ἁμαρτιῶν
2905 2594 3115 2667 ἐρυθρά
3140 2592 3212 2647 τά
3243 2592 3439 2663 ἱμάτια
3461 2608 3625 2663 περι-

2026 2684 2248 2739 εϐάλετο
2268 2703 2282 2717 ·
2327 2685 2404 2749 ὡς
2424 2685 2517 2740 διὰ
2556 2683 2716 2740 τοῦτο
2755 2686 2849 2739 καὶ
2876 2685 2934 2738 ἐν
2968 2684 3216 2755 Ζαχαρία
3249 2681 3330 2753 τῷ
3361 2682 3623 2753 προφήτῃ

2024 2776 2276 2846 λέγεσθαι
2317 2777 2415 2832 τό·
2459 2796 2479 2830 ε
2508 2778 2618 2832 Καὶ
2662 2777 2870 2849 Ἰησοῦς
2916 2773 2984 2848 ἦν
3029 2776 3379 2848 ἐνδεδυμένος
3425 2775 3618 2845 ἱμάτια

2024 2870 2247 2942 ῥυπαρά
2293 2889 2312 2922 ι
2351 2869 2536 2923 Ταῦτα
2560 2871 2604 2923 δ’
2627 2866 2695 2942 ἦν
2724 2870 2794 2923 τά
2823 2871 2886 2921 ἐκ
2909 2868 3019 2923 τῶν
3046 2868 3333 2940 ἡμετέρων
3364 2866 3621 2937 ἁμαρτη-

2025 2961 2210 3033 μάτων
2230 2962 2501 3033 ἐνδύματα
2521 2980 2535 2993 ·
2559 2962 2628 3015 δι’
2644 2963 2680 3017 ά
2706 2961 2887 3033 μικρῷ
2922 2960 3159 3033 πρόσθεν
3188 2960 3412 3028 ἐλέγετο
3433 2976 3449 2990 ·
3471 2977 3492 3010 ι
3512 2952 3617 3012 Οὖ-

2020 3072 2112 3118 τος
2142 3054 2239 3119 τὰς
2272 3055 2544 3127 ἁμαρτίας
2571 3055 2729 3126 ἡμῶν
2759 3054 2934 3125 φέρει,
2967 3055 3061 3108 καὶ
3084 3052 3215 3125 περὶ
3241 3052 3401 3123 ἡμῶν
3422 3051 3616 3105 ὀδυνᾶ-

336 3141 462 3196 bus.
502 3158 521 3192 ι
556 3138 704 3207 Quas
737 3141 955 3211 quidem
985 3148 1195 3211 gentes,
1240 3142 1391 3197 nullo
1426 3142 1707 3198 hominum
1738 3146 1789 3201 ei
1823 3161 1920 3201 au-

2024 3165 2129 3201 ται.
2163 3166 2182 3198 ι
2209 3148 2379 3211 Αὐτὸς
2395 3124 2511 3220 *γάρ
2669 3165 2687 3198 ι
2717 3124 2991 3218 ἁμαρτίαν
3033 3147 3134 3200 οὐκ
3164 3124 3462 3217 ἐποίησεν,
3491 3144 3616 3218 οὐδὲ

335 3230 584 3294 xiliante,
610 3231 759 3287 solus
795 3230 1107 3297 constituit,
1158 3231 1395 3288 refracta
1426 3234 1789 3306 malignorum
1820 3237 1917 3293 ad-

2024 3238 2216 3309 εὑρέθη
2244 3238 2392 3301 δόλος
2424 3240 2483 3291 ἐν
2509 3236 2587 3307 τῷ
2617 3238 2847 3309 στόματι
2887 3236 3073 3291 αὐτοῦ.
3104 3255 3124 3288 υ
3171 3236 3343 3290 Πάλιν
3367 3236 3414 3304 δ’
3436 3237 3467 3287 6
3495 3237 3616 3289 Σιω-

334 3321 809 3392 versariorumque
837 3322 1128 3405 spirituum
1156 3324 1412 3382 universa
1444 3334 1735 3395 potestate.

2024 3330 2119 3403 τὴρ
2152 3330 2511 3402 ἀμειϐόμενος
2536 3331 2637 3404 τὴν
2664 3328 2955 3402 ἐρώτησιν,
2982 3330 3104 3385 ὅθεν
3152 3328 3359 3402 ἐρυθρά
3397 3328 3614 3398 γένοιτο

333 3415 500 3471 αὑτοῦ
528 3417 599 3469 τὰ
647 3417 839 3489 ἱμάτια
882 3418 1119 3473 διδάσκει
1143 3419 1337 3488 λέγων,
1369 3438 1390 3473 ι
1428 3420 1525 3475 Ἐκ
1547 3421 1657 3475 τῶν
1688 3421 1881 3477 ἐθνῶν.
1912 3443 1932 3475 ι
1972 3423 2152 3497 "Amp
2179 3424 2329 3497 ἔθνη,
2363 3425 2593 3498 μηδενὸς
2642 3422 2946 3498 ἀνθρώπων
2981 3424 3130 3496 αὐτῷ
3191 3421 3614 3496 συνεργοῦντος,

337 3513 498 3585 μόνος
526 3513 811 3580 ὑπέταξεν,
841 3515 1237 3586 καταπατήσας
1268 3515 1367 3587 τὴν
1425 3516 1806 3590 ἀντικειμένην
1859 3522 2040 3575 πᾶσαν
2091 3521 2322 3594 δύναμιν
2361 3523 2471 3577 τῶν
2518 3521 2795 3596 πολεμίων
2828 3521 2980 3594 αύτῷ
3034 3521 3287 3594 πονηρῶν
3353 3519 3611 3591 πνευμά-

332 3627 463 3667 των.
3204 3628 3213 3635 .

2529 3723 2929 3779 ΚΕΦΑΛΑΙΟΝ
2966 3724 3086 3778 ΛΔ’.

2093 3837 2112 3871 ι
2142 3819 2253 3873 Καὶ
2281 3815 2527 3889 ἐμνήσθη
2566 3816 2770 3888 Κύριος
2798 3814 3021 3887 ἡμερῶν
3048 3814 3309 3866 αἰωνίων·
3338 3817 3368 3869 6
3403 3817 3601 3871 ἀναϐι-

857 3722 1086 3779 CAPUT
1142 3723 1383 3782 XXXIV.

408 3835 427 3870 ι
466 3815 533 3872 Et
556 3814 875 3873 recordatus
904 3826 986 3873 est
1010 3817 1220 3873 dierum
1252 3833 1575 3874 saeculorum
1608 3837 1621 3872 :
1655 3819 1748 3889 qui
1779 3817 1913 3873 edu—

328 3911 408 3967 xit
437 3926 467 3967 e
495 3919 637 3967 terra
678 3916 953 3982 pastorem
986 3910 1170 3965 ovium
1201 3923 1457 3983 magnum
1484 3951 1499 3977 ,
1532 3913 1823 3982 posuitque
1851 3913 1909 3968 in

2024 3912 2185 3976 Βάσας
2218 3913 2282 3965 ἐκ
2303 3910 2403 3981 τῆς
2427 3910 2528 3980 γῆς
2549 3909 2640 3962 τὸν
2664 3908 2899 3977 ποιμένα
2926 3904 3038 3959 τῶν
3066 3906 3352 3978 προϐάτων
3377 3908 3473 3961 τὸν
3500 3909 3607 3979 μέ-

327 4004 508 4060 medio
536 4020 725 4060 eorum
765 4003 1027 4075 Spiritum
1058 4010 1309 4059 sanctum
1351 4020 1510 4060 suum
1539 4005 1581 4062 ³.
1619 4024 1638 4058 ι
1684 4004 1751 4059 Ει
1780 4005 1905 4075 quis

2024 4022 2132 4073 raw,
2166 4006 2194 4058 6
2225 4004 2337 4067 θεὶς
2368 4004 2428 4055 ἐν
2452 4004 2633 4064 αὐτοῖς
2658 4001 2722 4054 τὸ
2760 4000 2986 4071 Πνεῦμα
3012 3998 3075 4052 τὸ
3108 4001 3281 4067 ἅγιον.
3311 4018 3332 4051 ι
3368 4002 3486 4054 Καὶ
3510 4003 3599 4067 τίς

325 4096 466 4152 alius
496 4106 639 4152 esset
662 4111 693 4149 a
722 4094 951 4151 Domino
982 4096 1051 4153 de
1079 4104 1226 4152 terra
1273 4097 1504 4154 eductus
1564 4103 1751 4166 pastor
1806 4096 1903 4155 Dei

2024 4094 2071 4149 ἰν
2098 4094 2254 4158 ἄλλος
2285 4093 2370 4166 εἴη
2397 4096 2425 4147 6
2449 4091 2554 4146 ὑπὸ
2581 4090 2676 4144 τοῦ
2706 4091 2915 4161 Κυρίου
2959 4089 3350 4155 ἀναϐιϐασθεὶς
3389 4094 3458 4146 ἐκ
3494 4095 3597 4165 τῆς

323 4190 528 4257 ovium,
553 4190 661 4246 nisi
695 4189 943 4246 Salvator
971 4198 1180 4256 noster,
1220 4190 1315 4261 qui
1354 4189 1505 4245 venit
1537 4189 1606 4245 ad
1659 4190 1900 4261 perditas

2024 4186 2110 4257 (ἧς
2133 4186 2334 4257 ποιμὴν
2353 4183 2462 4238 τῶν
2484 4182 2578 4237 τοῦ
2602 4182 2738 4236 Θεοῦ
2763 4182 3073 4255 προϐάτων,
3091 4183 3167 4254 ῆρ
3193 4182 3442 4255 Σωτὴρ,ή
3450 4185 3592 4254 μῶν,

323 4294 454 4337 oves
483 4282 677 4338 domus
701 4281 907 4339 Israel?
956 4281 1056 4337 Hic
1109 4290 1191 4338 est
1234 4283 1411 4339 bonus
1439 4288 1649 4353 pastor,
1680 4281 1774 4353 qui
1802 4296 1901 4351 po-

2024 4280 2033 4329 i
2061 4275 2228 4331 ἐλθὼν
2275 4276 2370 4329 ἐπὶ
2412 4276 2479 4330 τὰ
2526 4274 2842 4329 ἀπολωλότα
2872 4273 3123 4345 πρόϐατα
3150 4275 3299 4328 οἴκου
3329 4275 3589 4348 Ἰσραήλ;

323 4373 434 4428 suit
458 4374 692 4429 animam
722 4390 879 4430 suam
906 4390 1005 4445 pro
1032 4373 1250 4435 ovibus.
1271 4390 1435 4447 quem
1465 4371 1627 4428 Pater
1648 4373 1899 4428 eductum

2024 4363 2170 4434 )ῦτος
2223 4368 2325 4440 γάρ
2367 4370 2514 4423 ἐστιν
2545 4368 2574 4420 6
2603 4368 2768 4431 καλὸς
2796 4367 3022 4438 ποιμὴν,
3055 4368 3085 4419 6
3113 4365 3228 4430 θεὶς
3264 4365 3365 4437 τὴν
3406 4367 3589 4439 ψυχὴν

322 4463 388 4519 de
406 4473 553 4519 terra
579 4463 856 4529 exaltavit,
886 4483 906 4516 ι
941 4473 996 4520 ει
1035 4463 1259 4519 donavit
1290 4464 1369 4519 illi
1409 4479 1610 4519 nomen
1632 4461 1779 4534 quod
1819 4472 1905 4520 est

2024 4462 2166 4516 ιύτοῦ
2212 4461 2354 4533 ὑπὲρ
2395 4461 2503 4515 τῶν
2552 4459 2862 4533 προϐάτων,
2892 4459 2951 4513 δν
2974 4461 3002 4513 ό
3027 4458 3218 4530 Πατὴρ
3244 4459 3590 4523 ἀναϐιϐάσας

320 4570 485 4624 super
507 4570 669 4611 omne
698 4571 899 4612 nomen
927 4555 968 4611 ⁸.
1000 4575 1021 4609 ι

861 4733 1090 4790 CAPUT
1120 4733 1340 4789 XXXV.

394 4842 416 4877 ε
447 4824 656 4881 Civitas
682 4822 867 4881 Sancti
892 4826 971 4881 tui
1003 4824 1143 4881 facta
1192 4833 1278 4882 est
1325 4826 1542 4883 deserta
1566 4866 1582 4892 ,
1635 4825 1767 4882 Sion
1810 4825 1901 4884 de-

320 4923 467 4971 serta
515 4914 658 4971 facta
713 4924 833 4981 est,
892 4915 1192 4973 Jerusalem
1244 4919 1489 4974 desolata
1534 4927 1636 4975 est.
1696 4919 1899 4976 Domus

319 5004 771 5063 sanctiﬁcationis
830 5018 1070 5072 nostrae,
1145 5016 1199 5064 et
1259 5011 1445 5080 gloriae
1505 5019 1737 5077 nostrae,
1799 5011 1894 5067 ubi

322 5093 677 5151 laudaverum
707 5105 758 5152 te
782 5106 964 5167 patres
994 5100 1200 5165 nostri,
1242 5099 1388 5156 facta
1430 5110 1513 5159 est
1560 5102 1615 5156 in
1649 5103 1894 5159 exustio-

318 5200 444 5240 ncm
484 5185 627 5259 ignis
654 5227 668 5253 ,
717 5194 771 5243 et
815 5190 997 5243 omnia
1054 5190 1443 5248 desiderabilia
1504 5202 1694 5249 nostra
1732 5209 1893 5249 versa

321 5286 449 5331 sunt
477 5277 531 5332 in
561 5280 771 5336 ruinas.
802 5279 1057 5338 Nunquid
1110 5299 1272 5355 super
1316 5285 1403 5342 his
1443 5286 1754 5341 continebis
1803 5295 1890 5352 te,

318 5366 577 5425 Domine:
612 5372 818 5429 tacebis
859 5381 913 5428 et
951 5373 1154 5445 aﬂliges
1182 5392 1286 5433 nos
1308 5378 1654 5433 vehementer
1675 5377 1736 5431 '?
1772 5396 1792 5430 ι
1821 5406 1894 5416 -

323 5477 346 5513 ι
384 5460 705 5521 Manifestus
728 5464 906 5524 factus
935 5483 1054 5523 sum
1079 5469 1148 5524 iis
1170 5470 1264 5542 qui
1286 5485 1397 5525 non
1425 5477 1551 5526 ante
1585 5471 1887 5541 interroga-

316 5551 449 5609 bant
474 5569 591 5610 me:
628 5556 953 5614 invenerunt
974 5560 1069 5630 qui
1093 5576 1203 5616 non
1233 5562 1568 5634 quaesierunt
1595 5577 1684 5618 me
1708 5579 1724 5618 :
1745 5561 1911 5617 dixiz‘

389 5705 408 5736 ί
444 5704 610 5761 Zach.
643 5721 738 5772 ut,
770 5710 826 5766 4.
900 5712 921 5744 ⁸
958 5710 1128 5768 ΙΡειι
1192 5730 1267 5782 ιι,
1296 5715 1386 5773 22.
1468 5718 1491 5751 ³
1530 5717 1633 5774 lsa.
1672 5729 1839 5785 unt,
1862 5717 1923 5789 il

2045 5714 2068 5751 δ
2105 5714 2246 5774 Phil.
2282 5731 2357 5787 tl,
2386 5716 2442 5775 9.

2001 4554 2067 4607 ἐκ
2087 4553 2184 4624 τῆς
2211 4553 2315 4623 γῆς
2338 4552 2687 4625 ύπερύψωσε,
2710 4571 2731 4604 ι
2751 4553 3120 4625 χαρισάμενος
3144 4549 3293 4621 αὐτῷ
3330 4550 3394 4605 τὺ
3412 4552 3587 4622 δνομα

2001 4644 2063 4699 τδ
2086 4645 2226 4717 ὑπὲρ
2254 4647 2362 4699 πᾶν
2388 4644 2576 4715 ὄνομα.
2602 4663 2621 4695 ι

2518 4734 2917 4788 ΚΕΦΔΛΔῙΟΝ
2954 4733 3078 4787 ΔΕ’.

2075 4846 2095 4878 ι
2126 4827 2287 4891 Πόλις
2325 4826 2420 4881 τοῦ
2459 4826 2642 4894 Ἀγίου
2686 4842 2779 4879 σου
2823 4824 3057 4897 ἐγενήθη
3085 4823 3312 4896 ἔρημος,
3341 4822 3479 4877 Σιὼν
3503 4823 3584 4888 ὡς

1996 4920 2202 4991 ἔρημος
2230 4919 2480 4992 ἐγενήθη,
2498 4916 2849 4990 Ἰερουσαλὴμ
2877 4918 2958 4980 είς
2984 4917 3227 4987 κατάραν
3244 4933 3259 4946 ’
3290 4917 3321 4969 6
3347 4910 3496 4978 οἶκος
3519 4915 3585 4968 τὺ

1996 5012 2151 5082 άγιον
2179 5011 2357 5082 ήμῶν,
2386 5011 2481 5065 καὶ
2517 5012 2551 5079 ὴ
2592 5009 2739 5076 δόξα,
2769 5009 2837 5087 ἢν
2886 5008 3194 5080 ηὑλόγησαν
3235 5009 3285 5061 οἱ
3339 5007 3585 5077 πατέρες

1992 5106 2025 5176 ἡ
2037 5103 2172 5176 μῶν,
2215 5103 2444 5177 ἐγενήθη
2494 5103 2886 5175 πυρίκαυστος,
2917 5103 3012 5156 καὶ
3055 5101 3232 5154 πάντα
3258 5101 3329 5154 τά
3352 5100 3585 5165 ἐπίδοξα

1997 5194 2154 5265 ἡμῶν
2169 5195 2490 5248 συνέπεσαν·
2507 5193 2603 5248 καὶ
2616 5193 2710 5246 ἐπὶ
2721 5194 2854 5246 πᾶσι
2870 5192 3074 5256 τούτοις
3102 5191 3356 5262 άνέσχου,
3377 5191 3578 5262 Κύριε,

1997 5285 2092 5340 καὶ
2109 5284 2448 5358 ἐσιώπησαςο
2468 5285 2561 5339 καὶ
2590 5283 2963 5348 ἐταπείνωσας
2987 5284 3131 5355 ἡμᾶς
3158 5282 3266 5345 ἕως
3296 5282 3529 5353 σφόδρα.
3555 5301 3575 5334 ι

1991 5404 2063 5418 -ι-
2081 5396 2100 5429 ‹
2124 5377 2404 5449 Ἐμφανὴς
2424 5374 2688 5449 ἐγενήθην
2709 5376 2824 5439 τοῖς
2846 5374 2948 5445 ἐμὲ
2977 5374 3051 5445 μὴ
3071 5371 3428 5445 ἐπερωτῶσιν
3446 5388 3462 5401 °
3484 5372 3581 5423 εὑ-

1998 5467 2158 5541 ρέθην
2202 5472 2315 5532 τοῖς
2349 5469 2449 5539 ἐμὲ
2481 5467 2555 5539 μὴ
2585 5465 2869 5538 ζητοῦσινο
2899 5461 3056 5519 εἴπω
3096 5462 3226 5519 Ἰδού
3265 5465 3386 5536 ειμι
3431 5460 3579 5516 ἔθνει

1991 5559 2041 5614 οἳ
2066 5560 2165 5614 οὐκ
2190 5560 2588 5614 ἐπεκαλέσαντό
2621 5576 2722 5631 μου
2755 5559 2818 5612 τὸ
2845 5559 3044 5629 δνομα’
3070 5556 3164 5611 ἐπὶ
3192 5555 3251 5611 δὲ
3292 5555 3355 5610 σὲ
3379 5554 3580 5622 ἐξεπέσ-

2577 5731 2683 5776 nsa.
2718 5733 2872 5788 ulv,
2906 5715 3091 5775 10-12.
