3814 6220
265 361 404 419 4261

1454 349 1545 404 DE
1582 348 1766 404 VITIS
1801 345 2340 404 PROPHETARUM.

3373 347 3514 402 {262

265 493 407 533 τασα
430 474 525 537 τὰς
549 472 734 544 χεῖράς
759 487 858 542 μου
877 469 1008 542 ὃλην
1031 467 1131 541 τὴν
1155 468 1260 540 ἡμέ
1270 485 1366 538 ραν
1389 468 1523 539 πρὸς
1543 468 1670 522 λαὸν
1691 468 1834 521 ἁπει·

1950 465 2080 522 Ecce
2121 480 2222 537 ego
2275 465 2342 520 ad
2385 471 2601 536 gentem
2633 479 2754 535 quae
2818 479 2926 519 non
2971 465 3258 522 invocabat
3307 482 3514 523 nomen

268 566 465 620 θοῦντα
485 565 578 618 καὶ
601 562 966 628 ἀντιλέγοντα,
985 559 1034 612 οἳ
1059 559 1158 612 οὐκ
1187 557 1561 629 ἐπορεύθησαν
1589 555 1690 627 ὸδῷ
1710 556 1840 626 ἀλη-

267 657 407 728 θινῇ,
424 656 538 710 ἀλλ’
558 655 732 707 ὀπίσω
755 653 862 706 τῶν
889 651 1172 723 ἁμαρτιῶν
1193 649 1393 703 αὐτῶν.
1423 668 1441 700 ι
1471 650 1580 702 Καὶ
1608 645 1840 700 ἐνταῦθα

266 745 734 821 προφητευθείσης
763 744 1025 815 πρότερον
1057 742 1157 812 τῆς
1181 740 1275 794 τοῦ
1305 739 1518 811 Ἰσραὴλ
1545 737 1836 807 ἀποϐολῆς,

265 842 395 911 ἑξῆς
419 837 742 909 σημαίνεται
765 835 924 908 ἡτῶν
952 834 1120 888 ὲθνῶν
1152 833 1348 904 ἐκλογὴ
1379 832 1467 885 διὰ
1485 830 1578 884 τοῦ
1603 829 1837 903 Χριστοῦ

264 931 530 1002 γενομένη
553 947 566 961 ·
603 932 667 982 ὲκ
699 927 986 1000 προσώπου
1018 926 1124 997 γάρ
1140 944 1222 979 τοι
1251 925 1346 980 τοῦ
1372 923 1501 977 λαοῦ
1530 923 1694 993 εὐχὴν
1711 923 1839 974 ἀνα-

266 1023 582 1094 πέμψαντος
615 1019 707 1074 τοῦ
753 1020 1054 1090 προφήτου,
1091 1020 1118 1070 ὁ
1143 1016 1203 1078 (I'.
1238 1015 1520 1086 61)Λὸγος
1548 1011 1838 1082 ἀποκρίνε-

263 1131 354 1170 ται
394 1114 490 1186 τὴν
525 1111 786 1183 σκληρίαν
813 1111 906 1163 καὶ
933 1110 994 1162 τὸ
1018 1108 1239 1171 ἀπειθὲς
1278 1106 1370 1160 τοῦ
1398 1106 1664 1176 προτέρου
1711 1101 1838 1156 λαοῦ

262 1206 574 1275 διελέγχων,
600 1205 695 1256 καὶ
722 1202 782 1255 τὸ
813 1200 1188 1273 φιλάνθρωπον
1214 1197 1276 1252 τὸ
1309 1196 1502 1252 ἑαυτοῦ
1545 1195 1834 1266 παριστὰς.

265 1296 390 1359 Πῶς
419 1297 546 1366 γὰρ,
574 1294 727 1365 φησὶ,
757 1292 929 1346 ταῦτά
950 1310 1102 1362 φατε,
1121 1290 1196 1354 ὡς
1225 1289 1356 1362 ἐμοῦ
1391 1289 1527 1361 πρὸς
1557 1288 1616 1341 τὸ
1646 1286 1840 1351 σώζειν

264 1389 410 1458 ὑμᾶς
453 1385 769 1450 όκνοῦντος;
814 1384 922 1437 Καὶ
949 1383 1054 1455 μὴν
1092 1382 1319 1444 καὶτοῖς
1361 1380 1435 1452 μὴ
1465 1377 1841 1452 ὲπερωτήσασί

269 1495 358 1549 με,
399 1477 533 1548 μηδὲ
573 1476 870 1546 ζητήσασιν
918 1473 1176 1545 ἐμφανῶς
1223 1473 1456 1543 ἐμαυτὸν
1500 1471 1837 1543 παρέστησα.

265 1570 375 1623 Καὶ
415 1570 479 1640 δὴ
509 1567 773 1639 πρόδηλον
802 1567 948 1629 ὅπως
977 1567 1005 1619 ὁ
1031 1564 1125 1618 τοῦ
1174 1563 1306 1616 Θεοῦ
1342 1561 1534 1630 Λόγος,
1564 1561 1624 1614 τὸ
1653 1561 1843 1632 πρότε-

267 1677 362 1732 ρον
387 1659 746 1730 ἀγνοούμενος
774 1660 884 1721 τοῖς
908 1657 1136 1718 ἔθνεσιν,
1160 1656 1253 1708 ἐπὶ
1279 1653 1557 1722 συντελείᾳ
1583 1651 1691 1705 τῶν
1710 1652 1842 1705 αἰώ-

1942 573 2142 618 meum.
2178 556 2422 628 Expandi
2452 572 2648 612 manus
2687 569 2837 611 meas
2876 563 2988 611 tota
3015 557 3104 612 die
3133 557 3202 611 ad
3250 559 3517 630 populum

1940 649 2276 705 incredulum
2298 689 2314 714 ,
2345 649 2435 718 qui
2467 649 2712 719 graditur
2743 648 2798 703 in
2820 648 2908 704 via
2938 665 3048 704 non
3075 649 3216 704 bona
3257 659 3380 722 post
3421 667 3513 708 co-

1940 742 2229 812 gitationes
2259 757 2386 797 suas
2420 742 2459 798 ¹.
2513 761 2532 793 ι
2567 739 2666 796 Hic
2695 757 2912 812 quoque
2962 743 3334 812 prophetizata
3362 745 3515 815 prius

1940 834 2103 890 lsrael
2165 835 2549 904 reprobatione
2577 873 2594 899 ,
2643 836 2905 890 continuo
2951 836 3225 891 indicatur
3273 840 3514 908 gentium

1939 927 2131 981 electio
2156 942 2278 996 quae
2311 941 2408 996 per
2431 925 2710 982 Christum
2736 925 2878 980 facta
2907 933 3011 982 est.
3043 927 3086 979 E
3116 943 3348 998 persona
3371 931 3515 984 enim

1941 1018 2126 1088 p0puli
2154 1033 2342 1088 preces
2374 1019 2651 1073 emittente
2675 1018 2956 1088 propheta,
2995 1020 3290 1089 respondet
3322 1018 3514 1076 Sermo

1941 1107 2376 1162 incredulitatem
2412 1115 2466 1163 et
2487 1109 2838 1178 «iniquitatem
2880 1109 3080 1178 prioris
3117 1111 3301 1180 p0puli
3336 1111 3514 1167 incre-

1941 1213 2100 1268 pans,
2132 1199 2516 1270 propriamque
2552 1204 2606 1254 in
2641 1215 2736 1256 eos
2772 1201 3158 1272 benignitatem
3193 1219 3518 1260 commemo-

1943 1305 2092 1345 rans.
2119 1290 2400 1357 Quomodo
2429 1293 2594 1358 enim,
2620 1296 2723 1357 ait,
2757 1293 2872 1348 haec
2895 1295 3099 1360 dicitis,
3131 1297 3286 1366 quasi
3308 1313 3394 1354 me
3428 1314 3519 1354 sa-

1942 1382 2109 1437 lutem
2133 1393 2371 1439 vestram
2413 1385 2755 1456 negligente?
2803 1384 3068 1456 Equidem
3109 1389 3217 1444 illis
3263 1390 3356 1460 qui
3405 1406 3516 1444 non

1943 1472 2354 1544 interrogabant
2411 1489 2498 1529 me
2543 1490 2646 1529 nec
2689 1475 3006 1544 quierebant
3052 1476 3317 1547 meipsum
3352 1478 3519 1531 mani-

1945 1565 2158 1622 festavi.
2193 1565 2335 1621 Sane
2382 1566 2549 1637 igitur
2607 1566 2952 1621 manifestum
2995 1567 3141 1637 quod
3171 1567 3263 1624 Dei
3327 1566 3516 1639 Filius,

1943 1658 2196 1728 gentibus
2221 1657 2349 1714 olim
2389 1648 2633 1728 ignotus,
2677 1657 2733 1712 in
2775 1659 3249 1715 consummatione
3289 1661 3519 1716 saeculo-

261 1769 372 1807 νων
407 1751 699 1822 ἀγαθότητι
733 1750 826 1803 καὶ
853 1746 1227 1819 φιλανθρωπίᾳ
1248 1745 1340 1798 τοῦ
1364 1743 1576 1815 Πατρὸς
1598 1743 1691 1796 καὶ
1707 1741 1834 1795 Θεοῦ

1950 1761 2090 1812 rum,
2122 1747 2454 1817 benignitate
2485 1756 2540 1802 et
2567 1748 2942 1804 benevolentia
2968 1748 3147 1805 Patris
3174 1749 3378 1820 Deique
3398 1766 3518 1807 om-

260 1843 373 1896 τῶν
406 1816 540 1897 ὅλων
570 1816 812 1913 ἐμφανὴς
858 1816 1324 1907 αὑτοῖς-ἐγενήθη,
1359 1834 1717 1907 μηδεπώποτε
1743 1834 1834 1886 αὐ-

1950 1839 2096 1892 nium
2137 1854 2342 1903 rerum,
2370 1837 2688 1895 manifestus
2714 1841 2795 1895 eis
2826 1839 3002 1896 factus
3062 1847 3167 1906 est,
3233 1843 3326 1912 qui
3375 1857 3519 1897 nun-

258 1933 356 1987 τὸν
385 1933 450 1988 δι’
480 1935 547 2005 ἢν
581 1931 726 2004 εἶχον
765 1931 988 2002 περὶτὰ
1009 1930 1200 1983 εἴδωλα
1233 1929 1436 1996 πλάνην
1463 1926 1591 1997 περὶ
1623 1919 1698 1979 ὧν
1727 1924 1842 1978 eae.

259 2041 385 2079 οντο
423 2027 751 2096 ὲρωτήσασι,
783 2023 978 2095 εὑρέθη
1021 2039 1078 2074 τε
1119 2023 1250 2091 ἡμῖν
1285 2021 1397 2082 τοῖς
1429 2018 1501 2089 μὴ
1544 2016 1840 2088 ζητήσασιν

260 2116 448 2181 αὐτὸν,
483 2115 619 2169 ἀλλὰ
643 2116 737 2169 καὶ
777 2114 851 2186 μὴ
876 2111 1357 2181 ἐπικαλεσαμένοις
1392 2107 1556 2163 αὐτοῦ
1585 2109 1646 2162 τὸ
1670 2108 1841 2179 ὄνομα

261 2207 690 2278 ὲνανθρωπήσας
715 2206 1065 2278 ἀπεκρίνατο,
1092 2204 1372 2276 μονονουχὶ
1393 2198 1536 2273 ’βοῶν
1563 2201 1624 2254 τό
1645 2220 1688 2254 ’σι
1711 2200 1840 2254 Ἰδοὺ

261 2298 518 2368 πάρειμι.
551 2316 570 2348 ι
610 2297 792 2349 Ταῦτα
823 2295 921 2366 μὲν
952 2289 1042 2347 οὖν
1071 2293 1197 2364 περὶ
1237 2293 1337 2363 τῆς
1373 2290 1483 2344 τῶν
1519 2290 1683 2344 ἐθνῶν
1713 2289 1843 2362 κλή-

265 2405 407 2452 σεως
449 2386 633 2457 σαφῶς
663 2390 692 2442 ὁ
728 2387 884 2456 λόγος
914 2385 1262 2457 προφητεύει·
1289 2383 1415 2456 ἑξῆς
1447 2383 1505 2436 δὲ
1536 2379 1691 2447 αὖθις
1717 2383 1843 2435 δυσ-

263 2479 670 2551 ωπητικώτατα
702 2479 838 2550 πρὸς
883 2477 973 2530 τὸν
1009 2477 1118 2530 τῶν
1157 2475 1424 2529 Ἰουδαίων
1453 2473 1614 2542 λόγον
1655 2473 1843 2542 ἐπιφέ-

269 2587 355 2642 ρει
405 2569 576 2638 λέγων
597 2588 610 2600 ·
649 2589 667 2621 ι
690 2570 812 2622 Ἐπὶ
840 2569 896 2622 δὲ
926 2569 981 2622 σὲ
1009 2567 1310 2635 ἐξεπέτασα
1344 2565 1442 2629 τὰς
1481 2564 1668 2636 χεῖράς
1715 2582 1840 2635 μου,

265 2661 405 2734 πρὸς
439 2661 564 2714 λαὸν
596 2660 922 2714 ἀπειθοῦντα
945 2661 1038 2714 καὶ
1063 2659 1432 2727 ἀντιλέγοντα.
1473 2676 1491 2709 ι
1521 2655 1751 2712 Δύναταί
1779 2672 1842 2724 γε

267 2750 376 2822 μὴν
409 2751 496 2804 διὰ
528 2751 728 2806 τούτων
761 2753 853 2805 καὶ
879 2751 938 2804 τὸ
975 2751 1159 2822 σχῆμα
1185 2748 1276 2803 τοῦ
1304 2748 1444 2802 κατὰ
1487 2747 1578 2802 τὸν
1613 2747 1843 2819 σταυρὸν

263 2841 474 2906 πάθους
500 2843 668 2897 αὑτοῦ
697 2841 1078 2914 σημαίνεσθαι.
1776 2892 1778 2894 ,

339 2936 588 2990 Τοσαῦτα
609 2936 794 2990 καὶτὰ
813 2935 920 2988 ἀπὸ
941 2933 1032 2986 τοῦ
1053 2934 1273 2987 Ἡσαΐου
1299 2949 1310 2960 ο
1329 2930 1490 2984 Ἀλλὰ
1517 2931 1624 3002 γὰρ
1649 2933 1706 2984 ὲν
1724 2931 1846 2984 τέτ-

262 3047 425 3101 ταρσι
455 3030 548 3082 καὶ
573 3029 670 3100 τὴν
685 3028 792 3081 τῶν
807 3026 1097 3096 Ἐκλογῶν
1123 3024 1376 3079 ὑπόθεσιν
1400 3025 1456 3077 ἐν
1484 3022 1560 3092 τῷ
1580 3024 1678 3094 τῆς
1697 3025 1846 3076 Καθ-

264 3122 417 3175 όλου
449 3119 865 3189 στοιχειώδους
906 3115 1240 3188 εἰσαγωγῆς
1289 3115 1462 3186 ἐνάτῳ
1510 3114 1686 3184 τούτῳ
1714 3129 1845 3181 συγ-
1873 3147 1915 3204 C

265 3213 557 3284 γράμματι
581 3211 1038 3283 περιγράψαντες,
1055 3210 1111 3262 ἐν
1135 3208 1211 3279 τῷ
1233 3207 1441 3276 δεκάτῳ
1466 3209 1578 3269 τοῖς
1607 3205 1714 3258 ἀπὸ
1734 3203 1842 3257 τῶν

266 3304 447 3358 ἀθέων
475 3305 738 3376 αἱρέσεων
767 3303 858 3357 τὸν
889 3300 1146 3373 λογισμὸν
1173 3295 1710 3368 καταϐεϐλαμμένοις
1731 3294 1845 3349 ἑτέ-

267 3411 373 3467 ραν
398 3396 770 3467 ἁρμόττουσαν
805 3395 989 3464 ἔφοδον
1021 3395 1319 3465 παρασχεῖν
1355 3386 1747 3460 πειρασόμεθα.

1941 1945 2104 2002 quam
2154 1931 2619 2001 interrogaveram
2659 1946 2781 1986 eum
2810 1932 2938 1986 dum
2988 1932 3256 1987 idolorum
3293 1947 3518 1988 suorum

1941 2021 2222 2077 erroribus
2251 2022 2418 2076 vincti
2453 2027 2668 2089 essent;
2707 2021 3074 2093 inventusque
3098 2022 3258 2078 nobis
3286 2031 3390 2088 est,
3421 2023 3518 2093 qui

1942 2128 2050 2168 non
2091 2114 2484 2183 quaesieramus
2537 2128 2661 2167 eum
2686 2152 2702 2178 ,
2757 2113 2852 2170 sed
2884 2121 2939 2169 et
2978 2128 3088 2170 non
3136 2114 3520 2171 invocantibus

1943 2212 2140 2260 nomen
2179 2204 2299 2274 ejus
2329 2205 2646 2260 incarnatus
2673 2206 2990 2275 respondit,
3024 2207 3403 2262 tantummodo
3423 2220 3520 2261 οι·-

1943 2295 2220 2352 clamans:
2261 2315 2280 2347 ι
2318 2296 2458 2352 Ecce
2518 2296 2729 2352 adsum.
2769 2317 2790 2350 ι
2826 2297 2953 2353 Hac
2990 2299 3156 2370 igitur
3179 2299 3247 2355 de
3277 2299 3517 2370 gentium

1942 2390 2228 2445 vocatione
2277 2389 2565 2446 manifeste
2625 2389 2907 2460 Scriptura
2963 2392 3325 2463 prophetizat.
3384 2389 3518 2446 Dein

1944 2482 2206 2536 acerrime
2230 2482 2522 2537 confutatis
2565 2481 2875 2537 Judaeorum
2921 2484 3134 2549 verbis,
3185 2483 3405 2553 subjicit
3438 2484 3520 2538 di-

1944 2587 2113 2626 cens:
2157 2588 2176 2622 ι
2217 2569 2459 2641 Exp‘andi
2503 2587 2697 2628 manus
2751 2583 2900 2628 meas
2941 2573 3008 2627 ad
3038 2574 3124 2639 te,
3165 2574 3232 2628 ad
3261 2575 3518 2645 populum

1945 2661 2281 2717 incredulum
2309 2669 2364 2717 et
2400 2663 2800 2719 adversantem.
2838 2683 2856 2716 ι
2892 2663 3255 2735 Potostlillud
3301 2681 3519 2736 quoque

1945 2752 2014 2808 de
2031 2755 2286 2823 passione
2314 2763 2376 2808 a‘c
2405 2769 2570 2809 cruce
2599 2755 2718 2826 ejus
2739 2756 2984 2826 intelligi.

2019 2931 2143 2987 Haec
2178 2941 2306 2988 sunt
2356 2950 2476 3003 quae
2524 2934 2593 2989 ab
2625 2935 2763 2988 Isaia
2785 2943 3076 3004 excerpere
3111 2932 3288 2988 libuit.
3313 2931 3518 2988 Verum

1949 3025 2250 3088 enimvero,
2287 3027 2344 3078 in
2375 3026 2480 3080 hoc
2508 3041 2654 3082 nono
2679 3025 2949 3080 Generalis
2969 3027 3320 3080 elementarius
3349 3025 3519 3080 intro-

1948 3115 2210 3170 ductionis
2263 3117 2536 3194 libro.(l),
2573 3117 2732 3172 tinem
2763 3116 2997 3188 Eclogis,
3051 3132 3188 3188 quas
3229 3119 3284 3172 in
3321 3116 3427 3172 hoc
3464 3123 3519 3170 et

1950 3208 2124 3264 tribus
2150 3211 2583 3278 praecedentibus
2617 3212 2937 3275 evolvimus,
2962 3211 3327 3281 imponentes,
3369 3209 3515 3264 aliud

1951 3297 2436 3356 demonstrationis
2466 3303 2787 3372 genus,'illis
2813 3303 3141 3358 conveniens
3173 3302 3266 3373 qui
3289 3301 3518 3357 rationis

1950 3389 2416 3457 perturbationem
2450 3393 2519 3448 ab
2545 3393 2728 3465 impiis
2758 3394 3057 3450 liaaresibus
3103 3395 3433 3460 sustinuere,
3462 3393 3519 3447 in

265 3485 377 3543 hoc
425 3488 636 3544 decimo
665 3489 828 3554 libro,
865 3494 1130 3559 quantum
1170 3489 1228 3541 in
1258 3485 1420 3541 nobis
1449 3482 1574 3548 erit,
1609 3479 2022 3551 usurpabimus.

347 3622 364 3653 ¹
405 3621 506 3678 lsa.
543 3641 670 3690 va,
704 3625 730 3679 i
755 3667 771 3694 ,
803 3627 840 3680 2

359 3751 408 3817 i)
430 3753 549 3817 inde
574 3755 870 3817 concludere
894 3760 973 3817 est
1000 3751 1197 3817 Eclogas
1216 3749 1518 3817 propheticus
1543 3752 1804 3817 excerptas
1819 3757 1940 3817 esse
1964 3757 2029 3817 eg
2060 3755 2223 3817 opere
2255 3742 2524 3817 grandiori,
2541 3744 2988 3817 _nup§_deperd_itg,
3009 3745 3093 3817 cui
3130 3747 3345 3817 titulus";
3357 3745 3520 3817 pene-

268 3813 395 3865 ralis
413 3815 720 3867 elemmtaria
745 3813 1060 3866 Introductio.

273 3877 890 3942 Oxouiensemiguoravit.
911 3879 1046 3927 EDIT.
1083 3877 1234 3926 Pun.

1134 3803 1244 3874 uju's
1268 3803 1417 3876 pauca
1441 3803 1716 3873 fragmenta
1737 3807 1876 3856 dedit
1901 3803 2158 3856 cardinalis
2183 3803 2276 3854 Mai
2303 3805 2448 3867 (infra
2480 3807 2572 3854 col.
2616 3805 2756 3868 1271)
2771 3803 2790 3866 ,'
2824 3809 2908 3868 qui
2935 3803 3225 3870 Eclogarum
3250 3805 3519 3856 editionem

710 3990 3499 4020 13W

677 4083 1237 4200 EUSEBII
1318 4077 1498 4188 DE
1579 4074 1975 4192 VITlS
2053 4074 3110 4192 PROPHETARUM

1538 4246 2284 4340 FRAGMENTA.

271 4469 358 4528 Ea:
388 4469 710 4541 Pra’fatzqne
730 4461 964 4541 Joannis
1003 4465 1349 4541 συνίει·ίί-αα,
1371 4463 1437 4541 D_.
1483 4461 1757 4541 Joannem,
1789 4458 2244 4541 Rugifucaldium,
2280 4462 2508 4541 Majoris
2559 4463 2869 4541 Monasterii
2900 4464 3158 4541 abbatem,
3183 4437 3521 4541 in:_Procopii

341 4531 590 4609 sophista:
613 4537 903 4609 Christiani
931 4539 1194 4609 variarum
1231 4537 1292 4609 ἔτι
1317 4535 1524 4609 Ιβαὶαηι
1547 4531 1850 4601 prophetam
1879 4531 2390 4588 Commentationum
2417 4536 2660 4604 epitome.
2690 4566 2761 4576 —
2795 4536 3042 4602 Parisiis,
3073 4531 3214 4608 apud
3235 4531 3515 4596 Nicolaum

339 4606 649 4673 Cbesneau,
688 4609 846 4672 1580,
880 4607 1082 4670 in-fol.,
1114 4621 1236 4676 pag.
1266 4606 1336 4659 24
1374 4620 1479 4674 seq.
1525 4621 1537 4657 :

343 4741 359 4755 .
404 4743 416 4755 .
462 4742 475 4755 .
507 4720 526 4753 ι
559 4700 744 4772 Adjeci
776 4707 1035 4772 praeterea
1067 4707 1122 4754 et
1148 4699 1535 4772 prophetarum
1563 4695 1804 4751 omnium
1836 4695 2002 4772 Vitas,
2027 4714 2335 4772 quastcum
2363 4701 2637 4756 nonnullis
2671 4701 2811 4772 aliis,
2849 4700 3080 4757 Eusebio
3100 4701 3388 4772 ascriptas,
3423 4703 3520 4757 ha-

269 4771 435 4846 bebat
460 4781 616 4846 vetus
640 4765 904 4846 Μαι-(ἱμειιὶ
935 4769 1101 4824 codex
1129 4765 1378 4846 {partim
1409 4770 1626 4840 quidem
1677 4773 1737 4846 ut
1769 4781 1845 4846 ex.
1863 4765 2166 4846 fragmento
2191 4771 2453 4825 haberent
2491 4771 2988 4846 ecclesiasticorum
3022 4765 3350 4846 scriptorum
3373 4765 3517 4827 ἐιυ-

269 4842 412 4915 diesi
442 4841 586 4915 unde
614 4857 752 4915 opus
786 4842 987 4910 ipsum,
1027 4855 1091 4894 ex
1117 4855 1224 4915 quo
1257 4839 1590 4910 depromptae
1620 4845 1768 4915 sunt,
1802 4839 2098 4915 siquando
2137 4842 2191 4894 in
2229 4856 2417 4915 eorum
2464 4856 2657 4895 manus
2701 4843 2927 4904 incidat,
2961 4839 3222 4912 tanquam
3271 4844 3517 4915 άναγνω-

273 4912 414 4984 picei
439 4913 587 4984 justa
620 4909 926 4980 probatum,
959 4911 1176 4984 parenti
1206 4925 1307 4964 suo
1328 4909 1406 4964 ’et
1458 4909 1691 4984 posteris
1737 4909 2089 4984 restituerent
2119 4929 2131 4963 :
2158 4911 2361 4984 partim
2399 4926 2548 4976 vero,
2578 4919 2638 4965 ut
2668 4926 2787 4984 quae
2818 4919 3004 4966 tantus
3046 4909 3240 4984 auctor
3277 4914 3344 4967 de
3388 4909 3519 4984 pro-

268 4977 455 5064 phetis
480 4977 812 5046 adnotasset,
839 4977 1104 5050 tantisper
1136 4987 1434 5044 exstarent,
1459 4977 1608 5033 'dum
1653 4977 1707 5032 in
1750 4977 1925 5030 lucem
1959 4977 2278 5036 melioribus
2324 4981 2511 5037 forsan
2555 4977 2815 5052 auspiciis
2856 4997 2994 5053 opus
3042 4983 3224 5052 ipsum
3274 4977 3517 5053 prodiret

271 5053 565 5124 integrum.
600 5071 620 5103 ι

805 5253 1381 5343 EUSEBIUS
1454 5251 1600 5339 DE
1673 5251 2006 5343 VITIS
2077 5248 3011 5343 PBOPHETARUM.

289 5492 379 5548 Εκ
409 5492 528 5547 τῶν
580 5490 873 5546 Εὑσεόίου
925 5489 1031 5543 τοῦ
1072 5489 1386 5558 Παμφίλου
1419 5486 1556 5558 περὶ,
1585 5486 1706 5558 τῆς»
1726 5486 1832 5558 τοῦ

1950 5482 1985 5538 Ε
2012 5483 2220 5558 scriptis
2268 5480 2500 5558 __Eusebii
2535 5479 2612 5558 de.
2644 5478 3367 5558 propheticorumjibrorum
3416 5492 3510 5558 ap-

334 5564 576 5630 ,βιὸλίου
611 5560 730 5621 τῶν
752 5559 1070 5628 προφητῶν
1085 5555 1410 5629 ὀνομασίαι*
1467 5557 1565 5612 καὶ
1597 5556 1715 5612 ἀπὸ
1731 5555 1836 5626 μέ-

332 5651 484 5703 ρους
510 5633 568 5687 τί
597 5630 850 5700 περιέχει
878 5630 1152 5694 ἕκαστος.

901 5715 1098 5784 ΩΣΗΕ,
1120 5721 1199 5772 A'.

339 5813 596 5883 Γεγόνασι
623 5813 719 5883 μὶν
746 5813 839 5868 καὶ
882 5813 988 5882 πρὸ
1043 5811 1232 5866 τούτου
1267 5812 1542 5884 προφῆται
1567 5826 1580 5842 ο
1613 5808 1704 5864 ἐπὶ
1732 5807 1831 5880 μὲν

2009 5552 2376 5623 peliationibus
2406 5561 2457 5606 et
2487 5549 2612 5623 quid
2643 5552 2948 5606 summatim
3005 5550 3222 5621 quisque
3283 5549 3481 5618 compte
3500 5578 3512 5588 ο

2011 5632 2206 5680 ctatur.

2591 5711 2786 5780 OSEE,
2817 5709 2859 5766 Ι.

2013 5804 2254 5864 Fuerunt
2277 5819 2406 5863 vero
2451 5811 2506 5861 et
2553 5812 2697 5877 ante,
2718 5805 2881 5861 istum
2907 5801 3182 5872 prophetae
3213 5818 3226 5855 :
3268 5799 3372 5856 sub
3402 5795 3507 5862 Da-
