3856 6226
301 366 443 424 1265

1040 355 1311 414 EUSEBII
1345 350 1822 412 CIESA‘BIENSIS
1859 348 2013 408 OPP.
2048 346 2232 403 PARS
2270 346 2359 401 III.
2399 377 2469 388 -—
2503 343 2916 401 EXEGETICA.

3420 350 3563 406 ιεοι

301 485 427 542 vide
480 479 698 552 quidem
749 475 988 533 Samuel.
1029 472 1266 538 Natban,
1300 471 1455 538 Gad;
1497 470 1600 528 sub
1638 467 1882 524 Roboam

2017 465 2075 520 οὖ
2109 463 2291 529 Δαυῒδ,
2325 463 2680 534 Σαμουὴλκαὶ
2710 461 2919 526 Νάθαν,
2957 461 3052 514 καὶ
3087 460 3196 516 Γάδ
3221 479 3234 491 ·
3271 461 3364 514 ἐπὶ
3390 461 3449 516 δὲ
3470 458 3567 518 τοῦ

299 592 434 636 vero
476 583 529 631 et
575 573 712 628 Abia
746 578 800 627 et
843 570 973 633 Asa,
1023 566 1225 623 Achias
1276 565 1566 628 Silonites,
1619 562 1890 618 Samaias.

305 670 501 735 Addo.
538 667 801 728 Azarias,
854 661 1074 727 Anani;
1134 660 1236 716 sub
1282 657 1546 729 Josaphat
1604 664 1785 711 autem
1841 663 1896 710 et

308 761 517 826 Achab,
550 758 720 823 Elias,
759 755 1008 821 Elisaeus,
1053 760 1108 808 et
1148 752 1244 823 qui
1295 752 1582 806 victoriam
1624 749 1692 804 de
1743 746 1896 818 Syris

311 853 533 907 Achabo
585 850 857 920 praedixit,
897 847 1098 919 quique
1144 845 1248 900 sibi
1294 844 1398 914 ipsi
1439 843 1638 898 vulnus
1677 839 1892 904 inﬂixit,

311 953 366 999 et
395 944 490 1015 qui
520 943 804 998 Achabum
835 937 1205 1010 reprehendit,
1237 944 1291 990 et
1337 934 1475 990 Jehu
1519 935 1661 988 ﬁlius
1694 931 1894 996 Anani,

322 1044 380 1092 et
409 1035 558 1091 Oziel
594 1042 648 1090 et
687 1031 914 1087 Eliada:
957 1044 1190 1100 quorum
1233 1027 1384 1082 nulla
1420 1033 1635 1082 exstant
1677 1026 1896 1096 propria

315 1126 538 1196 scripta,
569 1122 666 1178 sed
705 1135 988 1178 sermones
1023 1126 1235 1174 tantum
1280 1117 1548 1178 nonnulli,
1583 1115 1676 1186 qui
1705 1117 1760 1169 in
1788 1112 1896 1169 Re-

314 1235 440 1292 gum
489 1227 542 1274 et
593 1216 1049 1285 Paralipomenon
1110 1211 1356 1267 historiis
1417 1210 1688 1279 leguntur.
1750 1206 1895 1262 Inter

315 1328 410 1369 eos
443 1319 648 1374 autem,
679 1308 775 1379 qui
801 1307 997 1363 litteris
1023 1303 1350 1359 mandarunt
1377 1298 1602 1370 aliquid,
1635 1312 1895 1370 quorum-

315 1422 421 1477 que
454 1403 658 1472 scripta
683 1408 919 1464 exstant,
949 1397 1108 1469 primi
1139 1403 1267 1450 sunt
1297 1391 1436 1449 Osce
1464 1401 1518 1447 et
1555 1389 1745 1447 Isaias.
1779 1389 1892 1446 Sub

297 1495 511 1550 Aiisdem
537 1491 682 1548 enim
710 1488 864 1546 Iudae
893 1487 1113 1558 regibus
1143 1482 1296 1548 Ozia,
1331 1481 1602 1547 Joatham,
1632 1480 1812 1535 Achas
1842 1489 1894 1534 et

302 1587 612 1652 Ezechias;
647 1584 749 1640 sub
787 1581 1111 1636 Hieroboam
1143 1579 1306 1634 etiam
1352 1574 1480 1629 Joas
1525 1575 1654 1638 ﬁlio,
1686 1574 1777 1641 qui
1806 1587 1893 1628 re-

311 1681 502 1754 gnavit
552 1679 609 1733 in
656 1674 845 1740 Israel,
897 1673 1312 1744 prophetarum.
1353 1666 1553 1735 Factus
1598 1672 1682 1721 est
1716 1675 1892 1720 autem

318 1784 498 1826 sermo
529 1767 740 1824 Domini
773 1765 839 1820 ad
867 1779 1013 1827 eum,
1049 1769 1102 1817 et
1129 1761 1456 1816 vaticinatus
1486 1766 1570 1812 est
1615 1758 1670 1812 in
1709 1771 1894 1813 sacer-

2007 557 2242 628 ⁹Ρο6οὰμ
2288 557 2383 610 καὶ
2418 554 2570 608 Ἀϐιά
2596 555 2690 608 καὶ
2754 554 2906 618 Ἀσὰ,
2959 553 3145 623 Ἀχίας
3176 553 3204 607 6
3243 555 3568 627 Σελωνίτης,

1995 649 2088 702 καὶ
2116 649 2382 716 Σαμαῖας,
2417 648 2513 700 καὶ
2547 640 2732 709 Ἀδδὼ,
2754 645 2846 699 καὶ
2879 643 3156 714 Ἀζαρίας,
3187 646 3282 700 καὶ
3329 647 3570 701 Ἀνανεί·

1993 742 2084 793 ἐπὶ
2135 739 2190 793 δὲ
2241 738 2332 792 τοῦ
2396 736 2660 806 Ἰωσαφάθ
2711 736 2936 791 καὶτοῦ
2989 737 3214 806 Ἀχαᾶὅ,
3261 739 3448 804 Ἠλίας
3477 739 3576 794 καὶ

2006 833 2285 903 Ἐλισαῖος,
2319 832 2411 884 καὶ
2459 832 2488 883 6
2530 830 2913 902 προφητεύσας
2946 829 3024 902 τῷ
3079 831 3285 902 Ἀχαὰό
3320 832 3451 903 περὶ
3473 834 3577 904 τῆς

1993 924 2210 995 Συρίας,
2241 923 2333 977 καὶ
2361 924 2388 976 6
2413 921 2654 985 πατάξας
2685 922 2875 976 ἑαυτὸν
2896 922 3191 993 τραύματι,
3227 925 3322 977 καὶ
3344 924 3576 992 ἐλέγξας

1992 1018 2084 1070 τὸν
2118 1015 2340 1086 Ἀχαάϐ,
2373 1016 2467 1068 κα¹ι
2501 1016 2601 1068 Ἰοὺ
2632 1018 2661 1068 ὁ
2684 1014 2777 1068 τοῦ
2807 1016 2981 1085 Ἀμεὶ,
3024 1013 3174 1088 [nota
3214 1016 3269 1070 in
3300 1019 3574 1087 margine,

2006 1106 2207 1178 Ἀνανὶ]
2243 1107 2336 1160 καὶ
2396 1105 2600 1177 Ὀζιὴλ,
2645 1105 2738 1158 καὶ
2780 1105 3025 1158 Ἑλιαδάο
3077 1106 3192 1160 ἀλλ’
3236 1109 3296 1160 ού
3345 1107 3578 1178 φέρεται

1997 1198 2198 1252 τούτων
2255 1198 2360 1250 ἴδια
2413 1195 2860 1267 συγγράμματα’
2906 1199 2954 1249 εί
2993 1197 3067 1268 μὴ
3113 1198 3273 1268 μόνον
3329 1201 3377 1251 οἱ
3425 1198 3577 1268 λόγοι

1998 1289 2175 1344 αὐτῶν
2227 1292 2284 1343 ὲν
2331 1291 2452 1350 ταῖς
2498 1286 2801 1350 Βασιλείαις
2847 1288 2942 1340 καὶ
2999 1291 3118 1351 ταῖς
3156 1290 3578 1360 Παραλειπομέ-

1994 1397 2130 1442 ναις.
2175 1379 2262 1432 Ἐν
2293 1377 2349 1430 δὲ
2382 1380 2497 1439 τοῖς
2543 1376 2945 1450 συγγράψασιν,
2967 1370 3041 1430 ὧν
3071 1379 3164 1430 καὶ
3190 1378 3261 1431 τά
3291 1381 3580 1451 συγγράμ-

1998 1489 2142 1542 ματα
2191 1471 2436 1542 φέρεται,
2469 1469 2674 1540 πρῶτοι
2715 1469 3002 1537 γεγόνασιν
3050 1462 3221 1523 οὗτοι·
3277 1471 3439 1541 Ὠσηὲ
3482 1471 3580 1525 καὶ

1984 1564 2256 1625 βΗσαῒας.
2323 1562 2446 1614 Ἐπὶ
2497 1561 2606 1629 γὰρ
2643 1559 2752 1612 τῶν
2797 1559 2978 1614 αὐτῶν
3031 1559 3312 1630 βασιλέων,
3356 1562 3466 1614 τῶν
3516 1578 3584 1616 τι

2008 1654 2176 1707 Ἰούδα
2203 1653 2401 1718 Ὀζίου,
2435 1655 2530 1706 καὶ
2567 1651 2827 1722 Ἰωάθαμ,
2861 1651 3152 1722 καὶἈχάς,
3180 1653 3277 1706 καὶ
3317 1651 3582 1724 Ἐζηκίου

1998 1747 2261 1818 βασιλέων
2323 1745 2524 1810 Ἰούδα,
2576 1748 2670 1800 καὶ
2722 1746 2779 1800 ὲν
2825 1745 3062 1817 ἡμέραις
3127 1745 3411 1818 Ἱεροϐοάμ
3462 1745 3586 1800 υἱοῦ

318 1863 496 1925 dotes,
544 1861 600 1914 in
650 1857 838 1922 Israel,
883 1858 938 1909 in
996 1855 1216 1909 domum
1259 1852 1426 1922 regis,
1455 1850 1628 1918 deque
1676 1849 1895 1902 interitu

2017 1839 2158 1902 Ἰώας
2193 1837 2452 1908 βασιλέως
2510 1834 2723 1906 Ἰσραὴλ
2769 1837 3204 1907 ἐπροφήτευσαν.
3244 1837 3496 1905 Ἐγένετο
3526 1837 3588 1890 δὲ

320 1951 600 2008 Samariaz.
665 1948 962 2018 Postquam
1019 1944 1187 2000 etiam
1248 1940 1669 2010 reprehensione
1730 1955 1896 2004 usus,

319 2060 612 2104 mansuros
659 2041 970 2097 incredulos
1001 2052 1124 2093 esse
1172 2034 1471 2100 conclusit;
1508 2032 1803 2088 Ecclesiam
1834 2031 1900 2088 de

319 2139 574 2212 gentibus
602 2151 668 2192 eo
695 2141 947 2189 coactum
979 2131 1046 2185 iri
1085 2126 1410 2202 signiﬁcavit
1434 2168 1449 2191 ,
1477 2124 1622 2195 quod
1661 2135 1900 2179 scortum

322 2235 427 2290 sibi
459 2233 516 2286 in
557 2243 784 2284 uxorem
828 2222 1143 2292 assumpsit,
1176 2234 1340 2290 quam
1373 2219 1440 2273 ad
1471 2218 1594 2272 vitat
1638 2217 1904 2272 sobrieta-

319 2331 432 2380 tem
457 2323 868 2388 castitatemque
896 2313 1188 2370 revocavit.
1215 2309 1556 2366 Vaticinatus
1581 2325 1712 2365 vero
1739 2308 1902 2363 etiam

321 2426 408 2476 est
430 2416 504 2473 de
537 2410 837 2470 Salvatoris
860 2408 1129 2463 adventu.

937 2676 1157 2744 ,AMOS,
1194 2675 1285 2735 III.

401 2798 548 2856 Vixit
595 2806 649 2855 et
705 2797 797 2853 hic
843 2795 1036 2853 eodem
1082 2803 1354 2865 tempore,
1409 2791 1504 2847 sed
1550 2787 1738 2854 initio,
1782 2800 1907 2842 cum

328 2893 470 2952 Osee
515 2899 570 2947 et
630 2891 804 2957 Isaia,
851 2888 980 2946 Ozia
1040 2887 1194 2944 Juda‘,
1246 2896 1301 2944 et
1351 2884 1679 2941 Hieroboam
1724 2879 1908 2936 lsraeli

331 2983 758 3057 imperantibus,
799 2989 924 3036 ante
952 2979 1090 3036 duos
1125 2991 1300 3034 annos
1338 2983 1498 3031 terrae
1529 2983 1727 3030 motus.
1759 2971 1909 3026 Vidit

331 3088 511 3133 autem
545 3089 849 3140 sermones,
881 3081 936 3128 et
963 3071 1296 3126 vaticinatur
1343 3068 1606 3123 adversus
1652 3064 1910 3120 Hierusa-

1999 1932 2153 2000 λόγος
2185 1930 2318 2001 πρὸς
2350 1929 2510 1982 αὐτὸν
2556 1929 2651 1982 καὶ
2679 1929 3013 2000 προφητεύει
3035 1921 3188 1993 οὗτος
3227 1929 3321 1982 ἐπὶ
3357 1930 3486 1992 τοὺς
3512 1931 3590 1982 ἱε-

2005 2023 2152 2094 ρέας,
2191 2022 2285 2074 καὶ
2317 2021 2408 2072 ἐπὶ
2432 2021 2524 2074 τὸν
2567 2019 2800 2092 Ἰσραὴλ,
2831 2020 2926 2073 καὶ
2950 2021 3041 2073 ἐπὶ
3067 2021 3159 2073 τὸν
3189 2016 3336 2075 οἶκον
3362 2021 3459 2074 τοῦ
3485 2021 3589 2091 βα-

2004 2115 2214 2177 σιλέως,
2250 2113 2501 2184 καὶπερὶ
2535 2113 2635 2184 τῆς
2663 2111 2939 2174 ἀπωλείας
2977 2113 3078 2183 τῆς
3110 2113 3421 2183 Σαμαρείας
3440 2130 3456 2142 ο
3491 2113 3593 2166 καὶ

2003 2206 2244 2276 ἐλέγξας,
2269 2207 2362 2260 καὶ
2398 2205 2726 2274 συγκλείσας
2750 2204 2947 2268 αὐτοὺς
2969 2206 3048 2268 εἰς
3069 2204 3340 2276 ἀπειθίαν,
3397 2202 3595 2276 σημαί-

2003 2319 2081 2353 νει
2119 2301 2216 2370 τὴν
2253 2298 2311 2365 ἐξ
2350 2297 2519 2353 ἐθνῶν
2573 2297 2924 2368 Ἐκκλησίαν,
2957 2297 3026 2350 δι’
3057 2290 3132 2351 ὧν
3169 2297 3328 2351 ἔλαϐε
3381 2297 3594 2372 πόρνην

2004 2393 2257 2459 γυναῖκα,
2288 2391 2354 2463 ἣν
2389 2393 2484 2445 καὶ
2511 2391 2693 2445 λαϐὼν
2729 2390 3133 2462 ἐσωφρόνησεν,
3164 2391 3382 2459 ἀνάγων
3416 2393 3594 2464 αὐτὴν

2005 2484 2141 2557 πρὸς
2164 2484 2372 2538 ἑαυτόν.
2408 2483 2749 2555 Προφητεύει
2777 2484 2835 2536 δὲ
2870 2485 2963 2537 καὶ
2995 2484 3125 2554 περὶ
3150 2485 3250 2556 τῆς
3279 2484 3374 2538 τοῦ
3406 2486 3596 2559 Σωτῆ-

2007 2592 2099 2649 ρος
2137 2574 2456 2646 παρουσίας.

2642 2685 2850 2750 ΑΜΩΣ,
2875 2687 2948 2740 I".

2077 2805 2189 2860 Kal
2214 2797 2367 2868 οὗτος
2425 2805 2770 2877 συνεχρόνισε
2797 2803 2941 2858 κατὰ
2977 2804 3073 2875 τὴν
3094 2806 3270 2877 ἀρχὴν
3287 2806 3366 2877 τῷ
3409 2806 3593 2880 Ὠσηὲ,

2009 2897 2209 2968 καὶτῷ
2252 2897 2472 2968 Ἡσαΐᾳ,
2522 2897 2616 2949 ἐπὶ
2661 2895 2837 2961 Ὀζίου
2876 2897 3140 2968 βασιλέως
3185 2899 3376 2966 Ἰούδα,
3418 2902 3597 2955 καὶέν

2009 2991 2245 3062 ἡμέραις
2285 2989 2568 3062 Ἱεροϐοάμ
2585 2989 2677 3043 τοῦ
2731 2989 2885 3054 Ἰωὰς
2917 2989 3180 3060 βασιλέως
3222 2992 3465 3062 Ἰσραὴλ,
3500 2991 3596 3061 γέ-

2009 3101 2133 3153 γονε
2173 3085 2278 3156 πρὸ
2313 3083 2407 3137 δύο
2435 3083 2572 3138 ἐτῶν
2610 3081 2703 3136 τοῦ
2740 3083 2988 3155 σεισμοῦ.
3017 3084 3224 3153 Λόγους
3249 3083 3308 3136 δὲ
3335 3080 3463 3150 εἶδε,
3504 3085 3599 3138 καὶ

327 3171 436 3225 lem
465 3210 480 3235 ,
537 3169 797 3224 adversus
848 3164 1102 3221 Israelem
1149 3172 1205 3218 et
1253 3160 1596 3227 Samariam,
1648 3158 1908 3213 adversus

447 3272 450 3273 ,
606 3263 639 3273 _.
807 3259 844 3273 η
1187 3254 1254 3273 n,
1307 3271 1379 3273 _,__
1472 3253 1688 3273 A___I-_
1780 3249 1878 3273 Δ--

2017 3176 2345 3248 προφητεύει
2387 3177 2527 3230 κατὰ
2580 3177 2679 3248 τῆς
2741 3177 3118 3249 Ἰερουσαλὴμ,
3164 3175 3258 3229 καὶ
3308 3177 3456 3229 κατὰ
3501 3175 3597 3230 τοῦ

334 3272 521 3334 gentes
569 3263 756 3326 etiam,
807 3259 1151 3323 Damascum,
1181 3254 1408 3320 Gazam,
1459 3253 1716 3316 Ascalon,
1771 3249 1909 3304 Azo-

2028 3269 2265 3341 Ἰσραὴλ,
2311 3270 2405 3322 καὶ
2436 3269 2536 3339 τῆς
2567 3268 2907 3340 Σαμαρείας,
2957 3268 3047 3322 καὶ
3089 3267 3232 3320 κατὰ
3269 3264 3378 3321 τῶν
3401 3267 3598 3335 ἐθνῶν,

331 3365 471 3420 tum,
520 3356 789 3418 Accaron,
833 3351 1058 3424 Tyrum,
1089 3349 1402 3413 Idumaaam,
1456 3346 1734 3407 Thaeman,
1775 3344 1909 3399 ﬁlios

2017 3360 2330 3431 Δαμασκοῦ,
2360 3359 2560 3432 Γάζης,
2593 3359 2950 3423 Ἀσκάλωνος,
2995 3357 3249 3424 Ἀζώτου,
3290 3361 3598 3433 Ἀκκάρων,

332 3448 602 3511 Ammon,
647 3452 702 3502 et
747 3443 938 3510 Moab;
971 3457 1109 3512 quos
1157 3456 1346 3496 omnes
1386 3454 1417 3492 a
1449 3453 1509 3494 se
1553 3437 1909 3510 reprehensos

2017 3450 2216 3521 Τύρου,
2266 3449 2589 3520 Ἰδουμαίας,
2641 3448 2872 3519 Θαμαᾶν
2911 3447 3064 3519 [nota
3104 3448 3160 3502 in
3201 3449 3473 3520 margine,
3523 3450 3597 3505 ίσ.

334 3537 582 3594 inﬁdeles
609 3552 732 3592 esse
759 3534 1056 3591 concludit.
1091 3531 1278 3602 Neque
1307 3547 1457 3597 vero,
1503 3545 1628 3586 cum
1665 3535 1811 3586 esset
1847 3529 1916 3584 ab

335 3629 560 3685 Amazia
593 3626 875 3685 sacerdote
911 3625 1097 3682 Betbel
1141 3625 1352 3680 delatus
1401 3622 1543 3694 apud
1571 3637 1749 3693 regem
1788 3620 1917 3676 Hie-

337 3721 588 3786 roboam,
613 3726 875 3790 tanquam
894 3716 989 3788 qui
1018 3715 1283 3771 adversus
1309 3712 1610 3768 Samariam
1636 3710 1918 3782 populum-

339 3829 448 3885 que
489 3811 718 3875 faceret,
771 3809 889 3879 ipse
937 3807 1233 3879 quidquam
1283 3805 1352 3860 de
1401 3801 1618 3858 dicendi
1669 3801 1919 3856 libertate

339 3904 590 3969 remisit,
635 3901 728 3958 sed
771 3900 1060 3956 vaticinari
1106 3911 1338 3970 pergens
1381 3895 1450 3950 de
1488 3891 1788 3948 Salvatoris
1817 3889 1916 3945 ad-

339 4004 507 4056 ventu
538 3998 754 4052 locutus
778 4002 881 4050 est.

885 4190 1237 4257 MICHIEAS,
1267 4189 1356 4252 VL

418 4308 707 4367 Secundus
738 4307 828 4364 hic
864 4309 1084 4378 quidem
1122 4322 1154 4360 a
1206 4303 1582 4376 superioribus
1620 4300 1746 4370 fuit,
1788 4317 1924 4375 quo-

344 4403 493 4460 niam
539 4413 662 4476 post
707 4400 853 4457 Ozia:
897 4408 1140 4471 tempora
1175 4400 1505 4454 vaticinatus
1537 4404 1622 4454 est
1652 4413 1667 4451 :
1698 4395 1794 4454 sed
1833 4410 1925 4452 ea-

2015 3537 2274 3610 Θαιμὰν],
2302 3538 2431 3592 υἱῶν
2473 3539 2717 3610 Ἀμμὼν,
2741 3540 2836 3594 καὶ
2882 3539 3057 3594 Μωάὸ
3079 3557 3092 3570 ο
3126 3540 3219 3594 καὶ
3242 3539 3416 3605 οὕτως
3444 3541 3602 3610 uer-

2015 3647 2120 3702 χει,
2172 3631 2268 3683 καὶ
2322 3629 2596 3699 συγκλείει
2629 3632 2836 3695 πάντας
2879 3632 2960 3696 είς
2992 3632 3267 3690 ἀπειθίαν.
3314 3632 3479 3686 Ἀλλὰ
3506 3635 3604 3687 καὶ

2029 3721 2287 3792 Ἀμασίου
2316 3721 2412 3776 τοῦ
2448 3722 2640 3794 ἱερέως
2673 3721 2878 3795 Βαιθὴλ
2920 3723 3267 3788 διαϐαλόντος
3313 3726 3478 3779 αὑτὸν
3523 3725 3602 3798 τιῇ

2018 3809 2226 3880 βασιλεῖ
2262 3810 2544 3883 Ἰεροὸοὰμ
2584 3810 2659 3875 ὡς
2683 3812 2914 3880 λέγοντα
2946 3812 3088 3867 κατά
3122 3816 3221 3885 τῆς
3260 3815 3600 3885 Σαμαρείας,

2019 3904 2113 3956 καὶ
2145 3903 2286 3958 κατὰ
2314 3902 2410 3956 τοῦ
2447 3902 2600 3972 λαοῦ,
2637 3905 2800 3970 αὐτὸς
2831 3905 2983 3958 οὐδὲν
3009 3901 3171 3978 ἦττον
3193 3906 3293 3959 οὐκ
3318 3906 3601 3960 ἓπαύσατο

2019 3992 2549 4067 παρρησιαζόμενος,
2587 3997 2680 4050 καὶ
2719 3997 2893 4052 λέγων
2931 3999 2999 4053 τὰ
3030 3998 3184 4068 λόγια
3215 3997 3306 4051 καὶ
3337 3999 3470 4069 περὶ
3500 3998 3602 4068 τῆς

2019 4087 2322 4159 παρουσίας
2344 4086 2438 4140 τοῦ
2463 4089 2733 4160 Σωτῆρος.

2596 4204 2906 4271 ΜΙΧΑΙΑΣ,
2943 4207 3034 4271 ς’.

2092 4313 2352 4384 Δεύτερος
2382 4312 2478 4384 μὲν
2513 4311 2621 4364 τῶν
2650 4313 3061 4385 προειρημένων
3084 4312 3444 4380 γέγονεν-.ὄτι
3470 4309 3609 4372 μετὰ

2035 4405 2216 4468 Ὀζίαν
2245 4405 2638 4476 ὲπροφήτευσε.
2667 4403 2980 4475 Συνεχρόνει
3005 4403 3064 4461 δὲ
3087 4405 3290 4473 αὐτοῖς.
3341 4405 3495 4462 Ἐπεὶ
3515 4410 3611 4462 καὶ

347 4496 470 4552 dem
496 4511 620 4552 cum
653 4494 764 4550 illis
791 4502 948 4548 aetate
976 4492 1162 4548 ﬂoruit
1191 4510 1205 4547 :
1236 4491 1364 4563 quia
1387 4497 1441 4546 et
1468 4491 1583 4560 ipse
1611 4487 1909 4555 Joathamo,

2025 4494 2187 4557 αὐτὸς
2216 4495 2308 4547 ἐπὶ
2323 4492 2562 4564 Ἰωαθάμ
2581 4492 2674 4546 καὶ
2692 4491 2855 4564 Ἀχὰζ
2871 4493 2968 4549 καὶ
2993 4492 3239 4560 Ἐζεκίου
3256 4497 3466 4568 ἤρξατο
3486 4516 3610 4569 προ-

348 4587 588 4653 Achazo,
643 4593 698 4641 et
746 4583 978 4640 Ezecbia
1034 4581 1256 4654 regibus
1314 4577 1674 4651 prophetandi
1725 4593 1909 4632 munus

2030 4584 2304 4656 φητεύειν.
2341 4563 2588 4652 Ἐγένετο
2601 4584 2657 4636 δὲ
2672 4585 2700 4637 6
2714 4563 2875 4654 λόγος
2901 4587 3037 4658 πρὸς
3057 4588 3220 4643 αὐτὸν
3372 4563 3606 4662 Κυρίου,

351 4692 642 4749 aggressus
679 4684 784 4733 est.
815 4675 1015 4731 Factus
1049 4683 1132 4731 est
1152 4681 1334 4729 autem
1366 4671 1433 4726 ad
1462 4685 1586 4726 eum
1611 4683 1792 4726 sermo
1822 4666 1927 4722 Do-

351 4767 508 4834 mini,
542 4777 597 4824 et
628 4767 957 4822 vaticinatus
996 4773 1082 4821 est
1125 4765 1184 4819 in
1225 4757 1587 4825 Hierusalem,
1634 4760 1691 4814 in
1737 4759 1928 4813 Sama-

352 4860 513 4930 riam,
546 4861 602 4916 in
626 4861 920 4932 prophetas
950 4874 1045 4915 eos
1073 4859 1165 4930 qui
1191 4857 1451 4928 populum
1480 4856 1538 4909 in
1577 4868 1816 4910 errorem
1845 4853 1930 4906 in-

354 4955 660 5022 ducebant;
707 4955 762 5010 in
795 4953 1075 5008 Achabum
1117 4950 1368 5020 denique.
1411 4945 1673 5002 Praedixit
1713 4951 1767 5000 et
1806 4942 1928 4998 Sal-

353 5048 560 5103 vatoris
611 5045 936 5112 adventum,
987 5042 1080 5097 ubi
1135 5040 1426 5112 postremis
1467 5038 1659 5094 diebus
1701 5033 1928 5092 manife-

357 5149 503 5198 stum
530 5139 747 5195 Domini
777 5143 1016 5192 montem
1049 5135 1167 5190 fore
1192 5133 1482 5204 signiﬁcat.

1087 5243 1190 5308 EL,
1232 5243 1299 5300 Il.

1007 5245 1190 5308 JOEL,
1232 5245 1299 5300 Il.

433 5340 626 5399 Sermo
659 5341 874 5398 Domini
909 5339 1086 5394 factus
1123 5345 1208 5393 est
1242 5336 1311 5391 ad
1345 5336 1549 5407 ipsum,
1575 5331 1932 5406 praadixitque

362 5435 671 5493 senioribus
701 5433 1065 5503 omnibusque
1089 5434 1184 5502 qui
1225 5437 1430 5486 terram
1459 5427 1786 5493 incolebant,
1814 5427 1933 5495 ejus
1989 5431 2002 5440 °

362 5524 654 5591 excidium,
697 5533 754 5582 et
794 5525 899 5578 alia
943 5539 1065 5594 qua:
1116 5522 1220 5594 ipsi
1265 5521 1610 5592 contigerunt
1655 5518 1933 5574 servitutis

364 5626 628 5683 tempore.
656 5614 997 5669 Vaticinatur
1041 5629 1170 5668 vero
1214 5612 1378 5668 etiam
1419 5612 1486 5666 de
1532 5609 1768 5681 Spiritus
1804 5623 1934 5665 san-

367 5705 440 5757 cti
469 5704 644 5772 gratia
682 5704 739 5757 in
789 5719 978 5758 omnes
1010 5703 1103 5772 qui
1135 5704 1237 5758 sub
1271 5703 1553 5757 Salvatore
1589 5702 1754 5757 futuri
1786 5713 1934 5769 sunt,

368 5791 710 5856 effundenda.
759 5791 1129 5847 Concionatur
1180 5792 1414 5862 denique
1459 5792 1528 5847 de
1584 5792 1824 5863 jejunio,
1869 5791 1937 5848 de

2027 4677 2122 4730 καὶ
2149 4674 2478 4748 προφητεύει
2506 4672 2986 4749 έπὶἹερουσαλὴμ,
3009 4679 3103 4732 καὶ
3126 4679 3256 4750 περὶ
3273 4680 3607 4752 Σαμαρείας,

2029 4768 2123 4820 καὶ
2141 4767 2232 4819 ἐπὶ
2251 4767 2379 4829 τοὺς
2405 4766 2688 4839 προφήτας
2711 4770 2836 4832 τοὺς
2873 4769 3189 4833 πλανῶντας
3220 4771 3310 4823 τὸν
3341 4770 3491 4837 λαὸν,
3519 4773 3612 4824 καὶ

2033 4859 2172 4913 κατὰ
2187 4860 2280 4912 τοῦ
2315 4858 2540 4931 Ἀχαάϐ.
2564 4861 2936 4933 Προσημαίνει
2964 4861 3021 4915 δὲ
3055 4862 3148 4916 καὶ
3174 4862 3270 4935 τὴν
3304 4865 3611 4935 παρουσίαν

2031 4952 2124 5006 τοῦ
2141 4953 2391 5027 Σωτῆρος
2422 4954 2616 5024 λέγων’
2634 4955 2722 5008 Ἐν
2749 4957 2868 5018 ταῖς
2883 4955 3136 5025 ἐσχάταις
3166 4957 3400 5028 ἡμέραις
3429 4958 3610 5026 ἐμφα-

2035 5045 2123 5108 νὲς
2151 5043 2304 5102 ἐσται
2335 5046 2397 5101 τὸ
2417 5047 2540 5118 ὅρος
2568 5046 2663 5101 τοῦ
2691 5046 2920 5118 Κυρίου.

2667 5250 2829 5302 ῙΩΗΛ
2850 5289 2865 5313 ,
2906 5249 2980 5302 B'.

2109 5335 2277 5406 Λόγος
2304 5337 2508 5410 Κυρίου
2544 5341 2758 5408 ἐγένετο
2787 5343 2925 5415 πρὸς
2956 5341 3117 5395 αὐτὸν
3149 5341 3242 5395 καὶ
3279 5341 3618 5412 προφητεύει

2039 5431 2148 5491 τοῖς
2171 5427 2557 5501 πρεσϐυτέροις
2609 5433 2701 5485 καὶ
2729 5434 2862 5485 πᾶσι
2890 5434 3002 5496 τοῖς
3027 5431 3336 5485 κατοικοῦσι
3364 5434 3466 5503 τὴν
3491 5432 3616 5502 γῆν.

2039 5519 2168 5590 περὶ
2198 5519 2297 5590 τῆς
2322 5517 2572 5584 ἁλώσεως
2597 5521 2698 5591 τῆς
2725 5523 2851 5592 γῆς,
2874 5522 3095 5576 καὶτῶν
3125 5524 3184 5576 ὲν
3209 5523 3369 5595 αὐτῇ
3395 5538 3618 5595 προφη-

2040 5612 2187 5664 τεύει
2213 5611 2270 5664 δὲ
2297 5611 2393 5665 καὶ
2424 5615 2551 5683 περὶ
2587 5613 2686 5684 τῆς
2713 5613 2805 5667 τοῦ
2845 5614 3003 5682 ἁγίου
3043 5613 3363 5684 Πνεύματος
3395 5616 3621 5686 χάριτος

2041 5706 2139 5776 τῆς
2173 5706 2254 5768 εἰς
2284 5707 2493 5769 πάντας
2517 5706 2874 5777 γενησόμενος
2916 5705 3056 5778 [lege
3083 5703 3479 5777 γενησομένης]
3511 5705 3623 5758 ὑπὺ

2041 5793 2136 5848 τού
2169 5796 2436 5867 Σωτῆρος.
2465 5795 2736 5868 Κηρύττει
2763 5795 2821 5848 δὲ
2851 5797 2942 5850 καὶ
2967 5795 3095 5867 περ)⁵
3122 5795 3378 5866 νηστείας
3399 5796 3494 5848 καὶ
3517 5813 3622 5863 με·
