3856 6226
281 391 421 450 1263

1482 391 1571 446 DE
1613 390 1796 449 VITIS
1831 392 2374 452 PHOPHETARUH.

3391 404 3530 458 1266

277 507 642 581 τανοίαςνκαὶ
668 510 799 580 περὶ
830 509 928 580 τῆς
967 509 1059 562 τοῦ
1097 509 1346 582 Σωτῆρος
1377 513 1707 582 παρουσίας,
1754 515 1846 567 καὶ

1983 515 2283 581 ωηὶιθηιὶο,
2317 517 2385 570 de
2415 514 2712 574 Salvatoris
2737 519 2968 575 adventu
2987 559 3004 586 ,
3038 524 3094 575 et
3113 519 3180 576 de
3210 521 3382 593 signis
3409 538 3530 593 quae

278 599 386 652 τῶν
421 599 514 653 ἐπὶ
547 598 638 652 τοῦ
679 600 911 670 σταυροῦ
943 601 1247 671 γενομένων
1277 603 1536 673 σημέιων.

874 714 1141 779 ΑΒΔῘΟΥ,
1181 713 1253 768 Δ’.

353 803 581 874 Ὅρασιν
612 804 942 874 ἀπαγγέλλει
969 806 1108 860 κατὰ
1135 807 1234 877 τῆς
1275 806 1598 877 Ἰδουμαίας,
1632 819 1727 860 και
1756 807 1849 861 τοῦ

280 895 467 959 τέλους
504 877 700 968 αὐτῆς·
736 897 830 950 καὶ
863 897 1004 952 κατὰ
1038 897 1144 952 τῶν
1178 898 1344 952 ἐθνῶν
1381 898 1490 952 τῶν
1521 901 1851 971 ὲμπαροινη-

285 990 492 1044 σάντων
529 989 606 1059 τῷ
650 990 884 1062 Ἰσραήλ.
947 991 1409 1062 Ἀναλωθήσεσθαι
1451 992 1559 1063 γὰρ
1584 991 1675 1045 τόν
1705 990 1851 1045 οἶκον

296 1081 464 1138 Ἦσαῦ
499 1082 604 1134 ὑπὸ
631 1081 723 1135 τοῦ
770 1081 963 1136 Ἰακὼϐ
994 1083 1374 1155 προσημαίνει.

896 1262 1096 1315 ῘΩΝΑΣ
1112 1304 1126 1325 ,
1162 1263 1236 1316 Ε¹.

353 1351 522 1420 Λόγος
577 1352 781 1423 Κυρίου
845 1353 1058 1422 ἐγένετο
1114 1355 1252 1425 πρὸς
1287 1354 1448 1408 αὐτὸν
1484 1353 1738 1408 ἀπελθεῖν
1775 1356 1854 1417 εἰς

280 1443 480 1514 Νινευὴ
511 1446 605 1498 καὶ
638 1444 867 1517 κηρῦξαι
898 1448 956 1499 ὲν
984 1445 1142 1517 αὐτῇ,
1171 1447 1250 1500 ὅτι
1277 1447 1356 1499 έτι
1380 1450 1529 1518 τρεῖς
1551 1446 1624 1518 (I)
1649 1447 1853 1518 ἡμέραι

282 1536 377 1593 καὶ
400 1537 910 1608 καταστραφήσεται
938 1539 970 1608 ἡ
998 1537 1219 1608 Νινευή.
1262 1537 1398 1590 Ἀλλ’
1433 1538 1614 1602 Ἰωνᾶς
1639 1537 1855 1606 φεύγων

280 1627 342 1681 τὸ
378 1629 659 1699 κήρυγμα,
704 1628 868 1701 ἀνέϐη
918 1631 998 1692 εἰς
1031 1628 1093 1681 τὸ
1125 1629 1325 1685 πλοῖον.
1375 1629 1658 1701 Χειμῶνός
1687 1628 1762 1698 (2)
1795 1645 1855 1680 τε

282 1722 570 1793 γενομένου
599 1722 882 1794 ἐξεϐλήθη,
917 1723 1010 1777 καὶ
1041 1724 1314 1795 κατεπόθη
1347 1724 1450 1776 ὑπὸ
1473 1725 1638 1796 κήτου
1665 1723 1856 1776 θαλασ-

283 1813 418 1866 σίου.
454 1810 585 1867 Εἶτα
614 1814 752 1885 μετὰ
779 1818 926 1887 τρεῖς
983 1816 1193 1887 ἡμέρας
1228 1803 1444 1881 ἐξέϐαλε
1481 1816 1541 1868 τὸ
1573 1816 1736 1886 κῆτος
1763 1814 1852 1867 τὸν

294 1905 477 1960 Ἰωνὰν
503 1883 696 1971 ζῶντα.
731 1883 843 1963 Kal.
883 1883 1044 1962 πάλιν
1086 1883 1149 1962 έκ
1175 1908 1429 1980 δευτέρας
1457 1909 1610 1978 λόγος
1634 1883 1853 1980 ’Κυρίου
1886 1883 1926 1938 Β

281 2000 497 2069 ἐγένετο
525 1999 664 2072 πρὸς
692 2001 872 2055 αὐτόν.
919 2003 1028 2056 Καὶ
1070 2001 1317 2055 ἀπελθὼν
1361 2003 1622 2074 ἐκήρυξεν
1657 2003 1734 2064 εἰς
1759 2002 1856 2070 τὴν

280 2094 503 2166 Νινευὴ,
542 2093 738 2149 ἐκεῖνοί
762 2112 819 2146 τε
848 2093 1174 2158 ἀκούσαντες
1203 2094 1696 2166 έμετανόησαν,καὶ
1721 2111 1860 2164 παρ-

281 2185 457 2258 ήγαγε
500 2185 701 2256 Κύριος
756 2185 854 2258 τὴν
899 2187 1067 2258 ὀργὴν
1111 2188 1206 2240 ἀπ’
1261 2185 1459 2240 αὐτῶν.
1521 2187 1633 2256 Τῆς
1681 2187 1860 2256 μέντοι

284 2277 585 2348 παρουσίας
622 2277 716 2330 τοῦ
751 2277 1004 2350 Σωτῆρος
1047 2281 1269 2348 σημεῖον
1313 2278 1472 2340 αὐτὸς
1512 2277 1722 2346 γέγονε,
1769 2276 1863 2328 καὶ

286 2357 610 2434 καταποθεὶς
641 2369 744 2422 ὑπὸ
770 2369 865 2424 τοῦ
893 2371 1110 2440 κήτους,
1153 2371 1244 2424 καὶ
1285 2368 1569 2441 ἐκϐληθεὶς
1597 2367 1861 2438 ἀϐλαϐής.

537 2482 780 2535 ΝΑΟΥΜ
827 2485 867 2537 0
913 2482 1051 2536 ΤΟΥ
1095 2481 1505 2545 ΕΛΚΕΣΑΙΟΥ,
1544 2482 1615 2534 Z'.

353 2571 561 2642 Λῆμμα
609 2572 739 2643 περὶ
787 2573 886 2643 τῆς
931 2572 1204 2636 ἀπωλείας
1250 2573 1448 2644 Νινευῆ
1492 2571 1615 2643 (sic)
1664 2569 1866 2640 βιϐλίον

286 2663 548 2733 ὁράσεως.
584 2665 924 2737 Προφητεύει
954 2666 1048 2719 καὶ
1076 2664 1336 2737 κηρύττει
1362 2665 1460 2736 μὲν
1484 2664 1726 2736 καὶπερὶ
1750 2664 1868 2735 έορ-

287 2756 402 2826 τῆς.
436 2757 807 2830 Προσημαίνει
839 2758 894 2810 δὲ
926 2760 984 2810 ὲν
1021 2759 1159 2830 αὐτῇ
1193 2757 1320 2829 περὶ
1347 2757 1441 2810 τοῦ
1469 2756 1742 2827 Σωτῆρος,
1773 2757 1868 2808 καὶ

287 2845 357 2899 τὰ
393 2847 554 2900 λοιπὰ
602 2848 776 2901 πάντα
825 2848 961 2900 κατὰ
1005 2849 1105 2919 τῆς
1149 2847 1351 2918 Νινευῆ
1374 2887 1388 2912 ,
1433 2846 1652 2900 καὶτοῦ
1683 2845 1867 2908 τέλους

290 2938 476 3012 Ζὺτῆς,
505 2938 598 2992 καὶ
619 2937 726 2993 τῶν
758 2940 966 3012 ἐχθρῶν
987 2938 1080 2992 τοῦ
1116 2939 1330 3010 Ἰσραὴλ
1351 2937 1735 3009 παραγγέλλει.

801 3051 1216 3115 ΑΜΒΑΧΟΥΜ,
1268 3051 1352 3105 H'.

359 3140 566 3212 Λῆμμα
578 3142 670 3195 καὶ
681 3141 842 3206 αὐτὸς
857 3137 1012 3196 εἶδενο
1029 3140 1358 3214 προφητεύει
1369 3141 1618 3212 δεόμενος
1637 3139 1732 3210 μὲν
1745 3156 1812 3192 πε
1820 3139 1871 3210 pl.

290 3233 386 3304 τῆς
411 3233 663 3297 ἁλώσεως
681 3234 780 3304 τῆς
810 3213 1178 3304 Ἰερουσαλήμ.
1211 3232 1604 3303 Προσημαίνων
1645 3230 1702 3283 δὲ
1735 3231 1862 3301 περὶ
1889 3213 1932 3272 C

290 3321 392 3391 τῆς
417 3323 714 3394 παρουσίας
730 3323 822 3375 τοῦ
844 3323 1114 3394 Σωτῆρος.
1139 3323 1301 3391 Λέγει
1331 3323 1387 3375 δὲ
1417 3323 1511 3375 καὶ
1533 3320 1862 3392 προφητεύει

292 3413 434 3467 κατὰ
454 3413 562 3468 τῶν
581 3415 1023 3486 καταφρονητῶν.
1051 3412 1182 3469 Εἶτα
1217 3413 1418 3485 μεταξὺ
1450 3414 1722 3485 προσευχὴ
1752 3416 1862 3466 ἐστι

291 3503 384 3557 τοῦ
416 3507 691 3576 προφήτου
727 3507 842 3576 μετ’
877 3506 1038 3576 ᾠδῆς.
1069 3507 1176 3560 Καὶ
1204 3507 1330 3578 τρία
1358 3505 1704 3576 διαψάλματὰ
1718 3509 1865 3559 ὲστιν

295 3599 353 3650 ἑν
370 3599 434 3667 τῇ
451 3596 716 3670 λεγομένῃ
744 3597 852 3668 ᾠδῇ
870 3597 1084 3667 ᾅδοντος
1103 3597 1267 3650 αὐτοῦ
1295 3598 1421 3668 περὶ
1441 3599 1540 3668 τῆς
1568 3598 1865 3668 παρουσίας

294 3688 388 3742 τοῦ
413 3689 682 3761 Σωτῆρος,
707 3690 800 3742 καὶ
821 3691 929 3760 τῆς
942 3690 1081 3743 κατὰ
1101 3690 1326 3745 θανάτου
1347 3689 1520 3762 νίκης.

580 3893 911 3946 ΣΟΦΟΝῘΑΣ
954 3895 994 3948 0
1029 3895 1166 3952 ΤΟΥ
1204 3894 1471 3958 ΧΟΥΣΕΙ,
1507 3895 1584 3949 Θ’.

369 3978 537 4048 Οὗτος
563 3986 657 4039 καὶ
701 3987 968 4057 Ἱερεμίας
1002 3987 1394 4056 συνεχρόνησαν
1427 3985 1694 4057 ἀλλήλοις.
1736 3988 1868 4058 Ἀμ-

299 4078 516 4150 φότεροι
538 4079 644 4151 γὰρ
668 4079 760 4132 ἐπὶ
786 4078 880 4133 τοῦ
921 4078 1099 4132 Ἰωσία
1128 4078 1391 4148 βασιλέως
1431 4079 1596 4135 Ἰούδα
1628 4081 1869 4152 ἐπροφή-

298 4188 514 4228 τευσαν.
561 4173 732 4240 Λόγος
771 4171 828 4225 δὲ
858 4171 1063 4244 Κυρίου
1113 4171 1330 4240 ἐγένετο
1377 4171 1511 4242 πρὸς
1556 4171 1738 4237 αὐτὸν,
1777 4172 1871 4226 καὶ

300 4263 631 4335 προφητεύει
664 4266 720 4316 έν
747 4267 813 4334 τῇ
843 4264 1216 4336 Ἰερουσαλὴμ,
1246 4264 1340 4318 καὶ
1369 4265 1529 4317 παντὶ
1557 4264 1744 4335 Ἰούδᾳ·
1779 4265 1870 4317 καὶ

301 4354 554 4424 προλέγει
581 4355 708 4426 περὶ
739 4355 949 4426 ἡμέρας
972 4356 1235 4427 ἐσομένης
1260 4355 1522 4426 μεγάλης,
1549 4355 1687 4410 ὥστε
1712 4355 1873 4428 ἐξαρ-

303 4446 460 4518 θῆναι
487 4448 663 4502 πάντα
691 4448 759 4502 τὰ
789 4448 1001 4512 εἴδωλα,
1032 4448 1129 4502 καὶ
1157 4447 1224 4510 τὰ
1251 4447 1409 4516 ἄλση.
1438 4447 1534 4500 καὶ
1557 4447 1724 4500 πολὺν
1749 4446 1874 4519 θρῆ-

1954 607 2009 660 in
2046 623 2210 662 cruce
2243 617 2370 663 sunt
2396 609 2561 663 edita.

2553 719 2815 789 annus,
2843 721 2928 777 tv.

2021 806 2303 866 Visionem
2342 810 2627 867 denuntiat
2658 811 2918 868 adversus
2947 811 3260 884 Idumazam,
3290 825 3345 873 et
3369 833 3528 888 quem

1955 897 2115 952 ﬁnem
2174 899 2365 954 eadem
2418 900 2494 957 sit
2552 900 2825 956 habitura.
2870 901 3212 962 Vaticinatur
3256 909 3418 964 etiam
3475 910 3528 964 in

1956 1001 2144 1061 gemes
2191 1008 2312 1063 quaz
2363 992 2550 1052 lsraeli
2605 997 2957 1061 insultarunt.
3005 998 3142 1056 Fore
3193 1002 3355 1057 etiam
3393 1017 3534 1073 prae-

1951 1083 2106 1150 dixit,
2139 1094 2195 1139 ut
2236 1084 2380 1143 Esau
2417 1089 2631 1156 domus,
2667 1091 2735 1147 ab
2776 1107 2840 1148 ea
2879 1108 2998 1164 qua:
3030 1091 3217 1150 Jacobi
3251 1101 3355 1162 est,
3404 1096 3536 1152 sub-

1953 1184 2216 1234 vertatur.

2580 1271 2908 1345 JONAS,V.

2027 1359 2217 1417 Sermo
2241 1361 2457 1419 Domini
2489 1363 2666 1423 factus
2714 1378 2798 1424 est
2847 1369 2912 1423 ad
2945 1369 3142 1439 ipsum,
3183 1377 3242 1426 ut
3280 1371 3533 1428 Ninivam

1954 1451 2230 1522 profectus
2270 1455 2325 1510 in
2372 1471 2436 1512 ea
2467 1457 2705 1526 doceret,
2747 1459 2922 1516 tribus
2967 1470 3178 1518 tantum
3222 1463 3414 1518 diebus
3441 1479 3536 1517 ur-

1955 1543 2076 1598 bem
2099 1559 2218 1598 eam
2249 1546 2316 1600 ab
2338 1546 2561 1602 interitu
2589 1549 2799 1606 abesse.
2831 1549 2937 1605 Sed
2967 1567 3088 1606 cum
3115 1551 3356 1607 mandati
3394 1569 3535 1609 onus

1957 1633 2276 1702 declinaret,
2306 1639 2533 1710 contigit
2556 1648 2615 1695 ut
2640 1657 2798 1709 nave,
2840 1643 2896 1696 in
2927 1659 3090 1714 quam
3117 1645 3533 1710 conscenderat,

1956 1727 2370 1795 tempestatibus
2414 1729 2638 1799 agitata,
2673 1732 2731 1785 in
2780 1747 2930 1788 mare
2977 1733 3185 1803 ejectus
3238 1749 3268 1788 a
3311 1735 3535 1804 pistrice

1956 1815 2389 1873 absorberetur:
2433 1836 2554 1891 qua:
2607 1823 2855 1878 eumdem
2929 1825 3106 1879 triduo
3159 1833 3283 1895 post
3349 1826 3531 1881 vivum

1956 1908 2213 1962 evomuit.
2244 1905 2438 1965 lterato
2475 1910 2671 1966 deinde
2708 1910 2776 1965 ad
2827 1927 2951 1968 eum
2995 1912 3210 1969 Domini
3259 1931 3532 1980 sermone,

1956 1993 2207 2051 Ninivam
2266 1999 2545 2069 appulsus,
2601 2001 2784 2072 ibique
2839 2003 3222 2073 concionatus,
3270 2005 3418 2062 cives
3466 2005 3536 2061 ad

1957 2088 2392 2158 resipiscentiam
2443 2091 2697 2160 adduxit,
2742 2103 2797 2151 et
2846 2096 2982 2150 iram
3029 2095 3244 2152 Domini
3286 2096 3357 2152 ab
3399 2097 3540 2168 ipsis

1961 2179 2177 2234 avertit.
2212 2179 2336 2235 Fuit
2361 2183 2578 2252 quidem
2622 2193 2769 2240 certe
2801 2184 3098 2243 Salvator-is
3142 2187 3342 2260 imago,
3372 2202 3533 2259 quem

1961 2270 2158 2340 pistrix
2194 2271 2422 2329 illaasum
2455 2275 2728 2348 absorpsit
2755 2285 2809 2334 et
2837 2281 3097 2334 evomuit.

2187 2475 2469 2547 NAHUM,
2511 2479 2828 2537 ELCESEI
2865 2481 3126 2550 FILIUS,
3166 2483 3278 2541 VII.

2033 2566 2484 2640 Assumptionem
2515 2572 2582 2628 de
2617 2573 2842 2630 interitu
2872 2574 3081 2632 Ninivae
3110 2577 3346 2633 visionis
3371 2577 3542 2649 hujus

1965 2659 2106 2715 liber
2125 2663 2529 2732 complectitur.
2554 2665 2900 2723 Vaticinatur
2916 2676 2971 2724 et
2997 2669 3358 2725 concionatur
3371 2673 3540 2726 etiam

1967 2749 2034 2806 de
2068 2749 2228 2808 festo.
2262 2752 2518 2812 Praedicit
2565 2766 2746 2814 autem
2801 2759 2859 2814 in
2900 2773 2964 2814 ea
3009 2759 3076 2815 de
3126 2758 3430 2827 Salvatore,
3470 2761 3539 2817 de

1969 2845 2183 2901 caeteris
2215 2847 2493 2916 omnibus,
2521 2865 2643 2921 qua:
2682 2851 2950 2908 adversus
2978 2851 3232 2910 Ninivam
3267 2860 3394 2911 sunt
3412 2893 3438 2918 ,π
3469 2853 3540 2912 de

1968 2936 2089 3005 ejus
2122 2935 2229 2994 ﬁne
2257 2938 2496 3012 denique
2521 2950 2576 2997 et
2601 2942 2824 3000 lsraelis
2853 2944 3115 3000 hostium.

2218 3115 2223 3119 1
2479 3054 2805 3112 ABBACUM
2825 3097 2841 3124 ,
2881 3055 3020 3113 VIII.

2044 3137 2488 3212 Assumptionem
2539 3156 2594 3202 et
2640 3147 2731 3201 hic
2789 3148 3024 3206 intuitus
3057 3159 3161 3206 est.
3197 3148 3542 3206 Vaticinatur

1969 3240 2149 3289 autem
2184 3234 2322 3292 fusis
2349 3237 2568 3310 quidem
2607 3240 2862 3310 precibus
2890 3239 3400 3315 Hierosolymitanae
3443 3257 3538 3296 ur-

1970 3326 2056 3383 bis
2077 3329 2299 3383 nomine
2328 3347 2340 3383 :
2374 3328 2470 3384 sed
2498 3330 2565 3384 de
2590 3329 2889 3388 Salvatoris
2924 3333 3162 3390 adventu
3199 3334 3538 3405 pronuntiat.

1971 3417 2114 3473 Dicit
2142 3435 2274 3475 vero
2297 3429 2352 3475 et
2381 3437 2502 3492 qua:
2533 3425 2920 3494 spernentibus
2936 3435 3198 3482 eventura
3215 3435 3364 3484 sunt.
3382 3425 3542 3481 Post-

1972 3526 2035 3567 ea
2080 3523 2386 3583 scquuntur
2430 3530 2622 3586 preces
2681 3532 2804 3572 cum
2835 3519 3075 3584 cantico,
3107 3519 3164 3573 in
3193 3535 3302 3590 quo
3325 3519 3433 3573 tria
3453 3532 3545 3574 re-

1973 3605 2154 3674 perias
2179 3606 2458 3677 prophetae
2474 3608 2858 3680 diapsalmata,
2889 3609 3192 3666 Salvatoris
3222 3611 3540 3676 adventum,

1973 3707 2026 3752 et
2054 3714 2218 3768 quam
2265 3701 2332 3756 de
2365 3711 2540 3758 morte
2585 3705 2870 3759 victoriam
2914 3703 3145 3774 adeptus
3187 3712 3295 3769 est,
3340 3706 3546 3761 decan-

1973 3791 2158 3846 tantis.

2227 3905 2614 3963 SOPHONIAS
2652 3904 2860 3961 CHUSI
2902 3904 3161 3973 FILIUS,
3203 3905 3293 3962 IX.

2047 3998 2246 4055 Iisdem
2302 4000 2408 4055 iste
2441 4007 2497 4054 et
2542 3997 2843 4055 Hieremias
2875 4000 3132 4056 vixerunt
3178 3999 3542 4069 temporibus.

1975 4089 2150 4146 Ambo
2175 4091 2322 4146 enim
2352 4090 2633 4145 vaticinati
2669 4099 2818 4155 sunt,
2851 4105 2975 4145 cum
3006 4090 3162 4146 Judaa
3187 4105 3418 4161 regnum
3452 4088 3548 4145 Jo-

1976 4183 2088 4238 sias
2117 4190 2345 4238 teneret.
2378 4181 2578 4238 Factus
2627 4191 2711 4238 est
2762 4189 2943 4238 autem
2991 4198 3172 4238 sermo
3217 4181 3435 4239 Domini
3477 4182 3547 4237 ad

1977 4275 2193 4345 ipsum,
2247 4292 2557 4347 munusque
2604 4290 2765 4332 suum
2810 4275 2866 4329 in
2901 4273 3266 4340 Hierusalem,
3323 4282 3548 4345 totoque

1978 4364 2116 4420 Juda
2150 4367 2306 4423 obiit.
2359 4366 2620 4422 Praedixit
2662 4367 2828 4423 etiam
2886 4366 2954 4423 de
3004 4375 3239 4423 venturo
3297 4366 3407 4431 die,
3451 4365 3548 4437 qui

1979 4474 2211 4530 magnus
2243 4460 2464 4525 dicitur,
2489 4477 2600 4530 quo
2629 4459 2773 4516 idola
2797 4459 2982 4515 omnia
3008 4459 3226 4530 lucique
3257 4459 3546 4523 tollentur;

301 4556 392 4594 νον
439 4541 533 4593 καὶ
561 4539 788 4594 κοπετὸν
821 4539 1120 4610 γίγνεσθαι.
1156 4537 1495 4610 Προφητεύει
1532 4538 1590 4590 δὲ
1623 4539 1716 4591 καὶ
1744 4540 1866 4610 περὶ

1982 4552 2125 4606 unde
2160 4553 2338 4607 luctus
2366 4560 2421 4607 et
2450 4553 2721 4608 clamores
2753 4552 2910 4606 multi
2960 4551 3154 4606 futuri.
3206 4549 3551 4607 Vaticinatur

301 4631 396 4685 τοῦ
418 4630 689 4702 Σωτῆρος,
725 4633 819 4685 καὶ
848 4632 946 4703 τῆς
970 4633 1331 4695 ἀναστάσεως,
1363 4631 1426 4700 ἦν
1449 4629 1512 4682 δι’
1547 4631 1692 4701 ἡμᾶς
1714 4634 1871 4684 ποιεῖ.

304 4725 415 4778 Καὶ
456 4723 600 4778 κατὰ
620 4723 798 4793 Γάζης
824 4725 918 4777 καὶ
951 4723 1307 4787 Ἀσκάλωνος,
1355 4724 1448 4776 καὶ
1478 4721 1730 4787 Ἀζώτου,
1783 4724 1878 4777 καὶ

305 4817 405 4887 τῆς
448 4817 752 4887 Ἀκκάρων,
787 4818 880 4869 καὶ
918 4817 1058 4870 κατὰ
1105 4815 1300 4879 Μωὰϐ,
1349 4815 1441 4868 καὶ
1493 4813 1736 4886 Ἀμμὼν,
1786 4815 1878 4868 καὶ

308 4907 450 4961 κατὰ
481 4907 793 4979 Δαμασκοῦ,
828 4910 922 4962 καὶ
955 4907 1097 4962 κατὰ
1124 4909 1346 4978 Νινευῆ,
1370 4908 1465 4961 καὶ
1497 4907 1638 4962 κατὰ
1660 4908 1767 4961 τῶν
1788 4908 1879 4963 Αἰ-

310 5001 532 5057 θιόπων.

893 5117 1199 5180 ΑΓΓΑΙΟΣ,
1240 5117 1296 5169 I'.

379 5200 548 5272 Οὗτος
582 5209 718 5280 μετὰ
745 5209 845 5280 τὴν
872 5209 1247 5280 αἰχμαλωσίαν
1276 5210 1334 5261 ὲν
1361 5211 1427 5279 τῇ
1458 5209 1698 5281 ὲπανόδῳ
1725 5211 1782 5262 ὲν
1812 5212 1878 5281 τῇ

320 5299 692 5372 Ἰερουσαλὴμ,
719 5303 811 5355 ἐπὶ
829 5303 1054 5375 Δαρείου
1077 5300 1338 5371 βασιλέως
1357 5301 1602 5373 Περσῶν,
1632 5302 1880 5373 δευτέρου

311 5390 465 5458 ἔτους
502 5395 688 5460 αὐτοῦ,
734 5395 810 5466 τῷ
845 5396 986 5466 ἕκτῳ
1021 5395 1150 5466 μηνὶ
1187 5395 1427 5463 γέγονεν.
1465 5397 1634 5464 Λόγος
1676 5396 1880 5468 Κυρίου

312 5485 525 5553 ἐγένετο
555 5489 611 5542 ἐν
639 5489 784 5560 χειρὶ
811 5489 994 5554 αὐτοῦ,
1031 5489 1126 5541 καὶ
1165 5488 1494 5559 προφητεύει
1536 5489 1612 5562 τῷ
1646 5490 1881 5562 Ζοροϐά-

313 5577 426 5644 ϐελ,
470 5581 564 5634 καὶ
604 5581 682 5651 τῷ
740 5581 914 5651 Ἰησοῦ
958 5581 1036 5652 τῷ
1074 5579 1167 5633 τοῦ
1222 5581 1486 5646 Ἰωσεδὲκ,
1529 5583 1622 5636 καὶ
1664 5584 1742 5656 τῷ
1769 5581 1882 5653 λαῷ

412 5759 463 5830 l)
507 5757 767 5835 Sequitur
815 5761 1096 5835 Eusebius
1148 5763 1672 5835 interpretationem
1707 5763 1881 5833 LXX;

315 5828 526 5887 Hebraei
549 5828 680 5888 vero
703 5831 1055 5904 quadraginta
1083 5828 1308 5893 habent."
1335 5835 1549 5893 Videsis
1573 5833 1629 5890 S.
1647 5828 1882 5902 August.

1979 4661 2108 4701 vero
2160 4647 2324 4700 etiam
2353 4645 2420 4700 de
2451 4646 2571 4716 ipso
2602 4643 2909 4708 Salvatore,
2944 4644 3120 4714 deque
3149 4643 3271 4714 ejus
3298 4645 3351 4697 in
3383 4644 3548 4696 vitam

1980 4737 2180 4802 reditu,
2217 4738 2314 4807 qui
2350 4738 2420 4791 ab
2450 4752 2514 4791 eo
2543 4739 2718 4793 nostri
2765 4752 2934 4792 causa
2966 4737 3144 4793 factus
3185 4745 3290 4794 est.
3327 4736 3467 4790 Sunt
3499 4741 3553 4789 et

1977 4833 2098 4901 ejus
2126 4831 2384 4886 vaticinia
2415 4833 2472 4885 in
2501 4830 2725 4895 Gazam,
2753 4831 2808 4884 in
2833 4831 3183 4893 Ascalonem,
3211 4831 3268 4885 in
3294 4830 3548 4894 Azotum,

1979 4926 2035 4978 in
2070 4925 2340 4989 Accaron,
2376 4925 2430 4977 in
2467 4923 2646 4992 Moab,
2677 4924 2734 4978 in
2761 4924 3016 4990 Ammon,
3042 4923 3098 4979 in
3124 4923 3470 4989 Damascum,
3497 4923 3552 4976 in

1980 5013 2257 5080 Ninivam,
2291 5013 2346 5067 in
2379 5011 2690 5084 IEtbiopas.

2551 5121 2886 5189 AGG/EUS,
2922 5122 2990 5178 Χ.

2054 5213 2182 5269 Fuit
2214 5214 2317 5270 iste
2347 5224 2470 5285 post
2502 5215 2900 5284 captivitatem,
2935 5229 3058 5270 cum
3091 5216 3325 5285 p0pulus
3356 5213 3558 5269 Hieru-

1987 5305 2158 5363 salem
2186 5305 2464 5372 rediisset,
2503 5304 2648 5359 Darii
2706 5307 2852 5376 regis
2900 5321 3046 5360 anno
3076 5305 3336 5367 secundo,
3368 5321 3558 5361 mense

1986 5406 2160 5453 sexto.
2200 5395 2401 5452 Factus
2441 5408 2524 5452 est
2553 5404 2735 5452 autem
2777 5412 2960 5452 sermo
3002 5395 3216 5451 Domini
3275 5397 3330 5451 in
3390 5413 3558 5450 manu

1985 5490 2180 5559 ipsius,
2212 5489 2657 5559 vaticinatusque
2696 5497 2781 5545 est
2813 5489 3158 5552 Zorobabeli,
3199 5496 3255 5545 et
3301 5488 3430 5547 Jesu
3462 5487 3582 5559 εἰοοὲ

1987 5581 2168 5636 sedeci
2226 5581 2361 5647 ﬁlio,
2411 5583 2724 5653 populoque
2771 5580 2874 5649 ipsi
2929 5580 2997 5635 de
3053 5578 3556 5654 Hierosolymorum

1984 5762 2062 5818 De
2102 5761 2310 5816 civitate
2339 5759 2456 5823 Dei.
2488 5760 2583 5816 lib.
2614 5774 2770 5826 xvm,
2801 5773 2831 5813 c
2883 5759 2974 5814 Mr.

2058 5833 2134 5900 (2)
2176 5832 2317 5890 Edit.
2343 5830 2578 5888 Curterii
2600 5830 2839 5900 χιμῶνος
2869 5830 3048 5887 habet.
3089 5827 3245 5885 Enn.
3277 5827 3530 5889 Pyram.
