3856 6226
278 363 413 420 1267

964 355 1232 412 EUSEBII
1270 345 1748 412 CESARIENSIS
1785 341 1940 400 OPP.
1982 340 2166 397 PARS
2201 340 2362 398 III.——
2394 336 2802 394 EXEGETICA.

3375 333 3514 388 1268

273 485 696 548 instauratione,
731 481 797 537 de
840 482 1158 538 umbrarum
1194 481 1324 536 item
1356 477 1620 544 transitu,
1667 474 1842 546 deque

1960 469 2071 539 τερὶ
2094 470 2191 539 τῆς
2222 466 2510 536 οἰκοδομῆς
2535 466 2635 535 τῆς
2678 459 3050 534 Ἰερουσαλήμ·
3092 457 3427 530 προφητεύει
3459 457 3518 509 δὲ

273 581 518 651 gentium
543 577 850 633 vocatione.

521 750 912 808 ZACHARIAS
951 749 1180 805 SADDO
1217 747 1474 816 FILIUS,
1513 745 1605 801 XI.

344 843 685 899 Vaticinatus
707 851 791 899 est
819 852 872 898 et
894 843 994 897 iste
1011 857 1152 896 anno
1184 840 1326 894 Darii
1353 839 1614 904 secundo,
1640 855 1846 895 mense-

275 954 379 1008 que
392 949 584 992 octavo
609 936 787 991 factus
812 943 892 990 est
914 950 1096 991 sermo
1111 932 1326 988 Domini
1352 934 1417 988 ad
1443 933 1620 1003 ipsum
1641 951 1652 986 :
1678 933 1733 986 in
1753 947 1846 986 eo-

275 1046 381 1100 que
398 1029 613 1084 Domini
630 1030 845 1083 Iocutus
861 1035 946 1083 est
974 1026 1220 1097 angelus.
1250 1025 1448 1097 Dirigit
1467 1040 1632 1096 porro
1659 1025 1724 1078 ad
1749 1039 1839 1094 pa-

276 1130 388 1178 tres
409 1121 746 1176 Hierusalem
766 1121 1008 1176 visiones
1041 1134 1170 1174 suas
1190 1134 1327 1188 quas
1351 1118 1552 1173 multas
1579 1133 1643 1170 ac
1665 1117 1845 1171 varias

273 1218 444 1274 videt.
477 1217 702 1273 Disserit
728 1222 909 1270 autem
933 1214 1146 1284 prolixa
1169 1213 1416 1268 oratione
1444 1212 1511 1267 de
1544 1211 1844 1275 Salvatore,

272 1323 328 1370 et
356 1312 627 1382 signiﬁcat
652 1307 904 1364 eumdem
932 1308 1100 1362 asinae
1137 1306 1366 1376 ejusque
1414 1307 1562 1376 pullo
1604 1304 1846 1361 insiden-

272 1414 382 1462 tem
415 1411 707 1460 venturum
741 1418 884 1456 esse.

764 1491 1162 1546 MALAGHIAS
1181 1531 1196 1555 ,
1236 1488 1352 1543 XII.

342 1585 469 1642 Fuit
501 1594 555 1641 et
597 1585 702 1642 iste
747 1585 913 1640 etiam
960 1594 1082 1654 post
1127 1583 1499 1653 captivitatem
1555 1578 1719 1633 Dario
1763 1593 1848 1632 re-

272 1685 490 1745 gnante.
528 1675 874 1730 Vaticinatur
907 1683 1088 1728 autem
1124 1671 1549 1741 assumptioncm
1575 1669 1848 1725 sermonis

272 1769 485 1825 Domini
513 1768 567 1822 in
599 1783 763 1822 manu
797 1766 973 1836 angeli
1005 1767 1088 1821 sui
1122 1809 1133 1820 .
1169 1766 1224 1818 in
1255 1780 1364 1835 qua
1393 1763 1572 1833 arguit
1593 1762 1845 1818 lsraelem

273 1861 776 1932 transgressionum
809 1860 1046 1921 nomine,
1073 1866 1126 1912 et
1155 1866 1397 1920 accusat,
1427 1856 1572 1925 quod
1605 1855 1846 1909 decima-

271 1970 393 2010 rum
426 1961 480 2008 et
508 1966 811 2024 pauperum
835 1966 1022 2005 curam
1047 1965 1156 2004 non
1174 1950 1390 2004 habeat.
1425 1947 1658 2003 Disserit
1681 1947 1846 2002 etiam

271 2045 341 2100 de
397 2045 486 2099 die
535 2044 770 2115 judicii,
816 2043 884 2098 de
945 2040 1245 2095 Salvatoris
1304 2038 1612 2109 splendore,
1673 2037 1848 2107 deque

272 2136 404 2196 Elia:
437 2143 563 2192 ante
592 2137 713 2207 ejus
747 2135 1039 2189 adventum
1069 2133 1351 2188 missione.

691 2388 913 2444 ISAIAS
952 2385 1181 2442 FILIUS
1219 2383 1425 2439 AMOS.

344 2484 450 2538 Iste
481 2489 536 2536 et
559 2480 700 2536 Osee
735 2480 898 2552 (sicut
924 2495 954 2534 a
987 2495 1072 2533 me
1100 2476 1307 2531 dictum
1331 2485 1413 2531 est
1439 2474 1621 2543 antea)
1652 2474 1844 2529 iisdem

275 2574 578 2628 ﬂoruerunt
611 2572 970 2641 temporibus.
1012 2567 1161 2621 Vixit
1193 2568 1340 2622 enim
1393 2567 1484 2620 hic
1523 2564 1675 2630 Ozia,
1721 2564 1846 2618 Joa-

276 2667 484 2729 thamo,
516 2665 757 2728 Achazo,
791 2671 846 2718 et
873 2662 1105 2716 Ezechia
1133 2658 1333 2714 Iudaeae
1378 2674 1604 2729 regnum
1653 2665 1845 2710 tenen-

277 2757 442 2810 tibus.
477 2754 757 2810 Visionem
790 2761 972 2807 autem
1002 2752 1256 2814 intuitus,
1289 2749 1618 2802 vaticinatus
1647 2757 1728 2802 est
1752 2745 1849 2799 ad-

273 2862 470 2902 versus
530 2845 770 2900 Iudaeam
831 2853 882 2898 et
933 2842 1299 2898 Hierusalem.
1342 2839 1542 2894 Factus
1603 2847 1687 2894 est
1720 2853 1848 2892 vero

275 2955 461 2996 sermo
488 2938 709 2992 Domini
743 2937 809 2991 ad
849 2938 1027 3007 ipsum
1061 2937 1313 3006 bonaque
1346 2934 1517 3004 ipsius
1551 2933 1849 3004 prophetiae

279 3047 408 3102 pars
439 3031 667 3085 nuntius
686 3037 769 3086 est
800 3029 1023 3099 quidam
1055 3027 1121 3084 de
1150 3027 1310 3082 Verbi
1338 3027 1430 3082 Dei
1458 3027 1717 3088 adventu,
1754 3025 1848 3080 de-

277 3138 384 3192 que
419 3123 486 3176 iis
521 3138 641 3192 qua:
662 3130 853 3177 nostro
885 3123 1108 3176 nomine
1138 3137 1333 3191 passus
1365 3128 1469 3176 est.
1507 3117 1849 3173 Vaticinatur
1875 3143 1918 3202 α

277 3219 458 3266 autem
487 3211 554 3266 de
586 3211 844 3282 gentibus
890 3227 1012 3280 quae
1057 3218 1362 3281 sequuntur
1395 3229 1408 3264 :
1445 3209 1709 3264 adversus
1742 3210 1812 3263 Ba

276 3302 556 3372 bylonem;
579 3301 634 3356 in
658 3302 1008 3372 alienigenas,
1041 3310 1094 3356 et
1119 3301 1384 3358 adversus
1413 3301 1762 3363 Damascum,
1793 3301 1845 3353 in

280 3392 598 3463 Egyptum,
647 3391 702 3446 in
745 3391 1060 3455 Idumazam,
1108 3391 1162 3445 in
1200 3392 1395 3446 vallem
1429 3390 1634 3454 Sionis,
1668 3391 1724 3444 in
1751 3391 1849 3460 Ty-

275 3501 421 3552 rum,
456 3492 581 3555 post
621 3501 744 3555 qua:
778 3485 1029 3555 sequitur
1059 3486 1198 3540 visio
1233 3485 1670 3556 quadrupedum,
1729 3499 1849 3554 qua:

278 3587 408 3635 sunt
438 3579 490 3633 in
532 3593 737 3634 eremo.
781 3576 981 3632 Narrat
1010 3587 1064 3633 et
1102 3578 1494 3634 Sennacherim
1544 3577 1850 3648 expeditio-

275 3687 422 3735 nem,
469 3679 522 3726 et
556 3673 817 3742 Rapsacae
854 3671 1234 3741 jactationem,
1270 3670 1723 3742 excidionemque
1752 3686 1846 3726 eo-

276 3776 420 3822 rum,
452 3767 506 3816 et
536 3760 838 3816 interitum.
855 3760 1020 3815 Addit
1036 3769 1092 3815 et
1114 3760 1356 3815 Ezechiae
1387 3762 1659 3824 morbum,
1682 3769 1852 3830 utque

277 3851 439 3904 morti
482 3850 786 3920 proximus,
820 3849 958 3905 fusis
991 3851 1058 3905 ad
1089 3849 1260 3905 Deum
1283 3851 1564 3921 precibus,
1599 3851 1654 3904 in
1684 3852 1848 3920 quin-

281 3945 456 4005 decim
513 3959 689 3998 annos
713 3942 836 3997 vita:
884 3943 990 3998 sibi
1021 3943 1462 4012 prorogationem
1514 3941 1848 4012 impetravit.

283 4033 626 4090 Yaticinatur
657 4050 821 4106 porro
853 4023 1228 4099 eunuchisfet
1269 4035 1544 4106 gentibus,
1577 4033 1760 4089 addito
1783 4032 1850 4088 ad

283 4128 443 4184 ﬁnem
473 4127 577 4181 diei
599 4127 828 4195 judicio.

556 4215 930 4272 IIIEREMIAS
967 4215 1285 4272 CHELCltE
1326 4215 1574 4280 FILIUS,

828 4308 876 4362 E
903 4309 1282 4363 sacerdotibus.

348 4402 478 4468 Iste,
507 4403 653 4472 quod
681 4402 832 4471 prius
867 4401 1000 4468 dixi,
1036 4409 1089 4456 et
1117 4400 1451 4470 Sophonias,
1478 4399 1671 4455 iisdem
1702 4400 1851 4455 vixe-

1942 561 2036 615 καὶ
2069 561 2196 631 περὶ
2226 562 2322 630 τῆς
2357 555 2734 629 παρελεύσεως
2764 553 2874 606 τῶν
2905 551 3092 617 σκιῶν,
3127 559 3224 606 καὶ
3256 550 3385 619 περὶ
3417 551 3518 618 τῆς

1942 654 2185 724 κλήσεως
2223 651 2329 704 τῶν
2358 649 2542 702 ἐθνῶν.

2246 740 2584 793 ΖΑΧΑΡΙΑΣ
2624 739 2781 793 ΥΙΟΣ
2817 735 3056 796 ΣΑΔΔΩ,
3097 736 3198 788 ΙΑ’.

2014 835 2124 888 Καὶ
2155 828 2305 896 οὗτος
2336 833 2414 904 τῷ
2456 833 2692 905 δευτέρῳ
2735 831 2844 884 ἔτει
2888 827 3112 900 Δαρείου
3155 823 3518 899 προφητεύει.

1959 928 2115 982 Ἀλλά
2160 927 2238 998 τῷ
2277 927 2445 996 ὀγδόῳ
2492 927 2621 996 μηνὶ
2662 924 2817 993 λόγος
2866 921 3069 994 Κυρίου
3115 921 3332 989 ἐγένετο
3382 917 3521 990 πρὸς

1945 1021 2126 1085 αὐτὸν,
2158 1019 2252 1072 καὶ
2278 1018 2504 1088 ἄγγελος
2534 1017 2736 1088 Κυρίου
2761 1015 2937 1069 ἐλάλει
2968 1016 3024 1066 ἐν
3057 1011 3227 1082 αὐτῷ,
3253 1011 3349 1064 καὶ
3388 1027 3524 1081 προ-

1947 1111 2168 1181 φητεύει
2201 1110 2337 1180 πρὸς
2379 1111 2506 1172 τοὺς
2543 1108 2826 1179 πατέρας,
2867 1107 2959 1160 καὶ
2999 1106 3098 1176 τὴν
3142 1103 3519 1175 Ἰερουσαλήμ.

1946 1200 2154 1264 Πολλὰς
2187 1199 2242 1253 δὲ
2269 1201 2363 1254 καὶ
2405 1199 2651 1262 ποικίλας
2690 1198 2909 1268 ὁράσεις
2938 1196 3144 1267 βλέπει,
3174 1198 3269 1250 καὶ
3301 1213 3521 1266 προφη-

1946 1291 2091 1345 τεύει
2122 1293 2250 1363 περὶ
2286 1291 2379 1345 τοῦ
2412 1291 2663 1362 Σωτῆρος
2694 1290 2784 1344 διὰ
2818 1289 3064 1352 πολλῶν,
3101 1290 3197 1342 καὶ
3238 1288 3523 1358 σημαίνων

1948 1385 2107 1438 αὐτὸν
2131 1382 2385 1455 ἔρχεσθαι
2417 1383 2509 1436 ἐπὶ
2544 1382 2660 1436 ὄνον
2691 1383 2785 1436 καὶ
2819 1381 3004 1434 πῶλον
3037 1379 3358 1448 ὑποζυγίου.

2469 1476 2828 1529 ΜΑΛΑΧΙΑΣ
2847 1515 2861 1539 ,
2897 1474 2996 1527 1Β’.

2016 1569 2126 1621 Καὶ
2175 1558 2328 1630 οὗτος
2388 1565 2525 1638 μετά
2576 1567 2674 1637 τὴν
2730 1566 3107 1636 αἰχμαλωσίαν
3158 1564 3383 1632 γέγονεν
3432 1562 3528 1615 ἐπὶ

1947 1660 2169 1732 Δαρείου
2255 1661 2448 1731 λῆμμα
2477 1660 2534 1712 δὲ
2563 1661 2720 1728 λόγου
2763 1661 2969 1731 Κυρίου
3011 1663 3068 1714 ἐν
3097 1660 3240 1730 χειρὶ
3287 1657 3528 1726 ἀγγέλου

1949 1750 2110 1803 αὑτοῦ
2154 1751 2248 1804 ἐπὶ
2273 1751 2366 1803 τὸν
2405 1749 2620 1822 Ἰσραὴλ
2649 1750 2998 1821 προφητεύει.
3048 1748 3323 1813 Ὀνειδίζει
3350 1749 3406 1801 δὲ
3433 1746 3532 1801 τδν

1959 1842 2174 1914 Ἰσραήλ
2201 1843 2292 1894 ἐπὶ
2320 1845 2440 1906 ταῖς
2470 1842 2810 1914 παραϐάσεσι
2832 1881 2847 1905 ,
2893 1843 2988 1894 καὶ
3013 1843 3287 1912 μέμφεται
3321 1841 3415 1892 ἐπὶ
3457 1841 3530 1912 τῇ

1947 1933 2174 2006 ἀμελείᾳ
2197 1934 2307 1988 τῶν
2331 1934 2570 1988 δεκάτων
2590 1975 2605 1998 ,
2642 1936 2736 1988 καὶ
2782 1934 2883 2003 τῆς
2915 1933 3053 2004 πρὸς
3099 1933 3223 1994 τοὺς
3275 1933 3531 2001 πτωχοὺς

1947 2026 2248 2090 κοινωνίας·
2291 2025 2622 2098 προφητεύει
2652 2026 2708 2078 δὲ
2742 2027 2872 2096 περὶ
2892 2024 2992 2094 τῆς
3032 2024 3240 2095 ἡμέρας
3271 2023 3371 2092 τῆς
3401 2021 3530 2092 κρί-

1949 2137 2120 2184 σεως,
2164 2120 2259 2174 καὶ
2301 2119 2402 2188 τῆς
2453 2118 2546 2172 τοῦ
2581 2119 2831 2190 Σωτῆρος
2863 2117 3242 2187 ἐπιλάμψεως,
3283 2117 3379 2168 καὶ
3424 2115 3536 2186 πρὸ

1945 2215 2044 2284 τῆς
2069 2213 2366 2284 παρουσίας
2385 2212 2478 2266 τοῦ
2504 2212 2754 2282 Σωτῆρος
2781 2209 3201 2265 ἀποστέλλεσθαι
3225 2208 3317 2260 τὸν
3342 2207 3532 2260 Ἠλίαν

1951 2304 2226 2374 σημαίνει.

2390 2395 2638 2446 ΗΣΑΙΑΣ
2675 2394 2832 2446 ΥΙΟΣ
2870 2392 3077 2446 ΑΜΩΣ.

2021 2479 2189 2550 Οὗτος
2223 2485 2318 2539 καὶ⁹
2363 2486 2553 2554 Ὠσηὲ,
2597 2483 2740 2536 καθὰ
2789 2486 3084 2555 προεῖπον,
3127 2481 3534 2551 συνεχρόνησαν

1950 2578 2232 2650 ἀλλήλοις·
2272 2578 2366 2631 καὶ
2405 2577 2514 2648 γὰρ
2563 2576 2656 2630 καὶ
2689 2571 2843 2638 οὗτος
2882 2576 2975 2628 ἐπὶ
3010 2574 3205 2638 Ὀζίου,
3247 2573 3340 2625 καὶ
3389 2573 3534 2624 Ἰωα-

1950 2671 2082 2741 θάμ,
2111 2671 2207 2724 καὶ
2240 2667 2438 2740 Ἀχάζ,
2472 2668 2568 2722 καὶ
2609 2667 2846 2738 Ἐζεχίου
2894 2665 3155 2738 βασιλέων
3194 2663 3394 2727 Ἰούδα,
3435 2662 3533 2731 γέ-

1950 2778 2141 2832 γονεν·
2178 2761 2368 2830 ὅρασιν
2415 2760 2471 2813 δὲ
2523 2757 2781 2828 ἑωρακὼς
2859 2756 3190 2828 προφητεύει
3242 2756 3386 2808 κατὰ
3429 2755 3534 2823 τῆς

1961 2853 2242 2916 Ἰουδαίας,
2273 2852 2365 2906 καὶ
2402 2850 2542 2905 κατά
2583 2849 2952 2922 Ἰερουσαλήμ.
3001 2849 3110 2901 Καὶ
3147 2847 3305 2916 λόγος
3328 2847 3387 2900 δὲ
3421 2847 3534 2898 Κυ-

1957 2946 2068 3018 ρίου
2103 2945 2240 3017 πρὸς
2275 2944 2436 2997 αὐτὸν
2473 2944 2663 3011 γέγονε
2685 2959 2697 2972 ·
2737 2942 2831 2995 καὶ
2874 2941 2934 2993 τὸ
2968 2940 3216 2993 πλεῖστον
3255 2938 3355 3007 τῆς
3394 2951 3535 3008 προ-

1953 3036 2178 3108 φητείας
2212 3035 2377 3089 αὐτοῦ
2430 3036 2578 3088 ἐστιν
2611 3031 2904 3101 εὐαγγελία
2957 3032 3084 3102 περὶ
3118 3029 3216 3098 τῆς
3263 3027 3533 3097 ἐνσάρκου

1956 3129 2256 3200 παρουσίας
2285 3127 2380 3180 τοῦ
2430 3127 2604 3194 Λόγου
2638 3125 2732 3177 τοῦ
2763 3124 2926 3187 Θεοῦ,
2970 3123 3062 3176 καὶ
3099 3115 3174 3174 ὧν
3202 3122 3267 3176 ἂν
3313 3118 3534 3184 ἐδέξατο

1955 3218 2020 3270 δι’
2054 3221 2200 3288 ἡμᾶς
2235 3215 2442 3271 παθών.
2474 3214 2810 3286 Προφητεύει
2835 3214 2891 3267 δὲ
2922 3215 3013 3266 καὶ
3042 3213 3133 3265 ἐπὶ
3166 3211 3291 3280 ἔθνη
3319 3209 3496 3262 ταῦτα
3516 3224 3533 3239 ·

1958 3312 2096 3364 κατὰ
2148 3309 2464 3373 Βαϐυλῶνος
2487 3351 2502 3375 ,
2549 3311 2641 3362 ἐπὶ
2681 3309 2808 3371 τοὺς
2846 3306 3206 3374 ἀλλοφύλους,
3250 3302 3394 3357 κατά
3427 3305 3535 3354 Δα-

1961 3402 2193 3472 μασκοῦ,
2228 3403 2420 3475 ὅρασιν
2463 3401 2772 3471 Αἰγύπτου,
2822 3401 3006 3470 ὅραμα
3049 3397 3149 3466 τῆς
3190 3394 3532 3465 Ἰδουμαίας,

1955 3499 2136 3569 ὅραμα
2171 3499 2271 3568 τῆς
2313 3497 2596 3566 φάραγγος
2646 3492 2816 3555 Σιὼν,
2873 3493 3058 3563 ὅραμα
3088 3490 3299 3560 Τύρου,
3342 3489 3536 3558 ὅρασιν
3565 3559 3578 3570 ,

1956 3591 2064 3645 τῶν
2091 3589 2434 3662 τετραπόδων
2477 3588 2583 3642 τῶν
2604 3591 2660 3640 ἐν
2692 3589 2758 3658 τῇ
2796 3587 3011 3656 ἐρήμῳ.
3039 3584 3318 3652 Διηγεῖται
3350 3581 3410 3632 δὲ
3438 3579 3536 3630 καὶ

1956 3686 2054 3756 τὴν
2079 3683 2264 3752 ἔφοδον
2309 3680 2696 3752 Σεμναχηρεὶμ
2717 3720 2731 3743 ,
2766 3678 2861 3731 καὶ
2895 3675 3164 3744 Ῥαψάκου
3193 3673 3292 3744 τὴν
3333 3669 3535 3734 ἀλαζο-

1957 3777 2094 3840 νίαν,
2125 3775 2222 3847 τήν
2255 3791 2316 3826 τε
2362 3773 2570 3826 πτῶσιν
2615 3772 2709 3825 καὶ
2758 3769 3034 3824 ἀπώλειαν
3069 3766 3278 3820 αὐτῶν·
3317 3766 3412 3818 καὶ
3452 3765 3537 3816 ὅτι

1957 3870 2185 3939 νοσήσας
2223 3866 2499 3930 Ἐζεκίας,
2538 3865 2632 3917 καὶ
2682 3862 2887 3934 μέλλων
2936 3858 3338 3930 ἀποθνήσκειν,
3373 3856 3538 3920 είδξά-

1961 3977 2120 4032 μενος
2149 3956 2467 4030 προσθήκην
2495 3955 2652 4026 ἔσχεν
2684 3953 2818 4007 ἐτῶν
2844 3952 3159 4006 δεκαπέντε.
3190 3949 3537 4022 Προφητεύει

1956 4053 2012 4104 δὲ
2044 4051 2139 4105 καὶ
2167 4048 2473 4119 εὐνούχοις,
2508 4048 2604 4102 καὶ
2631 4049 2741 4110 τοῖς
2765 4045 2943 4098 ἔθνεσι
2995 4046 3053 4098 ἐν
3097 4042 3175 4114 τῷ
3218 4043 3366 4096 τέλει
3407 4041 3541 4113 περὶ

1956 4145 2054 4215 τῆς
2085 4141 2296 4214 ἡμέρας
2331 4140 2432 4210 τῆς
2464 4139 2717 4212 κρίσεως.

2266 4231 2593 4286 ΙΕΡΕΜΙΑΣ
2647 4232 2688 4284 Ο
2729 4229 2866 4283 ΤΟΥ
2901 4227 3232 4291 ΧΕΛΧΙΟΥ,

2497 4323 2554 4374 Ἐ
2558 4340 2592 4375 κ
2624 4321 2743 4375 τῶν
2773 4319 2995 4388 ἱερέων.

2031 4412 2220 4481 Οὗτος,
2251 4415 2394 4471 καθά
2420 4416 2698 4486 προεῖπον,
2733 4413 2829 4466 καὶ
2861 4411 3122 4482 Σοφονίας
3147 4410 3542 4481 συνεχρόνισαν

277 4504 408 4550 runt
460 4495 822 4564 temporibus,
886 4494 980 4549 sed
1037 4495 1239 4548 mansit
1287 4492 1590 4549 Hieremias
1631 4492 1697 4547 ad
1734 4490 1849 4548 Joa-

1960 4512 2169 4572 ἑαυτοῖς
2189 4525 2204 4539 ·
2240 4507 2539 4579 παρέμεινε
2573 4505 2631 4558 δὲ
2662 4497 2818 4568 οὗτος
2852 4505 2957 4568 ἓως
2999 4503 3273 4572 Ἰωακεὶμ,
3303 4507 3402 4556 καὶ
3431 4502 3540 4565 ἓως

277 4589 480 4643 cimum
521 4603 712 4657 usque,
745 4595 800 4642 et
833 4587 1182 4641 undecimum
1218 4585 1457 4641 Sedeciae
1505 4585 1674 4664 Iuda}.
1707 4588 1852 4656 regis

281 4693 506 4740 annum,
560 4678 612 4732 id
647 4685 732 4734 est
762 4677 830 4731 ad
877 4678 1063 4748 populi
1093 4695 1268 4749 usque
1301 4679 1692 4749 captivitatem.
1749 4677 1853 4730 Fa-

280 4779 428 4825 ctum
453 4778 537 4826 est
565 4778 746 4825 autem
793 4772 1018 4825 verbum
1054 4771 1269 4826 Domini
1311 4773 1378 4826 ad
1407 4787 1554 4839 eum,
1586 4780 1639 4827 et
1668 4771 1854 4828 multis

282 4861 783 4933 Hierosolymorum
809 4864 1126 4934 iniquitates
1157 4865 1358 4936 arguit,
1392 4865 1566 4936 deque
1613 4866 1769 4936 ipsis,
1804 4873 1858 4920 et

283 4954 352 5009 de
379 4955 626 5010 siccitate
663 4955 995 5011 vaticinatus
1026 4966 1130 5012 est.
1175 4956 1435 5012 Praedixit
1476 4960 1602 5014 item
1633 4959 1701 5014 de
1731 4958 1856 5012 Ela-

286 5049 439 5104 mitis
465 5051 742 5120 gentibus,
794 5048 1019 5120 foreque
1052 5060 1109 5104 ut
1139 5050 1411 5122 Egyptus
1445 5066 1475 5104 a
1525 5067 1651 5122 rege
1681 5051 1856 5122 Baby-

282 5144 434 5197 lonio
459 5145 892 5200 exscinderetur.
925 5144 1149 5199 Addidit
1175 5154 1229 5199 et
1268 5146 1608 5216 prophetiam
1659 5147 1716 5200 in
1754 5145 1856 5200 Ba-

285 5238 559 5305 bylonem,
592 5247 645 5292 et
677 5252 987 5292 sermonem
1019 5252 1178 5310 quem
1214 5237 1406 5291 habuit
1428 5237 1586 5307 jussu
1618 5235 1854 5302 Domini,

284 5330 353 5386 ad
387 5328 631 5386 Saraiam
664 5331 838 5386 Neria:
890 5332 1084 5396 lilium,
1131 5331 1198 5386 ad
1243 5331 1556 5396 Idumzeam,
1609 5330 1677 5384 ad
1718 5330 1857 5385 filios

286 5423 544 5485 Ammon,
575 5431 630 5480 et
653 5422 720 5477 ad
745 5422 923 5478 Cedar
945 5424 1187 5494 reginam
1217 5424 1356 5477 aulae
1387 5438 1551 5493 quam
1583 5423 1857 5492 percussit

282 5513 758 5579 Nabugodonosor
788 5531 880 5570 rex
923 5516 1238 5586 Babylonis.
1292 5515 1601 5585 Alloquitur
1644 5525 1698 5571 et
1746 5515 1854 5569 Da-

287 5618 555 5666 mascum,
575 5615 628 5659 et
659 5605 816 5658 Moab
845 5617 898 5660 et
923 5605 1282 5670 Hierusalem,
1312 5617 1364 5660 et
1399 5604 1618 5670 Judam,
1649 5614 1704 5660 et
1725 5604 1860 5661 Rhe-

290 5692 597 5747 cabitarum
635 5697 919 5760 familiam,
954 5706 1008 5752 et
1050 5698 1288 5751 liliorum
1333 5695 1604 5762 Ionadab,
1653 5708 1707 5754 et
1762 5698 1860 5753 Ju-

292 5783 464 5846 αωοβ.
511 5785 602 5852 qui
679 5792 880 5839 terram
934 5785 1173 5859 Egypti,
1227 5787 1321 5856 qui
1377 5787 1701 5858 Magdalum,
1763 5791 1858 5862 qui

1956 4604 2239 4658 ἑνδεκάτου
2267 4600 2419 4663 ἔτους
2439 4600 2686 4653 Σεδεκίου
2715 4597 2978 4668 βασιλέως
2992 4597 3180 4663 Ἰούδα,
3199 4597 3306 4658 ἓως
3336 4598 3541 4665 αἰχμαο

1955 4695 2157 4757 λωσίας
2183 4691 2276 4746 τοῦ
2307 4691 2457 4746 λαοῦ.
2500 4691 2678 4761 Ῥῆμα
2697 4690 2754 4743 δὲ
2780 4689 2915 4743 Θεοῦ
2940 4688 3156 4757 ἐγένετο
3185 4688 3321 4758 πρὸς
3347 4687 3536 4751 αὑτὸν,

1955 4786 2029 4848 ὡς
2076 4783 2334 4854 ἐγεννήθη
2383 4781 2538 4850 λόγος
2565 4778 2768 4849 Κυρίου
2801 4778 2936 4849 πρὸς
2973 4776 3133 4829 αὐτόν
3155 4793 3168 4805 ·
3195 4777 3288 4828 καὶ
3322 4774 3537 4844 ἐλέγχει

1957 4876 2054 4939 τὰς
2101 4875 2312 4937 ἀδικίας
2357 4873 2456 4943 τῆς
2495 4869 2848 4942 Ἰερουσαλὴμ
2891 4867 2980 4922 διά
3031 4866 3268 4920 πολλῶν·
3315 4883 3536 4936 προφη-

1957 4967 2102 5019 τεύει
2144 4965 2200 5018 δὲ
2241 4966 2332 5018 ἐπὶ
2365 4961 2749 5034 Ἰερουσαλὴμ,
2777 4961 2871 5013 καὶ
2914 4959 3042 5030 περὶ
3090 4959 3191 5027 τῆς
3231 4955 3532 5027 ἀϐροχίας·

1958 5061 2050 5112 καὶ
2077 5059 2167 5110 ἐπὶ
2196 5058 2266 5110 τά
2297 5056 2421 5126 ἔθνη
2446 5055 2627 5124 Αἱλάμ
2665 5054 2759 5108 καὶ
2783 5050 2876 5104 τοῦ
2905 5050 3078 5103 ἐλθεῖν
3107 5049 3329 5118 βασιλέα
3358 5046 3540 5100 Βαϐυ-

1957 5151 2158 5213 λῶνος,
2205 5149 2299 5202 τοῦ
2348 5147 2576 5217 ἐκκόψαι
2638 5146 2737 5216 τὴν
2788 5145 2894 5214 γῆν
2938 5142 3245 5210 Αἰγύπτου·
3295 5140 3392 5192 καὶ
3445 5139 3542 5190 ἐπὶ

1965 5243 2286 5296 Βαϐυλῶνα·
2343 5240 2437 5294 καὶ
2511 5239 2702 5308 λόγος,
2765 5237 2824 5290 ὃν
2855 5235 3158 5290 ἐνετείλατο
3198 5231 3408 5303 Κύριος
3464 5229 3540 5299 τῷ

1968 5337 2209 5410 Ἱερεμίᾳ
2257 5335 2430 5386 είπεῖν
2469 5332 2546 5403 τῷ
2591 5329 2802 5402 Σαραία
2847 5327 2950 5398 υἱῷ
3007 5325 3252 5397 Νηρίου,
3309 5326 3408 5378 καὶ
3470 5325 3537 5392 τῇ

1973 5425 2244 5496 Ἰδουμαίᾳ
2271 5465 2287 5489 ,
2328 5423 2422 5475 καὶ
2453 5425 2565 5485 τοῖς
2617 5421 2750 5483 υἱοῖς
2787 5417 3044 5488 Ἀμμὼν,
3087 5416 3182 5468 καὶ
3226 5416 3292 5484 τῇ
3344 5412 3542 5484 Κηδὰρ

1965 5518 2252 5591 βασιλίσσῃ
2299 5515 2396 5586 τῆς
2435 5513 2636 5584 αύλῆς,
2679 5513 2746 5582 ἣν
2787 5509 3020 5573 ἐπάταξε
3064 5505 3539 5585 Ναϐουχρδονόσορ

1965 5590 2213 5682 βασιλεὺς
2235 5603 2568 5666 Βαϐυλῶνος,
2592 5602 2686 5655 καὶ
2709 5604 2774 5672 τῇ
2806 5595 3101 5670 Δαμασκῷ,
3124 5596 3219 5648 καὶ
3240 5597 3307 5664 τῇ
3338 5590 3534 5682 Μωάϐ,

1963 5677 2056 5754 καὶ
2086 5697 2179 5750 ἐπὶ
2215 5693 2587 5765 Ἰερουσαλὴμ,
2616 5692 2708 5746 καὶ
2742 5692 2834 5744 ἐπὶ
2889 5687 3111 5751 Ἰούδαν,
3152 5685 3247 5737 καὶ
3278 5685 3359 5747 είς
3389 5677 3534 5734 οἷκον

1934 5850 1939 5855 ,
1977 5787 2292 5862 Ῥηχαϐεὶμ,
2327 5786 2421 5845 καὶ
2472 5784 2577 5840 τῶν
2621 5783 2749 5840 υἱῶν
2803 5778 3053 5837 Ἰωναδάϐ
3077 5817 3092 5845 ,
3141 5778 3256 5840 τοῖς
3295 5791 3357 5829 τε
3401 5775 3530 5826 Ἰου-
