3856 6226
205 419 347 474 1269
1399 420 1497 475 nr:
1532 422 1710 477 vms
1746 409 2290 484 PROPH'ETARUM.
3328 431 3461 488 1270

203 537 404 601 δαίοις,
438 538 552 601 τοίς
596 538 943 593 κατοικοῦσιν
970 540 1028 593 ὲν
1065 544 1134 612 γῇ
1184 540 1488 611 Αἰγύπτου·
1524 544 1617 597 xui.
1666 546 1778 608 τοῖς

1913 545 2163 618 .‘aphnas,
2213 550 2417 622 quique
2479 547 2749 608 Patnures
2790 550 3070 623 regionem
3115 551 3458 617 incolebant;

208 627 538 700 καθημένοις
571 630 627 682 ὲν
660 629 935 701 Μαγδάλῳ
973 631 1068 685 xui.
1099 632 1191 685 ἐπὶ
1216 631 1436 703 Ταφνᾶς
1457 673 1471 697 ,
1500 635 1591 687 xui.
1623 636 1681 687 ἐν
1713 637 1784 707 γῇ

1913 637 2103 695 iaruch
2125 642 2382 713 denique,
2414 657 2539 698 cum
2564 643 2668 699 ista
2699 644 2768 699 ab
2793 658 2887 699 ore
2906 642 3194 700 Hieremiae
3211 653 3459 715 excepta,

206 720 514 792 Παθουρῆς.
546 721 690 792 Πρός
731 738 792 775 τε
835 721 926 776 τὸν
981 723 1215 797 Βαροὺχ,
1273 726 1362 779 ὅτε
1408 725 1614 798 ἔγραψε
1664 728 1788 790 τοὺς

1913 745 1946 783 n
1983 731 2124 786 libro
2156 732 2513 789 describeret.
2549 731 2748 789 Narrat
2781 749 2949 806 porro
3001 736 3105 792 sub
3149 734 3311 791 ﬁnem
3354 750 3466 807 quo

206 812 398 880 λόγους
425 812 649 877 τούτους
675 816 734 867 ὲν
758 812 836 885 τῷ
866 814 1053 885 βιϐλίῳ
1080 817 1186 871 ἀπὸ
1213 817 1479 888 στόματος
1502 819 1786 892 Ἰερεμίου.

206 901 459 973 Περιέχει
491 901 548 954 δὲ
598 902 658 956 τὸ
693 902 896 973 βιϐλίον
943 905 1036 957 ἐπὶ
1081 903 1267 969 τέλους
1289 949 1302 973 ,
1351 907 1434 960 ὅτι
1465 909 1516 960 οἰ
1548 909 1787 964 Ἰουδαῖοι

208 993 650 1057 ἐπιϐουλεύοντες
680 994 757 1065 τῷ
789 997 1062 1069 προφήτῃ,
1090 997 1321 1070 ἔρριψαν
1355 999 1517 1053 αὑτὸν
1543 1002 1622 1065 εἰς
1659 1002 1790 1056 λάκ-

208 1104 304 1140 κον
333 1085 612 1158 βορϐόρου,
630 1089 725 1141 xui.
740 1088 1062 1160 Ἀϐδεμέλεχ
1081 1090 1272 1161 Αἰθίοψ
1301 1092 1573 1164 ἀνήγαγεν
1606 1094 1784 1148 αὐτόν.

422 1227 526 1282 Διὰ
551 1228 608 1282 τί
636 1229 846 1300 Βαροὺχ
876 1228 1182 1300 ἐπιγράφει
1207 1230 1274 1285 τὸ
1300 1232 1585 1298 ,ϐιϐλίον;

292 1319 509 1391 Ἐπειδὴ
572 1315 729 1383 οὗτος
777 1321 994 1392 γράψας
1042 1323 1149 1375 ἀπὸ
1200 1322 1466 1394 στόματος
1521 1324 1788 1397 Ἱερεμίου

207 1411 334 1475 τοὺς
364 1413 422 1464 ἐν
450 1410 527 1482 τῷ
561 1411 749 1484 βιϐλίῳ
778 1412 969 1482 λόγους
989 1452 1004 1477 ,
1048 1412 1257 1483 ἀνέγνω
1291 1418 1401 1479 τοῖς
1432 1416 1488 1469 ὲν
1512 1418 1577 1487 τῇ
1610 1416 1788 1471 Βαϐυ-

1891 831 2053 895 pacto
2074 833 2362 895 exceptum
2408 841 2504 896 per
2536 825 2768 882 insidias
2817 827 3135 899 prophetam
3186 828 3244 884 in
3278 843 3467 885 emno-

1895 932 2015 972 sum
2055 918 2236 972 lacum
2276 917 2633 989 projecerint,
2668 919 2817 975 unde
2843 927 2926 976 est
2971 935 3068 992 per
3098 916 3464 978 Abdeme‘lech

1895 1009 2208 1082 Ethiopem
2238 1018 2536 1071 extractus.

2236 1231 2347 1289 Cur
2382 1232 2600 1288 Barucb
2637 1230 2832 1286 librum
2857 1231 3140 1286 inscribit?

1967 1326 2106 1393 Quia
2139 1341 2263 1397 quae
2296 1324 2604 1382 Hieremias
2630 1325 2886 1389 dictarat,
2917 1324 2977 1379 in
3016 1323 3160 1378 libro
3192 1336 3225 1376 a
3269 1337 3330 1379 se
3378 1321 3471 1379 de-

1895 1420 2105 1491 scripta
2131 1418 2371 1490 captivis
2403 1417 2547 1489 apud
2584 1415 2914 1487 Babylonem
2965 1413 3239 1480 recitavit,
3270 1426 3471 1471 conso-

207 1501 339 1556 λῶνι
371 1497 874 1573 αἰχμαλωτισθεῖσι,
912 1503 1404 1578 παραμυθούμενος
1436 1509 1664 1574 αὐτοὺς,
1696 1509 1790 1562 καὶ

1915 1527 2013 1568 aus
2044 1527 2142 1568 eos
2169 1519 2224 1566 et
2250 1509 2441 1565 auxilii
2471 1523 2622 1582 spem
2651 1523 2681 1562 a
2708 1506 2820 1564 Deo
2847 1506 3107 1561 nuntians

208 1595 677 1666 ἐπαγγελλόμενος
699 1596 883 1660 αὐτοῖς
905 1599 1005 1669 τὴν
1032 1599 1183 1669 παρά
1211 1598 1347 1651 Θεοῦ
1381 1599 1590 1653 ἐλπίδα.

420 1690 522 1742 Διὰ
549 1690 606 1742 τί
632 1689 832 1759 Θρῆνοι
859 1690 1168 1760 ἐπιπράρει
1197 1690 1264 1743 τὸ
1286 1692 1562 1756 βίϐ.1ιον;

295 1780 515 1852 Ἐπειδὴ
541 1782 666 1845 τοὺς
694 1781 885 1850 λόγους
922 1782 1145 1846 τούτους
1186 1781 1485 1854 ὲθρήνησεν
1524 1784 1788 1855 Ἱερεμίας

2086 1691 2263 1756 Quare
2301 1687 2747 1744 Lamentationes
2784 1685 2977 1741 librum
3014 1684 3298 1740 inscribit?

1970 1782 2111 1851 Quia
2144 1783 2334 1839 verbis
2363 1781 2487 1837 istis
2515 1779 3017 1851 Hierosolymorum
3063 1786 3116 1835 et
3169 1778 3355 1850 populi
3379 1778 3473 1849 qui

211 1869 463 1940 περὶτῆς
502 1870 875 1942 Ἰερουσαλὴμ,
915 1872 1003 1924 ὅτε
1046 1872 1218 1937 ἑάλω,
1255 1873 1349 1926 xui.
1387 1873 1791 1947 αἰχμαλωτίσθὴ

1913 1877 2152 1947 :aptivus
2185 1885 2304 1931 erat
2338 1874 2594 1931 miserias
2618 1875 2949 1932 lamentatus
2978 1883 3083 1931 est.

208 1960 243 2013 ὁ
261 1959 410 2024 λαός.

418 2052 524 2107 Διὰ
552 2054 617 2125 τί,
655 2053 938 2126 Ἐπιστολὴ
977 2053 1238 2126 Ἰερεμίου
1267 2058 1567 2122 καλεῖται;

296 2143 516 2216 Ἐπειδὴ
571 2146 773 2218 ταύτην
832 2146 1069 2218 ἔγραψεν
1117 2149 1384 2220 Ἱερεμίας
1445 2152 1558 2214 τοῖς
1619 2152 1676 2204 ὲν
1726 2152 1792 2222 τῇ

211 2237 590 2310 αἰχμαλωσίᾳ,
627 2238 769 2293 κατὰ
799 2238 908 2293 τῶν
958 2238 1191 2294 εἰδώλων
1219 2241 1653 2313 ἀσφαλιζόμενος
1699 2242 1796 2296 αὐ-

210 2329 372 2393 τοὺς,
427 2330 514 2382 ἵνα
551 2330 646 2400 μὴ,
688 2329 978 2400 βλέποντες
1029 2331 1202 2399 αὐτὰ,
1251 2333 1638 2405 συναπαχθῶσι
1684 2336 1796 2398 τοῖς

213 2418 529 2491 σεϐομένοις
560 2422 717 2474 αὐτά.

405 2532 747 2585 ἸΕΣΕΚΙΙΙΛ
775 2531 895 2605 (sic)
936 2532 1093 2587 ΥΙΟΣ
1132 2534 1334 2590 ΒΟΥΖΙ
1363 2535 1623 2589 ΙΕΡΕΩΣ.

287 2637 454 2707 Οὗτος
486 2645 543 2697 ὲν
566 2646 632 2714 τῇ
652 2644 995 2716 αἰχμαλωσίᾳ
1024 2645 1213 2713 γέγονε
1244 2646 1380 2718 μετά
1416 2647 1681 2718 Ἱερεμίαν
1706 2649 1799 2703 xu‘t

211 2732 292 2805 τῷ
322 2733 557 2805 πέμπτῳ
592 2734 700 2787 ἔτει
740 2735 839 2807 τῆς
863 2736 1242 2807 αἰχμαλωσίας
1292 2737 1549 2809 Ἰωακεὶμ
1596 2737 1800 2810 ἤρξατο

215 2825 598 2898 προφητεύειν.
655 2828 820 2896 Λόγος
845 2827 900 2881 δὲ
930 2829 1141 2900 Κυρίου
1180 2829 1394 2898 ἐγένετο
1428 2830 1565 2903 πρὸς
1597 2833 1757 2886 αὐτόν
1781 2849 1795 2864 ο

215 2919 312 2971 καὶ
347 2919 535 2989 ὅρασιν
582 2919 678 2989 μὲν
707 2918 940 2990 ὲξαρχῆς
988 2918 1126 2984 ζώου
1160 2921 1623 2994 τετραπροσώπου
1669 2922 1797 2979 θαυ-

219 3008 429 3079 μαστὴν
478 3008 573 3061 καὶ
618 3009 1137 3082 ὲκπληκτικωτάτην
1201 3012 1297 3065 xui.
1367 3012 1801 3084 δυσερμήνευτον

214 3100 337 3169 ὁρᾷ.
360 3099 700 3171 Προφητεύει
743 3101 800 3153 δὲ
839 3103 930 3154 ἐπὶ
971 3103 1086 3165 τοὺς
1116 3104 1399 3174 προφήτας
1428 3104 1523 3157 τοῦ
1563 3105 1798 3177 Ἰσραὴλ,

2197 2051 2308 2107 Cur
2344 2050 2586 2121 Epistola
2616 2049 2905 2106 Hieremiae
2935 2050 3132 2115 dicitur
3152 2052 3178 2105 ?

1972 2143 2112 2211 Quia
2153 2143 2327 2215 ipsam
2367 2142 2591 2213 scripsit
2623 2138 2927 2197 Hieremias
2956 2139 3024 2195 ad
3062 2139 3338 2209 captivum
3375 2151 3475 2208 pov

1900 2236 2120 2307 pulum,
2176 2242 2237 2287 ut
2285 2231 2537 2288 eumdem
2575 2230 2839 2289 adversus
2893 2230 3039 2286 idola
3088 2230 3474 2298 conlirmaret,

1898 2346 1969 2385 ne
2015 2328 2110 2399 qui
2154 2328 2273 2398 ipsa
2320 2327 2700 2393 intuebantur,
2740 2324 2809 2380 ad
2841 2339 3032 2381 eorum
3073 2324 3316 2390 cultum,
3346 2335 3474 2377 cum

1899 2422 1968 2478 iis
2001 2435 2034 2474 a
2066 2420 2278 2490 quibus
2311 2419 2654 2483 colebantur,
2690 2423 3019 2488 raperentur

2047 2533 2386 2592 EZECHIEL
2422 2533 2582 2592 BUSI
2618 2529 3051 2589 SACERDOTIS
3084 2528 3332 2587 FILIUS.

1975 2648 2099 2704 Fuit
2152 2648 2243 2703 hic
2292 2648 2625 2719 captivitatis
2656 2654 2900 2718 tempore
2948 2652 3072 2718 post
3118 2644 3472 2714 Hieremiam,

1903 2757 2158 2813 annoque
2198 2741 2391 2812 quinto
2427 2738 2659 2796 Joacimi
2697 2740 3032 2811 captivitatis
3083 2739 3248 2810 erepit
3286 2737 3477 2792 vatici-

1903 2836 2048 2891 nari.
2085 2834 2284 2890 Factus
2311 2844 2397 2891 est
2424 2840 2606 2889 autem
2648 2848 2864 2897 sermo,
2901 2831 3044 2887 facta
3087 2831 3216 2885 item
3257 2827 3475 2884 Domini

1901 2944 2100 2984 manus
2153 2928 2218 2982 ad
2265 2942 2411 2992 eum,
2461 2925 2837 2994 visionemque
2869 2923 3023 2977 initio
3085 2920 3478 2993 quadriformis

1905 3019 2162 3075 animalis
2217 3018 2351 3072 vidit
2409 3015 2712 3071 mirabilem
2767 3014 3115 3083 maximeque
3176 3011 3478 3067 formidan-

1905 3113 2030 3167 dam
2054 3150 2070 3176 ,
2103 3117 2158 3166 et
2192 3108 2562 3180 explicatione
2587 3105 2883 3162 dilﬁcilem.
2918 3103 3266 3160 Vaticinatur
3295 3110 3478 3159 autem

216 3192 313 3242 xui.
330 3208 397 3289 πε
406 3192 457 3261 pi.
472 3191 566 3244 τοῦ
585 3190 742 3256 ξύλου
770 3193 867 3264 τῆς
888 3193 1158 3264 ἀμπέλου,
1182 3195 1275 3248 xui.
1291 3194 1535 3267 διήγημα
1561 3196 1798 3268 περὶτοῦ

1913 3204 1965 3258 in
2017 3202 2314 3273 prophetas
2364 3198 2567 3263 Israel,
2611 3200 2788 3269 deque
2827 3198 2978 3269 ligno
3014 3197 3164 3253 vitis.
3208 3195 3374 3252 Addit
3425 3202 3480 3251 et

217 3278 398 3343 ἀετοῦ,
431 3282 523 3333 καὶ
567 3281 995 3353 διαμαρτύρεται
1058 3286 1114 3354 τῇ
1163 3284 1514 3357 Ἰερουσαλὴμ
1546 3284 1644 3349 τὰς
1673 3287 1799 3339 ἀνο-

219 3372 372 3443 μίας,
407 3372 624 3436 καὶτὰς
656 3374 926 3445 ἁμαρτίας
987 3376 1155 3447 αὐτῆς
1177 3395 1189 3406 ·
1239 3376 1367 3448 περί
1391 3395 1452 3430 τε
1491 3378 1587 3449 τῆς
1624 3395 1802 3449 παρα-

219 3462 401 3532 ϐολῆς,
445 3461 512 3536 ἧς
554 3464 757 3532 ἔλεγον,
788 3468 837 3519 οἰ
867 3466 1099 3539 πατέρες
1141 3466 1342 3537 ἔφαγον
1362 3469 1605 3540 ὄμφακα,
1632 3471 1724 3523 καὶ
1749 3472 1798 3524 οἰ

216 3556 430 3621 ὀδόντες
454 3557 561 3610 τῶν
595 3559 802 3612 τέκνων
833 3560 1162 3630 ὲμωδίασαν.
1207 3562 1316 3614 Καὶ
1344 3566 1455 3628 τοῖς
1499 3566 1634 3629 υἱοῖς
1669 3565 1801 3635 Ἀμ-

222 3646 365 3720 μὼν,
396 3650 490 3702 xui.
529 3651 659 3722 περί
690 3651 788 3721 τῆς
827 3651 1032 3715 Ὀολᾶς,
1058 3652 1149 3705 xui.
1175 3653 1273 3723 τῆς
1313 3654 1546 3720 Ὀλιϐἄς.
1573 3656 1682 3709 Καὶ
1707 3654 1800 3709 ἐπὶ

220 3739 364 3812 Σοὺρ
388 3739 603 3812 θρῆνον,
633 3742 728 3794 xui.
751 3743 844 3794 ἐπὶ
872 3742 1096 3809 Σιδῶνα,
1134 3744 1229 3797 xui.
1256 3745 1383 3816 περί
1430 3745 1644 3817 ἡμέρας
1687 3749 1800 3801 Κυ-

223 3832 361 3906 ρίου,
397 3834 490 3886 xui.
540 3833 617 3905 τῷ
648 3834 844 3906 Φαραὼ
878 3835 1086 3906 βασιλεί
1112 3837 1388 3906 Αἰγύπτου
1416 3879 1431 3903 ,
1480 3840 1575 3892 καὶ
1608 3838 1801 3911 θρῆνον

221 3924 315 3976 ἐπὶ
369 3924 586 3996 Φαραὼ,
625 3927 716 3979 καὶ
742 3926 841 3999 τὴν
877 3927 1168 3998 Αἴγυπτον,
1197 3929 1292 3982 xui.
1317 3930 1411 3983 ὲπὶ
1445 3929 1570 4002 ὅρος
1601 3932 1794 4005 Σηεὶρ,

222 4016 317 4069 xui.
337 4016 588 4086 περὶτῶν
620 4017 821 4071 ὀστέων
847 4018 955 4072 τῶν
977 4019 1387 4094 ἀναζησάντων,
1418 4021 1513 4075 xui.
1534 4023 1630 4074 ἐπὶ
1654 4022 1797 4092 Γὼγ,

222 4107 318 4159 καὶ
368 4107 464 4177 τὴν
507 4110 611 4178 γῆν
649 4108 740 4164 τοῦ
771 4109 985 4180 Μαγώγ
1004 4126 1018 4140 ·
1049 4111 1128 4183 τῷ
1152 4129 1211 4165 τε
1234 4113 1453 4185 ἄρχοντι
1490 4114 1667 4186 Τύρου
1704 4117 1800 4169 xui.

222 4197 420 4271 θρῆνον
476 4202 597 4256 κατ’
638 4201 826 4269 αὑτοῦ,
864 4205 959 4258 xui.
1006 4207 1117 4269 τοῖς
1164 4207 1299 4269 υίοίς
1329 4204 1420 4259 τοῦ
1449 4205 1580 4261 λαοῦ
1613 4207 1797 4275 αὐτοῦ,

221 4291 321 4345 xui.
379 4293 472 4345 ἐπὶ
526 4295 653 4357 τοὺς
704 4295 970 4366 ποιμένας
1001 4296 1092 4351 τοῦ
1130 4297 1375 4370 Ἰσραήλ·
1417 4300 1597 4354 καὶτὸ
1618 4301 1801 4355 τελευ-

219 4386 371 4438 ταῖον
399 4385 500 4456 τὴν
551 4386 836 4459 οἰκοδομὴν
876 4385 972 4441 τοῦ
1001 4387 1153 4456 ναοῦ,
1188 4390 1283 4444 καὶ
1311 4389 1412 4462 τῆς
1445 4392 1801 4465 Ἰερουσαλὴμ

219 4474 538 4549 διαγράφων
562 4478 914 4550 προφητεύει.

618 4570 722 4625 Διὰ
754 4572 811 4625 τί
838 4572 1035 4644 Δανιὴλ
1069 4573 1335 4628 καλεῖται
1351 4592 1370 4639 ;

307 4660 526 4734 Ἐπειδὴ
554 4662 646 4717 καὶ
676 4662 837 4726 αὐτὸς
863 4665 920 4717 ὲν
943 4667 1009 4736 τῇ
1036 4664 1384 4737 αἰχμαλωσίᾳ
1411 4666 1667 4738 γεγονὼς,
1697 4670 1802 4735 ἕως

221 4748 316 4801 τοῦ
346 4748 608 4819 βασιλέως
655 4750 841 4822 Κύρου
868 4750 963 4803 τοῦ
996 4752 1229 4823 Πέρσου,
1271 4751 1341 4806 τὰ
1374 4754 1472 4825 μὲν
1504 4754 1646 4809 κατά
1674 4756 1804 4809 Σου-

225 4839 423 4893 σάνναν
474 4841 647 4913 κρίνει
679 4840 865 4907 αὐτὸς,
912 4845 1009 4898 xui.
1046 4844 1362 4915 κατακρίνει
1399 4847 1527 4910 τοὺς
1564 4848 1803 4919 πρεσϐυ-

222 4932 414 5003 τέρους
443 4933 516 4996 ὡς
567 4935 907 5004 συκοφάντας
931 4952 947 4967 ·
978 4934 1047 4989 τὰ
1077 4934 1133 4989 δὲ
1169 4936 1262 4988 τοῦ
1290 4936 1553 5007 βασιλέως
1578 4937 1802 4991 ἐνύπνια

223 5024 387 5088 αὐτὸς
437 5025 767 5095 ἀπαγγέλλει
797 5044 857 5080 τε
900 5026 993 5081 καί
1038 5027 1326 5098 ἐρμηνεύει
1351 5046 1363 5058 ·
1400 5029 1586 5099 βλέπει
1621 5030 1678 5083 δὲ
1708 5031 1803 5083 xui.

222 5116 442 5189 ὁράσεις
470 5117 711 5182 τελείας·
746 5120 877 5193 περί
925 5120 1022 5189 μὲν
1058 5119 1166 5173 τῶν
1203 5119 1488 5190 βασιλειῶν
1530 5121 1643 5185 δύο,
1676 5123 1803 5194 περί

221 5209 280 5263 δὲ
326 5209 428 5279 τῆς
475 5209 570 5263 τοῦ
605 5212 859 5283 Σωτῆρος
902 5212 1223 5282 παρουσίας,
1267 5213 1362 5265 καὶ
1408 5214 1801 5279 καταπαύσεως

223 5302 323 5371 τῆς
378 5302 749 5375 Ἰερουσαλὴμ,
803 5306 1031 5377 καὶτῆς
1087 5306 1455 5377 Ἀντιχρίστου
1504 5307 1804 5379 παρουσίας

222 5399 337 5453 δύο.
389 5400 664 5472 Διηγεῖται
716 5401 771 5454 δὲ
802 5402 929 5472 περί
975 5402 1276 5475 μαρτυρίου
1313 5401 1540 5474 Σεδρὰχ,
1580 5402 1801 5473 Μησὰχ,

237 5491 566 5562 Ἀϐδεναγὼ,
616 5493 710 5547 xui.
749 5493 859 5547 τῶν
906 5493 1090 5567 ὓμνων
1119 5494 1297 5550 αὐτῶν
1318 5512 1333 5527 ·
1378 5497 1475 5548 καὶ
1531 5497 1612 5550 ὃτι
1651 5497 1803 5552 αὐτοὶ

228 5582 328 5655 μὲν
371 5583 726 5657 διεσώθησαν,
771 5588 819 5640 οἰ
864 5587 920 5640 δὲ
962 5588 1312 5652 ὑποκαίοντες
1340 5589 1805 5661 κατεφλέχθησαν,

224 5673 322 5729 xui.
388 5675 631 5744 μετέγνω
664 5675 947 5744 βασιλεύς*
983 5678 1077 5732 xui.
1123 5679 1205 5732 ὅτι
1242 5677 1406 5742 αὐτὸς
1438 5677 1691 5750 διεϐλήθη
1724 5682 1803 5744 είς

224 5765 316 5818 τὸν
340 5764 540 5819 λάκκον
556 5766 664 5821 τῶν
685 5767 912 5822 λεόντων
936 5786 949 5798 ·
978 5769 1041 5822 τὸ
1070 5770 1167 5841 μὲν
1205 5769 1441 5842 πρῶτον,
1482 5768 1665 5841 ἐπειδὴ
1697 5771 1804 5824 τῶν

229 5855 582 5911 Βαϐυλωνίων
629 5860 1078 5932 προσευχομένων
1105 5859 1316 5933 Δαρείῳ
1345 5859 1424 5931 τῷ
1452 5858 1680 5930 βασιλεῖ,
1707 5860 1802 5930 μό-

1906 3295 2280 3349 narrationem
2321 3292 2389 3348 de
2419 3292 2599 3363 aquila
2619 3332 2634 3357 ,
2664 3292 3078 3362 insectaturque
3106 3289 3259 3344 urbis
3290 3288 3479 3343 Hiero-

1909 3384 2245 3456 solymorum
2296 3382 2615 3453 iniquitates
2668 3389 2719 3437 et
2762 3389 3006 3452 peccata.
3047 3379 3304 3436 'Disserit
3343 3379 3478 3433 item

1905 3474 1974 3531 de
2036 3475 2397 3530 similitudine
2447 3490 2610 3545 quam
2672 3472 3055 3543 usurpabant,
3114 3487 3240 3526 cum
3294 3477 3480 3542 patres

1907 3580 2040 3622 suos
2072 3565 2303 3621 acerbas
2336 3579 2471 3620 uvas
2504 3564 2843 3628 comedisse,
2880 3564 2976 3620 sed
3009 3563 3204 3618 dentes
3240 3561 3345 3617 sibi
3366 3555 3480 3616 'ob-

1908 3660 2187 3730 stupuisse
2219 3660 2488 3718 dicerent.
2521 3659 2777 3731 Disputat
2803 3660 2967 3716 etiam
2998 3659 3066 3714 de
3105 3656 3238 3715 Oola
3258 3700 3273 3725 ,
3303 3657 3482 3728 deque

1906 3752 2102 3820 Oliba,
2153 3760 2208 3809 et
2252 3752 2502 3825 adiungit
2542 3752 2727 3807 ﬂetum
2774 3754 2829 3807 in
2885 3749 3014 3818 Sur,
3070 3751 3126 3805 in
3176 3748 3476 3818 Sidonem;

1906 3845 2337 3917 disputationem
2368 3845 2436 3902 de
2465 3844 2555 3900 die
2600 3843 2847 3906 Domini.
2901 3844 2970 3899 de
3018 3842 3305 3898 Pharaone
3351 3857 3484 3913 rege

1859 3935 2168 4017 lJEgypti,
2232 3951 2355 3991 cum
2415 3935 2590 4006 ipsius
2647 3941 2701 3989 et
2756 3932 2906 4005 regni
2961 3920 3353 3988 lamentatione
3412 3931 3481 3985 de

1906 4035 2091 4083 monte
2127 4026 2289 4095 Seir;
2346 4024 2414 4082 de
2467 4027 2689 4083 ossibus
2734 4040 2925 4081 eorum
2978 4025 3073 4096 qui
3123 4024 3479 4090 revixerunt;

1904 4120 1973 4175 de
2007 4118 2122 4191 Gog
2144 4160 2159 4185 ,
2200 4120 2267 4175 de
2305 4127 2453 4175 terra
2491 4117 2716 4191 Magog,
2751 4119 2818 4175 de
2849 4117 2978 4190 Tyri
3009 4113 3284 4189 principe,
3318 4131 3483 4186 quem

1904 4228 2029 4269 cum
2074 4212 2203 4269 ﬁliis
2253 4212 2440 4285 populi
2494 4211 2580 4268 sui
2638 4206 2992 4273 lamentatur,
3047 4207 3117 4265 de
3164 4207 3481 4280 pastoribus

1907 4302 2092 4361 Israel.
2126 4304 2472 4360 Vaticinatur
2496 4302 2734 4371 denique
2765 4301 2833 4357 de
2862 4300 3051 4372 templi
3095 4307 3150 4354 et
3194 4299 3348 4355 urbis
3395 4297 3483 4353 in-

1906 4396 2245 4452 stauratione
2275 4412 2439 4468 quam
2471 4394 2736 4466 depingit.

2348 4572 2526 4640 Quare
2559 4569 2749 4651 Daniel
2778 4579 2995 4626 vocatur
3015 4572 3042 4625 Ρ

1981 4665 2120 4733 Quia
2154 4674 2209 4722 et
2243 4665 2362 4737 ipse
2392 4664 2449 4718 in
2480 4662 2799 4733 captivitate
2837 4660 2939 4715 fuit
2972 4659 3040 4715 ad
3073 4658 3275 4732 Cyrum
3308 4673 3484 4730 usque

1902 4757 2195 4814 Persarum
2238 4772 2441 4827 regem.
2486 4755 2755 4812 Susanna
2790 4754 3011 4824 quidem
3042 4767 3301 4818 causam,
3336 4752 3485 4807 dam-

1906 4852 2052 4906 natis
2095 4850 2387 4906 caIumniae
2407 4864 2572 4921 poena
2614 4848 2956 4911 senioribus,
2995 4846 3299 4917 judicavit:
3336 4846 3482 4916 regis

1907 4950 2091 4998 autem
2123 4945 2338 5000 somnia
2365 4943 2587 5007 retulit,
2629 4952 2684 4997 et
2732 4941 3128 5011 interpretatus
3176 4946 3283 4994 est.
3332 4935 3484 4992 Vidit

1908 5052 2075 5109 porro
2118 5037 2363 5093 visiones
2396 5038 2647 5092 eximias.
2687 5035 2764 5091 De
2808 5036 2993 5107 regnis
3034 5035 3255 5106 quidem
3301 5032 3480 5099 duas;

1907 5129 2047 5184 duas
2061 5127 2192 5183 item
2222 5127 2286 5183 de
2305 5126 2605 5183 Salvatoris
2618 5125 2877 5191 adventu,
2897 5126 3073 5196 deque
3094 5124 3483 5197 Hierosolyma:

1907 5223 2116 5292 requie,
2167 5229 2221 5277 et
2264 5221 2600 5278 Antecbristi
2649 5236 2895 5277 accessu.
2948 5218 3147 5273 Narrat
3206 5225 3483 5288 praaterea

1909 5312 2238 5384 martyrium
2267 5311 2537 5384 Sydrach,
2572 5311 2778 5367 Misach
2829 5317 2883 5365 et
2915 5308 3233 5379 Abdenago,
3269 5322 3487 5363 eorum-

1908 5417 2014 5471 que
2041 5402 2314 5457 canticum
2343 5420 2356 5456 :
2392 5407 2559 5471 utque
2587 5399 2819 5456 servatis
2846 5398 3003 5468 ipsis,
3036 5394 3340 5449 combustis
3383 5408 3484 5447 au—

1910 5504 2021 5549 tem
2080 5495 2175 5565 qui
2240 5493 2424 5564 ignem
2490 5490 2903 5555 succedebant,
2965 5502 3147 5557 regem
3207 5484 3479 5557 pmnituit.

1906 5585 2098 5640 Narrat
2144 5587 2310 5640 etiam
2360 5591 2419 5637 ut
2443 5583 2607 5638 estin
2663 5583 2878 5637 leonum
2930 5580 3108 5633 lacum
3154 5576 3481 5647 conjectus;

1908 5678 2142 5749 primum
2181 5676 2400 5747 quidem
2447 5676 2594 5747 quod
2624 5674 2846 5728 Darium
2892 5688 3073 5743 regem
3124 5671 3485 5728 adorantibus

1906 5768 2218 5840 Babyloniis
2267 5768 2559 5830 omnibus,
2614 5766 2765 5821 solus
2819 5765 2936 5835 ipse
2980 5763 3149 5819 Deum
3182 5762 3477 5827 adoraret;

1908 5860 2102 5917 deinde
2136 5877 2265 5918 vero
2299 5861 2443 5931 quod
2474 5859 2567 5915 Bel
2605 5865 2661 5915 et
2702 5858 2997 5915 draconem
3035 5857 3139 5914 sub
3170 5855 3313 5928 Cyro
3356 5867 3482 5925 rege
