3856 6226
409 385 541 440 1271
1110 376 1381 434 EUSEBll
1417 362 1898 435 CESARIENSIS
1925 375 2078 440 OPP.
2104 377 2283 433 PARS
2315 375 2404 433 Ill.
2433 406 2507 418 —
2541 373 2952 431 EXEGETICA.
3544 373 3678 429 1273

409 503 746 562 sustulisset.
789 499 896 557 Sed
925 507 1012 554 est
1041 499 1156 570 ipse
1210 499 1510 560 incolumis
1533 498 1601 554 de
1632 499 1754 553 lacu
1795 504 1963 554 extra-

2090 518 2180 564 νος
2211 499 2374 564 αὐτὸς
2397 499 2517 571 Θεῷ
2539 498 2909 572 προσηύχετο·
2945 497 3007 551 τὸ
3056 496 3113 550 δὲ
3137 495 3385 567 δεύτερον
3414 493 3525 548 8dr.
3592 495 3679 547 τὸν

405 602 562 658 ctus,
591 593 649 647 in
679 605 914 661 eumque
943 588 1161 660 dejecti,
1183 595 1238 644 et
1290 605 1322 643 a
1371 589 1622 645 leonibus
1649 589 1838 645 statim
1883 588 1963 642 de-

2096 591 2208 663 Βὴλ
2261 590 2630 662 κατέστρεψε⁹
2692 592 2786 644 καὶ
2832 588 2924 642 τὸν
2969 588 3236 659 δράκοντα
3293 585 3508 640 ἀνεῖλεν
3587 586 3674 637 ὲπι

407 685 605 749 vorati,
634 682 728 753 qui
758 682 856 736 bas
885 680 964 737 illi
988 679 1220 736 insidias
1251 689 1586 736 struxerant.

2087 678 2276 752 Κύρου
2337 677 2427 731 τοῦ
2483 678 2764 748 βασιλέως,
2818 677 2915 731 καὶ
2943 677 3105 739 αὐτὸς
3133 677 3231 746 μὲν
3272 673 3532 744 διεσώθη.
3571 673 3675 726 Καὶ

405 779 569 842 αὐτὸς
596 777 703 832 ἀπὸ
729 776 837 830 τῶν
881 774 1111 829 λεόντων
1144 774 1372 845 ἀνῆλθεν
1424 776 1492 828 ὲκ
1519 773 1614 827 τοῦ
1662 774 1888 840 λάκκου.
1934 774 1998 827 υἱ
2023 774 2078 827 δὲ
2124 772 2604 838 ἐπιβουλεύσαντες
2633 772 2783 848 αὐτῷ
2814 771 3118 848 ἐϐλήθησαν
3147 774 3226 834 εἰς
3291 771 3517 835 λάκκον,
3585 767 3674 820 καὶ

400 871 567 933 εὐθὺς
599 867 1022 940 κατεϐρώθησαν
1055 867 1148 919 ὑπ’
1177 865 1381 932 αὐτῶν..

2832 1052 3648 1093 ..ι-πιπτει

423 1057 2980 1094 W

1691 1227 2422 1326 FRAGMENTA

713 1453 992 1528 Exlibro
1022 1454 1289 1525 Eusebii
1316 1454 1649 1532 deperdito
1681 1455 1785 1516 cui
1816 1455 2046 1518 titulus
2089 1478 2108 1528 ε,
2143 1454 2475 1518 Generalis
2507 1455 2904 1518 elementaria
2926 1454 3336 1521 introductio.

1461 1619 1598 1684 (MAI,
1635 1616 1927 1670 Bibliotheca
1951 1631 2074 1669 nova
2100 1620 2325 1682 Patrum,
2351 1620 2415 1672 ιν
2467 1619 2599 1684 516.)

1806 1882 2232 1947 MONITUM.

475 2047 748 2103 Plurimos
776 2057 825 2101 et
861 2047 1196 2102 doctissimos
1243 2047 1452 2101 Eusebii
1483 2046 1831 2118 Cwsarjensis
1862 2062 1957 2114 pro
2008 2045 2323 2101 Christiana
2375 2047 2626 2116 religione
2666 2046 2870 2103 labores
2901 2063 3051 2102 nemo
3081 2049 3214 2102 satis
3251 2049 3442 2102 mirari
3473 2060 3664 2118 potest.

398 2117 540 2173 Ecce
569 2120 709 2173 enim
737 2121 794 2172 in
820 2119 997 2171 codice
1025 2120 1183 2171 etiam
1230 2118 1619 2172 Vindobonensi
1648 2116 1755 2188 LVi
1786 2119 2044 2171 ineditum
2078 2118 2228 2172 aliud
2262 2128 2608 2180 memoratur,
2638 2120 3223 2188 partimqueisuperest,
3249 2116 3480 2173 Eusebii
3504 2125 3664 2175 vostri

398 2204 529 2260 opus
544 2190 663 2260 Τῆς
694 2188 922 2260 καθόλου
958 2189 1325 2260 στοιχειώδους
1363 2188 1690 2260 εἰσαγωγῆς,
1724 2187 1955 2260 General

2081 2189 2413 2260 lamentariae
2449 2187 3150 2260 introductionis_(b:abric.
3194 2189 3259 2244 Β.
3301 2188 3365 2244 G.
3410 2192 3496 2244 ed.
3542 2209 3662 2249 nou.

399 2269 441 2317 ϐ.
488 2257 694 2328 ν11,’ρ.
728 2259 856 2322 514,
887 2257 1259 2330 εωγιαηιὸεεὶο
1289 2275 1407 2312 cum
1438 2258 1685 2312 Kollario
1719 2257 1810 2310 lib.
1854 2273 1869 2310 ι
1910 2269 1955 2310 et
1985 2273 2067 2311 Ill.
2105 2257 2243 2330 Item
2275 2258 2508 2330 Munter.
2551 2257 2789 2330 (Fragm.
2817 2257 3078 2330 PP._Gr.,
3116 2260 3253 2327 fasc.
3281 2261 3343 2330 ι),
3371 2262 3527 2315 libris
3561 2263 3647 2316 sal

399 2340 502 2382 tem
537 2327 711 2382 decem
747 2329 1200 2400 comprehensum,
1234 2345 1453 2399 quorum
1488 2331 1542 2383 in
1583 2338 1813 2400 quatuor
1842 2330 2175 2400 continentur
2206 2328 2418 2400 Eclogae
2462 2327 2794 2400 prophetica:
2823 2330 2888 2383 de
2917 2327 3127 2384 Christo
3153 2327 3402 2392 Domino,
3434 2349 3557 2400 qua
3581 2333 3666 2386 di.

397 2407 538 2471 serte
568 2415 692 2467 pars
722 2397 891 2468 operis
922 2399 1187 2469 superfuit
1223 2397 1501 2471 incolumis
1527 2397 1603 2453 ἐπ’
1627 2397 1891 2471 p_r_wdicto
1906 2399 2084 2471 codice
2121 2397 2509 2471 Vindobonensi
2533 2397 2811 2471 {namque
2834 2410 2883 2455 et
2906 2401 3018 2468 ejus
3043 2401 3340 2471 prologum,
3374 2397 3454 2455 vel
3488 2405 3664 2471 potius

399 2469 617 2538 prologi
638 2471 937 2542 pericopem
958 2468 1232 2542 ,rulgavit
1262 2469 1541 2542 Kollarius
1566 2479 1604 2524 t.
1640 2468 1727 2542 11,
1753 2485 1843 2522 seu
1874 2468 1966 2521 lib.
2001 2484 2081 2531 ιιι,
2116 2468 2218 2542 col.
2244 2469 2378 2542 205,
2407 2473 2460 2524 in
2490 2468 3120 2542 quoudicitEusebius’se
3143 2468 3350 2542 id'opus
3376 2468 3497 2540 post
3527 2474 3666 2526 illud

395 2555 554 2592 suum
578 2539 720 2593 πάνυ
748 2540 1060 2594 Chronicon
1092 2539 1450 2594 adornavisse.
1482 2539 1606 2593 1am
1630 2541 1681 2593 in
1710 2549 1995 2609 postremo,
2019 2556 2110 2592 seu
2142 2539 2364 2605 decimo,
2387 2539 2555 2608 operis
2579 2539 2714 2594 libro
2736 2541 2799 2594 de
2832 2542 3007 2609 impiis
3029 2539 3315 2596 Itwresibus
3340 2539 3661 2596 tractat-erat

391 2619 602 2683 auctor,
631 2620 688 2663 ut
705 2619 846 2683 patet
869 2610 1116 2683 euverbis
1137 2627 1253 2683 (ιιιιε
1277 2612 1438 2683 sumit
1464 2628 1493 2663 α
1515 2610 1794 2683 Lambecio
1818 2608 1963 2683 Fabr

2077 2627 2100 2662 s
2126 2609 2225 2662 loc.
2257 2611 2346 2665 cit.
2367 2611 2454 2666 Ἐν
2472 2610 2548 2681 τῷ
2567 2611 2778 2683 δεκάτῳ
2800 2608 2910 2683 τοῖς
2921 2610 3046 2683 άπὸ
3061 2611 3169 2665 τῶν
3199 2613 3375 2674 ἀθέων
3396 2615 3661 2683 αἱρέσεων

387 2679 484 2763 ⁸Ξὺν
513 2679 771 2751 λογισμὸν
797 2679 1306 2763 ἀποὸεὸλαμμένοις
1325 2682 1516 2763 ἑτέραν
1541 2681 1918 2763 ἁρμόττουσαν
1945 2680 1963 2731 ἓ

2075 2697 2129 2760 ον
2156 2679 2888 2763 παρασχεῖγῃπειρασόμεθα.
2911 2680 3044 2734 Ecce
3061 2683 3418 2763 autemnuob-is
3449 2679 3508 2763 iit
3527 2684 3660 2737 libro

395 2749 688 2823 sacrarum
719 2749 1480 2823 rerutnLeont'iiacJoannis,
1522 2749 1672 2821 quem
1688 2750 1948 2823 edidimus
1981 2751 2180 2818 Script.
2205 2759 2322 2823 ovet.
2346 2749 2394 2806 't'.
2427 2751 2555 2812 VII,
2585 2749 2815 2821 quatitur
2844 2764 3182 2823 occurrerunt
3213 2752 3508 2807 Eusebiani
3538 2769 3656 2823 ope-

393 2821 470 2892 ris
499 2818 848 2892 _Eiaaywyi];
895 2822 1228 2891 fragmenta;
1263 2822 1492 2890 primum
1513 2818 1578 2875 ea:
1617 2823 1787 2890 primo
1819 2822 1991 2892 libro;
2024 2819 2306 2892 secundum
2333 2837 2399 2876 ea:
2418 2818 2644 2890 quarto;
2683 2831 2948 2890 postrema
2979 2822 3084 2875 duo
3122 2839 3187 2876 ea:
3217 2825 3442 2886 decimo,
3472 2827 3528 2876 in
3556 2818 3655 2892 quo

390 2889 455 2942 de
487 2889 914 2965 ligeresibus,'_uti
944 2889 1144 2965 dictum
1173 2889 1274 2965 est,
1297 2902 1485 2965 auctor
1513 2889 1817 2965 scripserat.
1854 2890 1971 2944 Imo
2000 2891 2124 2960 quia
2151 2890 2291 2959 apud
2320 2909 2415 2946 nos
2431 2889 2756 2965 constanter
2768 2893 3075 2946 inscribitur
3097 2893 3431 2950 lntroductio
3456 2889 3653 2965 prima,

390 2961 629 3030 sequitur
659 2971 715 3016 ut
736 2963 923 3016 saltem
959 2964 1081 3024 dure
1102 2962 1267 3030 fuisse
1298 2963 1594 3016 vidcantur.
1639 2961 1829 3017 Verum
1865 2969 2122 3030 utcunque
2143 2977 2204 3014 ea
2235 2978 2316 3016 res
2339 2979 2394 3016 se
2420 2961 2595 3027 habet,
2623 2979 2687 3016 en
2727 2962 3051 3034 fragmenta.

609 3189 704 3249 Ex
739 3185 986 3249 Leontii
1028 3192 1088 3249 et
1123 3185 1388 3248 Joannis
1419 3187 1658 3247 Rerum
1687 3202 2009 3248 sacrarum
2041 3184 2228 3246 libro.
2266 3183 2500 3260 Seript.
2541 3187 2656 3240 vet.
2692 3187 2737 3240 t.
2777 3181 2943 3254 VIII,
2979 3197 3038 3257 p.
3067 3181 3147 3241 95
3178 3189 3240 3273 et
3288 3183 3423 3243 100.

2205 3313 2270 3368 θ’.
2296 3312 2595 3367 Εὑσεϐἰου
2623 3312 2691 3364 ἐκ
2713 3311 2818 3364 τοῦ
2847 3316 2899 3363 α’
2928 3309 3038 3378 τῆς
3061 3317 3111 3363 a'
3142 3311 3519 3382 Elo'arwrﬁc.

2148 3404 2407 3474 Ἔλεγχος
2436 3403 2630 3475 ἀνδρὸς
2664 3402 2885 3474 ἧθουςή
2921 3403 3060 3473 μετὰ
3098 3403 3314 3457 τοιῶνδε
3359 3405 3618 3460 συνουσία
3639 3423 3653 3436 ·

2071 3498 2100 3550 δ
2125 3514 2184 3550 τε
2210 3495 2317 3567 γὰρ
2364 3494 2565 3564 φαῦλος
2592 3493 2651 3557 ἐξ
2679 3494 2922 3563 ἀνάγκης
2963 3497 3072 3557 τοῖς
3098 3495 3303 3564 ὁμοίοις
3335 3497 3567 3568 συνέστη
3586 3513 3602 3528 ·
3630 3497 3659 3552 ζ

529 3313 586 3368 9.
628 3312 848 3368 Eusebii
874 3329 938 3367 ea:
961 3314 1132 3382 primo
1163 3312 1586 3376 Introductionis
1616 3317 1824 3386 primm.
1998 3325 2041 3380 B

457 3405 574 3461 Viri
605 3421 813 3461 morem
843 3406 1183 3462 demonstrat
1236 3405 1505 3462 sodalium
1539 3409 1795 3478 qualitas.
1826 3407 1964 3463 Pra-

383 3513 488 3564 vns
527 3497 674 3553 enim
715 3497 1030 3552 necessario
1083 3511 1207 3551 cum
1258 3499 1344 3552 sui
1385 3498 1658 3554 similibus
1701 3499 1961 3555 sociatur.

385 3589 756 3660 Yicissimque
796 3587 882 3642 vir
910 3597 1218 3658 temperans
1265 3597 1428 3659 atque
1472 3591 1728 3662 sapiens,
1758 3593 1826 3647 ad
1877 3590 1964 3650 sui

387 3682 559 3747 moris
592 3680 886 3752 participes
919 3679 1148 3734 accedit.

522 3772 610 3843 10,
644 3771 862 3825 Eusebii
886 3787 950 3826 ex
970 3783 1160 3843 quarto
1182 3772 1604 3829 Introductionis
1631 3775 1840 3844 primae.

461 3860 616 3916 Sicut
658 3859 942 3914 oculorum
993 3871 1192 3916 natura
1234 3863 1398 3918 habet
1429 3863 1648 3934 quidem
1680 3865 1737 3919 in
1783 3865 1964 3936 seipsa

383 3955 648 4013 visualem
678 3955 787 4017 vim
809 3996 824 4026 ,
853 3971 1028 4026 neque
1055 3966 1231 4010 tamen
1264 3971 1359 4026 per
1403 3971 1464 4012 se
1508 3957 1628 4028 ipsa
1663 3964 1842 4027 potest
1874 3973 1963 4012 res

381 4046 626 4102 visibiles
655 4047 958 4120 percipere,
990 4047 1096 4101 nisi
1121 4047 1327 4116 aliquid
1353 4056 1640 4104 externum
1676 4063 1798 4102 eam
1836 4048 1960 4101 illu-

384 4137 574 4202 minet,
613 4144 667 4192 et
694 4139 977 4194 oculorum
1005 4139 1128 4193 usui
1157 4147 1504 4209 cooperetur,
1541 4141 1722 4195 lumen
1776 4139 1964 4194 confe-

380 4239 515 4294 rens.
541 4225 612 4279 ob
640 4241 820 4281 rerum
861 4228 1212 4284 sensibilium
1238 4229 1532 4297 visionem;
1572 4229 1652 4284 sic
1680 4229 1842 4282 etiam
1877 4229 1964 4282 in-

380 4315 707 4371 tellectualis
757 4317 1151 4388 rationalisque
1198 4326 1394 4373 natura
1449 4333 1509 4374 se
1557 4319 1720 4374 habet
1771 4319 1838 4373 ad
1875 4333 1963 4372 sa-

379 4423 538 4465 crum
572 4408 668 4464 Dei
692 4410 938 4464 verbum.

487 4588 579 4655 H.
610 4585 824 4642 Eusebii
853 4604 918 4643 ea:
955 4589 1158 4644 decimo
1196 4587 1616 4646 Introductionis
1645 4591 1851 4660 primae.

449 4675 657 4739 Natura
688 4679 805 4750 ipsa
834 4679 1116 4734 hominum
1144 4695 1316 4748 genus
1360 4683 1699 4751 comparavit
1745 4681 1814 4735 ad
1851 4683 1956 4736 vir-
1982 4681 2024 4738 C

379 4774 514 4828 tutis
536 4779 595 4838 et,
619 4773 837 4827 malitia:
868 4775 1076 4828 semina
1105 4773 1474 4845 dignoscenda
1512 4793 1524 4830 :
1562 4783 1615 4829 et
1637 4775 1956 4831 alterutrius

378 4879 445 4918 ex
477 4865 564 4927 his
595 4864 745 4918 dedit
771 4865 1035 4918 voluntati
1096 4867 1404 4934 Optionem;
1449 4866 1648 4920 etenim
1679 4866 1955 4921 hominem

381 4954 584 5011 suimet.
626 4954 910 5016 dominum
968 4955 1316 5024 judicemque
1366 4955 1654 5008 constituit
1695 4970 1708 5004 :
1749 4955 1822 5007 ita
1874 4964 1956 5009 ta-

378 5059 525 5108 men,
559 5053 618 5098 ut
648 5045 775 5116 quia
826 5046 874 5100 is
915 5061 947 5098 a
981 5053 1176 5098 natura
1225 5045 1454 5111 sortitus
1499 5054 1582 5099 est
1633 5044 1850 5100 virtutis
1892 5062 1957 5101 ac

377 5136 602 5190 malitia:
632 5119 1008 5208 primigeniam
1032 5136 1231 5200 ideam,
1259 5137 1475 5191 etiamsi
1506 5137 1560 5190 in
1591 5137 1953 5212 improbitatis

376 5226 701 5283 barathrum
754 5244 814 5284 se
859 5228 1151 5298 aliquando
1207 5227 1524 5298 demergat,
1578 5227 1722 5281 haud
1773 5235 1956 5283 tamen

377 5319 554 5392 possit
601 5321 940 5388 conscientia
990 5321 1111 5390 ejus
1177 5335 1288 5374 non
1359 5319 1597 5374 revereri
1652 5319 1909 5379 virtutem
1938 5359 1954 5384 ,

377 5428 692 5484 quanquam
726 5415 916 5482 vitium
937 5414 1179 5484 elegerit.
1217 5413 1392 5484 Hujus
1440 5414 1520 5467 rei
1558 5412 1956 5467 demonstratio

381 5513 870 5576 argumentumque
897 5517 1022 5571 est,
1074 5507 1220 5576 quod
1253 5522 1415 5561 nemo
1453 5508 1684 5577 propria:
1734 5507 1951 5562 malitia:

382 5595 503 5649 fieri
529 5608 814 5652 accusator
857 5599 1054 5666 audet;
1104 5601 1213 5652 imo
1241 5607 1432 5654 contra
1468 5584 1648 5653 celare
1681 5607 1734 5654 et
1763 5607 1951 5654 conte-

381 5700 509 5755 gere
532 5701 630 5753 pro
654 5689 864 5743 viribus
898 5691 1124 5754 nititur,
1177 5691 1224 5745 si
1276 5691 1405 5760 quid
1435 5700 1629 5760 przetcr
1659 5691 1948 5748 honestum

379 5779 520 5838 clam
549 5777 738 5838 egerit.
773 5777 903 5834 ltem
937 5780 1178 5844 eiusdem
1209 5783 1289 5848 rei
1318 5783 1472 5853 testis
1498 5793 1578 5838 est
1598 5784 1946 5852 uniuscujuso

2070 3604 2129 3640 τε
2170 3582 2237 3640 αὖ
2283 3585 2446 3642 πάλιν
2477 3583 2706 3655 σώφρων
2733 3584 2827 3636 καὶ
2873 3583 3036 3652 σοφὸς
3075 3587 3188 3647 τοῖς
3226 3585 3296 3637 τά
3332 3588 3476 3640 αὐτὰ
3508 3587 3660 3661 αὐτῷ

2075 3678 2366 3753 μετιοῦσιν.

2085 3759 2088 3762 ’
2177 3779 2227 3826 ι’.
2271 3771 2569 3825 Εὐσεϐἰου
2609 3769 2677 3821 ἐκ
2715 3767 2822 3820 τοῦ
2847 3767 2895 3820 δ’
2934 3766 3044 3833 τῆς
3085 3774 3136 3821 α’
3171 3770 3548 3840 Εἱσαγωγῆς,

2147 3865 2241 3917 Ὃν
2281 3863 2480 3935 τρόπον
2520 3863 2552 3931 ή
2597 3859 2705 3912 τῶν
2752 3858 3045 3928 ὀφθαλμῶν
3093 3857 3254 3927 φύσις
3297 3859 3411 3929 ἔχει
3455 3863 3556 3931 μὲν
3600 3864 3658 3915 ἐν

2070 3957 2236 4026 ἑαυτῇ
2259 3955 2359 4025 τὴν
2397 3953 2656 4025 ὁρατικὴν
2682 3951 2929 4021 δύναμιν,
2962 3951 3059 4020 οὐχ
3102 3952 3261 4020 ἱκανὴ
3289 3951 3346 4004 δὲ
3382 3953 3506 4005 καθ’
3531 3956 3652 4008 ἑαυ-

2069 4047 2167 4118 τὴν
2215 4047 2456 4116 πέφυκεν
2506 4045 2644 4116 πρὸς
2695 4043 2793 4115 τὴν
2845 4044 2953 4095 τῶν
3004 4043 3274 4114 όρατικῶν
3325 4047 3653 4117 κατάληψιν,

2073 4140 2147 4211 μὴ
2185 4139 2303 4210 οὐχὶ
2345 4138 2530 4210 ἐτέρου
2572 4137 2715 4200 τινὸς
2763 4135 2960 4201 ἔξωθεν
3010 4134 3334 4202 φωτίζοντος
3385 4138 3483 4190 καὶ
3534 4157 3655 4191 συν-

2069 4231 2472 4304 υπουργοῦντος
2493 4233 2558 4301 τῇ
2587 4229 2696 4282 τῶν
2726 4225 3022 4297 ὀφθαλμῶν
3059 4228 3252 4298 χρήσει
3299 4227 3381 4298 τῷ
3411 4230 3630 4300 συμδαλ

2067 4323 2276 4394 λομὲνῳ
2321 4323 2458 4391 φωτὶ
2491 4321 2627 4392 πρὸς
2670 4321 2770 4391 τὴν
2813 4319 2921 4373 τῶν
2969 4319 3241 4389 αἰσθητῶν
3290 4320 3440 4385 θέαν,

2065 4416 2162 4469 καὶ
2183 4416 2216 4486 ή
2251 4414 2411 4485 νοερὰ
2435 4414 2529 4466 καὶ
2558 4412 2748 4483 λογικὴ
2785 4410 2944 4480 φύσις
2970 4411 3082 4481 ἔχει
3109 4411 3246 4482 πρὸς
3268 4411 3364 4466 τὸν
3392 4413 3538 4484 ἱερὸν
3561 4411 3651 4466 τοῦ

2065 4506 2202 4559 Θεοῦ
2229 4506 2402 4575 λόγον.

2175 4606 2263 4653 ια’.
2303 4599 2597 4653 Εὺσεϐιόυ
2627 4599 2695 4652 ἐκ
2732 4597 2840 4651 τοῦ
2869 4605 2902 4651 ι’
2935 4596 3046 4666 τῆς
3077 4603 3127 4650 α’
3165 4597 3549 4667 Εἱσατωγῆς.

2141 4693 2204 4745 Ἠ
2237 4691 2396 4760 φύσις
2430 4690 2566 4762 αὑτὴ
2595 4690 2657 4742 τὸ
2693 4691 2804 4743 τῶν
2833 4689 3132 4762 ἀνθρώπων
3168 4687 3538 4760 κατέσπειρεν
3565 4687 3650 4758 τι.

2063 4801 2151 4846 νος
2180 4785 2258 4846 εἰς
2286 4785 2353 4836 τά
2397 4801 2457 4836 τε
2488 4783 2585 4853 τῆς
2617 4781 2818 4852 ἀρετῆς
2857 4782 2950 4835 καὶ
2993 4782 3088 4851 τῆς
3127 4779 3327 4843 κακίας
3360 4781 3650 4852 σπέρματα

2064 4873 2390 4944 γινώσκεινο
2435 4874 2665 4944 θατέρου
2736 4890 2794 4924 τε
2844 4873 3046 4925 τούτων
3095 4870 3479 4942 συνεχώρησεν
3527 4888 3648 4942 μετ-

2062 4967 2206 5037 έχειν
2238 4967 2316 5036 τῷ
2335 4965 2603 5036 λογισμῷ,
2637 4965 3016 5036 αὐτοκράτορα
3050 4965 3143 5016 καὶ
3175 4964 3372 5034 κριτὴν
3406 4964 3646 5034 ἡγεμόνα

2060 5075 2118 5109 τε
2170 5060 2262 5111 καὶ
2305 5058 2493 5130 κύριον
2541 5059 2702 5110 αὑτὸν
2747 5057 2943 5110 ἑαυτοῦ
2997 5057 3416 5124 καταστήσασαο
3462 5057 3524 5119 ὃς
3563 5053 3645 5108 οἷα

2063 5148 2127 5218 δὴ
2164 5148 2265 5201 ὑπὸ
2294 5149 2394 5218 τῆς
2441 5150 2653 5217 φύσεως
2692 5149 2758 5202 τὰ
2791 5148 2887 5218 τῆς
2924 5148 3122 5218 ἀρετῆς
3156 5147 3248 5199 καὶ
3289 5146 3359 5200 τὰ
3405 5148 3510 5218 τῆς
3552 5166 3643 5201 κα-

2065 5238 2189 5302 κίας
2224 5240 2615 5309 προτερήματα
2654 5239 2793 5308 ἔχων
2825 5241 2884 5290 ἐν
2923 5238 3119 5309 ἐαυτῷ,
3161 5239 3264 5291 ούκ
3307 5239 3376 5292 ἂν
3407 5241 3640 5303 δύναιτο,

2065 5329 2164 5384 κᾶν
2195 5332 2273 5393 εὶς
2303 5330 2462 5384 αὐτὸν
2500 5332 2600 5400 τῆς
2631 5332 2829 5394 κακίας
2856 5331 3014 5400 βυθὸν
3045 5332 3344 5385 καταπέσοι
3376 5334 3536 5396 ποτὲ,
3572 5335 3639 5404 μὴ

2062 5423 2181 5492 οὐχὶ
2209 5423 2492 5493 σεμνύνειν
2519 5423 2614 5494 τῆν
2656 5423 2855 5494 ἀρετὴν
2886 5427 3257 5476 καταπταῖσον
3282 5424 3346 5476 τὸ
3383 5424 3636 5489 συνειδὸς,

2060 5516 2109 5566 εἰ
2164 5515 2442 5585 προέλοιτο
2476 5516 2541 5568 ’τὸ
2588 5519 2768 5586 χεῖρον
2793 5534 2806 5544 ·
2860 5516 2953 5569 καὶ
2997 5515 3200 5568 τούτων
3235 5516 3517 5581 ἀπόδειξις
3553 5517 3636 5569 καὶ

2060 5606 2280 5677 ἔλεγχος
2309 5608 2564 5680 ἐναργὴς,
2598 5609 2659 5660 τὸ
2698 5609 2898 5678 μηδένα
2930 5609 3135 5678 τολμᾷν
3173 5611 3273 5679 τῆς
3311 5610 3514 5663 ἑαυτοῦ
3542 5627 3634 5662 κα-

2059 5695 2181 5759 κίας
2219 5698 2470 5766 γενέσθαι
2518 5701 2840 5768 κατήγορον,
2873 5697 2987 5750 ἀλλ’
3026 5700 3090 5751 ἐκ
3106 5698 3214 5750 τῶν
3251 5701 3534 5763 ἐναντίων,
3565 5701 3635 5761 ὡς

2055 5791 2085 5842 ’ἢ
2145 5789 2385 5854 δύναμις,
2433 5790 2788 5851 ἐπικρύπτειν
2845 5791 2935 5844 καὶ
2995 5791 3214 5845 σκέπειν
3272 5791 3418 5844 άπερ
3464 5793 3525 5849 δὴ
3575 5793 3639 5846 ἂν
