3814 6220
152 375 300 421 12'1'0
1326 374 1644 433 CANONES
1679 376 2244 438 EVANGELIORUM.
3265 387 3406 443 1271·

149 483 312 554 παρὰ
345 482 407 538 τὸ
437 484 675 557 καθῆκον
700 487 972 559 λαθραίως
995 490 1273 564 ἐπιχειρῇ·
1315 495 1407 547 καὶ
1437 495 1572 566 αὕτη
1611 497 1655 550 δὲ

1902 516 1944 556 ιε
1972 501 2208 567 animus,
2239 503 2331 572 qui
2363 515 2471 557 non
2495 518 2651 574 atque
2677 511 2760 561 est
2777 503 3003 561 affectus
3030 519 3158 576 erga
3188 505 3292 561 sibi
3313 507 3408 560 be-

148 578 394 632 ὲκάστου
433 579 690 646 διάθεσις,
737 582 812 654 μὴ
859 584 1058 654 ὁμοίως
1103 585 1442 658 διακειμένου
1491 592 1627 664 πρός

1903 593 2092 658 :volos,
2119 603 2283 665 atque
2310 593 2576 652 adversus
2601 612 2696 652 eos
2728 598 2823 668 qui
2853 599 2957 653 sibi
2987 612 3183 653 nocere
3207 613 3409 652 conan-

149 671 288 734 τοὺς
337 671 757 742 εὐεργετοῦντας
799 675 894 728 καὶ
944 677 1079 748 πρὸς
1117 680 1245 742 τοὺς
1288 679 1541 748 βλάπτειν
1575 683 1655 736 αὺα

1903 701 1951 740 r.
1992 684 2160 756 igitur
2213 697 2514 757 spontanea
2575 691 2836 760 magistra
2884 691 3177 761 unicuique
3229 691 3408 745 estad

153 762 608 834 ἐπιχειροῦντας·
658 765 972 837 αὐτομαθὴς
1013 767 1328 834 διδάσκαλος
1371 771 1575 842 γίνεται
1608 774 1659 827 ἐν

1901 776 1965 829 νηὶ
1996 776 2231 846 malique
2259 777 2544 832 scientiam
2571 779 2658 834 lex
2695 789 2936 848 naturae,
2961 781 3090 835 dum
3123 787 3269 834 vetat
3306 795 3407 836 nos

157 871 279 924 στῳ
309 857 410 926 τῆς
444 856 572 927 περὶ
603 856 822 926 ἀγαθῶν
869 859 962 913 καὶ
999 859 1183 915 κακῶν
1213 861 1542 933 ἐπιστήμης,
1578 865 1606 915 ὁ
1635 881 1663 916 τ

1837 866 2060 921 cuilibet
2090 866 2290 933 facere,
2317 869 2460 938 quod
2489 884 2590 923 nos
2618 870 2686 924 ab
2723 870 2844 926 aliis
2878 871 2988 940 pati
3012 870 3300 924 nollemus.

156 946 384 1091 ψύξεως
456 949 638 1019 νόμος,
699 949 870 1006 ταῦτά
921 969 1074 1016 τινας
1141 952 1273 1024 δρᾷν
1320 954 1528 1025 ἑτέροις
1589 957 1965 1029 ἀπαγορεύων,
2020 959 2164 1030 ἅπερ
2208 977 2292 1021 τις
2344 960 2506 1024 αὐτὸς
2550 962 2676 1032 παρ’
2745 961 2946 1034 ἐτέρων
2997 962 3098 1020 οὐκ
3128 960 3194 1015 ἂν
3237 959 3412 1017 ἕλοιτο

159 1054 246 1091 πα
282 1042 380 1091 εῖν.

159 1042 380 1096 παθεῖν.

275 1131 364 1203 ιβ’.
400 1134 697 1188 Εὑσεϐἰου
725 1134 795 1187 ἐκ
825 1134 933 1188 τοῦ
963 1142 994 1190 ι’
1028 1135 1136 1205 τῆς
1167 1144 1219 1191 α’
1254 1136 1628 1208 Ἐὶσαγωγῆς.

1901 1143 1928 1194 ι.
1955 1137 2166 1197 Eusebii
2193 1154 2256 1194 ea:
2283 1139 2482 1196 decimo
2515 1137 2930 1262 Ιβῖνοάιιειὶοηὶε
2950 1139 3136 1196 σνξηιιε
3159 1149 3407 1212 tanquam

2469 1228 2502 1262 a
2603 1219 2772 1262 atoue.

2469 1228 2502 1269 α
2532 1219 2772 1265 Platone.

251 1292 556 1364 Ἐνδέχεται
603 1294 720 1366 μὲν,
767 1287 812 1347 ὧ
854 1293 1084 1359 παιδίον,
1119 1294 1296 1362 λέγειν
1343 1295 1440 1366 μὲν
1472 1289 1553 1358 εὖ,
1596 1295 1736 1364 φαῦ-

1908 1301 2236 1372 Contingere
2269 1311 2464 1375 potest,
2491 1317 2524 1357 ο
2553 1320 2708 1376 puer,
2741 1312 2798 1358 ut
2830 1304 3026 1374 aliquis
3053 1304 3189 1360 bene
3222 1305 3408 1372 dicat,

158 1383 258 1436 λον
304 1385 359 1438 δὲ
405 1385 666 1458 ὑπάρχειν
689 1403 703 1416 ο
755 1385 1068 1458 πράσσοντα
1101 1385 1154 1438 δὲ
1194 1380 1275 1450 εὖ,
1337 1385 1536 1454 φαῦλον
1577 1383 1664 1439 εῐνι

1903 1410 1965 1447 ιιι)
1993 1396 2173 1448 malus
2201 1395 2306 1460 sit;
2340 1405 2711 1450 verumtamen
2741 1397 2974 1466 aliquem
3007 1395 3144 1451 bene
3189 1395 3370 1454 facere
3392 1434 3409 1464 ,

159 1475 447 1534 ἀδύνατον.

1839 1485 1935 1556 qui
1969 1499 2170 1554 pravus
2193 1483 2284 1547 sit,
2320 1483 2674 1555 impossibile.

242 1575 330 1643 ιγ’.
364 1570 658 1624 Εὑσεϐίου
685 1571 753 1624 ἐκ
784 1569 888 1624 τοῦ
921 1577 971 1625 α’
1000 1570 1109 1640 τῆς
1131 1578 1180 1625 a'
1197 1569 1664 1641 Ἐπιστολῆς-(1).

1954 1574 2038 1631 13.
2059 1573 2272 1627 Eusebii
2292 1590 2356 1627 ex
2378 1574 2546 1641 primo
2573 1574 2801 1644 capitulo
2831 1572 3081 1642 Epistolte
3100 1574 3302 1641 prima.

240 1660 345 1713 Βία
377 1658 496 1731 Θεῷ
527 1662 588 1713 οὑ
622 1661 933 1733 πρόσεστιν.

1915 1665 2074 1720 Nulla
2111 1665 2278 1720 Deum
2307 1665 2390 1722 vis
2421 1666 2584 1736 cogit.

241 1814 320 1940 gl)
349 1815 427 1871 ita
472 1831 700 1887 prorsus
755 1819 1017 1874 scribitur
1046 1817 1102 1872 in
1156 1819 1248 1873 illo
1273 1819 1460 1874 codice
1491 1817 1615 1874 Vat.
1659 1818 1737 1890 (p.
1844 1837 1964 1877 rum
2005 1823 2061 1876 in
2103 1822 2285 1891 plures
2321 1822 2490 1876 libros
2538 1822 2886 1888 distinctum;
2940 1837 3169 1892 quarum
3222 1823 3414 1878 saltem

301 1885 376 1940 bl.
396 1887 540 1940 unde
568 1903 668 1940 nos
701 1891 1036 1940 sumpsimus
1065 1888 1274 1940 Leontii
1303 1899 1356 1940 et
1382 1889 1608 1940 Joannis
1636 1887 1739 1940 Sa-
1846 1892 2136 1940 nonnullas
2171 1892 2240 1940 ob
2274 1892 2636 1940 nmlixitatem
2669 1893 2818 1940 (nuta
2860 1893 2926 1940 de
2957 1893 3120 1940 rebus
3155 1891 3405 1940 doamau.

161 1885 276 1941 119
301 1885 376 1952 b),
396 1885 540 1942 unde
568 1903 669 1962 nos
701 1891 1036 1962 sumpsimus
1065 1888 1274 1944 Leontii
1301 1889 1608 1962 e_t__Joannis
1636 1885 1739 1944 Sh-
1846 1885 2136 1948 nonnullas
2171 1892 2240 1946 ob
2273 1892 2636 1962 prolixitatem
2669 1893 2819 1960 (puta
2860 1885 2926 1950 de
2957 1885 3120 1949 rebus
3155 1891 3405 1962 dogmati-

161 1971 386 2031 crarum
416 1973 590 2031 rerum
613 1958 841 2031 librum,
871 1959 1068 2027 Script.
1099 1969 1194 2014 vet.
1222 1966 1282 2031 t.
1301 1958 1406 2015 VII.
1446 1959 1624 2031 Quare
1654 1975 1740 2031 se-
1847 1962 1951 2031 cis)
1975 1958 2348 2031 inter-capitari
2377 1977 2516 2030 opus
2543 1958 2724 2018 fuerit.

161 2026 366 2098 quitur
383 2035 442 2081 ut
464 2027 842 2086 existimemus
879 2026 1157 2086 exstitisse
1203 2030 1456 2085 volumen
1485 2029 1743 2098 epistola-

162 2213 3404 2252 Μ

863 2396 1619 2553 EUSEBII
1801 2395 2715 2552 PAMPHILI

1171 2678 1852 2762 CJESABIENSIS
1921 2681 2393 2760 EPISCOPI

297 2865 896 2980 CANONES
955 2873 1395 2979 DECEM
1452 2869 2169 2980 HABMONUE
2228 2868 3295 3013 EVANGELIORUM,

1201 3080 1538 3142 Prcemissa
1568 3081 1650 3142 ad
1685 3080 2072 3160 Carpianum
2105 3081 2395 3164 epistola.

900 3240 1186 3306 (Gnatum,
1220 3241 1454 3292 Veterum
1479 3241 1686 3291 Patrum
1711 3238 1961 3304 Biblioth.,
1984 3243 2047 3304 II,
2073 3243 2184 3306 553,
2209 3249 2262 3293 et
2284 3243 2486 3308 Proleg.
2509 3257 2559 3310 p.
2581 3245 2701 3308 ων.)

1776 3379 1846 3394 ’.-

1411 3598 1413 3600 γ
1492 3478 2113 3572 MONITUM.

577 3665 685 3738 (Ea:
709 3666 935 3724 Joannis
970 3667 1132 3724 Miilii
1159 3667 1559 3740 Prolegomenia
1591 3669 1660 3724 ad
1693 3667 1902 3726 Novum
1934 3669 2324 3725 Testamentum
2361 3669 2624 3736 Grecam,
2656 3666 2718 3741 §§
2744 3667 3030 3741 738-7M.)

263 3957 283 3991 ι
313 3936 460 3993 Inter
487 3936 594 3992 alia
623 3935 842 3993 Eusebii
867 3953 1032 4009 opera
1063 3947 1245 3994 exstat
1275 3940 1506 4011 epistola
1535 3941 1657 4011 ejus
1685 3941 1754 3995 ad
1789 3949 1830 4005 Β
1857 3937 2274 3994 monstrandam
2338 3934 2641 3990 Diatessari
2700 3933 2866 4002 hujus
2928 3934 3316 4003 perfectionem
3375 3945 3428 3997 et

185 4031 546 4102 Carpianum,
580 4045 743 4099 quam
779 4046 913 4086 mss.
953 4031 1226 4102 plerisque
1257 4032 1542 4088 codicibus
1575 4034 1757 4088 Evanv
1861 4031 2252 4102 integritatem.
2304 4027 2487 4096 Neque
2529 4025 2621 4080 alii
2666 4025 2762 4078 υῙὶί
2806 4024 2983 4080 adhuc
3027 4026 3150 4080 “sui
3178 4027 3426 4087 ῖῐιεεΐνίθ

185 4125 455 4197 geliorum
497 4122 772 4191 praefixam
816 4123 1000 4176 videre
1029 4131 1136 4188 est,
1177 4139 1286 4177 una
1329 4137 1452 4178 cum
1501 4124 1619 4194 ejus
1655 4123 1760 4179 Ca-
1860 4125 1955 4179 bat
1988 4143 2002 4180 :
2030 4123 2174 4178 unde
2203 4137 2304 4177 nec
2331 4118 2591 4175 credibile
2620 4126 2724 4183 est,
2761 4133 3022 4172 numeros
3061 4119 3197 4174 istos
3235 4136 3428 4194 propa-

187 4229 344 4280 none,
383 4228 545 4283 quem
579 4220 800 4277 vocant,
827 4215 943 4268 sive
974 4214 1149 4268 decem
1181 4213 1398 4280 tabulis,
1428 4216 1480 4269 in
1505 4231 1644 4285 quas
1673 4233 1762 4270 re-
1862 4228 2018 4290 gatos
2047 4217 2218 4272 fuisse
2247 4215 2389 4269 ultra
2422 4213 2594 4284 ipsius
2622 4211 2896 4265 Ammonii
2923 4213 3224 4282 exemplar.

189 4307 320 4360 tulit
363 4320 624 4361 numeros
668 4305 1065 4361 Ammonianos.
1112 4305 1321 4361 Horum
1369 4316 1548 4362 autem
1588 4309 1760 4364 artiﬁ-
1932 4310 2046 4364 lloc
2081 4323 2204 4362 cum
2255 4308 2311 4361 in
2355 4305 2619 4360 Caesarea:
2657 4302 2985 4357 bibliotheca
3039 4304 3213 4359 aliave
3255 4305 3430 4377 aliqua

188 4398 362 4462 cium,
388 4412 660 4466 usumque
687 4412 848 4467 quem
879 4397 1122 4466 prmbent
1155 4398 1444 4468 insignem,
1475 4397 1530 4451 in
1565 4413 1763 4468 repraz-
1865 4401 2167 4471 repositum
2196 4399 2492 4469 reperisset
2523 4395 2812 4458 Eusebius,
2842 4396 2899 4448 in
2948 4405 3181 4450 mentem
3213 4398 3317 4468 ipsi
3352 4415 3425 4455 ve

191 4491 461 4545 sentanda
521 4497 756 4561 quatuor
801 4488 1212 4559 Evangeliorum
1272 4490 1591 4553 harmonia,
1649 4490 1761 4558 jam
1864 4493 1977 4556 nit,
2018 4489 2316 4545 harmonia:
2356 4489 2551 4557 hujus,
2586 4502 3050 4556 numerorumque
3091 4488 3432 4544 Ammoniani

186 4579 430 4635 breviter
463 4580 879 4650 explicabimus.
913 4579 1053 4634 Ante
1085 4593 1259 4634 annos
1287 4589 1504 4634 centum
1539 4578 1763 4636 Ammo-
1869 4581 2286 4652 Evangeliorum
2322 4577 2530 4632 codicis
2559 4590 2682 4644 cpe,
2712 4573 2924 4629 institui
2959 4589 3024 4628 ac
3054 4575 3432 4644 repraesentari

189 4672 319 4725 nius
353 4670 778 4733 Alexandrinus,
831 4669 1092 4740 singulari
1129 4677 1246 4724 arte
1275 4679 1435 4740 atquc
1466 4671 1666 4733 studio,
1699 4686 1766 4725 ex
1871 4687 2034 4744 posse
2078 4673 2354 4740 integrum
2421 4677 2474 4723 et
2541 4667 2843 4738 perfectum
2897 4664 3281 4732 Diatessaron,
3337 4681 3433 4719 σω·

190 4770 433 4834 quatuor
463 4763 671 4818 nostris
704 4761 1016 4832 Evangeliis
1052 4761 1194 4815 inter
1221 4777 1280 4816 se
1319 4762 1553 4827 collatis,
1590 4778 1690 4816 con

1926 4764 2095 4834 ιμένου
2130 4763 2224 4815 καὶ
2249 4760 2340 4814 τοῦ
2371 4760 2479 4814 τῶν
2499 4756 2899 4827 εὐαγγελιστῶν
2930 4756 2996 4809 δι’
3034 4756 3154 4810 ὅλου
3189 4754 3432 4827 σώματός

193 4862 346 4910 cerat
405 4853 700 4923 ipsissimis
761 4853 1216 4922 evangelistarum
1269 4854 1450 4908 verbis
1501 4854 1766 4924 integram
1867 4873 1928 4908 τε
1957 4854 2051 4907 καὶ
2080 4852 2296 4925 εἱρμοῦ,
2330 4859 2390 4906 ιιι
2420 4850 2641 4906 Eusebii
2671 4848 2852 4903 verbis
2894 4855 3036 4901 utar.
3064 4846 3290 4918 Nempe,
3324 4862 3424 4917 per

192 4944 486 5017 quamdam
526 4943 811 4999 historiam
843 4944 1234 5012 evangelicam,
1271 4960 1367 5000 seu
1397 4945 1765 5001 Diatessaron.
1871 4947 2120 5003 lustratis
2175 4945 2408 5016 singulis
2462 4943 2758 4998 harmoniae
2801 4943 2959 4996 istius
3009 4941 3278 5011 partibus,
3335 4954 3436 4994 una

195 5035 336 5090 Cum
359 5035 594 5104 primum
617 5047 796 5091 autem
825 5036 966 5090 hanc
994 5035 1334 5105 digessisset,
1355 5036 1521 5092 etiam
1550 5039 1770 5093 univer-
1871 5056 1995 5095 cum
2029 5039 2274 5094 numeris
2301 5038 2458 5106 juxta
2488 5035 2682 5106 positis
2705 5035 2762 5088 in
2785 5033 3029 5103 margine
3057 5031 3204 5102 (nam
3230 5039 3286 5086 et
3308 5029 3437 5096 illic,

194 5143 317 5183 sum
368 5126 784 5198 Evangeliorum
834 5134 1041 5181 textum
1088 5126 1143 5180 in
1195 5128 1465 5184 sectiones
1503 5130 1768 5199 quasdam
1872 5132 2077 5203 pariter
2103 5145 2168 5184 ac
2193 5130 2248 5183 in
2271 5130 2461 5183 codice
2486 5133 2607 5198 ejus
2626 5127 2939 5197 evangelico
2960 5131 3250 5180 annotatos
3272 5121 3437 5178 fuisse

194 5219 406 5283 divisit,
441 5227 496 5276 et
538 5220 687 5274 notis
731 5218 1105 5273 numeralibus
1147 5218 1395 5274 distinxit
1428 5221 1484 5274 in
1523 5223 1770 5293 margine
1813 5291 1826 5293 _
1874 5237 2038 5292 supra
2071 5219 2459 5291 ostendimus),
2490 5219 2781 5275 constabat
2812 5233 3003 5273 omnes
3042 5215 3266 5270 omnino
3295 5213 3438 5284 peri-

195 5311 285 5367 sui
337 5309 689 5379 exemplaris.
749 5307 1032 5364 Sectiones
1079 5307 1200 5362 ista:
1258 5323 1370 5363 non
1422 5310 1542 5365 aliae
1590 5291 1768 5378 erant,
1797 5291 1840 5348 (ἶ
1873 5291 2040 5381 copas
2088 5310 2386 5380 evangelici
2434 5307 2642 5363 codicis
2700 5307 2768 5363 ad
2806 5308 2995 5362 decem
3051 5302 3274 5360 ordines
3329 5301 3438 5356 sive

194 5417 364 5474 quam
393 5416 532 5471 quas
569 5401 838 5470 hodieque
872 5400 930 5455 in
979 5403 1230 5456 codicum
1272 5412 1585 5457 nostrorum
1635 5419 1776 5458 mar—
1873 5404 2080 5458 classes
2102 5402 2290 5458 reduci
2324 5401 2588 5472 potuisse.
2619 5397 2715 5453 Vel
2737 5399 2883 5452 enim
2909 5394 3180 5466 ejusmodi
3209 5407 3354 5454 esse,
3387 5391 3438 5444 in

198 5493 324 5562 gine
353 5491 603 5545 interiori
628 5491 875 5560 adpictas
907 5492 1482 5548 videmusznimirum
1505 5495 1560 5548 in
1591 5493 1769 5550 Evan-
1875 5495 2075 5565 quibus
2128 5509 2318 5558 omnes
2372 5501 2608 5563 quatuor
2666 5489 3013 5558 evangelista;
3069 5484 3437 5539 conveniant:

197 5585 340 5656 gelio
383 5582 626 5637 Matt/uti
673 5583 802 5649 555,
857 5582 1035 5637 Marci
1071 5583 1198 5647 256,
1227 5583 1387 5640 Luca:
1430 5586 1557 5650 540,
1599 5585 1772 5641 Joan-
1875 5589 1961 5642 vel
1999 5602 2064 5642 ex
2098 5587 2164 5641 iis
2197 5594 2309 5641 tres
2342 5593 2586 5650 tantum;
2628 5597 2823 5652 nempe
2861 5579 3001 5635 Mat.
3034 5577 3180 5632 Mar.
3215 5575 3344 5630 Lac.
3369 5602 3436 5614 -

201 5677 286 5731 nis
315 5675 443 5730 252.
480 5674 806 5731 Divisionem
834 5685 1012 5732 autem
1057 5676 1200 5731 hanc
1239 5677 1382 5732 haud
1415 5677 1521 5732 alio
1561 5678 1664 5735 fine
1696 5679 1773 5733 in-
1875 5677 2011 5734 Mat.
2044 5676 2170 5731 Luc.
2198 5674 2597 5731 Jama—Mat.
2628 5672 2798 5726 Marc.
2829 5669 2990 5725 Ioan.
3018 5669 3141 5724 :vel
3163 5668 3272 5722 duo
3296 5667 3436 5720 dun.

203 5769 449 5828 stitutam
491 5767 558 5822 ab
593 5775 813 5823 auctore
861 5782 1027 5837 supra
1068 5767 1327 5838 diximus,
1374 5783 1537 5839 quam
1588 5768 1655 5824 ad
1685 5769 1772 5828 de-
1873 5778 2056 5838 taxat;
2106 5769 2238 5825 Mat.
2285 5768 2413 5824 Luc.
2447 5765 2672 5823 ——Mat.
2737 5764 2972 5819 Mar.--
2995 5761 3130 5818 Mat.
3175 5758 3336 5816 Joan.
3365 5771 3439 5802 -ι
