3856 6226
393 374 536 435 i275

1085 372 1362 430 EUSEBH
1392 371 1881 429 CIESARIENSiS
1918 370 2069 429 OPP.
2103 372 2284 429 PARS
2321 370 2409 429 111.
2445 402 2514 413 -
2545 368 2957 426 EXEGETICA.

3533 364 3673 422 i276

392 492 526 553 Luc.
557 491 912 549 Han—Luc.
938 489 1121 546 Joan'.
1142 492 1250 546 :vel
1270 491 1508 561 denique
1533 492 1804 562 cujusque
1819 507 1985 547 evan-
2012 496 2056 552 Α
2086 491 2422 546 conveniunt
2457 508 2471 545 :
2497 503 2694 559 nempe
2713 486 2882 541 Marci
2911 491 2975 551 ε’,
3011 482 3174 539 Luca:
3202 487 3292 552 ιγ’,
3319 480 3555 537 Joannis
3589 488 3669 535 ιε’.

394 589 601 659 gelistae
611 601 735 642 esse
750 584 1001 656 pr0prias
1016 591 1070 639 et
1084 583 1412 654 peculiares.
1425 583 1569 639 Istas
1585 584 1986 655 igituruniver—

395 696 488 736 sas
505 678 725 735 reduxit
763 678 831 733 ad
860 677 1050 732 decem
1086 675 1340 731 tabulas:
1363 675 1650 747 pericopas
1676 676 1889 732 scilicet
1928 677 1986 731 in

393 772 597 844 quibus
614 778 851 841 quatuor
880 768 1230 838 evangelistae
1256 767 1614 833 concordant,
1649 766 1716 821 ad
1741 767 1985 822 tabulam

394 865 627 935 primam
652 881 667 930 ;
699 865 753 916 iu
773 862 973 932 quibus
993 860 1131 916 Mat.
1168 859 1312 914 Mar.
1333 858 1462 913 Luc.
1482 859 1550 914 ad
1568 857 1867 914 secundam
1889 876 1904 926 ;
1928 858 1984 913 in

395 956 596 1025 quibus
617 953 811 1008 Matth.
832 954 966 1007 Luc.
988 951 1152 1007 Joan.
1178 953 1244 1007 ad
1262 952 1513 1017 tertiam;
1540 951 1595 1005 in
1627 951 1828 1021 quibus
1844 948 1981 1006 Mat.

397 1047 541 1102 Mar.
558 1045 720 1102 Joan.
742 1046 811 1101 ad
831 1054 1084 1116 quartam
1107 1064 1122 1112 ;
1140 1046 1193 1100 in
1212 1045 1414 1116 quibus
1433 1042 1572 1099 Mat.
1589 1042 1719 1096 Luc.
1736 1042 1803 1096 ad
1825 1043 1986 1113 quin-

393 1150 503 1194 tam
525 1157 539 1206 ;
556 1139 608 1192 in
624 1138 823 1209 quibus
841 1136 978 1193 Mat.
1014 1136 1157 1193 Mar.
1176 1137 1243 1191 ad
1262 1142 1469 1192 sextam
1491 1153 1504 1200 ;
1525 1135 1580 1189 in
1622 1134 1824 1205 quibus
1842 1133 1903 1189 Η
1906 1143 1982 1191 at.

391 1235 554 1290 Joan.
572 1234 640 1289 ad
656 1233 972 1304 septimam;
990 1236 1043 1287 in
1067 1234 1268 1304 quibus
1289 1230 1421 1285 Luc.
1442 1229 1586 1285 Mar.
1615 1231 1682 1285 ad
1695 1240 1941 1286 octavam
1965 1249 1980 1298 ;

392 1327 448 1383 in
477 1326 677 1397 quibus
707 1324 839 1378 Luc.
864 1323 1028 1381 Joan.
1066 1325 1131 1380 ad
1164 1339 1398 1379 nonam:
1435 1324 1677 1394 reliquas
1696 1338 1985 1394 vero,qute

394 1417 595 1488 cuique
618 1418 965 1489 evangelista:
996 1422 1126 1472 sunt
1156 1415 1480 1485 peculiares,
1513 1413 1578 1469 ad
1607 1412 1898 1468 decimam.

466 1506 702 1578 Digestis
752 1508 857 1564 hoc
894 1507 1058 1562 modo
1112 1507 1168 1560 in
1217 1506 1406 1560 decem
1459 1503 1681 1559 tabulas
1732 1503 1979 1560 numeris

391 1601 794 1666 Ammonianis,
825 1617 949 1656 mox
978 1600 1172 1656 iisdem
1213 1598 1417 1655 suﬂixit
1447 1598 1504 1651 in
1532 1598 1779 1668 margine
1798 1597 1979 1653 Evan-

390 1693 658 1767 geliorum
688 1708 850 1747 uuam
884 1692 1122 1762 aliquam
1159 1706 1189 1746 e
1217 1690 1411 1762 primis
1448 1688 1647 1743 litteris
1682 1689 1978 1760 alphabeti,

391 1800 513 1855 quae
558 1786 895 1856 signiﬁcaret
927 1785 1192 1847 tabulam,
1226 1782 1295 1838 ad
1338 1798 1500 1853 quam
1551 1797 1818 1838 numerus
1870 1781 1978 1838 iste

2091 582 2185 639 Sic
2218 582 2411 638 Matth.
2456 598 2514 645 v,
2546 581 2640 645 27,
2686 581 2754 635 ad
2799 581 2928 642 ista,
2977 576 3295 641 Ἠκούσατε,
3335 575 3422 628 ὅτι
3467 573 3672 646 ὲρρἐη

2085 680 2199 741 τοῖς
2231 676 2502 748 ἀρχαίοις,
2557 674 2633 728 Οὐ
2660 671 2987 745 μοιχεύσεις,
3042 677 3287 725 notatum
3323 668 3583 722 videmus
3605 667 3671 719 ad

2086 785 2239 827 oram
2295 768 2507 824 codicis
2565 765 2666 833 λζ’,
2717 780 2841 821 cum
2884 782 2900 817 ι
2953 761 3188 829 sufﬁxo;
3233 759 3381 831 quod
3425 758 3675 813 ostendit

2090 862 2385 933 pericopen
2450 862 2614 916 istam
2671 859 2739 915 ad
2787 856 3031 913 tabulam
3088 853 3361 909 decimam
3421 850 3625 905 referri
3653 888 3672 910 ,

2086 954 2319 1025 ideoque
2356 952 2634 1023 peculiare
2667 947 2942 1021 quoddam
2991 952 3373 1016 argumentum
3402 949 3671 1004 tractare,

2088 1048 2299 1103 caeteris
2334 1044 2693 1116 evangelistis
2721 1044 3012 1097 intactum.
3043 1038 3230 1109 Neque
3267 1050 3399 1091 vero
3457 1034 3671 1089 miran-

2086 1139 2215 1195 dum
2246 1179 2262 1205 ,
2328 1138 2375 1193 si
2426 1141 2750 1208 argumenta
2807 1133 3020 1204 singula
3077 1130 3336 1188 distincta
3399 1128 3470 1183 ad
3538 1142 3672 1184 suas

2086 1232 2304 1287 tabulas
2339 1230 2485 1285 haud
2530 1228 2802 1300 redegerit
2830 1225 3122 1281 Eusebius.
3155 1221 3344 1293 Neque
3377 1222 3530 1277 enim
3565 1220 3671 1275 hoc

2086 1323 2207 1380 siue
2262 1321 2502 1393 plurium
2562 1320 2629 1375 ad
2684 1319 2981 1390 marginem
3029 1316 3335 1372 sectionum
3387 1313 3671 1368 additione

2089 1412 2338 1486 praestari
2372 1418 2607 1483 poterat.
2637 1407 2772 1464 Illud
2812 1408 2914 1479 ipsi
2944 1407 3156 1469 datum,
3201 1412 3262 1459 ut
3285 1402 3671 1460 Ammonianis

2084 1505 2353 1571 numeris,
2403 1503 2596 1575 quales
2644 1500 2849 1572 adpicti
2880 1498 3097 1554 fuerant
3144 1497 3211 1552 ad
3259 1511 3412 1551 oram
3456 1494 3668 1550 codicis

2082 1600 2225 1670 ejus,
2282 1596 2568 1666 adaptaret
2611 1610 2744 1651 suos
2789 1593 3073 1658 Canones;
3108 1591 3213 1645 hoc
3258 1598 3366 1653 est,
3412 1589 3475 1649 iu
3516 1590 3669 1659 ipsos

2084 1695 2358 1766 digereret
2384 1691 2601 1762 singula
2632 1695 2977 1762 argumenta,
3013 1700 3135 1758 qua:
3168 1685 3314 1740 notis
3347 1682 3664 1737 Ammonia-

2085 1788 2174 1842 nis
2213 1786 2479 1843 distincta
2504 1783 2728 1854 reperit,
2772 1796 2886 1837 non
2932 1778 3067 1837 item
3100 1787 3163 1834 ut
3204 1777 3340 1833 alias
3368 1784 3538 1832 notas
3571 1772 3670 1829 ad-

389 1876 533 1933 foret
563 1877 887 1933 referendus
915 1896 928 1931 :
956 1894 990 1930 α
1025 1876 1237 1932 scilicet
1266 1877 1500 1946 primam
1536 1875 1802 1937 tabulam,
1829 1873 1859 1944 β
1886 1889 1973 1929 se-
2006 1888 2050 1944 Β
2078 1880 2253 1936 deret.
2293 1900 2310 1932 ι
2347 1878 2625 1934 Hactenus
2651 1876 2875 1931 Millius.

388 1969 650 2033 cundam,
685 1987 721 2038 γ
762 1970 1001 2029 tertiam.
1052 1977 1107 2025 et
1160 1969 1242 2025 sic
1284 1967 1561 2038 deinceps.
1600 1966 1713 2022 Hoc
1749 1966 1974 2038 quidem

388 2067 551 2128 pacto
590 2059 774 2112 statim
825 2057 893 2113 ad
925 2058 1146 2113 oculum
1195 2059 1628 2129 repraesentavit,
1681 2058 1736 2111 in
1773 2057 1975 2127 quibus

388 2148 527 2204 locis
568 2147 698 2215 duo,
732 2156 867 2214 tres,
907 2150 995 2205 vel
1046 2158 1282 2219 quatuor
1330 2148 1679 2220 evangelistae
1723 2148 1868 2203 inter
1915 2162 1976 2202 se

386 2240 824 2309 concordarent;
885 2242 969 2297 vel
1011 2243 1104 2298 ubi
1163 2242 1413 2312 ipsorum
1469 2241 1669 2311 aliquis
1725 2241 1974 2311 quaedam

387 2332 635 2396 haberet,
668 2348 786 2404 qua?
813 2348 922 2387 non
947 2342 1132 2389 essent
1171 2334 1227 2388 in
1267 2333 1490 2404 reliquis
1520 2334 1718 2389 tribus.
1754 2331 1853 2386 Ex.
1888 2347 1971 2403 μ’.

387 2423 582 2479 Matth.
619 2440 704 2488 Ill,
735 2424 825 2488 16,
862 2424 930 2479 ad
968 2425 1156 2490 verba,
1193 2425 1305 2479 Καὶ
1336 2423 1655 2496 βαπτισθεὶς
1689 2425 1718 2477 ὁ
1769 2421 1977 2496 Ἰησοῦς

386 2515 555 2588 ἀνέϐη
603 2515 764 2580 εὐθὺς
807 2517 916 2569 ἀπὸ
959 2516 1055 2571 τοῦ
1104 2517 1316 2585 ὓδατος,
1366 2517 1677 2588 appositum
1719 2516 1873 2572 vides
1916 2517 1975 2571 in

388 2608 638 2679 margine
665 2624 954 2664 numerum
995 2609 1076 2674 ιδ’,
1111 2625 1236 2664 cum
1268 2628 1303 2664 α
1331 2610 1643 2679 subscripto
1671 2629 1684 2664 :
1713 2607 1860 2680 quod
1887 2608 1975 2662 in-

387 2700 539 2757 dicat
579 2701 858 2771 pertinere
905 2717 1198 2756 numerum
1248 2702 1412 2756 istum
1461 2701 1530 2756 ad
1575 2701 1819 2756 tabulam
1864 2699 1978 2771 pri-

387 2806 554 2847 mam.
590 2792 676 2860 Εο,
696 2800 878 2848 autem
912 2792 968 2847 in
997 2792 1101 2847 hac
1124 2794 1309 2848 tabula
1349 2794 1593 2856 invento,
1621 2792 1779 2863 juxta
1810 2808 1976 2865 appa-

386 2893 515 2939 rent
540 2885 662 2943 loca
705 2885 1042 2956 reliquorum
1073 2884 1518 2959 Evangeliorum,
1554 2902 1678 2958 qua:
1698 2902 1824 2942 cum
1855 2886 1975 2958 ipso

483 3041 537 3109 α)
575 3039 737 3124 Mill...
764 3040 903 3098 Nov.
937 3042 1077 3125 Test.
1256 3057 1380 3113 pag.
1408 3043 1433 3096 1
1468 3057 1585 3166 seq.

487 3112 537 3166 bl
581 3112 863 3166 Martian..
911 3114 1044 3166 edit.
1092 3112 1317 3166 Hieron.
1360 3121 1494 3166 tom.
1567 3156 1581 3166 .

388 3112 547 3238 l
581 3112 863 3178 Martian.,
911 3114 1044 3169 edit.
1092 3110 1494 3170 Hieronftom.
1540 3110 1581 3181 Ι,
1614 3110 1975 3185 pagg.1429-

2150 1974 2421 2031 Caeterum
2472 1979 2587 2028 tum
2629 1969 2896 2044 epistolae,
2943 1977 3059 2022 tum
3110 1965 3396 2021 Canonum
3454 1970 3671 2018 textum

2078 2065 2472 2129 Eusebianum,
2523 2079 2588 2118 ex
2621 2062 2886 2133 praeclara
2930 2058 3178 2130 ejusdem
3223 2056 3379 2111 Millii
3419 2055 3671 2111 editione

2078 2156 2216 2213 Novi
2243 2153 2579 2212 Testamenti
2617 2151 2792 2208 Graeci
2820 2149 3228 2221 desumpsimus
3250 2147 3327 2222 (ιι)
3356 2166 3370 2203 :
3397 2148 3471 2202 ad
3504 2161 3669 2218 quem

2077 2250 2207 2304 item
2255 2248 2535 2317 exegimus
2593 2244 2913 2299 earumdem
2972 2241 3261 2298 Canonum
3312 2239 3668 2300 versionem,

2078 2357 2242 2414 quam
2279 2341 2424 2397 inter
2472 2339 2532 2395 S.
2588 2338 2907 2410 Hieronymi
2948 2351 3116 2407 opera
3168 2333 3389 2403 edidere
3433 2331 3666 2386 Martia-

2078 2449 2232 2490 nazus
2254 2434 2328 2504 (υ)
2360 2441 2416 2486 et
2446 2430 2751 2487 Vallarsius
2775 2430 2847 2501 (c)
2883 2448 2895 2484 :
2930 2429 3026 2486 sed
3055 2444 3123 2484 ex
3152 2427 3450 2482 collatione
3489 2423 3667 2479 Graeci

2079 2531 2263 2580 textus
2297 2522 2524 2577 Milliani
2564 2522 2852 2592 complura
2898 2520 3097 2576 menda
3147 2518 3501 2582 sustulimus,
3543 2529 3668 2585 qua

2079 2616 2134 2671 in
2162 2623 2452 2685 utramque
2472 2612 2951 2684 ﬂieronymianam
2975 2610 3272 2666 editionem
3297 2609 3667 2676 irrepserunt,

2078 2702 2140 2760 ut
2167 2705 2396 2760 cuilibet
2430 2703 2737 2759 attendenti
2763 2708 3102 2772 compertum
3137 2699 3249 2756 ﬁet.
3282 2696 3543 2753 Veterem
3574 2709 3665 2747 au-

2080 2805 2189 2852 tem
2240 2795 2495 2850 Latinam
2547 2794 2805 2865 Epistulae
2852 2792 3174 2849 Eusebianaa
3226 2794 3543 2847 versionem
3596 2798 3666 2842 ex

2079 2888 2334 2947 Fabricio
2355 2885 2432 2960 (ά)
2462 2885 2877 2956 descripsimus.

2151 3045 2221 3168 (:3)
2261 3043 2528 3106 Vallars..
2551 3042 2933 3127 _edit.iiieron.
2959 3048 3096 3096 tom.
3120 3039 3190 3103 Χ,
3210 3053 3375 3111 pagg.
3401 3035 3665 3094 οτιοεκ

2154 3118 2168 3168 t
2216 3117 2232 3168 l
2272 3114 2463 3168 Fahr..
2494 3113 2638 3168 Bibl.
2670 3113 2764 3168 (ιτ.
2800 3120 2934 3168 tom.
2965 3110 3057 3168 Vl.
3088 3126 3212 3168 οδε.
3243 3109 3338 3167 97.

2154 3109 2232 3189 (ά)
2272 3114 2463 3181 Fahr.,
2494 3113 2638 3169 Bibl.
2670 3112 2764 3168 Gr.
2800 3120 2934 3169 tom.
2965 3110 3057 3177 Vl,
3087 3126 3212 3182 pag.
3243 3109 3338 3167 97.

1119 3483 1749 3614 EUSEBII
1847 3483 2921 3615 CZESARIENSIS

1713 3735 2301 3831 EPISTOLA

1037 3931 1121 3993 IN
1191 3930 1802 4005 SUBSEQUENTES
1888 3931 2258 3995 CANONES
2345 3931 3010 3999 EVANGELIORUM.

507 4173 881 4233 EUSEBIUS
944 4173 1322 4231 CARPIANO
1394 4174 1672 4232 FRATRI
1758 4176 1848 4232 ΙΝ

966 4245 1275 4302 DOMINO
1325 4245 1385 4302 S.

456 4339 777 4396 Ammonius
825 4338 1046 4410 quidem
1085 4338 1512 4405 Alexandrinus,
1545 4355 1743 4410 magno
1778 4339 1964 4414 studio

382 4441 547 4503 atque
575 4429 847 4485 industria
865 4444 1037 4483 unum
1067 4429 1231 4484 nobis
1260 4444 1359 4499 pro
1391 4437 1632 4500 quatuor
1657 4429 1963 4501 Evangeliis

380 4523 694 4594 dereliquit.
769 4520 1015 4592 Namque
1060 4521 1229 4576 trium
1293 4521 1711 4593 Evangeliorum
1767 4537 1964 4579 sensus

379 4626 663 4689 exceptos,
685 4630 878 4672 omnes
899 4616 1107 4671 similes
1132 4621 1422 4671 contextus
1447 4615 1680 4671 Matthaei
1712 4614 1959 4687 Evange-

383 4709 458 4763 lio
489 4708 650 4779 quasi
698 4708 766 4763 ad
793 4723 962 4762 unum
995 4717 1310 4778 congestos,
1344 4709 1607 4764 annexuit
1633 4727 1645 4763 :
1679 4709 1753 4764 ita
1784 4716 1843 4763 ut
1869 4725 1963 4765 eo-

380 4799 654 4865 rumdem,
687 4810 954 4871 quantum
988 4797 1058 4852 ad
1095 4806 1343 4854 tenorem
1385 4801 1624 4870 pertinet
1678 4800 1958 4867 lectionis,

380 4910 617 4966 sequens
669 4894 782 4964 jam
842 4895 1019 4966 stylus
1078 4893 1420 4963 interruptus
1500 4908 1623 4948 esse
1687 4892 1955 4948 videatur.

382 4986 582 5043 Verum
626 4994 687 5041 ut
742 4986 894 5042 salvo
949 4999 1179 5055 corpore
1240 4984 1355 5040 sive
1414 4990 1586 5049 textu,
1635 4992 1959 5039 caeterorum

379 5080 803 5151 Evangeliorum
832 5077 1054 5149 propria
1087 5084 1140 5132 et
1175 5075 1468 5130 familiaria
1495 5076 1638 5139 loca,
1664 5074 1723 5129 in
1755 5073 1957 5145 quibus

377 5170 569 5228 eadem
624 5170 993 5239 similiterque
1036 5168 1319 5231 dixerunt,
1351 5168 1494 5224 scire
1530 5168 1713 5239 possis
1736 5183 1802 5223 ac
1831 5184 1959 5224 vere

378 5260 674 5327 disserere,
711 5269 937 5331 accepta
962 5261 1255 5317 occasione
1282 5275 1351 5315 ex
1396 5258 1644 5331 praedicti
1677 5257 1782 5315 viri
1834 5265 1954 5313 stu-

377 5351 493 5412 dio,
539 5352 648 5408 alia
711 5352 925 5407 ratione
969 5350 1158 5407 decem
1214 5365 1574 5406 numerorum
1617 5349 1717 5405 tibi
1767 5349 1957 5405 titulos

1996 4088 2070 4102 —

1991 4179 2041 4241 c
2071 4177 2444 4233 ΕγεειῖιοΣ
2504 4174 3299 4249 ἐίὲιῗῌὲᾼζῩῼηΑΓΑΠΗΤῼ

3362 4184 3665 4256 “eam

2491 4247 2597 4298 EN
2622 4246 2853 4314 ΚΥΡΙῼ
2888 4246 3221 4301 ΧΑΙΡΕΙΝ.

2150 4336 2458 4410 Ἀμμώνιος
2498 4336 2598 4407 μὲν
2649 4338 2678 4389 ὁ
2725 4333 3132 4411 Ἀλεξανδρεὺς,
3166 4338 3371 4413 πολλὴν
3398 4342 3480 4408 ὡς
3514 4345 3663 4410 εἰκὸς

2065 4429 2381 4500 φιλοπονίαν
2404 4430 2500 4482 καὶ
2525 4427 2762 4500 σπουδὴν
2787 4427 3145 4500 εἰσαγηοχὼς,
3174 4430 3236 4484 τὸ
3262 4431 3353 4486 διὰ
3372 4436 3661 4507 τεσσάρων

2068 4525 2199 4594 ἡμῖν
2245 4520 2636 4576 καταλέλοιπεν
2666 4521 3018 4590 Εὐαγγέλιον,
3058 4522 3138 4595 τῷ
3181 4525 3326 4578 κατὰ
3374 4527 3660 4582 Ματθαίον

2062 4616 2162 4679 τὰς
2195 4613 2508 4684 ὁμοφώνους
2544 4614 2653 4667 τῶν
2681 4612 2883 4667 λοιπῶν
2909 4614 3309 4683 εὐαγγελιστῶν
3340 4622 3658 4690 περικοπὰς

2063 4706 2352 4779 παραθεὶς,
2385 4707 2460 4770 ὡς
2493 4707 2553 4773 ἐξ
2577 4705 2824 4778 ἀνάγκης
2855 4707 3125 4779 συμϐῆναι
3152 4708 3245 4764 τὸν
3280 4711 3385 4781 τῆς
3422 4713 3659 4766 ἀκολου-

2062 4798 2186 4863 θίας
2223 4799 2412 4871 εἱρμὸν
2458 4798 2566 4851 τῶν
2612 4797 2780 4872 τριῶν
2826 4799 3208 4872 διαφθαρῆναι,
3263 4803 3391 4857 ὅσον
3436 4805 3536 4858 ἐπὶ
3577 4804 3654 4876 τῷ

2061 4890 2186 4961 ὕφει
2228 4891 2328 4962 τῆς
2375 4890 2757 4960 ἀναγνώσεως.
2795 4891 2913 4945 Ἵνα
2954 4890 3010 4945 δὲ
3054 4890 3365 4963 σωζομένου
3409 4896 3510 4950 καὶ
3551 4896 3651 4951 τοῦ

2057 4983 2166 5038 τῶν
2195 4982 2395 5036 λοιπῶν
2428 4982 2503 5036 δι’
2529 4981 2650 5035 ὅλου
2694 4980 2945 5054 σώματός
2978 5000 3039 5037 τε
3074 4985 3169 5038 καὶ⁸
3195 4986 3416 5057 εἱρμοῦ,
3447 4988 3653 5042 εἰδέναι

2058 5075 2202 5148 ἔχοις
2214 5077 2341 5135 τοὺς
2356 5073 2585 5138 οἰκείους
2597 5074 2829 5129 ἑκάστου
2847 5074 3234 5144 εὐαγγελιποῦ
3250 5078 3473 5142 τόπους,
3495 5080 3553 5131 ὲν
3567 5075 3650 5144 οἷς

2057 5168 2198 5222 κατὰ
2222 5166 2330 5221 τῶν
2346 5165 2572 5240 [αὐτῶν]
2605 5166 2911 5238 ἠνέχθησαν
2927 5167 3237 5239 φιλαλήθως
3252 5170 3453 5234 εἰπεῖν,
3473 5172 3538 5225 ἐκ
3553 5171 3648 5225 τοῦ
3744 5184 3748 5188 ·

2057 5261 2365 5330 πονήματος
2390 5258 2485 5312 τοῦ
2529 5259 2928 5331 προειρημένου
2969 5260 3163 5332 ἀνδρὸς
3189 5260 3434 5332 εἰληφὼς
3471 5263 3648 5333 ἀφορ-

2059 5352 2185 5422 μὰς,
2216 5351 2339 5405 καθ’
2371 5351 2567 5422 ἑτέραν
2601 5349 2819 5423 μέθοδον
2846 5350 3078 5416 κανόνας
3107 5351 3240 5405 δέκα
3273 5352 3368 5405 τὸν
3408 5354 3647 5425 ἀριθμὸν

380 5442 683 5515 designavi.
717 5444 961 5513 Quorum
1004 5449 1217 5519 primus
1258 5456 1496 5518 quatuor
1522 5446 1579 5501 in
1615 5462 1676 5503 se
1712 5447 1955 5502 continet

2080 5443 2350 5515 ῖιεχάραξὰ
2383 5462 2464 5497 σοι
2489 5445 2614 5508 τοὺς
2641 5442 3147 5513 ὑποτεταγμένους
3184 5437 3261 5498 ὧν
3296 5448 3327 5499 ὁ
3361 5446 3462 5517 μὲν
3496 5446 3645 5519 σπρῶ-

381 5552 657 5606 numeros,
684 5540 740 5594 in
771 5540 974 5609 quibus
1004 5541 1203 5596 similia
1227 5541 1297 5596 ab
1327 5540 1604 5597 universis
1628 5539 1773 5595 dicta
1801 5546 1950 5607 sunt,

2080 5553 2145 5599 ro;
2170 5537 2414 5608 περιέχει
2443 5534 2709 5607 ἀριθμοὺς
2737 5537 2798 5589 ἐν
2825 5530 2904 5600 οἷς
2925 5534 2994 5588 τὰ
3030 5536 3395 5608 παραπλήσια
3420 5540 3643 5611 εἰρήκει-

383 5626 656 5694 Μοωιωο,
685 5630 889 5693 Marco,
922 5630 1092 5696 Luca,
1120 5630 1353 5688 Joanne.
1390 5630 1701 5696 Secundus,
1736 5631 1792 5684 in
1824 5629 1948 5701 qui-

385 5717 488 5774 bus
532 5724 664 5784 tres,
699 5717 1006 5784 Mattbaeus,
1066 5720 1305 5788 Marcus,
1360 5720 1556 5778 Lucas.
1611 5721 1854 5788 Tertius,
1892 5721 1950 5776 in

387 5807 587 5871 quibus
637 5818 771 5871 tres.
806 5806 1112 5875 Matthaaus,
1142 5812 1341 5881 Lucas,
1382 5814 1637 5872 Joannes.
1684 5815 1948 5884 Quartus,

2055 5644 2140 5682 σιν
2170 5631 2221 5683 οἱ
2251 5629 2534 5698 τέσσαρες,
2564 5628 2864 5694 Ματθαῖος,
2893 5630 3140 5702 Μάρκος,
3178 5631 3424 5698 Λουκᾶς,
3465 5633 3638 5688 Ἰωάν-

2056 5739 2173 5793 νης.
2212 5722 2270 5775 Ὁ
2304 5720 2571 5794 δεύτερος,
2601 5723 2658 5776 ἐν
2696 5713 2741 5789 ᾧ
2771 5722 2822 5775 οἱ
2846 5723 3013 5794 τρεῖς,
3047 5720 3354 5789 Ματθαῖος,
3390 5726 3638 5797 Μάρκος,

2058 5813 2292 5878 Λουκᾶς.
2325 5812 2383 5869 '0
2405 5813 2606 5884 τρίτος,
2634 5813 2691 5868 ὲν
2717 5804 2762 5882 ᾧ
2784 5813 2835 5866 οἱ
2865 5813 3036 5882 τρεῖς,
3059 5813 3364 5879 Ματθαῐος.
3398 5818 3633 5878 Λουκᾶς.
