3814 6220
94 312 257 369 ΞΞἹΊ

1264 303 1588 360 CANONES
1625 298 2191 360 EVANGELIORUM.

3232 305 3374 363 19.73

108 431 397 498 Ἰωάννης.
428 426 485 480 '0
507 425 784 496 τέταρτος,
814 423 871 475 ἐν
892 413 936 490 ᾧ
955 423 1004 475 οἱ
1029 423 1192 494 τρεῖς,
1218 420 1514 484 Ματθαῖος,
1539 419 1674 492 Μάρ

1796 417 1850 471 in
1872 417 2218 487 quibustres,
2238 415 2548 482 Mattbaeus,
2568 417 2805 482 Marcus,
2829 416 3086 475 Joannes.
3110 418 3371 488 Quintus,

98 541 228 586 διος,
271 520 542 590 Ἰωάννης.
585 518 643 571 '0
682 518 951 588 πέμπτος,
985 518 1042 568 ὲν
1158 517 1205 568 οἱ
1239 514 1350 579 δύο,
1393 511 1689 576 Ματθαῖος,

95 615 349 676 Λουκᾶς.
389 613 446 665 'O
479 611 658 674 ἕκτος,
689 611 747 662 ὲν
867 610 915 660 oi
959 608 1070 672 δύο,
1105 605 1400 670 Ματθαῖος,
1443 604 1688 676 Μάρκος.

109 705 176 758 ’0
225 704 476 774 ἕϐδομος,
525 704 584 754 ὲν
714 701 764 753 οἱ
813 699 927 762 δύο,
975 698 1272 760 Ματθαῖος,
1315 697 1586 766 Ἰωάννης.
1635 696 1692 748 '0

95 796 315 864 ὃγδοος,
343 797 400 849 ὲν
429 787 473 862 ᾧ
499 796 548 847 οἱ
581 794 694 858 δύο,
727 792 973 863 Μάρκος,
997 791 1231 852 Λουκᾶς.
1274 791 1331 841 '0
1367 788 1604 851 ἕννατος,
1635 789 1692 841 ὲν

94 882 146 955 ᾧ
174 889 227 940 οἱ
257 888 370 952 δύο,
414 888 648 951 Λουκᾶς,
693 885 967 956 Ἰωάννης.
1003 885 1062 937 '0
1092 883 1333 944 δέκατος.
1377 881 1435 934 ἐν
1479 875 1522 949 ᾧ
1563 880 1691 949 περὶ

91 978 270 1031 τίνων
298 978 528 1041 ἕκαστος
554 977 733 1031 αὐτῶν
768 977 915 1040 ἰδίως
938 975 1262 1048 ἀνέγραψεν.
1289 973 1437 1043 Αὕτη
1469 972 1566 1043 μὲν
1598 967 1691 1025 οὖν

95 1069 134 1139 ἡ
163 1068 278 1121 τῶν
317 1068 778 1138 ὑποτεταγμένων
822 1067 1059 1120 κανόνων
1102 1065 1390 1127 ὑπόθεσις·
1427 1066 1460 1134 ἡ
1499 1064 1555 1117 δὲ
1595 1080 1691 1115 σα-

93 1161 211 1231 φὴς
254 1159 435 1213 αὐτῶν
479 1159 754 1230 διήγησις,
797 1157 943 1211 ἔστιν
987 1157 1099 1227 ἥδε.
1142 1157 1255 1226 Ἐφ’
1321 1156 1536 1226 ἑκάστῳ
1582 1154 1689 1206 τῶν

91 1253 386 1325 τεσσάρων
428 1250 774 1320 Εὑαγγελίων
817 1250 1048 1321 ἀριθμός
1094 1267 1178 1312 τις
1218 1249 1504 1321 πρόκειται
1549 1246 1689 1300 κατὰ

96 1345 294 1416 μέρος,
345 1343 645 1416 ἀρχόμενος
695 1342 802 1396 ἀπὸ
843 1341 938 1395 τοῦ
986 1339 1223 1412 πρώτου,
1265 1336 1383 1392 εἶτα
1413 1339 1686 1410 δευτέρου,

93 1435 195 1489 καὶ
239 1436 446 1505 τρίτου,
490 1435 584 1488 καὶ
616 1433 850 1504 καθεξῆς
892 1430 1094 1500 προῖὼν
1135 1432 1203 1484 δι’
1233 1431 1356 1484 ὅλου
1397 1431 1556 1502 μέχρι
1595 1428 1687 1482 τοῦ

88 1526 290 1589 τέλους
319 1526 414 1578 τοῦ
444 1525 669 1596 βιϐλίου.
698 1524 834 1578 Καθ’
859 1525 1090 1577 ἕκαστον
1114 1523 1170 1577 δὲ
1207 1521 1439 1594 ἀριθμὸν
1479 1522 1686 1590 ὑποση-

97 1617 333 1689 μείωσις
359 1617 447 1671 διὰ
470 1617 852 1688 κινναϐάρεως,
867 1616 1172 1687 πρόκειται,
1203 1613 1436 1684 δηλοῦσα
1468 1613 1524 1665 ὲν
1550 1612 1687 1668 ποίῳ

88 1709 210 1761 τῶν
237 1709 370 1762 δέκα
402 1709 639 1762 κανόνων
665 1724 916 1779 κειμενος
944 1710 971 1760 ὁ
993 1706 1223 1778 ἀριθμὸς
1254 1705 1531 1774 τυγχάνει.
1562 1699 1686 1756 Οἷον

1795 512 1851 565 in
1881 510 2083 580 quibus
2109 509 2238 575 duo,
2273 509 2582 578 Matthaeus,
2609 509 2808 566 Lucas.
2834 509 3054 576 Sextus,
3086 511 3141 566 in
3171 513 3372 583 quibus

1795 601 1925 667 duo,
1962 601 2270 669 biattbaaus,
2303 601 2542 657 Marcus.
2589 600 2889 673 Septimus,
2922 603 2978 657 in
3012 604 3210 674 quibus
3236 605 3368 669 duo,

1794 692 2104 760 Matthaeus,
2132 691 2394 748 Joannes.
2432 692 2692 759 Octavus,
2735 695 2789 748 in
2831 696 3030 764 quibus
3064 696 3195 760 duo,
3227 696 3371 750 Mar-

1795 801 1914 849 cus,
1947 785 2148 842 Lucas.
2174 785 2385 850 Nonus,
2409 786 2464 841 in
2498 787 2700 856 quibus
2730 787 2858 852 duo,
2877 786 3075 852 Lucas,
3106 785 3366 844 Joannes.

1793 877 2069 944 Decimus,
2096 880 2152 932 in
2199 879 2398 947 quibus
2441 879 2642 949 singuli
2692 879 2761 933 de
2788 879 3116 949 quibusdam
3149 880 3370 951 proprie

1794 972 2156 1040 scripserunt.
2191 968 2257 1024 Et
2317 971 2536 1040 quidem
2587 971 2962 1040 subjectorum
2997 971 3279 1025 titulorum
3314 972 3368 1026 id

1790 1074 1874 1119 est
1907 1072 2286 1132 argumentum
2333 1082 2346 1117 :
2383 1065 2530 1117 clara
2563 1079 2694 1118 vero
2746 1079 2936 1118 eorum
2975 1064 3219 1118 narratio
3252 1065 3369 1120 haec

1792 1161 1894 1210 est.
1923 1154 2136 1210 Etenim
2173 1171 2267 1226 per
2291 1156 2501 1225 singula
2531 1156 2646 1209 loca
2684 1155 3099 1225 Evangeliorum
3139 1157 3365 1226 quidam

1790 1266 2056 1305 numerus
2092 1249 2310 1304 videtur
2343 1251 2649 1320 appositus,
2706 1249 2967 1318 paulatim
3024 1250 3294 1320 incipiens
3335 1265 3368 1304 a

1792 1343 1988 1410 primo,
2039 1341 2236 1396 deinde
2290 1340 2552 1408 secundo,
2611 1347 2891 1411 postremo
2949 1341 3133 1406 tertio,
3166 1349 3220 1396 et
3271 1356 3367 1412 per

1789 1433 2035 1488 ordinem
2056 1435 2322 1488 librorum
2358 1432 2426 1486 ad
2458 1433 2618 1488 ﬁnem
2652 1449 2824 1502 usque
2847 1422 3218 1504 progrediens.
3255 1432 3366 1489 Ita-

1790 1541 1893 1595 que
1925 1542 2020 1595 per
2039 1526 2284 1596 singulos
2301 1540 2562 1580 numeros
2589 1525 2924 1594 supputatio,
2951 1541 3045 1596 per
3064 1526 3219 1581 linea:
3246 1526 3364 1580 dis-

1790 1618 2106 1672 tinctionem
2123 1617 2398 1671 invenitur
2414 1618 2641 1679 inserta,
2663 1617 2980 1687 signiﬁcans
2992 1618 3077 1671 cui
3093 1618 3158 1673 de
3171 1619 3360 1674 decem

1791 1707 1962 1762 titulis
1974 1707 2256 1777 appositus
2269 1721 2530 1762 numerus
2544 1705 3057 1777 assignetur.Veluti
3078 1709 3122 1763 si
3142 1708 3361 1777 quidem

88 1801 144 1854 εἰ
176 1801 281 1872 μὲν
309 1801 545 1872 α’,δῆλον
582 1801 656 1864 ὡς
681 1800 837 1871 ἐντῷ
867 1799 1068 1872 πρώτῳ
1087 1817 1100 1830 ο
1131 1801 1179 1853 εἰ
1211 1800 1266 1852 δὲ
1293 1798 1356 1869 β’,
1380 1800 1438 1850 ἐν
1463 1797 1541 1868 τῷ
1566 1797 1674 1848 δευ-

1795 1801 2052 1868 primum,
2075 1806 2285 1853 certum
2312 1805 2396 1854 est
2414 1798 2468 1852 in
2489 1799 2686 1866 primo.
2719 1795 2777 1852 Si
2801 1814 2930 1853 vero
2955 1799 3278 1863 secundum,
3307 1801 3360 1854 in

88 1892 245 1964 τέρῳ
263 1909 277 1922 ο
309 1892 404 1946 καὶ
429 1892 569 1945 οὕτω
592 1891 828 1961 καθεξῆς
857 1892 1018 1962 μέχρι
1045 1891 1154 1945 τῶν
1179 1891 1330 1944 δέκα.
1358 1890 1423 1942 Ei
1445 1885 1536 1942 οὖν
1564 1889 1688 1940 ἀνα-

91 1983 315 2047 πτύξας
337 1983 396 2036 ἓν
420 2001 472 2036 τι
491 1982 600 2036 τῶν
616 1983 894 2053 τεσσάρων
916 1982 1260 2052 Εὑαγγελίων
1281 1979 1682 2050 όποιονδήποτε,

89 2074 418 2146 βουληθείης
464 2073 750 2145 ἐπιστῆναὶ
788 2091 895 2127 τινι
1021 2073 1198 2144 βούλει
1237 2071 1543 2142 κεφαλαίῳ,
1590 2069 1684 2122 καὶ

88 2166 305 2235 γνῶναι
337 2166 481 2230 τίνες
515 2166 583 2220 τά
625 2166 983 2238 παραπλήσια
1027 2167 1303 2238 εἰρήκασι,
1333 2164 1428 2218 καὶ
1454 2164 1580 2226 τοὺς
1607 2165 1686 2215 oi-

88 2259 282 2321 κείους
308 2259 366 2311 ὲν
390 2258 606 2328 ἑκάστῳ
629 2258 825 2320 τόπους
847 2261 1048 2328 εὑρεῖν,
1087 2259 1144 2310 ἐν
1172 2252 1252 2320 οἷς
1283 2256 1425 2310 κατά
1450 2255 1558 2308 τῶν
1586 2255 1683 2306 αὺ-

88 2347 207 2400 τῶν
236 2347 561 2419 ἠνέχθησαν,
595 2343 662 2420 ἧς
691 2349 905 2419 ἐπέχεις
945 2349 1252 2420 περικοπῆς
1281 2345 1563 2400 ἀναλαϐὼν
1590 2345 1681 2398 τὸν

88 2441 460 2509 προκείμενον
490 2439 741 2511 ἀριθμὸν,
773 2440 1107 2513 ἐπιζητήσας
1148 2460 1207 2495 τε
1241 2442 1404 2494 αὐτὸν
1436 2441 1583 2494 ἔνδον
1622 2443 1680 2495 ὲν

87 2530 174 2599 τῷ
211 2531 414 2591 κανόνι,
449 2531 568 2602 ὃνή
605 2533 693 2587 διά
727 2535 820 2588 τοῦ
865 2534 1234 2604 κινναϐάρεως
1272 2534 1680 2605 ὑποσημεὶωσις

91 2626 655 2699 ὕποϐέϐληκεν,.εἱ’σῃ
693 2628 791 2699 μὲν
835 2627 996 2690 εὐθὺς
1042 2629 1106 2681 ὲκ
1142 2627 1250 2680 τῶν
1285 2627 1376 2679 ἐπὶ
1425 2626 1676 2697 μετώπου

87 2717 191 2772 τοῦ
231 2720 452 2784 κανόνος
489 2721 844 2792 προγραφῶν,
877 2721 1063 2774 ὁπόσοι
1093 2719 1186 2772 καὶ
1223 2719 1367 2780 τίνες
1403 2717 1470 2770 τὰ
1503 2734 1678 2788 παρα-

89 2809 306 2881 πλήσια
337 2813 640 2882 εἰρήκασιν.
678 2814 1010 2884 Ἐπιστήσας
1055 2812 1112 2866 δὲ
1156 2813 1249 2865 καὶ
1291 2813 1404 2874 τοῖς
1437 2810 1546 2876 τῶν
1571 2811 1677 2862 λοι-

87 2899 221 2954 πῶν
248 2902 595 2970 Εὐαγγελίων
628 2903 881 2975 ἀριθμοῖς
900 2906 1013 2967 τοῖς
1054 2907 1110 2957 ὲν
1146 2902 1224 2973 τῷ
1278 2903 1463 2956 κανόνι
1580 2904 1677 2955 ἐπ-

93 2989 247 3059 έχεις
279 2992 496 3063 ἀριθμῷ
519 2993 962 3065 παρακειμένοις,
1009 2994 1346 3064 ἐπιζητήσας
1372 3011 1432 3046 τε
1479 2993 1675 3055 αὐτοὺς

91 3081 246 3134 ἔνδον
278 3084 334 3136 ὲν
367 3087 478 3148 τοῖς
511 3085 731 3149 οἰκείοις
761 3085 989 3139 ἑκάστου
1005 3085 1339 3154 Εὐαγγελίου
1370 3086 1576 3151 τόποις,
1603 3083 1673 3136 τά

91 3174 455 3247 παραπλήσια
487 3176 741 3246 λέγοντας
765 3179 1033 3250 εὑρήσεις.

1698 3396 1741 3452 C.
1806 3384 2059 3442 lNClPlT
2098 3383 2329 3440 CANON
2366 3379 2627 3436 PRIMUS
2665 3379 2732 3434 IN
2770 3379 2914 3446 QUO
2951 3375 3310 3444 QUATUOR.

201 3389 270 3440 A.
309 3387 548 3441 ΚΑΝΩΝ
585 3388 850 3443 ΠΡΩΤΟΣ
889 3391 978 3444 ΕΝ
1096 3393 1161 3445 01
1197 3391 1561 3446 ΤΕΣΣΑΡΕΣ.

233 3505 356 3562 MT.
624 3506 743 3558 MP.
1035 3506 1104 3562 A.
1413 3508 1500 3562 ΙΩ.

235 3635 276 3688 τι
636 3617 666 3686 β
1023 3617 1056 3682 ζ
1427 3637 1444 3672 ι

242 3705 297 3741 ια
633 3689 662 3741 δ
1030 3707 1046 3742 ι
1416 3707 1457 3753 ς

240 3775 296 3814 ια
630 3757 660 3810 δ
1030 3776 1048 3811 ι
1419 3759 1471 3811 ιϐ

241 3843 295 3881 ια
631 3826 662 3879 δ
1025 3846 1044 3880 ι
1408 3829 1456 3882 ιδ

239 3915 294 3950 ια
634 3894 665 3950 δ
1031 3915 1048 3949 ι
1399 3916 1472 3969 κη

241 3985 289 4039 ιδ
626 4002 656 4039 ε
1026 4004 1081 4053 ιγ
1416 4007 1461 4042 ιε

240 4073 312 4124 κγ
627 4055 709 4130 Ικς
1020 4057 1080 4130 ,ις
1407 4077 1489 4130 μς

237 4143 310 4195 κγ
630 4127 699 4199 κς
1020 4127 1080 4180 λδ
1399 4127 1482 4199 μς

236 4213 308 4264 κγ
628 4196 696 4260 κζ
1014 4214 1084 4268 με
1402 4196 1484 4268 μς

239 4283 268 4318 ο
627 4282 660 4317 κ
1017 4266 1087 4332 λζ
1405 4266 1472 4336 λη

239 4360 314 4433 πζ
636 4357 728 4427 ρλθ
1014 4377 1076 4412 σν
1416 4378 1531 4433 ρμα

237 4432 309 4503 Ηη
627 4434 711 4503 μς
1017 4437 1113 4498 ρις¹
1405 4432 1477 4503 ρκ

235 4501 306 4573 μη
625 4500 706 4573 Ῥις
1021 4516 1118 4570 ρις
1405 4500 1495 4573 Ρια

235 4571 308 4642 μη
625 4571 704 4642 μς
1013 4586 1110 4640 ρις

234 4640 306 4708 ι*ιη
628 4641 708 4703 ιτς
1018 4657 1116 4712 ρις
1403 4640 1502 4713 ρκθ

233 4730 306 4804 ιω
624 4731 706 4804 hs
1022 4746 1118 4804 ρες
1403 4732 1505 4804 ρλα

233 4795 334 4867 ρλγ
624 4795 688 4860 λς
1018 4795 1080 4874 ὸς
1397 4795 1462 4874 ῥβ

234 4883 263 4936 ρ
271 4883 347 4937 μα
623 4884 651 4918 ν
1022 4870 1072 4922 ιθ
1397 4870 1459 4924 νθ

233 4937 343 5008 ρμϐ
625 4954 690 5008 να
1015 4956 1087 4992 κα
1400 4941 1459 4994 λε

235 5005 339 5077 Pi“.
621 5005 678 5072 ξδ
1023 5013 1096 5078 HT
1411 5010 1482 5082 μθ

231 5096 328 5168 ρξε,
623 5097 693 5151 πδ
1007 5099 1075 5164 ιιδ
1410 5099 1463 5164 ιζ

229 5168 336 5238 ρξς-
618 5168 693 5220 πϐ
1010 5170 1078 5235 ιπδ
1395 5171 1454 5224 οδ

230 5237 292 5288 σθ
623 5237 710 5308 ριθ
1011 5239 1103 5315 σλδ
1408 5259 1440 5315 ρ

229 5323 320 5359 σια
621 5325 726 5377 ρκα
1010 5310 1109 5377 σλη
1397 5310 1470 5366 κα

229 5391 298 5430 σκ
622 5378 724 5448 ρκϐ
1019 5378 1114 5433 σλθ
1411 5383 1476 5447 οξ

231 5483 299 5520 σκ
355 5469 361 5476 ⁷
624 5469 724 5541 ρκθ
1012 5471 1122 5541 σμϐ
1404 5490 1476 5526 πε

231 5490 299 5520 σκ
624 5490 724 5541 ρκυ
1012 5490 1043 5525 σ
1089 5490 1121 5524 ο
1404 5490 1476 5526 πε

227 5553 297 5590 σκ
311 5605 334 5613 Δ
626 5540 729 5613 ρκϐ
1010 5490 1108 5606 oga
1407 5558 1486 5613 πη

228 5605 336 5684 ore
616 5605 710 5684 ρλθ
1011 5605 1073 5664 σν
1415 5605 1526 5684 pila

230 5675 335 5756 σμὲ
616 5675 711 5750 ῥλθ
1008 5699 1075 5756 σν
1398 5675 1529 5756 ’ρἱις

1789 1893 2056 1958 secundo,
2081 1899 2135 1947 et
2160 1892 2348 1947 eodem
2373 1892 2536 1945 modo
2568 1907 2742 1961 usque
2773 1892 2841 1945 ad
2865 1895 3072 1946 decem.
3108 1891 3165 1945 Si
3196 1894 3358 1962 igitur

1787 1987 2004 2041 evoluto
2036 1999 2144 2039 uno
2172 1985 2545 2054 qualicunque
2579 1999 2704 2039 cum
2758 1992 2994 2055 quatuor
3027 1984 3357 2053 Evangeliis,

1786 2079 2007 2132 cuilibet
2029 2076 2269 2147 capitulo
2283 2076 2419 2130 velis
2449 2076 2724 2140 insistere,
2758 2083 2811 2130 et
2845 2077 3046 2131 rescire
3077 2075 3169 2146 qui
3203 2075 3358 2129 simi-

1785 2168 1855 2221 lia
1877 2168 2142 2235 dixerint,
2173 2168 2366 2222 etloca
2402 2167 2624 2236 propria
2654 2182 2954 2236 agnoscere
2989 2167 3355 2236 singulorum,

1783 2260 2071 2330 inquibus
2131 2260 2322 2314 eadem
2373 2267 2501 2313 sunt
2550 2259 2818 2329 prolocuti
2877 2259 3122 2328 ejusdem
3160 2273 3360 2316 sensus

1782 2368 1942 2422 quem
1977 2360 2168 2417 tenes;
2200 2351 2449 2420 relegens
2485 2352 2824 2421 propositum
2860 2360 3171 2415 numerum,
3203 2367 3356 2421 qure-

1781 2445 2054 2514 situmque
2083 2458 2206 2498 eum
2237 2442 2292 2497 in
2318 2442 2479 2496 titulo
2503 2458 2664 2512 quem
2691 2443 3027 2498 demonstrat
3050 2443 3191 2496 tituli
3226 2443 3358 2498 sub-

1780 2539 2009 2601 notatio,
2034 2537 2297 2590 continuo
2321 2535 2464 2590 scire
2481 2543 2637 2604 potes
2665 2550 2729 2589 ex
2762 2535 3351 2604 suprascriptionibus,

1779 2645 1915 2700 quas
1947 2631 2000 2684 in
2064 2628 2244 2683 fronte
2279 2636 2499 2683 notatas
2539 2627 2819 2692 invenies,
2845 2627 2938 2697 Qui
2991 2636 3083 2680 aut
3119 2633 3253 2696 quot
3286 2627 3354 2682 de

1778 2724 1864 2778 his
1893 2739 2012 2794 quae
2048 2722 2302 2792 inquiris,
2336 2712 2536 2776 similia
2579 2719 2837 2774 dixerint.
2889 2717 3127 2773 Veniens
3184 2719 3350 2773 etiam

1778 2815 1844 2870 ad
1870 2816 2078 2885 reliqua
2125 2813 2415 2882 Evangelia
2455 2827 2550 2882 per
2583 2811 2831 2865 eumdem
2864 2824 3152 2863 numerum
3185 2823 3349 2878 quem

1752 2890 2078 2972 cont-inerit,
2111 2904 2321 2959 videbis
2355 2902 2632 2972 appositos
2657 2915 2752 2971 per
2783 2901 3024 2969 singulos
3061 2915 3346 2962 numeros,

1776 3006 1939 3067 atque
1973 3011 2070 3051 eos
2116 2997 2173 3050 in
2205 2994 2321 3050 suis
2351 2992 2700 3063 propriisque
2751 2992 2886 3047 lo’cis
2915 2990 3113 3047 similia
3143 2989 3350 3048 dixisse

1779 3102 2038 3157 reperies.

1843 3493 2105 3549 MATTH.
2252 3488 2462 3544 MARC.
2611 3485 2854 3542 LUCAS.
3033 3483 3225 3540 JOAN.

1841 3609 1935 3662 viii
2235 3605 2272 3658 ii
2627 3603 2703 3658 vii
3026 3618 3057 3654 x

1839 3680 1893 3732 xi
2230 3676 2284 3728 iv
2629 3689 2661 3725 x
3024 3673 3076 3723 vi

1838 3749 1892 3803 xi
2231 3747 2284 3799 iv
2629 3757 2660 3795 x
3023 3742 3098 3794 xii

1838 3818 1893 3870 xi
2229 3816 2285 3869 iv
2626 3828 2658 3866 ι
3019 3811 3110 3864 xiv

1839 3888 1894 3941 xi
2228 3886 2282 3939 iv
2626 3898 2660 3937 x
3016 3883 3182 3937 xxviii

1837 3979 1930 4034 xiv
2232 3993 2264 4031 v
2629 3974 2725 4029 xiii
3019 3991 3090 4027 xv

1839 4051 1974 4105 xxiii
2229 4047 2372 4101 xxvii
2630 4044 2741 4096 xvii
3018 4044 3128 4098 xlvi

1838 4121 1971 4175 xxiii
2229 4119 2373 4171 xxvii
2629 4114 2794 4168 xxxiv
3017 4116 3126 4167 xlvi

1835 4192 1971 4246 xxiii
2228 4187 2378 4241 xxvii
2630 4185 2722 4238 xlv
3020 4186 3127 4237 xlii

1836 4262 1928 4315 lxx
2230 4272 2300 4310 xx
2630 4256 2813 4310 xxxvii
3021 4256 3230 4318 xxxviii

1836 4355 2041 4409 lxxxvii
2232 4349 2431 4405 cxxxix
2645 4350 2726 4402 ccl
3027 4349 3133 4401 cxli

1836 4426 2003 4479 xcviii
2228 4421 2352 4476 xcvi
2643 4421 2768 4474 cxvi
3027 4433 3133 4472 cxx

1837 4496 2000 4550 xcviii
2227 4491 2349 4545 xcvi
2642 4492 2762 4544 cxvi
3027 4489 3114 4541 cxi

1838 4565 2000 4620 xcviii
2227 4563 2350 4615 xcvi
2641 4562 2762 4615 cxvi
3027 4561 3083 4611 xl

1836 4635 2000 4690 xcviii
2224 4633 2350 4685 xcvi
2641 4646 2703 4684 cx
2714 4632 2762 4684 vi
3025 4631 3188 4687 c-xxix

1692 4745 1739 4801 ι)
1831 4729 2028 4801 χονίίίῌ
2233 4724 2355 4780 xcvi
2383 4794 2416 4801 __
2636 4725 2796 4801 _cxvi__
3035 4723 3192 4801 txxxi

1830 4799 2034 4854 cxxxiii
2233 4794 2419 4849 xxxvii
2635 4795 2800 4848 lxxxii
3026 4797 3114 4850 cix

1831 4871 1937 4925 cxli
2231 4867 2247 4920 Ι
2634 4865 2727 4917 xix
3026 4866 3099 4918 lix

1830 4941 1961 4994 «xlii
2229 4936 2266 4990 li
2631 4935 2722 4987 xxi
3027 4949 3174 4990 xxxv

1831 5011 1994 5066 cxlvii
2228 5007 2338 5062 lxiv
2631 5004 2760 5058 xciii
3024 5006 3138 5062 xlix

1834 5102 1978 5157 clxvi
2229 5097 2414 5152 lxxxiv
2634 5096 2760 5148 xciv
3025 5096 3133 5149 xvii

1833 5173 1979 5227 clxvi
2235 5168 2408 5222 lxxxii
2631 5166 2756 5219 xciv
3022 5166 3172 5222 lxxiv

1831 5242 1953 5296 ccix
2229 5239 2353 5294 cxix
2632 5235 2864 5290 ccxxxiv
3018 5251 3048 5288 c

1831 5315 1952 5366 ecxi
2228 5309 2352 5364 cxxi
2632 5307 2898 5360 ccxxxviii
3017 5305 3108 5358 xxi

1833 5397 1969 5436 ccxx
2227 5379 2374 5433 cxxii
2630 5377 2857 5430 ccxxxix
3016 5377 3185 5431 lxxvii

1831 5488 1970 5527 ccxx
2227 5469 2392 5525 cxxix
2629 5467 2789 5521 ccxlii
3017 5469 3182 5523 lxxxv

1831 5558 1965 5597 ccxx
2226 5539 2370 5595 cxxii
2631 5538 2772 5591 cclxi
3015 5538 3244 5596 lxxxviii

1828 5613 2004 5666 ccxliv
2225 5612 2424 5666 cxxxix
2629 5609 2713 5662 ccl
3017 5608 3123 5661 cxli

1825 5683 2002 5735 ccxliv
2223 5685 2418 5738 cxxxix
2627 5680 2710 5734 ccl
3017 5678 3160 5736 cxlvi

1824 5753 2036 5809 cclxxiv
2221 5751 2326 5810 clvi
2619 5750 2738 5809 cclx
3018 5765 3089 5804 xx
