3856 6226
160 319 166 336 ι
197 293 336 351 1293

193 428 306 466 cum
341 419 389 466 in
412 418 489 467 via
505 415 840 466 moribundam
868 417 1074 465 leanam
1109 415 1285 466 catulis
1309 415 1450 464 simul
1477 419 1590 462 octo
1631 413 1772 473 juxta

194 482 439 542 porrectis
477 479 790 539 offendisset,
832 476 966 527 illico
1016 479 1254 542 temporis
1301 476 1513 542 spatium
1545 476 1780 542 coniecit,

191 537 294 603 quo
311 541 402 590 sibi
421 543 551 603 apud
584 537 1200 603 Persas‘commorandum
1235 537 1390 598 esset,
1427 537 1535 586 518.
1580 539 1781 598 Apollo-

195 601 309 651 nius
331 601 512 663 quibus
550 602 714 651 verbis
738 603 1008 650 Bardanem
1063 601 1434 663 Babyloniorum
1482 612 1654 663 regem
1682 605 1784 663 est

193 660 478 726 aggressus.
505 663 613 712 519.
641 665 932 726 Apollonius
971 661 1508 726 pulchritudinisds‘um‘
1537 660 1779 726 nefarium

194 722 464 774 amatorem
486 722 703 786 graviter
730 722 1043 787 objurgattim
1086 727 1291 786 repulit,
1334 723 1440 787 520.
1486 722 1781 787 Apollonius

197 783 617 849 Pythagoreorum
640 787 700 836 ad
720 783 1052 849 insitar'lustro
1073 783 1272 849 semper
1300 786 1470 840 tacuit,
1493 783 1607 849 521A.
1628 785 1781 844 Apol-

195 844 653 911 lonius'interprete
679 848 835 911 utitur
867 861 1133 911 peruquem
1174 844 1479 911 Pharaonem
1505 844 1674 911 Indize_
1696 857 1778 893 re-

193 922 310 972 gem
335 905 694 972 alloquéretur,
715 908 821 958 521.
851 905 1142 972 Apollonius
1165 909 1407 970 Egyptian
1442 908 1578 956 navis
1595 905 1781 968 guber-

198 969 422 1020 natorem
446 969 501 1020 se
527 973 675 1020 fuisse
697 969 958 1032 aliquando
979 969 1158 1020 Iarchze
1188 969 1566 1032 commemorat,
1611 975 1779 1032 contra

196 1047 316 1082 vero
358 1032 550 1083 [archas
589 1035 660 1082 ait
701 1029 910 1081 animam
955 1047 1090 1081 suam
1131 1031 1282 1080 fuisse
1333 1029 1592 1090 aliquando
1626 1031 1780 1090 regiae

197 1095 406 1144 fortunae
431 1108 608 1156 corpus
631 1095 871 1151 indutam,
905 1094 1014 1142 525.
1073 1094 1360 1156 Apollonius
1396 1094 1675 1156 d:em_onem
1713 1103 1775 1156 ex

197 1153 529 1206 adolescente
557 1156 742 1205 lascivo
783 1157 992 1218 pepulit,
1031 1153 1140 1218 55ᾼο.
1181 1153 1780 1218 ApolloniusEleusiniis

196 1219 348 1267 sacris
387 1220 672 1267 initiaturus
710 1232 735 1266 a
773 1215 1030 1266 sacerdote
1072 1215 1268 1266 Cereris
1303 1215 1578 1278 prohibitus
1598 1216 1688 1262 fuit
1728 1222 1781 1262 et

195 1292 370 1342 quare.
393 1280 502 1342 550.
531 1279 823 1336 Apollonius
847 1279 1015 1342 Romae
1039 1279 1178 1326 velut
1199 1279 1492 1342 inhonestus
1514 1278 1778 1342 circulator

196 1338 407 1392 carmina
429 1341 638 1390 Neronis
662 1342 821 1389 venali
847 1353 966 1388 voce
989 1341 1287 1394 decantavit.
1332 1338 1438 1388 550.
1467 1339 1776 1399 Apollonius,

198 1411 255 1452 ut
273 1405 452 1452 asserit
485 1401 829 1456 Philostratus,
845 1414 905 1449 ex
930 1415 1045 1462 pura
1069 1415 1123 1450 ac
1137 1403 1380 1462 tenuiqua
1395 1399 1777 1447 utebaturdiaata

199 1473 391 1527 pestem
417 1464 678 1527 Ephesinis
700 1466 1040 1527 imminentem
1078 1463 1357 1527 przesensit,
1402 1468 1456 1509 et
1476 1467 1777 1527 grassantem

197 1522 407 1584 sedavit,
449 1522 558 1574 554.
603 1527 894 1586 Apollonius
940 1525 1054 1573 ideo
1084 1522 1342 1572 divinandi
1389 1530 1549 1586 artem
1592 1522 1777 1586 callere

197 1582 402 1637 minime
421 1593 634 1648 poterat,
652 1582 776 1648 quia
796 1587 858 1634 de
884 1586 1034 1634 rebus
1062 1588 1222 1648 etiam
1253 1582 1516 1648 levissimis
1557 1584 1780 1648 quando-

194 1665 294 1712 que
327 1647 660 1712 interrogatus
703 1647 884 1712 dﬁubius
921 1647 1781 1712 lizerebat,__l5_51.Apolloniusinso-

196 1708 365 1761 lenter
393 1719 446 1759 et
476 1711 690 1771 superbe
711 1711 775 1758 de
794 1723 850 1758 se
879 1711 1115 1770 loquitur,
1157 1709 1265 1756 555.
1309 1708 1602 1771 Apollonius
1634 1711 1778 1771 veste

195 1771 390 1824 czeteris
409 1767 697 1820 mortalibus
723 1784 818 1819 non
845 1767 1109 1819 com'muni'
1135 1783 1253 1817 usus
1293 1767 1390 1824 est,
1415 1767 1526 1817 555.
1569 1769 1780 1829 Apollo-

196 1837 306 1884 nius
331 1841 476 1883 noctu
503 1834 553 1881 in
578 1847 747 1895 agrum
788 1832 1056 1894 profectus.
1095 1832 1342 1895 Arcadem,
1362 1831 1432 1878 ibi
1460 1842 1683 1895 puerum
1724 1829 1776 1877 in

195 1899 348 1946 frusta
374 1893 654 1958 discerpsit,
676 1893 1103 1958 555(Apollonius
1144 1894 1384 1958 Romaein
1426 1893 1616 1940 vincula
1663 1903 1781 1958 conf

188 1960 370 2022 jcctus,
394 1958 502 2005 555.
531 1953 826 2022 Apollonius
848 1953 1010 2022 coram
1037 1956 1316 2022 Domitiano
1340 1954 1550 2015 loquens
1574 1953 1778 2002 evanuit

195 2017 224 2070 ὲ
249 2024 516 2081 conspectu
539 2017 756 2067 omnium
781 2019 1060 2076 astantium,
1083 2017 1191 2066 556.

260 2102 554 2164 Apollonius
579 2101 642 2148 de
665 2100 928 2164 Parcarum
951 2099 1168 2164 potentia
1185 2096 1779 2164 disputavitapudiones,

193 2161 318 2211 558.’
358 2164 646 2223 Apollonius
667 2163 730 2210 de
756 2162 1013 2210 Parcarum
1046 2161 1251 2208 decreto
1295 2163 1361 2210 ita
1389 2161 1637 2209 concludit
1664 2173 1675 2205 :
1698 2163 1781 2223 cui

195 2225 296 2274 fato
313 2221 570 2273 decretum
608 2231 688 2272 est
725 2223 996 2272 architecto
1019 2235 1152 2282 esse,
1191 2223 1270 2270 vel
1313 2224 1354 2270 si
1400 2235 1576 2271 manus
1617 2221 1784 2270 ambas

197 2292 474 2342 truncetur,
502 2285 680 2334 evadet
704 2287 753 2333 in
797 2286 1141 2344 architectum,
1167 2285 1276 2332 558.
1301 2284 1593 2345 Apollonius
1614 2285 1784 2333 vincu-

196 2347 260 2398 lis
299 2349 568 2409 expeditus
589 2347 756 2409 iBoma
810 2346 1075 2395 Lebadiam
1117 2347 1284 2409 petiit,
1327 2345 1434 2409 540.
1490 2347 1784 2409 Apollonius

197 2407 429 2458 'l‘vaneiis
451 2409 542 2458 sub
563 2408 762 2457 Nerone
785 2411 1084 2470 imperatore
1124 2407 1310 2462 ﬂoruit.
1336 2407 1446 2458 512.
1489 2407 1784 2470 Apollonius

199 2473 280 2520 ubi
305 2477 545 2527 mortuus,
572 2472 834 2532 incertum,
858 2467 966 2519 541.
993 2470 1284 2532 Apollonius
1309 2481 1420 2517 cum
1445 2467 1683 2530 templum
1705 2467 1782 2516 in-

198 2546 399 2595 gressus
409 2540 564 2588 esset,
578 2529 730 2595 valvis
742 2538 951 2593 repente
964 2529 1170 2595 occlusis
1193 2531 1447 2595 disparuit,
1468 2529 1563 2578 nec
1580 2543 1784 2595 usquam

200 2592 412 2656 unquam
426 2595 560 2642 visus
583 2601 678 2652 est,
694 2592 886 2656 ibique,
905 2597 962 2656 ut
979 2592 1226 2656 fabulatur
1242 2592 1586 2656 Philostratus,
1608 2593 1786 2656 auditae

197 2654 445 2716 virginum
461 2668 606 2704 voces
623 2657 673 2704 in
692 2655 820 2703 hunc
841 2655 1206 2716 modum,\’eni,
1224 2654 1334 2702 veni
1359 2655 1408 2702 in
1438 2655 1634 2716 uelum,
1649 2655 1782 2716 veni,

198 2714 307 2767 541.
336 2717 804 2780 Apolloniicomites
829 2715 1069 2780 Masimus
1087 2715 1333 2780 [Egierisis
1359 2719 1414 2780 et
1436 2714 1605 2780 Damis
1623 2715 1784 2780 philo-

199 2776 482 2842 SOlelJS-Lel
507 2779 831 2842 Philostratus
853 2776 1325 2842 Atheniensis,_512.
1359 2777 1608 2842 Apollonii
1631 2776 1784 2842 verba

196 2839 377 2904 quibus
397 2839 648 2904 Dumidem
670 2846 751 2904 est
774 2852 1086 2904 congressus,
1114 2845 1172 2904 et
1201 2839 1251 2885 in
1273 2839 1564 2904 societatem
1593 2839 1701 2904 ejus
1726 2851 1783 2886 se

198 2898 319 2952 a'scix
333 2901 369 2951 it
386 2940 398 2958 ,
426 2903 534 2951 517.
559 2902 806 2963 Apollonii
831 2898 972 2950 matri
985 2898 1127 2961 cygni
1149 2912 1237 2960 pro
1249 2899 1596 2963 obstetricibus
1615 2899 1786 2963 adfues

199 2977 274 3020 re,
301 2964 329 3012 ξ’
340 2963 408 3011 17.
435 2961 684 3024 Apollonii
717 2971 874 3012 mater
907 2963 1122 3024 gravida;
1140 2967 1253 3024 ante
1285 2962 1455 3024 oculos
1475 2961 1783 3024 suos‘Protei

199 3027 421 3087 speciem
453 3020 620 3074 videre
646 3025 740 3073 sibi
775 3026 879 3072 visa
905 3020 1008 3082 ést,
1033 3022 1141 3087 517.
1179 3023 1427 3087 Apollonii
1465 3020 1784 3087 condiscipuli

200 3084 292 3136 sub
321 3087 632 3147 Euthydcmo
682 3087 900 3135 Platonis
943 3089 995 3133 et
1037 3085 1292 3146 Chrysippi
1349 3089 1640 3142 sectatores,
1676 3084 1785 3133 518.

199 3149 453 3210 Apollonii
479 3150 652 3197 mortis
668 3155 754 3196 aut
777 3147 992 3256 sepulcri
1017 3148 1206 3194 nullum
1229 3159 1431 3207 usquam
1465 3159 1674 3207 unquam
1697 3159 1782 3195 ve-

201 3211 404 3256 stigium
423 3211 665 3256 annarnit.
691 3209 798 3256 518.
824 3249 836 3256 .
870 3209 1072 3256 nollonii
1097 3209 1147 3256 in
1178 3210 1453 3256 litterarum
1471 3209 1648 3256 studiis
1674 3222 1782 3256 nro-

201 3209 411 3274 stigium
423 3211 665 3271 apparuit,
691 3209 798 3274 518.
824 3209 1072 3274 Apollonii
1097 3209 1147 3256 in
1166 3210 1453 3274 litterarum
1471 3209 1655 3274 studiis
1674 3222 1787 3274 pro-

202 3268 550 3328 fec'tus,fel‘icis
571 3273 820 3318 memorias
841 3268 932 3329 vis,
955 3268 1329 3328 linguaeAtticaa
1354 3283 1488 3326 usus,
1503 3269 1607 3331 518.
1635 3268 1787 3331 Apol-

203 3336 320 3382 ionii
334 3334 534 3382 ridicula
547 3334 802 3388 divinatio,
815 3332 963 3379 518.A
975 3332 1178 3391 pollonii
1191 3331 1387 3379 detecta
1401 3343 1560 3378 coram
1575 3330 1786 3379 Phraor-

202 3403 252 3445 te
269 3395 494 3444 Indorum
523 3407 642 3455 rege
664 3393 711 3442 in
727 3392 1307 3455 Graecisimperit.ia,522.
1333 3392 1579 3455 Apollonii
1603 3394 1788 3455 ridicug

203 3457 303 3505 lum
331 3458 378 3504 in
406 3455 496 3504 lite
521 3454 793 3504 contestata
817 3455 1071 3512 judicium,
1115 3454 1224 3502 522.
1262 3454 1513 3515 Apollonii
1537 3454 1686 3502 stulta
1727 3454 1788 3503 ad

203 3519 423 3567 Iarcbam
464 3519 787 3578 interrogata,
830 3517 936 3564 525.
988 3515 1237 3576 Apollonii
1285 3528 1578 3578 responsum
1624 3527 1785 3564 coram

204 3581 486 3648 Domitiano
517 3579 590 3648 _de
641 3577 959 3648 p’raedietnione
1005 3578 1328 3648 pestilentia,
1379 3577 1486 3648 527.
1537 3579 1787 3648 Apollonii

199 3643 476 3702 ignorantia
501 3637 773 3702 detegitur,
801 3639 910 3702 528.
935 3637 1181 3702 Apollonii
1228 3651 1389 3702 coram
1415 3637 1695 3702 Domitiano
1737 3645 1792 3688 et

201 3700 507 3764 Vespasiano
531 3700 701 3750 contra
726 3701 1025 3764 Euphratem
1049 3701 1133 3764 cui,
1166 3701 1312 3764 paulo
1336 3706 1453 3748 ante
1490 3700 1792 3764 conjunctis-

199 3761 356 3814 simns
376 3763 548 3819 fuerat,
573 3761 815 3816 convicia;
843 3762 949 3810 552.
996 3761 1386 3822 Apolloniircrns
1429 3761 1618 3822 pedicis
1657 3762 1786 3810 solu-

205 3833 328 3882 tum,
355 3827 562 3886 magice,
596 3823 707 3881 556,
736 3823 844 3871 557.
892 3821 1141 3886 Apollonii
1169 3821 1315 3886 verba
1357 3821 1792 3886 ad’D‘omilianum

203 3881 504 3947 eum'magiae
524 3888 847 3947 incusantem,
869 3881 974 3933 557.
999 3884 1244 3947 Apollonii
1261 3881 1652 3946 arrogantissima
1678 3897 1791 3943 vox,

201 3950 308 3996 558.
390 3945 639 4009 Apollonii
682 3945 971 4007 quibuscum
1019 3945 1321 4009 familiaritas
1365 3945 1420 4009 et
1461 3948 1791 4003 conversatio,

202 4011 312 4058 510.
342 4007 590 4070 Apollonii
617 4011 841 4056 invocato
885 4007 1235 4070 nominilmulti
1280 4007 1533 4070 hodieque
1578 4011 1792 4070 magicas

199 4072 370 4121 inesse
390 4067 603 4118 virtutes
623 4071 969 4130 experiuntur,
1015 4067 1122 4117 511.
1160 4067 1423 4128 Apollonio
1454 4067 1485 4118 'a
1510 4067 1714 4118 Perside
1741 4067 1790 4118 in

203 4133 396 4182 Indiam
430 4130 758 4193 proficiscenti
799 4130 1004 4192 Empusa
1030 4131 1260 4193 occurrit,
1302 4130 1410 4193 521.
1445 4131 1708 4191 Apollonio
1731 4132 1792 4180 ad

201 4189 531 4244 Brachmanas
550 4195 872 4254 proﬁciscenti
888 4189 1101 4254 occurrit
1121 4189 1299 4238 mulier
1310 4192 1476 4254 colore
1488 4189 1791 4254 spectabilis,

202 4269 230 4304 a
268 4268 458 4303 summo
479 4252 706 4302 nimirum
753 4256 938 4301 vertice
985 4252 1121 4301 illum
1162 4257 1307 4301 tenus
1351 4252 1628 4312 albescens,
1670 4252 1794 4302 reli-

200 4331 356 4380 quum
381 4316 535 4380 verbo
551 4328 731 4380 corpus
768 4313 1054 4380 nigerrima.
1082 4314 1189 4362 525.
1231 4313 1549 4380 Apollonium
1581 4317 1792 4380 quicun-

199 4375 302 4442 que
323 4391 466 4440 supra
492 4375 840 4442 philosophum
863 4389 979 4442 esse
1000 4377 1216 4442 locutum
1256 4377 1554 4442 asseruerit,
1589 4390 1663 4424 nae
1703 4375 1792 4424 ille

203 4435 435 4502 t'anqua'm
459 4435 624 4487 asinus
649 4435 842 4502 leonina
882 4439 1017 4499 pelle
1054 4435 1256 4502 indutus
1297 4435 1598 4502 reclamabit,
1624 4450 1792 4499 neque

199 4497 338 4552 aliud
361 4503 508 4563 plane
534 4513 680 4562 quam
703 4497 1570 4563 civitatumjspectabiliscirculator
1598 4506 1651 4548 et
1689 4497 1792 4563 cla-

201 4559 376 4612 mosus
398 4559 614 4624 sophista
642 4559 913 4622 apparebit,
939 4561 1048 4608 515.
1074 4561 1388 4621 Apuilonium
1409 4560 1469 4609 ab
1489 4560 1627 4624 obitu
1646 4562 1764 4624 puel
1783 4588 1794 4594 ς

202 4626 302 4674 lam
327 4625 492 4672 Romae
523 4623 803 4671 defuncwm
830 4635 1106 4683 nexocasse,
1132 4628 1471 4683 praeterquam
1497 4623 1627 4682 quod
1675 4623 1794 4678 Phi-

203 4687 410 4734 lostrato
443 4685 638 4734 viietur
678 4682 992 4742 incredibile,
1020 4681 1214 4731 videtur
1259 4681 1409 4732 etiam
1451 4681 1647 4742 falsum,
1678 4683 1788 4732 550.

265 4768 486 4830 Apostoli
521 4765 699 4830 Christi
741 4779 827 4830 cur
868 4766 1119 4830 principes
1154 4763 1469 4830 Nephthalim
1494 4765 1786 4827 prophetica

201 4825 328 4877 voce
349 4831 591 4886 dicantur,
617 4828 725 4876 441.
749 4825 972 4888 Apostoli
990 4825 1206 4887 qualiter
1231 4825 1382 4876 electi
1407 4825 1510 4889 sint
1531 4825 1790 4889 et’gentes

199 4896 406 4950 vocatae,
449 4891 526 4938 48.
568 4891 916 4949 Apostolorum
942 4897 996 4950 et
1019 4889 1368 4950 discipulorum
1394 4888 1577 4939 Christi
1601 4888 1785 4938 electio

200 4949 438 5000 sermone
481 4952 773 5013 prophetico
812 4949 1117 5009 adumbrata,
1161 4949 1239 4998 79.

264 5032 452 5081 Arabes
475 5045 534 5082 ex
574 5021 757 5094 cygnis
783 5031 1051 5093 avibusque
1091 5033 1286 5080 czeteris
1331 5033 1685 5081 divinationem
1729 5037 1786 5082 ut

201 5106 266 5143 ex
291 5097 502 5143 oraculis
519 5095 764 5158 colligunt
785 5107 868 5144 cor
888 5100 971 5143 aut
995 5095 1147 5155 hepar
1166 5095 1429 5142 draconum
1441 5095 1651 5161 depasti,
1678 5095 1779 5146 518.

263 5177 545 5226 Aristobulo
576 5178 692 5227 dum
734 5182 870 5226 esset
905 5177 956 5225 in
993 5177 1173 5238 oppido
1211 5174 1568 5237 Hierichunte,
1615 5176 1784 5238 ibique

199 5243 418 5298 nataret,
468 5240 513 5288 vi
556 5240 756 5300 interim
797 5238 888 5288 sub
929 5238 1321 5300 aqua-detento,
1360 5238 1587 5288 Herodes
1610 5251 1786 5288 necem

204 5305 288 5349 est
337 5299 660 5361 machinatus,
707 5299 819 5350 598.

265 5381 607 5431 Asamonazum
649 5384 797 5446 quale
838 5383 966 5445 apud
1010 5383 1208 5432 Iudaeos
1244 5394 1408 5444 genus
1446 5381 1616 5442 fuerit,
1643 5381 1753 5430 598.

265 5463 516 5513 Ascensus
555 5465 602 5512 ei
638 5465 722 5526 qui
762 5465 898 5526 prius
937 5465 1284 5520 descenderat,
1328 5477 1384 5513 ac
1426 5466 1666 5526 deinceps
1697 5476 1784 5512 vo-

200 5526 333 5575 catio
372 5532 655 5574 cunctarum
697 5527 940 5586 gentium,
984 5539 1097 5586 qua;
1141 5540 1294 5575 unum
1334 5532 1388 5575 et
1426 5529 1584 5575 solum
1623 5529 1784 5576 Deum

202 5594 348 5636 erant
368 5589 658 5648 cognituris,
686 5587 983 5648 declaratur,
1006 5587 1116 5635 259.

209 5715 216 5723 ,
264 5668 495 5729 Assyrius
512 5670 626 5731 quid
648 5671 1026 5731 interpretatum
1050 5667 1312 5731 signiticet,
1333 5669 1442 5717 522.
1467 5671 1780 5727 Assyriorum

201 5733 401 5780 nomine
428 5732 754 5793 quodcunque
797 5745 890 5793 per
923 5732 1115 5793 singula
1164 5738 1384 5793 tempora
1418 5732 1662 5793 gentibus
1688 5733 1782 5781 im-

199 5795 414 5856 positum
446 5789 684 5855 regnum;
725 5794 777 5842 in
799 5789 1187 5844 litteris'sacris
1205 5789 1530 5858 exprimitur,
1575 5793 1687 5842 522.

1470 287 1678 345 INDEX
1718 285 2179 346 ANALYTICUS.

3325 304 3465 361 129-1

2651 419 2695 476 Β

1945 552 2204 602 Barachias
2237 552 2787 616 quidiinterpremtum
2827 550 3095 616 signiﬁcet,
3137 555 3248 604 552.

1944 616 2199 678 Bardanes
2236 613 2627 678 Babyloniorum,
2651 628 2738 664 rex
2785 613 3053 678 Apollonii,
3081 622 3329 678 tempore,
3352 616 3462 669 519.

1945 674 2237 725 Benedictio
2274 677 2370 725 Dei
2417 677 2664 737 quomodo
2706 674 3006 738 proventura
3032 674 3198 727 fuerat
3215 679 3266 726 in
3291 674 3466 728 Omnes

1879 745 2080 848 gelutes,
2124 740 2174 786 in
2221 749 2301 848 cfs
2323 741 2515 788 semine
2564 739 2696 800 quod
2733 751 3111 802 progressurum
3150 746 3259 790 erat
3281 741 3346 791 de
3387 753 3468 791 so-

1911 813 1994 848 oe
2062 813 2191 848 saac.
2273 815 2318 847 ·.

1878 801 1994 851 bole
2036 801 2191 858 Isaac,

1946 862 2181 932 Beneficii
2218 861 2760 932 ‘quo.per:__Christum
2801 861 3075 912 afﬂeiendae
3124 868 3244 913 sunt
3289 876 3466 914 omnes

1879 930 2079 986 gentes,
2123 921 2409 978 declaratio,
2456 921 2533 971 51.

1885 1052 1894 1056 Δ
1945 982 2240 1055 Bethlehem
2271 984 2526 1056 Christum
2541 985 2868 1056 Irasciturum
2908 986 3213 1056 testimoniis
3249 987 3466 1056 prophe-

1881 1052 2038 1096 tarum
2063 1046 2384 1103 convincitur,
2408 1045 2516 1094 511.
2541 1046 2838 1095 Bethlehem
2865 1049 3082 1097 natalem
3104 1045 3282 1098 Christi
3303 1045 3465 1100 locum

1881 1108 1988 1158 fore
2013 1108 2195 1157 Psalmi
2241 1109 2534 1170 auctoritate
2563 1107 2812 1170 probatur,
2837 1109 2948 1156 542.

1877 1171 2132 1281 εειἓοιιιλιω
2164 1169 2300 1218 nulla
2331 1170 2410 1218 rei
2435 1168 2721 1232 cujusquam
2754 1169 3019 1232 aliquando
3048 1168 3218 1221 subdit
3256 1169 3462 1233 invidia,

1942 1293 2333 1372 Doumlnoiuine
2369 1292 2620 1355 Scriptura
2653 1291 2892 1342 Ecclesiae
2934 1293 3165 1355 praelatos
3207 1295 3462 1356 appellare

1883 1355 2158 1412 consuevit,
2187 1355 2266 1404 71.

1942 1417 2295 1465 Brachmanum
2335 1414 2572 1478 magister
2600 1414 2814 1478 Iarchas,
2856 1415 2966 1464 525.

1937 1478 2292 1539 Brachmanum
2337 1476 2498 1527 circus
2542 1477 2802 1539 publicus,
2843 1478 2896 1526 in
2939 1490 3102 1539 eoque
3145 1477 3324 1528 sedilia
3365 1491 3457 1526 suo

1879 1540 2055 1590 ordine
2098 1538 2353 1602 disposita,
2392 1540 2502 1600 525,
2547 1538 2662 1589 524.

2652 1688 2697 1750 C

1945 1823 2176 1874 Caelihem
2217 1828 2365 1876 vitam
2408 1840 2497 1877 cur
2519 1828 2921 1890 duceredeceat
2951 1830 3191 1882 Ecclesia
3235 1838 3462 1882 rectores

1885 1889 2038 1950 atque
2079 1896 2320 1950 pastores,
2360 1889 2437 1937 52.

1987 1949 2200 1998 anticum
2239 1949 2697 2060 novungaentibus
2732 1954 2988 2017 pr0phetaa
3027 1954 3312 2005 testimonio
3349 1969 3466 2006 can—

1987 2012 2086 2059 ium
2114 2013 2262 2060 uuale
2302 2019 2384 2060 snt.
2523 2049 2534 2060 .

1885 2012 2086 2060 tandum
2114 2013 2262 2070 quale
2302 2014 2384 2072 sit,
2425 2012 2534 2061 265.

1947 2074 2133 2124 Caelum
2155 2075 2470 2140 ipsum‘etsol
2487 2082 2541 2140 et
2561 2074 2677 2140 luna
2690 2089 2765 2140 ac,
2777 2075 2964 2138 reliqua
2987 2077 3151 2126 sidera
3176 2083 3350 2140 suapte
3376 2093 3468 2129 na-

1882 2142 1992 2202 tura
2033 2137 2341 2202 Corruptioni
2370 2141 2424 2184 et
2465 2137 2701 2186 solutioni
2725 2137 2933 2202 obnoxia
2960 2145 3094 2197 sunt,
3115 2137 3338 2202 quamvis
3363 2143 3463 2191 dis-

1869 2199 2133 2265 .solvenda
2162 2211 2256 2246 non
2302 2199 2429 2265 sint,
2475 2205 2743 2265 prepterea
2792 2200 3095 2265 quod‘uolit
3134 2199 3229 2250 ille
3270 2204 3358 2265 qui
3400 2217 3462 2254 ea

1884 2259 2177 2322 composuit,
2210 2273 2274 2322 ex
2320 2259 2542 2322 Platonis
2568 2259 2853 2318 sententia,
2903 2261 3010 2322 106.

1945 2319 2306 2388 CognitiomDei
2342 2321 2560 2388 universi
2585 2322 2706 2370 solis
2719 2321 2951 2388 llebrasis
2974 2323 3248 2388 antiquitus
3269 2327 3460 2388 prodita

1882 2384 1993 2448 fuit,
2017 2381 2128 2444 quae
2160 2381 2354 2448 Chris_to
2394 2384 2613 2448 seips_u_m
2653 2382 2928 2448 exhibente
2961 2381 3326 2448 perciperetur,
3357 2389 3464 2438 124.

1944 2445 2268 2511 Consecratus
2289 2445 2393 2492 Deo
2415 2444 2686 2511 cur_Mos_e_s
2709 2445 2908 2508 legibus
2929 2444 3032 2496 suis
3057 2444 3322 2511 unguento
3337 2462 3470 2500 com-

1884 2513 2056 2572 parato
2085 2507 2206 2572 ungi
2247 2507 2564 2572 praeceperit,
2579 2505 2700 2572 172.

1946 2568 2407 2635 C0nvers_i_0_totius
2445 2567 2628 2635 mundi
2657 2567 2718 2616 ad
2757 2567 2907 2617 tidem
2949 2581 3007 2618 ac
3048 2570 3196 2620 unius
3219 2571 3314 2635 Dei
3336 2572 3468 2635 legi-

1884 2633 2052 2681 timam
2074 2629 2383 2694 religionem
2423 2641 2514 2690 per
2538 2629 2826 2694 illitteratus
2868 2643 2925 2678 ac
2949 2639 3177 2694 agrestes
3219 2629 3467 2694 hominés,

1886 2692 2176 2742 miraculum
2204 2696 2280 2739 est
2304 2703 2502 2738 omnem
2541 2691 2689 2739 fidem
2733 2691 3002 2753 superans,
3020 2691 3127 2742 155.

1948 2766 2237 2820 Convivium
2272 2765 2512 2829 Apollinii
2549 2772 2602 2816 et
2643 2766 2845 2827 larchze,
2885 2773 2940 2817 et
2983 2773 3032 2818 iu
3078 2783 3141 2820 eo
3181 2772 3323 2827 mira.
3355 2770 3468 2820 524.

1945 2849 2105 2902 Cornu
2137 2847 2337 2896 nomine
2383 2844 2560 2896 divinae
2581 2847 2766 2895 litterae
2808 2858 3014 2908 regnum
3063 2848 3334 2910 appellant,
3358 2847 3468 2897 191.

1948 2925 2134 2985 Corpus
2177 2921 2358 2972 Christi
2399 2927 2644 2971 mortuum
2686 2936 2780 2984 qua
2818 2923 3000 2985 virtute
3039 2925 3312 2984 revixerit,
3359 2924 3465 2974 170.

1885 2983 2072 3048 Corpus
2117 2985 2296 3035 Christi
2339 2987 2554 3032 lucernae
2598 2983 2924 3044 comparatur.
2969 2983 3076 3033 188.

1918 3060 2314 3172 ῑὲἰίίςῖεἳξοηρηι
2358 3059 2466 3108 orbi
2515 3064 2663 3108 terrae
2703 3060 2943 3111 adventus
2967 3061 3147 3112 Christi
3182 3063 3233 3111 in
3267 3074 3468 3112 carnem

1962 3137 2030 3171 ul
2061 3160 2072 3172 .
2177 3159 2187 3169 .

1885 3137 2072 3180 attunt,
2111 3137 2187 3169 41.

1945 3196 2255 3258 Corruptioni
2300 3201 2354 3245 et
2385 3197 2619 3245 solutioni
2663 3193 2874 3246 obnoxia
2917 3209 3031 3246 esse
3055 3199 3219 3246 omnia
3245 3199 3471 3251 ccelestia

1888 3263 2312 3323 corpora_suapte
2357 3264 2529 3323 natura
2573 3259 2815 3323 quamvis
2849 3258 3301 3323 dissolvendalnon
3346 3264 3466 3323 sint,

1888 3333 1954 3431 ei:
1992 3320 2126 3430 (111186?
2163 3320 2291 3369 nolit
2327 3321 2413 3382 qui
2458 3333 2518 3369 ea
2565 3320 2860 3382 composuit,
2891 3333 2955 3370 ex
2998 3321 3219 3372 Platonis
3259 3320 3471 3373 semen-'-

1951 3457 2172 3520 Christus
2192 3469 2345 3520 agnus
2363 3454 2456 3504 Dei
2476 3457 2558 3518 qui
2577 3455 2731 3505 factus
2748 3462 2800 3506 et
2818 3461 3073 3520 peccatum
3095 3463 3148 3507 et
3165 3461 3468 3520 exsecratio,

1889 3519 1966 3566 58.
1991 3519 2211 3568 Christus
2229 3518 2351 3567 'cum
2379 3525 2473 3567 tam
2504 3520 2699 3580 grandis
2721 3520 2804 3577 sit,
2822 3518 3043 3568 dilectus
3067 3521 3301 3569 videlicet
3331 3518 3471 3571 Deus

1891 3585 1945 3628 et
1975 3581 2083 3644 ilex
2118 3580 2388 3644 scripturae
2412 3577 2710 3628 testimoniis
2734 3580 3142 3644 appellatumqul
3180 3583 3287 3630 licri
3311 3585 3472 3644 potuit

1891 3649 1948 3690 ut
1989 3639 2462 3702 inimicos'haheret
2505 3646 2558 3689 et
2599 3639 2812 3702 quinam'
2839 3644 2940 3690 sint
2964 3643 3046 3691 isti
3076 3639 3324 3697 'inimici;
3359 3645 3468 3694 218.

1891 3701 2113 3766 Christus
2135 3703 2418 3752 nominatim
2462 3702 2525 3766 de
2558 3701 2750 3751 semine
2778 3704 2931 3766 David
2961 3717 3174 3766 surgens
3196 3703 3280 3766 qui
3319 3708 3471 3756 com

1891 3764 2046 3813 David
2070 3768 2367 3823 nominatur,
2388 3765 2472 3824 qui
2498 3764 2966 3826 Judaeosconfundit
2991 3763 3230 3826 inimicos,
3252 3767 3334 3826 qui
3355 3780 3470 3816 san-

1892 3827 2419 3875 ctilicationem'Patris
2444 3833 2666 3885 renovat,
2694 3825 2798 3874 188.
2824 3825 3044 3876 Christus
3074 3825 3360 3876 nominatim
3386 3841 3474 3877 ae-

1891 3894 2119 3948 spectus;
2159 3895 2308 3948 atque
2333 3889 2489 3935 omnia
2535 3887 2709 3948 probra
2752 3900 2984 3947 passurus
3020 3887 3334 3947 describitur,
3362 3890 3468 3940 1.51.

1934 3947 2116 3998 hristus
2156 3947 2371 4010 qualiter
2396 3947 2626 3996 Mosi’sit
2663 3949 3010 4006 conferendus,
3056 3948 3102 3997 5.
3127 3949 3348 4000 Christus
3387 3963 3443 3998 se

1893 4011 2106 4059 cundum
2151 4024 2295 4070 quam
2336 4016 2555 4059 naturam
2586 4010 2816 4059 sacerdos
2857 4014 2906 4058 in
2932 4016 3173 4060 aeternum
3210 4010 3402 4062 dicatur
3423 4013 3471 4061 in

1894 4073 2107 4129 Psalmo,
2129 4071 2234 4120 177.
2258 4071 2477 4122 Christus
2497 4074 2741 4131 quomodo
2759 4072 2952 4121 dicatur
2973 4077 3172 4131 peccata
3194 4081 3358 4122 nostra
3383 4087 3473 4123 sua

1893 4133 2072 4182 fecisse
2101 4139 2154 4182 et
2175 4139 2366 4188 nostras
2385 4134 2672 4194 iniquitates
2694 4134 2884 4187 tulisse,
2917 4132 3024 4182 467.
3052 4133 3272 4184 Christus
3297 4133 3474 4194 unicus

1893 4196 1982 4264 ille
2016 4196 2267 4264 propheta
2310 4193 2483 4242 fuisse
2502 4194 2740 4264 probatur
2780 4207 2928 4264 quem
2982 4193 3364 4264 musesMJudaeis
3397 4195 3472 4264 Ade

1893 4255 2131 4305 fratribus
2167 4270 2341 4317 eorum
2386 4255 2718 4304 suscitandum
2767 4255 3093 4317 praedixerat,
3132 4255 3211 4306 91.
3248 4255 3474 4306 Christus

1893 4318 1989 4385 Dei
2027 4331 2053 4366 a
2104 4316 2658 4385 primaJconstitutione
2711 4316 2929 4385 universi
2987 4319 3179 4385 occulta
3215 4319 3470 4385 quaedam,

1894 4378 2162 4440 ignotaque
2209 4378 2395 4428 ratione
2422 4378 2688 4440 religiosis,
2737 4378 2944 4441 Deoque
2967 4381 3122 4441 gratis
3148 4379 3322 4429 animis
3349 4393 3474 4440 prae-

1893 4439 2044 4503 sidet,
2070 4439 2175 4489 154.
2200 4441 2419 4492 Christus
2456 4439 2551 4503 qua
2574 4443 2769 4503 ratione
2791 4439 2953 4503 dictus
2973 4439 3039 4489 sit
3057 4441 3182 4503 lapis
3203 4439 3472 4502 angularis.

1893 4501 1973 4550 27.
1999 4502 2220 4554 Christus
2255 4515 2409 4564 super
2449 4501 2589 4565 pullo
2628 4501 3240 4565 se_d_ens__Hierusolybiam
3272 4501 3473 4565 ingres-

1893 4577 2040 4612 surus
2084 4565 2282 4612 oraculo
2320 4562 2618 4622 ostenditur,
2647 4563 2756 4611 455.
2793 4562 3014 4614 Christus
3050 4562 3474 4613 numinatim'Do-

1893 4623 2078 4686 minum
2111 4626 2309 4674 Patrem
2335 4632 2385 4674 et
2409 4631 2742 4686 protectorem
2770 4626 2996 4685 adeptus,
3020 4625 3318 4686 declaratur,
3359 4624 3471 4686 185.

1893 4685 2114 4735 Christus
2125 4689 2293 4735 unicus
2312 4687 2396 4734 ille
2412 4683 2658 4747 propheta
2678 4685 2785 4742 fuit,
2804 4683 2950 4747 quem
2965 4687 3100 4735 Deus
3121 4683 3240 4736 Mosi
3260 4683 3473 4736 similem

1893 4747 1998 4796 fore
2034 4749 2342 4810 promiserat,
2369 4746 2475 4810 445.
2503 4746 2724 4797 Christus
2749 4746 2906 4810 trihus
2932 4747 3170 4810 duntaxat
3195 4747 3472 4810 anniscum

1893 4807 2101 4870 semisse
2130 4810 2263 4870 quod
2286 4809 2484 4870 quidem
2504 4814 2701 4869 tempus
2724 4813 2796 4857 est
2820 4807 3140 4870 hebdomadis
3159 4811 3305 4857 unius
3327 4809 3470 4858 dimi-

1893 4869 2026 4933 dium
2054 4908 2067 4928 ,
2093 4869 2392 4933 praedicavit,
2420 4877 2474 4918 et
2491 4871 2834 4933 miraculorum
2857 4869 3014 4933 gloria
3037 4872 3102 4933 in_
3114 4871 3266 4933 terris
3277 4873 3473 4931 claruit,

1892 4932 2002 4980 400.
2029 4929 2252 4984 Christus
2269 4945 2355 4980 cur
2376 4931 2630 4993 prophetae
2655 4929 2882 4993 vaticinio
2904 4930 3042 4980 Deus
3061 4931 3375 4981 absconditus
3397 4929 3475 4993 dié

1893 4995 2039 5053 citur,
2079 4994 2189 5042 226.
2233 4992 2456 5046 Christus
2479 4995 2652 5042 unicus
2686 4993 2776 5041 ille
2798 4992 2891 5042 fuit
2914 4993 3175 5055 propheta,
3202 4992 3474 5055 quemsibi

1892 5057 2104 5104 similem
2154 5055 2259 5104 fore
2304 5055 2466 5104 Moses
2520 5055 2858 5116 praedixerat,
2897 5054 2977 5104 27.
3010 5054 3243 5116 :Christus
3282 5054 3468 5104 diaboli

1893 5119 2222 5166 tentationem
2269 5118 2321 5165 in
2359 5114 2560 5166 deserto
2584 5129 2671 5164 cur
2712 5129 2979 5177 perpessus
2999 5114 3170 5174 fuerit,
3196 5116 3472 5166 151.Chri-

1892 5185 1999 5226 stus
2042 5180 2327 5228 nominatim
2375 5193 2401 5225 a
2453 5178 2561 5226 Deo
2604 5177 2750 5226 Patre
2792 5179 3056 5235 exaltatur,
3097 5177 3202 5226 191.
3248 5177 3472 5227 Christus

1893 5241 2158 5303 salutarem
2177 5253 2232 5303 se
2254 5239 2436 5303 mundo
2473 5253 2564 5301 per
2597 5252 2774 5303 curpus
2795 5251 2896 5303 ceu
2911 5237 3291 5303 instrumentum
3315 5237 3472 5301 quod-

1890 5301 2000 5349 dam
2027 5302 2264 5352 ostendit.
2289 5302 2416 5349 haud
2439 5303 2586 5350 aliter
2608 5301 2752 5362 quam
2773 5301 2989 5349 musicus
3013 5313 3106 5362 per
3145 5302 3300 5358 lyram
3317 5313 3464 5360 quam

1891 5365 1959 5411 sit
1979 5364 2153 5412 doctus
2193 5365 2450 5422 declarat,
2498 5362 2610 5412 168.
2652 5363 2874 5423 Christus
2913 5375 3009 5423 qua
3048 5363 3239 5410 ratione
3281 5362 3472 5411 dicatur

1889 5426 2119 5473 sacerdos
2154 5425 2422 5472 secundum
2453 5423 2677 5471 ordinem
2707 5422 3091 5480 Melchisedech,
3118 5423 3225 5470 225.
3251 5423 3472 5473 Christus

1889 5498 1980 5534 cur
2001 5485 2214 5535 maxime
2244 5485 2524 5547 agrestibus
2561 5498 2617 5547 ac
2655 5483 2956 5545 ignobilibus
2992 5484 3051 5547 ad
3081 5481 3473 5547 noV'amAdoctri-

1891 5561 2000 5596 nam
2023 5543 2430 5596 dissemina'udam
2471 5543 2708 5594 ministris
2747 5547 2818 5593 uti
2855 5543 3089 5602 voluerit,
3117 5545 3222 5593 156.
3250 5545 3472 5595 Christus

1889 5609 2175 5658 nominatim
2203 5607 2262 5656 ab
2297 5609 2480 5669 Judaais
2503 5608 2888 5669 circumvenitur
2914 5614 2969 5656 et
2990 5621 3018 5656 a
3053 5605 3288 5669 gentibus
3319 5621 3472 5669 agno-

1889 5672 2060 5731 scitur,
2085 5670 2193 5718 190.
2231 5667 2454 5719 Christus
2481 5670 2632 5717 nullis
2653 5667 2803 5717 armis
2849 5667 3087 5717 instructa
3104 5667 3238 5731 acie,
3263 5667 3470 5731 sed—ve-

1891 5729 2057 5792 ritate,
2101 5731 2478 5792 mansuetudine
2519 5731 2802 5792 etljustitia
2845 5730 3234 5779 innumerabiles
3261 5729 3354 5780 sibi
3379 5744 3468 5791 po-

1888 5790 2049 5856 pulos
2077 5790 2372 5858 subiugavit,
2412 5791 2522 5844 218.
2561 5790 2781 5844 Christus
2819 5805 2905 5844 cur
2947 5791 3112 5856 impiis
3154 5790 3468 5843 inevitabiles
