3856 6226
218 443 347 500 1501

967 569 1016 627 N

280 675 502 748 Natalem
544 677 924 748 Christiﬂlocum
958 682 1258 734 Bethlebem
1294 684 1398 734 fore
1421 685 1594 748 psalml
1631 688 1800 734 aucto-

217 739 368 788 ritate
397 738 653 801 probatur,
699 741 806 792 188.

279 820 461 890 ﬂatura
481 823 645 873 divina
677 826 921 890 quomodo
957 827 1172 890 putanda
1217 829 1282 877 sit
1304 830 1469 877 omnia
1505 834 1794 890 penetrare,

217 883 451 948 ordinare
489 892 638 948 atque
673 883 934 948 perlicere,
958 883 1085 938 '168.
1123 888 1356 948 Naturam
1395 883 1607 940 divinam
1650 883 1800 940 variis

219 945 636 1006 appellationibus
674 945 876 998 Hebraei
919 945 1216 1012 signiﬁcant,
1252 950 1362 1000 105.

284 1027 542 1078 Nazaraeus
581 1031 699 1093 quid
744 1033 1125 1096 interpretatum
1167 1033 1433 1098 signiticet,
1471 1034 1582 1084 519.

283 1109 480 1170 Ninive,
507 1110 722 1174 Assyriae
747 1113 880 1176 urbs,
925 1114 1036 1164 520.

247 1254 256 1263 .
284 1191 472 1264 Nomen
515 1196 640 1264 illud
681 1205 892 1264 quatuor
927 1198 1207 1264 litterarum
1239 1199 1368 1264 quod
1389 1199 1547 1248 Judaei
1585 1197 1798 1247 inenun—

221 1253 534 1326 iiabilgesse
559 1253 731 1306 dicunt
755 1267 817 1326 ei
829 1261 893 1326 de
914 1262 1021 1326 solo
1052 1262 1170 1326 Deo
1189 1253 1414 1326 et'Patre
1447 1273 1688 1326 usurpare
1716 1275 1800 1326 so-

219 1315 348 1390 lent,
377 1316 503 1390 Filio
543 1332 741 1390 quoque
780 1319 876 1390 Dei
916 1321 1000 1370 ubi
1036 1322 1234 1390 deeius
1257 1322 1514 1390 divinitate
1539 1315 1721 1385 agitur,
1748 1325 1796 1371 in

219 1377 371 1426 sacris
411 1377 597 1428 litteris
641 1377 882 1431 tributum
921 1377 1215 1443 ostenditur,
1259 1385 1366 1433 155.

281 1459 490 1510 Nomine
510 1462 653 1529 "Sion
674 1469 772 1529 aut
800 1464 1113 1515 Hierusalem
1139 1466 1338 1528 quando
1381 1465 1541 1515 anima
1559 1465 1681 1528 justi
1704 1465 1795 1514 de-

221 1518 340 1570 beat
377 1523 640 1584 appeliari,
674 1521 793 1574 '505.

282 1603 407 1653 Novi
440 1605 747 1655 Testamenti
788 1607 993 1656 verbum
1035 1609 1278 1657 descensu
1315 1608 1492 1659 Christi
1530 1611 1580 1657 in
1618 1615 1800 1659 terram

222 1666 280 1713 ad
326 1679 499 1714 omnes
541 1668 767 1716 homines
806 1679 1097 1730 penetrasse
1139 1671 1437 1730 declaratur,
1480 1671 1589 1719 278.

278 1745 508 1817 Nubeudi
521 1751 656 1817 ratio
681 1763 767 1800 cur
791 1755 1086 1817 contractior
1107 1755 1172 1802 sit
1199 1762 1424 1817 tempore
1455 1753 1583 1816 legis
1606 1755 1798 1817 gratiae,

217 1822 364 1870 quam
404 1811 557 1861 fuerit
601 1818 826 1873 tempore
864 1812 992 1876 legis
1031 1823 1222 1864 naturas
1265 1811 1342 1865 vel
1371 1811 1634 1877 Mosaicae:
1657 1816 1734 1864 50.

991 1983 1047 2045 Ο

285 2119 460 2186 Odoris
482 2120 794 2186 fragrantiam
816 2125 866 2172 in
891 2125 1080 2186 templo
1101 2126 1324 2175 incensis
1372 2132 1427 2176 et
1464 2124 1800 2186 fumigationi-

219 2180 314 2230 bus
345 2180 579 2232 excitari'
596 2197 684 2233 cur
734 2187 943 2251 legibus,
973 2180 1074 2237 suis
1114 2188 1276 2238 Moses
1293 2189 1542 2248 statuerit,
1570 2180 1676 2237 172.

286 2262 400 2312 Olei
419 2277 532 2338 qua)
636 2271 807 2338 natura
828 2275 977 2330 atque
1004 2273 1299 2338 proprietas,
1323 2271 1428 2318 175.
1454 2270 1580 2338 Oieo
1605 2270 1801 2338 quando

221 2327 971 2404 eiimpar‘oiur‘divina‘nattiraet
985 2327 1178 2404 quando
1199 2327 1472 2404 unguento,
1623 2327 1801 2381 Oleum

223 2387 320 2436 Dei
361 2387 478 2448 quid
523 2392 674 2438 sacris
719 2392 898 2440 litteris
943 2387 1149 2452 mj'stice
1191 2387 1589 2455 des'ignet,'172.

273 2468 614 2538 Omnipotens
652 2471 808 2532 Deus,
846 2475 1257 2535 quemadmodum
1281 2477 1576 2538 conﬁteatur
1597 2489 1656 2525 se
1681 2477 1801 2525 mis-

222 2534 351 2590 sum,
395 2540 452 2580 ut
494 2533 684 2583 auferat
726 2548 787 2584 ea
824 2533 936 2599 quae
987 2538 1162 2586 vitiosa
1198 2544 1331 2597 sunt,
1373 2537 1482 2586 282.

286 2612 508 2664 Oraculis
523 2618 828 2679 propheticis
845 2619 1210 2669 demonstratur
1227 2621 1494 2669 adventum
1513 2620 1691 2670 Christi
1712 2620 1802 2670 sub

223 2674 376 2743 ﬁnem
412 2674 581 2727 mundi
617 2674 864 2740 'futurum,
888 2681 997 2729 276.
1045 2681 1252 2731 Oracula
1284 2683 1504 2743 quaedam
1525 2682 1804 2743 deiChristo

225 2747 291 2804 ex
332 2737 540 2804 deorum
566 2743 817 2804 responsis
852 2737 1063 2792 auctore
1103 2737 1396 2804 Porphyrio,
1437 2742 1804 2793 15L-Oraculis

224 2802 279 2844 et
319 2801 537 2869 auguriis
577 2801 825 2869 daemones
861 2805 1019 2869 malos
1055 2818 1113 2854 ac
1132 2801 1294 2854 omnis
1315 2805 1553 2867 nequitiae
1577 2811 1805 2854 auctores

224 2859 481 2919 prazfuisse
522 2865 817 2923 ostenditur,
862 2865 971 2915 201.

231 3012 253 3055 ι
256 2942 432 3065 l1‘1'),rdzo2
438 3042 450 3055 .
465 2947 644 3008 triplex
690 2946 911 2997 divinum
956 2949 1143 3000 cultum
1187 2951 1524 3012 proﬁtentium
1565 2949 1805 3001 describi-

229 3085 520 3198 mtikigenis
542 3093 654 3139 octo
676 3089 920 3140 volumina
946 3096 1114 3142 contra
1137 3093 1270 3144 Celsi
1293 3091 1567 3143 orationem
1599 3095 1804 3156 scripta,

286 3228 535 3300 Qriiarum
575 3232 719 3293 regio
761 3233 845 3283 ubi
869 3247 1013 3300 grege
1034 3238 1208 3300 petrm,
1243 3247 1393 3300 areoa
1416 3247 1564 3296 aerea,
1599 3247 1798 3298 quoque

237 3291 333 3355 ipsi
371 3292 508 3341 ﬂuvii
549 3291 768 3342 ramenta
808 3297 920 3345 xeris
961 3291 1247 3352 devolvunt,
1273 3296 1383 3346 527.

291 3371 488 3423 Osanna
528 3375 646 3436 quid
694 3378 1072 3439 interpretatum
1097 3379 1362 3440 signiﬁcet,
1406 3377 1514 3427 459.

289 3458 418 3528 0³εεὶ
442 3461 763 3528 temporibus
785 3468 934 3514 terrae
955 3472 1141 3514 motum
1161 3465 1341 3514 factum
1365 3465 1568 3528 .losephi
1590 3466 1805 3514 auctori-

228 3525 337 3570 tate
375 3521 630 3585 probatur,
681 3525 791 3575 291.

289 3601 462 3669 _Ovium
481 3607 681 3669 nomine
700 3607 952 3669 Scriptura
981 3621 1088 3657 eam
1110 3610 1159 3657 in
1185 3608 1402 3658 Ecclesia
1439 3611 1804 3659 multitudinem

223 3665 359 3716 nolet
399 3668 701 3730 exprimere,
741 3665 854 3731 qum
892 3677 1086 3720 constat
1109 3683 1172 3720 ex
1213 3671 1680 3734 imperfectioribus,
1725 3672 1781 3721 71

998 3798 1046 3857 P

292 3941 430 4006 Paois
446 3944 678 4005 princeps
701 3954 788 3992 cur
811 3941 1030 3992 Christus
1051 3942 1259 4006 dicatur,
1284 3941 1394 3992 515.
1416 3942 1558 3992 Pacis
1585 3948 1808 4006 tempore

227 4016 317 4052 cur
351 4003 574 4055 Christus
616 4003 747 4054 nasci
778 4006 1007 4064 voluerit,
1054 4003 1160 4053 159.

291 4085 537 4136 Passionis
559 4095 781 4149 tempore
799 4101 909 4147 qua:
928 4086 1102 4149 fuerit_
1119 4099 1334 4149 omnium
1362 4084 1678 4135 aﬂlictionum
1701 4100 1812 4147 quas

232 4160 349 4196 eum
376 4147 674 4211 premebant
694 4151 920 4204 maxima,
943 4149 1048 4211 592.
1077 4147 1444 4211 PassioCliristi
1467 4149 1529 4211 ad,
1552 4161 1809 4207 vesperam

233 4209 391 4258 nocte
420 4211 717 4259 adventante
759 4217 837 4259 est
875 4209 1145 4264 celebrata,
1176 4209 1284 4258 492.
1315 4209 1560 4257 Passionis
1586 4216 1808 4270 tempora

229 4284 344 4332 quae
377 4270 572 4321 Christo
606 4273 891 4321 acciderunt
932 4271 1222 4332 prophetico
1257 4273 1540 4319 testimonio
1565 4279 1810 4332 eventure

231 4331 528 4394 ostenditur.
572 4333 682 4383 491.
709 4331 956 4383 Passionis
995 4331 1218 4394 tempore
1244 4346 1331 4381 cur
1354 4333 1504 4383 fuerit
1541 4331 1762 4383 Christus
1782 4346 1810 4381 a

235 4392 386 4443 Patre
435 4396 628 4445 caelesti
672 4396 964 4454 derelictus,
993 4393 1103 4442 495.

300 4473 534 4525 Pastores
579 4483 682 4525 tres
721 4491 818 4526 uno
861 4482 1086 4538 tempore
1117 4477 1373 4538 prophetae
1415 4478 1697 4526 testimonio
1720 4477 1811 4526 sub

231 4536 498 4646 iggeutum
521 4539 701 4590 Christi
728 4539 911 4589 Judaeis
933 4536 1222 4599 auferendi,
1237 4539 1323 4601 qui
1344 4539 1446 4589 sint
1473 4538 1808 4601 intelligendi,

295 4681 446 4730 Pater
483 4683 704 4731 caelestis
746 4681 994 4743 Christum
1028 4695 1230 4743 semper
1260 4682 1483 4743 exaudit,
1509 4680 1613 4730 497.
1663 4683 1810 4732 Pater

229 4756 326 4791 non
355 4744 606 4792 locutione
632 4750 775 4792 tenus
797 4743 846 4792 in
885 4741 1065 4792 divinis
1091 4741 1242 4792 Pater
1282 4752 1378 4802 est,
1408 4741 1495 4792 sed
1523 4743 1733 4793 veritate
1757 4750 1813 4793 et

234 4806 394 4866 reipsa
421 4807 663 4866 unigeniti
709 4806 819 4853 Filii
860 4805 1028 4863 Pater,
1057 4805 1103 4852 4.
1132 4805 1283 4854 Pater
1305 4807 1354 4854 in
1396 4806 1576 4855 divinis
1599 4818 1688 4855 cur
1710 4819 1811 4854 non

231 4868 402 4927 plures
441 4866 534 4915 sibi
582 4874 856 4916 coaeternos
894 4867 1021 4915 lilios
1058 4869 1310 4926 genuerit,
1355 4866 1458 4916 155.

295 4949 471 4998 Patres
499 4949 704 5010 Veteris
740 4949 1044 4998 Testamenli
1072 4951 1210 4998 initio
1238 4951 1439 5010 quidem
1470 4951 1630 4998 aetatis
1653 4949 1809 4999 soboli

231 5012 489 5071 augendae,
516 5009 840 5073 conjugioque
866 5019 1114 5073 vacarunt,
1137 5011 1226 5058 sed
1258 5009 1463 5059 ’mature
1495 5011 1813 5061 abstinebant

235 5078 386 5132 atque
438 5072 731 5135 cessabant.
769 5075 844 5120 55.
896 5072 1124 5121 Patribus
1163 5074 1380 5135 antiquis
1425 5074 1668 5122 Christum
1713 5087 1808 5120 non

236 5135 397 5182 minus
429 5135 677 5194 cognitum
712 5134 862 5182 fuisse
888 5147 1033 5194 quam
1063 5135 1223 5194 nobis,
1248 5134 1493 5184 sacrarum
1532 5136 1810 5184 litterarum

234 5197 528 5244 auctoritate
572 5195 826 5257 probatur,
872 5195 945 5244 11.

294 5277 565 5340 Peccatum
583 5291 642 5325 ex
665 5283 950 5340 contemptu
975 5278 1221 5339 quomodo
1246 5275 1446 5340 purgari
1484 5276 1716 5326 debuerit
1745 5291 1808 5326 ex

235 5339 364 5402 legis
409 5337 595 5387 veteris
619 5337 940 5392 instiluto.’.i.
975 5337 1364 5402 Peccatum—exi
1378 5342 1651 5402 ignorantia
1676 5342 1810 5402 quali

235 5401 391 5448 hostia
433 5402 515 5448 lex
555 5410 698 5449 vetus
740 5401 930 5461 expiari
969 5403 1283 5462 praeceperit,
1325 5401 1369 5449 4.
1420 5401 1682 5449 Ρθθοειιιιῐη
1715 5415 1811 5462 qua

232 5463 427 5512 ratione
466 5462 657 5510 dicatur
693 5463 911 5512 Christus
952 5477 1041 5523 pro
1075 5462 1214 5512 nobis
1255 5463 1427 5519 factus,
1464 5462 1574 5509 467.
1606 5463 1810 5512 Peccata

233 5529 399 5572 nostra
444 5524 639 5584 quando
675 5524 856 5572 dicitur
879 5524 1100 5574 Christus
1147 5525 1321 5573 fecisse
1354 5538 1460 5578 sua,
1494 5523 1602 5571 467.

293 5607 648 5656 Persecutores
678 5607 914 5656 Ecclesiae
937 5607 1216 5670 perdendos
1239 5619 1349 5655 esse
1377 5603 1674 5654 testimoniis
1697 5617 1811 5665 pro-

231 5670 495 5733 phetarum
537 5671 863 5728 convincitur,
890 5670 970 5717 82.

293 5750 621 5799 Personarum
663 5751 936 5799 divinarum
985 5753 1198 5801 dualitas
1240 5749 1318 5798 bis
1367 5745 1652 5809 planissime
1697 5750 1809 5795 sine

233 5813 352 5874 ullis
394 5814 663 5861 involucris
704 5813 989 5874 theOIOgice
1030 5829 1054 5861 a
1082 5813 1215 5861 Mose
1263 5811 1654 5874 commendatur.
1697 5811 1805 5856 252.

231 5871 560 5925 Personarum
609 5871 1220 5926 divinarum‘dualitatem.
1281 5873 1438 5920 Patris
1485 5871 1716 5919 videlicet
1758 5876 1810 5918 et

235 5933 368 5997 Filii,
394 5948 442 5984 et
469 5949 637 5985 comm
659 5937 868 5986 alterum
895 5938 1114 5986 universi
1137 5936 1368 5996 opilicem
1389 5934 1537 5983 lsaizis
1579 5937 1810 5993 testatur,

1450 447 1667 505 INDEX
1703 442 2168 500 ANALYTICUS.

3333 439 3477 494 1309..

1902 560 2013 614 251.
2057 562 2385 612 Personarum
2427 560 2704 611 divinarum
2743 560 2957 610 dualitas
2981 558 3256 609 Psalmistaa
3272 559 3488 608 auctori-

1903 629 2006 673 tate
2046 623 2299 688 probatur,
2345 621 2456 672 219.
2986 635 2992 640 ·

1961 706 2255 754 Pestilentia
2276 705 2336 755 ab
2357 705 2620 768 Apollonio
2631 704 2838 767 Ephesis
2859 702 3169 768 sedata,52_8.
3185 700 3480 768 Pestilentia

1899 764 2163 827 Apollonio
2188 769 2286 816 visa
2314 762 2414 816 sub"
2429 766 2597 816 habitu
2621 762 2759 816 se'nis
2795 767 3016 828 pannosi,
3042 765 3149 813 528.
3187 762 3481 828 Pestilentia

1902 826 1980 876 est
2001 830 2251 889 corruptio
2291 829 2567 877 circumfusi
2591 830 2746 889 aeris,
2782 826 3054 886 vitiumque
3086 826 3378 889 eicputrido
3402 837 3484 874 va-

1903 898 2077 950 poratu
2097 886 2448 938 in‘morbosam
2471 887 2761 952 qualitatem
2786 889 3058 950 vergentis,
3085 886 3193 935 528.

1961 972 2143 1021 Petrus
2167 974 2416 1034 apostolus
2439 985 2500 1021 ex
2527 973 2673 1034 nimia
2688 971 2972 1034 reverentia
2992 967 3246 1034 indignum
3271 981 3326 1017 se
3355 969 3486 1034 asti-

1898 1036 2048 1095 mavit
2069 1048 2152 1095 qui
2184 1031 2500 1095 Evangelium
2521 1033 2778 1095 scriberet,
2798 1031 2910 1095 120.
2932 1032 3110 1095 Petrus
3137 1031 3302 1095 Romae
3325 1031 3485 1091 capite

1899 1093 1950 1144 in
1979 1093 2160 1144 terram
2181 1093 2336 1143 verso‘
2349 1097 2480 1144 cruci
2503 1094 2735 1155 anigitur,
2758 1093 2862 1141 1|1.
2890 1093 3027 1142 Petri
3053 1093 3367 1155 negationem
3397 1104 3486 1140 cur

1901 1157 2094 1206 Marcus
2114 1165 2210 1207 tam
2239 1163 2417 1205 exacte
2442 1155 2782 1218 descripserit,
2807 1155 2912 1204 121.

1962 1261 2270 1311 Philalethes
2292 1261 2538 1312 Hieroclis
2561 1261 2673 1310 libri
2692 1259 2883 1322 quibus
2908 1258 3165 1320 Tyaneum
3187 1257 3308 1308 Jesu
3344 1257 3486 1310 Chri-

1899 1328 1977 1372 sto
1995 1326 2300 1386 aequiparare
2321 1325 2592 1383 contendit,
2618 1321 2725 1372 511.

1961 1406 2214 1458 Philolaus
2239 1409 2567 1471 Pythagorea
2589 1407 2826 1456 doctrinae
2846 1403 3164 1467 conseriptor,
3189 1403 3299 1454 519.

1964 1489 2371 1552 Philostratusin
2415 1489 2662 1552 Apollonii
2695 1487 3134 1552 _consortio‘vix_it.
3170 1485 3315 1552 cujus
3357 1482 3483 1552 facta

1899 1553 2150 1599 memoriae
2175 1551 2437 1606 mandavit.
2462 1546 2570 1599 512.
2600 1549 2928 1597 Philostratus
2951 1548 3208 1610 Apollonii
3236 1548 3382 1610 vitam
3424 1546 3487 1594 ab

1900 1611 2216 1660 incunabulis
2241 1613 2300 1662 ad
2324 1613 2514 1662 exitum
2528 1623 2686 1672 usque
2713 1608 3129 1672 contexuit,:51§i
3157 1608 3487 1672 Philostratus

1898 1672 2149 1734 Apollonii
2190 1681 2396 1722 strenue
2442 1669 2619 1734 nugax'
2644 1671 2895 1734 defensor,
2933 1671 3040 1719 550.
3077 1669 3390 1718 Pbilostratis
3434 1673 3489 1717 et

1898 1731 2117 1783 Damidis
2162 1736 2416 1784 mendacia
2457 1731 2762 1795 deteguntur
2800 1731 2978 1795 quibus
3030 1744 3258 1780 asserere
3305 1743 3489 1780 conan-

1902 1801 1983 1844 tur
2008 1797 2321 1858 Apollonium
2346 1793 2613 1847 αὺτοδίδαιτᾶν
2636 1795 2804 1855 fuisse,
2824 1793 2930 1843 518.

1960 1879 2170 1941 Pietatis
2194 1892 2310 1941 erga
2336 1878 2503 1941 Deum
2522 1879 2810 1941 imitandum
2838 1877 3030 1926 cunctis
3075 1877 3363 1939 exemplum
3393 1876 3488 1927 Job

1900 1939 2187 1990 exhibuisse
2210 1939 2463 2002 probatur,
2489 1939 2563 1989 16.

1962 2022 2315 2071 Pincernarum
2340 2022 2469 2084 apud
2510 2021 2657 2072 Indos
2686 2033 2811 2084 quos
2835 2021 2960 2070 vidit
2987 2019 3302 2082 Apollonius,
3323 2023 3492 2069 motus

1901 2091 2008 2134 erat
2031 2087 2266 2147 magicus,
2288 2084 2398 2133 551.

1965 2165 2159 2214 Pisatus
2184 2173 2328 2214 nocte
2352 2167 2400 2213 in
2439 2165 2679 2226 templum
2709 2165 2806 2215 Dei
2836 2169 3006 2214 contra
3027 2161 3098 2213 fas
3119 2163 3360 2226 imagines
3382 2161 3490 2214 Cte-

1901 2229 2023 2277 saris
2046 2227 2273 2276 intulisse
2297 2226 2548 2286 probatur,
2567 2228 2675 2275 405.

1964 2308 2237 2372 Plagiarius
2255 2308 2531 2368 Hierocles,
2557 2308 2666 2357 511.

1965 2393 2105 2440 P'alo
2128 2393 2280 2441 multa
2305 2405 2334 2440 e
2352 2391 2690 2440 sacerdotibus
2714 2389 2956 2451 [Egyptiis
2977 2392 3029 2437 et
3049 2383 3305 2450 prophetis
3323 2386 3486 2451 audita

1902 2467 1956 2502 et
1983 2456 2106 2502 lecta
2149 2454 2290 2502 libris
2332 2455 2434 2500 suis
2473 2454 2703 2511 inseruit,
2746 2449 2855 2500 54οζ
2905 2449 3061 2498 Plato
3099 2462 3246 2498 unum
3290 2449 3487 2511 tandem

1901 2515 2063 2564 Deum
2099 2529 2271 2577 magna
2310 2529 2418 2577 cum
2459 2509 2750 2577 diliicultale
2786 2524 3106 2574 cognoscens,
3149 2512 3199 2559 in
3238 2509 3488 2572 publicum

1903 2577 2086 2626 efferre
2110 2575 2206 2625 non
2230 2575 2462 2635 audebat,
2486 2575 2592 2623 129.

1966 2659 2145 2724 Poenas
2177 2658 2501 2708 inevitabiles
2537 2670 2633 2724 cur
2671 2654 2896 2724 Christus
2947 2651 3491 2724 impiis_descripserii,

1899 2721 2052 2832 jltbsitis
2091 2733 2210 2769 vero
2233 2726 2468 2770 aeternam
2489 2734 2517 2768 a
2536 2720 2645 2769 Deo
2695 2721 2842 2768 vitam
2870 2715 3088 2780 promitti
3108 2717 3353 2776 docuerit,
3380 2715 3492 2778 106,

1964 2865 2273 2915 Potestatem
2316 2877 2463 2914 unam
2503 2862 2715 2912 divinam
2750 2875 2897 2924 supra
2939 2873 3086 2910 omne
3111 2861 3357 2922 opiﬁcium
3380 2862 3494 2910 uni-

1903 2929 2036 2976 versi
2058 2924 2286 2976 admirari
2311 2932 2391 2975 est
2417 2938 2694 2983 necessum,
2720 2925 2825 2986 149.
2842 2924 3158 2986 Potestatem
3182 2935 3293 2971 esse
3317 2936 3493 2986 quam-

1904 2989 2014 3038 dam
2047 2988 2140 3037 Dei
2179 2989 2440 3045 inimicam,
2475 2988 2525 3036 in
2564 3000 2660 3047 qua
2702 2985 2784 3047 qui
2821 2985 3116 3047 dominatur,
3154 2996 3299 3032 omne
3328 2985 3493 3047 homi-

1905 3064 2020 3098 num
2046 3063 2204 3112 genus
2227 3050 2504 3112 seduxerit.
2528 3045 2823 3104 declaratur,
2850 3047 2957 3095 158.
2988 3046 3284 3112 Potestates_
3310 3045 3492 3094 divinae

1905 3106 2292 3160 innumerabiles
2321 3111 2521 3172 quidem
2560 3116 2742 3157 creatae
2781 3116 2914 3172 sunt,
2957 3122 3052 3172 una
3090 3106 3494 3172 vero_durit.axat

1905 3173 2194 3282 ipsiusiliiiii
2217 3173 2312 3222 Dei
2334 3166 2538 3234 propter
2560 3184 2707 3234 quam
2741 3171 2990 3220 inducitur
3022 3170 3183 3230 imago
3214 3166 3310 3217 Dei
3335 3169 3496 3218 Patris

1907 3247 2040 3282 esse.

1907 3247 2040 3294 esse,

1970 3336 2372 3398 Praeceptalegis
2394 3335 2619 3384 Mosaicae
2636 3348 2782 3398 quam
2807 3332 2991 3384 fuerint
3028 3330 3273 3383 universis
3309 3333 3495 3383 Judais

1907 3407 2103 3449 servatu
2128 3397 2362 3457 difﬁcilia,
2387 3399 2434 3446 5.

1971 3483 2326 3532 Praidlcatores
2345 3487 2399 3529 et
2422 3481 2652 3529 doctores
2679 3481 2728 3530 in
2750 3479 2975 3530 Ecclesia
2998 3491 3086 3528 cur
3104 3479 3356 3541 sejunctos
3380 3489 3494 3527 esse

1907 3548 2134 3607 oporteat
2155 3558 2182 3592 a
2205 3556 2260 3592 re
2285 3543 2474 3603 uxoria,
2501 3541 2579 3590 51.

1970 3626 2226 3736 Ρτειειρῖει
2247 3623 2484 3676 Ecclesiae
2509 3623 2761 3688 Scriptura
2803 3623 2953 3674 boum
2989 3625 3188 3673 nomine
3231 3623 3364 3671 solet
3396 3634 3494 3671 ex-

1970 3700 2144 3736 imere.
2235 3725 2246 3735 .

1907 3700 2144 3752 primere,
2168 3700 2192 3736 Ἰ
2204 3700 2246 3735 ι.

1974 3769 2310 3829 Praestigiator
2339 3765 2521 3828 quibus
2543 3767 2735 3815 indiciis
2762 3767 2966 3829 agnosci
3006 3771 3175 3827 queat,
3216 3763 3323 3813 125.
3357 3764 3494 3829 Prai-

1909 3825 2214 3941 istigiiitgtgre'm
2254 3825 2406 3878 fuisse
2427 3829 2668 3880 Christum
2707 3825 3050 3877 arbitrantium
3083 3839 3224 3876 error
3247 3825 3495 3876 convinci-

1933 3906 2007 3941 ur.
2124 3929 2135 3940 .

1972 3972 2300 4036 Praestigiosis
2333 3973 2556 4021 foliorum
2587 3971 2907 4036 quorumdam
2938 3967 3357 4036 inscriptionibus,
3404 3975 3490 4036 aut

1909 4032 2561 4145 herblarurﬁiziiadicumque
2596 4032 3069 4096 suﬂ'umigatiouibus
3108 4032 3379 4082 Christiano
3423 4032 3493 4079 uti

1909 4111 2008 4146 non
2048 4099 2164 4146 icet.
2281 4133 2294 4145 .

2151 4133 2164 4156 ,
2189 4133 2294 4145 ι-..

1973 4179 2358 4241 Primogenitam
2396 4178 2490 4227 Dei
2525 4178 2780 4241 virtutem,
2803 4181 3032 4241 quamiet
3064 4173 3358 4241 sapie_nt_iam
3398 4175 3493 4241 Dei

1910 4235 2206 4304 appellat'et
2234 4241 2468 4304 ejusdem
2491 4239 2730 4304 sobolem,
2751 4235 3161 4300 quemadmodum
3185 4237 3417 4287 Salomon
3442 4235 3492 4285 in

1910 4301 2196 4354 Proverbiis
2216 4303 2467 4364 designet,
2491 4301 2600 4349 211.

1971 4388 2324 4437 Promissorum
2348 4377 2630 4434 divinorum
2667 4387 2846 4433 eventa
2870 4395 2966 4430 non
3003 4382 3053 4430 in
3087 4395 3283 4430 omnem
3323 4381 3494 4430 Judai-

1910 4463 2015 4499 eam
2037 4448 2372 4560 gcienteméssed
2404 4449 2452 4497 in
2486 4459 2662 4510 paucos
2702 4459 2874 4494 eorum
2899 4445 3137 4493 duntaxat
3171 4450 3488 4506 perventura,

1911 4519 2052 4560 osten
2092 4518 2208 4560 Itur.
2295 4547 2306 4560 .

1911 4519 2208 4571 ostenditur,
2228 4519 2306 4560 ua.

1971 4594 2272 4656 Prophetam
2296 4605 2352 4641 se
2372 4593 2724 4656 suscitaturum
2747 4603 2836 4638 cur
2859 4589 2993 4638 Deus
3021 4590 3213 4656 Juda-is
3243 4589 3492 4656 pollicitus

1910 4651 2089 4705 fuerit:
2104 4655 2212 4702 415.
2239 4654 2504 4716 Prophetas
2522 4653 2842 4716 Hebramrum
2866 4665 3076 4712 quonam
3102 4651 3247 4716 modo
3270 4651 3415 4716 simul
3432 4658 3492 4716 Aet

1910 4732 2022 4781 qua;
2041 4718 2204 4781 futura
2235 4712 2666 4781 essent_canebant
2689 4724 2738 4762 et
2758 4717 2908 4781 solani
2929 4725 3092 4781 veram
3114 4713 3408 4781 theologiam
3428 4712 3491 4760 il-

1911 4773 2204 4835 lustrabant,
2245 4778 2356 4826 202.
2398 4777 2752 4838 Prophetarum
2784 4773 3490 4838 habitus,1i.Prophetarum

1911 4841 2314 4890 comminationes
2347 4835 2582 4887 adversus
2605 4837 2802 4885 Judzeos
2825 4842 3028 4898 propter
3053 4835 3356 4898 Salvatorem
3396 4849 3486 4884 no-

1911 4911 2066 4952 strum
2089 4901 2331 4952 Christum
2354 4909 2407 4948 et
2426 4906 2538 4961 post
2569 4899 2972 4961 ejusad~entum
3009 4897 3245 4961 accidisse
3267 4897 3490 4945 ostendi-

1915 4970 2011 5023 tur,
2035 4964 2116 5011 65.
2153 4957 2506 5023 Prophetarum
2526 4960 2732 5023 oracula
2765 4961 3028 5023 adventum
3053 4957 3228 5007 Christi
3257 4965 3492 5023 spectan-

1913 5028 1978 5074 tia
2001 5020 2108 5074 ’cur
2130 5026 2226 5074 alia
2252 5020 2459 5134 Eiidem
2493 5021 2767 5081 obscurius,
2796 5021 2891 5070 alia
2927 5028 3090 5069 autem
3119 5021 3340 5082 apertius
3363 5020 3494 5071 dicta

1913 5089 2248 5134 inveniantur.
2340 5085 2386 5133 7.

1911 5089 2248 5144 inveniantur,
2277 5085 2386 5134 257.

1972 5169 2302 5242 Providentiae
2335 5163 2658 5242 gubernantis
2695 5163 3052 5242 sapientissima
3088 5163 3289 5212 decreta
3327 5169 3493 5212 custo-

1912 5232 2055 5281 diunt
2080 5238 2134 5280 et
2153 5226 2406 5280 asservant
2427 5229 2674 5286 universa,
2697 5226 2806 5276 515.

1974 5315 2191 5377 Pygmaei
2235 5310 2742 5377 etAiiihropophagi,
2779 5315 2832 5358 et
2871 5306 3140 5377 Sciopodes
3177 5307 3304 5377 apud
3345 5307 3494 5358 indos

1912 5367 2178 5438 Apollvonio
2213 5375 2321 5438 visi,
2351 5367 2705 5438 555,__l_"ygma§i
2730 5367 2914 5432 'specus
2945 5367 3298 5418 subterraneos
3336 5382 3493 5433 prope

1913 5434 2132 5500 Gangem
2159 5435 2399 5492 habitant,
2423 5434 2532 5483 525.

1972 5513 2277 5572 Pythagoras
2305 5510 2460 5572 Magis
2484 5514 2802 5558 conversatus
2835 5504 3022 5554 nullam
3052 5503 3224 5566 magiae
3251 5507 3498 5567 suspicio-

1911 5588 2023 5623 nem
2048 5575 2272 5629 incurrit,
2296 5572 2404 5620 5-10.

1974 5637 2279 5698 Pythagoras
2309 5635 2521 5693 Samius,
2545 5631 2655 5682 520.

2686 5741 2724 5800 S

1972 5866 2311 5916 Sandaracinaa
2334 5877 2474 5924 aqum
2499 5868 2680 5924 puteus
2711 5861 2837 5924 apud
2867 5859 3208 5917 Brachmauos,
3234 5855 3345 5905 558.

1976 5927 2332 5982 Sandaraciuus
2358 5923 2556 5988 puteus,
2581 5923 2686 5972 525.
