3978 6414
1642 402 1918 451 ,

2845 456 3168 467 ..η--..κη
3284 463 3306 469 -
3415 465 3432 470 -

1405 870 1631 958 ΤΟΥ
1701 874 2300 966 ΠΑΜΦΙΛΟΥ

691 1055 1857 1196 ΕΥΑΓΓΕΛΙΚΗΣ
1941 1066 3019 1211 ΑΠΟΔΕΙΞΕΩΣ

1360 1302 1867 1421 ΒΙΒΛΙΑ
1936 1313 2342 1427 ΔΕΚΑ

843 1689 1691 1872 EUSEBII
1799 1694 2853 1879 PAMPHILI

433 2009 634 2135 DE
732 2010 2153 2146 DEMONSTRATIONE
2254 2021 3261 2155 EVANGELICA

1374 2270 1757 2389 LIBRI
1838 2275 2313 2390 DECEM

1004 2488 1439 2548 lNTERPRETE
1474 2490 1913 2549 BERNARDINO
1946 2490 2248 2562 DONATO,
2276 2494 2683 2554 VERONENSL

308 2651 410 2719 (Ex
438 2652 553 2703 edit.
573 2650 730 2701 Paris.
755 2648 893 2708 1628,
924 2648 1091 2721 Colon
1116 2646 1296 2721 (Lips).
1315 2647 1464 2721 1688;
1493 2647 1651 2721 Oxon.
1690 2645 1826 2721 ίῳ.
1856 2673 1916 2716 -τ-
1937 2646 2139 2698 Accedit
2160 2648 2558 2721 sppplementurn
2579 2664 2605 2700 a
2628 2652 2686 2721 J_._
2716 2651 2775 2702 Α.
2804 2651 3028 2721 Fabricio
3062 2656 3355 2720 evulgatnm,

863 2706 1148 2774 prooemium
1191 2706 1382 2761 scilicet
1419 2706 1474 2760 et
1512 2712 1666 2773 capita
1709 2706 1777 2758 ΙΙΙ
1821 2706 2001 2771 priora,
2036 2723 2143 2759 cum
2188 2706 2342 2773 ipsius
2381 2713 2547 2775 operis
2589 2714 2829 2777 epilogo.)

1798 2840 1870 2854 _

1004 2942 1583 3036 EPISTOLA
1673 2946 1741 3035 N
1770 2946 2663 3040 UNCUPATORIA.

1578 3136 1693 3199 (Ed.
1731 3137 1887 3188 Paris.
1920 3136 2082 3198 1628.)

279 3314 657 3373 Illustrissimo
679 3333 740 3371 ac
765 3315 1090 3386 integerrimo
1114 3314 1222 3367 viro
1246 3313 1456 3366 domino
1487 3309 1555 3366 D.
1583 3310 1973 3383 Hacquevilleo,
1996 3315 2354 3386 augustissimi
2370 3312 2667 3367 Galliarum
2692 3324 2903 3367 senatus
2925 3314 3096 3381 primo
3124 3313 3350 3367 Pra'sidi
3375 3314 3434 3369 S.

275 3408 425 3464 Bene
454 3424 519 3461 ac
548 3410 768 3463 feliciter
795 3409 947 3462 nobis
978 3407 1348 3476 universasque
1373 3404 1557 3461 Galliae
1584 3407 1816 3461 cessisse
1852 3422 2043 3463 ornncs
2069 3409 2533 3471 existimaverunt,
2566 3407 2929 3461 illustrissime
2962 3404 3188 3471 Prmses,
3222 3421 3344 3462 cum
3365 3409 3428 3465 at

210 3517 439 3559 excessu
477 3500 788 3570 amplissimi
822 3510 1043 3555 senatus
1063 3500 1349 3570 principis,
1384 3498 1556 3568 patria
1582 3498 1942 3561 diuturniore,
1978 3512 2137 3567 quam
2169 3505 2544 3559 consueverat,
2580 3507 2815 3565 tempore
2848 3504 3213 3562 consternata,
3247 3496 3429 3551 subit»

210 3593 415 3647 luctum
464 3608 527 3646 ac
571 3590 891 3645 desiderium
926 3591 1059 3643 tanti
1087 3587 1339 3644 Praesidis
1363 3596 1457 3641 tua
1512 3589 1568 3641 in
1603 3588 1775 3659 ipsius
1807 3588 1983 3641 locum
2042 3591 2381 3658 promotione
2425 3588 2693 3657 deposuit.
2732 3586 2809 3641 Ex
2836 3603 2943 3658 quo
2970 3603 3146 3642 rerum
3180 3588 3425 3642 omnium

210 3690 539 3753 agendarum
572 3692 813 3752 tempora
850 3681 931 3736 sic
965 3681 1278 3744 illuxerunt,
1312 3689 1455 3733 tanta
1509 3680 1562 3733 in
1609 3681 1818 3733 animos
1846 3680 2088 3733 omnium
2120 3680 2338 3749 irrepsit
2364 3679 2568 3742 laetitia,
2618 3687 2675 3731 ut
2704 3679 2793 3732 vix
2844 3678 2987 3733 aliud
3014 3679 3249 3749 optatius
3276 3681 3423 3750 quod

219 3778 435 3836 vellent,
468 3782 559 3827 aut
592 3774 738 3843 quod
784 3771 1041 3841 pristinas
1083 3768 1431 3840 aegritudines
1474 3785 1539 3825 ex
1572 3769 1777 3823 recenti
1808 3769 2019 3838 jactura
2060 3777 2350 3839 conceptas
2381 3770 2749 3824 vehementius
2781 3770 3055 3834 allevaret,
3114 3771 3426 3840 contingera

215 3871 447 3937 potuisse
468 3868 774 3922 crederent.
801 3865 975 3935 thue
1006 3866 1312 3935 reipublicae
1336 3865 1497 3918 rebus
1519 3864 1790 3933 quondam
1813 3865 2139 3933 perturbatis
2158 3864 2588 3919 animadversum
2619 3874 2723 3930 est,
2753 3873 2873 3935 post
2890 3864 3227 3920 Cannensem
3267 3865 3418 3919 illam

216 3962 415 4014 cladem
441 3961 685 4016 secundo
706 3958 939 4014 Marcelli
970 3960 1034 4014 ad
1059 3959 1246 4013 Nolam
1272 3960 1477 4028 praelia,
1502 3970 1759 4029 populum
1788 3958 2087 4014 Romanmn
2115 3960 2345 4030 primum
2367 3960 2521 4030 erigi,
2554 3975 2617 4014 ac
2639 3961 2894 4029 deinceps
2920 3959 2986 4013 ad
3016 3969 3229 4030 optatos
3250 3962 3424 4015 exitus

197 4056 413 4111 amante
438 4056 654 4111 fortuna
680 4054 896 4124 provehi
925 4056 1154 4124 cmpisse
1182 4075 1195 4107 :
1220 4053 1300 4108 sic
1331 4061 1451 4123 post
1478 4054 1638 4108 unius
1662 4053 1759 4107 viri
1788 4054 1976 4107 amissi
1997 4054 2379 4116 calamitatem,
2410 4054 2567 4109 simul
2599 4062 2760 4124 atque
2782 4055 2849 4108 ad
2882 4055 3243 4123 augustiorem
3278 4054 3423 4108 illam

192 4148 609 4218 principemque
636 4152 857 4199 senatus
886 4142 1222 4212 dignitatem,
1250 4157 1356 4195 non
1395 4143 1735 4207 favitoribus,
1770 4149 1828 4195 ut
1854 4145 1930 4197 ait
1954 4143 2229 4207 Comicus,
2260 4143 2356 4197 sed
2385 4144 2582 4198 virtute
2610 4130 2897 4199 ambiendo
2926 4145 3239 4214 pervenisti,
3265 4148 3423 4218 lugu—

188 4241 315 4297 bria
340 4240 519 4295 omnia
544 4240 728 4309 procul
756 4238 1051 4299 eliminata,
1085 4246 1138 4291 et
1170 4251 1440 4306 prospera:
1472 4251 1560 4290 res
1588 4235 1782 4291 deinde
1806 4239 2087 4313 permultze
2116 4246 2422 4293 consecuta
2447 4238 2574 4291 sint.
2618 4237 2746 4304 Quae
2783 4239 2906 4293 aliis
2935 4238 3059 4295 inde
3093 4244 3419 4299 accesserint

188 4336 502 4398 commoda,
532 4334 703 4404 magis
729 4333 862 4403 ipsis
885 4330 1082 4401 quibus
1107 4333 1195 4385 illa
1229 4334 1569 4401 contigerunt
1590 4330 1835 4398 fruenda,
1859 4349 2019 4404 quam
2044 4334 2288 4404 pluribus
2310 4334 2651 4402 praedicanda
2678 4332 3051 4402 relinquimus.
3079 4333 3275 4391 Noster
3298 4350 3419 4391 vero

193 4428 359 4493 ordo,
397 4437 581 4482 nostra
626 4428 880 4492 societas,
913 4432 966 4478 et
995 4425 1158 4479 veluti
1203 4424 1464 4478 litteraria
1495 4425 1739 4496 quaedam
1783 4426 2065 4489 sodalitas,
2099 4426 2256 4496 quasi
2288 4442 2353 4481 ex
2395 4426 2637 4498 longiore
2666 4435 2888 4481 veterno
2915 4436 3189 4491 revocata,
3218 4430 3272 4483 in
3299 4442 3417 4483 cam

188 4536 357 4590 spem
390 4528 566 4574 erecta
595 4526 697 4584 est,
726 4527 785 4573 ut
809 4530 859 4573 te
893 4532 1107 4572 sacrum
1137 4514 1428 4571 Tbemidos
1460 4498 1675 4570 clavum
1715 4526 1951 4581 tenente,
1983 4519 2356 4589 bonarumque
2383 4519 2683 4574 litterarum
2718 4518 2964 4581 custode,
2987 4518 3272 4572 doctorum
3300 4534 3418 4572 om-

188 4613 351 4667 nium
388 4610 614 4675 fautore,
644 4612 923 4681 ipsiusque
951 4608 1302 4663 humanitatis
1345 4609 1565 4664 assiduo
1607 4608 1839 4673 vindice,
1872 4612 2158 4681 pristinum
2202 4611 2458 4681 vigorem,
2486 4609 2652 4665 decus
2682 4624 2745 4664 ac
2776 4610 3145 4664 celebritatem
3180 4609 3328 4664 brevi
3358 4625 3417 4665 se

182 4711 533 4772 recepturam
563 4710 873 4773 augurctur.
908 4700 1037 4767 Quae
1068 4716 1166 4756 nos
1183 4715 1248 4755 eo
1276 4716 1365 4756 res
1408 4700 1652 4765 adduxit,
1689 4709 1748 4755 ut
1776 4718 1933 4772 quem
1966 4718 2076 4774 prae
2126 4704 2376 4758 manibus
2411 4703 2671 4757 hahenms
2701 4713 2975 4757 auctorem
3004 4702 3144 4756 diem
3173 4703 3416 4762 aspicere

183 4796 510 4869 gestientem
543 4793 831 4849 Eusebium
854 4792 1119 4863 Pamphili
1154 4793 1227 4847 De
1253 4792 1694 4848 demonstratione
1721 4795 2036 4864 evangelica,
2068 4796 2170 4850 hoc
2217 4803 2299 4850 est
2328 4796 2394 4850 de
2427 4794 2549 4850 ﬁdei
2573 4793 2897 4850 Christiana:
2920 4797 3145 4850 veritate
3177 4796 3413 4865 graviter

181 4887 569 4952 disserentem,
599 4895 693 4942 tuo
723 4888 1060 4957 potissimum
1098 4886 1300 4940 nomini
1327 4901 1669 4948 consecrare,
1693 4902 1799 4941 non
1826 4895 1934 4941 tam
1966 4902 1996 4940 e
2017 4902 2075 4941 re
2101 4895 2285 4941 nostra
2317 4902 2462 4951 esse,
2490 4900 2650 4956 quam
2675 4885 2901 4954 publica:
2929 4887 3414 4956 congratulationls

179 4980 457 5039 interesse
485 4989 816 5053 putaremus.
845 4979 974 5033 Nam
1007 4996 1129 5035 cum
1161 4980 1381 5034 humani
1412 4988 1465 5035 te
1488 4980 1629 5049 juris
1660 4990 1983 5035 assertorem
2006 4982 2329 5035 acerrimum
2369 4990 2422 5035 et
2447 4980 2602 5045 alias,
2628 4993 2775 5034 nunc
2803 4988 2932 5034 fero
2956 4980 3190 5034 maxime
3217 4980 3284 5035 ad
3312 4995 3409 5036 su-

185 5092 432 5148 premum
460 5077 624 5130 curia
664 5077 815 5145 regni
838 5075 1108 5146 fastigium
1138 5089 1233 5144 per
1252 5089 1443 5129 omnes
1482 5074 1748 5129 honorum
1778 5075 1980 5146 gradus
2001 5083 2220 5130 evectus
2250 5076 2513 5147 praebeas,
2540 5076 2627 5129 cui
2670 5074 2888 5145 pietatis
2928 5080 2981 5128 et
3025 5074 3251 5130 sincera
3281 5076 3437 5151 reli-~

190 5174 362 5241 gionis
382 5188 515 5228 cura
545 5173 718 5243 magis
742 5171 1040 5234 incumbat,
1069 5170 1115 5226 si
1142 5185 1171 5225 a
1198 5178 1247 5225 te
1269 5170 1562 5226 abierirnus
1593 5169 1823 5226 fortasse
1842 5171 2173 5241 reperiemus
2192 5171 2483 5227 neminem.
2511 5170 2601 5226 Sic
2626 5171 2891 5227 Eusebius
2913 5179 3101 5227 noster
3122 5170 3411 5242 Pamphilo

188 5284 288 5324 suo
314 5271 370 5324 in
409 5269 513 5324 ﬁde
547 5269 746 5324 tuenda
785 5268 922 5323 fidus
949 5267 1176 5324 adhaesit
1216 5282 1420 5333 comes,
1457 5274 1517 5321 ut
1548 5265 1811 5336 Pamphili
1844 5267 2004 5321 etiam
2048 5281 2346 5337 cognomen
2376 5268 2476 5323 sibi
2501 5268 2718 5337 adjungi
2742 5265 3122 5323 volueritrNec
3144 5262 3291 5321 aliud
3328 5267 3414 5319 di-

176 5360 501 5431 gnitatituz
521 5376 840 5431 morumque
861 5360 1113 5416 suavitati
1137 5374 1329 5415 nomen
1354 5360 1534 5431 aptius
1561 5360 1732 5431 potuit
1749 5374 2055 5422 occurrere,
2076 5376 2237 5431 quam
2264 5362 2442 5424 istius,
2465 5361 2607 5431 quod
2629 5362 2869 5417 omnium
2896 5374 3239 5415 communem
3260 5374 3417 5414 amo-

177 5467 299 5508 rem
321 5466 383 5505 ac
407 5452 835 5509 benevolentiam
862 5452 1145 5508 indicaret.
1171 5451 1349 5519 Quare
1386 5452 1430 5508 si
1458 5452 1512 5507 in
1546 5459 1657 5507 tam
1687 5452 1941 5522 propensi
1973 5452 2217 5507 omnium
2247 5453 2305 5507 in
2334 5460 2389 5507 te
2414 5450 2638 5515 amoris,
2672 5460 2887 5523 tuasque
2916 5451 2971 5506 in
3004 5465 3194 5505 omnes
3230 5450 3399 5504 chari.

176 5542 313 5598 tatis
341 5542 616 5613 publicum
640 5542 1033 5606 testimonium,
1057 5542 1393 5613 singulorum
1425 5542 1677 5597 ordinum
1705 5555 1770 5596 ac
1799 5541 2119 5597 societatum
2148 5541 2641 5612 congratulationes
2664 5542 2911 5598 certatim
2940 5540 2995 5595 in
3020 5549 3073 5594 te
3094 5539 3208 5595 fieri
3235 5554 3411 5596 nuper

175 5637 431 5702 vidimus,
455 5647 737 5708 postquam
766 5638 822 5692 in
853 5638 1223 5696 excelsissimo
1253 5639 1345 5693 illo
1371 5647 1791 5709 purpuratorum
1830 5636 2048 5693 Patrum
2089 5640 2322 5694 culmine
2361 5640 2677 5705 consqdisti,
2712 5638 2841 5711 quid
2869 5635 3089 5691 tandem
3108 5635 3267 5691 nobis
3286 5636 3407 5688 anl-

178 5728 252 5781 mi
282 5726 350 5787 ad
387 5726 705 5782 munuscula
736 5728 973 5796 undique
1020 5726 1402 5796 comparanda,
1440 5727 1800 5798 flosculosqne
1829 5735 1882 5783 et
1926 5736 2070 5784 serta
2120 5743 2396 5782 musarum
2442 5744 2507 5784 ex
2552 5729 2781 5785 hortulis
2828 5726 3149 5799 colligenda,
3190 5733 3405 5795 tuaeque

456 5818 730 5878 Parum.
777 5818 895 5879 Gn.
940 5818 1145 5879 XXII.
3090 5825 3118 5880 1
