4056 6418
566 278 626 360 εἰ
1228 303 1500 364 susse"
1538 305 2013 361 cassamsns
2051 306 2200 363 ora.
2242 309 2422 365 psus
2460 310 2523 365 ιι.
2564 282 2633 354 ;.
2672 312 3168 374 APOLOGETICA.
3728 326 3788 378 is

563 423 902 482 celsitudinis
931 425 1155 496 pedibus
1177 424 1508 481 admovenda
1537 441 1658 481 esse
1689 422 1895 488 debuit,
1927 440 2156 498 quorum
2193 442 2318 497 spes
2350 428 2528 484 omnis
2557 444 2725 501 prope
2751 440 2805 487 et
2828 434 2985 500 ratio,
3018 436 3126 489 imo
3157 436 3465 506 praesidium
3501 447 3794 512 portusque

534 517 871 604 ‘tutissimus
900 518 954 572 in
1003 519 1080 572 tui
1120 519 1364 573 muneris
1396 516 1750 589 amplitudine
1779 529 1939 587 atque
1973 519 2337 597 sollicitudine
2371 520 2585 578 videtur
2612 538 2736 581 esse
2777 528 3127 585 constitutus.
3160 529 3416 602 Accipies
3451 534 3633 603 igitur.
3667 534 3789 590 illu-

539 614 832 700 l‘strtssime
879 612 1109 677 Praeses,
1144 630 1250 685 quo
1295 614 1494 678 studio,
1538 630 1752 684 quaque
1790 617 2120 670 consuevisti
2163 617 2519 700 humanitate,
2567 636 2725 677 sacra
2767 623 3032 681 doctrinae
3074 642 3322 698 veraeque
3356 630 3574 700 pietatis
3604 646 3793 687 monu-

528 685 762 791 jmcnta,
789 704 841 758 id
888 704 1033 776 quod
1072 722 1214 759 nunc
1247 706 1365 776 ipsa
1396 705 1558 760 nobis
1610 705 1810 773 objecit
1836 707 2073 769 occasio,
2104 694 2324 762 Eusebii
2367 709 2577 765 scilicet
2602 709 2867 782 Pamphili
2900 685 3253 775 Caesariensis
3285 685 3684 793 lle-evangelica
3711 685 3791 776 de-

542 786 940 851 monstratione
971 798 1288 853 utilissimas
1317 800 1837 867 Commentationes,
1863 814 1983 869 quae
2013 799 2290 854 bonorarii
2320 803 2605 873 cujusdam
2625 806 2868 863 muneris
2887 808 3061 864 instar
3087 826 3208 867 esse
3226 815 3455 882 possint,
3494 786 3655 885 quale
3686 828 3792 870 ma-
3852 872 3859 879 ,

557 885 876 957 gistratibus
925 892 1221 947 novissime
1248 895 1304 949 in
1351 898 1661 965 provincias
1702 914 1731 953 a
1761 900 2009 970 principe
2055 897 2257 964 missis,
2288 901 2455 955 animi
2487 902 2732 959 benevoli
2759 906 2992 962 testandi
3035 922 3202 964 causa
3232 909 3412 965 oderri
3463 912 3690 977 solebat,
3729 921 3786 969 ut

556 982 711 1031 tanto
740 980 1037 1036 studiosius
1059 990 1111 1036 et
1139 981 1454 1055 diligentius
1484 988 1794 1060 reipublicae
1814 989 2181 1056 consulerent,
2208 996 2412 1060 quanto
2436 991 2640 1062 majore
2664 1004 2716 1050 et
2747 994 2983 1065 publicis
3004 999 3243 1054 omnium
3275 1000 3413 1057 votis
3444 1001 3589 1059 illius
3617 1004 3785 1060 admi-

402 5532 622 5607 qm

554 1073 850 1128 nistranda:
871 1090 1056 1129 curam
1082 1088 1456 1148 susceperant.
1493 1079 1643 1137 Vale.

623 1166 781 1217 Anno
818 1166 1009 1221 salutis
1041 1165 1196 1222 1698.

902 1366 1214 1426 Celsiludini
1243 1379 1347 1427 tua:
1374 1372 1751 1440 addictissimi,

2608 1564 2836 1623 Michael
2866 1566 3115 1626 Somnus.

2614 1657 2971 1715 Sebastianus
2996 1660 3288 1717 Censores.
3394 1702 3397 1705 μ

2588 1752 2825 1813 Carolus
2858 1755 3202 1815 Honestum.

2177 1834 2227 1868 ἢ

553 1926 3751 1963 .________._________._______________________________,___

1466 2074 2213 2169 GALLANDIUS
2281 2077 2841 2174 LECTORI.

1334 2261 1653 2325 (Bibliotheca
1674 2270 1762 2317 vet.
1788 2266 1953 2328 Patr.,
1976 2271 2094 2317 tom.
2120 2265 2204 2327 IV,
2229 2265 2448 2330 Proleg.,
2471 2280 2521 2330 p.
2548 2280 2666 2330 nu,
2691 2272 2816 2332 etp.
2844 2268 2976 2332 ιδι.)

539 2526 581 2593 1.
644 2537 855 2593 Eusebii
920 2534 1262 2591 Ctesarienst's
1319 2532 1724 2609 Demonstratio
1791 2538 2101 2609 evangelica
2133 2545 2181 2603 Α
2207 2538 2338 2593 illud
2370 2537 2661 2609 Sapientiae
2684 2554 2783 2602 vn,
2811 2537 2882 2593 26
2915 2555 2929 2593 :
2958 2537 3218 2609 Splendor
3252 2550 3331 2595 est
3374 2542 3587 2599 luminis
3633 2561 3772 2600 senu-

1192 2603 1445 2673 suppleta.

608 2721 1057 2793 Quandoquidem
1117 2730 1425 2789 temporum
1491 2718 1626 2774 ordo
1686 2721 1751 2776 ad
1808 2719 2103 2777 Eusebium

536 2816 927 2872 Caesariensem
956 2830 1058 2870 nos
1087 2814 1402 2878 deduxerat,
1429 2824 1618 2868 nostra
1659 2811 1927 2869 interesse
1978 2829 2106 2868 cen-

535 2909 767 2971 suimus,
801 2917 859 2961 ut
892 2905 1213 2976 proemium
1255 2912 1308 2959 et
1347 2906 1525 2978 capita
1575 2903 1644 2959 ΠΙ
1702 2905 1886 2974 priora
1931 2904 2103 2959 libril

536 2998 854 3054 Eusebianae
915 2996 1390 3051 Demonstrationis
1455 2998 1765 3067 evangelica:
1814 3012 1922 3050 una
1979 3011 2103 3051 cum

534 3091 713 3163 ipsius
742 3093 924 3161 operis
949 3090 1182 3160 epilogo.
1219 3106 1338 3160 quae
1364 3090 1418 3145 in
1442 3090 1705 3145 hactenus
1734 3088 1965 3158 vulgatis
1997 3088 2107 3143 edi—

534 3185 775 3241 tionibus
805 3183 1276 3248 desiderabantur,
1307 3183 1451 3254 typis
1497 3182 1813 3238 exeudenda
1862 3168 2105 3237 tradere-

534 3294 677 3335 mus.
700 3276 778 3333 Ea
799 3292 929 3333 vero
954 3284 1176 3341 accepta
1201 3278 1490 3333 referimus
1518 3276 1892 3332 eruditissimo
1905 3274 2104 3331 Joanni

532 3370 755 3426 Alberto
787 3367 1075 3436 Fabricio;
1102 3369 1195 3440 qui
1229 3368 1376 3425 haud
1409 3369 1482 3423 ita
1508 3368 1717 3439 pridem
1747 3368 1934 3423 istluec
1963 3383 2103 3438 prae-

532 3462 667 3516 clari
695 3462 876 3533 operis
908 3460 1281 3531 supplementa
1307 3475 1376 3514 ex
1405 3475 1507 3515 ms.
1535 3460 1725 3516 codice
1760 3459 2103 3523 bibliothecae

531 3552 827 3608 celsissimi
854 3551 1149 3608 Walachiae
1175 3552 1441 3623 principis
1470 3550 1698 3607 Joannis
1725 3550 1930 3606 Nicolai
1950 3550 2103 3606 Mau-

531 3638 807 3695 rocordati
860 3639 1166 3711 desumpta,
1216 3640 1623 3696 bonislitteris
1672 3641 1812 3696 bene
1851 3641 2099 3711 cupiens,

530 3745 658 3786 cum
687 3746 786 3787 sua
815 3732 1265 3804 interpretatione
1285 3732 1557 3802 evulgavit
1580 3731 1679 3803 (a).

2205 2630 2417 2698 piterni,
2439 2628 2806 2699 speculumque
2822 2629 3224 2683 immaculatum
3249 2629 3440 2687 diuina:
3466 2634 3769 2704 efﬁcientia,

2205 2731 2255 2775 et
2286 2722 2461 2790 imago
2498 2719 2747 2774 bonitatis
2802 2720 2979 2784 illius;
3035 2720 3277 2799 illudque
3307 2731 3566 2792 praeterea
3620 2723 3771 2780 Pauli

2206 2811 2273 2866 ad
2308 2809 2559 2866 Hebraeos
2593 2828 2629 2876 ι,
2661 2812 2695 2866 5
2730 2828 2743 2865 :
2778 2809 2883 2876 Qui
2905 2828 3021 2865 cum
3080 2813 3150 2866 sit
3203 2814 3450 2883 splendor
3488 2815 3672 2887 gloria:
3722 2826 3773 2872 et

2206 2905 2377 2976 ﬁgura
2408 2904 2721 2959 substanlite
2747 2905 2860 2975 ejus
2892 2920 2911 2958 :
2940 2905 3049 2972 bis,
3097 2905 3350 2977 inquam,
3394 2910 3582 2966 relatis
3615 2909 3774 2966 docet

2204 2996 2472 3052 Eusebius
2522 3008 2682 3067 atque
2732 2999 2983 3052 evincere
3034 2998 3245 3064 nititur,
3297 3000 3661 3057 substantiam
3719 3011 3774 3058 et

2204 3089 2456 3151 deitatem
2475 3088 2595 3145 Filii
2614 3090 2775 3144 aliam
2796 3104 2919 3145 esse
2937 3106 2966 3143 a
2984 3098 3210 3161 paterna
3237 3102 3291 3145 et
3317 3091 3588 3148 diversam
3615 3108 3679 3149 ac
3693 3109 3775 3150 se-

2204 3190 2474 3254 paratam,
2490 3183 2703 3253 ipsique
2727 3183 2901 3237 multo
2924 3182 3256 3239 inferiorem.
3273 3183 3365 3239 Sic
3386 3185 3530 3239 enim
3556 3186 3644 3243 ille
3659 3187 3768 3259 (b):

2209 3292 2230 3326 ι
2267 3272 2374 3330 Sed
2403 3290 2433 3328 a
2464 3273 2709 3330 sensibili
2748 3274 2967 3344 quidem
3012 3274 3216 3331 lumine
3247 3277 3503 3347 Splendor
3528 3281 3770 3349 separari

2203 3381 2316 3421 non
2352 3374 2530 3437 potest
2566 3386 2578 3420 :
2620 3364 2795 3421 Filius
2847 3384 2964 3422 vero
3015 3380 3251 3423 seorsum
3293 3385 3329 3423 a
3376 3370 3538 3425 Patre
3594 3387 3687 3442 per
3716 3388 3774 3427 se

2203 3457 2373 3526 ipsum
2400 3456 2657 3522 subsistit,
2684 3477 2702 3509 ι
2748 3457 2806 3511 Ὀ
2832 3458 2888 3511 δὲ
2922 3459 3047 3523 Υἱὸς
3084 3460 3226 3524 ἰδίως
3260 3462 3407 3534 παρὰ
3433 3463 3524 3517 τὸν
3556 3464 3773 3537 Πατέρα

2203 3545 2324 3600 καθ’
2354 3546 2544 3600 ἑαυτὸν
2584 3548 2851 3618 ἐφέστηκε
2878 3548 3005 3619 (leg.
3053 3549 3370 3623 ὑφέστηκε).
3419 3551 3495 3606 Ac
3548 3552 3769 3608 luminis

2202 3638 2418 3709 quidem
2447 3640 2704 3709 splendor
2732 3642 2911 3695 locum
2947 3641 3253 3698 efﬁcientia:
3296 3644 3504 3699 obtinet
3540 3662 3553 3697 :
3588 3641 3762 3697 Filius

2203 3740 2379 3786 autem
2410 3731 2558 3784 aliud
2600 3731 2869 3805 quidpiam
2900 3749 3058 3803 quam
3105 3733 3385 3790 secundum
3443 3734 3765 3803 efﬁcientiam

531 3820 597 3879 Β.
640 3823 923 3878 Permultis
973 3826 1029 3878 in
1074 3824 1218 3894 locis;
1242 3822 1735 3894 Demonstrationis
1779 3823 2103 3894 evangelicae
2199 3832 2300 3887 est,
2344 3838 2435 3892 per
2478 3840 2532 3877 se
2564 3824 2738 3892 ipsum
2792 3823 3090 3878 substantia
3144 3825 3416 3893 pra’ditus,
3457 3824 3516 3877 '0
3546 3823 3606 3878 δὲ
3640 3823 3768 3888 Υἱὸς

601 3894 861 3990 Ανεςιιιιηι
887 3911 941 3949 se
969 3894 1144 3976 prodit
1175 3892 1454 3990 Eusebius.
1489 3892 1605 3974 ῌασ
1637 3893 1713 3990 lde
1760 3892 2100 3990 tennon'nulla

2202 3914 2385 3984 ἕτερόν
2435 3932 2485 3969 τι
2535 3915 2676 3969 κατὰ
2727 3916 3004 3990 ἐνέργειαν
3057 3916 3334 3988 τυγχάνει,
3397 3916 3518 3971 καθ’
3579 3914 3768 3969 ἑαυτὸν

595 3966 938 4034 proferuntur
969 3962 1265 4032 'specimiua
1312 3962 1600 4034 Arianica.
1627 3963 1842 4017 Eusebii
1899 3964 2096 4029 placita

586 4032 853 4157 interpres
909 4034 974 4089 de
1002 4034 1266 4089 industria
1312 4033 1380 4087 ad
1427 4032 1740 4089 catholicam
1787 4035 2096 4089 sententiam

636 4115 887 4177 etorquet.

601 4198 702 4255 llic
754 4200 1198 4271 porre’lectores
1246 4199 1486 4255 monitos
1518 4197 1701 4262 velim,
1750 4196 2095 4251 Demonstra-

529 4293 720 4346 tionem
762 4291 982 4348 Eusebii
1022 4293 1369 4363 evangelicum
1402 4297 1692 4362 propterea
1722 4289 1856 4343 mihi
1892 4290 2093 4345 dictam

522 4387 841 4454 praeclarum
860 4403 1012 4457 opus,
1030 4386 1174 4457 quod
1206 4385 1375 4441 multa
1400 4384 1563 4456 plane
1595 4383 1649 4439 in
1678 4398 1744 4437 eo
1779 4383 1923 4437 libro
1953 4398 2094 4451 pra:-

526 4476 675 4533 clare
700 4478 897 4532 dixerit
927 4484 1139 4544 auctor,
1166 4478 1561 4548 veritatemque
1595 4474 1920 4531 Christianae
1960 4474 2090 4529 reli-

523 4571 704 4643 gionis
727 4570 990 4627 adversus
1009 4570 1226 4630 Judeos
1258 4572 1601 4643 potissimum
1633 4584 1701 4624 ex
1730 4566 1905 4623 sacris
1935 4564 2093 4621 Vete-

524 4663 604 4717 ris
623 4670 679 4717 et
698 4661 834 4716 Novi
864 4661 1197 4718 Testamenti
1221 4663 1414 4719 litteris
1443 4661 1677 4716 maxime
1710 4657 2086 4729 propugnarit.

523 4753 727 4809 Verum
759 4756 815 4810 in
838 4755 1131 4825 permultis
1160 4756 1404 4825 ejusdem
1430 4755 1613 4825 operis
1648 4753 1783 4810 locis
1810 4752 1954 4807 haud
1988 4751 2089 4807 ob-

524 4859 687 4902 scure
723 4844 904 4914 prodit
934 4852 1104 4900 semet
1139 4843 1405 4902 Eusebius
1438 4844 1764 4900 Arianorum
1803 4851 1962 4898 secta:
1992 4839 2091 4894 ads

522 4935 765 5003 dictum;
794 4950 1027 5005 quorum
1058 4934 1258 5004 placita
1296 4933 1526 4992 subinde
1555 4933 1791 4989 inculcat
1818 4944 1871 4986 et
1909 4936 2084 4999 urget,

522 5026 725 5081 nedum
756 5026 862 5081 sibi
896 5025 1121 5095 probata
1167 5026 1523 5083 demonstret.
1565 5025 1718 5092 Quod
1761 5020 1981 5092 quidem
2028 5028 2088 5072 ut

522 5126 724 5190 pateat,
755 5135 925 5173 unum
969 5120 1342 5174 tantummodo
1367 5120 1544 5173 locum
1573 5116 1629 5170 in
1660 5112 1890 5181 medium
1916 5109 2091 5182 profe-

525 5227 663 5275 ram,
710 5226 819 5281 quo
861 5218 1053 5268 auctor
1092 5212 1369 5282 propalam
1400 5209 1616 5264 Arianae
1646 5206 1914 5261 haereseos
1937 5203 2088 5259 virus

2196 4005 2549 4078 οὐσιωμένος.
2592 4006 2832 4063 Rursum
2882 4008 3140 4078 splendor
3189 4008 3349 4062 simul
3390 4022 3515 4061 cum
3565 4000 3770 4061 lumine

2196 4098 2434 4163 exsistit,
2461 4099 2701 4170 illudque
2732 4099 2968 4170 quodam
2996 4098 3156 4153 modo
3183 4098 3451 4165 complet;
3486 4110 3610 4151 nam
3644 4098 3767 4154 sine

2197 4191 2483 4262 splendore
2528 4191 2707 4247 lumen
2750 4206 3089 4261 nequaquam
3133 4189 3462 4255 substiterit,
3493 4189 3768 4261 simulque

2196 4296 2318 4335 cum
2371 4282 2463 4336 illo
2506 4297 2570 4337 ac
2604 4281 2925 4336 secundum
2977 4277 3109 4332 illud
3164 4277 3460 4334 subsistit:
3501 4288 3558 4332 at
3601 4279 3767 4336 Pater

2194 4371 2342 4438 prius
2402 4387 2559 4440 quam
2606 4367 2777 4421 Filius
2816 4368 3045 4432 exsistit,
3096 4375 3144 4420 et
3204 4377 3325 4423 ante
3375 4371 3765 4439 generationem

2194 4463 2306 4532 ejus
2326 4460 2628 4521 exsistebat,
2649 4469 2902 4530 quatenus
2930 4460 3076 4513 solus
3108 4460 3364 4530 ingenitus
3393 4470 3508 4515 erat
3532 4478 3551 4515 :
3579 4481 3601 4515 ι
3621 4463 3678 4518 '0
3704 4463 3764 4517 δὲ

2194 4553 2384 4624 Πατὴρ
2437 4551 2775 4622 προῢπάρχει
2827 4550 2919 4604 τοῦ
2970 4550 3131 4616 Υἱοῦ,
3168 4552 3261 4604 καὶ
3313 4552 3414 4622 τῆς
3462 4554 3766 4625 γεννήσεως

2193 4644 2355 4699 αὑτοῦ
2372 4636 2849 4717 προῦφέστηκεν,ᾖ
2880 4641 3037 4713 μόνος
3065 4643 3356 4715 ἀγέννητος
3382 4641 3471 4717 ἦν,
3499 4665 3518 4698 ι
3554 4664 3609 4700 κ.
3632 4664 3683 4701 τ.
3707 4647 3764 4702 λ.

2193 4735 2482 4805 Complura
2523 4749 2650 4788 vero
2683 4733 2949 4803 ejusmodi
2981 4735 3099 4791 loca
3129 4752 3193 4792 eo
3227 4736 3284 4792 in
3310 4753 3472 4809 opere
3510 4740 3763 4797 Ariauica

2192 4828 2311 4883 labe
2346 4833 2532 4881 notata
2580 4826 2768 4881 videas
2811 4827 2954 4897 apud
2984 4828 3133 4884 viros
3184 4830 3555 4897 doctissimos,
3589 4832 3759 4888 Mara-

2192 4934 2319 4976 num
2357 4918 2427 4990 (c)
2462 4928 2515 4975 et
2556 4917 3018 4975 Montfauconium
3049 4920 3162 4993 (d);
3190 4938 3419 4993 quorum
3457 4926 3594 4980 alter
3625 4942 3763 4996 prae-

2191 5023 2338 5069 terea
2386 5013 2769 5067 animadvertit
2808 5011 2899 5085 (c),
2940 5012 3418 5071 Demonstrationis
3455 5019 3763 5087 evangelia:

2192 5105 2540 5174 interpretem
2582 5105 2649 5160 de
2699 5104 2968 5160 industria
3000 5105 3292 5162 Eusebium
3334 5108 3401 5163 ad
3433 5109 3763 5164 catholicam

2193 5197 2518 5253 sententiam
2541 5196 2859 5253 detorsisse.
2892 5194 2998 5253 Sed
3025 5212 3123 5268 pro
3148 5213 3373 5253 munere
3405 5206 3594 5255 nostro
3624 5201 3762 5256 satis

522 5274 771 5359 effundit.
829 5274 1113 5373 Siquidem
1160 5274 1444 5374 postquam
1476 5300 1540 5354 ad
1584 5293 2090 5385 Christum'retulit
2116 5274 2161 5334 (ἶ
2194 5290 2308 5345 haec
2337 5296 2517 5345 sunto.

690 5460 903 5520 Fabric.
933 5464 988 5518 in
1028 5462 1222 5521 Delect.
1242 5450 1480 5531 argum"
1510 5473 1669 5531 pagg.
1700 5420 1852 5513 1,922..
1881 5456 2079 5513 Hamb.

716 5601 923 5659 Euseb.
976 5602 1275 5657 Demonstr.
1331 5596 1509 5672 evang.
1561 5575 1658 5657 lib.
1724 5612 1799 5669 iv,
1851 5615 1971 5671 cap.
2030 5600 2085 5661 ὅ,

518 5674 897 5811 “ifilli...
939 5740 1112 5795 eum.
1160 5720 1223 5794 D.
1278 5740 1352 5794 Ν.
1393 5740 1571 5807 1.6.,
1627 5742 1700 5797 lib
1738 5757 1809 5807 ιν,
1845 5756 1945 5806 cap
1996 5740 2085 5803 ει,

2200 5456 2227 5527 §
2259 5456 2312 5515 3,
2350 5462 2414 5527 et_
2433 5471 2552 5527 cap.
2584 5455 2675 5527 28,
2706 5453 2818 5527 ad,
2849 5465 3007 5527 pagg.
3036 5448 3323 5527 58{,_593,
3351 5451 3477 5527 601.

2261 5527 2344 5591 id)
2371 5518 2556 5579 Monii.
2592 5518 2827 5579 Praelim.
2851 5518 2945 5577 Μ
2961 5518 3091 5576 tom.
3124 5518 3382 5578 lCollect.
3419 5522 3539 5580 PP.
3568 5521 3737 5580 arma.

2703 5664 2756 5727 5,
2788 5660 2909 5737 p’a’g.
2942 5679 3055 5720 nx.
