4056 6418
1842 216 1871 247 α

611 327 679 380 is
1253 316 1519 375 EUSEBlt
1556 300 2030 372 GESARIENSIS
2061 305 2217 368 OPP.
2259 307 2442 365 PARS
2480 306 2545 362 ιι.
2578 330 2644 348 -ο
2676 298 3179 360 APOLOGETICA.
3742 298 3812 353 to

610 446 811 499 tionem
840 437 1206 510 evangelicum
1245 452 1311 491 ex
1346 428 1784 505 praedictionibus
1829 441 1951 497 qua:
1976 439 2007 479 a
2048 424 2161 496 pri-

2278 421 2518 478 ινέκαθεν
2560 419 2688 490 παρ’
2728 384 2998 491 Ἐδραίοῖς
3041 414 3409 487 ἀνακειμένων
3463 416 3816 489 προρρήσεων

612 551 697 590 ma
725 532 934 604 origine
959 528 1101 601 apud
1142 526 1394 583 Hebraeos
1416 522 1766 593 promulgata:
1794 524 2033 581 exstant,
2067 531 2163 572 ex-

610 642 812 701 ponere
832 622 1187 680 instituimus.
1209 616 1491 687 Quomodo
1519 621 1698 670 autem
1715 621 1772 669 et
1790 626 1898 683 qua
1918 610 2166 665 ratione?

611 726 670 774 ut
707 732 899 788 nempe
924 715 1030 771 illis
1071 713 1178 769 Deo
1208 708 1564 772 charissimis,
1594 721 1732 777 quos
1754 705 1898 761 nosti
1922 703 2165 759 omnium

609 811 926 867 decantatas
950 805 1196 869 vocibus,
1218 803 1384 865 Mose,
1415 801 1655 871 inquam,
1680 804 1735 854 et
1762 799 1852 869 qui
1874 803 1998 867 post
2024 795 2167 849 hunc

610 901 1070 973 exsplenducrunt
1111 896 1311 950 divinis
1341 894 1624 964 beatisque
1675 890 1954 961 prophetis
1984 902 2049 942 ac
2079 900 2167 940 sa-

610 996 720 1052 cris
768 992 1126 1065 scriptoribus
1168 988 1401 1044 testibus
1443 992 1680 1053 utamur,
1728 991 1891 1053 atque
1940 980 2009 1035 ab
2061 977 2167 1033 illis

611 1086 970 1161 praznuntiata
1013 1082 1391 1144 ostendamus,
1424 1093 1545 1149 qua:
1574 1074 1760 1132 multis
1806 1081 1928 1145 post
1951 1073 2167 1128 demum

613 1180 827 1237 saeculis
854 1179 908 1233 in
937 1178 1111 1232 lucem
1133 1172 1369 1245 prodita,
1388 1178 1549 1242 atque
1572 1184 1669 1240 per
1685 1163 1983 1223 Salvatoris
2003 1176 2168 1219 evan-

613 1272 839 1344 gelicam
889 1265 1411 1325 demonstrationem
1456 1262 1515 1316 in
1558 1274 1674 1316 rem
1718 1257 1948 1314 deducta
2000 1259 2165 1316 sunt,

613 1378 841 1437 quaeque
874 1361 1051 1418 adhuc
1092 1358 1343 1431 praesenti
1375 1362 1534 1413 atate
1554 1353 1611 1409 in
1652 1354 1947 1421 conspectu
1984 1355 2170 1401 nostro

611 1459 990 1533 perficiuntur,
1030 1455 1188 1526 longe
1221 1451 1371 1524 prius
1402 1449 1470 1504 ab
1503 1445 1718 1508 iisdem,
1752 1441 1935 1498 divino
1965 1436 2170 1510 Spiritu

614 1553 862 1615 docente,
887 1554 1172 1621 percepta;
1197 1546 1272 1600 ita
1299 1550 1354 1598 ut
1377 1539 1621 1597 absentia
1645 1545 1900 1606 tanquam
1929 1546 2168 1605 praesen-

614 1646 710 1707 tia.
753 1651 807 1700 et
841 1656 962 1713 quae
998 1638 1240 1695 nondum
1282 1648 1511 1705 usquam
1557 1635 1734 1693 erant,
1764 1636 2020 1696 tanquam
2056 1621 2170 1677 evi-

613 1732 807 1791 denter
836 1711 948 1801 jam
976 1724 1291 1784 exsistentia
1313 1724 1685 1784 intuerentur;
1719 1730 1819 1772 nec
1840 1715 1946 1771 hoc
1971 1711 2169 1775 solum,

2262 512 2708 586 παραστήσασθαι
2739 507 3111 582 πειρωμένοις.
3150 506 3274 570 Πῶς
3303 506 3388 579 δὴ,
3418 508 3509 561 καὶ
3538 506 3658 561 τίνα
3689 510 3817 581 τρο-

2263 626 2363 665 πον
2388 606 2512 671 τοὺς
2540 603 2804 674 θεοφιλεῖς
2832 574 3091 666 ἐκείνους,
3134 596 3288 654 οἶσθα
3327 574 3499 672 δήπου
3524 600 3649 663 τοὺς
3682 574 3817 669 βόω-

2267 700 2456 773 μένους
2483 697 2631 770 παρά
2649 698 2759 760 τοῖς
2779 694 3020 767 ἀνδράσι,
3044 692 3278 748 Μωῦσέα
3297 691 3360 764 δή
3389 692 3549 760 λέγω,
3574 691 3668 745 καὶ
3693 692 3820 753 τοὺς

2268 792 2382 862 μετ’
2415 789 2573 844 αὐτὸν
2602 785 2979 858 ἐκλάμψαντας
3006 784 3347 854 θεοπρεπεῖς.
3368 783 3462 836 καὶ
3492 783 3617 846 τοὺς
3639 797 3820 852 μακα-

2268 881 2413 956 ρίους
2461 881 2739 952 προφήτας
2764 893 2822 931 τε
2868 875 2961 931 καὶ
2998 874 3332 946 ίερεφὰντας,
3383 875 3642 944 μάρτυσιν
3680 873 3820 926 ἀπο-

2265 939 2550 1048 γρώμενοι,
2690 939 2865 1024 αὐτῶν
2897 971 2944 1022 τ’
2976 939 3334 1022 ἐπίδεικνύναι
3361 939 3727 1038 προηρημένοι
3748 965 3821 1037 τά
3893 939 3903 948 ’

2270 1036 2738 1141 μακροτςθστερον
2771 1063 2960 1119 αἰῶσιν
2986 1063 3063 1126 εἰς
3097 1061 3210 1129 φῶς
3235 1036 3586 1123 ἐλθόντα,ὴῖ
3606 1059 3694 1113 διά
3720 1060 3825 1132 τῆς

2265 1156 2359 1212 τοῦ
2410 1157 2657 1229 Σωτῆρος
2700 1151 3050 1222 εὐαγγελικῆς
3082 1148 3415 1213 ’ἀποδείξεως
3466 1165 3841 1220 πραγματευ-,

2268 1250 2447 1315 θέντα,
2474 1248 2544 1301 τά
2568 1264 2627 1300 τε
2658 1244 2776 1300 καθ’
2806 1245 2948 1314 ἡμᾶς
2967 1241 3160 1305 αὐτοὺς
3188 1240 3353 1294 εἰσέτι
3372 1239 3464 1293 νῦν
3487 1239 3594 1312 πρὸ
3624 1239 3825 1311 ὀφθαλ-

2273 1338 2385 1411 μῶν
2408 1335 2798 1407 συντελούμενα
2838 1333 2964 1404 θείῳ
2993 1330 3267 1402 Πνεύματι
3298 1329 3716 1403 προειληφότας
3745 1329 3825 1394 ὡς

2268 1427 2332 1482 ἂν
2354 1426 2592 1498 παρόντα
2614 1425 2682 1478 τά
2705 1422 2778 1494 μὴ
2804 1421 3062 1493 παρόντα,
3092 1420 3182 1473 καὶ
3205 1420 3272 1474 τὰ
3305 1418 3524 1490 μηδέπω
3558 1418 3825 1489 μηδαμῶς

2268 1520 2414 1585 ὄντα,
2438 1519 2512 1582 ὡς
2536 1517 2775 1590 ἐναργῶς
2801 1516 2929 1571 ὄντα
2953 1515 3394 1578 κατωπτευκότας
3413 1530 3426 1545 υ
3460 1515 3554 1568 καὶ
3580 1515 3639 1567 οὐ
3666 1513 3828 1568 τοῦτο

2274 1611 2450 1683 μόνον,
2480 1609 2614 1665 άλλά
2643 1610 2735 1663 καὶ
2761 1611 2871 1672 τοῖς
2917 1606 3205 1678 μετέπειτα
3226 1605 3312 1659 διὰ
3342 1605 3555 1677 γραφῆς
3593 1604 3823 1676 τάημέλι-

2269 1702 2430 1757 λοντά
2468 1718 2595 1756 ποτε
2623 1700 2837 1754 ἔσεσθαι
2879 1696 3395 1771 προμεμηνυκότας⁸
3426 1695 3565 1749 ὥστε
3598 1695 3698 1767 ἤδη
3728 1691 3828 1750 καὶ

614 1821 711 1879 sed
755 1822 916 1877 etiam
950 1817 1183 1890 posteris
1215 1814 1422 1885 scripto
1458 1825 1581 1882 quae
1618 1809 1747 1865 olim
1778 1814 1960 1863 essent
1986 1801 2167 1858 futura

2278 1796 2484 1890 ἐτέρους
2507 1792 2565 1859 ἐξ
2596 1791 2772 1847 αὐτῶν
2812 1790 3006 1844 εἰδέναι
3039 1806 3097 1843 τε
3124 1790 3215 1843 κα)⁵
3246 1786 3528 1859 γνωρίζειν
3545 1786 3607 1840 τὸ
3635 1786 3828 1859 μέλλον

617 1915 1007 1988 ρι’ςεείεηετεηι
1048 1930 1060 1966 :
1094 1916 1155 1965 ut
1182 1909 1293 1980 jam
1334 1906 1426 1960 alii
1464 1915 1681 1974 quoque
1714 1913 1779 1955 ex
1818 1896 1926 1953 illis
1964 1894 2169 1950 scirent

618 1986 798 2067 intuta
850 2009 1382 2078 cognoscerentque,
1436 2003 1492 2051 et
1545 1990 1783 2064 quotidie
1824 1986 2168 2044 oraculorum

618 2102 833 2157 illorum
869 2072 1093 2154 eventus
1137 2100 1190 2150 et
1230 2088 1452 2147 eﬂectus
1485 2082 1947 2157 prazstolarentur.
1975 2072 2170 2143 Qualia

616 2208 746 2252 vero
780 2186 1142 2247 illaiinlinita
1180 2196 1332 2246 sane,
1387 2179 1600 2248 aliaque
1641 2170 1962 2231 omnivaria,
2004 2174 2058 2223 et
2103 2165 2171 2221 de

618 2282 872 2341 omnibus
923 2273 1302 2333 communibus
1351 2267 1554 2340 pariter
1606 2270 1661 2319 et
1714 2257 2168 2333 particularihus,

618 2369 972 2447 qumquejam
998 2364 1241 2435 singulos
1272 2362 1579 2431 spectarent
1600 2353 1868 2416 homines,
1896 2351 2007 2420 jam
2038 2348 2173 2402 inte-

618 2440 1204 2537 grus—universitatem
1236 2450 1559 2525 proprieque
1598 2446 1665 2501 de
1710 2444 1873 2501 rebus
1922 2440 2176 2496 Hebraeo-

620 2535 761 2621 rum,
790 2563 950 2627 atque
976 2549 1226 2606 similiter
1261 2544 1330 2600 de
1361 2541 1602 2599 externis
1627 2535 1877 2608 gentibus
1903 2551 1919 2599 ;
1951 2540 2008 2585 ut
2038 2535 2170 2585 sunt

620 2648 930 2707 eversiones
972 2642 1212 2702 urbium,
1246 2646 1569 2706 temporum
1598 2629 1951 2687 mutationes,
1984 2636 2168 2678 rerum

618 2737 1043 2799 vicissitudines,
1099 2730 1583 2796 adfuturorumque
1631 2723 1894 2778 bonorum
1940 2726 2178 2784 praesen-

620 2838 774 2897 tiam,
804 2840 859 2889 et
920 2827 1193 2887 contraria
1239 2819 1577 2879 immittenda
1625 2814 1788 2875 mala,
1833 2816 1896 2864 ut
1936 2808 2179 2879 gentium

620 2922 1035 2994 subjugationcs
1088 2928 1153 2969 ac
1194 2914 1544 2969 servitutem,
1588 2902 1806 2958 urbium
1846 2896 2177 2958 obsidiones,

622 3015 955 3084 integrorum
977 3018 1266 3077 regnorum
1293 2998 1607 3056 eversiones
1630 2993 1712 3048 vel
1733 2987 2177 3049 instaurationes,

624 3116 786 3177 atque
817 3103 922 3158 alia
958 3099 1167 3154 inﬁnita
1198 3094 1373 3165 longis
1406 3098 1528 3163 post
1556 3083 1891 3156 temporibus
1917 3084 2178 3135 eventura

625 3194 1071 3270 praenuntiavere.
1096 3187 1294 3243 Verum
1320 3185 1432 3238 haec
1455 3177 1667 3249 singula
1684 3168 1989 3231 enumerari
2021 3182 2051 3219 a
2076 3180 2176 3220 no-

624 3259 730 3353 bis,
776 3285 1059 3359 praesentis
1098 3278 1332 3337 instituti
1370 3276 1510 3329 ratio
1557 3267 1870 3336 neutiquam
1917 3259 2174 3331 postulat.

626 3351 813 3453 itaque
842 3372 1253 3450 quamplurimis
1289 3368 1501 3424 interim
1536 3364 1589 3417 in
1622 3358 1766 3416 aliud
1802 3366 2012 3424 tempus
2041 3351 2177 3406 dila-

626 3480 740 3541 tis,
780 3474 937 3530 facile
983 3470 1063 3525 vel
1105 3483 1170 3523 ει
1227 3466 1416 3520 borum
1465 3473 1585 3530 qua:
1633 3455 1919 3510 ail‘eremus
1953 3447 2199 3509 veritate,
2260 3438 2424 3496 etiam

629 3564 1038 3625 monstrabitur.

1259 3641 1483 3703 CAPUT
1513 3642 1554 3696 1.

631 3754 887 3821 Quantam
911 3752 1172 3819 etquanta
1201 3743 1255 3794 in
1275 3737 1429 3791 haece
1465 3731 1773 3788 tractatione
1787 3724 2181 3797 promittuntur.

697 3845 832 3910 Qua
866 3813 1030 3910 igitur
1060 3833 1217 3890 nobis
1259 3832 1314 3884 in
1342 3822 1595 3899 praesenti
1631 3836 1697 3877 ex
1730 3813 2055 3889 propheticis
2089 3824 2184 3865 va-

626 3935 833 3996 ticiniis
864 3930 931 3986 a‘d
980 3925 1342 3996 evangelicum
1386 3912 1899 3973 demonstrationem
1933 3900 2180 3977 persequi

625 4044 665 4085 ε
687 4041 745 4082 re
770 4023 1036 4082 videatur,
1098 4010 1458 4073 cummaxime
1512 4009 1873 4075 opportunum
1909 4001 1993 4051 est
2018 4004 2183 4061 expo-

635 4132 784 4174 nere.
814 4081 1112 4168 Edixerunt
1144 4104 1400 4160 nimirum
1436 4095 1713 4169 prophetae
1740 4092 1854 4145 fore
1901 4093 1959 4141 ut
2011 4081 2185 4138 nomi-

634 4208 805 4266 natim
829 4202 1098 4263 Christus,
1125 4196 1373 4264 idemque
1396 4187 1632 4243 Verbum
1658 4182 1771 4245 Dei,
1798 4179 2019 4249 ipseque
2043 4172 2185 4228 Deus

633 4316 702 4356 ac
744 4295 1027 4357 Dominus,
1060 4297 1114 4347 et
1160 4299 1388 4357 magnus
1436 4279 1652 4351 quidam
1689 4272 1926 4343 Angelus
1972 4262 2186 4321 consilii

636 4393 781 4448 inter
809 4386 1057 4444 homines
1073 4387 1387 4436 versaturus
1409 4377 1575 4434 esset,
1607 4367 1858 4421 universo
1886 4359 2023 4419 orbi,
2059 4371 2189 4426 gen-

637 4484 770 4538 tium
788 4477 1094 4534 Grzecarum
1110 4470 1310 4542 pariter
1325 4472 1377 4520 et
1390 4462 1742 4519 barbararum
1767 4453 1979 4508 futurus
1997 4448 2190 4501 Doctor

637 4588 779 4630 vere
818 4565 1144 4642 cognitionis
1177 4560 1272 4617 Dei
1303 4566 1357 4615 et
1388 4553 1604 4628 pietatis
1637 4550 1692 4604 in
1729 4547 1918 4607 Deum,
1953 4536 2191 4595 universi

639 4663 909 4736 opiﬁcem,
942 4658 1083 4715 sicut
1109 4651 1478 4722 evangelicum
1503 4641 1786 4715 proﬁtetur
1814 4630 2141 4707 praeconium
2174 4644 2187 4681 :

642 4719 906 4823 iliumqne
938 4751 1115 4820 ipsum
1160 4719 1398 4799 futurum
1428 4748 1676 4809 puerum,
1714 4728 1989 4795 liliumque
2019 4719 2194 4774 homi-

643 4847 731 4902 nis
758 4812 1008 4899 vocatum
1040 4837 1127 4901 iri,
1158 4842 1217 4888 ut
1244 4831 1334 4903 qui
1365 4841 1534 4901 genus
1560 4823 1626 4877 ab
1653 4816 1962 4876 hominibus
2000 4812 2195 4866 ductu.

644 4952 740 4994 rus
796 4935 887 5000 sit,
937 4931 1355 4995 nasciturusque
1403 4936 1470 4976 ex
1512 4915 1740 4987 virgine,
1783 4922 1922 4964 nova
1961 4901 2195 4976 quadam

647 5034 808 5098 atque
847 5023 1105 5079 inusitata
1134 4992 1501 5088 generationis
1546 5006 1773 5060 ratione.
1816 4997 1883 5052 Et
1906 4992 2050 5068 quod
2079 5006 2196 5045 ma-

648 5083 792 5175 xime
835 5116 1056 5189 dignum
1113 5083 1195 5167 est
1239 5101 1615 5163 admiratione,
1647 5107 1715 5151 ne
1755 5093 1935 5147 locum
1980 5083 2196 5157 quidem

648 5179 947 5270 nativitatis
978 5211 1097 5281 ejus
1126 5200 1454 5262 Bethlebem.
1481 5192 1735 5251 omnibus
1765 5188 2059 5243 etiamnum
2094 5179 2198 5234 ho-

894 5266 976 5356 ad
1008 5266 1158 5353 illum
1195 5286 1547 5364 spectandum
1585 5278 1841 5337 extremis
1865 5274 1932 5329 ab
1955 5283 2109 5328 terra!
2138 5266 2200 5321 ti-

654 5362 815 5452 nibus
852 5394 1146 5448 accurrunt
1190 5362 1556 5440 decantatnm,
1602 5367 1818 5428 silentio
1865 5362 2199 5420 involventes

653 5487 1044 5562 praeterierunt,
1078 5478 1171 5534 sed
1200 5483 1254 5532 et
1284 5475 1428 5529 hunc
1446 5467 1609 5524 claris
1625 5461 1804 5519 verbis
1830 5457 2201 5530 proclamave-

653 5542 826 5635 τε
871 5576 1013 5631 sicut
1032 5542 1198 5626 etiam
1231 5572 1443 5632 tempus
1475 5556 1736 5612 adventus
1766 5557 1821 5604 et
1849 5542 2201 5618 apparitionis

652 5672 793 5744 ejus,
832 5682 942 5740 quo
974 5660 1196 5735 pracise
1226 5657 1317 5710 ille
1350 5655 1492 5707 inter
1518 5645 1765 5702 homines
1807 5644 2057 5694 versatus
2093 5640 2200 5698 est,

655 5724 818 5819 tidem
846 5724 1013 5816 veluti
1044 5752 1204 5808 rebus
1235 5748 1616 5813 praevertentes
1649 5734 1831 5789 divino
1859 5743 1954 5786 ore
1987 5724 2202 5782 nuntia-

2264 1883 2813 1955 δύνασθαι,ὁσημέραι
2839 1899 2900 1935 τε
2924 1880 3220 1953 προσδοκᾷν
3238 1879 3342 1934 τῶν
3366 1878 3557 1947 λογίων
3588 1879 3656 1932 τά
3686 1878 3827 1932 ἀποο

2265 1976 2587 2048 τελέσματα.
2627 1973 2761 2025 Ποῖα
2790 1971 2853 2024 δὲ
2904 1969 3105 2035 ταῦτας
3158 1967 3323 2040 μυρία
3362 1967 3458 2038 μὲν
3498 1966 3562 2022 ἂν
3590 1966 3697 2037 εἴη,
3729 1966 3829 2021 καὶ

2266 2065 2400 2120 ἄλλα
2451 2062 2677 2118 παντοῖά
2711 2078 2792 2127 τε,
2824 2062 2916 2114 καὶ
2964 2059 3093 2129 περὶ
3135 2057 3370 2122 πάντων,
3403 2055 3594 2110 κοινῶν
3622 2072 3682 2108 τε
3729 2056 3830 2111 καὶ

2266 2155 2375 2209 τῶν
2404 2152 2505 2209 ἀνά
2532 2153 2713 2226 μέρος,
2743 2150 2862 2205 καθ’
2889 2149 3113 2204 ἕκαστόν
3130 2164 3189 2201 τε
3220 2148 3403 2221 ἄνδρα,
3439 2148 3531 2202 καὶ
3560 2147 3684 2220 περὶ
3715 2148 3829 2202 τῶν

2270 2247 2493 2304 καθόλου
2511 2208 2780 2308 ’.ἰδίωςντε
2813 2243 2952 2315 ἀμφὶ
2979 2241 3086 2295 τῶν
3113 2240 3232 2295 καθ’
3271 2208 3549 2313 ’ἑδραίους
3570 2208 3829 2311 πραγμάρ
3899 2208 3907 2217 ⁸

2269 2357 2398 2403 των,
2443 2338 2538 2393 καὶ
2566 2332 2630 2390 αὖ
2663 2336 2819 2391 πάλιν
2863 2335 2987 2405 περὶ
3018 2332 3124 2386 τῶν
3158 2331 3350 2397 ἔξωθεν
3388 2331 3584 2384 ἐθνῶν·
3619 2325 3728 2384 οἷον
3759 2330 3830 2403 δὴ

2272 2429 2475 2481 πόλεων
2501 2425 2835 2489 ἀναστάσεις,
2862 2421 3067 2492 καιρῶν
3092 2438 3148 2474 τε
3176 2419 3427 2488 ἀλλαγὰς,
3456 2419 3550 2473 καὶ
3571 2419 3833 2491 πραγμά-

2271 2537 2377 2573 των
2430 2514 2747 2589 μεταϐολὰς,
2802 2512 3096 2583 μελλόντων
3136 2528 3193 2564 τε
3238 2510 3451 2580 ἀγαθῶν
3506 2512 3829 2580 παρουσίας,

2274 2609 2369 2665 καὶ
2398 2608 2505 2661 τῶν
2544 2605 2797 2659 ἐναντίων
2830 2601 3110 2673 ἐπιφορὰς,
3145 2600 3605 2672 ἀνδραποδισμοὺς
3634 2598 3830 2663 ἐθνῶν,

2274 2698 2479 2751 πόλεων
2513 2692 2840 2767 πολιορκίας,
2872 2692 2980 2747 τῶν
3000 2692 3220 2746 καθόλου
3252 2689 3529 2761 βασιλείων
3563 2688 3837 2762 μιταστά-

2278 2803 2390 2851 σεις
2417 2803 2476 2839 τε
2524 2786 2617 2840 καὶ
2647 2785 3021 2850 καταστάσεις,
3054 2783 3155 2835 καὶ
3178 2780 3309 2836 ἄλλα
3360 2781 3527 2853 μυρία
3557 2780 3683 2854 περὶ
3719 2777 3837 2836 τῶν

2276 2878 2490 2932 ἔσεσθαι
2519 2879 2740 2949 μακροῖς
2768 2842 3564 2946 ὕστερονηχρρωινμπλλόνῖευν,
3594 2842 3836 2944 προεκή-
3930 2842 3931 2863 γ

2280 2985 2488 3042 ρυττον.
2522 2965 2656 3019 Ἀλλ’
2668 2964 2727 3017 οὐ
2743 2965 2944 3019 τούτων
2956 2966 2984 3015 ὂ
2998 2980 3060 3031 γε
3085 2959 3272 3034 παρὼν
3294 2959 3481 3032 καιρὸς
3502 2958 3594 3012 τὸν
3613 2956 3833 3028 anno»:

2277 3064 2424 3135 ἡμᾶς
2446 3060 2664 3115 ἀπαιτεῖ
2695 3053 3160 3128 παραστήσασθαι*
3204 3052 3272 3105 τά
3306 3050 3471 3105 πολλὰ
3500 3049 3559 3103 δὲ
3590 3046 3834 3110 umet;

2277 3155 2705 3228 ὑπερθεμένους,
2755 3150 2819 3200 ἐκ
2856 3146 2955 3218 τῆς
2997 3147 3104 3202 τῶν
3155 3142 3673 3216 ταρατεθησομένων
3701 3139 3838 3211 άλη·

2278 3250 2428 3313 θείας
2470 3244 2649 3316 ἡρέμα
2700 3239 2793 3293 καὶ
2836 3237 2942 3292 τῶν
2977 3235 3502 3307 άποσεσιωπημένων
3547 3232 3643 3304 τήν
3695 3231 3835 3285 ἀπό-

2277 3339 2438 3404 δειξιν
2468 3330 2815 3388 πιστώσεται.
3274 3340 3277 3341 ν

2462 3431 2677 3487 illorum
2732 3437 2850 3497 quae
2899 3421 3115 3479 silentio
3146 3418 3520 3491 praeterimus,
3565 3414 3698 3472 ﬁdes
3741 3414 3841 3470 de-

2814 3606 3202 3665 ΚΕΦΔΛΔΙΟΝ
3238 3606 3316 3660 Δ’.

2363 3707 2499 3763 Τίνα
2525 3703 2624 3759 καὶ
2651 3705 2845 3758 ὁπόσα
2869 3698 3288 3769 ἐπαγγέλλεται
3317 3696 3356 3763 ἠ
3382 3689 3763 3762 πραγματεία.

2354 3800 2488 3854 Τίνα
2509 3798 2683 3851 τοίνυν
2705 3797 2833 3867 ήμῖν
2858 3793 2950 3847 ἐπὶ
2979 3791 3072 3845 τοῦ
3097 3788 3357 3861 παρόντος
3388 3787 3453 3839 ὲκ
3492 3783 3599 3837 τῶν
3627 3799 3843 3853 προφηο

2284 3892 2448 3947 τικῶν
2483 3892 2831 3962 προρρήσεων
2858 3888 2935 3951 είς
2963 3885 3058 3957 τὴν
3100 3879 3451 3950 εὐαγγελικὴν
3476 3875 3744 3941 ἀπόδειξιν
3774 3870 3840 3927 εὖ

2285 3985 2350 4041 ἂν
2370 3986 2480 4055 ἔχοι
2511 3980 2795 4043 συντελεῖν,
2828 3976 3013 4048 καιρὸς
3040 3974 3103 4029 ἂν
3130 3974 3215 4045 εἴη
3243 3970 3438 4040 λέγειν.
3463 3965 3691 4040 Χριστὸν
3722 3966 3846 4019 ὀνο-

2292 4054 2454 4149 μαστὶ
2480 4074 2573 4128 καὶ
2619 4070 2751 4126 Θεοῦ
2798 4069 2984 4137 Λόγον,
3011 4064 3169 4119 αὐτόν
3207 4079 3266 4115 τε
3311 4059 3440 4115 Θεὸν
3490 4057 3581 4110 καί⁵
3612 4054 3844 4126 Κύριον,

2286 4145 2382 4223 καί
2405 4182 2527 4219 τινα
2561 4163 2797 4233 μεγάλης
2841 4159 3032 4231 βουλῆς
3071 4154 3295 4224 ἄγγελον
3327 4149 3678 4219 ἐπιδημήσειν
3709 4145 3849 4198 ποτὶ

2289 4259 2368 4321 είς
2412 4254 2725 4327 ἀνθρώπους
2771 4250 2994 4320 ἔφασαν,
3038 4247 3251 4301 πάντων
3277 4259 3337 4295 τε
3379 4240 3487 4294 τῶν
3530 4236 3631 4292 ἀνά
3662 4236 3850 4289 πᾶσαν

2289 4350 2387 4423 τὴν
2415 4325 2732 4420 οἰκουμένην
2776 4342 2940 4397 ἐθνῶν
2979 4334 3295 4407 Ἑλληνικῶν
3330 4349 3389 4385 τε
3430 4330 3525 4384 καὶ
3553 4325 3851 4399 βαρὸάρων

2221 4443 2263 4497 D
2286 4415 2601 4497 διδάσκαλον
2640 4415 2867 4506 ἀληθοῦς
2893 4428 3235 4500 θεογνωσίας,
3267 4423 3358 4479 καὶ
3385 4422 3484 4492 τῆς
3508 4421 3588 4483 εἰς
3622 4418 3710 4471 τὸν
3733 4415 3853 4471 τῶν

2289 4534 2423 4587 ὅλων
2445 4502 2768 4600 δημιουργόν
2790 4523 2918 4577 Θεὸν
2946 4517 3221 4580 εὐσεϐείας
3246 4508 3694 4583 καταστήσεσθαι,
3729 4502 3856 4593 ᾖσεὸ

2291 4587 2899 4689 εὐαγγελίκδκίπεριέχει
2919 4610 3173 4680 κήρυγμα
3190 4623 3202 4635 ·
3230 4603 3320 4656 καὶ
3338 4600 3521 4655 τοῦτον
3544 4597 3703 4651 αὑτὸν
3726 4587 3858 4649 παις

2290 4688 2660 4770 δίονέσεσθαι,
2686 4705 2779 4759 καὶ
2811 4702 2923 4756 υἱὸν
2963 4696 3244 4769 ἀνθρώπου
3283 4688 3664 4764 κληθήσεσθαι,
3691 4688 3858 4756 γένος

2291 4821 2351 4858 τε
2376 4803 2495 4857 ὅθεν
2523 4798 2773 4865 κατάξει·
2806 4794 2897 4849 καί
2929 4807 3048 4846 τινα
3095 4787 3239 4853 ξένον
3263 4788 3326 4839 ὲκ
3355 4781 3621 4854 παρθένου
3646 4780 3860 4850 τρόπον

2294 4892 2456 4949 αὐτοῦ
2483 4891 2583 4961 τῆς
2619 4885 2918 4950 άποτέξεως
2935 4901 2948 4914 ·
2985 4881 3079 4936 καὶ
3104 4880 3164 4934 τό
3189 4894 3251 4946 γε
3292 4872 3738 4947 παραδοξότατον,
3767 4870 3858 4923 ὅτι

2299 4987 2372 5060 μὴ
2406 4988 2534 5038 πᾶσι
2587 4985 2698 5044 τοῖς
2729 4982 2793 5033 ἐκ
2834 4976 3081 5049 περάτων
3122 4972 3224 5043 γῆς
3267 4968 3431 5022 εἰσέτι
3475 4969 3708 5037 σήμερον
3758 4964 3860 5016 ἐπὶ

2296 5054 2423 5133 θέαν
2456 5074 2741 5131 σπεύδουσι
2783 5069 3067 5142 βοώμενον,
3098 5063 3199 5133 τῆς
3226 5063 3283 5114 ὲν
3316 5058 3558 5131 Βηθλεὲμ
3586 5054 3859 5125 γενέσεως

2296 5167 2459 5223 αὐτοῦ
2514 5164 2731 5238 χωρίον,
2780 5161 2954 5230 σιωπῇ
3011 5154 3186 5217 δόντες
3239 5148 3534 5222 παρῆλθον,
3567 5144 3702 5200 ἀλλά
3759 5144 3857 5198 καὶ

2295 5259 2451 5315 τοῦτο
2499 5230 2708 5318 λευκοῖς
2747 5251 2998 5322 ὀνόμασιν
3050 5243 3372 5315 ἐξεϐόησανο
3404 5239 3590 5309 ῶσπερ
3615 5230 3709 5290 οὖν
3759 5233 3859 5290 καὶ

2297 5353 2421 5415 τοὺς
2444 5349 2666 5423 χρόνους
2683 5345 2783 5417 τῆς
2809 5340 3121 5413 ἐπιφανείας
3140 5334 3324 5420 αὐτος),
3348 5331 3467 5387 καθ’
3494 5328 3586 5393 οὓς
3611 5326 3858 5398 ἀκριϐῶς

2297 5441 2449 5508 οὗτος
2479 5422 2737 5512 ἐπεδήμει
2776 5436 2855 5508 τῷ
2911 5435 3027 5506 βίῳ,
3060 5431 3245 5502 ὥσπερ
3277 5426 3576 5498 φθάσαντες
3602 5423 3653 5476 οἱ
3702 5422 3860 5475 αὐτοὶ

2298 5539 2386 5594 διὰ
2403 5535 2511 5590 τῶν
2535 5529 2869 5606 πραγμάτων
2889 5526 3199 5581 ἐθέσπισαν.
3227 5521 3463 5590 Πάρεστι
3493 5515 3550 5569 δέ
3579 5530 3682 5577 σοι,
3720 5513 3859 5584 μετά

2300 5632 2486 5702 χεῖρας
2530 5603 2845 5680 ἀναλαϐόντι
2875 5620 2972 5688 τὴν
3008 5615 3257 5676 σπουδὴν,
3286 5615 3343 5666 ἐν
3392 5608 3681 5681 ὀφθαλμοῖς
3731 5603 3860 5656 ίδεῐν

2303 5692 2361 5775 ἐν
2377 5692 2497 5781 ταῖς
2529 5703 2876 5787 δηλουμέναις
2916 5708 3274 5779 προφητικαῖς
3312 5702 3638 5772 προρρήσεσι
3678 5692 3860 5756 πάσας
