4056 6418
228 317 282 372 l7
1094 292 1737 361 DEMONSTRATIONIS
1774 293 2227 356 EVANGELICIE
2256 293 2385 351 LIB.
2424 291 2467 351 Ι.

3336 288 3406 345 18

225 427 344 502 ὁμσῦ
372 423 747 496 περιεχομένας
769 422 867 485 τὰς
891 419 995 475 θπδ
1022 417 1127 473 τῶν
1154 416 1452 472 θεσπεσίων
1477 384 1753 485 εὐαξγελι-

1862 427 1996 468 vere.
2024 409 2233 466 Licebit
2252 409 2413 465 etiam
2441 405 2537 461 tibi
2570 403 2810 462 studiose
2829 403 3136 460 admoventi
3161 417 3402 476 cperam,

229 519 355 575 σιῶν
404 512 832 589 μαρτυρουμένας
873 509 1038 565 αὑτοῦ
1082 509 1146 580 δὴ
1193 506 1286 562 τοῦ
1325 508 1571 579 Σωτῆρος
1601 504 1754 578 ἡμῶν

240 609 399 684 Ἰησοῦ
420 607 502 661 τοῦ
532 602 762 675 Χριστοῦ
813 600 1146 674 παραδόξους
1176 598 1630 670 θαυματουργίας,
1665 598 1756 650 καὶ

229 703 321 766 τὰς
344 699 533 760 ἐνθέους
558 693 722 748 αὐτοῦ
752 694 847 747 καὶ
873 691 1209 764 παναρέτους
1248 691 1371 761 περὶ
1401 688 1499 759 τῆς
1525 686 1755 758 ἀληθοῦς

233 785 477 847 εύσεδείας
503 779 864 843 διδασκαλίας.
893 779 1002 831 Καὶ
1022 777 1074 831 τί
1105 776 1182 830 δεῖ
1201 775 1518 846 θαυμάζειν,
1547 773 1634 827 ὅτε
1665 774 1757 827 καὶ

229 875 310 927 τὸν
346 874 452 927 νέον
481 872 576 940 τῆς
615 868 895 931 εὐσεϐείας
924 867 1143 938 τρόπον,
1180 865 1270 918 τὸν
1305 862 1381 936 (ι)
1420 863 1554 935 πρὸς
1592 861 1755 915 αὐτοῦ

231 963 373 1018 πᾶσιν
408 960 703 1033 ἀνθρώποις
743 957 1195 1029 κατηγγελμένον,
1225 954 1518 1027 διαρρήδην
1558 953 1759 1024 ἀνακη-

230 1053 471 1125 ρύττουσι,
495 1051 680 1123 κλῆσίν
707 1066 765 1102 τε
791 1047 1041 1119 μαθητῶν
1074 1044 1254 1109 αὑτοῦ,
1283 1046 1376 1098 καὶ
1407 1044 1609 1115 Καινῆς
1633 1045 1760 1096 Δια-

226 1145 382 1215 θήκης
395 1140 754 1204 διδασκαλίαν;
774 1139 881 1192 Ναὶ
907 1138 1009 1209 μὴν
1031 1136 1122 1190 ἐπὶ
1148 1134 1351 1198 τούτοις
1380 1134 1472 1187 καὶ
1499 1134 1596 1197 τάς
1630 1134 1759 1185 Ἰου-

223 1236 373 1289 δαίων
412 1235 485 1296 εἰς
515 1231 671 1286 αὑτὸν
711 1229 962 1293 ἀπιστίας
995 1230 1089 1283 καὶ
1112 1225 1445 1293 ἀντιλογίας,
1486 1224 1758 1295 ἀρχόντων

224 1344 279 1380 τε
310 1324 701 1386 ἐπαναστάσεις,
727 1321 1055 1375 διδασκάλων
1084 1318 1326 1389 φθόνους,
1370 1317 1485 1379 ἐνὸς
1519 1314 1756 1387 μαθητοῦ

225 1417 513 1489 προδοσίαν,
532 1413 734 1486 ἐχθρῶν
752 1412 1019 1475 διαϐολὰς,
1043 1408 1389 1479 συκοφαντῶν
1408 1406 1757 1479 κατηγορίας,

224 1507 469 1561 δικαστῶν
520 1505 888 1577 κατακρίσεις,
942 1503 1125 1576 ὕϐρεις
1177 1501 1437 1572 ἀτίμους,
1495 1500 1760 1571 μάστιγας

221 1600 484 1663 ἐκτύπους,
507 1599 814 1669 δυσφήμους
845 1594 1123 1668 λοιδορίας,
1153 1593 1245 1647 ἐπὶ
1272 1594 1404 1646 πᾶσι
1430 1591 1519 1645 τὸν
1552 1590 1760 1644 ἐπονεί-

221 1690 383 1743 διστον
415 1690 633 1743 θάνατον
653 1706 667 1720 ·
696 1687 855 1743 αὐτοῦ
880 1704 939 1740 τε
965 1688 1057 1739 ἐπὶ
1081 1684 1289 1746 τούτοις
1323 1682 1529 1753 σιωπὴν
1557 1680 1761 1751 θαυμά-

1853 502 2038 558 videre
2069 501 2135 555 ad
2173 499 2392 556 oculum
2424 496 2481 551 in
2526 495 2855 564 propheticis
2881 510 3002 565 qua:
3027 494 3253 565 proditae
3279 503 3407 550 sunt

1854 592 2314 665 praedictionibus,
2343 591 2597 645 universa
2619 587 2780 644 simul
2801 585 3182 647 comprehendi
3208 591 3403 642 testata

1853 684 2053 740 divinis
2111 681 2457 752 evangelistis
2500 680 2672 750 ipsius
2712 677 3007 735 Salvatoris
3049 677 3227 731 nostri
3275 676 3405 734 Jesu
3445 742 3451 750 ι

1853 773 2057 830 Christi
2086 772 2346 843 stupenda
2376 770 2655 832 miracula,
2689 769 3007 839 divinasque
3042 769 3161 838 ejus
3202 774 3256 823 et
3296 769 3408 838 ple—

1854 879 1955 921 nas
1999 864 2179 920 omnis
2228 864 2443 918 virtutis
2499 862 2567 918 de
2619 877 2746 917 vera
2790 863 2990 931 pietate
3018 859 3311 916 doctrinas.
3341 859 3409 914 Et

1854 955 1984 1026 quid
2022 954 2223 1009 mirum
2254 954 2378 1016 hoc,
2416 966 2540 1007 cum
2580 960 2631 1007 et
2663 964 2857 1005 novam
2905 951 3165 1006 rationem
3191 951 3407 1022 pietatis

1857 1046 2106 1103 omnibus
2146 1044 2458 1100 hominibus
2497 1042 2566 1098 ab
2594 1058 2659 1098 eo
2691 1041 3172 1097 commendandam
3202 1043 3411 1113 perspi-

1857 1153 1957 1193 cue
1998 1136 2323 1207 praedicent,
2353 1134 2801 1203 vocationemque
2849 1131 3240 1203 discipulorum
3289 1134 3408 1201 ejus

1859 1242 1922 1283 ac
1966 1226 2101 1281 Novi
2151 1226 2458 1281 doctrinam
2504 1220 2859 1280 Testamenti.
2902 1222 3012 1278 Nec
3053 1224 3233 1280 minus
3263 1232 3409 1280 certe

1857 1326 2115 1391 praeterea
2137 1317 2442 1373 Iudaeorum
2468 1317 2519 1370 in
2544 1317 2719 1387 ipsum
2753 1314 3180 1371 incredulitatem
3204 1323 3258 1370 et
3282 1331 3410 1370 con-

1860 1409 2230 1473 tradictiones,
2278 1407 2581 1479 principum
2635 1408 3081 1472 insurrectiones,
3124 1407 3405 1462 doctorum

1859 1500 2138 1563 invidiam,
2164 1499 2326 1553 unius
2370 1498 2623 1567 discipuli
2669 1497 3060 1569 proditionem,
3113 1497 3413 1553 calumnias

1860 1591 2138 1657 hostium,
2190 1589 2646 1669 sycophantarum
2698 1588 3109 1653 accusationes,
3167 1588 3410 1658 judicum

1862 1682 2359 1748 condemnationes,
2391 1690 2577 1751 turpes
2606 1680 2952 1752 ignominias,
2977 1680 3180 1751 ﬂagella
3204 1680 3414 1751 gravis-

221 1795 347 1845 σιον,
379 1780 652 1851 πραότητά
680 1796 737 1832 τε
766 1779 857 1832 καὶ
893 1777 1206 1849 καρτερίαν,
1232 1773 1505 1845 ἀμήχανόν
1540 1789 1597 1825 τε
1631 1773 1760 1842 ὅσην

1866 1775 2022 1839 sima,
2055 1773 2273 1828 infamia
2305 1772 2525 1842 probra,
2553 1780 2607 1827 ct
2627 1787 2791 1842 super
2817 1771 3069 1828 omnibus
3092 1772 3240 1827 hisce
3268 1786 3415 1826 mor-

219 1872 475 1943 ὑπομονὴν
500 1873 593 1925 καὶ
611 1870 973 1935 ἀνεξικακίαν.
1008 1868 1189 1922 Ταῦτα
1217 1868 1275 1921 δὲ
1302 1867 1474 1920 πάντα
1506 1866 1761 1935 ἄντικρυς

220 1966 351 2037 περὶ
376 1964 490 2027 ἐνὸς
517 1966 574 2017 ὲν
604 1963 850 2025 ὑπάτοις
881 1960 1009 2013 ποτὲ
1038 1959 1246 2030 χρόνοις
1276 1956 1510 2028 ἥξοντος,
1548 1956 1641 2008 καὶ
1661 1971 1763 2007 τοι·

217 2053 343 2107 αῦτα
369 2055 424 2106 ἐν
449 2052 749 2123 ἀνθρώποις
768 2050 1104 2121 πεισομένου,
1135 2048 1318 2117 σαφῶς
1337 2048 1403 2101 δι’
1424 2041 1498 2101 ὧν
1521 2045 1764 2118 προειλή-

217 2162 357 2213 φασι,
385 2143 451 2197 τά
479 2143 782 2203 παλαίτατα
813 2138 1073 2212 Ἐϐραίων
1122 2139 1413 2211 παρίστησι
1439 2137 1614 2207 λόγια,
1643 2138 1763 2189 ἐπι-

218 2230 626 2307 μαρτυρούμενα
654 2234 752 2304 τὴν
777 2232 911 2304 μετά
943 2231 1166 2286 θάνατον
1198 2231 1261 2282 ἐκ
1284 2228 1493 2301 νεκρῶν
1524 2226 1759 2283 ἀναϐίω-

217 2343 291 2381 σιν
318 2324 407 2381 τοῦ
452 2324 617 2397 δηλου
624 2324 806 2396 μένου,
829 2323 926 2396 τὴν
968 2325 1081 2386 τοῖς
1109 2321 1273 2376 αὑτοῦ
1309 2320 1572 2392 μαθηταῖς
1602 2318 1764 2389 φανέ-

215 2434 387 2488 ρωσιν,
402 2416 497 2487 τὴν
517 2416 618 2470 τοῦ
648 2415 792 2469 θείου
809 2412 1120 2485 Πνεύματος
1141 2414 1219 2477 είς
1239 2412 1433 2475 αὐτοὺς
1459 2409 1760 2482 μετάδοσιν

214 2503 301 2576 τὴν
322 2508 398 2569 είς
428 2505 691 2575 οὐρανοὺς
719 2503 902 2558 άνοδον
937 2501 1121 2567 αὑτοῦ,
1152 2503 1250 2573 τὴν
1284 2500 1494 2572 Πατρδς
1518 2498 1762 2570 ἐνθρονον

215 2594 476 2665 βασιλείας
507 2596 738 2666 ἵδρυσιν,
770 2593 866 2665 τὴν
896 2593 989 2647 ἐπὶ
1019 2590 1291 2663 συντελείᾳ
1316 2588 1408 2642 τοῦ
1444 2588 1556 2659 βίου
1585 2587 1764 2642 δευτέ-

214 2702 308 2757 ραν
337 2682 487 2751 αὖθις
542 2686 809 2757 ἐσομένην
836 2682 1038 2749 ἔνδοξον
1082 2683 1246 2737 αὑτοῦ
1286 2681 1603 2754 παρουσίαν.
1639 2678 1764 2732 Ἐπὶ

211 2779 333 2831 πᾶσι
351 2778 558 2842 τούτοις
578 2779 807 2850 θρήνους
834 2776 1037 2846 ἀκούσῃ
1056 2776 1149 2828 καὶ
1179 2774 1514 2847 ὀλοφυρμοὺς
1537 2773 1778 2831 ἑκάστου,

209 2869 307 2921 τῶν
341 2870 633 2941 προφητῶν
663 2868 931 2940 διαφόρως
955 2865 1366 2938 ὀλοφυρομένου,
1391 2866 1481 2919 καὶ
1504 2865 1763 2921 ἀποκλαι-

210 2962 413 3031 ομένου,
457 2965 560 3018 ὅσα
613 2962 672 3015 τὸ
716 2960 978 3015 Ἰουδαίων
1007 2959 1154 3021 ἔθνος
1185 2958 1282 3029 τῆς
1316 2959 1394 3022 εἰς
1435 2958 1527 3013 τὸν
1560 2975 1765 3030 προκη-

1859 1874 1965 1919 tem
2021 1864 2487 1918 contumeliosam.
2522 1863 2696 1933 Ipsius
2753 1862 2821 1917 ad
2868 1863 2982 1917 haec
3036 1861 3413 1917 admirandum

1858 1955 2153 2018 silentium,
2186 1954 2462 2008 lenitatem
2501 1960 2556 2007 et
2602 1948 2986 2019 constantiam,
3018 1952 3415 2008 incredibilem-

1859 2062 1963 2118 que
1997 2055 2252 2118 quantam
2286 2046 2598 2118 patientiam
2643 2047 3014 2116 malorumque
3045 2045 3412 2101 tolerantiam.

1860 2139 1984 2195 llaec
2009 2138 2191 2194 omnia
2229 2138 2430 2194 diserte
2473 2139 2539 2193 de
2586 2154 2696 2193 uno
2741 2138 2977 2208 quodam
3026 2139 3081 2192 in
3125 2137 3416 2208 postremis

1860 2232 1987 2285 olim
2018 2241 2245 2289 venturo
2289 2232 2625 2303 temporibus
2653 2238 2815 2300 atque
2846 2232 2986 2286 inter
3016 2232 3264 2289 homines
3285 2231 3416 2286 talia

1859 2324 2201 2383 exantlaturo
2236 2324 2518 2395 perspicue
2543 2322 2924 2394 praenuntiant,
2953 2322 3282 2393 traduntque
3300 2334 3417 2377 ‘an-

1859 2414 2164 2485 tiquissima
2197 2413 2543 2469 Hebraeorum
2568 2415 2820 2481 oracula;
2852 2413 3119 2483 simulque
3149 2423 3419 2482 testantur

1860 2505 2106 2563 eumdem
2136 2511 2258 2575 post
2290 2512 2517 2559 mortem
2545 2505 2740 2558 iterum
2770 2519 3114 2559 reversurum
3142 2504 3198 2559 in
3224 2507 3414 2572 vitam,

1860 2595 2142 2666 discipulis
2171 2595 2287 2650 suis
2332 2595 2724 2666 appariturum,
2771 2595 3121 2665 divinumque
3156 2592 3416 2666 Spiritum

1859 2686 1915 2740 in
1947 2686 2071 2741 illos
2118 2687 2468 2741 emissurum.
2500 2683 2753 2741 Reditum
2798 2686 2926 2743 item
2955 2687 3074 2757 ejus
3114 2700 3418 2742 memorant

1860 2777 1918 2831 in
1944 2776 2132 2844 caelos,
2177 2774 2492 2845 firmamque
2515 2776 2569 2831 in
2598 2776 2798 2830 throno
2830 2776 2980 2847 regni
3004 2774 3182 2832 Patris
3206 2776 3412 2839 sedem,

1861 2874 2021 2936 atque
2045 2867 2098 2920 in
2131 2865 2598 2922 consummatione
2628 2864 2810 2921 saeculi
2839 2866 3078 2921 futurum
3112 2865 3307 2920 iterum
3336 2865 3416 2919 al-

1859 2964 2037 3011 terum
2085 2956 2203 3026 ejus
2258 2956 2546 3011 adventum
2601 2956 2918 3028 gloriosum.
2957 2954 3133 3029 Super
3169 2957 3418 3013 omnibus

214 3054 463 3125 ρυχθέντα
482 3053 798 3116 δυσσεϐείας
822 3052 985 3106 ἓνεκα
1011 3048 1417 3121 μετελεύσεσθαι
1445 3048 1590 3102 κακὰ
1609 3048 1765 3121 ἐμελ-

1863 3047 2014 3102 hiscc
2057 3046 2280 3103 threnos
2318 3047 2589 3117 percipies
2614 3056 2776 3118 atque
2812 3047 3047 3117 ejulatus
3081 3048 3417 3119 singulorum

210 3143 306 3207 λεν,
333 3144 411 3209 ὡς
438 3145 501 3198 τὸ
550 3144 817 3214 βασίλειον
845 3141 1041 3206 αὐτῶν,
1077 3140 1277 3195 ἄνωθεν
1306 3142 1370 3194 ἐκ
1411 3140 1659 3212 πατέρων
1686 3141 1764 3203 είς

211 3231 435 3295 ἐκείνους
459 3232 758 3304 διαρκέσαν
780 3231 904 3294 τοὺς
929 3229 1167 3302 καιροὺς,
1202 3229 1432 3303 παντελῆ
1455 3230 1767 3301 καθαίρεσιν

213 3320 332 3391 μετὰ
363 3322 465 3393 τὴν
489 3323 638 3376 κατά
665 3320 894 3393 Χριστοῦ
924 3320 1124 3392 τόλμαν
1158 3320 1330 3374 αὐτῶν
1357 3321 1650 3391 ὑπομενεῖ·
1691 3319 1791 3383 ὡς,

210 3411 249 3462 oi
274 3412 487 3482 πάτριοι
522 3410 709 3465 αὐτῶν
745 3411 895 3481 νόμοι
936 3409 1514 3478 καταλυθήσονταιιὼς
1544 3410 1643 3481 τῆς
1672 3428 1769 3473 πα-

210 3500 349 3567 λαιᾶς
377 3503 688 3576 θρησκείας
739 3503 912 3556 αὐτῶν
944 3502 1420 3573 ἀποστερήσονται,
1464 3502 1539 3566 ὡς
1566 3503 1662 3573 τῆς
1702 3504 1766 3557 ἐκ

210 3594 470 3662 προγόνων
514 3592 849 3665 αὐτονομίας
880 3591 1265 3646 ἐκπεσοῦνταν
1300 3591 1376 3655 ὡς
1415 3592 1527 3645 ἀντ’
1555 3591 1769 3649 ἐλευθέ-

208 3699 302 3753 ρων
317 3683 493 3739 δοῦλοι
512 3685 633 3738 τῶν
656 3683 864 3757 ἐχθρῶν
891 3684 1340 3755 καταστήσονται,
1362 3682 1487 3753 ὠςή
1517 3681 1764 3754 βασιλικὴ

210 3773 528 3844 μητρόπολις
549 3773 737 3826 αὐτῶν
748 3772 1111 3845 πυρίκαυστος
1130 3772 1434 3843 γενήσεται,
1463 3771 1539 3835 ὼς
1559 3770 1622 3825 τὸ
1638 3789 1696 3825 σε
1703 3790 1768 3844 μ-

210 3861 285 3916 νὸν
309 3864 491 3919 αὐτῶν
520 3865 623 3920 καὶ
676 3864 837 3934 ἁγνὸν
875 3864 1016 3936 ἱερὸν
1044 3861 1363 3937 ἐμπρησμὸν
1392 3863 1485 3916 καὶ
1535 3863 1782 3934 ἐσχάτην,

208 3955 425 4027 ἐρημίαν
477 3958 751 4028 ὑπομενεῖ
773 3973 788 3988 σ
831 3956 906 4020 ὠς
934 3956 1056 4010 ἀντὶ
1105 3954 1212 4008 τῶν
1249 3955 1415 4019 πάλαι
1472 3956 1769 4028 οἰκητόρων

211 4044 300 4099 ὑπὸ
326 4048 624 4119 ὁμοφύλων
656 4046 754 4119 (1⁸)
787 4048 955 4102 ἐθνῶν
979 4052 1013 4121 ἡ
1042 4049 1191 4114 πόλις
1227 4048 1401 4103 αὐτῶν
1428 4048 1771 4120 κατοικισθῆ-

209 4153 362 4204 σεται,
395 4141 475 4206 ὠς
504 4144 590 4206 είς
648 4142 827 4195 πάντα
857 4140 924 4195 τὰ
964 4140 1090 4212 ἔθνη
1134 4141 1254 4196 καθ’
1285 4141 1413 4214 ὅλης
1450 4141 1769 4213 οἰκουμένης

208 4227 687 4305 διασπαρήσονται,
712 4232 788 4296 ὡς
814 4232 994 4287 οὐκέτ’
1022 4233 1203 4297 αὐτοῖς
1228 4234 1261 4304 ἡ
1292 4232 1399 4286 τῶν
1428 4232 1612 4286 κακῶν
1633 4230 1770 4295 παῦ-

205 4318 278 4385 λα,
301 4324 425 4377 οὐδέ
448 4341 537 4388 τις
571 4324 863 4387 ἀνάνευσις
885 4323 993 4377 τῶν
1012 4322 1318 4395 συμφορῶν
1350 4322 1765 4394 ἐλπισθήσεται·’

1865 3138 2248 3210 prophetarum
2273 3139 2624 3192 multifariam
2645 3138 3037 3212 quiritantium.
3052 3145 3214 3210 atque
3235 3138 3421 3210 deplo-

1865 3232 2099 3287 rantium
2145 3239 2347 3301 quanta
2387 3232 2586 3303 populo
2629 3228 2857 3286 Judaico
2898 3231 2970 3285 ob
2996 3231 3323 3302 impietatem
3362 3233 3420 3287 in

1866 3324 2009 3380 hunc
2041 3331 2307 3396 patratam
2338 3323 2655 3379 sustinenda
2703 3332 2885 3380 essent
2933 3325 3075 3380 mala
3105 3344 3121 3381 :
3151 3325 3297 3397 quod
3333 3341 3421 3382 re-

1864 3428 2026 3485 gnum
2065 3417 2305 3485 ipsorum
2339 3431 2377 3485 a_
2398 3424 2610 3487 patrum
2639 3417 2974 3486 temporibus
2998 3432 3171 3487 usque
3195 3416 3262 3471 ad
3292 3418 3417 3474 illo-

1865 3521 1985 3560 rum
2019 3514 2232 3562 aetatem
2279 3507 2674 3573 continuatum,
2702 3506 2947 3563 funditus
2984 3515 3129 3562 esset
3170 3514 3420 3564 everten-

1867 3596 1994 3650 dum
2035 3606 2160 3668 post
2188 3612 2250 3653 ea
2272 3587 2392 3669 quae
2421 3598 2476 3652 in
2503 3597 2780 3654 Christum
2805 3599 2923 3653 ausi
2965 3596 3197 3654 fuissent
3235 3599 3419 3670 :quod

1866 3688 2054 3757 patriae
2083 3687 2323 3757 ipsorum
2358 3688 2504 3758 leges
2527 3686 2905 3752 dissolvendae,
2938 3687 3083 3757 quod
3127 3686 3231 3757 ipsi
3252 3688 3418 3743 veteri

1866 3775 2016 3830 cultu
2062 3789 2163 3831 suo
2212 3775 2464 3845 religioso
2493 3774 2760 3845 privandi,
2793 3782 2954 3845 atque
2998 3774 3247 3831 libertate
3276 3776 3418 3830 avita

1866 3865 2117 3933 exuendi,
2143 3866 2285 3936 quod
2322 3882 2420 3937 pro
2450 3866 2634 3921 liberis
2674 3864 2816 3920 servi
2858 3865 3094 3919 hostium
3128 3865 3295 3920 futuri
3332 3881 3421 3920 es-

1867 3965 2041 4018 sent..:
2099 3958 2243 4030 quod
2302 3958 2446 4029 regia
2498 3958 2738 4029 ipsorum
2798 3957 3110 4026 metropolis
3159 3956 3421 4013 tradenda

1867 4047 2119 4116 ﬂammis,
2143 4059 2195 4105 et
2229 4048 2541 4120 religiosum
2574 4047 2786 4102 illorum
2808 4055 2861 4103 et
2884 4054 3133 4104 sanctum
3160 4047 3420 4119 templum

1867 4140 2324 4212 conﬂagraturum
2377 4149 2538 4212 atque
2579 4148 2878 4199 extremam
2918 4146 3267 4209 experturum
3297 4140 3422 4195 soli-

1866 4232 2107 4296 tudinem
2136 4251 2149 4287 :
2184 4232 2330 4303 quod
2366 4248 2465 4303 pro
2511 4233 2671 4288 avitis
2699 4232 3054 4289 incolisurbs
3081 4247 3270 4288 eorum
3291 4232 3423 4288 alie-

1866 4322 1955 4378 nis
2001 4322 2351 4377 inhabitanda
2384 4322 2720 4392 nationibus,
2745 4322 2888 4395 quod
2918 4323 2978 4382 in~
3020 4338 3209 4378 omnes
3234 4330 3423 4395 gentes

206 4410 235 4465 ἃ
268 4415 362 4470 καὶ
392 4416 609 4489 τυφλῷ,
646 4417 801 4491 φασὶ,
830 4416 983 4486 δῆλα,
1009 4416 1174 4471 είσέτι
1216 4415 1310 4471 νῦν
1339 4414 1436 4487 τὴν
1464 4414 1572 4468 τῶν
1596 4415 1765 4484 λόγων

1862 4429 1967 4486 per
1992 4421 2166 4469 totum
2198 4413 2383 4470 orbem
2405 4408 2672 4470 terrarum
2697 4415 3059 4488 dispergendi,
3089 4414 3233 4486 quod
3272 4414 3420 4469 nulla

204 4506 308 4575 δψιν
356 4510 545 4573 αὐτοῖς
597 4508 784 4580 ἔργοις
837 4507 1203 4573 ἐνδείκνυται,
1234 4507 1299 4560 ἐκ
1335 4505 1555 4578 πρώτης
1599 4506 1768 4577 αὐτῆς

204 4598 422 4673 ἡμέρας,
481 4598 546 4665 ἐξ
580 4594 656 4671 ἦς
693 4599 883 4663 ἀθέους
932 4599 1133 4671 ἤραντο
1188 4597 1329 4651 κατά
1378 4596 1611 4669 Χριστοῦ
1655 4599 1768 4668 χεῖ-

206 4704 307 4756 ρας,
339 4693 443 4763 τὴν
466 4690 585 4744 τῶν
618 4690 805 4744 κακῶν
833 4689 1004 4762 ἀρχὴν
1031 4692 1109 4753 είς
1137 4689 1360 4753 ἑαυτοὺς
1379 4687 1763 4759 ἐπισπώμενοι.

204 4780 303 4834 Οὐκ
336 4777 408 4854 ἦν
440 4782 490 4836 δ’
519 4782 637 4853 ἄρα
690 4783 800 4845 τοῖς
846 4780 1149 4843 θεσπεσίοις
1196 4779 1450 4851 ἀνδράσιν
1495 4779 1588 4832 ἐπὶ
1633 4795 1766 4832 σκυ-

202 4869 430 4942 θρωποῖς
454 4874 531 4929 τὰ
549 4873 667 4928 τῶν
692 4875 1042 4947 προρρήσεων
1070 4874 1298 4938 ἱστάναι,
1318 4871 1436 4927 οὐδὲ
1475 4872 1632 4944 μέχρι
1659 4872 1767 4935 τῶν

202 4959 453 5039 λυπηρῶν
480 4964 853 5020 ἐπιτείνεσθαι
884 4965 981 5036 τὴν
1013 4964 1314 5036 πρόγνωσιν
1336 4980 1350 4995 ⁸
1394 4963 1527 5017 άλλά
1556 4962 1663 5034 γὰρ
1689 4963 1767 5027 είς

201 5056 252 5109 τὸ
282 5058 514 5129 φαιδρὸν
566 5055 1017 5127 μεταϐάλλοντες,
1068 5051 1220 5119 αὖθις
1252 5054 1468 5123 ἀγαθῶν
1516 5054 1769 5123 ἀγγελίας

202 5148 406 5222 ἀθρόως
433 5150 651 5204 ἅπασιν
670 5146 973 5219 ἀνθρώποις
998 5147 1087 5200 ἐπὶ
1110 5150 1173 5219 τῇ
1195 5146 1288 5199 τοῦ
1315 5144 1548 5217 Χριστοῦ
1575 5162 1772 5218 παρου-

202 5242 284 5312 σία
328 5242 779 5312 προεκήρυττον,
822 5238 943 5293 ἀντὶ
984 5238 1084 5308 τῆς
1121 5239 1238 5302 ἐνὸς
1282 5237 1464 5301 ἔθνους
1504 5237 1769 5310 ἀποϐολῆς

202 5335 301 5385 πᾶν
333 5334 494 5397 ἔθνος
534 5333 638 5386 καὶ
674 5332 831 5401 γένος
858 5331 1155 5405 ἀνθρώπων
1187 5330 1509 5400 θεογνωσίαν
1538 5332 1767 5401 εὐαγγε-

201 5420 494 5495 λιζόμενοι,
528 5420 631 5475 καὶ
660 5420 925 5491 δαιμόνων
958 5420 1258 5493 ἀποφυγὴν,
1291 5421 1560 5490 ἀγνωσίας
1590 5437 1649 5475 τε
1678 5422 1771 5475 καὶ

202 5514 405 5584 πλάνης
448 5512 801 5584 ἀπαλλαγὴν,
856 5511 1031 5582 φωτός
1081 5528 1140 5565 τε
1185 5512 1279 5566 καὶ
1327 5512 1603 5578 εὐσεϐείας
1644 5514 1772 5569 ἀνάο

266 5692 343 5763 (Ι)
382 5691 479 5747 Sic
513 5690 858 5753 correximus
882 5706 979 5762 pro
1009 5689 1319 5755 τοῦ.,Εοιτ.
1362 5691 1579 5748 Pnnor.

1869 4508 2103 4578 amplius
2159 4523 2191 4562 a
2234 4506 2392 4563 malis
2445 4507 2682 4578 requies,
2742 4523 2917 4578 neque
2949 4521 2979 4560 a
3019 4506 3418 4566 calamitatibus

1865 4602 2153 4673 respiratio
2197 4600 2463 4672 speranda
2513 4600 2621 4657 illis
2650 4599 2803 4671 {foret
2832 4615 3015 4672 aqua:
3045 4614 3207 4666 caeco,
3273 4599 3416 4670 quod

1866 4696 2039 4759 aiunt,
2075 4694 2384 4759 manifesta,
2418 4693 2582 4747 etiam
2607 4706 2754 4746 nunc
2786 4690 3224 4750 verborumvim
3253 4690 3419 4747 rebus

1865 4786 1999 4858 ipsis
2027 4785 2421 4849 demonstrant,
2451 4799 2576 4839 cum
2608 4798 2638 4838 a
2666 4784 2838 4854 prima
2868 4784 2958 4839 illa
2980 4785 3069 4842 die
3094 4791 3201 4856 qua
3225 4784 3418 4856 impias

1866 4894 2061 4934 manus
2087 4876 2258 4934 Judaei
2291 4876 2347 4930 iu
2377 4874 2654 4931 Christum
2715 4875 2973 4940 tulerunt,
3011 4876 3275 4932 malorum
3314 4878 3421 4933 ini-

1865 4975 2000 5028 tium
2039 4972 2094 5027 iu
2138 4987 2197 5028 se
2225 4969 2613 5025 contraxerint.
2644 4965 2763 5021 Non
2817 4966 2974 5020 libuit
3021 4969 3420 5027 autemdivinis

1865 5064 2142 5136 prophetis
2165 5062 2542 5134 prmdictiones
2570 5076 2698 5118 suas
2728 5062 2783 5116 in
2814 5061 3023 5119 maestis
3048 5060 3225 5124 ﬁnire,
3247 5077 3421 5133 neque

1869 5157 2011 5211 ultra
2058 5155 2234 5211 tristia
2268 5152 2560 5211 extendere
2595 5152 2922 5209 vaticinandi
2962 5152 3296 5217 facultatem,
3326 5153 3418 5208 sed

1873 5249 1943 5318 ι’
1970 5249 2035 5303 ad
2066 5246 2351 5319 pulchrum
2392 5246 2641 5304 conversi
2675 5245 2835 5301 iidem
2869 5245 3113 5302 vicissim
3152 5245 3419 5301 bonorum

1868 5340 2288 5411 significationes
2310 5353 2517 5411 magno
2548 5351 2796 5403 numero,
2830 5336 3082 5392 omnibus
3108 5334 3421 5403 hominibus

1868 5433 2070 5488 Christi
2104 5432 2336 5487 adventu
2370 5429 2852 5502 impertiendorum
2881 5428 3417 5501 praenuntiaverum:

1868 5523 1983 5580 fore
2007 5524 2237 5591 scilicet,
2275 5533 2333 5579 ut
2359 5538 2457 5595 pro
2487 5522 2649 5578 unius
2679 5522 2854 5594 gentis
2884 5522 3199 5594 rejectione,
3228 5534 3419 5575 omnes

1943 5688 2037 5758 (ιο)
2073 5686 2198 5757 Leg.
2218 5684 2551 5755 ἀλλοφύλων.
