4056 6418
537 355 604 408 ιο
1163 351 1433 409 posse"
1469 349 1940 407 CJESARIENSIS
1976 350 2126 408 OPP.
2160 351 2433 435 rans".
2466 387 2535 397 —
2574 318 3066 435 ᾼΡοιοοέτίοιι.
3684 362 3759 417 so

537 466 721 536 populi
757 474 812 523 et
858 467 1113 522 nationes
1146 465 1425 520 hominum
1457 481 1551 536 per
1580 464 1930 535 Evangelium
1967 465 2101 519 edo-

2203 467 2405 539 λαμψιν
2424 486 2437 499 ·
2480 471 2574 523 καὶ
2600 470 2675 534 ὡς
2706 472 2756 524 οἱ
2786 471 2879 525 τοῦ
2913 471 3147 544 Χριστοῦ
3194 474 3428 546 μαθηταὶ
3453 476 3546 530 τὸν
3580 475 3758 530 πάντα

533 567 762 611 coact-ur
784 559 895 613 veri
932 557 1022 612 Dei
1065 555 1448 627 cognitionem,
1497 560 1775 611 daemonas
1815 560 2093 625 deserant,

539 649 1008 718 ignorantiamque
1046 655 1247 702 exuant
1296 656 1349 701 et
1399 660 1634 710 errores,
1680 645 1772 699 lux
1815 654 1992 699 autem
2032 659 2097 699 ac

522 740 710 808 pietas
736 741 894 807 longe
915 745 1126 808 lateque
1154 737 1501 808 resplendeat.
1525 756 1538 791 :
1567 744 1626 790 ut
1652 751 1682 789 a
1712 735 1913 791 Christi
1939 736 2099 791 disci-

536 832 678 900 pulis
717 830 1009 887 universus
1051 831 1201 885 orbis
1243 831 1514 901 repleatur
1559 829 1678 899 ejus
1725 828 1998 900 dogmate,
2037 836 2097 883 ut

538 926 887 997 Evangelium
923 926 991 979 ab
1026 924 1133 979 illis
1162 923 1464 979 doceantur
1495 937 1686 978 omnes
1713 920 1962 978 homines
1995 938 2095 978 no-

535 1034 657 1071 vam
688 1019 989 1087 miramque
1014 1018 1381 1085 complectens
1415 1015 1632 1086 pietatis
1675 1015 1943 1071 rationem
1973 1034 1986 1070 :
2017 1022 2098 1069 at-

536 1126 643 1178 que
691 1118 749 1163 ut
786 1109 1042 1164 Ecclesiae
1092 1107 1295 1164 Christi
1339 1122 1436 1178 per
1478 1104 1697 1162 eosdem
1741 1107 1799 1162 in
1844 1108 2096 1162 omnibus

536 1200 786 1269 gentibus
806 1201 1228 1264 constituantur,
1253 1204 1306 1253 et
1335 1213 1477 1253 unus
1500 1197 1732 1268 populus
1756 1195 2096 1253 Christianus

537 1292 849 1348 nominetur
877 1308 976 1363 per
1006 1292 1320 1347 universum
1366 1307 1473 1362 qua
1512 1298 1657 1361 patet
1688 1290 1879 1345 incolis
1911 1290 2095 1344 orbem

494 1406 499 1415 ·
535 1395 825 1441 terrarum.
866 1385 1128 1441 Futurum
1172 1400 1296 1441 esse
1341 1384 1524 1449 etiam,
1553 1391 1613 1437 ut
1642 1397 1763 1453 quae
1796 1381 2027 1437 subinde
2065 1396 2096 1435 a

538 1477 874 1548 principibus
922 1476 1245 1549 regibusque
1293 1482 1483 1529 contra
1546 1473 1846 1528 Ecclesiam
1894 1471 2096 1528 Christi

536 1568 839 1625 excitanda:
864 1569 978 1624 sint
1006 1554 1436 1638 persecutiones,
1482 1566 1619 1620 nihil
1650 1566 1717 1620 ad
1745 1563 2096 1622 evertendam

536 1661 685 1717 illam
705 1661 940 1726 valeant,
973 1668 1161 1731 utpote
1190 1674 1310 1730 quae
1330 1657 1424 1713 Dei
1453 1658 1648 1713 robore
1680 1657 1946 1711 firmatur.
1972 1655 2096 1711 Haec

542 1758 771 1806 ettanta
810 1767 935 1807 cum
978 1752 1047 1805 ab
1078 1748 1427 1805 Hebrreorum
1468 1747 1732 1818 theologis
1766 1747 2096 1818 proclamata

2200 563 2401 632 κόσμον
2432 563 2529 633 τῆς
2557 563 2722 617 αὐτοῦ
2742 564 3084 630 διδασκαλίας
3110 567 3495 640 ἐμπλήσουσιν,
3522 569 3669 633 ὅπως
3694 588 3757 623 τε

2199 657 2278 717 είς
2297 653 2503 719 πάντας
2523 655 2834 729 ἀνθρώπους
2855 658 2916 710 τὸ
2936 658 3261 727 Εὐαγγέλιον
3288 659 3463 713 αὐτῶν
3485 661 3761 734 κηρυχθήο

2202 761 2384 805 σεται,
2421 746 2598 800 καινόν
2642 763 2765 801 τινα
2806 746 2900 801 καὶ
2938 747 3208 813 ξενίζοντα
3246 751 3443 821 τρόπον
3480 751 3758 816 εὐσεϐείας

2200 836 2485 908 περιέχον·
2526 838 2621 892 καὶ
2647 837 2723 903 ὡς
2762 839 3075 912 Ἐκκλησίαι
3115 840 3348 912 Χριστοῦ
3387 841 3455 895 δι’
3488 842 3665 896 αὐτῶν
3696 845 3759 898 ἐν

2198 928 2338 993 ὅλοις
2373 933 2483 993 τοῖς
2526 929 2698 984 ἔθνεσι
2742 932 3111 1003 συστήσονται,
3156 932 3247 985 καὶ
3281 933 3356 997 ὡς
3399 934 3516 998 ἐνὸς
3557 934 3586 986 ό
3624 935 3761 1007 Χρι-

2203 1016 2430 1075 στιανῶν
2464 1018 2590 1085 λαὸς
2616 1019 2736 1075 καθ’
2767 1020 2894 1093 ὅλης
2924 1021 3021 1093 τῆς
3051 1022 3372 1095 οἰκουμένης
3393 1022 3761 1096 ὀνομασθήσε-

2200 1132 2316 1168 ται·
2354 1116 2449 1169 καὶ
2482 1115 2556 1179 ὡς
2585 1117 2642 1168 αἱ
2679 1114 2786 1169 τῶν
2818 1114 2956 1169 κατὰ
2999 1115 3221 1187 χρόνους
3252 1115 3522 1188 ἀρχόντων
3564 1132 3622 1169 τε
3662 1116 3761 1170 καὶ

2202 1206 2463 1276 βασιλέων
2499 1206 2637 1261 κατὰ
2672 1207 2772 1279 τῆς
2810 1206 3131 1278 Ἐκκλησίας
3166 1206 3259 1260 τοῦ
3292 1206 3523 1279 Χριστοῦ
3556 1208 3764 1262 ἐπανα-

2202 1302 2417 1365 στάσεις
2446 1298 2598 1353 οὑδὲν
2626 1302 2706 1362 είς
2736 1301 2796 1353 τὸ
2825 1301 3068 1354 καθελεῖν
3096 1300 3296 1371 αὐτὴν,
3327 1300 3401 1364 ὼς
3432 1300 3498 1354 ἂν
3536 1299 3639 1354 ὑπὸ
3663 1299 3760 1354 τοῦ

2200 1388 2333 1442 Θεοῦ
2369 1389 2819 1461 κραταιουμένην,
2863 1389 3155 1460 ίσχύσουσι.
3205 1388 3483 1443 Τοσούτων
3522 1389 3610 1443 διὰ
3651 1389 3763 1444 τῶν

2201 1481 2320 1535 καθ’
2360 1481 2637 1553 Ἐϐραίους
2666 1480 2927 1546 θεολόγων
2970 1480 3499 1552 ἀναπεφωνημένων,
3543 1482 3637 1535 καὶ
3677 1482 3763 1545 εἰς

2199 1572 2357 1644 δεῦρο
2384 1574 2548 1626 πᾶσιν
2580 1574 2659 1636 εἰς
2696 1571 2924 1642 φανερὸν
2955 1570 3054 1635 τὰς
3095 1570 3344 1633 ἐκϐάσεις
3385 1570 3762 1642 ἐπιδεικνυμέ-

2200 1682 2325 1728 νων,
2352 1664 2436 1729 τίς
2462 1665 2563 1718 οὐκ
2579 1665 2643 1718 ἂν
2664 1663 2724 1718 τὸ
2745 1663 2923 1717 ἔνθεον
2948 1663 3353 1734 ἀποθαυμάσειε
3380 1660 3487 1715 τῶν
3518 1661 3760 1733 ἀνδρῶνς

2198 1758 2282 1822 τίς
2321 1758 2367 1810 δ’
2396 1759 2517 1830 οὐχὶ
2550 1754 2649 1825 τῆς
2682 1758 2802 1811 κατ’
2840 1756 3036 1821 αὐτοὺς
3068 1754 3374 1819 θεοσεϐείας
3411 1756 3505 1809 καὶ
3548 1753 3763 1823 φιλοσο-

541 1842 761 1907 fuerint,
805 1850 967 1911 atque
1007 1841 1303 1896 etiamnum
1357 1838 1608 1894 omnibus
1660 1838 1836 1909 palam
1880 1837 2097 1890 illarum

2203 1850 2327 1919 φίας
2369 1850 2438 1904 τὰ
2478 1848 2776 1921 μαθήματά
2819 1867 2878 1903 τε
2916 1850 3012 1903 καὶ
3061 1848 3129 1903 τά
3174 1847 3419 1917 δόγματα
3464 1845 3627 1919 κύρια
3667 1846 3766 1900 καὶ

538 1951 722 1991 rerum
749 1941 975 1990 eventus
1002 1948 1060 1990 se
1088 1932 1358 2007 ostendat,
1391 1932 1514 2003 quis
1553 1946 1662 1986 non
1698 1928 1940 1983 divinum
1973 1928 2095 1982 illo-

534 2042 660 2084 rum
703 2026 944 2082 virorum
980 2024 1234 2097 spiritum
1261 2023 1599 2079 admiretur?
1627 2022 1753 2093 quis
1793 2036 1901 2075 non
1932 2019 2098 2074 disci-

539 2120 742 2191 plinam
785 2126 840 2175 et
884 2119 1133 2190 dogmata
1177 2117 1458 2187 religionis
1486 2115 1730 2185 ipsorum
1762 2119 1816 2167 et
1858 2111 2101 2183 philoso-

540 2211 682 2282 phias
714 2209 951 2265 fateatur
981 2208 1216 2281 genuina
1246 2223 1311 2262 ac
1331 2206 1617 2262 verissima
1645 2204 1801 2260 esse?
1830 2202 2098 2274 siquidem

537 2306 1053 2361 demonstrationem
1081 2317 1191 2373 prae
1230 2316 1290 2356 se
1321 2298 1500 2356 ferunt
1528 2314 1636 2353 non
1682 2297 1899 2367 quidem
1947 2311 2099 2350 com-

539 2399 645 2468 ptis
668 2404 831 2467 atque
853 2395 1059 2450 ornatis
1092 2393 1292 2456 verbis,
1325 2406 1498 2462 neque
1529 2390 1582 2445 vi
1616 2388 1831 2445 dicendi
1864 2398 1956 2441 aut
1975 2397 2100 2458 pes;-

537 2489 679 2543 versi
732 2485 946 2541 artificii
995 2482 1559 2555 argumentationibus
1608 2479 1676 2534 ad
1723 2477 2099 2549 decipiendum

539 2578 890 2649 comparatis,
922 2575 1016 2633 sed
1038 2574 1271 2645 simplici
1300 2582 1353 2629 et
1374 2580 1583 2629 remoto
1612 2587 1644 2626 a
1673 2570 1865 2626 fraude
1895 2570 2101 2625 doctri-

538 2688 620 2727 nae
655 2685 872 2743 genere,
920 2669 1079 2738 cujus
1114 2666 1363 2738 genuina:
1409 2665 1747 2735 sinceraque
1780 2662 1994 2717 veritati
2035 2659 2101 2714 li-

537 2764 660 2818 detn
692 2760 821 2816 facit
848 2760 1025 2816 virtus
1056 2766 1109 2813 et
1131 2757 1370 2828 cognitio
1397 2755 1649 2810 Numinis
1676 2769 1796 2824 qua:
1818 2754 1872 2806 in
1899 2751 2100 2806 divinis

540 2854 648 2909 illis
671 2853 804 2908 viris
844 2852 963 2907 fuit.
1005 2850 1109 2918 Qui
1152 2850 1316 2921 igitur
1346 2854 1640 2918 potuerunt
1667 2860 1777 2909 res,
1832 2858 1953 2914 quae
1980 2843 2101 2897 lon-

537 2947 620 3018 gis
652 2945 866 3001 smculis
896 2950 1018 3014 post
1051 2948 1367 3003 evenerunt,
1391 2946 1472 2994 tot
1500 2936 1733 2992 millenis
1765 2944 1891 2989 ante
1916 2934 2099 3001 annis,

538 3053 649 3093 non
673 3037 912 3091 humano
944 3032 1038 3088 sed
1071 3031 1254 3086 divino
1279 3030 1464 3087 videre
1494 3028 1711 3100 spiritu,
1734 3026 1919 3097 quidni
1952 3025 2102 3096 digni

539 3130 644 3185 lide
673 3129 782 3184 sint
833 3135 893 3181 ut
921 3126 1169 3197 dogmata
1214 3138 1336 3193 quae
1373 3122 1670 3192 discipulos
1714 3135 1846 3175 suos
1877 3118 2105 3174 edocue-

542 3228 693 3290 runt,
722 3233 852 3274 vera
883 3232 1003 3274 esse
1025 3214 1354 3271 credantur?
1382 3213 1557 3268 Probe
1586 3216 1749 3267 etiam
1780 3209 1906 3265 novi
1933 3208 2104 3263 usita-

540 3322 655 3370 tum
703 3327 826 3369 esse
871 3310 1145 3374 omnibus,
1205 3311 1296 3379 qui
1330 3307 1664 3363 Salvatorem
1711 3320 1775 3359 ac
1812 3303 2099 3358 Dominum

540 3416 790 3463 nostrum
819 3402 1006 3460 Iesum
1048 3400 1300 3458 eumdem
1333 3415 1460 3456 vere
1504 3397 1781 3455 Christum
1829 3395 1922 3451 Dei
1957 3409 2099 3461 esse,

541 3501 617 3559 ita
648 3506 707 3553 ut
739 3512 838 3568 par
868 3504 973 3561 est,
1000 3496 1295 3551 instituunt
1333 3493 1725 3556 demonstrare,
1764 3496 1887 3543 ante
1920 3486 2103 3542 omnia

541 3591 721 3647 facere
745 3590 928 3655 fidem,
963 3587 1109 3660 quod
1135 3602 1241 3642 non
1265 3585 1421 3640 aliter
1449 3584 1505 3638 in
1534 3599 1658 3638 eum
1682 3597 1841 3653 quam
1870 3579 2103 3652 prophe-

543 3682 667 3741 ticis
694 3681 1025 3738 testimoniis
1062 3680 1130 3735 de
1158 3694 1224 3735 eo
1252 3678 1415 3734 editis
1445 3682 1808 3747 congruenter
1836 3672 2059 3729 credant
2084 3689 2099 3726 :

539 3771 735 3835 deinde
762 3771 940 3827 ethoc
971 3770 1148 3841 ipsum
1175 3784 1358 3825 coram
1388 3765 1644 3823 omnibus
1667 3780 1789 3820 cum
1821 3763 2021 3833 quibus
2045 3762 2103 3816 in

541 3882 847 3932 sermonem
875 3865 1237 3929 descendunt,
1285 3861 1429 3916 haud
1466 3859 1702 3924 dilliteri,
1736 3857 1880 3928 quod
1916 3857 2104 3925 singu-

543 3961 675 4021 laris
697 3959 865 4017 studii
900 3974 963 4013 ac
996 3958 1201 4013 laboris
1234 3956 1327 4021 sit,
1358 3954 1581 4027 ’singula
1614 3952 1798 4037 capita.
1827 3948 2103 4021 Evangelii

541 4070 703 4129 posse
723 4050 1281 4118 demonstrationibus
1312 4048 1427 4104 suis
1462 4046 1696 4100 ﬁrmare.
1730 4041 1883 4097 Unde
1914 4056 2104 4097 neces-

541 4147 689 4203 sario
721 4144 789 4199 ad
839 4146 940 4200 hoc
991 4145 1170 4215 ipsum
1218 4141 1451 4199 delatus,
1508 4137 1603 4192 Dei
1639 4136 1842 4191 auxilio
1887 4135 2103 4191 tentabo

542 4239 842 4297 secundum
893 4236 1252 4308 praenuntiata
1300 4248 1365 4288 ex
1414 4230 1547 4304 ipsis
1597 4230 1704 4285 illis
1753 4226 2103 4282 Hebraeorum

541 4333 829 4404 theologis,
847 4332 1113 4401 integram
1138 4328 1403 4383 universa:
1419 4324 1742 4394 evangelicae
1761 4321 2102 4377 demonstra-

542 4427 709 4483 tionis
754 4423 1132 4481 tractationem
1185 4418 1417 4475 traderc.
1475 4414 1631 4487 Quod
1679 4430 1809 4470 vero
1862 4412 2101 4468 studium

2199 1939 2371 2013 ἀληθῆ
2404 1936 2540 1994 εἶναι
2572 1939 2927 2011 όμολογήσει;
2971 1940 3071 2012 τὴν
3115 1937 3385 2003 ἀπόδειξιν
3418 1938 3767 2009 παρεχόμενα

2197 2032 2297 2085 οὐκ
2329 2033 2386 2084 ἐν
2418 2030 2591 2099 λέξεσι
2621 2031 3116 2103 κεκομψευμέναις,
3153 2030 3260 2084 οὐδ’
3291 2032 3348 2084 ἐν
3377 2030 3639 2101 δεινότητι
3669 2029 3766 2083 λό-

2199 2139 2330 2191 γων,
2371 2122 2402 2193 ἢ
2435 2122 2776 2193 κακοτέχνοις
2812 2123 3047 2186 ἀπάταις
3077 2121 3480 2193 συλλογισμῶν·
3519 2124 3577 2175 ἐν
3614 2120 3763 2193 ἁπλῇ

2197 2216 2254 2270 δέ
2304 2216 2397 2270 καὶ
2443 2216 2770 2289 ἀπανούργῳ
2806 2215 3137 2286 διδασκαλίᾳ,
3183 2208 3251 2286 ἧς
3306 2214 3366 2268 τὸ
3420 2215 3640 2284 γνήσιον
3668 2217 3768 2268 καὶ

2198 2306 2481 2378 εἱλικρινὲς
2522 2307 2619 2377 τῆς
2675 2304 2929 2375 ἀληθείας
2984 2306 3017 2375 ἡ
3070 2304 3176 2358 τῶν
3230 2303 3529 2358 θεσπεσίων
3579 2303 3766 2357 αὐτῶν

2198 2397 2419 2450 ἐκείνων
2461 2396 2669 2467 ἀνδρῶν
2713 2396 2878 2467 ἀρετή
2925 2412 2985 2447 τε
3030 2395 3123 2448 καὶ
3156 2393 3451 2462 θεογνωσία
3494 2393 3765 2465 παρίστη-

2201 2506 2304 2543 σιν.
2355 2491 2415 2555 Οί
2474 2488 2601 2559 γοῦν
2660 2487 2728 2545 τά
2773 2491 2999 2559 μακροῖς
3056 2487 3241 2542 αἰῶσιν
3277 2486 3496 2558 ὕστερον
3534 2488 3614 2550 είς
3647 2485 3765 2556 φῶς

2199 2581 2420 2636 ἐλθόντα
2461 2581 2739 2654 πόρρωθεν
2787 2582 2997 2653 μυρίοις
3040 2579 3243 2635 ἄνωθεν
3280 2580 3489 2651 χρόνοις
3527 2578 3627 2631 οὐκ
3666 2578 3764 2631 άν-

2202 2672 2478 2744 θρωπίνῳ,
2514 2670 2640 2741 θείῳ
2670 2670 2728 2723 δὲ
2760 2670 3027 2742 πνεύματι
3074 2668 3435 2723 κατοπτεῦσαι
3470 2667 3765 2738 δεδυνημέ-

2201 2742 2302 2830 νοι,
2478 2764 2578 2821 οὐκ
2605 2760 2742 2826 ἄξιοι
2773 2760 2838 2816 ἂν
2872 2756 2981 2813 εἷεν
3018 2761 3111 2813 κιύ⁸
3144 2760 3271 2831 περὶ
3303 2753 3377 2813 ὧν
3417 2761 3540 2823 τοὺς
3573 2742 3773 2833 φοιτηέ

2199 2857 2299 2921 τὰς
2328 2854 2665 2922 ἐξεπαίδευον
2699 2852 2981 2923 δογμάτων
3016 2851 3398 2916 πιστεύεσθαι;
3435 2852 3498 2904 Et
3535 2849 3633 2921 μὲν
3668 2844 3764 2904 οὖν

2200 2947 2315 3003 οἶδα
2347 2945 2606 3021 ἀκριϐῶς,
2640 2946 2722 3001 ὅτι
2752 2945 3033 3018 πρόχειρον
3065 2942 3256 3008 ἅπασι,
3286 2946 3397 3005 τοῖς
3429 2942 3517 2995 τὸν
3536 2941 3764 3012 Σωτῆρα

2203 3040 2296 3096 καὶ
2336 3038 2539 3111 Κύριον
2579 3034 2733 3109 ήμῶν
2770 3033 2976 3105 Ἰησοῦν
3002 3033 3077 3097 ὡς
3112 3032 3177 3087 ἂν
3208 3030 3367 3089 αὑτὸν
3395 3030 3607 3102 ἀληθῶς
3633 3030 3762 3083 ὄντα

2202 3134 2293 3189 τδν
2348 3131 2580 3205 Χριστὸν
2629 3128 2723 3184 τοῦ
2778 3127 2912 3185 Θεοῦ
2961 3127 3199 3199 γνησίως
3254 3124 3758 3198 παραδεδεγμένοις,

2204 3228 2417 3300 πρῶτον
2445 3226 2543 3297 μὲν
2570 3223 2774 3277 πείθειν
2800 3223 2994 3286 αὐτοὺς
3023 3221 3215 3285 δοκεῖν,
3249 3220 3329 3273 ὅτι
3367 3217 3440 3290 μή
3478 3217 3649 3281 ἄλλως
3683 3219 3763 3281 είς

2202 3318 2365 3374 αὑτὸν
2398 3313 2824 3373 πεπιστεύκασιν
2852 3313 2885 3384 ἢ
2915 3315 3032 3375 ταῖς
3061 3312 3187 3382 περὶ⁵
3204 3308 3369 3363 αὐτοῦ
3397 3311 3761 3381 προφητικαῖς

2206 3411 2529 3485 μαρτυρίαις
2558 3407 2881 3470 ἀκολούθως·
2906 3405 3095 3459 ἔπειτα
3124 3402 3267 3457 τοῦτ’
3300 3402 3429 3456 αὐτὸ
3453 3402 3547 3455 καὶ
3576 3403 3759 3465 πᾶσιν,

2202 3498 2281 3567 οἷς
2303 3501 2368 3556 ἂν
2397 3504 2475 3564 είς
2493 3500 2682 3570 λόγους
2708 3497 3079 3553 καταϐαίνοιεν
3107 3493 3521 3568 προϐάλλεσθαι·
3561 3494 3632 3564 μὴ
3656 3493 3762 3564 μὴν

2204 3593 2401 3666 ῥᾳδίως
2444 3592 2505 3645 τὸ
2556 3589 2878 3659 ἐπάγγελμα
2930 3585 3249 3639 πιστοῦσθαι
3300 3588 3417 3649 ταῖς
3459 3581 3763 3649 ἀποδείξεσι

2202 3685 2478 3740 δύνασθαι.
2510 3682 2670 3737 Ὅθεν
2689 3680 2998 3750 ἀναγκαίως
3030 3681 3121 3735 ἐπὶ
3141 3677 3286 3734 τοῦτ’
3307 3677 3437 3731 αὐτὸ
3460 3674 3761 3749 παρελθὼν,

2203 3778 2299 3830 σὺν
2339 3774 2457 3845 Θεῷ
2492 3772 2688 3845 βοηθῷ,
2722 3770 2863 3826 κατά
2901 3770 2969 3823 τὰ
3015 3768 3395 3841 ἐπηγγελμένα
3444 3767 3541 3838 τὴν
3580 3766 3763 3836 ἐντελῆ

2204 3869 2384 3938 πάσης
2411 3868 2509 3938 τῆς
2542 3863 2897 3934 εὐαγγελικῆς
2926 3860 3248 3926 ἀποδείξεως
3289 3860 3667 3932 πραγματείαν
3707 3857 3767 3923 ἐξ

2203 3954 2377 4007 αὐτῶν
2414 3953 2635 4007 ἐκείνων
2666 3950 2775 4005 τῶν
2807 3952 2936 4022 παρ’
2991 3948 3261 4022 Ἑϐραίοις
3293 3948 3553 4017 θεολόγων
3589 3964 3765 4019 παρα-

2205 4041 2502 4114 στήσασθαι
2550 4042 2900 4114 πειράσομαι.
2950 4038 3450 4107 Σπουδαιολογεῖται
3492 4038 3548 4091 δέ
3595 4056 3683 4110 μοι
3730 4040 3764 4110 ή

2202 4135 2409 4206 γραφὴ,
2446 4134 2542 4205 οὐχ
2583 4134 2658 4198 ὡς
2685 4134 2749 4189 ἄν
2787 4152 2870 4199 τις
2898 4134 3030 4204 φαίη
3065 4130 3205 4185 κατὰ
3251 4130 3535 4193 Ἰουδαίων,
3567 4130 3762 4197 ἄπαγε,

2203 4224 2463 4295 πολλοῦγε
2509 4226 2603 4280 καὶ
2638 4226 2746 4281 δεῖ·
2785 4226 2918 4297 πρὸς
2946 4224 3122 4277 αὐτῶν
3159 4223 3254 4294 μὲν
3278 4217 3390 4285 οὖν,
3424 4223 3473 4274 εί
3496 4222 3767 4293 εὐγνωμο-

2203 4300 2381 4383 νοῖενξ
2397 4318 2676 4389 τυγχάνει·
2718 4317 2995 4386 συνίστησι
3026 4314 3134 4386 γὰρ
3181 4313 3250 4367 τὰ
3294 4313 3389 4383 μὲν
3430 4312 3765 4384 Χριστιανῶν

2202 4411 2289 4484 διὰ
2320 4412 2417 4482 τῆς
2456 4409 2718 4465 ἀνέκαθεν
2753 4408 3107 4480 προρρήσεως
3152 4406 3571 4479 ἐπιμαρτυρίας,
3608 4404 3678 4459 τὰ
3720 4404 3765 4458 δ’

542 4516 798 4591 praesenti
835 4529 998 4585 opere
1042 4526 1073 4565 a
1102 4526 1189 4566 me
1229 4509 1581 4581 impenditur,
1620 4522 1729 4562 non
1771 4504 1973 4559 Judaeis
2004 4517 2101 4574 0p-

2206 4504 2427 4558 ἐκείνων
2460 4504 2547 4560 διὰ
2582 4503 2683 4574 τῆς
2723 4502 2832 4556 τῶν
2870 4502 2998 4574 παρ’
3027 4502 3211 4563 αὐτοῖς
3251 4499 3593 4571 προφητειῶν
3634 4499 3767 4552 ἀπο-

545 4607 871 4681 pugnandis,
896 4613 955 4658 ut
989 4609 1140 4675 putet
1172 4602 1391 4672 aliquis,
1414 4607 1498 4655 est
1526 4598 1875 4659 destinatum,
1900 4608 2100 4664 apage;

546 4710 757 4757 tantum
795 4698 942 4754 enim
990 4696 1059 4751 ab
1094 4696 1199 4751 hoc
1232 4694 1407 4760 abest,
1456 4701 1515 4747 ut
1542 4692 1721 4767 potius
1755 4704 1852 4761 pro
1882 4687 2010 4752 illis,
2054 4686 2102 4740 si

544 4805 733 4849 sanam
788 4797 1025 4851 mentem
1073 4784 1321 4849 afferant,
1365 4782 1572 4837 faciat:
1611 4780 1790 4839 ﬁrmat
1836 4775 2102 4846 siquidem

541 4884 907 4944 Christianam
941 4898 1056 4947 rem
1094 4880 1261 4951 petito
1286 4895 1316 4932 a
1348 4877 1523 4948 longis
1547 4877 1616 4929 ab
1642 4874 1770 4943 hinc
1798 4871 2105 4945 praedictio-

542 4980 706 5033 nibus
735 4975 1047 5029 testimonio
1081 4992 1094 5026 :
1127 4987 1240 5028 rem
1272 4968 1582 5025 Iudaeorum
1606 4973 1806 5026 autem,
1839 4978 1902 5017 ex
1928 4960 2106 5032 perfe—

539 5078 627 5127 cta
662 5065 1067 5143 prophetiarum
1107 5079 1243 5143 quas
1290 5061 1366 5116 illi
1404 5059 1606 5114 habent
1642 5056 1973 5126 impletione.
2006 5053 2105 5107 Ju-

539 5140 687 5214 vabit
739 5171 956 5228 quoque
1002 5140 1316 5213 Graecorum
1351 5150 1490 5205 filios
1531 5148 1645 5202 sive
1693 5145 1962 5213 ethnicos,
2013 5145 2107 5214 qui

541 5250 740 5307 animis
784 5249 923 5305 bene
951 5245 1264 5307 constitutis
1311 5240 1665 5304 accesserint,
1708 5256 1803 5313 per
1832 5239 2108 5295 admiran-

542 5342 668 5397 dam
698 5326 1007 5401 futurorum
1040 5334 1426 5409 praenotionem
1473 5348 1763 5403 rerumque
1806 5329 2108 5388 secundum

542 5434 926 5505 praedictiones
974 5442 1248 5490 eventum,
1296 5424 1460 5480 simul
1504 5412 1840 5480 ostendendo
1870 5422 2109 5491 divinam

544 5537 707 5596 atque
734 5523 1096 5585 certissimam
1129 5519 1441 5588 dogmatum
1467 5524 1778 5572 nostrorum
1800 5517 2106 5577 veritatem,

546 5615 816 5684 simulque
859 5612 1120 5668 solidiore
1160 5607 1628 5662 demonstratione
1656 5606 1964 5660 obturando
2006 5606 2109 5658 lin-

546 5725 681 5778 guas
714 5719 1073 5777 patronorum
1121 5700 1409 5767 mendacii,
1452 5715 1614 5769 quam
1651 5715 1919 5771 nusquam
1950 5698 2111 5767 nobis

550 5811 835 5871 suppetere
891 5794 1229 5857 contendunt
1278 5790 1668 5869 sycophantae,
1728 5791 1889 5846 etiam
1949 5799 2111 5861 atque

2204 4597 2597 4667 τελεσματικῆς
2643 4595 3103 4667 συμπληρώσεως.
3161 4592 3442 4664 Ἀρμόσειε
3484 4593 3528 4645 δ’
3568 4590 3631 4644 ἂν
3672 4589 3764 4643 καὶ

2207 4690 2393 4745 παισὶν
2446 4689 2726 4761 Ἑλλήνων,
2774 4689 2821 4741 εί
2863 4689 3269 4757 εὐγνωμονοῖεν,
3319 4684 3407 4739 διὰ
3449 4685 3546 4755 τῆς
3590 4700 3765 4753 παρα-

2205 4782 2356 4849 δόξου
2388 4780 2495 4835 τῶν
2536 4780 2833 4852 μελλόντων
2872 4777 3375 4849 προγνώσεωςητῆς
3397 4794 3455 4829 τε
3482 4774 3590 4828 τῶν
3622 4789 3761 4845 πρα-

2206 4874 2430 4944 γμάτων
2469 4871 2609 4926 κατά
2640 4871 2738 4934 τὰς
2768 4872 3099 4944 προρρήσεις
3146 4869 3449 4931 ἐκϐάσεως·
3493 4865 3626 4937 όμοῦ
3669 4864 3764 4932 μὲν

2206 4965 2267 5018 τὸ
2291 4963 2469 5018 ἔνθεον
2506 4965 2598 5017 καὶ
2632 4962 2856 5033 ἀψευδὲς
2886 4963 2985 5033 τῆς
3024 4961 3145 5014 καθ’
3178 4962 3322 5033 ήμᾶς
3360 4958 3617 5030 ἀληθείας
3652 4958 3766 5009 ἐπι-

2207 5055 2550 5126 δεικνυμένη,
2580 5053 2714 5125 ὁμοῦ
2747 5053 2803 5106 δὲ
2843 5052 2937 5107 καὶ⁵
2964 5052 3062 5118 τὰς
3083 5050 3191 5103 τῶν
3223 5049 3565 5120 ψευδηγόρων
3597 5044 3766 5114 γλώτ-

2208 5164 2305 5211 τας
2342 5146 2761 5217 ἐπιστομίζουσα
2795 5145 2883 5198 διὰ
2910 5146 3006 5215 τῆς
3036 5141 3395 5211 λογικωτέρας
3425 5135 3763 5200 ἀποδείξεως,

2208 5234 2276 5311 ἧς
2309 5216 2555 5309 οὐδαμῶς
2594 5240 2724 5311 ἡμῖν
2765 5238 2814 5290 οἱ
2859 5235 3189 5305 συκοφάνται
3220 5233 3457 5303 μετεῖναι
3486 5226 3767 5282 διατείνον-
3812 5216 3825 5254 τ

2208 5348 2317 5397 ται,
2363 5324 2421 5384 εὖ
2475 5330 2616 5401 μάλα
2657 5326 2923 5399 ὁσημέραι
2968 5329 3087 5391 ταῖς
3127 5323 3246 5377 καθ’
3278 5320 3432 5392 ήμῶν
3472 5316 3766 5390 διατριϐαῖς

2211 5420 2551 5491 κατακράτος
2584 5416 3042 5489 ἐπεντριϐόμενοι.
3075 5410 3239 5481 Οὐδὲν
3267 5406 3396 5479 γοῦν
3435 5408 3581 5478 ἡμᾶς
3615 5404 3766 5459 δύνα-

2214 5513 2334 5565 σθαί
2378 5528 2508 5581 φασι
2548 5510 2612 5562 δι’
2640 5507 2963 5571 ἀποδείξεως
3006 5503 3282 5574 παρέχειν,
3326 5501 3504 5554 πίστει
3539 5497 3596 5551 δὲ
3638 5496 3768 5568 μόνῃ

2213 5604 2498 5675 προσέχειν
2529 5601 2709 5668 ἀξιοῦν
2754 5602 2879 5663 τοὺς
2927 5600 3057 5669 ἡμῖν
3107 5594 3447 5667 προσιόντας.
3498 5591 3606 5646 Καὶ
3638 5586 3769 5659 πρὸς

2212 5693 2304 5750 οὖν
2343 5698 2441 5767 τὴν
2479 5694 2731 5763 τοιαύτην
2766 5690 3013 5761 διαϐολήν
3046 5687 3145 5753 οὐκ
3172 5687 3239 5741 ἂν
3265 5685 3472 5754 γένοιτο
3499 5683 3627 5753 ήμῖν
3654 5678 3769 5734 ἀλο-

2217 5807 2310 5860 γος
2345 5791 2376 5860 ή
2414 5788 2659 5860 παροῦσα
2692 5780 3054 5857 πραγματεία.
3078 5779 3185 5835 Ναὶ
3213 5779 3317 5853 μήν
3350 5779 3439 5832 καὶ
3467 5775 3572 5830 τῶν
3601 5771 3767 5827 ἀθέων
