3978 6414
187 315 246 371 Si
1040 301 1413 359 DEMONSTR
1423 299 1695 358 ATIONlS
1732 300 1736 353 ἒ

1836 295 2194 353 ANGELICA‘I
2234 293 2364 350 LIB.
2394 292 2437 349 Ι.
3333 287 3406 342 21

185 430 428 504 αίρισεων
447 427 542 493 τὰς
571 427 713 482 κατὰ
742 426 848 481 τῶν
880 426 1039 480 θείων
1072 424 1731 499 προφητῶψψευδοδοξίας

1836 420 1996 476 etiam
2040 416 2284 490 quotidie
2334 413 2589 471 omnibus
2631 410 2841 467 viribus
2874 408 3095 481 quando
3139 405 3404 462 adversm

184 539 237 577 τε
274 522 362 575 καὶ
399 520 737 592 βλασφημίας
774 519 1060 587 ἀπελέγξει
1099 518 1185 592 διὰ
1233 522 1331 591 τῆς
1368 518 1503 591 πρὸς
1538 516 1607 570 τὰ
1639 516 1733 571 νέα

183 614 281 669 τῶν
318 610 547 668 παλαιῶν
582 611 919 682 συμφωνίας.
967 609 1078 682 Τὴν
1126 610 1223 681 μὲν
1267 605 1358 663 οὖν
1396 606 1737 681 μακροτέραν.

187 707 271 760 καὶ
311 704 594 773 διεξοδικὴν
642 702 750 757 τῶν
798 701 1152 774 προφητικῶν
1197 700 1386 771 φωνῶν
1441 700 1734 771 ἑρμηνείαν

186 794 334 850 τανῦν
362 795 388 847 ό
413 792 562 861 λόγος
590 792 982 864 ὑπερθήσεται,
1016 794 1130 857 τοῖς
1163 791 1505 863 βουλομένοις
1528 791 1735 853 τούτων

187 882 431 950 ἐξετάζειν
461 881 802 946 καταλιπὼν,
837 876 939 936 οἷοί
985 884 1031 936 τ’
1068 881 1134 936 ἂν
1172 884 1345 939 εἰπεῖν
1375 883 1465 937 τὸν
1512 882 1730 954 τρόπον.

180 976 469 1047 Διδασκάλῳ
487 977 546 1030 δὲ
566 976 845 1049 χρώμενος
867 975 1285 1048 παραγγέλματι
1307 974 1435 1047 θείῳ
1454 975 1731 1043 φάσκοντι,

183 1091 201 1123 ι
226 1068 602 1139 Κεφαλαίωσον
627 1072 686 1122 ἐν
706 1068 905 1138 ὀλίγοις
928 1068 1116 1132 πολλὰ,
1158 1089 1177 1122 ι
1206 1068 1363 1123 τοῦτο
1387 1066 1624 1139 ζηλῶσαι
1649 1085 1736 1137 φι-

174 1165 524 1236 λοτιμήσεται·
553 1163 687 1216 αὐτὸ
716 1162 877 1235 μόνον
896 1160 1150 1235 ἀφορμάς
1170 1160 1267 1232 τῆς
1298 1162 1377 1223 είς
1395 1160 1520 1223 τοὺς
1540 1159 1735 1222 τόπους

174 1257 412 1329 θεωρίας,
443 1255 535 1311 καὶ
560 1255 672 1308 τῶν
703 1257 782 1320 είς
809 1255 868 1308 τὸ
891 1254 1248 1325 προκείμενον
1279 1251 1730 1321 κατεπειγόντων,

172 1350 260 1420 τὴν
296 1350 372 1410 εἰς
412 1347 472 1400 τὸ
514 1347 685 1416 σαφὲς
729 1345 1024 1418 ἑρμηνείαν
1065 1344 1531 1415 παραθησόμενος.
1582 1342 1736 1405 Ἀλις

174 1440 263 1510 μδ*
286 1438 348 1510 δὴ
375 1438 697 1509 προοιμίωψ
723 1437 825 1509 ήδη
854 1437 911 1490 δὲ
945 1437 1038 1490 καὶ
1071 1434 1178 1489 τῶν
1218 1435 1541 1500 ἀποδείξεων
1573 1432 1733 1506 ἄρξο-

175 1548 285 1602 μαι.
344 1529 559 1602 Ἐπειδὴ
594 1528 762 1594 πολὺς
798 1526 867 1601 ἦν
905 1528 1175 1602 ἐπιρρέων
1218 1527 1339 1581 καθ’
1380 1526 1536 1598 ἡμῶν
1572 1529 1600 1581 ό
1626 1526 1734 1581 τῶν

174 1622 504 1692 συκοφαντῶν
535 1622 715 1693 όχλος,
760 1622 926 1694 μηδὲν
955 1621 1212 1675 δύνασθαι
1253 1620 1475 1690 φάσκων
1511 1619 1576 1673 δι’
1601 1620 1735 1673 ἀπο-

170 1712 372 1779 δείξεων
393 1713 622 1784 ἐναργὲς
656 1711 915 1783 ἀληθείας
938 1712 1198 1783 παρέχειν
1224 1711 1443 1782 δεῖγμα,
1474 1709 1653 1763 πίστει
1676 1709 1734 1763 δὲ

1834 528 1937 569 nos
1965 512 2266 582 disputant,
2300 508 2495 563 huicce
2518 505 2835 562 insistentes
2867 500 3194 563 causatioui,
3228 507 3289 553 ut
3329 497 3406 554 di-

1836 616 1983 670 cant,
2025 603 2165 659 nihil
2201 616 2303 656 nos
2336 614 2499 671 posse
2537 596 2999 652 demonstratione
3031 594 3270 656 firmare,
3308 591 3407 647 sed

1834 705 2046 754 tantum
2079 698 2148 752 ab
2182 695 2250 751 iis
2279 694 2372 765 qui
2407 690 2475 746 ad
2500 705 2603 746 nos
2628 689 2895 745 accedunt
2920 686 3078 743 fidem
3101 683 3406 741 habendam

1834 790 2067 860 exigere.
2103 788 2206 843 Cui
2249 784 2538 841 calumniae
2593 780 2944 838 retundendae
2990 794 3099 835 non
3151 780 3407 849 inoppor-

1836 887 1969 934 tuna
2008 894 2248 951 przesens
2284 875 2539 932 tractatio
2577 873 2760 930 futura
2794 879 2900 938 est,
2946 868 3040 925 sed
3084 877 3139 925 et
3181 876 3406 924 ostensa

1836 987 2100 1029 novorum
2130 984 2253 1025 cum
2289 966 2567 1023 veteribus
2591 962 2885 1020 concordia
2915 960 3204 1031 impiarum
3232 956 3407 1011 haere-

1836 1063 2001 1129 sium,
2038 1061 2203 1117 falsas
2228 1060 2515 1132 opiniones
2551 1063 2605 1113 et
2627 1053 2993 1126 blasphemias
3034 1050 3297 1105 adversus
3325 1047 3409 1102 di-

1837 1154 1994 1208 vinos
2035 1152 2330 1224 prophetas
2376 1147 2620 1222 profecto
2652 1146 2911 1201 revincet.
2952 1139 3280 1213 Longiorem
3310 1154 3410 1194 au-

1835 1253 1944 1301 tem
1973 1254 2028 1301 et
2049 1245 2354 1301 uberiorem
2383 1240 2820 1314 propheticarum
2851 1251 3048 1292 vocum
3092 1231 3409 1304 explicatio-

1834 1354 1959 1393 nem
2004 1336 2258 1408 prazsenti
2314 1350 2480 1406 opere
2532 1331 2937 1404 praetermittam
2982 1328 3200 1397 illisque
3241 1325 3409 1381 relin-

1834 1446 2021 1502 quam,
2054 1430 2147 1500 qui
2177 1429 2277 1486 has
2323 1428 2489 1482 altius
2540 1424 2777 1481 scrutari
2815 1422 3103 1485 voluerint,
3134 1429 3298 1490 atque
3338 1419 3409 1475 ad

1835 1524 1940 1580 hoc
1969 1521 2360 1593 perficiendum
2389 1519 2594 1574 fuerint
2622 1516 2821 1573 idonei.
2854 1514 2967 1586 Ego
3009 1520 3192 1569 autem
3221 1512 3408 1569 divino

1834 1623 2106 1687 praecepto
2161 1614 2427 1684 magistro
2487 1626 2689 1667 usurus
2752 1626 2896 1674 sum,
2956 1607 3102 1679 quod
3162 1625 3182 1658 ι
3217 1607 3408 1678 paucis

1835 1708 2006 1763 multa
2037 1705 2500 1777 comprehendere
2534 1724 2552 1757 ι
2582 1704 2597 1734 ¹
2630 1702 2809 1773 jubet,
2846 1701 3010 1772 idque
3033 1699 3233 1756 sectari
3256 1698 3407 1754 omni

174 1803 303 1878 μόνῃ
325 1804 611 1876 προσέχειν
642 1802 828 1868 ἀξιοῦν
845 1804 974 1866 τοὺς
994 1805 1125 1875 ἡμῖν
1145 1801 1487 1875 προσιόντας,
1510 1800 1733 1865 τούτους

1837 1797 2017 1854 studio
2056 1798 2301 1862 annitar,
2325 1796 2703 1852 tantummodo
2732 1794 3040 1858 additurus,
3067 1808 3188 1864 quae
3217 1807 3409 1849 ansam

169 1896 222 1950 δὲ
248 1896 336 1950 καὶ
364 1892 570 1949 πείθειν
603 1894 755 1949 οὐδὲν
794 1893 976 1958 πλέον,
1012 1893 1046 1965 ἢ
1080 1894 1220 1962 σφᾶς
1250 1893 1449 1955 αὐτοὺς
1480 1890 1735 1963 θρεμμά-

172 2005 269 2044 των
286 1988 488 2058 ἀλόγων
513 1988 675 2059 δίκην
705 1986 998 2058 μύσαντας,
1028 1985 1121 2039 καὶ
1142 1981 1202 2039 εὖ
1225 1984 1483 2057 ἀνδρείως
1509 1982 1737 2038 ἕπεσθαι

171 2078 270 2132 δεῖν
296 2078 665 2145 ἀνεξετάστως
697 2077 870 2131 ἆπασι
903 2078 1013 2141 τοῖς
1050 2077 1180 2148 παρ’
1207 2074 1361 2148 ἡμῶν
1402 2074 1733 2146 λεγομένοις,

173 2171 290 2243 παρ’
317 2170 347 2224 δ
376 2171 467 2225 καὶ
514 2169 744 2233 πιστοὺς
789 2166 1144 2243 χρηματίζειν
1189 2168 1287 2239 τῆς
1336 2166 1531 2236 ἀλόγου
1577 2166 1736 2239 χάριν

174 2260 409 2326 πίστεως⁹
446 2262 678 2325 εἰκότως
703 2259 890 2314 διελὼν
918 2259 1016 2323 τάς
1057 2258 1179 2313 καθ’
1210 2258 1368 2331 ἡμῶν
1392 2257 1647 2323 διαϐολὰς
1680 2259 1736 2311 ὲν

172 2357 233 2426 τῇ
274 2356 703 2426 προπαρασκευῇ
749 2352 843 2406 τοῦ
897 2352 1098 2416 παντὸς
1147 2351 1329 2421 λόγου,
1376 2349 1599 2424 πρώτην
1639 2350 1736 2421 μὲν

172 2445 261 2516 τὴν
300 2443 401 2497 τῶν
443 2443 726 2497 πολυθέων
755 2440 1020 2513 ὲεεθέμην
1052 2440 1244 2506 ἐθνῶν,
1293 2439 1737 2509 ὲπεγκαλούντων

170 2539 311 2609 ἡμῖν,
345 2537 428 2590 ὅτι
460 2535 527 2608 δὴ
560 2535 673 2589 τῶν
707 2534 953 2607 πατρίων
978 2533 1114 2588 θεῶν
1143 2532 1444 2587 ἀποστάται
1472 2532 1738 2603 κατέστη-η

176 2646 284 2701 μεν,
329 2629 419 2683 ἐπὶ
467 2629 616 2701 μέγα
662 2628 918 2699 φαμένων
964 2643 1046 2692 τε,
1103 2626 1186 2680 ὅτι
1228 2625 1298 2679 τά
1331 2624 1581 2696 βάρϐαρα
1628 2622 1736 2676 τῶν

182 2721 429 2794 Ἑλλήνων
460 2722 970 2795 προτετιμήκαμεν,
1003 2718 1073 2774 τά
1100 2718 1229 2790 παρ’
1270 2716 1537 2788 Ἑϐραίοις
1560 2716 1738 2769 ἀσπα-

176 2814 381 2885 σάμενοι
407 2812 587 2882 λόγιω
605 2812 863 2884 δευτέραν
889 2811 946 2864 δὲ
967 2808 1063 2881 τὴν
1093 2808 1271 2863 αὐτῶν
1312 2806 1576 2861 Ἰουδαίων
1607 2823 1738 2860 κατ-

171 2905 400 2977 ηγορίαν,
444 2904 511 2957 δι’
545 2898 620 2976 ἧς
667 2904 764 2957 καὶ
805 2902 961 2956 αὐτοὶ
992 2897 1202 2965 δόξαιεν
1239 2900 1306 2954 ἂν
1346 2901 1479 2970 ἡμῖν
1516 2896 1736 2961 ἐνδίκως

173 2995 598 3067 ἐπιμέμφεσθαι,
629 2996 713 3049 ὅτι
740 2994 804 3066 δὴ
834 2996 954 3057 ταῖς
975 2992 1153 3047 αὐτῶν
1182 2992 1425 3064 Γραφαῖς
1454 2986 1738 3060 καταχρώ-

174 3104 332 3159 μενοι,
356 3089 415 3142 οὐ
441 3089 534 3142 τὸν
562 3089 750 3158 ὅμοιον
776 3086 961 3149 αὐτοῖς
992 3086 1221 3158 μέτιμεν
1240 3082 1335 3137 τοῦ
1371 3081 1486 3153 βίου
1513 3081 1734 3154 τρόπον.

1837 1891 2116 1961 praebeant
2156 1889 2578 1947 considerandis
2611 1900 2665 1944 et
2690 1886 3057 1959 intelligendis
3094 1888 3250 1951 locis,
3285 1901 3410 1957 per-

1835 1982 2192 2053 spicuamque
2225 1994 2415 2035 eorum
2442 1996 2561 2050 quae
2595 1979 2661 2033 ad
2703 1980 3041 2051 propositum
3075 1978 3282 2035 iaciunt
3324 1978 3412 2034 in-

1834 2073 2278 2142 terpretationem
2308 2073 2564 2128 exhibere
2607 2084 2829 2143 queant.
2870 2071 2975 2129 Sed
3014 2072 3408 2144 prommiorum

1834 2165 2055 2236 quidem
2108 2165 2243 2220 satis
2278 2166 2427 2233 :jam
2468 2166 2967 2222 demonstrationes
3013 2166 3184 2221 ordiri
3231 2166 3405 2235 juvat.

1833 2257 1971 2314 Cum
2000 2257 2147 2314 enim
2182 2256 2443 2327 frequens
2474 2257 2633 2313 nobis
2664 2259 3014 2314 insultaverit
3051 2258 3411 2331 sycophanta-

1834 2367 1956 2407 rum
2003 2350 2319 2417 multitudo,
2362 2349 2747 2406 allirmantium
2788 2352 2928 2406 nihil
2963 2367 3066 2408 nos
3099 2366 3261 2422 posse
3302 2353 3413 2407 evi-

1835 2443 1984 2499 denti
2019 2443 2267 2499 veritatis
2300 2443 2620 2499 ostensione
2645 2443 3044 2508 demonstrare,
3072 2445 3167 2502 sed
3196 2452 3410 2500 tantum

1835 2532 1995 2599 velle,
2029 2541 2088 2587 ut
2114 2532 2340 2588 credant
2368 2534 2462 2603 qui
2497 2532 2566 2587 ad
2607 2548 2711 2589 nos
2736 2534 2979 2598 veniunt,
3024 2543 3187 2605 atque
3217 2535 3293 2588 ita
3327 2545 3415 2588 at-

1837 2621 2109 2678 tendant:
2143 2639 2322 2694 neque
2374 2623 2524 2678 aliud
2577 2624 2875 2696 quidquam
2930 2624 3038 2680 illis
3085 2640 3411 2695 persuasum

1837 2715 1927 2778 iri,
1957 2731 2119 2786 quam
2148 2725 2206 2771 ut
2223 2717 2505 2772 brutorum
2525 2731 2783 2788 pecorum
2804 2733 2975 2784 more,
3006 2732 3152 2773 caeco
3181 2719 3410 2790 impetu,

1838 2806 2088 2876 nihilque
2124 2808 2505 2863 examinantes
2546 2815 2767 2863 strenue
2808 2808 3185 2880 obsequantur
3230 2811 3412 2863 omni-

1836 2896 1942 2953 bus
1966 2913 2305 2969 quaecunque
2346 2914 2380 2953 a
2408 2898 2569 2955 nobis
2599 2898 2882 2964 dicuntur,
2913 2898 3056 2955 unde
3083 2900 3249 2956 etiam
3277 2899 3411 2957 fide-

1837 2987 1918 3044 les
1975 2991 2091 3045 sive
2133 2990 2389 3047 credulos
2442 2990 2511 3046 ab
2566 2990 2725 3047 bruta
2775 2991 3101 3048 credulitate
3147 2992 3410 3064 appellari

1838 3079 2142 3151 contingat.
2186 3080 2322 3137 iiiuc
2370 3096 2483 3136 non
2525 3080 2597 3137 ab
2625 3096 2687 3137 re
2737 3081 3058 3139 dividendas
3096 3099 3217 3156 quae
3250 3085 3415 3141 nobis

176 3180 375 3235 Τούτων
397 3180 442 3233 δ’
471 3179 651 3243 οὕτως
680 3181 810 3252 ἡμῖν
841 3176 1325 3249 διευκρινημένων,
1354 3175 1488 3247 πρὸς
1516 3174 1612 3245 μὲν
1637 3171 1736 3246 τὴν

1840 3171 2179 3243 objiciuntur
2218 3174 2523 3229 calumnias
2550 3174 2882 3241 existimavi,
2916 3185 3081 3247 atque
3110 3177 3164 3232 in
3194 3193 3410 3250 praepa-

177 3272 402 3343 πρώτην,
419 3271 498 3335 ὡς
512 3266 628 3326 οἷόν
652 3288 713 3324 τε
735 3266 825 3342 ἦν,
844 3270 932 3324 διά
954 3270 1053 3340 τῆς
1078 3267 1488 3339 Εὺατγελικῆς
1512 3270 1742 3335 Προβα-

170 3362 460 3432 ρασκευῆς
490 3363 909 3434 ἀπηντήσαμεν,
955 3359 1210 3431 Ἕλληνες
1243 3359 1342 3431 μὲν
1375 3355 1513 3413 εἶναι
1547 3358 1737 3429 τοπρὶν

169 3452 607 3523 ὁμολογήσαντες,
632 3453 727 3507 καὶ
753 3451 814 3516 ἐξ
834 3452 1035 3523 ἑτέρων
1056 3449 1224 3503 ἐθνῶν
1255 3449 1327 3504 τά
1357 3448 1622 3521 Ἐλλήνων
1649 3466 1741 3502 πε-

172 3542 514 3613 φρονηκότες,
558 3544 625 3609 ἐκ
665 3541 920 3614 πατέρων
962 3558 1022 3594 τε
1060 3542 1129 3611 τῇ
1174 3539 1418 3609 πολυθέῳ
1450 3538 1628 3610 πλάνῃ
1654 3538 1739 3592 δε-

168 3631 502 3704 δουλωμένοι*
548 3633 609 3687 οὐ
660 3632 767 3705 μὴν
818 3632 998 3704 μέντοι
1044 3633 1223 3703 ἀλόγῳ
1268 3631 1360 3686 καὶ
1402 3630 1740 3701 ἀνεξετάστῳ

167 3722 325 3796 ὁρμῇ,
354 3725 538 3797 κρίσει
565 3725 621 3778 δὲ
647 3727 739 3779 κτιιὶ⁵
766 3724 1001 3797 σώφρονι
1034 3724 1278 3796 λογισμῷ
1311 3723 1739 3796 μετατιθέμενοι,

167 3817 263 3887 τήν
290 3834 348 3871 τε
372 3818 506 3890 περὶ
532 3817 601 3871 τὰ
640 3817 904 3889 Ἐϐραίων
936 3816 1095 3885 λόγια
1133 3816 1368 3887 σπουδὴν
1398 3815 1742 3886 κεκριμένως

169 3910 294 3979 ἡμῖν
318 3907 408 3961 καὶ
434 3907 676 3977 εὐλόγως
707 3907 1080 3979 γεγενημένην
1103 3909 1568 3979 παραστήσαντες.
1596 3904 1740 3976 Πρὸς

169 4000 224 4053 δὲ
250 4002 345 4072 τὴν
383 4000 648 4072 δευτέραν
676 4001 797 4071 ὥρα
823 4000 915 4055 νῦν
957 4000 1284 4073 φράξασθαι,
1331 4001 1425 4054 καὶ
1462 3999 1523 4053 τὸ
1556 3999 1741 4053 λεῖπον

171 4094 406 4149 ἐπελθεῖν
446 4093 693 4166 σκέμμα·
730 4095 888 4149 τοῦτο
918 4094 960 4147 δ’
991 4090 1059 4166 ἦν
1098 4094 1234 4165 πρὸς
1269 4095 1393 4156 τοὺς
1424 4095 1488 4147 ἐκ
1520 4110 1740 4166 περιτο-

175 4188 292 4258 μῆς,
308 4185 460 4242 οὔπω
489 4188 583 4241 καὶ
603 4187 697 4243 νῦν
720 4186 1107 4259 ὲξητασμένον,
1147 4185 1376 4240 ἐνταῦθα
1398 4185 1455 4238 δέ
1487 4203 1583 4240 που
1601 4186 1742 4240 κατά

1840 3268 2053 3324 ratione
2089 3267 2331 3322 universi
2361 3268 2561 3337 operis,
2596 3268 2774 3338 primo
2807 3269 3025 3339 quidem
3069 3271 3212 3337 loco,
3260 3273 3409 3328 illam

1840 3360 2082 3433 gentium
2116 3360 2318 3415 multos
2361 3360 2652 3416 colentium
2687 3360 2818 3416 deos
2846 3364 3098 3432 exposui,
3127 3366 3221 3434 qui
3252 3368 3412 3423 nobis

1838 3458 2057 3508 vertunt
2092 3451 2247 3517 vitio,
2292 3452 2438 3523 quod
2484 3453 2784 3523 patriorum
2827 3452 3056 3508 deorum
3100 3454 3412 3514 desertores

1839 3543 1972 3598 facti
2020 3560 2249 3609 sumus,
2296 3552 2352 3599 et
2392 3551 2655 3615 tanquam
2700 3559 2958 3616 magnum
3011 3546 3215 3618 aliquid
3262 3550 3414 3621 obje-

1838 3640 2017 3702 ctant,
2045 3634 2193 3704 quod
2218 3634 2453 3689 barbara
2479 3633 2691 3692 Graecis
2710 3637 3051 3707 praetulimus
3072 3646 3128 3694 et
3157 3638 3415 3697 Hebraeo-

1838 3741 1962 3780 rum
2003 3727 2225 3784 oracula
2260 3726 2465 3782 fuimus
2502 3728 2752 3799 amplexi.
2789 3728 3031 3785 Alteram
3064 3746 3193 3788 vero
3232 3735 3416 3789 crimi-

1838 3818 2115 3873 nationem
2142 3818 2349 3873 illatam
2373 3833 2402 3874 a
2426 3817 2655 3885 Iudaeis,
2684 3835 2793 3891 qua
2822 3829 2876 3878 et
2903 3821 3007 3892 ipsi
3035 3822 3293 3880 videntur
3311 3841 3414 3882 nos

1840 3908 1986 3964 haud
2026 3909 2235 3981 injuria
2273 3910 2692 3982 reprehendere,
2734 3914 2881 3983 quod
2929 3916 3290 3986 ipsorummet
3333 3935 3417 3975 sa-

1840 4002 1952 4057 cris
1982 4002 2065 4058 usi
2096 4003 2318 4068 litteris,
2346 4018 2457 4058 non
2496 4011 2678 4060 tamen
2715 4005 2963 4061 eamdem
2987 4007 3112 4064 vitae
3145 4010 3415 4067 rationem

1841 4103 2141 4152 sectamur:
2171 4095 2310 4153 Cum
2345 4096 2459 4153 haec
2489 4095 2651 4168 igitur
2690 4097 2767 4152 ita
2788 4140 2789 4143 η
2814 4098 3072 4158 distincte
3098 4104 3344 4173 exposita
3383 4119 3414 4157 a

1840 4189 2003 4245 nobis
2042 4188 2264 4254 fuerint,
2312 4190 2483 4260 priori
2520 4190 2740 4261 quidem
2790 4192 3183 4261 criminationi,
3219 4202 3279 4250 ut
3323 4210 3412 4251 res

172 4280 349 4349 καιρὸν
363 4280 425 4333 ὲν
442 4282 559 4343 τοῖς
587 4279 1039 4350 σπουδαζομένοις
1053 4278 1151 4349 τῆς
1175 4277 1585 4347 Εὑαγγελικῆς
1597 4278 1732 4332 dno-

1844 4279 1989 4346 tulit,
2024 4279 2080 4334 in
2112 4278 2514 4349 Prwparatione
2552 4280 2865 4353 Evangelica
2886 4286 3249 4350 occurrimus,
3287 4302 3414 4343 con-

171 4369 403 4438 ὃείξεως
433 4369 1055 4443 ἀναπληρωθησόμενον.
1078 4370 1213 4441 Φέρε
1229 4365 1343 4436 οὖν,
1375 4370 1464 4424 τὸν
1487 4370 1736 4426 ἁπάντων

1843 4367 1974 4424 fessi
2017 4369 2266 4426 ethnicos
2312 4370 2470 4426 initio
2513 4385 2616 4428 nos
2651 4371 2824 4429 fuisse
2873 4382 3039 4447 atque
3083 4392 3150 4433 ex
3198 4378 3413 4434 caeteris

187 4465 450 4520 Ἰουδαίων
479 4481 539 4520 τε
572 4464 667 4518 καὶ
716 4464 983 4536 Ἐλλήνων
1015 4464 1148 4518 Θεὸν
1178 4463 1245 4517 δι’
1285 4462 1448 4517 αὐτοῦ
1493 4461 1589 4516 τοῦ
1630 4463 1736 4517 Σω-

1843 4461 2123 4533 gentibus,
2167 4461 2389 4521 Graecos
2424 4478 2728 4537 eorumque
2769 4468 3057 4539 Opiniones
3081 4472 3411 4542 pmtulisse.

176 4555 330 4628 τῆρος
357 4554 518 4627 ἡμῶν
555 4554 1026 4626 ἐπικαλεσάμενοι,
1060 4553 1277 4625 πρῶτον
1312 4556 1490 4608 έκεῖνο
1525 4552 1736 4607 διασκε-

1845 4563 2008 4626 atque
2045 4571 2077 4609 a
2099 4558 2416 4627 parentibus
2444 4562 2620 4617 errori
2664 4563 2866 4619 multos
2897 4563 3109 4618 colenti
3128 4563 3261 4619 deos
3298 4580 3417 4621 scr-

174 4646 418 4719 ψὼμεθα,
445 4649 528 4714 τίς
547 4650 578 4702 ό
592 4646 1076 4720 τρόποςλτυγχάνει
1104 4646 1205 4716 τῆς
1230 4644 1351 4700 καθ’
1376 4646 1523 4717 ἡμᾶς
1542 4646 1736 4710 αὐτοὺς

1843 4649 2030 4705 viisse.
2082 4648 2410 4722 Neutiquam
2467 4664 2649 4711 autem
2701 4657 2898 4713 insano
2948 4659 3150 4728 impetu
3200 4666 3255 4711 et
3297 4657 3417 4715 sine

177 4734 507 4802 θεοσεϐείας·
564 4739 622 4793 ὲν
669 4735 851 4809 ταυτῷ
896 4735 953 4789 δὲ
1000 4737 1096 4791 καὶ
1140 4735 1249 4791 τῶν
1301 4736 1736 4808 ἐπιζητουμένων

1846 4742 2099 4799 examine
2142 4760 2243 4802 nos
2283 4756 2527 4806 mutasse
2575 4752 2921 4817 sententiam,
2970 4751 3065 4807 sed
3089 4750 3298 4821 judicio
3327 4766 3417 4807 so-

180 4833 419 4890 ἁπάντων
450 4833 784 4906 ἐπιθήσομεν
812 4833 912 4897 τὰς
943 4833 1147 4898 λύσεις.

1850 4836 2080 4909 briaque
2117 4841 2355 4909 ratione,
2386 4843 2626 4900 studium
2651 4844 3042 4900 Hebraicorum
3068 4842 3415 4898 oraculorum

179 4933 449 5006 amplexos
482 4933 735 5005 prudenti
784 4929 1094 5002 cognitione
1137 4937 1213 4984 εις.
1237 4944 1373 4987 sano
1403 4930 1637 4987 consilio
1686 4929 1745 4987 id
1760 4948 1874 4991 nos
1924 4933 2123 4993 fecisse
2180 4938 2489 4997 docuimus.
2547 4924 2824 4998 Adversus
2855 4942 3079 4996 alteram
3120 4956 3281 5011 porro
3309 4941 3417 4995 cri-

181 5031 522 5086 mnationem
550 5035 660 5099 jam
716 5046 818 5085 nos
860 5040 1074 5085 armare
1115 5034 1330 5097 tempus
1375 5033 1479 5093 est,
1526 5034 1583 5085 et
1631 5029 1776 5099 quod
1834 5036 2435 5106 superest:certarninis
2480 5038 2671 5094 onire:
2708 5045 2793 5093 est
2840 5044 3020 5092 autem
3051 5036 3155 5092 hoc
3194 5052 3318 5093 cum
3349 5037 3417 5093 iis

181 5128 263 5195 qui
303 5143 371 5182 ex
397 5126 819 5182 circumcisione
849 5136 998 5190 sunt,
1031 5125 1272 5182 nondum
1312 5123 1504 5182 adhuc
1539 5140 1570 5180 a
1612 5126 1772 5183 nobis
1822 5130 2181 5196 exantlatum,
2236 5133 2489 5203 praesenti
2526 5143 2704 5189 autem
2746 5134 3071 5188 tractatione
3109 5140 3415 5203 opportune

184 5219 236 5272 in
285 5219 368 5275 his
420 5222 514 5290 qui
572 5235 683 5289 pra;
740 5220 994 5277 manibus
1046 5231 1196 5290 sunt,
1255 5222 1734 5279 Demonstratianis
1789 5222 2116 5296 Evangelica:
2160 5228 2316 5286 libris
2363 5228 2775 5287 absolvendum.
2848 5229 2961 5301 Age
3006 5229 3201 5301 igitur,
3268 5243 3417 5283 com-

152 5314 324 5368 .muni
376 5314 469 5369 illo
535 5315 777 5369 omnium
825 5314 1135 5372 Judaaorum
1183 5319 1389 5389 pariter
1436 5335 1501 5376 ac
1532 5320 1774 5393 gentium
1824 5320 1955 5387 Deo,
1993 5337 2091 5393 per
2136 5323 2428 5395 ipsummet
2477 5324 2813 5381 Salvatorem
2854 5331 3101 5381 nostrum
3142 5324 3413 5388 invocato,

185 5410 408 5478 primum
451 5410 584 5466 illud
627 5412 997 5482 inquiremus,
1049 5416 1272 5486 quinam
1329 5417 1527 5473 modus
1578 5425 1631 5472 et
1685 5433 1806 5490 qua:
1844 5418 1985 5473 ratio
2035 5420 2215 5475 cultus
2269 5422 2443 5476 nostri
2502 5420 2572 5476 sit
2616 5436 2725 5493 quo
2769 5419 2937 5476 Deum
2992 5418 3412 5491 prosequimur:

185 5520 303 5560 cum
335 5506 438 5561 hoc
470 5505 589 5576 ipso
616 5506 761 5565 enim
805 5518 859 5566 et
886 5510 1225 5584 singulorum
1284 5527 1406 5584 quae
1443 5520 1673 5585 possunt
1709 5512 1766 5569 in
1805 5514 2159 5585 quaestionem
2198 5514 2401 5580 venire,
2442 5514 2770 5571 solutionem
2805 5513 3185 5585 adjungemus.

257 5773 271 5804 '
313 5773 474 5831 Eccli.
538 5792 719 5845 xxx”;
763 5779 833 5834 al;
880 5796 1042 5845 xxxv,
1085 5782 1172 5836 ll.
