3978 6414
484 333 556 388 9⁸5
1139 329 1402 388 EUSEBII
1432 331 1907 390 CESARIENSIS
1944 333 2095 391 OPP.
2136 323 2318 388 PARS
2356 333 2420 388 ll.
2455 366 2521 376 —-
2552 333 3051 391 APOLOGETICA.
3644 338 3713 387 τι

1109 441 1337 498 CAPUT
1379 442 1444 498 ll.

2122 499 2123 503 η
2672 447 3060 501 ΚΕΦΑΛΑῙΟΝ
3108 449 3182 500 B‘.

485 557 717 622 Quinam
761 560 834 609 sit
883 561 1066 610 modus
1125 556 1328 630 colendi
1392 557 1484 612 Dei
1543 573 1608 613 ea:
1655 558 2021 614 Christianism

2296 560 2389 625 Τίς
2417 563 2453 614 ό
2479 577 2626 614 κατα
2651 559 2760 614 τὸν
2785 561 3250 630 Χριστιανισμὸν
3275 561 3585 626 εὐσεϐείας

1104 629 1429 697 praescripto.

2787 634 3022 698 τρόπος.

549 714 669 770 Iam
707 716 861 786 prius
893 717 1111 788 quidem
1161 735 1191 772 a
1233 735 1315 774 me
1352 721 1406 773 in
1445 720 1842 790 Pmparatione
1872 721 2018 778 Euan

2217 722 2445 795 Εἴρηται
2482 721 2580 793 μὲν
2625 722 2726 794 ήδη
2771 724 2864 776 καὶ
2899 723 3162 796 πρότερον
3203 724 3260 777 ἐν
3297 725 3362 793 τῇ
3403 725 3724 792 "pexam-

479 809 652 880 gelica
679 811 882 866 dictum
925 819 1029 878 cst,
1073 812 1218 882 quod
1243 813 1696 870 Christianismus
1738 831 1837 871 nec
1865 817 2021 871 ethni

2143 811 2358 880 σκευῇ,
2404 812 2478 876 ὡς
2520 813 2548 865 ό
2594 813 3021 883 Χριστιανισμὸς
3071 811 3192 866 οὔτε
3238 810 3586 882 Ἑλληνισμός
3641 811 3725 872 τίς

484 905 692 960 cismus
723 905 795 960 sit
824 920 924 960 nec
951 904 1288 970 Judaismus,
1320 907 1414 961 sed
1456 907 1727 977 pr0priam
1753 909 2021 978 quamdan

2143 905 2289 956 ἐστιν
2329 902 2453 956 οὔτε
2511 903 2870 974 Ἰουδαῖσμὸς,
2917 905 3115 956 οἰκεῖον
3157 902 3211 956 δέ
3243 920 3363 956 τινα
3400 904 3580 972 φέρων
3624 919 3725 972 χα-

477 1004 629 1065 gerat
657 997 714 1050 in
745 1013 803 1052 se
839 1006 1022 1052 notam
1064 999 1447 1068 propriumque
1473 998 1838 1054 characterem
1869 999 2042 1069 pieta-

479 1086 587 1154 tis;
628 1102 806 1157 neque
834 1105 1032 1143 novum
1074 1090 1224 1144 illum
1261 1098 1355 1144 aut
1395 1089 1715 1154 absurdum,
1765 1091 1859 1147 sed
1887 1093 2042 1164 longe

479 1176 942 1246 antiquissimum,
983 1179 1201 1248 Deoque
1239 1178 1418 1234 charis
1445 1189 1499 1233 et
1528 1181 1745 1248 pietatis
1782 1195 1847 1236 ac
1877 1180 2040 1250 justi-

479 1268 568 1323 tiae
604 1269 760 1324 laude
790 1269 1093 1326 illustribus
1122 1271 1276 1335 viris,
1303 1278 1428 1328 ante
1459 1271 1626 1328 Mosis
1663 1283 1902 1344 tempora
1926 1274 2040 1329 usi-

476 1365 650 1412 talum
670 1367 1146 1431 perspectumque.
1173 1358 1372 1416 Verum
1395 1360 1550 1430 juvat
1569 1361 1727 1416 etiam
1745 1376 1890 1416 nunc
1912 1361 2039 1417 bre-

475 1449 615 1504 viter
645 1449 830 1505 videre
873 1465 936 1505 ac
980 1450 1330 1506 considerare
1375 1452 1505 1522 quid
1555 1453 1626 1507 sit
1654 1451 2034 1517 ethnicismus,

2146 995 2390 1067 ρακτῆρα
2417 992 2724 1058 θεοσεϐείας
2744 1009 2758 1022 ·
2805 994 2900 1047 καὶ
2934 993 3120 1047 τοῦτον
3155 994 3215 1046 οὐ
3243 993 3380 1058 νέον,
3411 991 3529 1046 οὐδὲ
3567 992 3729 1043 ἐκτε-

2140 1086 2486 1158 τοπισμένον,
2517 1087 2630 1141 ἀλλ’
2657 1081 2716 1139 εὖ
2750 1087 2892 1157 μάλα
2920 1086 3298 1150 παλαιότατον,
3331 1085 3424 1138 καὶ
3455 1087 3567 1148 τοῖς
3611 1082 3724 1152 πρὸ

2138 1177 2246 1230 τῶν
2290 1177 2567 1240 Μωῦσέως
2612 1175 2816 1248 χρόνων
2864 1174 3163 1243 θεοφιλέσιν
3217 1174 3303 1227 ἐπ’
3347 1171 3599 1243 εὐσεϐείᾳ
3654 1183 3723 1221 τι

2139 1268 2233 1320 καλ⁸
2277 1266 2589 1337 δικαιοσύνῃ
2637 1265 3148 1336 μεμαρτυρημένοις
3190 1262 3394 1335 συνήθη
3433 1261 3528 1316 καὶ
3568 1257 3718 1330 γνώ-

2140 1375 2317 1430 ριμον.
2363 1358 2510 1430 Πλὴν
2547 1357 2683 1411 ἀλλὰ
2722 1359 2816 1411 καὶ
2864 1356 2957 1410 νῦν
3001 1357 3469 1427 ἐπιθεωρήσαντες
3501 1353 3553 1407 τί
3587 1355 3715 1406 ποτ’

2137 1451 2283 1502 ἐστὶν
2329 1450 2356 1502 ὃ
2400 1465 2458 1502 τε
2511 1448 2859 1519 Ἑλληνισμὸς
2916 1448 3010 1502 καί⁵
3087 1447 3439 1517 Ἰουδαῖσμὸς,
3493 1443 3714 1516 σκεψώο

476 1537 606 1607 quid
623 1537 970 1607 Judaismus;
1001 1551 1164 1610 atque
1189 1549 1370 1595 utrum
1405 1543 1650 1596 alterutri
1678 1543 1870 1596 borum
1891 1541 2021 1624 addi-

2141 1539 2298 1611 μεθα,
2344 1540 2554 1613 ποτέρῳ
2586 1540 2788 1594 τούτων
2820 1539 3164 1610 ὑπηγμένους
3210 1540 3336 1601 τοὺς
3384 1537 3488 1609 πρὸ
3540 1537 3715 1591 Mutil-

475 1639 595 1686 ctos
641 1632 887 1688 invenire
934 1633 1094 1687 liceat
1118 1634 1315 1688 charos
1362 1632 1468 1688 Deo
1501 1633 1669 1696 viros,
1697 1634 1893 1704 quibus
1924 1634 2021 1687 Μοι

2137 1633 2270 1698 σέως
2313 1631 2573 1702 θεοφιλεῖς
2614 1633 2831 1704 ἄνδρας,
2884 1631 3018 1703 πρὸς
3063 1629 3230 1684 αὑτοῦ
3279 1629 3557 1691 Μωῦσέως
3588 1627 3713 1681 θεο-

475 1739 565 1780 ses
604 1723 720 1793 ipse
745 1723 916 1778 divini
947 1725 1150 1779 amoris
1184 1733 1346 1795 atque
1378 1725 1594 1797 pietatis
1618 1726 1856 1797 perhibet
1879 1726 2021 1782 testi-

2135 1728 2326 1797 φιλεῖς,
2371 1729 2464 1780 καὶ
2500 1728 2586 1781 ἐπ’
2615 1726 2862 1798 εὐσεϐείᾳ
2895 1723 3413 1796 μεμαρτυρημένους
3449 1720 3709 1793 εὕροιμεν

473 1816 738 1871 monium.
769 1815 1111 1871 Judaismum
1151 1833 1260 1871 non
1292 1818 1410 1873 sine
1449 1820 1659 1873 ratione
1693 1818 1889 1874 dixerit
1929 1819 2021 1873 ali-

2126 1817 2210 1873 ἄν.
2254 1817 2355 1871 Τὸν
2391 1818 2487 1888 μέν
2540 1816 2870 1887 Ἰουδαῖσμὸν
2920 1815 3157 1884 εὐλόγως
3189 1814 3254 1868 ἄν
3292 1815 3378 1876 τις
3415 1813 3710 1882 ὀνομάσειε

473 1906 598 1976 quis
633 1907 1020 1977 rempublicam
1073 1908 1371 1963 secundum
1406 1909 1576 1980 legem
1619 1909 1783 1966 Mosis
1825 1911 2031 1966 consti-

471 2007 664 2061 tutam,
698 1998 768 2051 ah
795 2014 906 2055 uno
937 2013 1151 2053 summo
1173 1999 1563 2070 dependentem
1617 2000 1765 2055 Deo:
1797 2003 2027 2058 ethnici-

471 2103 646 2142 smum
677 2088 768 2156 ι’·
791 2104 918 2142 vero
950 2088 1261 2142 summatim
1308 2089 1511 2145 dixeris
1539 2105 1660 2145 esse
1693 2094 2030 2161 superstitio-

469 2196 590 2236 nem
625 2196 690 2234 ex
726 2179 917 2250 patriis
947 2181 1186 2250 gentium
1223 2183 1587 2251 quarumlibet
1631 2184 1826 2238 ritibus
1848 2185 2029 2254 plures

467 2273 732 2327 colentem
754 2271 910 2326 deos.
941 2269 1145 2342 Ecquid
1175 2272 1338 2341 igitur
1363 2272 1559 2327 dicturi
1587 2290 1775 2330 sumus
1805 2275 1871 2330 de
1896 2275 2027 2331 viris

467 2363 575 2417 illis
604 2361 712 2416 Deo
745 2361 1106 2423 charissimis,
1125 2366 1216 2432 qui
1238 2369 1363 2416 ante
1387 2362 1725 2418 Judaismum
1745 2366 2025 2434 exstitere,

462 2468 694 2523 quorum
738 2452 915 2508 Moses
965 2452 1292 2507 mentionem
1343 2451 1492 2517 facit,
1545 2462 1602 2508 ut
1656 2455 1724 2511 de
1780 2454 2022 2520 Enocho,

461 2544 552 2600 cui
585 2543 670 2598 his
699 2544 881 2599 verbis
906 2542 1109 2613 praebet
1145 2543 1515 2599 testimonium
1545 2547 1564 2576 ²
1599 2565 1611 2601 :
1649 2565 1668 2598 ι
1703 2545 1885 2601 Enoch
1913 2549 2026 2616 pla-

461 2635 576 2689 cuit
604 2633 732 2690 Deo.
766 2653 785 2687 ι
821 2634 996 2705 Atque
1013 2631 1079 2690 de
1098 2631 1231 2697 Noe,
1253 2633 1320 2689 de
1350 2651 1458 2704 quo
1501 2651 1690 2692 rursus
1711 2636 1786 2690 ait
1817 2652 1830 2687 :
1866 2655 1886 2688 ι
1914 2636 2026 2692 Noe

461 2726 628 2780 homo
670 2719 855 2796 justus
887 2726 942 2780 in
975 2725 1324 2797 generatione
1374 2742 1470 2783 sua
1496 2728 1536 2783 ³.
1577 2748 1597 2781 ι
1630 2727 1704 2782 De
1731 2727 1895 2784 Setho
1935 2729 2024 2783 iti-

459 2817 582 2872 dem
609 2832 671 2872 ac
691 2816 941 2888 Japheto,
971 2819 1036 2874 de
1066 2820 1264 2890 quibus
1288 2819 1360 2872 ita
1395 2820 1620 2874 scribit:
1659 2838 1677 2869 ι
1704 2818 2023 2877 Benedictus

459 2905 724 2962 Dominus
780 2906 926 2961 Deus
961 2906 1113 2972 Seth,
1163 2917 1217 2962 et
1260 2907 1448 2964 dilatet
1487 2906 1629 2963 Deus
1671 2907 1901 2980 Japbeth
1927 2911 1968 2964 δ.
1996 2929 2016 2964 t

458 2996 537 3049 Ac
560 3003 820 3066 przeterea
843 2995 911 3051 de
938 2997 1270 3061 Abrahamo,
1329 2998 1516 3054 lsaaco
1541 3006 1594 3053 et
1624 2996 1860 3064 Iacobo,
1899 3000 2022 3070 qui-

457 3087 562 3142 bus
605 3088 768 3143 etiam
797 3085 990 3144 lobum
1045 3099 1408 3146 a‘nnumerare
1455 3101 1880 3148 consentaneum
1911 3101 2014 3158 est,

457 3187 512 3234 et
561 3180 607 3235 si
661 3181 752 3252 qui
776 3181 866 3236 alii
915 3182 1144 3238 similem
1207 3182 1360 3239 hisce
1381 3183 1548 3240 vitam
1606 3184 1756 3241 fuere
1805 3187 2016 3242 sectati.

457 3269 684 3340 Oportet
704 3271 849 3327 enim
884 3273 1056 3328 hosce
1084 3274 1167 3328 vel
1189 3272 1405 3330 Judaeos
1421 3275 1696 3331 exstitisse
1715 3277 1798 3332 vel
1825 3277 2016 3332 Ethni-

457 3375 574 3417 cos.
609 3361 831 3418 Atenim
855 3361 1024 3418 Judaei
1065 3365 1284 3434 quidem
1335 3365 1444 3420 dici
1483 3367 1610 3436 jure
1636 3383 1743 3422 non
1771 3381 2015 3440 possunt,

456 3467 580 3507 cum
603 3467 788 3509 eorum
819 3455 1155 3526 temporibus
1183 3456 1266 3511 lex
1293 3455 1454 3513 Mosis
1482 3458 1720 3513 nondum
1759 3460 1815 3514 in
1846 3460 2020 3517 homi-

457 3565 587 3605 num
614 3551 777 3604 vitam
824 3550 986 3605 fuerit
1036 3551 1367 3607 introducta.
1419 3551 1476 3608 Si
1505 3554 1650 3608 enim
1705 3553 2019 3615 Judaismus

455 3639 591 3695 nihil
621 3641 829 3696 exstitit
861 3640 1007 3696 aliud
1033 3657 1196 3713 quam
1251 3641 1416 3699 Mosis
1470 3645 1649 3716 legum
1672 3647 2014 3713 observatio;

457 3732 632 3790 Moses
663 3740 842 3787 autem
876 3732 1038 3803 longo
1082 3741 1204 3803 post
1231 3732 1354 3790 illos
1397 3734 1464 3791 de
1496 3738 1696 3804 quibus
1727 3740 1856 3804 dixi,
1880 3746 2013 3794 tem-

457 3837 590 3894 pore
614 3823 810 3878 claruit
833 3842 855 3891 ε,
883 3823 1106 3879 evidens
1125 3833 1231 3892 est,
1264 3826 1408 3896 quod
1434 3825 1604 3883 JUdtBi
1638 3828 1781 3882 haud
1818 3829 2018 3884 fuerint

456 3914 550 3984 qui
578 3921 702 3970 ante
739 3915 906 3970 Mosis
935 3921 1180 3986 tempora
1230 3919 1603 3974 testimonium
1633 3919 1851 3991 pietatis
1881 3923 2018 3979 tule-

455 4011 603 4060 runt.
634 4001 740 4058 Sed
767 4019 943 4074 neque
982 4005 1232 4061 ethnicos
1287 4008 1509 4064 eosdem
1536 4011 1853 4067 existimare
1884 4027 2017 4066 con-

456 4101 622 4150 vcmt.
654 4095 902 4158 Namque
942 4095 1010 4151 de
1057 4095 1365 4153 Abrabatno
1417 4099 1618 4154 dicitur
1647 4082 1690 4165 ',
1743 4103 1886 4172 quod
1919 4103 2016 4157 do-

455 4199 602 4239 mum
624 4185 853 4256 patriam
881 4194 938 4246 et
957 4189 1330 4258 cognationem
1353 4191 1650 4262 reliquerit,
1683 4192 1886 4264 unique
1913 4195 2014 4254 soli

456 4273 573 4331 Deo
620 4274 907 4336 adbmserit
928 4316 944 4341 ,
971 4292 1130 4347 quem
1159 4278 1323 4335 etiam
1369 4281 1674 4352 profitetur,
1701 4299 1824 4340 cum
1858 4285 1934 4339 ait
1952 4287 1973 4318 ⁸
1997 4300 2010 4338 :

460 4387 480 4422 ι
509 4365 808 4426 Extendam
841 4369 1081 4441 (manum
1115 4374 1312 4445 meam)
1343 4373 1409 4430 ad
1452 4375 1620 4432 Deum
1662 4378 2010 4446 altissimum,

453 4460 549 4532 qui
581 4462 786 4516 ereavit
821 4465 1017 4519 cmlum
1059 4473 1116 4522 et
1163 4475 1384 4522 terram.
1418 4487 1436 4521 ι
1473 4468 1548 4525 De
1597 4468 1801 4530 Iacobo
1830 4481 2010 4530 autem
2043 4495 2090 4549 ι)

453 4551 599 4622 apud
617 4550 801 4609 Mosen
853 4555 1114 4627 scriptum
1167 4565 1251 4612 est
1284 4558 1327 4623 ⁷,
1379 4560 1522 4629 quod
1564 4559 1748 4616 domui
1807 4578 1915 4618 sua:
1959 4573 2015 4620 et

453 4646 710 4703 omnibus
763 4647 880 4704 suis
936 4649 1228 4721 praecepit:
1259 4671 1278 4704 ι
1310 4649 1504 4710 Tollite
1533 4653 1665 4711 deos
1701 4655 1906 4711 alienos
1945 4657 2012 4714 de

451 4736 634 4793 medio
649 4739 848 4805 vestri;
873 4749 927 4796 et
949 4749 1230 4810 surgentes
1271 4743 1628 4801 ascendamus
1651 4745 1705 4800 in
1728 4745 1934 4814 Bethel,
1958 4755 2015 4807 et

452 4825 719 4884 faciamus
741 4828 810 4885 ibi
843 4845 992 4885 aram
1024 4828 1288 4897 Domino,
1347 4834 1440 4905 qui
1479 4835 1756 4892 exaudivit
1809 4853 1895 4896 me
1957 4841 2009 4895 in

450 4914 540 4970 die
569 4916 957 4985 tribulationis,
996 4920 1089 4992 qui
1117 4919 1218 4976 fuit
1249 4938 1458 4980 mecum
1503 4932 1556 4981 et
1585 4926 1814 4982 salvavit
1840 4945 1926 4985 me
1953 4931 2007 4985 in
2041 4945 2051 4955 ·

448 5009 536 5066 via
565 5025 673 5082 qua
703 5010 795 5066 ivi.
828 5010 896 5067 Et
915 5014 1185 5072 dederunt
1224 5014 1428 5072 Iacobo
1450 5017 1582 5074 deos
1623 5020 1852 5088 alienos,
1914 5024 2007 5095 qui

451 5105 605 5154 erant
639 5098 692 5152 in
716 5101 967 5157 manibus
993 5119 1205 5169 eorum,
1249 5113 1304 5160 et
1343 5105 1563 5163 inaures
1612 5125 1732 5179 quae
1752 5119 1906 5166 erant
1950 5114 2005 5169 in

451 5190 676 5251 auribus
709 5205 916 5247 eorum.
955 5197 1017 5249 Et
1048 5196 1331 5253 abscondit
1381 5213 1445 5254 ea
1468 5197 1703 5258 Jacobus
1733 5203 1836 5258 sub
1867 5198 2008 5262 tere-

449 5279 637 5336 bintho
662 5295 782 5358 quae
801 5289 917 5336 erat
940 5283 992 5337 in
1017 5284 1293 5351 Sichimis,
1324 5294 1378 5342 et
1398 5289 1634 5359 perdidit
1663 5306 1728 5346 ea
1752 5308 1924 5363 usque
1951 5297 2003 5349 in

449 5369 772 5426 hodiernum
805 5371 970 5427 diem.
1010 5392 1028 5423 ι
1067 5372 1124 5428 Si
1158 5365 1322 5446 igitur
1377 5386 1432 5434 et
1483 5377 1552 5439 ab
1599 5378 2003 5435 idololatrarum

447 5476 635 5517 errore
665 5463 825 5518 alieni
858 5462 1097 5530 fuerunt,
1131 5476 1186 5520 et
1235 5469 1380 5524 sicut
1421 5469 1851 5535 demonstratum
1898 5479 2004 5537 est,

445 5562 598 5606 extra
621 5553 963 5614 Judaismum
977 5558 1298 5613 constituti:
1330 5568 1512 5618 tamen
1557 5579 1867 5636 quanquam
1905 5581 2006 5622 nec

437 5671 711 5800 1dicen.
749 5692 802 5742 v,
843 5677 934 5741 29..
972 5677 1062 5740 ει.

1141 5678 1160 5711 ³
1199 5678 1334 5735 Gen.
1391 5697 1467 5748 vt,
1507 5685 1560 5742 9.
1638 5687 1656 5721 ⁸
1695 5686 1830 5744 Gen.
1874 5703 1950 5755 tx,
2008 5688 2098 5756 26,
2135 5687 2225 5756 27.
2301 5690 2323 5723 '
2361 5685 2498 5756 Gen.
2535 5706 2632 5759 xu,
2691 5692 2710 5723 ⁶
2748 5688 2880 5750 Gen.
2923 5705 3034 5756 xlv,
3074 5689 3165 5746 29..

2129 1909 2226 1981 τὴν
2264 1910 2403 1964 κατὰ
2435 1909 2524 1963 τὸν
2567 1909 2840 1972 Μωῦσέως
2882 1908 3044 1978 νόμον
3081 1905 3506 1976 διατεταγμένην
3543 1902 3701 1956 πολι-

2129 2001 2297 2066 τείαν,
2334 2003 2452 2066 ἐνὸς
2489 2000 2799 2072 ἐξημμένην
2837 1999 2932 2053 τοῦ
2963 1999 3055 2053 ἐπὶ
3085 2001 3299 2053 πάντων
3328 1996 3484 2051 Θεοῦο
3519 1996 3609 2049 τὸν
3638 1993 3701 2048 δὲ

2138 2092 2507 2164 Ἑλληνισμὸν,
2547 2092 2621 2155 ῶς
2658 2095 2715 2145 ἐν
2758 2091 3037 2162 κεφαλαίῳ
3080 2092 3278 2160 φάναι,
3318 2089 3414 2160 τὴν
3449 2088 3591 2142 κατὰ
3625 2087 3700 2142 τὰ

2129 2183 2331 2257 πάτρια
2359 2185 2468 2237 τῶν
2501 2183 2666 2237 ἐθνῶν
2693 2183 2944 2236 ἁπάντων
2969 2185 3048 2248 είς
3077 2183 3324 2246 πλείονας
3352 2181 3506 2245 θεοὺς
3531 2182 3700 2236 δεισι-

2125 2275 2425 2346 δαιμονίαν.
2453 2275 2518 2327 Τί
2555 2271 2646 2328 οὖν
2674 2276 2946 2346 φήσαιμεν
2983 2274 3110 2345 περὶ
3141 2273 3247 2327 τῶν
3284 2273 3386 2344 πρὸ
3419 2274 3698 2337 Μωῦοεως

2127 2367 2221 2420 καὶ
2263 2367 2368 2437 πρὸ
2406 2365 2500 2420 τοῦ
2556 2364 2889 2436 Ἰουδαϊσμοῦ
2943 2363 3204 2435 θεοφιλῶν
3258 2363 3496 2435 ἀνδρῶν,
3535 2357 3610 2416 ὧν
3662 2363 3696 2417 6

2125 2457 2366 2526 Μωῦσῆς
2399 2455 2835 2528 ἐμνημόνευσεν,
2883 2450 3025 2517 οἷον,
3066 2455 3192 2527 περὶ
3243 2453 3442 2525 Ἑνὼχ,
3556 2471 3695 2526 μαρ-

2124 2550 2278 2618 τυρεῖ
2304 2546 2477 2615 λέγων
2496 2563 2509 2576 ο
2547 2565 2566 2596 ι
2590 2544 2934 2614 Εὐηρέστησε
2962 2543 3020 2596 δέ
3057 2541 3224 2612 Ἑνὼχ
3250 2541 3328 2612 τῷ
3358 2541 3476 2611 Θεῷ
3493 2558 3507 2572 ι
3539 2559 3558 2592 ι
3597 2539 3694 2594 καὶ

2126 2638 2252 2708 περὶ
2297 2637 2390 2690 τοῦ
2438 2637 2596 2702 Νῶε,
2633 2637 2759 2708 περὶ
2800 2631 2861 2689 οὗ
2913 2635 3071 2689 πάλιν
3120 2633 3290 2704 φησί·
3326 2651 3344 2685 ι
3373 2632 3494 2685 Νῶε
3540 2631 3596 2684 δέ
3623 2627 3691 2703 ἦν

2123 2727 2407 2796 ἄνθρωπος
2432 2728 2655 2791 δίκαιος,
2686 2727 2744 2781 ἐν
2777 2730 2842 2798 τῇ
2872 2728 3034 2798 γενεᾷ
3064 2725 3228 2780 αὑτοῦ
3247 2743 3260 2757 ·
3292 2745 3310 2779 ι
3343 2725 3471 2798 περί
3506 2742 3564 2778 τε
3596 2725 3690 2779 τοῦ

2123 2819 2228 2890 Σήθ
2271 2819 2364 2873 καὶ
2416 2819 2510 2872 τοῦ
2571 2818 2747 2888 Ἰάφεθ
2772 2857 2787 2880 ,
2845 2817 2972 2887 περὶ
3010 2810 3084 2871 ὧν
3129 2817 3301 2872 ταῦτα
3352 2817 3686 2885 ἀναγράφειο

2127 2929 2146 2963 ι
2173 2909 2472 2980 Εὐλογητὸς
2486 2909 2690 2981 Κύριος
2713 2911 2741 2963 ό
2758 2909 2889 2972 Θεὸς
2907 2907 3002 2962 τοῦ
3031 2903 3138 2974 Σήθ
3158 2925 3172 2940 ’
3199 2928 3216 2961 ι
3244 2909 3356 2973 καὶ,
3379 2926 3397 2958 ι
3419 2907 3691 2962 Πλατῦναι

2119 3003 2148 3056 ό
2171 3001 2302 3065 Θεὸς
2337 3000 2413 3072 τῷ
2451 2999 2659 3070 Ἰάφεθ·
2688 3021 2706 3052 ι
2743 2999 2838 3054 καὶ
2883 2999 2963 3054 ἔτι
3010 2998 3147 3072 πρὸς
3184 2999 3392 3062 τούτοις
3434 3000 3562 3070 περὶ
3590 2997 3687 3051 τοῦ

2132 3092 2399 3165 Ἀϐραάμ,
2429 3093 2523 3147 καὶ
2561 3091 2658 3146 τοῦ
2693 3091 2912 3156 Ἰσαὰκ,
2954 3091 3048 3146 καὶ
3089 3091 3182 3146 τοῦ
3221 3091 3432 3156 Ἰακὼϐ,
3467 3086 3550 3156 οἷς
3593 3090 3687 3146 καὶ

2117 3183 2208 3236 τὸν
2250 3181 2369 3236 Ἰὼϐ
2405 3183 2758 3255 συναριθμεῖν
2782 3181 3018 3249 εὔλογον,
3045 3181 3139 3234 καὶ
3171 3181 3224 3234 εἴ
3251 3197 3394 3242 τινες
3425 3180 3571 3235 ἄλλοι
3596 3181 3688 3233 τὸν

2118 3274 2326 3346 ἐμφερῆ
2362 3273 2570 3337 τούτοις
2600 3274 2877 3345 ἐζήλωσαν
2909 3272 3056 3343 βίον;
3085 3273 3226 3343 Ἀρα
3263 3271 3371 3343 γὰρ
3401 3270 3687 3334 Ἰουδαίους

2117 3369 2312 3430 αὐτοὺς
2367 3367 2563 3438 χρῆναι
2606 3367 2920 3436 γεγονέναι,
2957 3365 2989 3437 ἢ
3031 3365 3318 3434 Ἕλληνας.
3379 3363 3538 3416 Ἀλλὰ
3577 3363 3686 3434 γὰρ

2130 3458 2368 3512 Ἰουδαῖοι
2411 3459 2507 3530 μὲν
2540 3458 2638 3511 οὐκ
2671 3458 2738 3512 ἂν
2771 3457 3007 3526 εὐλόγως
3055 3455 3292 3526 λεχθεῖεν
3315 3499 3329 3518 ,
3379 3458 3542 3526 μήπω
3585 3455 3685 3524 τῆς

2116 3550 2396 3612 Μωῦσέως
2427 3549 2883 3622 παρεισαχθείσης
2905 3548 2981 3618 τῷ
3010 3547 3109 3618 βίῳ
3133 3546 3460 3618 νομοθεσίας.
3491 3547 3553 3598 Εἰ
3576 3546 3684 3616 γάρ

2129 3641 2457 3711 Ἰουδαῖσμὸς
2515 3641 2663 3694 οὐδὲν
2714 3636 2781 3709 ἦν
2836 3640 3022 3710 ἕτερον
3079 3638 3110 3710 ἢ
3166 3640 3199 3709 ή
3253 3637 3391 3691 κατὰ
3447 3637 3684 3690 Μωῦσέα

2117 3731 2379 3802 πομπεία,
2422 3731 2660 3801 Μωῦσῆς
2689 3731 2747 3784 δὲ
2790 3733 3018 3801 μακροῖς
3061 3729 3284 3800 ὕστερον
3323 3728 3529 3800 χρόνοις
3576 3726 3683 3780 τῶν

2117 3823 2417 3895 εἰρημένων
2462 3823 2666 3893 πέφηνε
2688 3840 2701 3854 ο
2736 3822 2914 3891 δῆλον,
2952 3821 3027 3885 ὡς
3059 3823 3159 3876 οὐκ
3195 3820 3260 3875 ἂν
3292 3817 3400 3874 εἶεν
3443 3820 3684 3873 Ἰουδαῖοι

2117 3915 2165 3966 οἱ
2201 3913 2303 3984 πρὸ
2334 3913 2439 3966 τῶν
2477 3912 2642 3966 αὐτοῦ
2685 3914 2892 3984 χρόνων
2925 3913 3010 3965 ἐπ’
3038 3911 3286 3982 εὐσεϐείᾳ
3329 3925 3682 3982 μεμαρτυρη-

2120 4006 2287 4080 μένοι.
2320 4007 2456 4060 Ἀλλ’
2483 4008 2601 4061 οὐδέ
2627 4008 2889 4080 ’Έλληνας
2910 4009 3176 4079 προσήκει
3206 4007 3440 4078 νομίζειν
3461 4007 3680 4072 αὐτοὺς,

2119 4099 2194 4170 μὴ
2225 4101 2290 4170 τῇ
2315 4098 2556 4170 πολυθέῳ
2592 4099 2983 4171 δεισιδαιμονίᾳ
3024 4099 3480 4170 κεκρατημένους.
3517 4100 3584 4152 ’0
3619 4112 3680 4151 τε

2115 4191 2222 4262 γὰρ
2263 4189 2517 4262 Ἀϐραὰμ
2548 4191 2866 4259 καταλείψαι
2905 4189 3102 4253 τελέως
3137 4189 3350 4258 λέγεται
3384 4184 3531 4243 οἶκον
3573 4207 3680 4243 πα-

2115 4282 2286 4355 τρῷον
2316 4282 2410 4337 καὶ
2449 4282 2782 4351 συγγένειαν,
2809 4281 2904 4334 καὶ
2943 4281 3024 4336 ἐνὶ
3064 4281 3211 4352 μόνῳ
3251 4281 3680 4353 προσεσχηκέναι

2113 4374 2232 4446 Θεῷ
2251 4417 2266 4440 ,
2297 4375 2356 4428 ὃν
2389 4374 2482 4428 καὶ
2521 4373 2773 4445 ὁμολογεῖ
2804 4373 3058 4442 φάσκων*
3097 4392 3114 4424 ι
3151 4372 3381 4426 Ἐκπενῶ
3413 4373 3550 4444 πρὸς
3589 4371 3681 4426 τὸν

2113 4465 2245 4519 Θεὸν
2276 4465 2366 4518 τὸν
2391 4463 2612 4534 ὕψιστον
2633 4463 2693 4528 ὃς
2715 4462 2895 4516 ἔκτισε
2921 4463 3012 4516 τὸν
3030 4463 3254 4535 οὐρανὸν
3274 4464 3366 4517 καὶ
3387 4463 3484 4537 τὴν
3503 4463 3607 4535 γῆν
3624 4479 3675 4514 ου

2116 4559 2144 4612 ὃ
2176 4575 2234 4612 τε
2267 4555 2461 4611 Ἰακὼϐ
2506 4556 2912 4628 ἀναγέγραπται
2946 4555 3096 4628 παρά
3142 4555 3220 4627 τῷ
3245 4557 3466 4610 Μωῦσεῖ
3501 4557 3680 4625 φήσας

2113 4649 2192 4720 τῷ
2221 4647 2355 4719 οίκῳ
2379 4648 2475 4704 καὶ
2509 4649 2642 4700 πᾶσι
2673 4649 2785 4711 τοῖς
2829 4645 2991 4700 αὑτοῦ
3012 4663 3025 4677 ·
3069 4665 3090 4698 ι
3126 4648 3325 4719 ’Ἄρατε
3368 4648 3493 4712 τοὺς
3525 4645 3681 4711 θεοὺς

2114 4741 2239 4804 τοὺς
2277 4738 2588 4811 ἀλλοτρίους
2625 4741 2688 4792 ἐκ
2722 4738 2886 4810 μέσου
2929 4736 3211 4809 ὑμῶν’καὶ
3254 4737 3540 4810 ἀναδῶμεν
3597 4738 3680 4802 είς

2115 4829 2308 4904 Βεθὴλ,
2338 4832 2433 4886 καὶ
2461 4833 2769 4902 ποιήσωμεν
2796 4833 2913 4884 ἐκεῖ
2942 4831 3320 4902 θυσιαστήριον
3358 4829 3434 4902 τῷ
3466 4829 3676 4903 Κυρίῳ,

2114 4926 2192 4998 τῷ
2217 4923 2581 4980 ἐπακούσαντί
2622 4941 2720 4994 μου
2751 4924 2809 4978 ἐν
2847 4922 3029 4995 ἡμέρᾳ.
3069 4921 3317 4992 θλίψεως,
3359 4921 3417 4986 ὃς
3452 4917 3520 4993 ἦν
3561 4922 3678 4993 μετ’

2114 5018 2247 5090 ἐμοῦ
2294 5016 2390 5080 καὶ
2433 5015 2602 5069 ἔσωσέ
2651 5032 2718 5086 με
2771 5015 2830 5068 ἐν
2865 5017 2933 5087 τῇ
2974 5013 3078 5087 ὁδῷ
3205 5013 3526 5087 ἐπορεύθην.
3567 5013 3678 5069 Καὶ
3791 5055 3797 5059 .

2114 5108 2317 5162 ἔδωκαν
2348 5105 2426 5177 τῷ
2463 5104 2656 5160 Ἰακὼϐ
2705 5105 2831 5168 τοὺς
2879 5104 3033 5168 θεοὺς
3070 5105 3196 5168 τοὺς
3241 5104 3586 5176 ἀλλοτρίους,
3625 5103 3677 5158 οῖ

2110 5193 2250 5269 ἦσαν
2270 5198 2327 5250 ἐν
2349 5199 2468 5262 ταῖς
2498 5197 2686 5268 χερσὶν
2713 5194 2911 5261 αὐτῶν,
2941 5195 3032 5250 καὶ⁸
3056 5192 3125 5247 τὰ
3152 5192 3347 5248 ἐνώτια
3376 5193 3446 5248 τὰ
3476 5196 3534 5248 ἐν
3564 5195 3678 5258 τοῖς

2111 5291 2243 5344 ὠσὶν
2274 5289 2470 5355 αὐτῶν,
2493 5289 2586 5344 καὶ
2614 5287 2848 5362 ἔκρυψεν
2872 5285 3012 5341 αὐτὰ
3055 5285 3246 5340 Ἰακὼϐ
3271 5286 3376 5340 ὑπὸ
3405 5285 3504 5357 τὴν
3525 5302 3582 5338 τε
3593 5285 3684 5357 ρέ-

2113 5381 2292 5437 ϐινθον
2317 5381 2419 5453 τὴν
2451 5383 2508 5434 ἐν
2536 5380 2802 5453 Σικίμοις,
2836 5379 2931 5433 atat
2965 5378 3242 5432 ἀπώλεσεν
3269 5378 3409 5432 αὐτὰ
3433 5377 3537 5440 ἓως
3580 5376 3681 5446 τῆς

2113 5474 2351 5546 σήμερον
2398 5473 2630 5545 ἡμέρας.
2661 5491 2680 5525 ι
2717 5473 2778 5526 El
2809 5471 2872 5544 δὴ
2899 5467 2992 5525 οὖν
3033 5471 3126 5524 καὶ
3165 5471 3262 5542 τῆς
3294 5467 3680 5540 είδωλολάτρου

2111 5565 2318 5638 πλάνης
2355 5565 2620 5640 ἀλλότριοι
2651 5566 3074 5638 καθεστήκεσαν,
3121 5568 3216 5622 καὶ
3251 5561 3580 5632 Ἰουδαῖσμοῦ
3621 5562 3679 5618 δδ

3267 5688 3287 5721 τ
3325 5685 3461 5744 Gen.
3508 5701 3671 5750 xxxv,
