4056 6418
258 353 321 410 25
1142 343 1794 409 DEMONSTRATIONIS
1825 343 2284 404 EVANGELICJE
2323 347 2450 402 LIB.
2486 344 2527 402 1.

3382 347 3456 402 2‘5

257 469 393 533 ἑκτδς
425 468 698 540 γεγονότες
750 471 1139 546 ἀπεδείχθησαν
1157 513 1172 539 ,
1204 473 1352 544 ὅμως
1394 487 1457 540 γε
1507 469 1611 541 μὴν
1659 466 1774 522 οὐτε

1880 466 2081 522 ethnici
2108 473 2292 523 essent
2320 483 2421 524 nec
2461 467 2654 529 Judaei.
2704 467 2814 523 Deo
2833 468 3029 523 charos
3088 467 3444 527 nihilominus

257 561 488 632 Ἕλληνες
511 564 633 619 οὐτε
670 564 905 618 Ἰουδαῖοι
938 565 1164 635 φύντες,
1217 561 1476 630 θεοφιλεῖς
1508 559 1784 630 γεγονέναι

255 651 694 724 μεμαρτύρηνται,
712 656 804 709 καὶ
832 655 1024 709 δίκαιοι
1055 657 1147 709 καὶ
1171 653 1430 716 εὐσεϐεῖς,
1453 653 1500 705 εί
1527 651 1618 704 καί
1646 666 1786 714 τινες

250 745 394 797 ἄλλον
420 743 534 815 ὥρα
559 745 740 817 τρίτον
767 749 1000 801 ἐπινοεῖν
1038 745 1344 809 θεοσεϐείας
1387 743 1604 816 τρόπον,
1633 741 1697 794 δι’
1723 734 1783 794 οὗ

249 835 555 905 κατορθῶσαι
576 839 724 902 εἰκὸς
747 834 814 910 ἦν
843 839 1054 903 αὐτούς.
1079 839 1276 891 Σκόπει
1301 833 1602 907 τοιγαροῦν,
1634 835 1682 886 εί
1712 851 1786 906 μη

245 923 368 976 τοῦτ’
401 926 524 978 αὐτὸ
565 923 655 998 ἦν,
698 928 758 981 τὺ
801 927 998 1000 μεταξὺ
1035 926 1364 998 Ἰουδαῖσμοῦ
1400 926 1491 980 καὶ
1547 925 1787 995 Ἐλληνιο

245 1012 381 1085 σμοῦ,
397 1016 569 1087 τρίτον
594 1021 729 1090 ἡμῖν
759 1020 1200 1092 ἀποδεδειγμένον
1224 1018 1430 1090 τάγμα,
1458 1017 1786 1072 παλαίτατον

244 1107 328 1177 μὲν
355 1109 444 1161 καὶ
475 1109 697 1166 πάντων
739 1114 1001 1184 τυγχάνον
1041 1113 1448 1185 πρεσϐύτατον,
1496 1112 1688 1167 νεωστὶ
1727 1111 1783 1165 δὲ

239 1197 313 1252 διὰ
337 1199 421 1252 τοῦ
454 1202 729 1275 ἡμετέρου
776 1205 1026 1277 Σωτῆρος
1058 1205 1193 1257 πᾶσι
1221 1208 1330 1269 τοῖς
1373 1204 1546 1258 ἔθνεσι
1577 1218 1782 1274 κατηγ-

238 1292 486 1362 γελμένον.
524 1295 635 1349 Καὶ
687 1295 830 1351 τοῦτ’
861 1297 926 1351 ἂν
961 1298 1046 1369 εἴη
1076 1301 1105 1352 ὁ
1157 1296 1635 1369 Χριστιανισμὸς,.
1661 1293 1782 1348 οὐτε

247 1383 565 1456 Ἑλληνισμός
587 1405 674 1452 τις
698 1388 791 1451 ὢν,
809 1388 932 1444 οὔτε
967 1391 1312 1462 Ἰουδαῖσμὸς,
1333 1389 1467 1443 ἀλλά
1498 1388 1556 1442 τὸ
1580 1385 1780 1460 μεταξὺ

235 1478 437 1542 τούτων,
473 1480 832 1536 παλαιότατον
866 1484 1146 1548 εὐσεϐείας
1181 1483 1476 1555 πολίτευμα
1499 1523 1513 1548 ,
1553 1482 1646 1536 καὶ
1684 1483 1783 1553 ἀρ-

235 1570 462 1642 χαιοτάτη
495 1572 594 1642 μέν
617 1590 705 1639 τις
740 1574 1045 1646 φιλοσοφία,
1071 1576 1210 1648 πλὴν
1241 1575 1373 1630 ἀλλά
1398 1576 1589 1628 νεωστὶ
1619 1577 1780 1628 πᾶσιν

233 1659 507 1731 ἀνθρώποις
535 1667 654 1730 τοῖς
699 1665 818 1719 καθ’
854 1667 979 1738 ὅλης
1017 1667 1114 1739 τῆς
1146 1666 1466 1739 οίκουμένης
1502 1666 1782 1738 νενομοθε-

229 1753 409 1823 τημένη
429 1770 441 1783 °
472 1753 616 1831 ὥστε
650 1757 745 1810 τὸν
786 1759 844 1824 ἐξ
875 1756 1231 1829 Ἑλληνισμοῦ
1267 1759 1358 1810 ἐπὶ
1403 1757 1493 1811 τὸν
1520 1759 1779 1829 Χριστια-

229 1843 393 1912 νισμὸν
421 1845 846 1917 μετατιθέμενοι]
865 1849 963 1900 οὐκ
989 1848 1080 1900 ἐπὶ
1107 1846 1432 1916 Ίουδαῖσμὸν
1461 1846 1742 1898 ἐκπίπτειν
1759 1862 1772 1874 ο

229 1936 319 1989 οὐδ’
347 1931 406 1989 αὖ
439 1937 601 1991 πάλιν
635 1942 704 1992 ὲκ
731 1940 832 2009 τῆς
867 1938 1156 2010 Ἰουδαϊκῆς
1177 1939 1622 2008 ὲθελοθρησκείας
1650 1937 1778 1992 ἀνα-

228 2028 508 2100 χωροῦντα,
555 2031 726 2096 εὐθύς
751 2033 985 2105 Ἕλληνα
1026 2032 1310 2102 γενέσθαι·
1341 2033 1431 2084 τὸν
1457 2031 1514 2084 δὲ
1549 2031 1605 2097 ἐξ
1653 2032 1779 2086 ἐκα-

226 2121 360 2192 τέρου
388 2121 695 2192 τάγματος,
737 2123 800 2176 ἐκ
827 2141 885 2176 τε
926 2120 1281 2194 Ἑλληνισμοῦ
1314 2121 1406 2174 καὶ¹
1446 2120 1774 2190 Ἰουδαϊσμοῦ

229 2206 593 2279 μεθιστάμενον
633 2210 729 2263 ἐπὶ
775 2211 863 2263 τὸν
891 2211 1057 2281 μέσον
1103 2209 1358 2280 παριέναι
1394 2209 1554 2280 νόμον
1585 2227 1641 2262 τε
1685 2210 1777 2263 καὶ

226 2295 318 2364 βίον
343 2298 428 2350 τὸν
451 2298 558 2350 τῶν
589 2298 766 2352 πάλαι
794 2298 1054 2368 θεοφιλῶν
1083 2299 1174 2352 καὶ
1204 2297 1426 2351 δικαίων
1457 2297 1687 2368 ἀνδρῶν,
1718 2298 1776 2350 ὃν

223 2391 449 2464 ὀΣωτὴρ
480 2394 576 2446 καὶ
626 2395 836 2464 Κύριος
883 2394 1056 2465 ἡμῶν,
1106 2393 1316 2465 μακρὸν
1361 2391 1778 2462 ὲφησυχάσαντα

223 2483 384 2553 χρόνον
409 2527 424 2550 ,
479 2481 646 2550 αὖθις
695 2485 1030 2541 ἀνενεώσατο
1079 2483 1382 2550 ἀκολούθως
1446 2487 1556 2549 τοῖς
1611 2483 1773 2538 αὐτοῦ

221 2567 467 2636 Μωῦσὲως
503 2574 604 2628 καὶ
655 2574 763 2627 τῶν
811 2575 1012 2629 λοιπῶν
1060 2574 1352 2648 προφητῶν
1399 2575 1526 2647 περί
1573 2574 1775 2630 τούτων

218 2659 372 2713 αὐτῶν
391 2661 784 2734 θεσπίσμασιν.
827 2667 914 2719 Ἐν
941 2665 1071 2736 γοῦν
1100 2669 1213 2730 τοῖς
1246 2667 1380 2738 πρὸς
1403 2666 1493 2720 τὸν
1527 2665 1775 2739 Ἀϐραὰμ

220 2757 457 2825 χρησμοῖς
485 2757 659 2822 αὐτὸς
691 2760 720 2812 ὁ
752 2759 994 2830 Μωῦσῆς
1039 2759 1346 2831 ἀναγράφει
1375 2758 1664 2824 θεσπίζων,
1699 2758 1774 2824 ὡς

217 2844 288 2897 ὅτι
314 2845 672 2920 μελλήσουσιν
697 2849 753 2901 ὲν
784 2850 1032 2922 ὑστέροις
1061 2849 1192 2903 ποτὲ
1223 2850 1454 2921 χρόνοις,
1482 2851 1581 2922 οὐχ
1601 2851 1650 2904 oi
1682 2848 1772 2903 τοῦ

228 2937 451 3010 ’Δϐραάμ
509 2941 816 3008 ἀπόγονοι,
874 2943 981 2995 οὐδ’
1015 2944 1062 2994 oi
1114 2943 1178 2996 ὲκ
1235 2943 1548 3013 σπέρματος
1609 2942 1771 2997 αὐτοῦ

227 3026 473 3083 Ἰουδαῖοι·
525 3030 670 3084 ἀλλά
723 3030 831 3104 γάρ
873 3034 1042 3086 πᾶσαι
1069 3033 1123 3086 αί
1165 3032 1326 3103 φυλαὶ
1358 3033 1458 3104 τῆς
1508 3033 1630 3103 γῆς,
1682 3034 1776 3086 καὶ

219 3120 370 3175 πάντα
399 3124 466 3176 τά
486 3123 623 3193 ἔθνη
659 3125 750 3177 ἐπὶ
771 3124 846 3195 τῷ
871 3125 1040 3196 ὁμοίῳ
1068 3125 1252 3198 τρόπῳ
1280 3127 1379 3196 τῆς
1407 3126 1500 3179 τοῦ
1528 3125 1774 3198 ’Ᾱϐραάμ
1801 3152 1844 3211 C

218 3211 520 3280 θεοσεϐείας,
575 3215 828 3285 εὐλογίας
883 3216 1033 3287 παρὰ
1074 3217 1207 3270 Θεοῦ
1252 3217 1771 3288 καταξιωθησεσθαι.

220 3305 396 3376 Γράφει
433 3309 488 3362 δὲ
523 3309 736 3372 οὕτως’
769 3329 787 3360 ι
817 3311 928 3363 Καὶ
967 3305 1087 3364 εἷπε
1138 3310 1342 3381 Κύριος
1368 3310 1444 3380 τῷ
1489 3309 1769 3383 ’Δϐραέιμ’

221 3398 414 3463 Ἔξελθε
440 3403 503 3454 ὲκ
534 3402 643 3469 τῆς
670 3400 773 3471 γῆς
807 3416 899 3453 σου
933 3401 1027 3454 καὶ
1063 3403 1127 3454 ὲκ
1159 3400 1258 3470 τῆς
1299 3400 1612 3468 συγγενείας
1655 3419 1769 3468 σου,

217 3490 296 3542 καὶ
315 3492 374 3542 ὲκ
405 3491 496 3544 τοῦ
532 3492 687 3545 οἴκου
720 3490 812 3546 τοῦ
854 3493 1058 3564 πατρός
1088 3509 1202 3553 σου,
1225 3493 1318 3545 καὶ
1348 3491 1507 3564 δεῦρο
1539 3494 1617 3556 είς
1647 3493 1769 3563 γῆν,

217 3581 274 3649 ἣν
299 3581 357 3635 ἀν
385 3601 464 3636 σοι
498 3583 683 3648 δείξω.
716 3585 825 3636 Καὶ
861 3585 1067 3656 ποιήσω
1094 3601 1152 3637 σε
1179 3586 1257 3648 εἰς
1291 3583 1439 3648 ἔθνος
1468 3585 1608 3655 μέγα
1628 3601 1642 3615 ·
1679 3585 1771 3638 καὶ

217 3672 472 3744 εὐλογήσω
517 3691 606 3737 σε,
642 3674 736 3727 καὶ
780 3675 1062 3745 μεγαλυνῶ
1092 3675 1153 3727 τὸ
1181 3675 1350 3745 ὄνομά
1384 3692 1506 3739 σου,
1540 3676 1632 3729 καὶ
1673 3675 1768 3746 ἔσῃ

215 3763 384 3835 εὐλογη
395 3767 577 3835 μένος.
603 3767 712 3819 Καὶ
741 3765 1015 3836 εὐλογήσω
1041 3766 1169 3829 τοὺς
1193 3766 1542 3834 εὐλογοῦντάς
1564 3783 1644 3823 σε.
1676 3766 1770 3819 καὶ

216 3857 324 3918 τοὺς
350 3856 772 3928 καταρωμένους
816 3875 874 3909 σε
916 3857 1318 3928 καταράσομαι,
1359 3857 1451 3911 καὶ
1497 3856 1771 3927 ὲνευλογη-

217 3947 448 4016 θήσονται
482 3951 543 4002 ὲν
579 3949 660 4001 σοὶ
692 3951 861 4003 πᾶσαι
889 3952 945 4003 αἱ
973 3949 1136 4018 φυλαὶ
1159 3949 1256 4018 τῆς
1281 3951 1400 4020 γῆς.
1432 3969 1450 4000 ι
1477 3950 1586 4003 Καὶ
1612 3949 1768 4004 πάλιν

214 4040 240 4090 ὀ
282 4038 404 4104 Θεὸς
447 4036 610 4094 εἷπε·
653 4059 673 4091 ι
714 4041 806 4112 Μὴ
853 4040 1043 4110 κρύψω
1075 4040 1188 4109 ἐγὼ
1227 4041 1334 4094 ἀπὸ
1380 4040 1627 4113 Ἀϐραὰμ
1673 4041 1766 4096 τοῦ

218 4131 384 4196 παιδός
417 4151 520 4204 μου
545 4133 582 4187 ἃ
601 4132 714 4201 ἐγὼ
743 4133 914 4194 ποιῶ;
958 4132 1205 4205 Ἁϐραάμ
1231 4133 1287 4186 δὲ
1309 4134 1597 4203 γενόμενος
1616 4133 1768 4188 ἔσται

217 4223 283 4284 εἰς
307 4222 448 4288 ἔθνος
499 4223 644 4294 μέγα
685 4225 777 4277 καὶ
822 4223 972 4278 πολύ.
1020 4225 1130 4278 Καὶ
1159 4223 1663 4294 ὲνεύλογηθήσονται
1710 4225 1767 4278 ἐν

216 4311 346 4383 αὐτῷ
375 4313 558 4367 πάντα
595 4313 663 4367 τὰ
702 4313 829 4383 ἔθνη
861 4312 958 4384 τῆς
991 4314 1114 4385 γῆς.
1150 4333 1168 4365 ι
1198 4313 1330 4376 ’Πῶς
1365 4313 1410 4366 δ’
1449 4312 1514 4366 ἂν
1547 4312 1767 4384 ἔμελλον

216 4401 282 4472 τῷ
318 4403 569 4476 Ἀϐραὰμ
616 4404 1126 4477 ὲνευλογηθήσεσθαι
1159 4405 1336 4458 πάντα
1375 4404 1445 4457 τά
1477 4404 1638 4475 ἔθνη,
1674 4407 1766 4460 καὶ

1882 557 2169 627 justosque
2211 558 2256 613 si
2293 558 2386 612 ulli
2425 573 2662 626 unquam
2711 559 2823 620 alii,
2873 567 2926 612 et
2967 559 3084 627 pios
3143 557 3442 619 exstitisse.

1884 649 2252 705 testimonimn
2309 650 2634 705 habuerunt.
2685 649 2948 704 Convenit
2991 649 3153 718 igitur
3223 649 3442 704 tertium

1885 741 2171 812 quemdam
2200 750 2379 800 mente
2427 746 2714 811 concipere
2753 741 2935 796 cultus
2973 739 3143 795 divini
3196 740 3441 797 modum.

1886 837 2182 889 secundum
2221 849 2379 904 quem
2404 845 2548 889 recte
2580 834 2759 887 vivere
2817 839 3082 902 poterant.
3119 829 3254 887 Vide
3279 832 3444 902 igitur

1885 927 2026 980 sitne
2072 925 2187 981 haec
2232 925 2321 979 illa
2349 926 2464 995 ipsa
2497 925 2655 978 tertia
2705 924 3073 978 demonstrata
3106 921 3263 978 nobis
3299 922 3443 977 inter

1881 1015 2220 1072 Judaismum
2247 1025 2301 1072 et
2321 1016 2703 1072 ethnicismum
2741 1015 2918 1070 media
2967 1013 3127 1080 ratio,
3171 1014 3442 1085 antiquis.

1883 1107 2020 1162 sima
2044 1107 2259 1178 quidem
2289 1122 2584 1176 omnesque
2605 1107 2740 1161 alias
2766 1113 2923 1160 aetate
2969 1104 3316 1169 antecellens,
3344 1102 3442 1162 sed

1881 1213 2042 1268 quam
2071 1204 2318 1252 recenter
2368 1197 2622 1252 omnibus
2673 1195 2926 1266 gentibus
2967 1193 3216 1250 Salvator
3255 1204 3441 1253 noster

1881 1287 2234 1343 annuntiavit.
2294 1287 2470 1357 Atque
2530 1286 2644 1340 haec
2717 1283 3174 1340 Christianismus
3253 1287 3441 1357 utique

1880 1381 2061 1444 fuerit,
2089 1387 2274 1449 utpote
2291 1379 2383 1449 qui
2409 1394 2508 1434 nec
2531 1377 2887 1432 ethnicismus
2898 1379 2981 1429 est
2997 1388 3096 1428 uec
3109 1373 3442 1444 Judaismus,

1880 1470 2023 1524 inter
2061 1478 2348 1539 utrumque
2375 1467 2550 1522 media
2571 1465 2950 1536 antiquissima
2982 1464 3228 1534 quaedam
3259 1468 3440 1523 cultus

1879 1559 2048 1614 divini
2087 1558 2484 1613 administratio
2541 1573 2603 1612 ac
2649 1566 2842 1623 status,
2883 1571 3162 1626 genusque
3199 1556 3439 1626 philoso-

1878 1648 2019 1719 phiae
2040 1648 2490 1714 vetustissimum,
2550 1647 2644 1702 sed
2685 1662 2876 1702 recens
2917 1645 3173 1700 omnibus
3203 1647 3438 1702 homini-

1880 1743 1982 1797 bus
2013 1757 2106 1812 per
2137 1741 2446 1795 universum
2496 1747 2762 1795 terrarum
2800 1739 2984 1794 urbem
3015 1741 3282 1794 sancitum
3313 1755 3326 1791 :
3359 1740 3434 1794 ita

1808 1813 2058 1903 B'utqui
2089 1833 2158 1886 ab
2186 1833 2509 1887 ethnicismo
2553 1833 2621 1887 ad
2669 1831 3144 1888 Christianismum
3213 1833 3434 1899 transit,

1879 1941 1988 1980 non
2021 1925 2073 1977 in
2119 1921 2454 1978 Judaismum
2488 1923 2734 1990 excidat;
2767 1941 2942 1993 neque
2987 1941 3200 1989 rursus,
3227 1927 3317 1995 qui
3351 1941 3436 1981 re-

1879 2016 2024 2070 cedit
2044 2016 2110 2069 ab
2136 2013 2362 2069 Iudaico
2393 2015 2698 2069 voluntario
2733 2017 2905 2079 cultu,
2937 2017 3117 2071 statim
3146 2017 3235 2069 [iat
3262 2017 3436 2072 ethni-

1877 2123 2016 2164 cus:
2052 2108 2145 2162 sed
2175 2110 2266 2178 qui
2308 2117 2536 2177 utroque
2583 2108 2774 2162 ordine
2796 2109 3008 2172 relicto,
3053 2109 3434 2166 ethnicismum

1878 2199 2079 2254 deserit
2108 2207 2269 2269 atque
2296 2197 2657 2262 Judaismum,
2716 2199 2765 2254 is
2813 2200 3044 2254 uiediam
3088 2201 3232 2254 subit
3262 2201 3431 2272 legem

1876 2293 2149 2361 vitamque
2172 2294 2472 2361 priscorum
2492 2291 2933 2346 charissimorum
2970 2293 3078 2347 Deo
3093 2293 3432 2363 ctjustorum

1877 2387 2138 2452 virorum,
2175 2402 2336 2458 quam
2369 2384 2617 2442 Salvator
2658 2401 2723 2441 ac
2779 2384 3040 2441 Dominus
3066 2397 3272 2450 noster,
3307 2403 3434 2442 cum

1875 2495 1972 2552 per
1993 2481 2213 2551 longum
2242 2480 2330 2535 illa
2361 2487 2577 2549 tempus
2605 2479 2888 2550 consopita
2912 2478 3195 2548 iacuisset,
3223 2480 3432 2535 excita-

1874 2573 1952 2627 vit
1979 2573 2171 2628 iterum
2201 2571 2651 2640 instauravitque,
2674 2575 2748 2625 ita
2793 2571 2870 2625 uti
2928 2569 3092 2626 Musis
3125 2577 3178 2625 et
3208 2580 3434 2627 caetero-

1874 2679 1995 2718 rum
2031 2663 2415 2734 prophetarum
2463 2661 2688 2716 vocibus
2743 2661 2848 2715 hoc
2882 2660 3060 2731 ipsum
3115 2661 3432 2731 praedictum

1876 2752 2070 2809 fuerat.
2106 2751 2239 2807 Nam
2278 2757 2332 2807 et
2361 2752 2416 2807 in
2441 2751 2700 2815 oraculis,
2759 2765 2881 2821 quae
2938 2749 3246 2805 Abrahamo
3290 2753 3432 2806 edita

1874 2845 2134 2901 divinitus
2157 2843 2333 2900 Moses
2358 2852 2610 2906 testatur.
2650 2844 3007 2914 scribitquod
3059 2844 3258 2899 futuris
3303 2845 3431 2898 olim

1873 2939 2204 3007 temporibus
2235 2955 2344 2991 non
2370 2939 2660 2992 Abrahami
2684 2937 2882 3005 posteri
2918 2945 2972 2992 et
2992 2954 3058 2992 ex
3083 2938 3289 2992 semine
3313 2937 3432 3007 ejus

1875 3029 2118 3099 prognati
2149 3027 2340 3088 Judasi.
2398 3027 2491 3082 sed
2547 3043 2737 3083 omnes
2772 3029 2946 3083 tribus
2978 3036 3134 3082 terra:
3162 3037 3214 3083 et
3242 3044 3432 3085 omnes

1876 3129 2060 3192 gentes
2089 3135 2182 3189 per
2212 3120 2443 3174 similem
2474 3119 2655 3174 cultus
2685 3119 2778 3174 Dei
2820 3119 3083 3173 rationem
3123 3135 3232 3188 quo
3255 3119 3431 3176 Abra-

1878 3213 2090 3276 hamus,
2133 3211 2562 3265 benedictionem
2603 3210 2839 3264 divinam
2891 3218 3077 3264 essent
3132 3210 3430 3268 obtenturi.

1877 3303 1952 3357 Ita
1983 3303 2126 3357 enim
2152 3302 2227 3354 ait
2255 3303 2314 3355 ἐ
2352 3321 2370 3353 ι
2415 3301 2478 3354 Ει
2518 3300 2656 3354 dixit
2715 3299 2975 3355 Dominus
2998 3301 3062 3356 ad
3113 3299 3377 3354 Abraham
3408 3311 3426 3352 :

1878 3393 1972 3449 Exi
1996 3395 2061 3448 de
2087 3401 2230 3448 terra
2267 3405 2376 3453 tua.
2405 3393 2543 3448 etde
2570 3394 2893 3462 cognatione
2920 3400 3031 3455 tua.
3083 3401 3128 3447 et
3169 3408 3231 3446 ex
3267 3392 3428 3447 dumo

1875 3486 2046 3556 patris
2080 3489 2177 3545 tui,
2203 3496 2255 3540 et
2281 3487 2415 3540 vade
2457 3487 2510 3538 in
2537 3492 2734 3539 terram
2765 3498 2924 3553 quam
2955 3485 3054 3537 tibi
3090 3485 3430 3537 demonstra-

1871 3590 2018 3629 vero.
2048 3574 2112 3627 Et
2136 3575 2324 3634 faciam
2355 3583 2405 3628 te
2455 3575 2507 3627 in
2537 3581 2747 3642 gentem
2786 3588 3034 3643 magnam
3070 3591 3082 3627 :
3116 3581 3168 3627 et
3205 3571 3429 3626 benedi-

1871 3683 1988 3722 cam
2019 3675 2093 3724 te.
2124 3675 2176 3720 et
2198 3666 2550 3737 tnagnilicabo
2573 3681 2764 3720 nomen
2798 3673 2972 3726 tuum.
3006 3676 3060 3720 et
3112 3666 3223 3720 eris
3264 3667 3429 3720 bene-

1870 3747 2072 3819 dictus;
2101 3760 2166 3814 Et
2194 3760 2505 3816 benedicam
2534 3761 2913 3815 henediceutes
2938 3770 3009 3820 te,
3032 3769 3084 3814 ct
3109 3759 3426 3814 maledicam

1871 3854 2251 3907 maledicentes
2283 3860 2353 3914 te,
2385 3859 2438 3906 et
2462 3851 2848 3906 benedicentur
2873 3851 2927 3904 in
2961 3858 3012 3903 te
3041 3863 3229 3902 omnes
3253 3849 3427 3905 tribus

1871 3950 2044 3997 terrae.
2079 3962 2098 3995 ι
2123 3941 2299 4013 Atque
2321 3943 2516 3997 iterum
2543 3941 2679 3995 dixit
2710 3940 2849 3995 Deus
2875 3941 2927 3991 ἐ
2969 3957 2990 3991 ι
3024 3939 3274 4009 Nunquid
3309 3941 3427 3996 abs.-

1869 4034 2098 4089 condam
2138 4049 2237 4103 ego
2287 4034 2356 4088 ab
2393 4032 2701 4088 Abrahamo
2732 4045 2891 4088 servo
2957 4048 3097 4095 meo,
3131 4047 3276 4102 «quae
3321 4046 3424 4104 ego

1869 4125 2044 4180 facio?
2081 4125 2352 4180 Abraham
2384 4133 2562 4180 autem
2621 4125 2788 4179 ﬂet'in
2819 4133 3029 4196 gentem
3081 4139 3328 4194 magnam
3372 4133 3426 4181 et

1869 4222 2112 4274 multam.
2140 4219 2206 4274 Et
2227 4218 2612 4274 benedicentur
2637 4217 2767 4271 ineo
2789 4231 2976 4270 omnes
3003 4223 3187 4284 gentes
3208 4221 3383 4269 terrae.
3399 4233 3419 4266 ο

1867 4311 2149 4379 Quomodo
2174 4319 2350 4365 autem
2375 4311 2431 4364 in
2466 4308 2773 4363 Abrahamo
2823 4305 3202 4362 benedice-udae
3239 4315 3424 4362 essent

1868 4417 2054 4456 omnes
2082 4407 2269 4472 gentes
2305 4407 2360 4454 et
2415 4411 2604 4453 omnes
2631 4398 2807 4452 tribus
2865 4406 3042 4460 terrm,
3105 4398 3150 4453 si
3202 4397 3420 4467 quidem

216 4493 368 4547 πᾶσαι
403 4496 462 4550 αἱ
506 4493 672 4563 φυλαὶ
702 4493 802 4565 τῆς
842 4494 976 4565 γῆς.
1013 4495 1062 4548 εί
1103 4493 1270 4565 μηδὲν
1311 4509 1364 4546 τι
1403 4493 1766 4565 προσήκοντες

1872 4492 2014 4548 nulla
2046 4490 2256 4548 ratione
2277 4506 2399 4546 eum
2440 4489 2816 4559 contingerent
2842 4528 2859 4549 .
2903 4503 3078 4558 neque
3135 4487 3298 4541 animi
3333 4501 3423 4540 ra-

215 4582 438 4657 ὑπῆρχον
463 4586 637 4658 αὐτῷ,
676 4589 811 4658 μήτε
839 4587 980 4642 κατά
1009 4585 1189 4658 ψυχῆς
1217 4585 1435 4657 τρόπον,
1466 4587 1600 4657 μήτε
1627 4586 1766 4642 κατά

217 4672 449 4747 σώματος
477 4677 833 4747 συγγένειαν;
870 4679 982 4749 Τῆς
1013 4693 1073 4732 τε
1104 4677 1212 4750 γὰρ
1249 4676 1389 4731 κατά
1425 4678 1602 4751 σάρκα
1634 4695 1765 4748 συγ-

214 4771 409 4836 γενείας
434 4771 523 4834 τίς
548 4766 617 4842 ἦν
642 4770 777 4842 πρὸς
804 4770 897 4823 τὸν
932 4768 1179 4841 ’Δϐραάμ
1199 4768 1502 4838 συγγένεια,
1533 4770 1765 4834 Σκύθαις

217 4861 333 4940 φέρε
365 4849 560 4926 εἰπεῖν,
594 4862 627 4933 ἢ
670 4861 1074 4931 Αίγυπτίοις,”ἣ
1119 4858 1380 4929 Αἰθίοψιν,
1421 4861 1455 4932 ἢ
1494 4861 1695 4924 Ἰνδοῖς,
1728 4862 1761 4932 ἢ

217 4950 594 5024 Βρεττανοῖς,ἢ
629 4951 972 5023 Ἱσπανοῖςςῆ
995 4951 1111 5016 πῶς
1134 4951 1202 5005 ἂν
1222 4951 1395 5005 ταῦτα
1419 4951 1488 5004 τὰ
1516 4950 1642 5021 ἔθνη
1671 4953 1764 5006 καὶ

217 5041 286 5096 ἑτι
302 5046 366 5098 τὰ
378 5045 581 5098 τούτων
605 5045 960 5114 ἀπῳκισμένα
975 5043 1071 5114 τῆς
1090 5041 1225 5113 πρὸς
1239 5041 1328 5094 τὸν
1355 5041 1602 5112 Ἀϐραὰμ
1623 5043 1764 5096 κατά

219 5135 383 5205 σάρκα
423 5136 740 5206 συγγενείας
793 5137 950 5211 χάριν
997 5134 1220 5206 ἔμελλον
1270 5132 1760 5205 εὐλογηθήσεσθαις

230 5224 353 5280 Ἀλλ’
383 5229 503 5282 οὐδὲ
534 5229 633 5300 τῆς
666 5227 804 5292 κατὰ
830 5226 1004 5302 ψυχὴν
1041 5226 1285 5293 εὐλογίας
1307 5226 1451 5289 είκὺς
1477 5222 1544 5298 ἦν
1578 5243 1765 5280 κοινω-

220 5318 388 5386 νήσειν
429 5321 507 5390 τῷ
547 5318 794 5390 Ἀϐραάμ
827 5319 1003 5374 πάντα
1038 5318 1107 5370 τὰ
1148 5317 1294 5386 ἔθνη.
1336 5317 1460 5380 Πῶς
1492 5317 1630 5388 γάρ;
1675 5317 1762 5370 ὅτε

219 5407 281 5460 τά
313 5411 407 5479 μὲν
428 5411 604 5467 αὐτῶν
627 5409 911 5480 ἐκθέσμοις
946 5409 1344 5482 μητρογαμίαις
1377 5410 1472 5463 καὶ
1505 5409 1762 5482 θυγατρο-

222 5502 443 5571 μιξίαις,
493 5504 562 5557 τά
608 5504 651 5556 δ’
696 5503 1007 5566 ἀκολάστοις
1058 5503 1292 5574 ὁμιλίαις
1339 5502 1580 5575 ἀρρένων
1627 5503 1762 5574 πρὸς

218 5593 439 5665 ἀρῤενας
469 5596 784 5669 ἀνεφύρετο,
817 5596 884 5649 τά
919 5595 978 5649 δὲ
1017 5593 1112 5666 τὴν
1145 5593 1422 5648 εὐσέϐειαν
1457 5597 1514 5648 ιν
1556 5593 1761 5666 ἀνθρω-

290 5792 308 5822 ³
345 5791 472 5853 Gcn.
522 5809 618 5850 xu.
664 5790 769 5846 1-5.
879 5791 899 5822 ⁹
938 5787 1071 5852 Gen.
1113 5805 1268 5854 xvut,
1304 5789 1389 5846 Π.

1867 4584 2033 4646 tione,
2065 4598 2240 4652 neque
2291 4581 2612 4660 cognatione
2669 4580 2953 4651 corporis?
2983 4578 3119 4634 Nam
3161 4577 3305 4648 quod
3351 4577 3419 4632 ad

1865 4673 2108 4744 corporis
2136 4674 2510 4745 cognationem
2543 4673 2754 4736 attinet,
2778 4687 3024 4743 quaenam
3045 4684 3250 4740 quaeso,
3291 4683 3416 4723 cum

1864 4763 2170 4818 Abrahamo
2221 4761 2504 4816 intercedit
2556 4760 2930 4831 propinquitas
2961 4798 2976 4825 ,
3031 4755 3245 4827 Scythis
3271 4753 3416 4809 verbi

1865 4859 2038 4930 gratia
2067 4859 2149 4913 vel
2174 4856 2461 4928 Egyptiis,
2499 4867 2591 4911 aut
2613 4855 2983 4926 Ethiopibus,
3015 4852 3180 4916 indis,
3205 4852 3420 4907 Britan«

1864 4950 1950 5004 nis
1979 4949 2060 5004 vel
2095 4947 2380 5018 Hispanis?
2431 4955 2525 5000 aut
2568 4949 2842 5016 quomodo
2870 4945 2952 4998 ha:
2977 4948 3164 5013 gentes
3212 4941 3296 4996 vel
3349 4941 3417 4994 ab

1865 5042 1949 5097 bis
1976 5042 2138 5096 etiam
2161 5041 2499 5106 remotiores,
2551 5035 2925 5094 benedicendae
2955 5034 3173 5088 fuerunt
3198 5039 3416 5101 propter

1861 5132 2235 5202 cognationem
2259 5145 2380 5184 cum
2417 5127 2742 5189 Abrahamo,
2777 5121 2918 5192 quod
2950 5119 3016 5175 ad
3037 5135 3253 5175 carnem
3293 5134 3416 5188 per-

1862 5224 2030 5279 tinet?
2057 5222 2161 5278 Sed
2187 5236 2359 5290 neque
2385 5218 2527 5290 quod
2566 5216 2633 5271 ad
2679 5215 2983 5268 animorum
3012 5211 3412 5282 cognationem.

1860 5324 1978 5370 erat
2008 5328 2314 5384 congruens
2341 5319 2528 5382 gentes
2559 5321 2746 5362 omnes
2775 5305 2842 5360 de
2873 5304 3244 5360 benedictione
3263 5316 3416 5354 com-

1861 5405 2010 5462 muni
2040 5419 2163 5460 cum
2211 5403 2518 5458 Ahrahamo
2544 5397 2888 5469 participare.
2931 5395 3032 5462 Qui
3071 5391 3258 5448 enim?
3287 5405 3410 5446 cum

1862 5498 1980 5553 alize
2005 5497 2269 5552 nefandas
2295 5503 2526 5549 matrum
2557 5488 2775 5560 nuptias
2800 5488 2885 5544 vel
2932 5487 3162 5542 ﬁliarum
3209 5496 3416 5539 concu-

1858 5591 2004 5654 bitus
2028 5589 2339 5663 probarent,
2378 5585 2495 5647 alite
2531 5583 2836 5664 polluerunt
2869 5594 2988 5636 sese
3033 5578 3237 5632 incesta
3263 5589 3410 5629 mare
