4056 6418
523 313 594 368 27
1151 311 1416 368 EUSEBII
1451 314 1929 372 CESABIENSIS
1965 315 2117 373 OPP.
2154 316 2342 373 PARS
2378 317 2442 372 ll.
2475 349 2549 360 —
2586 317 3093 377 APOLOGETICA.
3681 320 3753 373 28

524 446 648 486 cum
680 430 921 487 maribus
950 429 1177 486 libidine
1213 450 1227 485 :
1261 431 1353 485 alii
1386 431 1593 487 cultum
1624 431 1875 488 Numinis
1904 432 1959 487 in
1981 432 2082 487 ho-

2188 433 2487 500 ποθυσίαις,
2523 436 2615 489 καὶ
2657 435 2810 500 ζώων
2845 435 3051 504 ἀλόγων
3084 432 3380 496 θεοποιίαις
3401 471 3416 495 ,
3450 430 3658 502 ἀψύχου
3694 447 3751 485 τε

525 521 1149 585 minibusimmolandis,
1185 522 1269 576 vel
1317 521 1499 577 divina
1538 523 1887 578 veneratione
1913 523 2088 578 brutis

525 613 894 667 animantibus
922 619 1016 666 aut
1069 611 1252 677 idolis,
1290 613 1627 669 excinanima
1656 613 1884 668 materia
1918 612 2090 667 fabri-

523 706 662 761 catis
680 703 917 759 exhibita
950 712 1237 774 ponerent,
1260 705 1346 760 vel
1370 705 1423 758 in
1458 706 1748 776 spirituum
1775 705 2090 777 multiplicis

523 798 729 853 erroris
758 804 1038 852 auctorum
1073 797 1554 867 superstitionibus
1576 799 1911 854 collocarent
1934 816 1947 850 :
1975 798 2093 852 aliae

525 892 677 943 vivos
703 895 992 942 exurerent
1016 897 1174 943 atate
1205 890 1596 960 provectiorcs,
1637 891 1755 944 alia:
1778 891 1941 945 etiam
1962 890 2094 943 chao

525 981 773 1036 rissimos
798 995 906 1034 non
937 980 1249 1037 dubitarent
1282 980 1518 1037 ﬂammis
1571 982 1811 1045 tradere,
1836 982 1955 1035 alia:
1983 982 2093 1036 vita

525 1073 881 1141 spoliatorum
916 1071 1065 1127 vesci
1096 1073 1355 1128 carnibus
1388 1073 1674 1143 pulchrum
1720 1081 1773 1128 et
1792 1073 1940 1143 pium
1973 1087 2093 1127 esse

525 1165 918 1221 existimarent.
952 1163 1235 1230 Quomodo
1263 1165 1428 1235 igitur
1440 1180 1535 1221 eos
1551 1166 1643 1236 qui
1670 1172 1778 1220 tam
1802 1164 2092 1219 belluinam

525 1257 790 1312 ducerent
811 1256 997 1323 vitam,
1039 1266 1465 1311 consentaneum
1525 1266 1644 1312 erat
1699 1255 2093 1312 benedictionis

524 1346 629 1401 viri
659 1345 767 1401 Deo
791 1345 1101 1401 charissimi
1134 1344 1248 1401 ﬁeri
1272 1348 1713 1429 consortesanisi
1755 1349 1941 1417 utique
1982 1347 2090 1402 bel-

526 1440 676 1494 luina
714 1438 806 1492 illa
827 1438 939 1492 vita
977 1438 1188 1508 abiecta
1237 1445 1291 1494 et
1316 1440 1525 1503 relicta,
1552 1438 1893 1494 consimilem
1924 1439 2093 1495 Abra-

524 1531 687 1584 bamo
712 1529 966 1599 pietatem
990 1528 1283 1598 aliquando
1313 1536 1498 1585 essent
1518 1531 1851 1600 amplexuri?
1881 1530 2015 1585 Nam
2038 1541 2093 1587 et

524 1622 618 1677 ille
651 1620 954 1691 alienigena
979 1629 1034 1677 et
1067 1622 1280 1677 alienus
1310 1622 1625 1692 perhibetur
1670 1624 1738 1678 ad
1774 1638 1894 1679 eam
1927 1640 2092 1695 quam

524 1711 720 1767 deinde
741 1710 1023 1782 professus
1039 1722 1122 1768 est
1145 1714 1431 1769 transiisse
1465 1713 1743 1783 pietatem,
1784 1715 2093 1787 avitamque

2193 524 2323 597 ὖλης
2362 526 2613 597 ίδρύμασι
2647 529 2739 580 καὶ
2766 527 3087 598 πνευμάτων
3120 523 3467 579 πλυπλανῶν
3498 523 3754 576 δεισιδαι-

2194 617 2403 689 μονίαις
2448 618 2752 672 ἀνετίθετο·
2795 618 2865 672 τὰ
2917 618 2974 672 δὲ
3029 616 3235 683 ζῶντας
3276 616 3593 669 κατακαίειν
3627 618 3753 681 τοὺς

2189 707 2595 779 γεγηρακότας·
2639 708 2705 761 τὰ
2745 708 2803 762 δὲ
2856 707 2987 779 πυρὶ
3040 708 3166 770 τοὺς
3200 705 3484 774 φιλτάτους
3525 704 3757 774 παραδι-

2188 798 2370 851 δόναι·
2405 797 2475 851 τὰ
2511 798 2567 852 δὲ
2615 800 2708 854 καὶ
2764 799 2971 871 νεκρῶν
2996 796 3373 867 ,ἀπογεύεσθαι
3412 795 3574 850 καλὸν
3617 791 3755 850 εἶναι

2191 889 2286 942 καὶ
2326 888 2543 953 εὐσεϐὲς
2591 892 2795 960 ἠγεῖτο,
2844 889 2969 954 Πῶς
3000 880 3092 943 οὖν
3124 889 3248 953 τοὺς
3298 890 3357 942 ὲν
3402 887 3480 959 τῷ
3530 886 3752 959 τοιούτῳ

2192 979 2439 1052 θηριώδει
2475 981 2573 1052 βίῳ
2611 981 2986 1053 προηγμένους
3019 981 3118 1052 τῆς
3145 979 3238 1034 τοῦ
3275 979 3552 1050 θεοφιλοῦς
3587 996 3753 1050 μετα-

2192 1075 2338 1144 σχεῖν
2366 1068 2475 1126 οἷόν
2504 1091 2563 1127 τε
2598 1069 2664 1145 ἦν
2698 1073 2966 1141 εὐλογίας,
2994 1074 3043 1126 εί
3094 1074 3165 1144 μή
3207 1074 3325 1125 ποτ’
3365 1072 3471 1144 ἄρα
3520 1071 3617 1141 τῆς
3660 1070 3755 1143 θη-

2195 1162 2409 1235 ριωδίας
2446 1163 2868 1235 μεταϐαλόντες,
2909 1161 3002 1216 τοῦ
3050 1161 3229 1233 ὁμοίου
3262 1161 3460 1232 τρόπου
3514 1159 3612 1231 τῆς
3659 1157 3753 1212 τοῦ

2206 1254 2454 1326 Ἀϐραὰμ
2479 1254 2812 1333 ,θεοσεϐείας
2853 1253 3082 1326 ἦμελλόν
3129 1270 3259 1307 ποτε
3316 1251 3751 1324 μεταλήψεσθαι;

2205 1348 2355 1401 Ἐπεὶ
2382 1350 2629 1412 κάκεῖνος
2666 1347 2955 1419 ἀλλοεθνής
2991 1364 3075 1412 τις
3114 1347 3188 1401 ὢν
3231 1348 3325 1401 καὶ
3351 1346 3654 1418 ἀλλότριος,
3686 1340 3758 1417 ἦς

2193 1439 2418 1513 ὕστερον
2460 1439 2719 1511 μετῆλθεν
2749 1439 3026 1501 εὐσεϐείας
3063 1437 3276 1507 λέγεται
3323 1435 3753 1509 μετατεθεῖσθαι,

2191 1530 2286 1584 καὶ
2335 1530 2434 1600 τῆς
2491 1529 2760 1600 πατρικῆς
2811 1527 3225 1599 δεισιδαιμονίας
3284 1526 3755 1599 μεταϐεϐλῆσθαι,

2191 1618 2336 1677 οἶκόν
2366 1640 2426 1675 τε
2460 1621 2553 1676 καὶ
2584 1622 2936 1691 συγγένειαν,
2978 1622 3073 1675 καὶ
3100 1620 3194 1693 ἔθη
3241 1619 3478 1693 πάτρια,
3528 1618 3645 1690 βίου
3695 1633 3757 1673 τε

2192 1713 2431 1786 ἀγωγὴν,
2464 1716 2521 1767 ἐν
2549 1707 2892 1788 ᾖγεγέννητό
2915 1730 2974 1765 τε
2996 1713 3090 1766 καὶ
3120 1711 3409 1785 τέθραπτο,
3445 1709 3762 1765 καταλελοι-

525 1803 966 1874 superstitionem
1023 1804 1356 1869 deseruisse,
1419 1804 1662 1870 domum,
1687 1808 2088 1876 cognationem,

2193 1807 2352 1862 πέναι
2369 1825 2383 1837 ·
2415 1803 2839 1878 ῆκολουθηκέναι
2866 1804 2922 1858 δὲ
2950 1804 3087 1876 Θεῷ,
3109 1804 3186 1876 τῷ
3212 1805 3307 1858 καὶ
3329 1805 3453 1869 τοὺς
3475 1803 3758 1877 χρησμοὺς

524 1911 706 1952 mores
733 1896 943 1966 patrios
969 1904 1024 1951 et
1046 1897 1188 1965 vitae,
1240 1896 1299 1950 in
1351 1912 1458 1967 qua
1505 1897 1720 1968 genitus
1747 1905 1884 1963 erat,
1923 1898 2092 1953 ratio-

524 2003 653 2045 nem
695 1988 920 2044 missam
949 1988 1181 2058 fecisse;
1233 1989 1342 2045 Deo
1385 1998 1566 2045 autem
1619 2004 1743 2046 esse
1776 1990 2089 2058 obsecutus,

524 2082 619 2151 qui
644 2083 804 2136 etiam
834 2081 1054 2136 oracula
1082 2081 1304 2151 scriptis
1325 2081 1540 2152 prodita
1572 2082 1649 2136 illi
1680 2081 1871 2137 edidit.
1903 2083 1962 2138 Si
1991 2083 2094 2155 igi-

524 2181 616 2228 tur
641 2172 817 2230 Moses
869 2173 961 2244 qui
995 2183 1121 2244 post
1167 2173 1537 2229 Abrahamum
1587 2175 1819 2239 exstitit,
1870 2183 1922 2231 et
1949 2192 2092 2237 run-

524 2266 796 2338 publicam
858 2281 955 2336 per
996 2264 1367 2336 promulgatas
1418 2280 1451 2318 a
1496 2280 1554 2320 se
1594 2265 1741 2336 leges
1779 2264 2090 2322 Iudaeorum

524 2357 673 2428 genti
719 2354 964 2412 condidit
1010 2369 1074 2409 ac
1127 2354 1393 2421 fundavit,
1423 2357 1759 2426 ejuscemodi
1786 2358 1934 2431 leges
1964 2364 2091 2415 s‘an—

524 2448 714 2513 xisset,
748 2463 886 2519 quas
909 2448 1013 2503 viri
1048 2448 1158 2505 Deo
1191 2447 1345 2503 chari
1380 2457 1506 2503 ante
1534 2465 1658 2505 eum
1693 2457 1843 2506 recte
1881 2451 2089 2523 agendo

523 2539 906 2595 observassent
926 2579 941 2605 ,
986 2547 1039 2597 et
1059 2556 1179 2613 quae
1209 2540 1463 2596 omnibus
1494 2540 1746 2611 gentibus
1768 2557 2086 2612 congruere,

525 2639 585 2686 ut
604 2646 794 2687 omnes
822 2633 1000 2687 tribus
1044 2641 1202 2687 terra;
1249 2640 1303 2687 et
1358 2647 1547 2688 omnes
1569 2639 1758 2704 gentes
1783 2635 2086 2689 secundum

524 2721 690 2776 Mosis
718 2723 1162 2778 constitutionem
1193 2721 1361 2778 Deum
1386 2723 1625 2778 colerent
1651 2741 1665 2778 :
1692 2724 1775 2780 fas
1807 2731 1925 2780 erat
1945 2725 2089 2779 amr-

523 2830 695 2877 mare,
718 2816 861 2886 quod
906 2832 1097 2872 omnes
1145 2833 1212 2872 ex
1261 2817 1516 2873 omnibus
1547 2818 1802 2887 gentibus
1828 2818 1996 2873 Deum
2019 2835 2086 2876 ex

523 2905 641 2977 lege
677 2907 912 2963 Mosaica
939 2908 1028 2978 pie
1056 2908 1296 2963 colentes
1330 2918 1385 2964 et
1426 2908 1769 2964 Judaismum
1791 2921 2083 2981 sectantes,

520 2995 832 3066 Judmisqtte
859 2998 1160 3052 secundum
1191 2998 1361 3069 legem
1414 3001 1757 3070 conjunctos,
1789 3002 2084 3060 Abrahami

523 3088 899 3143 benedictione
927 3088 1327 3144 benedicendos
1354 3106 1477 3147 esse
1494 3093 1678 3148 divina
1697 3097 1918 3151 oracula
1946 3113 2085 3169 ιιι-ιε·
2112 3132 2154 3190 C

523 3178 913 3233 nuntiaverint.
947 3177 1241 3248 Oportebat
1261 3180 1424 3234 etiam
1446 3198 1548 3238 nos
1571 3185 1715 3255 leges
1739 3202 1771 3240 a
1796 3186 1943 3243 Mose
1959 3204 2088 3244 san-

523 3270 659 3325 citas
706 3269 1016 3324 observare.
1055 3269 1190 3325 Cum
1245 3278 1428 3326 autem
1491 3275 1735 3333 conditio
1777 3279 2088 3349 reipublicae

525 3358 777 3416 Mosaicae
803 3376 911 3415 non
955 3362 1117 3417 fuerit
1171 3363 1384 3418 caeteris
1450 3378 1757 3438 congruens
1812 3371 2084 3440 gentibus,

525 3452 620 3508 sed
650 3453 1023 3509 tantummodo
1045 3453 1268 3521 Iudaeis,
1297 3473 1473 3528 neque
1503 3458 1655 3515 hisce
1681 3461 1971 3530 universis,
1992 3464 2087 3519 sed

525 3545 702 3601 solum
741 3547 1083 3604 versantibus
1134 3549 1191 3603 in
1245 3560 1389 3605 terra
1418 3550 1643 3607 Judaica
1671 3573 1684 3608 :
1716 3559 2087 3613 necessarium

526 3637 750 3690 omnino
779 3645 895 3691 erat
916 3639 1076 3692 aliam
1109 3643 1375 3698 constitui
1437 3644 1724 3713 rationem,
1764 3662 1869 3717 qua
1896 3659 2088 3719 praeter

526 3727 697 3798 legem
744 3728 1031 3785 Mosaicam
1065 3741 1289 3801 possent
1329 3744 1515 3802 gentes
1561 3738 1764 3808 ubique
1814 3747 2086 3797 terrarum

525 3819 848 3884 incolentes,
885 3837 1006 3891 quae
1033 3825 1369 3881 consimilem
1400 3827 1710 3883 Abrahamo
1737 3831 1900 3885 vitam
1931 3832 2088 3888 duce-

525 3921 667 3977 rent,
706 3911 949 3967 eamdem
984 3928 1108 3968 cum
1145 3915 1237 3971 illo
1263 3917 1692 3976 benedictionem
1716 3922 1980 3979 obtinere.

1052 4029 1168 4097 1‘“
1201 4030 1430 4085 CAPUT
1470 4031 1557 4087 Ill.

528 4114 681 4182 Quod
695 4116 926 4172 conditio
946 4120 1243 4195 reipublicae
1265 4121 1515 4176 Mosaicm
1539 4141 1639 4179 non
1663 4125 1824 4195 fuerit
1843 4124 2085 4181 omnibus

1000 4192 1236 4259 gentibus
1270 4194 1594 4248 conveniens.

595 4298 751 4365 Quod
778 4312 956 4359 autem
990 4306 1413 4363 constitutiones
1448 4307 1696 4365 Mosaicae
1725 4310 1928 4369 ludatis
1963 4321 2086 4369 tan-

525 4393 825 4458 tummodo,
858 4403 916 4449 ut
939 4395 1073 4460 dixi,
1116 4415 1293 4469 neque
1320 4401 1471 4456 hisce
1505 4405 1756 4460 omnibus
1786 4406 1916 4476 (non
1936 4410 2081 4463 enim
2121 4416 2125 4420 ’

2191 1901 2340 1974 αὐτῷ
2365 1902 2488 1966 τοὺς
2510 1898 2889 1971 ἀναγράπτους
2909 1897 3176 1952 δεδωκότι.
3199 1897 3258 1949 Ei
3286 1896 3384 1968 μὲν
3402 1891 3494 1949 οὖν
3516 1895 3757 1965 Μωῦσῆς

2195 1993 2333 2068 μετὰ
2364 1994 2453 2048 τὸν
2514 1991 2765 2066 Ἀϐραὰμ
2817 1991 3105 2061 γενόμενος
3124 2028 3140 2053 ,
3173 1988 3268 2042 καὶ⁴
3315 1986 3585 2041 πολιτείαν
3630 1985 3759 2039 τινὰ

2190 2087 2277 2141 διὰ
2310 2086 2408 2159 τῆς
2440 2084 2749 2156 ἐκδοθείσης
2795 2082 2885 2136 ὐπ’
2926 2080 3088 2136 αὐτοῦ
3126 2080 3444 2152 νομοθεσίας
3492 2079 3570 2151 τῷ
3626 2080 3758 2133 Ἰου-

2190 2178 2352 2232 δαίων
2385 2177 2525 2232 ἔθνει
2565 2174 3035 2246 καταϐεϐλημένος
3074 2173 3299 2227 τοιαῦτα
3345 2171 3754 2244 ἐνομοθέτησεν,

2188 2266 2277 2325 οἷα
2301 2272 2394 2325 καὶ
2412 2273 2523 2334 τοῖς
2548 2269 2652 2341 πρὸ
2688 2267 2853 2323 αὐτοῦ
2885 2266 3152 2337 θεοφιλέσι
3176 2264 3521 2339 κατώρθωτο,
3550 2264 3644 2319 καὶ
3665 2259 3760 2319 οἷα
3860 2268 3880 2293 ⁸

2188 2363 2409 2418 δυνατὸν
2436 2359 2502 2435 ἧν
2537 2363 2670 2416 πᾶσι
2697 2362 2809 2423 τοῖς
2848 2358 3054 2413 ἔθνεσιν
3090 2358 3470 2429 ἐφαρμόττειν,
3494 2357 3569 2420 ὡς
3598 2356 3762 2410 δύνα-

2190 2456 2311 2510 σθαι
2332 2454 2472 2510 κατὰ
2495 2454 2592 2523 τὴν
2620 2453 2896 2518 Μωῡσὲως
2933 2451 3193 2523 διαταγὴν
3229 2454 3409 2514 πάσας
3445 2448 3543 2512 τὰς
3583 2447 3757 2517 φυλὰς

2187 2549 2286 2620 τῆς
2304 2548 2429 2619 γῆς,
2451 2546 2547 2611 καῖ⁵
2576 2545 2751 2601 πάντα
2772 2544 2839 2598 τὰ
2864 2545 2991 2616 ἔθνη
3017 2544 3285 2599 θεοσεϐεῖν
3307 2560 3322 2574 ·
3350 2539 3417 2614 ἦν
3452 2544 3642 2605 εἰπεῖν,
3670 2541 3756 2595 ὅτι

2187 2640 2274 2694 διὰ
2304 2640 2401 2711 τῆς
2434 2637 2712 2702 Μωῦσέως
2744 2636 3060 2708 νομοθεσίας
3096 2637 3223 2701 τοὺς
3254 2633 3314 2701 ἐξ
3360 2634 3614 2689 ἁπάντων
3644 2633 3755 2691 τῶν

2187 2716 2367 2787 ἐθνῶν
2404 2730 2866 2801 θεοσεϐήσαντας,
2900 2731 2995 2784 καὶ
3051 2731 3143 2783 τὸν
3210 2728 3537 2801 Ἰουδαῖσμὸν
3581 2725 3755 2796 ζηλώ-

2190 2841 2408 2890 σαντας,
2429 2823 2565 2894 πρὸς
2584 2822 2779 2886 αὐτούς
2801 2839 2858 2875 τε
2879 2821 3270 2893 γενησομένους
3291 2821 3430 2875 κατὰ
3451 2820 3539 2873 τὸν
3566 2819 3751 2890 νόμον,

2186 2914 2643 2987 εὐλογηθήσεσθαι
2693 2916 2759 2985 τῇ
2809 2911 2904 2966 τοῦ
2955 2913 3207 2985 Ἀϐραὰμ
3247 2912 3465 2983 εὐλογία
3508 2911 3750 2983 προηγό-

2187 3024 2310 3079 ρευε
2341 3007 2410 3060 τὰ
2440 3005 2616 3075 λόγια.
2647 3006 2841 3077 Ἐχρῆν
2870 3004 2927 3058 δὲ
2960 3006 3055 3059 καὶ
3082 3007 3228 3077 ἡμᾶς
3256 3003 3323 3057 τὰ
3356 3002 3506 3077 παρὰ
3529 3003 3756 3057 Μωῦσεῐ

2185 3098 2583 3169 διατεταγμένα
2622 3098 2927 3169 φυλάττειν.
2972 3099 3123 3152 Ἐπεὶ
3176 3097 3235 3152 δὲ
3280 3098 3380 3152 οὐκ
3428 3093 3497 3169 ἦν
3546 3094 3754 3168 ήκατὰ

2186 3190 2422 3244 Μωῦσέα
2474 3188 2718 3243 πολιτεία
2772 3187 3101 3259 κατάλληλος
3131 3189 3241 3250 τοῖς
3292 3186 3497 3250 λοιποῖς
3544 3185 3753 3240 ἔθνεσιν

2185 3279 2300 3335 ἀλλ’
2328 3280 2361 3351 ἥ
2393 3280 2573 3352 μόνοις
2616 3279 2901 3343 Ἰουδαίοις,
2932 3279 3025 3333 καὶ
3048 3277 3256 3342 τούτοις
3286 3278 3407 3348 οὐχὶ
3425 3280 3536 3340 τοῖς
3562 3278 3748 3342 πᾶσιν,

2186 3371 2321 3427 ἀλλὰ
2350 3375 2459 3437 τοῖς
2490 3373 2582 3425 ἐπὶ
2618 3372 2719 3442 τῆς
2753 3372 3010 3436 Ἰουδαίας
3036 3372 3139 3442 γῆς
3177 3372 3275 3434 τὰς
3315 3368 3594 3445 διατριϐὰς
3632 3387 3755 3421 ποι-

2186 3464 2430 3535 ουμένοις
2446 3480 2460 3494 ·
2491 3464 2674 3535 ἕτερον
2705 3463 2871 3534 ἐχρῆν
2893 3461 2953 3529 ἐξ
2977 3464 3212 3527 ἅπαντος
3231 3463 3526 3532 ὑποστῆναι
3550 3461 3754 3531 τρόπον

2187 3555 2337 3627 παρὰ
2367 3555 2459 3608 τὸν
2490 3554 2765 3620 Μωῦσέως
2793 3555 2975 3626 νόμον,
3012 3554 3130 3609 καθ’
3160 3555 3218 3607 ὃν
3248 3553 3489 3625 ἔμελλον,
3528 3552 3752 3624 βιοῦντα

2185 3647 2385 3717 ὁμοίως
2406 3644 2483 3717 τῷ
2532 3646 2779 3719 Ἀϐραὰμ
2812 3646 2881 3700 τὰ
2913 3645 3031 3709 καθ’
3059 3647 3187 3719 ὅλης
3233 3644 3554 3717 οἰκουμένης
3595 3642 3748 3715 ἔθνη,

2186 3738 2285 3809 τῆς
2308 3739 2428 3812 ἴσης
2451 3737 2597 3810 αὐτῷ
2626 3740 2970 3811 κοινωνήσειν
2993 3738 3257 3807 εὐλογίας.

2707 4025 3099 4080 ΚΕΦΑΛΑΙΟΝ
3146 4027 3218 4081 Γ’.

2188 4116 2308 4170 Ὀτι
2333 4114 2418 4187 μὴ
2446 4113 2596 4173 πᾶσι
2622 4116 2747 4183 τοῖς
2777 4117 2979 4191 ἐθττεσι
3022 4117 3403 4191 κατάλληλος
3422 4115 3503 4191 ἦν
3529 4121 3568 4189 ἡ
3595 4122 3750 4178 κατὰ

2674 4188 2927 4242 Μωϋσέιι
2971 4190 3256 4243 πολιτεία.

2259 4301 2379 4355 Ὀτι
2425 4301 2481 4354 δὲ
2512 4303 2545 4372 ἡ
2581 4299 2721 4355 κατὰ
2759 4303 2998 4356 Μωῦσέα
3038 4301 3267 4374 διαταγὴ
3326 4301 3630 4367 Ἰουδαίοις,
3668 4305 3747 4368 ὡς

2185 4393 2341 4466 ἔφην,
2390 4394 2484 4447 καὶ
2533 4393 2740 4457 τούτοις
2790 4394 2910 4464 οὐχὶ¹
2960 4395 3121 4447 πᾶσιν
3177 4394 3318 4464 (οὐδὲ
3364 4395 3472 4467 γὰρ
3528 4399 3639 4460 τοῖς
3685 4399 3747 4450 ἐν

525 4483 591 4538 iis
613 4486 704 4552 qui
736 4484 789 4537 in
822 4484 1163 4556 dispersione
1187 4492 1524 4558 victitabant,
1570 4495 1662 4549 sed
1696 4496 1828 4551 solis
1875 4499 1929 4553 in
1980 4499 2083 4553 Pa-

2188 4485 2448 4557 διασπορᾷ
2487 4483 2861 4554 τυγχάνουσιν,
2913 4486 3027 4539 ἀλλ’
3058 4486 3091 4558 ἢ
3144 4487 3323 4558 μόνοις
3357 4491 3468 4552 τοῖς
3502 4488 3598 4559 τὴν
3636 4490 3750 4543 Πα-

526 4575 731 4629 laastina
766 4581 1132 4651 versantibus)
1167 4585 1586 4639 accommodatre
1638 4585 1839 4641 fuerint
1899 4608 1910 4643 :
1970 4590 2084 4645 evi-

525 4668 658 4722 dens
690 4670 784 4724 tibi
815 4673 919 4726 erit
952 4673 1024 4726 ita
1055 4676 1349 4744 colligenti.
1397 4678 1486 4731 Ait
1536 4679 1734 4733 alicubi
1791 4679 1968 4736 Moses
2001 4682 2082 4737 le-

523 4773 693 4828 geque
750 4764 991 4834 praecipit
1023 4767 1065 4797 ¹⁰
1100 4785 1114 4820 :
1150 4785 1168 4816 ι
1198 4767 1302 4822 Ter
1343 4770 1534 4840 quovis
1588 4786 1731 4825 anno
1805 4773 2083 4843 apparebit

521 4866 683 4907 omne
739 4859 1037 4913 masculum
1089 4871 1236 4914 tuum
1284 4877 1465 4916 coram
1501 4862 1728 4918 Domino
1762 4863 1869 4919 D60
1899 4874 2013 4921 tuo.
2056 4887 2076 4920 ι

522 4943 698 5013 Αιιιιιο
723 4948 898 5002 adhuc
931 4952 1101 5021 titagis
1147 4955 1450 5023 perspicue,
1481 4957 1700 5009 ubinam
1753 4958 1950 5027 triplici
1983 4973 2080 5027 per

523 5049 723 5088 amuun
750 5049 989 5109 tempore
1021 5043 1304 5097 universos
1341 5047 1634 5101 convenire
1661 5056 1953 5116 Oporteret,
1983 5048 2080 5104 deo

523 5129 779 5187 terminat
808 5146 929 5184 cum
961 5132 1037 5185 ait
1062 5135 1101 5164 ¹¹
1135 5152 1148 5188 :
1186 5153 1204 5185 ι
1246 5133 1443 5190 Tribus
1471 5138 1803 5206 temporibus
1833 5139 1961 5192 anni
1983 5153 2079 5208 ap—

524 5220 731 5290 parebit
760 5238 918 5277 omne
950 5228 1248 5280 masculum
1288 5235 1439 5281 tuum
1485 5242 1669 5282 coram
1708 5227 1936 5283 Domino
1966 5229 2077 5286 Deo

521 5323 634 5375 tuo,
665 5314 717 5365 in
745 5314 864 5368 loco
887 5330 1046 5384 quem
1070 5317 1328 5387 delegerit
1355 5318 1635 5373 Dominus.
1672 5339 1691 5371 ι
1728 5318 1912 5384 Vides,
1933 5320 2076 5387 quod

521 5419 626 5459 non
665 5406 716 5458 in
750 5406 970 5461 civitate
996 5423 1340 5479 quacunque,
1377 5426 1479 5465 nec
1505 5413 1696 5480 quovis
1723 5413 1813 5466 ubi
1845 5427 1964 5468 sors
1989 5421 2076 5466 tu-

512 5496 642 5548 lerit
667 5496 785 5551 loco
808 5498 1291 5567 convenirejubet,
1322 5500 1417 5554 sed
1454 5518 1473 5551 ι
1511 5500 1565 5554 in
1597 5501 1738 5566 loco,
1776 5517 1937 5572 quem
1980 5502 2076 5558 de-

515 5590 708 5658 legerit
733 5588 994 5645 Dominus
1020 5587 1162 5645 Deus
1198 5599 1326 5648 tuus
1357 5592 1423 5647 “.
1460 5610 1479 5644 ι
1514 5591 1592 5649 Ibi
1626 5594 1802 5650 tribus
1850 5609 1946 5666 per
1976 5609 2074 5648 an-

2186 4577 2460 4647 λαιστίνην
2501 4577 2738 4631 οίκοῦσιν
2781 4578 3137 4650 ἐφήρμοςεν),
3185 4573 3288 4633 ὧδέ
3319 4597 3400 4634 σοι
3438 4581 3744 4651 συλλογιζοη

2190 4668 2334 4739 μένῳ
2356 4668 2584 4739 φανερὸν
2618 4667 2788 4722 ἔσται.
2829 4672 2964 4741 Φησί
3003 4688 3103 4724 που
3136 4672 3375 4743 Μωῦσῆς
3402 4673 3704 4744 νομοθετῶν
3724 4691 3750 4708 ι

2192 4776 2211 4808 ι
2249 4756 2378 4825 Τρὶς
2417 4755 2511 4809 τοῦ
2554 4758 2798 4813 ἐνιαυτοῦ
2839 4760 3131 4832 ὀφθήσεται
3173 4765 3281 4817 πᾶν
3325 4764 3607 4833 ἀρσενικόν
3647 4781 3748 4818 σου

2186 4848 2411 4903 ἐνώπιον
2442 4850 2646 4921 Κυρίου
2668 4850 2762 4903 τοῦ
2790 4851 2922 4904 Θεοῦ
2955 4869 3068 4905 σου.
3100 4873 3118 4905 ι
3148 4856 3257 4908 Καὶ
3289 4856 3367 4908 ἔτι
3393 4858 3746 4929 σαφέστερον,

2184 4943 2315 4996 ὅπου
2367 4943 2533 5013 ἐχρῆν
2566 4944 2809 5015 ἀπαντᾷν
2850 4947 2973 5008 τοὺς
2997 4947 3203 5011 πάντας
3234 4949 3414 5019 τρίτον
3439 4949 3531 5002 τοῦ
3568 4949 3746 5016 ἔτους,

2184 5034 2428 5105 ἀφορίζει
2454 5034 2625 5103 λέγων
2643 5053 2657 5066 ·
2687 5054 2706 5086 ‹
2730 5036 2886 5107 Τρεῖς
2918 5040 3139 5108 καιροὺς
3167 5039 3261 5092 τοῦ
3297 5040 3538 5094 ἐνιαυτοῦ
3573 5040 3749 5112 ὀφθή-

2184 5147 2333 5185 σεται
2359 5133 2466 5185 πᾶν
2506 5132 2787 5202 ἀρσενικόν
2836 5148 2929 5184 σου
2964 5132 3200 5186 ἐναντίον
3239 5134 3441 5205 Κυρίου
3475 5132 3569 5186 τοῦ
3610 5133 3748 5188 Θεοῦ

2184 5242 2298 5288 σου,
2357 5226 2414 5278 ἐν
2465 5225 2544 5296 τῷ
2590 5225 2740 5296 τόπῳ
2860 5223 2925 5277 ἃν
2963 5224 3245 5296 ἐκλέξηται
3292 5226 3512 5297 Κύριος.
3546 5245 3564 5278 ι
3592 5227 3747 5282 Θεω-

2187 5320 2316 5390 ρεῖς,
2357 5319 2435 5382 ὡς
2463 5320 2561 5372 οὐκ
2602 5320 2660 5371 ἐν
2706 5319 2854 5392 πάσῃ
2887 5318 3056 5384 πόλει,
3082 5319 3188 5373 οὐδ’
3219 5320 3338 5372 ὅποι
3359 5319 3545 5390 ἔτυχεν
3568 5323 3747 5375 ἀπαν-

2179 5413 2278 5483 τᾷν
2325 5412 2668 5484 προστάττει,
2698 5412 2811 5465 ἀλλ’
2853 5431 2872 5463 ι
2910 5415 2967 5467 ἐν
3028 5413 3174 5484 τόπῳ
3235 5407 3279 5481 ᾧ
3318 5411 3413 5467 ἐὰν
3456 5412 3746 5485 ἐκλέξηται

2181 5503 2400 5575 Κύριος,
2427 5506 2455 5557 ὁ
2481 5504 2611 5568 Θεός
2631 5521 2744 5558 σου.
2786 5524 2804 5556 ι
2837 5504 3004 5559 Ἔνθα
3032 5507 3207 5575 τρισὶν
3236 5506 3464 5560 ἑκάστου
3494 5506 3741 5561 ἐνιαυτοῦ

2182 5598 2390 5665 καιροῖς
2417 5597 2508 5649 ἐπὶ
2548 5595 2710 5651 ταυτὸ
2761 5596 2996 5651 συνιέναι
3024 5597 3317 5669 νομοθετεῖ,
3351 5600 3589 5663 καὶτοὺς
3626 5614 3746 5653 και·-

590 5745 629 5774 ¹⁸
663 5741 831 5798 Exod.
874 5760 1027 5811 χχιιι,
1067 5746 1159 5815 l7;
1189 5746 1358 5805 Exod.
1402 5767 1585 5819 xxxrv,
1623 5752 1712 5809 25.
1794 5753 1832 5785 “
1868 5750 2030 5808 ‘Deut.
2075 5771 2185 5818 xvi,
2227 5751 2315 5809 l6.
2389 5752 2429 5784 "
2471 5750 2627 5808 Deut.
2673 5769 2841 5818 xxvii,
2880 5752 2969 5809 26.
