4056 6418
212 316 270 371 29
1086 315 1739 374 DEMONSTRATIONIS
1776 304 2235 374 EVANGELICE
2276 312 2406 371 LIB.
2446 313 2494 373 I.
3301 357 3336 393 .
3374 313 3442 366 50

213 439 338 511 ροὺς
366 434 633 508 ἀφορίζει,
660 434 789 490 καθ’
817 433 913 501 οὓς
940 437 1184 508 ἀπαντᾷν
1215 439 1381 511 ἐχρῆν
1419 439 1479 493 ἐν
1504 437 1582 510 τῷ
1606 439 1756 511 τόπῳ

1879 454 2008 493 num
2050 435 2409 507 temporibus,
2442 433 2758 504 congregari
2801 431 2856 486 in
2895 445 3061 486 unum
3087 429 3261 500 jubet,
3299 436 3439 485 tem-

206 533 263 583 tv
311 528 357 599 ᾧ
396 529 465 583 τὰ
505 528 608 599 τῆς
636 529 764 582 κατ’
818 529 979 582 αὑτὸν
1015 529 1271 601 λατρείας
1306 532 1644 585 ὲπετελεῖτο·
1684 531 1780 585 ἕνα

203 622 309 695 μὲν
343 620 428 676 τοῦ
465 621 682 692 Πάσχα,
722 621 974 694 δεύτερον
1002 622 1094 675 τὸν
1118 623 1256 694 μετά
1278 626 1617 696 πεντήκοντα
1646 626 1783 696 ἠμέ-

200 733 308 787 ρας
339 714 429 768 ἐπὶ
452 714 552 785 τῆς
594 714 1000 786 ὀνομαζομένης
1028 715 1409 787 Πεντηκοστῆς
1430 718 1623 789 ἑορτῆς
1642 733 1655 748 ⁸
1684 719 1781 771 καὶ

196 806 385 878 τρίτον
408 807 485 877 τῷ
511 805 725 877 ἑϐδόμῳ
750 807 882 876 μηνὶ
912 805 1050 877 μετά
1068 807 1129 860 τὸ
1156 808 1345 878 Πάσχα
1374 808 1517 862 κατά
1562 808 1663 880 τὴν
1684 807 1779 861 τοῦ

194 896 434 968 ἱλασμοῦ
463 895 699 968 ἡμέραν,
727 896 849 950 καθ’
878 897 945 969 ἢν
979 898 1143 952 εἰσέτι
1172 898 1268 952 νῦν
1313 900 1554 953 Ἰουδαῖοι
1579 900 1779 966 πάντες

190 989 301 1060 τὴν
360 990 611 1059 νηστείαν
669 990 1024 1045 ἐπιτελοῦσιν.
1087 992 1389 1064 Ἐπαρᾶταί
1441 1010 1502 1047 τε
1549 996 1660 1058 τοῖς
1702 994 1777 1066 μὴ

189 1082 499 1152 ἐμμένουσι
541 1085 653 1146 τοῖς
686 1085 1182 1155 νομοθετουμένοις.
1224 1085 1434 1140 Οὐκοῦν
1478 1088 1604 1150 τοὺς
1649 1084 1778 1157 μέλ-

187 1172 387 1238 λοντας
446 1174 694 1238 ἅπαντας
738 1175 984 1247 ἁπαντᾷν
1025 1177 1206 1250 τρίτον
1258 1177 1353 1231 τοῦ
1386 1177 1540 1242 ἔτους
1585 1180 1665 1242 εἰς
1708 1177 1777 1232 τά

203 1265 587 1336 Ἰεροσόλυμα,
616 1266 712 1319 καὶ
738 1266 809 1319 τὰ
828 1267 1032 1339 νόμιμα
1066 1268 1328 1342 πληροῦν,
1360 1271 1419 1324 οὐ
1450 1270 1638 1343 πόρρω
1672 1288 1775 1324 που

187 1354 293 1423 τῆς
356 1353 620 1419 Ἰουδαίας
662 1357 831 1428 ἐχρῆν
871 1359 1043 1429 δήπου
1082 1360 1271 1423 οἰκεῖν,
1319 1360 1435 1414 ἀλλ’
1468 1360 1607 1414 εἰσὶν
1633 1362 1777 1432 ἀμφὶ

187 1448 323 1509 τοὺς
342 1447 513 1533 ὄρους
541 1464 553 1474 ·
582 1449 631 1500 εἰ
661 1446 719 1500 δὲ
744 1447 806 1520 δὴ
838 1451 950 1511 τοῖς
995 1450 1331 1521 πορρωτάτω
1364 1451 1467 1522 τῆς
1494 1452 1778 1507 Παλαιστί-

185 1556 290 1606 νης
310 1540 560 1593 οἰκοῦσιν
603 1541 876 1606 Ἰουδαίοις
901 1541 1135 1596 ἀδύνατα
1157 1537 1226 1613 ἦν
1259 1542 1433 1597 τελεῖν
1457 1544 1525 1598 τὰ
1552 1561 1775 1615 νενομο-

184 1629 491 1701 θετημένα,
520 1631 720 1685 πολλοῦ
744 1632 908 1702 φάναι
944 1637 1057 1698 τοῖς
1100 1636 1265 1689 πᾶσιν
1310 1633 1508 1700 ἔθνεσι,
1542 1636 1775 1701 καὶτοῖς

181 1724 246 1775 ὲν
280 1725 404 1786 ταῖς
450 1725 736 1793 ἐσχατιαῖς
765 1723 990 1795 τῆς’γῆς
1032 1723 1383 1796 ἐφαρμόζειν.
1432 1726 1771 1781 Ἐπάκουσον

1881 545 2125 602 poraque
2152 528 2475 584 determinat
2502 523 2702 596 quibus
2736 523 3024 579 convenire
3052 527 3300 594 oporteat
3322 522 3442 575 loco

1880 638 1991 693 quo
2018 620 2190 676 divini
2221 619 2404 675 cultus
2443 616 2616 674 olIicia
2646 616 2966 681 obibantur;
3018 630 3187 669 unum
3219 614 3440 684 quidem

1879 711 2187 776 Paschalis,
2230 712 2461 766 alterum
2508 715 2633 780 post
2676 706 2795 762 dies
2842 706 3255 777 quinquaginta,
3301 704 3441 760 l‘esto

1878 808 2024 880 quod
2073 806 2427 861 Pentecostes
2474 802 2602 857 inde
2652 800 2800 855 venit
2848 801 3089 863 nomine,
3132 807 3186 854 et
3220 800 3442 856 tertium

1878 911 2066 952 mense
2099 896 2329 966 septimo
2376 899 2501 965 post
2541 891 2772 955 Pascha,
2802 890 2891 945 die
2937 890 3283 961 expiationis,
3332 906 3443 961 quo

1880 988 2184 1043 etiamnum
2211 985 2387 1042 Judiei
2421 985 2584 1041 hodie
2612 999 2804 1039 omnes
2839 982 3109 1052 jejunium
3142 982 3438 1037 celebrant.

1878 1076 2023 1134 Diris
2073 1085 2253 1134 autem
2301 1077 2481 1133 Moses
2534 1090 2630 1131 eos
2672 1076 2919 1139 devovet,
2955 1075 3049 1144 qui
3090 1073 3299 1144 legibus
3327 1075 3443 1130 suis

1878 1170 2089 1227 sancita
2120 1186 2232 1225 non
2256 1167 2686 1226 observaverint.
2719 1166 2882 1236 Atqui
2929 1166 3051 1230 hos,
3097 1167 3191 1236 qui
3240 1165 3441 1234 triplici

1874 1263 1994 1318 vice
2020 1278 2119 1333 per
2168 1278 2371 1317 annum
2400 1261 2660 1318 deberent
2691 1259 3080 1331 Hierosolymis
3123 1259 3437 1323 convenire,

1876 1353 2130 1424 ritusque
2160 1354 2371 1424 legibus
2394 1354 2721 1409 constitutos
2751 1351 2819 1406 ad
2861 1351 3080 1422 plenum
3122 1351 3293 1415 obire,
3328 1364 3441 1406 non

1876 1445 2067 1516 procul
2094 1460 2123 1497 a
2153 1443 2337 1500 Iudaea
2369 1445 2619 1500 habitare
2654 1443 2939 1514 oportebat
2968 1463 2982 1498 :
3014 1443 3109 1513 qui
3138 1457 3266 1497 vero
3289 1443 3439 1497 circa

1875 1548 2147 1592 extremos
2168 1536 2469 1592 Palaestina:
2488 1536 2709 1602 limites,
2733 1543 2827 1590 aut
2856 1536 3073 1607 longius
3092 1550 3124 1589 a
3148 1534 3437 1591 Palaestina

1876 1628 2143 1701 degebant
2188 1627 2382 1695 Judaei,
2434 1637 2702 1701 praecepta
2750 1630 2886 1701 legis
2932 1628 3192 1701 perlicere
3243 1627 3438 1698 nequi-

1877 1722 2045 1783 bant;
2075 1729 2286 1776 tantum
2318 1722 2496 1788 abest,
2528 1730 2589 1777 ut
2631 1723 2890 1778 omnibus
2937 1722 3191 1794 gentibus
3220 1728 3275 1777 et
3301 1720 3433 1775 ulti-

179 1816 241 1868 δὲ
274 1816 396 1870 τίνα
419 1815 628 1887 τρόπον
648 1816 677 1868 6
702 1816 865 1880 αὐτὸς
906 1816 1068 1870 πάλιν
1101 1815 1394 1888 νομοθέτης
1417 1816 1517 1889 τὴν
1547 1818 1655 1871 ἀπὸ
1681 1817 1761 1870 λέ-

1875 1826 1990 1866 mas
2023 1822 2199 1868 terras
2247 1812 2612 1869 incolentibus
2660 1813 2776 1868 haec
2831 1814 3066 1884 potuerit
3110 1826 3432 1883 congruere.

179 1921 317 1975 κους
365 1907 609 1973 γυναῖκα
650 1903 895 1975 ἁπαντᾷν
950 1905 1297 1977 προστάττει,
1333 1906 1428 1959 καί.
1473 1906 1665 1971 θυσίας
1696 1906 1773 1980 τῷ

328 1997 682 2069 προσφέρειν,
708 1997 881 2066 λέγων
908 1997 1079 2063 οὕτως
1094 2014 1108 2030 ο
1146 2017 1165 2051 ι
1190 1999 1301 2054 Kal
1316 1999 1543 2073 ὲλάλησε
1568 1999 1773 2070 Κύριος

178 2089 322 2160 πρὸς
360 2088 634 2160 Μωῦσῆν,
672 2086 877 2159 λέγων·
917 2090 1162 2163 Λὰλησον
1206 2093 1320 2157 τοῖς
1346 2093 1483 2157 υίοῖς
1532 2092 1768 2164 Ἰσραὴλ,

178 2180 284 2235 καὶ
300 2181 448 2252 ἐρεῖς
478 2180 833 2252 πρδςιαίηούς
853 2198 867 2211 ’
900 2181 1041 2253 Γυνὴ
1079 2183 1202 2253 ἥτις
1226 2182 1321 2235 ἐὰν
1364 2185 1766 2257 σπερματισθῇ,

176 2269 279 2322 καὶ
298 2268 433 2339 τέκῃ
474 2269 666 2340 ἄρσεν,
712 2269 1022 2339 ἀκάθαρτος
1073 2269 1225 2325 ἔσται
1276 2271 1417 2326 ἑπτὰ
1468 2269 1762 2345 ἠμέρας.ἰ

178 2357 319 2415 Εἶτα
347 2359 555 2431 μεταξύ
592 2378 715 2415 τινα
747 2360 937 2427 εἰπὼν,
959 2362 1240 2436 ἐπιφέρει·
1282 2382 1300 2414 ι
1338 2364 1448 2416 Καὶ
1477 2365 1605 2418 ὃταν
1631 2365 1769 2439 πλη-

180 2452 433 2523 ρώθῶσιν
453 2455 510 2507 αἰ
541 2453 747 2525 ἡμέραι
785 2452 1103 2525 καθάρσεως
1147 2454 1317 2526 αὐτῆς
1351 2455 1437 2524 ἐφ’
1470 2455 1571 2527 υἱῷ
1603 2455 1636 2527 ἢ
1675 2458 1767 2510 ἐπὶ

175 2544 436 2615 θυγατρὶ,
471 2546 755 2616 προσοίσει
781 2545 949 2617 ἀμνὸν
967 2544 1236 2600 ἐνιαύσιον
1258 2549 1340 2611 είς
1370 2547 1761 2616 ὀλοκάρπωμα,

176 2634 280 2689 καὶ
308 2633 535 2688 νεοσσὸν
596 2636 923 2708 περιστερᾶς
957 2636 990 2707 ἢ
1036 2636 1272 2707 τρυγόνα
1303 2638 1432 2709 περὶ
1468 2638 1760 2710 ἁμαρτίας,

174 2727 277 2780 ἐπὶ
307 2726 412 2797 τὴν
441 2725 615 2796 θύραν
650 2728 749 2798 τῆς
782 2728 985 2799 σκηνῆς
1011 2728 1105 2781 τοῦ
1138 2729 1459 2801 μαρτυρίου.
1488 2730 1634 2801 Πρὸς
1669 2730 1762 2784 τὸν

179 2819 336 2888 ἱερέα
364 2818 646 2887 προσοίσει
672 2819 810 2873 αὑτὰ
848 2818 1024 2873 ἔναντι
1056 2820 1286 2891 Κυρίου.
1320 2822 1430 2874 Καὶ
1458 2821 1761 2887 ὲξιλάσεται

179 2910 315 2980 περί
331 2910 553 2980 αὑτῆςό
585 2912 782 2982 ἱερεὺς,
816 2914 910 2967 καὶ
940 2911 1194 2984 καθαριεῖ
1214 2912 1381 2985 αὐτὴν
1409 2914 1516 2968 ἀπὸ
1534 2916 1633 2988 τῆς
1660 2932 1763 2988 πη-

178 3001 289 3071 γῆς
324 3000 420 3054 τῖ’ιῦ
457 3001 686 3072 αἵματος
724 3002 915 3072 αὐτῆς.
960 2995 1129 3068 Οὗτος
1159 3005 1187 3057 6
1213 3004 1374 3076 νόμος
1415 3006 1515 3077 τῆς
1545 3005 1760 3061 τικτού-

179 3108 285 3162 σης
306 3092 477 3163 ἄρσεν
513 3092 547 3163 ἢ
590 3091 744 3163 θῆλυ.
776 3112 793 3144 ι
833 3094 952 3147 Ἔτι
984 3093 1119 3166 πρὸς
1146 3092 1359 3159 τούτοις
1394 3096 1422 3148 6
1452 3095 1613 3161 αὐτὸς
1663 3096 1758 3152 καὶ

174 3184 271 3235 τὸν
295 3183 409 3235 ἀπὸ
441 3183 640 3254 κήδους
689 3183 784 3237 καί
818 3184 1026 3256 νεκρῶν
1074 3186 1290 3257 ἐπαφῆς
1331 3188 1657 3259 προστάττει
1684 3187 1760 3261 μὴ

174 3274 359 3337 ἄλλως
387 3272 749 3345 καθαίρεσθαι
781 3274 813 3345 ἢ
852 3274 940 3329 διά
973 3293 1116 3340 τινος
1150 3275 1344 3330 σποδοῦ
1369 3276 1650 3348 δαμάλεως
1673 3279 1758 3348 ἐφ’

174 3367 333 3431 ὅλαις
377 3365 613 3438 ⁴ίγμέραις
646 3366 805 3430 έπτά,
848 3367 957 3421 τῶν
982 3368 1227 3439 συνήθων
1265 3369 1597 3424 ἀποστάντα.
1650 3370 1758 3424 Λέ-

174 3474 266 3527 γει
298 3456 453 3524 γοῦν·
480 3455 511 3509 ι’
521 3457 631 3511 Kal
661 3456 812 3510 ἔσται
830 3461 940 3522 τοῖς
964 3460 1099 3523 υἱοῖς
1126 3459 1342 3531 Ἰσραὴλ
1373 3460 1596 3524 καὶτοῖς
1618 3477 1756 3534 προ-

175 3548 459 3621 κειμένοις
503 3549 862 3622 προσηλύτοις
886 3550 943 3603 ἐν
983 3550 1131 3621 μέσῳ
1163 3552 1340 3604 αὐτῶν
1372 3552 1600 3623 νόμιμον
1629 3550 1760 3607 αίώ-

175 3659 315 3696 νιον.
358 3643 416 3696 ’ῡ
442 3642 745 3712 ἁπτόμενος
770 3641 863 3696 τοῦ
897 3641 1217 3713 τεθνηκότος
1249 3643 1432 3714 πάσης
1454 3644 1634 3715 ψυχῆς
1666 3646 1759 3699 ἁν-

176 3730 403 3804 θρώπου
450 3730 758 3803 ἀκάθαρτος
790 3730 972 3785 ἔσται·
1008 3730 1146 3785 ἑπτά
1168 3732 1403 3803 ἡμέραις
1434 3731 1759 3804 ἁγνισθήσε-

164 3830 303 3876 ίταυ
336 3826 402 3893 τῇ
438 3822 617 3895 ἡμέρᾳ
655 3825 721 3894 τῇ
763 3822 920 3897 τρίτῃ
950 3824 1046 3877 καὶ
1076 3825 1141 3894 τῇ
1176 3822 1378 3895 ἐϐδόμῃ
1421 3823 1756 3897 καθαρισθή-

179 3931 356 3969 σεται.
396 3914 521 3968 Ἐἀν
544 3916 601 3967 δὲ
630 3914 705 3985 μὴ
741 3913 1043 3986 ἀφαγνισθῇ
1072 3917 1137 3986 τῇ
1167 3914 1351 3986 ἡμέρᾳ
1375 3917 1442 3986 τῇ
1470 3914 1628 3988 τρίτῃ
1661 3917 1756 3971 καὶ

176 4007 244 4076 τῇ
277 4004 505 4077 ἑϐδόμῃ,
534 4004 593 4056 οὐ
638 4003 876 4076 καθαρὸς
927 4004 1096 4060 ἔσται.
1123 4005 1239 4068 Πᾶς
1259 4007 1287 4057 6
1325 4006 1627 4075 ἁπτόμενος
1657 4005 1753 4059 τοῦ

177 4093 504 4165 τεθνηκότος
537 4094 645 4147 ἀπὸ
673 4094 850 4166 ψυχῆς
898 4093 1207 4166 ἀνθρώπου,
1238 4095 1335 4150 ἐὰν
1378 4095 1628 4170 ἀποθάνῃ
1659 4097 1753 4151 καὶ

179 4185 257 4255 μὴ
284 4184 536 4255 ἁγνισθῇ,
569 4184 668 4257 τὴν
712 4186 915 4257 σκηνὴν
949 4185 1042 4240 τοῦ
1076 4187 1372 4259 μαρτυρίου
1416 4186 1511 4241 τοῦ
1537 4189 1740 4260 Κυρίου

176 4274 422 4345 ἐμίανεν.
477 4275 891 4346 Ἐκτριϐἡσεται
936 4278 969 4348 ἡ
1011 4276 1156 4347 ψυχὴ
1198 4276 1377 4347 ἐκείνη
1411 4276 1469 4344 ἐξ
1514 4277 1750 4349 Ἰσραὴλ,

176 4367 260 4420 ὅτι
304 4366 450 4438 ὕδωρ
510 4365 806 4438 ῥαντισμοῦ
843 4368 904 4420 οὗ
952 4367 1407 4440 περιερραντίσθη
1438 4370 1523 4421 ἐπ’
1548 4368 1709 4421 αὐτόν
1733 4384 1746 4400 ο

1873 1904 2015 1958 Audi
2064 1920 2228 1976 porro
2268 1905 2543 1976 quomodo
2589 1905 2731 1961 idem
2777 1921 2973 1961 rursus
3000 1906 3277 1977 legislator
3307 1920 3433 1958 mu-

1873 1996 2061 2052 lierem
2092 2012 2122 2050 a
2148 1996 2436 2067 puerperio
2468 1998 2728 2052 accedere
2754 2004 2808 2052 et
2845 1998 3173 2052 sacriﬁcium
3206 1996 3317 2052 Deo
3348 1996 3435 2052 ol-

1871 2086 2014 2143 l’erre
2035 2088 2245 2157 jubeat,
2266 2104 2391 2144 cum
2415 2090 2490 2143 ait
2516 2090 2559 2121 ¹³
2584 2108 2600 2145 :
2638 2109 2657 2141 ι
2688 2088 3035 2160 Locutusque
3061 2097 3146 2146 est
3170 2088 3435 2144 Dominus

1871 2180 1939 2235 ad
1972 2178 2158 2236 Mosen
2188 2187 2243 2235 et
2272 2180 2410 2235 dixit
2442 2200 2458 2238 :
2490 2180 2738 2251 Loquere
2768 2181 2894 2238 liliis
2914 2182 3084 2238 Israel
3110 2191 3163 2238 et
3191 2181 3341 2237 dices
3363 2181 3432 2235 ad

1868 2285 1962 2327 eos
1996 2290 2008 2325 :
2048 2271 2240 2327 Mulier
2268 2287 2606 2343 quaecunque
2631 2273 2941 2343 conceperit
2971 2288 3157 2328 semen
3186 2279 3241 2327 et
3268 2287 3434 2343 pepe-

1868 2364 2007 2419 rerit
2065 2366 2393 2432 masculum,
2445 2366 2725 2421 immunda
2782 2367 2886 2421 erit
2940 2375 3144 2436 septem
3195 2365 3336 2421 dies.
3405 2384 3426 2417 ι

1866 2453 2072 2510 Deinde
2094 2456 2399 2526 interiectis
2424 2458 2704 2513 nonnullis
2724 2457 3005 2527 subjungit
3035 2455 3077 2488 “
3106 2473 3121 2510 :
3150 2474 3169 2507 ι
3209 2455 3275 2508 Et
3304 2470 3430 2510 cum

1865 2544 2074 2615 impleti
2097 2545 2297 2608 fuerint
2327 2546 2445 2601 dies
2474 2548 2873 2617 puriﬁcatiouis
2906 2548 3046 2617 ejus,
3073 2560 3172 2617 pro
3202 2545 3313 2600 lilio
3334 2552 3432 2600 aut

1863 2652 1964 2707 pro
1985 2637 2113 2705 lilia,
2157 2637 2346 2693 offeret
2372 2654 2571 2709 agnum
2597 2640 2906 2694 anniculum
2939 2639 2995 2693 in
3026 2638 3427 2703 holocaustum,

1862 2736 1918 2784 et
1959 2730 2166 2800 pullum
2205 2731 2490 2797 columbae,
2524 2740 2617 2787 aut
2646 2739 2917 2789 turturem
2962 2747 3063 2802 pro
3093 2739 3320 2802 peccato
3357 2731 3427 2786 ad

1863 2817 2106 2874 hostium
2134 2820 2475 2877 tabernaculi
2507 2823 2828 2878 testimonii.
2861 2822 2943 2877 Ad
2983 2821 3320 2877 sacerdotem
3344 2820 3431 2876 of-

1862 2908 2000 2967 feret
2029 2927 2093 2967 ea
2120 2922 2250 2968 ante
2276 2912 2590 2971 Dominum.
2625 2914 2693 2968 Et
2716 2914 2963 2969 exorabit
2986 2929 3086 2984 pro
3127 2928 3192 2968 ea
3237 2928 3426 2970 sacer-

1861 3004 1981 3072 dos,
2006 3012 2062 3059 et
2089 3005 2402 3075 puriﬁcahit
2424 3021 2542 3062 eam
2572 3020 2603 3059 a
2634 3005 2783 3060 fonte
2814 3004 3096 3076 sanguinis
3130 3002 3271 3073 ejus.
3302 3001 3427 3058 Haec

1860 3103 1945 3153 est
1972 3096 2059 3152 lex
2088 3096 2350 3166 parientis
2370 3098 2672 3153 masculum
2701 3104 2755 3153 et
2783 3097 3061 3153 feminam.
3101 3117 3120 3149 ι
3157 3094 3426 3151 Praeterea

1860 3187 2005 3243 idem
2031 3188 2464 3244 contaminatum
2514 3204 2582 3244 ex
2610 3188 2799 3245 funere
2825 3195 2879 3244 et
2916 3196 3171 3244 contactu
3201 3188 3426 3255 mortui,

1858 3278 2105 3350 praecipit
2133 3295 2242 3335 non
2258 3281 2364 3335 alio
2384 3280 2546 3335 modo
2568 3280 2845 3351 puriﬁcari
2874 3296 3033 3350 quam
3061 3296 3158 3355 per
3184 3282 3424 3334 cinerem

1854 3368 2126 3440 juvencze,
2164 3370 2357 3426 diebus
2390 3372 2615 3440 integris
2647 3379 2873 3441 septem,
2919 3372 3260 3441 negotiisque
3287 3385 3422 3426 con-

1860 3459 2034 3515 suetis
2063 3460 2357 3517 abstinere.
2390 3462 2480 3514 Ait
2504 3462 2669 3532 igitur
2694 3461 2738 3493 ¹⁸
2770 3480 2785 3517 :
2822 3479 2841 3513 ι
2871 3459 2938 3515 Ει
2966 3460 3070 3516 erit
3102 3459 3227 3516 liliis
3252 3460 3423 3516 Israel

1857 3559 1912 3606 et
1962 3552 2253 3623 proselytis
2304 3553 2690 3608 accedentibus
2726 3554 2782 3608 in
2812 3553 2990 3607 medio
3024 3567 3213 3607 eorum
3245 3553 3423 3623 legiti-

1858 3658 2008 3698 mum
2043 3650 2327 3699 aeternum.
2359 3643 2465 3710 Qui
2504 3644 2742 3715 tetigerit
2773 3645 3005 3699 cadaver
3034 3644 3272 3700 hominis
3323 3659 3421 3699 cu-

1852 3731 2055 3803 jusque
2089 3734 2271 3787 anima
2295 3742 2544 3797 exutum,
2575 3731 2889 3788 immundus
2915 3733 3020 3787 erit
3059 3742 3263 3803 septem
3298 3733 3418 3788 die-

1856 3823 1960 3880 bus
1998 3824 2426 3894 :purilicabitnr
2478 3822 2567 3878 die
2614 3823 2774 3878 tertio
2829 3831 2884 3877 et
2933 3823 3021 3879 die
3067 3824 3316 3892 septimo,
3365 3831 3422 3879 et

1856 3919 2093 3974 mundus
2142 3919 2267 3973 erit.
2326 3916 2387 3971 Si
2436 3931 2567 3974 vero
2604 3930 2714 3971 non
2767 3913 2931 3970 fuerit
2986 3916 3304 3985 purilicatus
3331 3914 3421 3971 die

1853 4010 2018 4066 tertio
2042 4017 2095 4065 et
2123 4008 2209 4064 die
2236 4008 2489 4079 septimo,
2527 4021 2637 4061 non
2669 4007 2774 4062 erit
2802 4005 3057 4060 mundus.
3108 4004 3301 4062 Omnis
3321 4005 3418 4076 qui

1854 4100 2088 4172 tetigerit
2120 4099 2352 4155 cadaver
2397 4099 2636 4155 hominis
2683 4099 2883 4154 mortui
2936 4098 3120 4152 anima
3169 4107 3414 4163 exutum,

1856 4202 1911 4249 et
1971 4208 2079 4247 non
2130 4192 2295 4247 fuerit
2351 4191 2694 4262 puriﬁcatus,
2747 4192 3161 4246 tabernaculum
3201 4188 3416 4245 Domini

1853 4282 2064 4353 polluit.
2094 4280 2557 4335 Exterminabitur
2586 4279 2767 4333 anima
2811 4280 2901 4333 illa
2948 4296 3015 4335 ex
3058 4279 3245 4345 Israel,
3277 4292 3417 4349 quo—

1859 4376 2006 4431 niam
2051 4388 2193 4445 aqua
2229 4373 2560 4443 aspcrsionis
2593 4388 2699 4427 non
2741 4373 3171 4442 circumaspersa
3204 4379 3289 4426 est
3321 4385 3416 4425 su-

175 4458 487 4528 ἀκάθαρτός
509 4460 678 4522 ἔστιν,
716 4458 1026 4531 ἀκαθαρσία
1060 4460 1145 4512 ἐπ’
1173 4459 1512 4530 αὐτῷέσται.
1537 4458 1641 4513 Καὶ
1661 4452 1751 4514 οὗ·

1863 4484 1950 4539 per
1975 4482 2098 4522 eum
2129 4484 2143 4518 :
2179 4464 2494 4519 immundus
2526 4474 2640 4530 est;
2688 4464 3031 4518 immunditia
3078 4470 3241 4532 super
3288 4475 3413 4516 eum

173 4568 263 4614 τος
287 4553 318 4605 6
360 4552 549 4622 νόμος.
592 4551 909 4624 Ἀνθρωπος
954 4550 1048 4605 ἐὰν
1075 4552 1316 4623 ἀποθάνῃ
1355 4554 1413 4606 ὲν
1443 4552 1609 4624 οἰκίᾳ,
1632 4554 1747 4615 πᾶς

172 4646 627 4718 εἰσπορευόμενος
671 4647 752 4710 εἰς
786 4645 884 4717 τὴν
911 4645 1108 4711 οἰκίαν,
1140 4646 1233 4699 καὶ
1264 4646 1443 4700 πάντα
1478 4647 1580 4700 ὅσα
1599 4646 1747 4699 ἐστὶν

170 4738 314 4807 ὲντῇ
337 4739 510 4809 οἰκίᾳ,
545 4736 829 4808 ἀκάθαρτά
869 4738 1015 4790 ἐστιν
1053 4739 1191 4792 emax
1226 4738 1457 4811 ἡμέρας.
1485 4739 1608 4809 ⁵Καὶ.
1638 4740 1746 4793 πᾶν

172 4827 368 4890 σκεῦος
422 4828 788 4898 ἀνεῳγμένον,
832 4828 931 4881 ὅσα
978 4828 1098 4898 οὐχὶ
1138 4828 1322 4899 δεσμῴ
1372 4828 1742 4895 καταδέδεται,

168 4918 457 4991 ἀκάθαρτα
489 4917 660 4971 ἔσται.
699 4919 809 4971 Καὶ
844 4921 953 4983 πᾶς
988 4919 1047 4984 ὃς
1099 4921 1166 4975 ἂν
1207 4921 1410 4993 ἀψηται
1442 4924 1534 4977 ὲπί
1575 4925 1746 4996 πρόσ-

169 5026 317 5065 ωπον
342 5010 439 5063 τοῦ
453 5009 657 5063 ’πεδίου
696 5012 1029 5083 τραυματίου
1070 5014 1361 5085 ῥομφαίας,
1391 5015 1424 5086 ἢ
1452 5017 1667 5088 νεκροῦ,
1708 5016 1741 5089 ἢ

165 5104 357 5157 ὀστέου
414 5104 847 5176 ἀνθρωπίνου,ἢ
894 5108 1195 5177 μνήματος,
1250 5106 1744 5181 ἀκάθαρτόςυὲστιν

164 5192 308 5246 ἑπτά
346 5193 582 5265 ἡμέρας.
616 5194 727 5246 Kal
763 5193 1019 5265 λήψονται
1060 5194 1138 5266 τῷ
1184 5196 1479 5269 ἀκαθάρτῳ
1504 5197 1612 5250 ἀπὸ
1644 5197 1742 5268 τῆς

163 5277 392 5349 σποδιᾶς
422 5286 522 5356 τῆς
572 5286 1060 5358 κατακεκαυμένης
1084 5286 1175 5340 τοῦ
1206 5288 1494 5359 ἁγνισμοῦ,
1524 5289 1620 5342 καί¹
1648 5292 1741 5343 έκ-

160 5379 378 5449 χέουσιν
407 5376 580 5449 αὐτὴν
602 5379 683 5440 εἰς
702 5377 895 5442 σκεῦος
933 5373 1031 5449 (2),
1061 5380 1153 5433 καὶ
1181 5380 1436 5452 λήψονται
1470 5381 1739 5435 ὖσσωποψ

160 5471 254 5524 καὶ
285 5468 455 5540 βάψει
493 5468 636 5540 ἀνὴρ
676 5469 937 5541 καθαρὸς,
978 5471 1071 5525 καὶ
1096 5474 1416 5546 περιρρανεῖ
1442 5474 1534 5526 ἐπὶ
1554 5472 1644 5527 τὸν
1668 5469 1746 5526 ol-

1852 4562 1976 4616 erit.
2013 4559 2080 4613 Et
2112 4559 2351 4613 hmc'est
2409 4557 2516 4611 lex.
2568 4555 2741 4610 Ilomo
2782 4557 2829 4612 si
2878 4565 3126 4609 mortuus
3160 4554 3323 4608 fuerit
3357 4552 3414 4605 in

1852 4651 2035 4713 domo,
2069 4649 2249 4705 omnis
2275 4646 2584 4718 ingrediens
2616 4646 2671 4699 in
2698 4646 2943 4711 domum,
2982 4653 3037 4700 et
3082 4644 3260 4699 omnia
3294 4656 3415 4712 quae

1851 4751 1980 4799 sunt
2010 4743 2067 4797 in
2097 4741 2278 4806 domo,
2333 4739 2614 4795 immunda
2661 4747 2789 4794 sunt
2837 4745 3043 4807 septem
3093 4735 3305 4789 diebus.
3347 4732 3414 4786 Et

1852 4850 2012 4891 omne
2047 4849 2141 4888 vas
2166 4839 2435 4903 apertum,
2468 4846 2805 4902 quaecunque
2843 4844 2950 4884 non
2984 4826 3200 4882 vinculo
3239 4825 3412 4897 (oper-

1852 4928 1981 4999 culi)
2009 4928 2225 4996 alligata
2251 4933 2399 4991 sunt,
2428 4924 2707 4978 immunda
2734 4928 2914 4978 erunt.
2950 4919 3014 4973 Et
3039 4918 3215 4973 omnis
3236 4918 3328 4987 qui
3355 4917 3414 4975 in

1850 5034 1983 5090 agro
2013 5017 2253 5087 tetigerit
2279 5015 2524 5070 occisum
2554 5013 2734 5084 gladio
2777 5011 3117 5074 vulneribus,
3157 5010 3241 5065 vel
3266 5025 3418 5066 mor-

1850 5116 2025 5175 tuum,
2054 5108 2138 5162 vel
2168 5121 2355 5161 ossum
2403 5104 2639 5159 hominis
2670 5109 2763 5156 aut
2792 5101 3099 5168 sepulcrum
3124 5117 3138 5167 ;
3170 5099 3413 5154 immun-

1849 5199 1953 5254 dus
1984 5197 2088 5251 erit
2116 5196 2307 5250 diebus
2350 5202 2579 5264 septem.
2619 5191 2683 5246 Et
2714 5198 2930 5245 sument
2970 5205 3068 5259 pro
3108 5189 3409 5255 immundo,

1849 5291 1918 5346 dc
1947 5289 2131 5344 cinere
2152 5288 2449 5343 combusta:
2492 5284 2766 5357 συνέπεσε)
2810 5284 3223 5354 purilicationis,
3255 5281 3414 5337 et-el—

1850 5381 2080 5442 fundent
2109 5395 2232 5434 eum
2258 5380 2314 5433 in
2336 5395 2450 5445 vas,
2479 5386 2533 5432 et
2567 5376 3130 5446 sumentghyssopum,
3162 5384 3216 5429 et
3241 5375 3413 5443 tinget

1849 5474 1934 5528 vir
1960 5487 2133 5543 purus
2160 5479 2216 5527 et
2251 5471 2709 5541 circumasperget
2737 5484 2901 5539 super
2923 5468 3143 5525 domum
3170 5472 3224 5522 et
3248 5479 3413 5536 super

233 5627 280 5657 ³³
322 5625 501 5683 Levit.
546 5641 647 5690 xu,
711 5626 761 5688 I,
800 5625 855 5679 2.
933 5627 976 5660 “
1014 5625 1147 5690 Ibid.
1188 5626 1241 5693 6,
1285 5627 1336 5697 7,
1416 5628 1460 5659 ³⁸
1495 5626 1655 5684 Num.
1698 5623 2005 5699 mne-al.

230 5765 307 5831 γε)
342 5764 471 5832 Leg.
495 5765 780 5833 ὶκχέουσιν
806 5767 890 5821 ἐπ’
913 5766 1079 5839 αὐτὴν
1097 5767 1243 5840 ,ὕδωρ
1271 5767 1378 5836 ζῶν
1409 5771 1487 5833 εις
1522 5769 1729 5838 σκεῦος»

1863 5770 2112 5841 :ﬁ'vndent
2134 5786 2286 5840 super
2305 5785 2421 5825 cum
2445 5767 2724 5841 (cinerem)
2742 5783 2931 5841 aquam
2950 5766 3190 5821 viventem
3214 5766 3264 5820 in
3294 5785 3400 5822 res.
