4056 6418
589 324 745 403 τι,

1220 323 1491 381 EUSEBII
1523 322 2005 380 CASSARIENSIS
2040 322 2191 381 OPP.
2233 322 2419 378 PARS
2458 323 2605 383 ιι.--
2638 317 3140 379 APOLOGETICA.

3746 320 3825 375 52

588 458 719 501 vasa
744 452 798 501 et
823 459 988 517 super
1016 445 1226 501 animas
1251 453 1518 517 quotquot
1549 443 1754 509 fuerint
1783 445 1879 510 ibi,
1910 451 1966 501 et
1988 459 2127 515 supe:

2252 459 2368 507 κον,
2399 442 2492 496 καὶ
2541 438 2610 498 τὰ
2670 440 2861 512 σκεύη,
2894 439 2989 495 καὶ
3031 438 3131 504 τὰς
3162 436 3359 509 ψυχάς,
3398 436 3515 491 ὅσοι
3560 434 3657 490 ἐὰν
3684 429 3823 489 ὦσιν

589 550 712 590 eum
743 536 837 607 qui
864 536 1043 608 tetigit
1080 551 1265 593 ossum
1302 539 1560 605 hominis,
1609 547 1704 594 aut
1736 542 1979 596 occisum
2021 540 2144 592 vul-

591 646 757 696 nere,
806 637 901 686 aut
956 638 1250 695 mortuum,
1294 639 1389 686 aut
1438 633 1770 704 sepulcrum.
1807 632 1873 688 Et
1918 634 2149 691 circum-

514 781 517 791 ,
591 728 838 796 asperget
859 723 1095 780 mundus
1115 739 1278 795 super
1307 724 1648 781 immundum
1675 727 1764 784 die
1786 728 1948 785 tertio
1972 736 2027 784 et
2057 730 2145 784 die

590 812 822 882 septimo
872 832 887 869 :
939 819 994 868 et
1049 814 1251 870 lavabit
1297 814 1617 879 vestimenta
1671 832 1794 881 sua,
1843 827 1897 874 et
1944 832 2146 889 corpus

589 918 746 961 suum
776 905 974 962 lavabit
1006 920 1168 977 aqua,
1206 912 1260 960 et
1310 906 1561 978 impurus
1590 911 1694 964 erit
1732 926 1908 982 usque
1934 911 2003 967 ad
2045 927 2142 968 ve-

588 1008 822 1065 speram.
852 995 919 1050 Et
940 996 1102 1053 homo
1114 997 1536 1069 quijnquinatus
1561 1000 1747 1071 fuerit,
1769 1010 1824 1059 et
1845 1019 1955 1059 non
1980 1002 2144 1061 fuerit

586 1089 924 1160 purificatus,
956 1091 1411 1151 exterminabitur
1463 1093 1645 1150 anima
1689 1094 1780 1151 illa
1812 1112 1879 1152 ex
1907 1110 2142 1167 synago-

583 1197 670 1252 ga,
726 1184 982 1253 quoniam
1012 1198 1154 1253 aqua
1203 1187 1536 1256 aspersionis
1571 1203 1677 1244 non
1707 1188 2141 1259 circumaspersa

582 1279 668 1328 est
696 1288 862 1345 super
889 1289 1037 1330 eum.
1070 1274 1137 1335 Et
1167 1279 1272 1333 erit
1299 1279 1455 1334 vobis
1485 1279 1783 1350 legitimum
1840 1280 1945 1335 lioc
1995 1297 2140 1337 sem-

582 1364 851 1433 piternum
875 1367 940 1422 ".
978 1386 998 1420 ι
1033 1366 1156 1424 Hinc
1186 1369 1276 1424 ubi
1307 1371 1483 1427 sancit
1507 1371 1703 1433 Moses.
1730 1373 1892 1430 etiam
1918 1373 2138 1429 modum

580 1470 736 1525 aquae
764 1458 1102 1526 aspersionis
1126 1461 1453 1531 praescribit.
1481 1462 1643 1518 Jubet
1671 1464 1815 1519 enim
1841 1464 2136 1534 iuvencam

579 1546 760 1602 rufam
792 1564 912 1621 quae
934 1566 1042 1605 non
1074 1552 1233 1607 habet
1263 1553 1316 1608 in
1349 1569 1408 1609 se
1450 1554 1661 1619 vitium,
1702 1554 1935 1610 cremari
1965 1563 2135 1610 totam

577 1639 725 1696 etde
750 1640 935 1696 cinere
980 1643 1100 1712 ejus
1145 1645 1380 1716 inspergi
1433 1661 1650 1716 aquam,
1700 1661 1806 1717 qua
1858 1646 2135 1717 purificari

575 1732 973 1788 contaminatos
1001 1749 1031 1788 a
1063 1736 1295 1791 mortuis
1326 1743 1558 1805 oportet.
1594 1736 1713 1801 Quo
1736 1745 1914 1792 autem
1940 1737 1994 1792 in
2016 1737 2145 1791 loco

2253 531 2387 594 ἐκεῖ,
2430 531 2523 585 καὶ
2557 531 2649 584 ἐπὶ
2674 531 2765 587 τὸν
2806 532 3048 602 ἡμμένον
3073 528 3165 583 τοῦ
3194 527 3382 583 ὀστέου
3413 527 3506 582 τοῦ
3537 527 3819 600 ἀνθρωπί-

2251 640 2364 688 νου,
2387 623 2419 695 ῆ
2445 622 2538 677 τοῦ
2562 621 2923 696 τραυματίου,
2947 623 2981 693 ἦ
3003 621 3095 676 τοῦ
3120 620 3461 693 τεθνηκότος,
3488 619 3522 692 ἢ
3550 619 3643 674 τοῦ
3672 621 3816 692 μνή-

2254 733 2445 788 ματος.
2480 717 2588 771 Kal
2603 717 2921 793 περιρῥανεῖ
2948 718 2977 771 ὁ
3004 714 3240 787 καθαρὸς
3264 714 3359 768 ἐπὶ
3379 714 3471 768 τὸν
3508 712 3818 784 ἀκάθαρτον

2250 810 2308 863 ἐν
2328 811 2394 882 τῇ
2429 808 2611 881 ἡμέρᾳ
2654 811 2722 879 τῇ
2751 808 2932 883 τρίτῃ,
2964 807 3057 865 καὶ
3076 808 3133 862 έν
3157 811 3225 878 τῇ
3264 806 3449 878 ἡμέρᾳ.
3489 808 3557 878 τῇ
3585 804 3812 877 ἑϐδόμῃ,

2248 899 2342 954 καὶ
2373 896 2565 957 πλυνεί
2588 898 2658 952 τὰ
2689 900 2878 970 ἱμάτια
2909 897 3122 964 ἐαυτοῦ,
3152 898 3246 952 καὶ
3276 897 3523 951 λούσεται
3557 897 3619 950 τὸ
3652 894 3817 966 σῶμα

2248 985 2399 1047 ὕδατι
2424 1028 2439 1054 ,
2472 988 2568 1043 καὶ
2610 989 2918 1065 ἀκάθαρτος
2957 989 3112 1049 ἔσται
3148 990 3251 1055 ἕως
3296 989 3551 1062 ἑσπέρας.
3577 989 3689 1047 Kal
3719 989 3817 1043 ἄν·

2247 1076 2462 1149 θρωπος
2488 1077 2584 1134 ἐὰν
2623 1079 2843 1153 μιανθῇ,
2876 1080 2972 1135 καὶ
3004 1080 3078 1154 μή
3128 1080 3450 1153 ἀφαγνισθῇ,
3499 1078 3814 1153 ἐξολοθρευ-

2247 1169 2467 1243 θήσεται
2508 1173 2541 1244 ή
2593 1172 2739 1245 ψυχὴ
2770 1173 2950 1246 ἐκείνη
2971 1174 3037 1227 ἐκ
3061 1173 3161 1244 τῆς
3190 1172 3531 1244 συναγωγῆς,
3552 1172 3634 1227 ὅτι
3664 1171 3814 1244 ὕδωρ

2247 1263 2540 1335 ῥαντισμοῦ
2577 1264 2638 1318 οὑ
2678 1263 3133 1338 περιερραντίσθη
3168 1264 3253 1318 ἐπ’
3282 1264 3460 1319 αὐτόν.
3498 1265 3610 1318 Kal
3655 1264 3812 1322 ἔσται

2245 1356 2373 1428 ὑμῖν
2401 1357 2628 1428 νόμιμον
2653 1356 2886 1411 αἰώνιον.
2916 1378 2933 1409 ι
2955 1356 3138 1412 Ταῦτα
3158 1357 3397 1428 Μωῦσῆς
3420 1356 3811 1430 νομοθετήσας,

2241 1448 2332 1502 τὸν
2358 1448 2555 1520 τρόπον
2600 1447 2693 1503 τοῦ
2724 1448 2914 1513 ὓδατος
2958 1450 3050 1503 τοῦ
3089 1449 3380 1521 ῥαντισμοῦ
3410 1450 3811 1510 ἐπεκδιδάσκειο

2242 1540 2472 1611 δάμαλιν
2512 1540 2726 1614 πυρρὰν
2758 1541 2984 1613 ἄμωμον
2999 1542 3419 1596 ὁλοκαυτοῦσθαι
3435 1545 3811 1616 προστάττων,

2243 1631 2336 1689 καὶ
2361 1631 2469 1691 ἀπὸ
2493 1632 2595 1703 τῆς
2620 1633 2841 1696 σποδιᾶς
2880 1633 3049 1704 αὐτῆς
3074 1633 3437 1705 ἐμϐάλλεσθαι
3466 1635 3543 1707 τῷ
3573 1636 3723 1690 ὕδατι
3747 1636 3813 1702 ἐξ

2242 1715 2303 1776 οὗ
2346 1724 2544 1795 χρῆναι
2584 1723 2939 1797 καθαίρεσθαι
2964 1727 3091 1789 τοὺς
3127 1727 3219 1780 ἐπὶ
3250 1727 3426 1798 νεκρῷ
3468 1728 3813 1800 μεμολυσμέφ

577 1820 657 1876 fas
687 1822 758 1877 sit
783 1823 1073 1893 jnvencam
1103 1830 1445 1891 comburere,
1467 1829 1551 1883 vel
1577 1827 1665 1883 ubi
1698 1843 2020 1899 puerperam
2051 1828 2127 1883 of-

2236 1832 2379 1879 νους.
2414 1815 2524 1869 Ποῦ
2577 1815 2636 1869 δὲ
2693 1816 2797 1888 χρὴ
2831 1815 3254 1871 ὁλοκαυτοῦσθαι
3278 1818 3374 1890 τὴν
3406 1818 3655 1891 δάμαλιν,
3701 1821 3808 1876 ποῦ

573 1910 716 1969 ferre
764 1917 1054 1983 sacrificia,
1085 1926 1140 1972 et
1173 1920 1262 1974 ubi
1286 1927 1510 1975 caeteros
1539 1920 1653 1989 lege
1683 1920 2029 1990 praescriptos
2059 1920 2137 1974 ri-

572 2013 661 2062 tus
716 2008 869 2063 obire
929 2010 1119 2066 deceat
1170 2018 1224 2066 et
1277 2011 1522 2081 exsequi,
1561 2012 1703 2081 quod
1740 2012 1844 2067 hoc
1875 2027 1984 2065 non
2019 2026 2138 2081 per-

572 2099 798 2155 missum
829 2101 901 2158 sit
933 2101 1113 2158 facere
1144 2104 1455 2175 promiscue
1481 2104 1727 2174 quolibet
1774 2104 1828 2158 in
1860 2105 2002 2169 loco,
2037 2103 2133 2159 sed

569 2194 625 2247 in
661 2210 771 2249 uno
806 2211 966 2266 quem
995 2197 1113 2266 ipse
1140 2197 1491 2265 determinat;
1543 2197 1889 2268 perspicuum
1937 2203 2020 2253 est
2065 2212 2134 2251 ex

572 2284 640 2340 iis
673 2303 793 2358 qua:
831 2289 947 2359 lege
981 2290 1223 2361 praecipit
1254 2306 1376 2346 cum
1418 2292 1493 2345 ait
1537 2292 1579 2323 "
1624 2310 1638 2347 :
1694 2309 1714 2342 ι
1752 2290 1817 2343 Ει
1844 2291 1950 2346 erit
1979 2290 2133 2346 locus

566 2393 945 2450 quemcunque
975 2381 1197 2452 elegerit
1227 2380 1486 2439 Dominus
1519 2381 1661 2440 Deus
1715 2391 1863 2448 tuus,
1898 2391 1956 2438 ut
1982 2386 2139 2439 invos

568 2475 722 2522 cetur
751 2484 948 2526 nomen
979 2471 1098 2540 ejus
1128 2471 1225 2539 ibi,
1249 2473 1381 2528 illuc
1413 2473 1600 2529 feretis
1622 2474 1829 2539 omnia,
1875 2488 1997 2545 qua:
2029 2490 2133 2546 ego

567 2559 765 2617 mando
796 2560 954 2617 vobis
993 2561 1173 2621 bodio.
1214 2583 1233 2617 ι
1269 2563 1405 2621 Hinc
1431 2573 1691 2621 accurate
1717 2566 1808 2622 illa
1853 2580 1981 2622 cum
2028 2582 2130 2623 ex-

565 2649 859 2718 posuisset,
913 2653 1200 2733 subiungit
1230 2655 1321 2713 ":
1373 2674 1393 2710 ι
1447 2656 1680 2715 Attende
1726 2657 1827 2713 tibi
1880 2657 2009 2729 ipsi,
2059 2674 2132 2715 ne

567 2740 764 2798 offeras
815 2743 1252 2802 holocautoniata
1297 2755 1414 2811 tua.
1463 2749 1776 2820 ubicunque
1825 2751 2126 2821 aspexeris,

566 2832 660 2886 sed
692 2834 746 2889 in
776 2836 893 2891 loco
921 2853 1079 2907 quem
1119 2838 1378 2910 delegerit
1408 2839 1669 2896 Dominus
1715 2842 1858 2898 Deus
1896 2852 2043 2908 tuus,
2071 2844 2131 2898 in

564 2937 669 2975 una
709 2926 989 2980 civitatum
1042 2933 1281 2992 tuarum,
1330 2928 1406 2982 ibi
1451 2928 1647 2986 otl‘eres
1690 2930 2135 2988 holocautomata.

560 3021 673 3076 tua.
708 3026 760 3071 et
795 3016 868 3071 ibi
896 3016 1063 3073 faries
1082 3019 1264 3073 omnia
1292 3036 1633 3094 quacunque
1663 3039 1765 3091 ego
1806 3025 2004 3081 mando
2026 3027 2124 3082 tibi

562 3105 741 3162 hodie.
779 3127 798 3159 ι
831 3106 993 3162 Addit
1028 3125 1190 3180 porro
1241 3112 1330 3166 “z
1380 3129 1402 3164 ι
1442 3111 1558 3167 Non
1606 3116 1811 3184 poteris
1866 3117 2013 3172 vesci
2067 3117 2123 3172 in

2234 1907 2290 1961 δὲ
2318 1908 2414 1980 τήν
2443 1910 2500 1961 ἐν
2535 1907 2680 1979 λέχει
2713 1908 3043 1981 προσφέρειν
3087 1911 3185 1975 τὰς
3235 1911 3445 1977 θυσίας,
3498 1912 3601 1967 ποῦ
3635 1914 3692 1967 δὲ
3733 1915 3808 1969 τὰ

2233 1997 2395 2052 λοιπά
2417 1999 2623 2069 νόμιμα
2672 1999 2962 2060 συντελεῖν,
2989 1999 3071 2052 ὅτι
3097 1999 3171 2072 μὴ
3207 2000 3512 2075 ἀδιαφόρως
3546 2003 3604 2056 ἐν
3645 2021 3810 2059 παν-τι

2231 2091 2403 2163 τόπῳ,
2429 2090 2540 2144 ἀλλ’
2566 2093 2623 2144 ἐν
2658 2090 2803 2161 μόνῳ
2835 2091 2936 2153 ἐνὶ,
2969 2085 3014 2159 ᾧ
3039 2092 3200 2157 αὐτὸς
3225 2092 3491 2165 ἀφορίζει,
3526 2095 3681 2167 δῆλον
3712 2098 3807 2167 ἀφ’

2232 2168 2307 2235 ὧν
2350 2179 2630 2251 νομοθετεῖ
2670 2178 2875 2248 λέγων’
2918 2198 2937 2231 ι
2973 2182 3083 2234 Kal
3138 2180 3289 2236 ἔσται
3339 2186 3367 2237 ὁ
3407 2184 3568 2246 τόπος
3608 2185 3667 2239 ὃν
3709 2186 3809 2240 ἐὰν

2231 2271 2516 2339 ἐκλέξηται
2550 2270 2753 2342 Κύριος
2771 2273 2800 2325 ὁ
2818 2271 2948 2337 Θεὸς
2975 2272 3149 2343 ὑμῶν,
3180 2275 3238 2327 ἐν
3264 2273 3411 2345 αὐτῷ
3442 2275 3806 2347 ἐπικληθῆναι

2229 2362 2291 2416 τὸ
2315 2362 2695 2434 ὁνομααύτοῦ.
2729 2363 2849 2425 ἐκεῖ
2880 2362 3053 2428 οίσετε
3086 2362 3263 2425 πάντα
3293 2364 3395 2419 ὅσα
3422 2364 3532 2436 ἐγὼ
3562 2366 3806 2421 ἐντέλλο-

2233 2470 2333 2527 μαι
2355 2453 2486 2526 ὑμῖν
2514 2453 2775 2528 σήμερον.
2802 2472 2822 2507 ι
2856 2453 2975 2509 Καὶ
2990 2453 3357 2511 διαστέλλεται
3378 2456 3509 2528 ἑξῆς
3535 2458 3806 2532 ἁκριδιῖρς,

2228 2547 2497 2619 ἐπιλέγων
2516 2564 2531 2581 ο
2565 2565 2591 2601 ι
2622 2547 2863 2621 Πρόσεχε
2901 2546 3133 2620 σεαυτῷ,
3176 2549 3384 2625 μήποτε
3414 2550 3712 2626 άνενέγκης
3732 2553 3809 2608 τά

2228 2639 2654 2713 ὁλοκαυτώματά
2686 2658 2803 2705 σου,
2842 2633 2905 2698 οὗ
2936 2639 3002 2694 ἂν
3033 2641 3169 2714 ἴδῃς,
3200 2641 3314 2696 ἀλλ’
3340 2643 3374 2715 ἢ
3414 2646 3494 2708 είς
3520 2644 3609 2698 τὸν
3635 2649 3806 2699 τόπον

2227 2732 2284 2788 ὂν
2309 2732 2402 2786 ἐὰν
2429 2731 2711 2803 ἐκλέξηται
2759 2731 2961 2804 Κύριος
2999 2734 3028 2786 ὁ
3075 2731 3207 2798 Θεός
3254 2750 3345 2787 σου
3390 2735 3573 2802 αὐτὸν,
3610 2737 3667 2790 ἐν
3701 2739 3807 2809 μιᾷ

2225 2823 2336 2879 τῶν
2365 2823 2570 2878 πόλεών
2597 2841 2713 2888 σου,
2744 2824 2860 2876 ἐκεῖ
2879 2822 3111 2889 ἀνοίσεις
3139 2824 3207 2879 τὰ
3233 2825 3656 2899 ὁλοκαυτώματά
3679 2845 3801 2896 σου,

2227 2918 2322 2974 καὶ
2354 2919 2468 2972 ἐκεῖ
2499 2918 2743 2988 ποιήσεις
2780 2918 2957 2979 πάντα
3000 2917 3099 2971 ὅσα
3128 2917 3441 2990 ἐντέλλομαι
3472 2921 3599 2989 ὑμῖν
3628 2921 3805 2992 σήμε-

2233 3026 2342 3081 ρον.
2374 3028 2391 3061 ι
2421 3010 2531 3063 Kal
2581 3007 2901 3081 προστίθησι
2950 3008 3153 3078 λέγων’
3187 3027 3206 3061 ι
3239 3010 3312 3063 Οὐ
3367 3009 3569 3082 δυνήσῃ
3604 3013 3804 3081 ιραγεῖν

2228 3103 2285 3157 ἐν
2314 3102 2514 3165 πάσαις
2541 3104 2664 3165 ταῖς
2698 3100 2884 3155 πόλεσι
2915 3101 2975 3154 τὸ
3002 3100 3321 3155 ἐπιδέκατον
3353 3100 3448 3155 τοῦ
3497 3102 3644 3155 σίτου
3677 3119 3801 3168 σου,

559 3198 663 3251 civi
693 3197 873 3254 atibus
907 3200 1017 3255 tuis
1046 3200 1377 3268 quibuslibet
1418 3205 1835 3261 decimationem
1867 3206 2123 3267 frumenti

2227 3194 2319 3255 καὶ
2346 3194 2438 3247 τοῦ
2458 3192 2599 3247 οἴνου
2633 3210 2749 3258 σου,
2778 3193 2873 3247 καὶ
2899 3193 2992 3249 τοῦ
3027 3192 3205 3247 ἐλαίου
3236 3209 3352 3256 σου,
3384 3192 3454 3248 τὰ
3478 3192 3812 3263 πρωτότοκα

560 3290 658 3353 tui,
687 3305 787 3345 nec
814 3292 923 3346 vini
944 3294 1017 3346 tui
1044 3305 1137 3348 aut
1161 3295 1262 3349 olei
1289 3298 1365 3350 tui
1392 3314 1406 3352 :
1434 3297 1788 3369 primogenita
1810 3300 1970 3354 boum
1999 3308 2123 3359 luo—

557 3396 678 3436 rum
714 3390 768 3436 et
798 3384 981 3438 ovium
1008 3394 1245 3449 tuarum,
1277 3400 1329 3443 et
1360 3390 1543 3444 omnia
1582 3401 1707 3445 vota
1742 3399 1831 3445 tua
1862 3409 2123 3463 quaecun-

557 3489 663 3544 que
691 3476 970 3537 voveritis.
995 3486 1050 3531 et
1076 3478 1454 3536 confessiones
1486 3488 1700 3537 vestras
1752 3490 1807 3538 et
1853 3486 2122 3555 primitias

558 3581 816 3620 manuum
870 3580 1196 3627 vestrarum.
1251 3571 1356 3627 Sed
1409 3580 1536 3629 ante
1603 3574 1891 3632 Dominum
1952 3578 2121 3635 Deum

557 3664 709 3711 tuum
765 3660 991 3715 comede
1037 3662 1128 3715 illa
1179 3663 1233 3718 in
1284 3663 1427 3729 loco,
1478 3683 1640 3736 quem
1697 3667 1960 3740 delegerit
2012 3669 2121 3725 Do-

557 3749 739 3804 minus
790 3749 931 3807 Deus
995 3761 1122 3808 tnus
1179 3754 1304 3819 sibi,
1351 3764 1407 3810 tu
1460 3763 1509 3811 et
1573 3756 1666 3811 lilii
1718 3759 1820 3823 tui,
1873 3760 1982 3815 ﬁlia
2027 3769 2122 3817 tua

558 3847 611 3895 ct
668 3856 859 3896 servus
921 3851 1070 3910 tuus,
1123 3853 1286 3916 atque
1330 3848 1526 3903 ancilla
1574 3857 1668 3904 tua
1716 3859 1772 3906 et
1812 3855 2133 3927 proselytus.

557 3930 615 3987 in
670 3934 896 3991 urbibus
944 3936 1074 3990 tuis.
1116 3955 1138 3989 ι
1190 3936 1396 3995 Deinde
1451 3941 1699 3998 oratione
1763 3959 2118 4016 progressus,

555 4021 701 4093 quod
729 4022 935 4080 dictum
963 4037 1048 4082 est
1067 4028 1372 4096 confirmat,
1409 4031 1538 4086 dum
1567 4034 1648 4089 sic
1677 4035 1755 4089 ait
1781 4054 1794 4090 :
1828 4055 1848 4089 ι
1885 4034 2120 4093 Verum-

556 4122 737 4172 tamen
767 4127 955 4173 sancta
985 4128 1078 4175 tua
1106 4128 1230 4176 cum
1275 4122 1475 4180 fuerint
1504 4125 1622 4192 tibi,
1644 4137 1700 4182 et
1725 4142 1849 4183 cum
1879 4138 2002 4186 vota
2028 4141 2118 4188 tua

557 4213 884 4280 susceperis,
935 4213 1119 4270 venies
1150 4215 1217 4269 ad
1264 4215 1440 4272 locum
1470 4232 1630 4290 quem
1671 4220 1892 4293 elegerit
1940 4223 2121 4282 Domi-

556 4314 660 4356 nus
719 4299 861 4359 Deus
910 4311 1038 4360 tuus
1091 4306 1192 4361 sibi
1217 4306 1284 4363 “.
1317 4327 1337 4360 ι
1365 4307 1431 4364 Ει
1485 4324 1677 4367 rursus
1724 4330 1739 4367 :
1786 4331 1805 4365 ι
1846 4312 2115 4371 Decimam

552 4391 849 4449 decimabis
877 4396 1118 4454 universi
1152 4397 1293 4456 fetus
1322 4399 1545 4456 seminis
1569 4402 1676 4470 tui;
1706 4401 1872 4459 fetum
1903 4406 2016 4478 agri
2040 4406 2115 4461 tui

553 4485 845 4553 quotannis
866 4488 1118 4544 comedes
1157 4490 1335 4561 ipsum
1366 4492 1418 4547 in
1447 4502 1741 4565 conspectu
1777 4493 1992 4551 Domini
2021 4495 2114 4552 Dei

554 4575 655 4638 tui,
687 4590 754 4631 eo
788 4576 843 4632 in
868 4577 989 4634 loco
1015 4596 1175 4650 quem
1204 4582 1429 4654 elegerit
1458 4584 1721 4643 Dominus
1745 4586 1887 4643 Deus
1904 4596 2032 4645 tuus
2047 4590 2116 4646 ad

553 4665 913 4724 lnvocandum
944 4671 995 4741 2
1027 4687 1223 4728 nomen
1280 4690 1438 4731 suum
1481 4677 1556 4733 ibi
1588 4679 1656 4735 ¹¹.
1705 4699 1724 4732 ι
1773 4677 1976 4736 Deinde
2022 4683 2117 4738 ubi

551 4761 820 4828 reputavit
849 4762 975 4832 quid
1014 4762 1192 4820 facere
1223 4778 1491 4836 oporteat,
1527 4769 1574 4824 si
1629 4769 1677 4826 is
1726 4770 1880 4828 locus
1910 4774 1978 4830 de
2005 4791 2123 4846 quo.

550 4851 729 4920 agitur
780 4856 1043 4910 remotior
1094 4855 1277 4923 fuerit,
1324 4858 1538 4931 frugum
1598 4872 1777 4919 autem
1816 4876 2117 4937 proventus

549 4939 774 5007 multus,
808 4951 867 4997 ut
915 4946 1171 5001 videlicet
1219 4948 1381 5004 domo
1424 4950 1493 5006 ad
1540 4953 1717 5008 locum
1771 4954 1865 5013 Dei
1919 4957 2115 5015 afferre

548 5038 795 5101 oporteat
826 5049 1039 5094 annuos
1062 5038 1275 5097 fructus
1306 5045 1741 5112 sacriﬁcationis,
1759 5047 1827 5104 de
1859 5049 1963 5105 hoc
1985 5050 2113 5106 item

549 5123 689 5179 hanc
718 5129 1006 5185 constituit
1036 5131 1205 5203 legem
1238 5152 1251 5188 :
1283 5152 1303 5186 ι
1341 5134 1398 5190 Si
1436 5153 1565 5193 vero
1613 5140 1772 5211 longe
1800 5157 1830 5196 a
1863 5148 1917 5198 te
1947 5142 2114 5198 fuerit

547 5216 654 5279 via,
685 5231 860 5288 neque
902 5224 1082 5290 possis
1108 5239 1170 5280 ea
1200 5237 1611 5296 repracsentare,
1646 5243 1932 5303 propterea
1962 5236 2108 5299 quod

550 5307 706 5378 longe
748 5325 779 5362 a
824 5317 878 5367 te
928 5312 1094 5370 fuerit
1149 5316 1323 5383 locus,
1350 5335 1509 5390 quem
1567 5321 1791 5393 elegerit
1846 5322 2108 5382 Dominus

549 5394 691 5451 Deus
719 5406 845 5455 tuus
885 5401 951 5457 ad
995 5403 1353 5462 invocandum
1386 5423 1581 5464 nomen
1632 5425 1788 5465 suum
1825 5410 1900 5465 ibi
1937 5429 1950 5466 :
1982 5411 2112 5467 tibi-

548 5504 652 5557 que
679 5488 1015 5547 benedixerit
1046 5493 1308 5554 Dominus
1328 5499 1469 5558 Deus
1506 5509 1655 5565 tuus,
1686 5503 1887 5559 vendes
1916 5518 1980 5560 ea
2017 5518 2109 5558 ar—

548 5593 728 5655 gento,
757 5594 812 5641 et
839 5588 1021 5660 capies
1054 5600 1338 5664 argentum
1371 5596 1428 5651 in
1451 5611 1647 5654 manus
1670 5606 1810 5667 tuas,
1831 5605 1887 5654 et
1916 5597 2104 5655 venies

652 5701 892 5784 "_Ij'llm_.
935 5708 1046 5777 xix,
1083 5708 1137 5765 2.
1268 5713 1311 5747 ⁸⁷
1350 5713 1505 5772 Deut.
1547 5732 1644 5784 xu,
1686 5716 1772 5774 ﬂ.

550 5788 663 5835 ξιτ,
695 5773 786 5835 εξ.
823 5775 914 5831 9-5.

1883 5717 1928 5752 ⁸⁸
1964 5714 2101 5774 Ibid.
2142 5717 2226 5783 l5,
2270 5715 2354 5771 η.

2223 3286 2331 3341 τῶν
2390 3285 2526 3357 βοῶν
2575 3302 2688 3349 σου,
2734 3288 2828 3341 καὶ
2863 3287 2972 3342 τῶν
3019 3286 3307 3358 προϐάτων
3345 3303 3460 3351 σου,
3486 3287 3581 3340 καὶ
3616 3284 3810 3350 πάσας

2222 3380 2320 3444 τὰς
2340 3381 2501 3451 εὐχάς
2535 3396 2626 3433 σου
2654 3381 2784 3444 ὅσας
2830 3379 2895 3434 ἂν
2951 3378 3200 3451 εῦξησθε,
3240 3379 3335 3432 καὶ
3368 3378 3467 3443 τὰς
3506 3378 3809 3451 ὁμολογίας

2224 3472 2398 3543 ὑμῶν,
2456 3473 2549 3537 xal
2594 3472 2694 3536 τὰς
2725 3471 2976 3543 ἀπαρχὰς
3021 3471 3127 3525 τῶν
3156 3471 3355 3543 χειρῶν
3392 3471 3544 3542 ὑμῶν
3567 3488 3580 3502 ο
3610 3472 3724 3526 ἀλλ’
3758 3473 3800 3545 ἢ

2223 3564 2459 3617 ἐναντίον
2471 3564 2673 3636 Κυρίου
2694 3563 2786 3616 τοῦ
2803 3554 2936 3616 Θεοῦ
2960 3580 3053 3616 σου
3076 3566 3223 3635 φαγῇ
3241 3563 3397 3627 αὐτὰ,
3414 3565 3470 3617 ἐν
3494 3555 3622 3632 ᾧᾶν
3645 3563 3811 3636 τόπῳ.

2224 3655 2507 3727 ἐκλέξηται
2533 3655 2733 3727 Κύριος
2751 3656 2779 3708 6
2801 3654 2933 3717 Θεὸς
2955 3671 3047 3707 σου
3065 3653 3262 3726 ἑαυτῷ,
3287 3654 3350 3707 σὺ
3377 3653 3471 3707 καί
3489 3654 3536 3708 οξ
3554 3653 3658 3708 υἱοί
3675 3671 3799 3718 σου,

2224 3749 2316 3801 καὶ
2349 3750 2381 3819 ή
2425 3747 2667 3818 θυγάτηρ
2692 3764 2808 3811 σου,
2839 3747 2870 3799 6
2898 3748 3028 3809 παῖς
3058 3763 3172 3811 σου,
3203 3746 3298 3800 xal
3328 3746 3363 3819 ή
3388 3745 3648 3818 παιδίσκη
3674 3763 3795 3812 σου,

2223 3839 2371 3893 καὶὸ
2405 3838 2739 3911 προσήλυτος
2782 3840 2811 3892 6
2857 3839 2914 3891 ἐν
2943 3840 3062 3902 ταῖς
3106 3838 3295 3892 πόλεσι
3343 3855 3455 3893 σου.
3500 3857 3520 3891 ι
3565 3839 3675 3893 Kal
3713 3838 3800 3894 ἔτι

2224 3928 2534 4002 προσελθὼν
2578 3927 3002 3999 ἐπασφαλίζεται
3044 3927 3136 3982 τὸν
3185 3926 3361 3997 λόγον,
3412 3928 3470 3982 ἐν
3592 3944 3756 4000 φησιν
3776 3945 3792 3960 ·

2228 4040 2247 4074 ι
2288 4020 2432 4091 Πλὴν
2464 4018 2532 4082 τὰ
2570 4018 2702 4089 ἆγιά
2732 4035 2826 4073 σου
2867 4017 2904 4072 ἃ
2932 4018 2998 4071 ἂν
3023 4017 3286 4088 γένωνται
3320 4035 3421 4083 σοι,
3460 4018 3679 4084 καὶτὰς
3698 4018 3797 4074 εὑ-

2221 4113 2323 4187 χάς
2353 4129 2444 4166 σου
2474 4110 2674 4176 λαϐὼν,
2706 4110 2855 4183 ἣξεις
2885 4111 2965 4175 εἰς
2994 4110 3086 4164 τὸν
3117 4109 3299 4176 τόπον,
3330 4110 3390 4165 ὃν
3420 4109 3485 4164 ἂν
3510 4111 3794 4184 ἐκλέξηται

2221 4206 2462 4278 Κύριοςὸ
2480 4203 2612 4268 Θεὸς
2637 4220 2731 4257 σου
2759 4200 2952 4274 ἐαυτῷ.
2976 4221 2994 4254 ι
3015 4201 3124 4255 Kal
3138 4199 3302 4256 πάλιν
3316 4219 3330 4233 ο
3362 4221 3382 4255 ι
3404 4204 3646 4277 Δεκάτην
3660 4206 3797 4259 ἀπο-

2218 4296 2540 4363 δεητώσεις
2571 4297 2768 4361 παντὸς
2805 4297 3140 4369 γεννήματος
3176 4295 3272 4350 τοῦ
3314 4296 3626 4371 σπέρματός
3659 4315 3752 4353 σου
3773 4316 3787 4332 ’

2216 4393 2278 4446 τὸ
2310 4391 2553 4462 γέννημα
2578 4387 2674 4443 τοῦ
2707 4386 2876 4461 ἀγροῦ
2918 4404 3011 4441 σου
3052 4385 3342 4461 [ἐνιαυτὸν]
3371 4392 3491 4453 κατ’
3516 4392 3755 4447 ἐνιαυτόν
3772 4431 3789 4447 .

2217 4483 2333 4538 Kal
2362 4484 2509 4558 φαγῇ
2537 4479 2668 4534 αὐτὸ
2698 4479 2937 4533 ἐναντίον
2966 4478 3171 4551 Κυρίου
3203 4479 3300 4542 τοῦ
3342 4480 3476 4540 Θεοῦ
3516 4497 3631 4548 σου,
3658 4483 3718 4538 ὲν
3745 4477 3795 4555 ᾧ

2150 4547 2193 4603 θ
2216 4572 2283 4627 ἂν
2314 4547 2777 4647 ’,ἐκλέξηται
2813 4569 3017 4643 Κύριος
3123 4569 3255 4634 Θεὸς
3285 4587 3400 4635 σου,
3432 4547 3791 4646 ἐπικληθῆναι

2215 4665 2276 4719 τὸ
2307 4664 2477 4735 ὄνομα
2518 4662 2682 4719 αὐτοῦ
2731 4664 2866 4717 ἐκεῖ.
2901 4682 2920 4716 ι
2950 4659 3064 4716 Εἶτ’
3105 4662 3572 4734 ἐπιλογισάμενος,
3597 4665 3652 4719 τί
3681 4665 3791 4722 δέοι

2216 4756 2495 4829 πράττειν,
2519 4757 2567 4808 εί
2591 4755 2806 4829 μακρὰν
2826 4752 3074 4823 ἀφεστὼς
3098 4752 3183 4826 εἴη
3204 4754 3233 4806 6
3259 4755 3392 4827 πρὸς
3418 4754 3580 4810 αὑτοῦ
3608 4755 3792 4828 δηλού-

2218 4865 2374 4921 μενος
2393 4847 2578 4911 τόπος,
2593 4846 2623 4899 6
2649 4845 2705 4899 δὲ
2728 4845 2938 4918 καρπὸς
2964 4845 3072 4900 τῶν
3089 4847 3440 4918 γεννημάτων
3458 4845 3645 4914 πολὺς,
3671 4848 3788 4915 πῶς

2212 4942 2322 5001 δέοι
2351 4937 2749 5013 παρακομίζειν
2776 4935 2986 4991 οἴκοθεν
3010 4938 3090 5002 είς
3107 4938 3199 4993 τὸν
3219 4937 3314 4991 τοῦ
3333 4937 3467 4993 Θεοῦ
3486 4938 3648 4994 τόπον
3662 4942 3790 5007 τοὺς

2216 5029 2495 5094 ἐπετείους
2525 5028 2771 5104 καρποὺς
2798 5028 2896 5101 τῆς
2922 5025 3357 5098 ὁλοκαυτώσεως,
3383 5032 3477 5086 καὶ
3512 5033 3642 5105 περὶ
3665 5032 3791 5087 τού-

2214 5143 2307 5180 του
2343 5124 2492 5179 τόνδε
2521 5107 2701 5196 τίθησι
2731 5123 2822 5177 τὸν
2847 5121 3009 5193 νόμον
3029 5138 3044 5153 ο
3078 5141 3097 5174 ι
3146 5123 3272 5176 Ἐὰν
3299 5123 3356 5176 δὲ
3381 5123 3597 5195 μακρὰν
3626 5124 3790 5198 γένη-

2212 5236 2302 5274 ται
2335 5216 2442 5272 ἀπὸ
2475 5216 2569 5271 σοῦ
2597 5215 2800 5289 ήρὸδὸς,
2843 5216 2937 5268 καὶ
2972 5213 3047 5285 μὴ
3077 5213 3280 5285 δυνήσῃ
3308 5214 3598 5286 ἀναφέρειν
3624 5217 3784 5282 αὐτὰ,

2211 5313 2292 5367 ὅτι
2324 5311 2544 5383 μακρὰν,
2562 5308 2670 5367 ἀπὸ
2692 5307 2785 5362 σοῦ
2817 5308 2846 5361 ὁ
2877 5308 3061 5371 τόπος,
3092 5306 3151 5359 ὃν
3183 5304 3248 5360 ἂν
3272 5305 3556 5378 ἐκλέξηται
3581 5308 3786 5382 Κύριος

2211 5407 2240 5459 ὁ
2258 5404 2389 5468 Θεὸς
2411 5421 2502 5457 σου
2518 5442 2535 5467 ,
2554 5400 2909 5472 ἐπικληθῆναι
2930 5399 2990 5453 τὸ
3010 5398 3179 5471 ὄνομα
3197 5399 3360 5454 αὑτοῦ
3386 5401 3520 5466 ἐκεῖ,
3540 5401 3624 5455 ὅτι
3643 5401 3788 5455 εὐλο-

2212 5501 2371 5571 γήσει
2392 5515 2450 5551 σε
2465 5496 2663 5568 Κύριος
2684 5492 2862 5556 ὁΘεός
2881 5508 2996 5556 σου,
3013 5490 3109 5545 καὶ
3131 5489 3430 5557 ἀποδώσεις
3453 5491 3592 5547 αὐτὰ
3610 5493 3784 5565 άργυ.

2214 5595 2348 5666 ρίου,
2380 5592 2475 5646 καὶ
2498 5587 2722 5661 λήψῃ-τὺ
2751 5586 3008 5659 ἀργύριον
3027 5586 3086 5640 ἐν
3108 5588 3229 5651 ταῖς
3247 5585 3401 5658 χερσί
3429 5604 3544 5653 σου,
3566 5588 3660 5642 καὶ
3688 5603 3786 5641 πο-

2465 5711 2507 5743 "
2549 5706 2687 5764 Ibid.
2739 5708 2824 5773 Π,
2866 5705 2955 5764 18.
3063 5705 3285 5764 ﬂ'lbid.
3318 5704 3408 5763 26.
3537 5708 3580 5738 ’ί
3622 5704 3780 5763 Deut.
