4056 6418
212 369 278 426 6'5
1096 372 1742 437 DEMONSTRATIONIS
1783 374 2239 442 EVANGELICE
2279 378 2407 439 LIB.
2446 378 2489 441 Ῑ.
3374 397 3443 450 δι

221 486 379 561 ρεῦσῃ
397 487 476 552 τίς
500 489 593 546 τὸν
633 491 826 557 τόπον,
856 492 916 549 6v
947 494 1013 551 ἂν
1047 497 1330 570 ἐκλέξηται
1369 497 1569 572 Κύριος
1593 499 1622 553 6
1653 499 1772 564 Θεός

1883 499 1941 554 in
1971 514 2095 556 eum
2125 516 2302 572 ipsum
2331 501 2509 558 locum
2541 516 2703 575 quem
2742 506 2963 579 elegerit
2993 506 3255 569 Dominus
3295 511 3442 574 Deus

218 593 309 629 σου
335 577 516 645 αὐτὸν,
539 582 637 636 καὶ
667 580 865 649 δώσεις
884 583 946 639 τὸ
976 585 1233 658 ἀργύριον
1264 587 1356 641 ἐπὶ
1389 588 1587 653 παντὸς
1622 583 1682 644 οῦ
1713 589 1779 644 ἂν

217 668 447 742 ἐπιθυμῇ
465 671 503 742 ἠ
515 671 660 745 ψυχή
682 691 801 739 σου,
816 676 910 730 ἐπὶ
930 676 1128 748 βουσὶν,
1146 678 1178 751 ἢ
1197 679 1290 733 ἐπὶ
1308 680 1615 757 προϐάτοις,
1636 682 1669 754 ἢ
1687 684 1780 738 ἐπὶ

215 762 359 832 οίνῳ,
390 761 427 834 ἢ
457 761 553 816 ἐπὶ
579 762 799 837 σικέρᾳ,
830 765 864 838 ἢ
893 768 983 821 ἐπὶ
1030 767 1229 834 παντὸς
1266 765 1328 826 οὗ
1374 771 1442 825 ἂν
1477 772 1715 846 ἐπιθυμῇ
1743 776 1777 847 ή

214 853 358 928 ψυχή
390 873 505 921 σου,
547 856 643 911 καὶ
676 862 829 931 φαγῇ
859 860 976 914 ἐκεί
1016 861 1256 917 ἐναντίον
1286 863 1490 935 Κυρίου
1521 865 1612 919 τοῦ
1642 865 1777 920 Θεοῦ

214 963 329 1000 σου.
370 966 389 999 ι
419 948 529 1003 Καὶ
550 944 707 1014 αὖθις
734 952 827 1008 τὸν
850 952 1012 1006 τόπον
1036 955 1507 1029 ἐπισφραγίζεται,
1538 952 1640 1013 ὧδέ
1663 977 1779 1026 πως

210 1038 436 1106 φάσκων
453 1057 468 1071 ·
503 1059 523 1092 ι
559 1042 676 1095 Πᾶν
702 1044 1039 1116 πρωτότοκον
1061 1044 1089 1097 6
1111 1046 1178 1101 ἂν
1213 1047 1374 1120 τεχθῇ
1402 1051 1460 1104 ἐν
1490 1051 1601 1115 τοῖς
1629 1051 1778 1122 βουσί

212 1143 328 1193 σου,
357 1131 454 1184 καὶ
488 1133 546 1185 ἐν
574 1135 687 1195 τοῖς
719 1135 1008 1205 προϐάτοις
1047 1154 1166 1205 σου,
1205 1138 1273 1192 τὰ
1319 1141 1580 1213 ἀρσενικὰ
1620 1139 1777 1197 ἀποί-

210 1234 325 1283 σεις
355 1221 550 1293 Κυρίῳ
575 1222 653 1294 τῷ
679 1223 797 1295 Θεῷ
833 1242 947 1280 σου.
983 1226 1096 1283 Οὐκ
1133 1229 1339 1305 ἐργάσῃ
1371 1235 1428 1287 ἐν
1460 1232 1538 1305 τῷ
1576 1248 1779 1309 πρωτο-

211 1310 353 1382 τόκῳ
387 1312 576 1384 μόσχῳ
611 1330 728 1378 σου,
764 1315 857 1369 καὶ
884 1317 957 1390 μὴ
984 1320 1173 1392 κείρῃς
1205 1321 1268 1375 τὸ
1304 1323 1642 1395 πρωτότοκον
1667 1325 1777 1380 τῶν

211 1401 499 1474 προϐάτων
529 1421 641 1459 σου.
673 1405 939 1461 Ἐναντίον
969 1411 1171 1482 Κυρίου
1208 1412 1299 1466 τοῦ
1340 1413 1475 1468 Θεοῦ
1505 1433 1597 1470 σου
1628 1420 1772 1491 φαγῇ

211 1492 341 1546 αὐτὸ
366 1493 615 1548 ἐνιαυτὸν
642 1495 700 1564 ἐξ
727 1498 993 1564 ἐνιαυτοῦ,
1019 1503 1076 1555 ὲν
1105 1501 1184 1574 τῷ
1218 1505 1367 1577 τόπῳ
1386 1499 1430 1575 ᾧ
1458 1505 1525 1562 ἂν
1556 1508 1777 1580 ἐκλέξηο

206 1601 297 1639 ται
323 1584 585 1657 Κῦριοςό
614 1586 745 1652 Θεός
776 1606 891 1655 σου,
928 1592 993 1646 σὺ
1032 1593 1124 1648 καὶ
1165 1597 1193 1649 6
1230 1591 1377 1663 οἶκός
1415 1615 1529 1653 σου.
1569 1620 1589 1653 ι
1621 1601 1774 1658 Μετὰ

205 1676 384 1730 ταῦτα
409 1677 572 1731 πάλιν
606 1678 721 1746 θέα,
752 1680 874 1736 τίνα
914 1684 1111 1754 τρόπον
1149 1688 1242 1741 καί⁵
1269 1688 1336 1742 τά
1367 1691 1494 1762 περὶ
1523 1692 1629 1747 τῶν
1651 1694 1772 1765 ἐορ-

206 1767 316 1820 τῶν
350 1766 670 1837 διαστέλλει,
706 1772 807 1825 οὐκ
840 1772 1020 1829 ἄλλοθι
1047 1777 1170 1848 γῆς,
1208 1778 1321 1832 ἄλλ’
1353 1779 1469 1852 ἢέν
1511 1783 1656 1855 μόνῳ
1694 1784 1772 1856 τῷ

200 1860 522 1933 δηλουμένῳ
556 1862 723 1935 τόπῳ,
758 1842 1159 1938 πανηγυρίζειν.
1189 1870 1350 1941 Λέγει
1375 1842 1425 1925 δ’
1457 1842 1577 1928 οῦνι
1673 1842 1775 1930 φύξ
1808 1842 1848 1897 Β

204 1951 367 2018 λαξαι
396 1953 489 2007 τὸν
530 1954 673 2026 μῆνα
709 1956 819 2010 τῶν
848 1958 1000 2025 νέων,
1036 1962 1130 2015 καὶ
1180 1964 1424 2036 ποιήσεις
1473 1965 1535 2019 τὸ
1582 1968 1775 2041 Πάσχα

209 2044 400 2115 Κυρίῳ
431 2045 512 2118 τῷ
542 2045 660 2118 Θεῷ
692 2064 807 2113 σου,
843 2050 1086 2121 πρόϐατα
1111 2055 1202 2108 καὶ
1234 2053 1382 2125 βόας,
1412 2058 1469 2110 ἐν
1497 2056 1576 2129 τῷ
1606 2060 1771 2131 τόπῳ,

207 2130 253 2204 ᾧ
280 2138 347 2191 ἂν
387 2137 672 2210 ἐκλέξηται
722 2141 923 2214 Κύριος
963 2146 991 2197 6
1038 2145 1168 2209 Θεός
1210 2164 1302 2200 σου
1342 2148 1509 2221 αὐτῷ.
1552 2170 1570 2201 ι
1608 2130 1773 2206 Πάλιν

210 2230 634 2302 ὑπομιμνήσκει,
652 2231 823 2303 λέγων
840 2250 854 2264 ·
879 2253 896 2286 ι
921 2235 994 2288 υύ
1020 2236 1219 2312 δυνήσῃ
1243 2238 1400 2294 θῦσαι
1421 2242 1480 2295 τὸ
1500 2243 1687 2315 Πάσχα
1716 2244 1773 2297 ἐν

208 2321 433 2393 οὐδεμιᾷ
460 2323 569 2375 τῶν
600 2323 805 2377 πόλεών
835 2342 949 2390 σου,
991 2321 1064 2380 ὧν
1094 2328 1294 2400 Κύριος
1334 2334 1362 2385 6
1398 2333 1527 2398 Θεός
1570 2352 1663 2388 σου
1694 2336 1772 2390 δί-

206 2411 338 2465 δωσί
368 2430 475 2476 σοι,
502 2414 616 2468 ἀλλ’
642 2418 722 2480 εἰς
745 2416 837 2471 τὸν
862 2420 1022 2473 τόπον
1066 2420 1124 2474 ὃν
1170 2422 1234 2477 ἂν
1261 2423 1541 2497 ἐκλέξηται
1574 2428 1774 2499 Κύριος

205 2504 236 2555 6
258 2503 392 2567 Θεός
428 2521 543 2559 σου.
590 2507 735 2560 Ἐκεῖ
763 2507 943 2573 θύσεις
963 2510 1023 2563 τὸ
1051 2512 1239 2583 Πάσχα
1258 2515 1494 2587 ἑσπέρας
1522 2518 1657 2588 πρὸς
1686 2518 1774 2572 δυ-

209 2596 376 2664 σμαῖς
398 2596 574 2667 ήλίου,
608 2599 664 2652 ἐν
709 2599 787 2670 τῷ
832 2601 1007 2673 καιρῷ
1052 2597 1096 2671 ᾧ
1130 2604 1348 2674 ἐξῆλθες
1378 2610 1442 2662 ἐκ
1470 2609 1575 2680 γῆς
1605 2611 1773 2681 Αίγύ-

206 2702 344 2740 πτου
363 2704 380 2717 ·
412 2689 508 2743 καὶ
528 2690 767 2764 ἐφήσεις,
794 2695 887 2748 καὶ
915 2699 1060 2769 φαγῇ
1086 2698 1144 2751 ἐν
1174 2698 1249 2770 τῷ
1274 2701 1424 2773 τόπῳ
1453 2696 1498 2771 ᾧ
1531 2703 1595 2759 ἂν
1625 2705 1773 2759 ἐκλέ-

206 2774 367 2847 ξηται
392 2778 598 2851 Κύριος
631 2783 661 2835 6
699 2780 832 2847 Θεός
859 2801 971 2840 σου.
1008 2805 1027 2838 ι
1095 2786 1154 2842 '0
1180 2790 1276 2860 μὲν
1301 2790 1363 2864 δή
1408 2793 1508 2865 τῆς
1533 2793 1630 2849 τοῦ
1656 2796 1770 2850 Πά-

208 2881 316 2939 σχα
338 2869 535 2941 ἑορτῆς
560 2873 723 2944 νόμος
749 2874 1017 2941 τοιοῦτος·
1043 2879 1073 2932 6
1098 2878 1157 2933 δὲ
1190 2880 1290 2952 τῆς
1324 2883 1697 2959 Πεντήκοστῆς
1719 2885 1773 2940 τί

205 2976 398 3030 φησιν,
428 2964 660 3019 ἄκουσον
677 2982 691 2997 ⁸
719 2985 739 3019 ι
774 2966 946 3023 Ἑπτά
988 2969 1288 3043 ἑϐδομάδας
1323 2973 1646 3050 ὁλοκλήρους
1683 2978 1771 3047 ἐξ-

204 3051 534 3125 αριθμήσεις
578 3057 817 3129 σεαυτῷ,
868 3058 1174 3132 ἀρξαμένου
1221 3080 1314 3118 σου
1372 3065 1635 3139 δρέπανον
1684 3070 1801 3125 ἐπ”

1877 599 2029 659 tuus,
2049 599 2104 665 et
2135 593 2292 650 dabis
2318 604 2600 665 argentum
2624 612 2721 669 pro
2748 600 2897 655 omni
2929 602 3291 677 quodcunque
3306 623 3441 665 con-

1877 684 2108 755 cupierit
2147 684 2329 740 anima
2380 695 2491 753 tua,
2522 703 2618 758 pro
2665 688 2862 756 bobus,
2910 693 3027 749 sive
3067 697 3281 765 ovibus,
3322 704 3441 759 sive

1877 775 2022 839 vino,
2047 775 2162 830 sive
2187 775 2380 845 sicera,
2406 777 2520 836 sive
2543 780 2690 835 omni
2715 781 3077 856 quodcunque
3101 794 3438 864 concupierit

1877 868 2058 921 anima
2087 877 2199 933 tua,
2222 875 2276 924 et
2314 871 2570 928 comedes
2599 872 2672 929 ibi
2701 874 2754 929 in
2773 886 3069 949 conspectu
3100 878 3313 940 Domini
3343 885 3434 944 Dei

1876 960 1955 1012 tui
1978 956 2044 1012 “.
2074 977 2093 1011 ι
2128 957 2266 1014 Tum
2308 975 2503 1018 rursus
2553 964 2732 1020 locum
2774 970 2930 1038 quasi
2965 969 3122 1043 signo
3171 974 3436 1047 impresso

1876 1051 2242 1116 commendat,
2276 1052 2363 1109 his
2383 1052 2689 1114 fereverbis
2720 1078 2733 1115 :
2764 1077 2784 1112 ι
2817 1058 2892 1117 De
2922 1064 3297 1137 primogenitis
3317 1087 3436 1141 qua

1876 1153 2004 1199 nata
2037 1145 2241 1201 fuerint
2273 1147 2327 1202 in
2353 1148 2530 1207 bubus
2558 1161 2717 1223 atque
2737 1156 2949 1223 ovibus,
2975 1163 3275 1217 masculina
3306 1164 3438 1221 olle-

1874 1249 1966 1291 res
1997 1234 2227 1293 Domino
2255 1237 2367 1295 Deo
2390 1245 2504 1296 tuo.
2527 1239 2644 1297 Non
2673 1257 2811 1314 opus
2836 1244 3003 1303 facies
3032 1249 3086 1304 in
3116 1251 3290 1308 vitulo
3327 1255 3436 1324 pri-

1874 1328 2171 1398 mogenito,
2221 1337 2288 1385 et.
2337 1345 2448 1387 non
2473 1333 2745 1391 .tondebis
2792 1336 3212 1417 primogenitum
3250 1345 3434 1402 ovium

1872 1421 2110 1472 tuarum.
2141 1417 2198 1474 In
2224 1429 2519 1493 conspectu
2549 1422 2765 1480 Domini
2798 1425 2891 1482 Dei
2921 1429 2998 1483 tui
3025 1430 3277 1491 comedes
3301 1434 3435 1493 illud

1872 1506 2103 1580 singulis
2131 1512 2311 1578 annis,
2346 1514 2401 1568 in
2424 1515 2545 1569 loco
2565 1532 2724 1586 quem
2755 1519 2976 1589 elegerit
3004 1519 3264 1582 Dominus
3290 1524 3435 1586 Deus

1874 1605 2019 1664 tuus,
2047 1608 2106 1655 tu
2138 1610 2192 1657 et
2226 1601 2420 1660 domus
2448 1608 2615 1660 tua“.
2641 1626 2661 1660 ι
2698 1610 2826 1663 Post
2846 1609 2961 1666 haec
2986 1628 3182 1671 rursus
3202 1616 3431 1690 inspice,

1872 1704 2108 1759 quonam
2136 1694 2297 1748 modo
2326 1709 2391 1750 ea
2418 1711 2538 1766 quae
2562 1698 2627 1753 ad
2655 1698 2820 1756 festos
2853 1701 2970 1757 dies
3006 1705 3278 1775 pertinent
3305 1709 3432 1765 dis-

1871 1782 2089 1851 tinguit,
2120 1791 2179 1839 ut
2215 1801 2284 1841 ne
2312 1787 2439 1842 alibi
2469 1797 2755 1857 terrarum,
2783 1807 2944 1864 quam
2974 1794 3028 1849 in
3073 1812 3139 1852 eo
3180 1814 3286 1854 uno
3311 1800 3433 1858 loco

1874 1872 1942 1928 de
1967 1889 2075 1944 quo
2102 1875 2302 1946 agitur,
2328 1877 2496 1936 festos
2523 1880 2643 1937 dies
2677 1893 2857 1955 agant.
2883 1886 2973 1940 Ait
3003 1888 3171 1958 igitur
3206 1909 3221 1945 :
3259 1909 3279 1942 ι
3320 1890 3431 1948 Ob-

1874 1979 2029 2021 serva
2069 1982 2307 2025 mensem
2354 1986 2614 2028 novarum
2658 1974 2902 2046 frugum,
2925 1988 2977 2035 et
3015 1979 3183 2036 facies
3220 1980 3431 2041 Pascha

1874 2054 2102 2113 Domino
2129 2058 2237 2116 Deo
2269 2073 2379 2124 tuo,
2416 2079 2545 2121 oves
2574 2074 2629 2121 et
2661 2068 2930 2131 boves,~in
2971 2070 3093 2127 loco
3134 2089 3293 2143 quem
3319 2077 3432 2130 ele-

1872 2151 2009 2219 gerit
2036 2150 2292 2209 Dominus
2324 2153 2465 2211 Deus
2491 2167 2615 2213 tuus
2638 2159 2706 2214 “.
2736 2179 2754 2211 ι
2795 2159 3006 2218 Rursus
3054 2163 3307 2220 admonet
3346 2165 3433 2224 his

1874 2243 2052 2298 verbis
2082 2263 2094 2298 :
2128 2261 2147 2295 ι
2184 2243 2300 2300 Non
2343 2253 2544 2318 poteris
2591 2252 2896 2309 sacriﬁcare
2934 2256 3137 2325 pascha
3166 2256 3220 2312 in
3250 2258 3432 2329 aliqua

1872 2335 2089 2390 urbium
2126 2345 2360 2404 tuarum,
2399 2356 2536 2411 quas
2578 2341 2836 2402 Dominus
2865 2345 3006 2402 Deus
3050 2358 3176 2405 tuus
3222 2351 3432 2408 dederit

1871 2425 1991 2491 tibi,
2027 2428 2122 2482 sed
2153 2429 2205 2482 in
2230 2430 2348 2484 loco
2392 2431 2656 2489 duntaxat
2698 2451 2858 2506 quem
2911 2438 3134 2510 elegerit
3170 2440 3432 2500 Dominus

1872 2516 2015 2573 Deus
2067 2527 2212 2574 tuus.
2249 2520 2363 2576 Illic
2404 2522 2710 2582 immolabis
2772 2529 2972 2599 pascha
3018 2545 3049 2585 a
3097 2548 3323 2605 vespere
3361 2537 3430 2593 ad

1872 2610 2006 2664 solis
2033 2624 2310 2675 occasum.
2333 2615 2387 2667 in
2414 2620 2658 2686 tempore
2688 2634 2797 2690 quo
2823 2636 3078 2692 egressus
3105 2639 3166 2680 es
3189 2625 3256 2682 de
3283 2634 3430 2684 terra

1872 2696 2091 2771 Egypti
2137 2720 2152 2757 :
2194 2711 2242 2758 el
2290 2718 2513 2774 coquos,
2553 2717 2607 2764 et
2650 2712 2903 2768 eomedes
2955 2713 3011 2768 in
3068 2715 3188 2770 loco
3236 2732 3428 2788 quem-

1870 2803 2084 2861 cunque
2126 2791 2352 2862 elegerit
2402 2791 2667 2854 Dominus
2714 2797 2858 2856 Deus
2902 2809 3030 2857 tuus
3054 2804 3100 2837 "
3136 2823 3156 2857 ι
3187 2803 3296 2862 Lex
3325 2807 3427 2877 igi-

1870 2888 1961 2936 tur
1982 2882 2051 2938 de
2077 2883 2305 2939 solemni
2332 2883 2440 2948 die,
2484 2888 2578 2958 qui
2609 2887 2818 2945 Pascha
2857 2891 3075 2960 dicitur,
3115 2894 3428 2967 huiusmodi

1869 2970 2144 3044 descripta
2166 2982 2270 3032 est.
2299 2973 2681 3036 Porro'autem
2711 2981 2781 3039 de
2812 2980 3269 3057 Quinquagesima
3295 2988 3427 3060 quid

1870 3066 2037 3131 dicat,
2066 3066 2193 3122 audi
2242 3087 2255 3123 :
2303 3086 2322 3119 ι
2362 3067 2528 3127 Totas
2570 3079 2777 3143 septem
2832 3075 3192 3136 hebdomadas
3233 3095 3427 3135 nume-

206 3144 440 3215 ἀμητόν,
477 3149 571 3202 καὶ
619 3152 860 3222 ποιήσεις
900 3154 1089 3227 ἑορτήν
1130 3156 1432 3229 ἑϐδομάδων
1474 3160 1661 3234 Κυρίῳ
1692 3163 1769 3235 τῷ

1871 3159 2019 3214 rahis
2049 3160 2145 3215 tibi
2175 3160 2301 3231 ipsi,
2335 3177 2403 3217 ex
2432 3178 2541 3232 quo
2566 3163 2757 3220 falcem
2794 3166 2848 3220 in
2875 3176 3109 3239 segetem
3137 3170 3428 3227 immittere

206 3236 331 3309 Θεῷ
367 3256 482 3304 σου,
531 3241 674 3296 καθὰ
720 3243 890 3315 ἰσχύει
933 3248 965 3318 ή
1016 3248 1136 3321 χείρ
1179 3267 1292 3315 σου,
1325 3252 1421 3305 ὅσα
1451 3253 1515 3307 ἂν
1553 3254 1627 3325 δῷ
1668 3273 1769 3319 σοι,

208 3331 400 3385 καθότι
451 3334 713 3407 εὐλόγηκέ
763 3355 822 3391 σε
858 3338 1059 3412 Κύριος
1108 3345 1137 3396 6
1185 3343 1315 3409 Θεός
1358 3363 1489 3400 σου·
1546 3350 1639 3402 καὶ
1686 3350 1774 3403 εὐ-

208 3424 494 3497 φρανθήσῃ
517 3427 743 3482 ἐνώπιον
763 3430 964 3503 Κυρίου
988 3433 1080 3487 τοῦ
1104 3434 1236 3489 Θεοῦ
1266 3453 1378 3501 σου,
1402 3440 1465 3493 σὺ
1490 3439 1583 3493 καὶ
1608 3443 1636 3494 6
1661 3441 1773 3507 υἱός

209 3529 330 3580 σου,
358 3518 455 3570 καὶ
492 3516 789 3593 ήθυγάτηρ
821 3539 935 3587 σου,
960 3526 989 3578 6
1016 3529 1144 3590 παῖς
1178 3544 1291 3593 σου,
1320 3530 1414 3583 καὶ
1445 3533 1477 3603 ή
1511 3533 1770 3607 παιδίσκη

207 3625 329 3672 σου,
357 3609 453 3661 καὶ
480 3611 508 3662 6
531 3611 783 3683 Λευῖτης,
805 3615 833 3666 6
861 3618 918 3668 ἐν
936 3620 1058 3682 ταῖς
1079 3620 1261 3675 πόλεσί
1290 3638 1404 3687 σου,
1435 3626 1528 3679 καὶ
1551 3627 1579 3678 6
1605 3644 1773 3698 προσ-

207 3696 427 3789 ήλυτοςὶ
464 3698 559 3751 καὶ⁸
582 3701 609 3753 6
639 3703 889 3772 ὀρφανὸς,
923 3706 1017 3760 καὶ
1048 3710 1079 3779 ή
1113 3710 1255 3781 χήρα
1283 3714 1316 3783 ή
1350 3713 1408 3766 ἐν
1432 3714 1581 3785 ὑμῖν,
1605 3696 1662 3769 ἐν
1694 3717 1771 3789 τῷ

203 3789 357 3858 τόπῳ
386 3781 432 3857 ᾦ
466 3789 532 3843 ἂν
557 3792 839 3866 ἐκλέξηται
870 3798 1070 3870 Κύριος
1096 3802 1124 3854 6
1155 3801 1286 3866 Θεός
1304 3781 1405 3857 σου
1441 3781 1608 3878 αὐτῷ,
1652 3781 1771 3863 ἐπιζ

202 3881 474 3952 κληθῆναι
507 3885 566 3939 τὸ
610 3886 780 3959 ὄνομα
809 3891 971 3944 αὑτοῦ
1005 3895 1139 3947 ἐκεῖ.
1175 3914 1194 3947 ι
1232 3897 1344 3949 Καὶ
1373 3896 1473 3970 τὴν
1502 3900 1692 3972 τρίτην
1724 3901 1771 3956 δ’

205 3972 401 4045 ἑορτὴν
431 3973 558 4028 ἔνθα
581 3978 903 4047 προστάττει
936 3982 1195 4049 ἐκτελεῖν,
1220 3985 1542 4043 ἐπάκουσον·
1578 4009 1598 4042 ι
1620 3991 1772 4064 Ἑορι

204 4063 306 4134 τὴν
341 4064 453 4119 τῶν
485 4067 707 4139 Σκηνῶν
737 4071 978 4141 ποιήσεις
1017 4074 1224 4146 σεαυτῷ
1259 4076 1398 4131 ἐπτὰ
1438 4079 1671 4153 ἡμέρας,
1711 4063 1769 4137 ἐν

204 4155 284 4228 τῷ
319 4164 642 4229 συναγαγεῖν
681 4179 740 4215 σε
768 4164 875 4217 άπὸ
906 4165 1006 4236 τῆς
1036 4167 1237 4234 ἆλωνός
1281 4186 1373 4223 σου
1404 4173 1498 4227 καὶ
1536 4174 1643 4228 ἀπὸ
1671 4176 1770 4248 τῆς

203 4248 367 4319 ληνοῦ
397 4268 514 4309 σου.
543 4254 634 4307 καὶ
663 4254 1008 4332 εὐφρανθήσῃ
1035 4260 1091 4313 ἐν
1117 4262 1184 4332 τῇ
1215 4262 1372 4334 ἑορτῇ
1408 4281 1521 4330 σου,
1559 4267 1643 4334 σὺ,
1674 4267 1769 4322 καὶ

204 4339 323 4403 υίδς
350 4357 468 4405 σου,
502 4344 597 4396 καὶ
626 4346 658 4416 ή
682 4344 929 4421 θηγάτηρ
958 4365 1073 4413 σου,
1102 4353 1131 4404 6
1160 4355 1284 4416 παῖς
1314 4371 1429 4418 σου,
1461 4356 1555 4410 καὶ
1584 4359 1616 4428 ή
1644 4376 1769 4413 παι-

204 4430 364 4504 δίσκη
399 4450 514 4498 σου,
545 4438 637 4490 καὶ
666 4439 699 4509 ή
733 4439 897 4510 χήρα,
927 4443 984 4495 ἐν
1014 4443 1093 4515 τῷ
1124 4445 1271 4517 τόπῳ
1310 4439 1355 4514 ᾧ
1386 4447 1451 4503 ἂν
1481 4449 1766 4523 ἐκλέξηται

1872 3251 2124 3319 coeperis,
2155 3258 2209 3306 et
2231 3251 2532 3309 celebrabis
2557 3253 2699 3310 diem
2740 3254 2936 3312 festum
2967 3259 3425 3319 hebdomadarum

1872 3334 2100 3394 Domino
2158 3338 2268 3396 Deo
2316 3349 2441 3406 tuo,
2498 3350 2761 3412 quantum
2820 3349 3019 3415 poterit
3072 3365 3264 3405 manus
3307 3359 3422 3415 tua,

1870 3445 1938 3487 ex
1999 3433 2253 3489 omnibus
2309 3450 2645 3507 quaecunque
2705 3436 2904 3494 dedero
2960 3440 3087 3506 tibi,
3142 3453 3426 3514 propterea

1869 3522 2013 3593 quod
2066 3523 2162 3579 tibi
2210 3524 2546 3583 benedixerit
2611 3525 2872 3584 Dominus
2935 3528 3080 3586 Deus
3143 3539 3300 3598 tuus,
3370 3538 3428 3589 et

1869 3612 2174 3682 epulaberis
2220 3629 2404 3670 coram
2452 3615 2682 3672 Domino
2738 3618 2848 3674 Deo
2896 3629 3009 3688 tuo,
3063 3627 3123 3675 tu
3175 3629 3231 3678 et
3281 3622 3425 3680 illius

1867 3703 1920 3776 3
1955 3706 2293 3770 tuus,‘etlilia
2320 3715 2433 3772 tua,
2466 3723 2658 3765 servus
2686 3717 2813 3766 tuus
2836 3719 2892 3767 et
2907 3712 3101 3767 ancilla
3117 3722 3298 3781 tua,et
3318 3713 3421 3769 Le-

1868 3794 2001 3860 vita,
2031 3793 2124 3865 qui
2159 3796 2320 3851 fuerit
2346 3798 2403 3852 in
2431 3798 2658 3856 urbibus
2686 3803 2832 3866 tuis,
2865 3808 2918 3855 et
2960 3801 3186 3870 advena,
3234 3813 3291 3859 et
3321 3820 3425 3875 pu-

1870 3885 2057 3955 pillus,
2078 3894 2133 3942 et
2158 3887 2319 3942 vidua
2342 3904 2462 3959 qum
2479 3889 2621 3961 apud
2646 3906 2743 3948 vos
2793 3892 2957 3948 fuerit
3006 3894 3063 3948 in
3109 3894 3228 3949 loco
3260 3911 3422 3966 quem

1867 3983 2092 4055 elegerit
2119 3982 2379 4040 Dominus
2409 3983 2554 4041 Deus
2599 3994 2725 4042 tuus
2785 3989 2913 4055 sibi,
2967 3989 3034 4044 ad
3060 3989 3421 4047 invocandum

1868 4091 2064 4132 nomen
2093 4092 2250 4133 suum
2274 4077 2347 4132 ibi
2386 4077 2451 4130 “.
2493 4096 2513 4131 ι
2579 4076 2821 4134 Tertium
2858 4094 2988 4136 vero
3047 4082 3289 4139 solemne
3329 4084 3420 4149 ubi

1868 4169 2096 4239 imperet
2118 4168 2521 4236 celebrandum,
2557 4170 2720 4225 audi:
2749 4189 2767 4222 ι
2807 4169 3418 4231 SolemneTabernacu-

1866 4257 2042 4312 lorum
2077 4257 2379 4313 eelebrahis
2415 4259 2512 4313 tibi
2558 4259 2663 4329 ipsi
2707 4266 2908 4330 septem
2957 4260 3170 4330 diebus,
3226 4263 3320 4320 ubi
3352 4264 3421 4319 de

1867 4362 1991 4405 area
2020 4355 2113 4403 tua
2136 4358 2191 4406 et
2213 4348 2280 4405 de
2295 4351 2552 4406 torculari
2583 4360 2676 4408 tuo
2700 4353 3006 4422 eollegeris,
3027 4361 3082 4408 et
3112 4355 3420 4426 epulaberis

1867 4439 1923 4494 in
1951 4440 2180 4497 solemni
2207 4448 2322 4505 tuo,
2357 4449 2414 4497 tu
2443 4449 2498 4498 et
2530 4442 2670 4499 illius
2698 4451 2846 4509 tuus,
2887 4453 2943 4500 et
2997 4446 3105 4501 tilia
3161 4457 3277 4512 tua,
3303 4462 3421 4503 ser-

202 4524 412 4597 Κῦριος
440 4528 469 4580 6
514 4527 643 4594 Θεός
682 4548 775 4584 σου
816 4533 1008 4606 ἐαυτῷ.
1111 4536 1210 4591 Διὰ
1240 4511 1521 4594 τοσούτων
1549 4511 1765 4599 οὖντὸν

1869 4547 1967 4588 vus
1988 4540 2117 4590 tuus
2136 4546 2190 4590 et
2209 4534 2402 4590 ancilla
2432 4542 2544 4602 tua,
2567 4542 2621 4591 et
2644 4537 2804 4592 vidua
2820 4539 2872 4593 in
2903 4539 3025 4595 loco
3039 4554 3419 4610 quemcunque

200 4613 369 4669 τόπον
412 4617 922 4690 ἐπισημαινόμενος,
972 4625 1297 4690 τοσαυτάκις
1347 4644 1407 4682 τε
1462 4630 1632 4686 είπὼν
1687 4636 1767 4698 είς

200 4706 369 4760 αὐτὸν
394 4708 639 4781 άπαντᾷν
670 4718 931 4783 παγγενεῖ
952 4716 1046 4770 καὶ
1068 4719 1305 4782 πανοικὶ,
1329 4719 1447 4783 πῶς
1468 4720 1533 4775 ἂν
1557 4722 1765 4794 ἥρμοζε

197 4798 316 4861 τοῖς
340 4796 443 4868 τῆς
497 4797 749 4865 Ἰουδαίας
780 4804 872 4856 καὶ
897 4804 988 4858 ἐπὶ
1019 4806 1213 4879 μικρὸν
1243 4807 1513 4875 διεστῶσι,
1544 4813 1672 4885 μήτι
1702 4830 1766 4883 γε

197 4890 321 4951 τοῖς
350 4888 475 4942 καθ’
521 4890 647 4963 ὅλης
675 4892 778 4963 τῆς
806 4895 1125 4969 οἰκουμένης
1165 4897 1376 4968 ἑθνεσις
1415 4901 1645 4972 μάλιστα
1678 4906 1764 4960 ὅτε

198 4979 321 5032 οὐδὲ
374 4982 703 5055 συγγνώμην
748 4984 870 5039 τινὰ
910 4988 1062 5060 νέμει
1097 4993 1209 5055 τοῖς
1262 4993 1651 5066 παραϐαίνουσι
1695 4999 1764 5053 τὰ

198 5068 552 5143 διωρισμένα,
582 5076 722 5147 ἀρὰν
744 5075 801 5131 δέ
828 5078 969 5134 κατὰ
993 5081 1208 5137 πάντων
1248 5085 1357 5138 τῶν
1386 5086 1460 5160 μὴ
1493 5087 1562 5143 τὰ
1589 5090 1764 5144 πάντα

194 5160 513 5232 τηρούντων
547 5167 764 5236 ἐπάγει,
799 5171 1034 5242 ῥήμασιν
1075 5174 1257 5239 αὐτοῖς
1297 5176 1500 5247 λέγων’
1538 5198 1559 5232 r
1609 5180 1760 5234 Ἐπι-

195 5252 508 5325 κατάρατος
534 5256 594 5321 ὃς
615 5252 714 5312 οῦκ
743 5262 968 5332 ὲμμενεϊ
991 5264 1125 5319 πᾶσι
1151 5270 1262 5332 τοῖς
1286 5270 1686 5342 γεγραμμένοις
1705 5276 1761 5327 ἐν

192 5342 334 5414 τῷδε
362 5345 438 5418 τῷ
465 5347 614 5421 νόμῳ
641 5349 736 5404 τοῦ
772 5353 990 5425 ποιῆσαι
1019 5356 1177 5410 αὑτά.
1210 5375 1231 5409 ι
1268 5357 1553 5431 Θεώρησον
1581 5360 1637 5414 δὲ
1667 5365 1761 5416 καὶ

193 5435 375 5503 ἄλλως
422 5439 495 5495 τά
542 5440 778 5495 ἀδύνατα
825 5446 986 5499 πᾶσιν
1018 5445 1324 5517 ἀνθρώποις
1350 5450 1448 5522 τῆς
1480 5452 1755 5518 Μωῦσέως

194 5530 540 5601 νομοθεσίας.
572 5534 1020 5609 Διαστειλάμενος
1057 5537 1126 5593 τὰ
1155 5539 1377 5596 ἑκούσια
1421 5543 1515 5597 καὶ
1546 5544 1753 5615 χαλεπὰ

294 5733 343 5763 η
380 5730 547 5787 Deut.
572 5747 697 5799 τιν,
748 5731 941 5789 26-26.

187 5803 233 5836 ⁸⁷
273 5803 415 5859 Ibid.
460 5797 654 5857 1545,

1071 5742 1118 5776 ’³
1158 5741 1289 5801 lb'd.
1333 5761 1435 5812 xv,
1475 5746 1579 5815 19,
1636 5746 1723 5805 20.
1799 5750 1846 5783 ’⁸
1884 5747 2017 5807 Ibid.
2059 5765 2183 5816 XVI,
2226 5753 2279 5815 l,
2315 5749 2370 5807 2.

1865 4623 2084 4695 elegerit
2109 4623 2368 4682 Dominus
2406 4624 2548 4681 Deus
2601 4637 2727 4684 tuus
2764 4629 2956 4686 sibi".
2993 4649 3013 4682 ι
3070 4630 3205 4685 Cum
3254 4629 3419 4699 igitur

1865 4725 1991 4766 eum
2020 4714 2194 4769 locum
2223 4721 2334 4768 tam
2364 4716 2551 4771 multis
2597 4717 2768 4788 signis
2826 4719 3100 4781 ostendat,
3148 4718 3417 4788 totiesque

1863 4802 1993 4860 illuc
2014 4818 2136 4858 cum
2166 4812 2280 4859 toto
2308 4821 2506 4874 genere
2533 4847 2549 4874 ,
2574 4814 2795 4879 totaque
2816 4809 2976 4865 domo
3020 4809 3205 4865 venire
3252 4824 3415 4880 opor-

1863 4904 1977 4953 tere
2001 4897 2295 4968 praecipiat,
2329 4897 2422 4969 qui
2455 4898 2571 4954 ﬁeri
2598 4908 2798 4970 potest,
2824 4907 2883 4954 ut
2907 4915 2969 4955 ea
2992 4915 3113 4969 quae
3133 4899 3288 4966 dicit,
3324 4901 3414 4958 .vel

1863 4986 1932 5044 iis
1998 4988 2342 5055 conveniant,
2391 4989 2484 5061 qui
2524 4989 2675 5046 brevi
2713 4992 2997 5046 intervallo
3037 5007 3067 5045 a
3095 4989 3284 5048 Iudaea
3329 4991 3413 5048 di-

1864 5088 2030 5150 stant,
2066 5083 2265 5138 nedum
2292 5086 2565 5156 gentibus,
2596 5101 2718 5157 quae
2748 5086 2803 5141 in
2828 5095 2942 5143 toto
2969 5088 3098 5144 orbe
3141 5097 3412 5147 terrarum

1861 5170 2055 5244 degere
2077 5174 2483 5246 intelligantur?
2507 5192 2573 5233 eo
2597 5178 2769 5248 magis
2793 5176 2937 5248 quod
2963 5194 3031 5235 ne
3053 5180 3265 5236 veniam
3292 5181 3413 5252 qui.

1860 5265 1980 5322 dem
2016 5268 2178 5321 ullam
2205 5270 2393 5325 tribuit
2439 5270 2509 5327 iis
2555 5273 2649 5342 qui
2704 5272 3013 5329 transiliant
3076 5291 3414 5348 quaecunque

1864 5360 2179 5430 prmseripta
2203 5370 2352 5429 sunt,
2383 5376 2447 5417 ae
2476 5363 2658 5432 potius
2680 5362 3106 5421 exsecrationem
3137 5366 3408 5436 omnibus,

1862 5453 2170 5525 quicunque
2198 5470 2305 5510 non
2336 5457 2556 5511 omnino
2604 5456 2785 5510 omnia
2817 5459 3171 5524 servaverint,
3208 5458 3415 5513 denun-

1859 5546 1972 5606 tiet.
2000 5546 2067 5602 ad
2097 5546 2319 5603 verbum
2344 5550 2423 5604 sic
2445 5548 2630 5605 dicens
2668 5565 2682 5603 :
2713 5566 2732 5602 ι
2770 5547 3132 5606 Exsecrabilis
3183 5551 3415 5624 quicun-

2475 5751 2522 5785 ευ
2556 5750 2689 5808 Ibid.
2727 5750 2854 5810 δεῖ.
2960 5753 3008 5787 ὀ
3045 5751 3179 5811 lbid.
3257 5754 3411 5839 9ου.
