3978 6414
651 340 724 409 35
1279 334 1549 395 EUSEBII
1586 331 2063 392 CESARIENSIS
2095 330 2247 389 OPP.
2284 326 2467 391 PARS
2504 328 2572 384 ll.
2611 358 2681 370 —-
2717 327 3218 386 APOLOGETICA.
3791 335 3848 390 ss

650 473 758 529 que
785 471 893 513 non
920 454 1133 513 steterit
1160 455 1415 512 omnibus
1444 471 1566 527 quae
1593 457 1649 510 in
1688 455 1794 510 hac
1841 454 1958 525 lege
2006 453 2189 524 script:

2309 447 2417 502 τῶν
2459 447 2888 518 ἁμαρτημάτων,
2932 447 3025 501 καὶ
3063 450 3330 519 τιμωρίας
3369 446 3607 520 περιθεὶς
3657 449 3851 520 ἑκάστῳ

651 556 800 613 sunt,
856 557 916 606 ut
975 549 1139 606 faciat
1192 562 1277 604 ea.
1320 566 1341 599 ι
1392 546 1771 618 Contemplare
1813 545 2013 624 deinde.
2047 559 2211 616 quam

653 656 845 694 omnes
872 640 1016 694 vires
1042 639 1311 694 humanas
1339 647 1616 708 superent,
1652 638 1878 707 fierique
1934 635 2083 689 nulla
2130 649 2214 689 ra-

652 734 801 788 tione
824 731 1055 801 possint,
1087 747 1209 800 quae
1229 731 1286 785 in
1316 732 1433 801 iege
1455 730 1618 786 Mosis
1650 730 1825 800 posita
1849 736 1997 785 sunt.
2028 727 2210 798 Siqui-

649 822 771 877 dem
797 824 887 877 ubi
918 825 1166 879 distinxit
1190 838 1309 893 qua
1336 822 1644 878 voluntaria
1690 830 1935 894 peccata,
1984 834 2210 892 quaeque

648 914 882 970 diﬂicilia
914 923 1042 970 sunt
1085 926 1139 971 et
1171 930 1361 986 poenas
1394 915 1685 985 unicuique
1720 928 1907 968 eorum
1940 913 2205 982 adjunxit,

648 1019 770 1073 quae
792 1005 1026 1059 maximo
1056 1006 1321 1075 supplicio
1352 1004 1515 1075 digna
1547 1010 1695 1068 sunt,
1736 1010 1851 1058 tum
1879 1018 2009 1057 vero
2062 1003 2208 1073 leges

646 1092 823 1162 ponit,
852 1093 1055 1163 quibus
1083 1095 1186 1148 alia
1234 1094 1470 1164 quadam
1524 1094 1736 1148 ratione
1783 1107 1878 1148 eos
1933 1091 2061 1147 item
2113 1091 2206 1160 qui

648 1184 801 1240 inviti
834 1185 1197 1254 peccaverint,
1217 1192 1525 1251 convertat;
1578 1198 1806 1254 quarum
1860 1197 1965 1237 una
1990 1180 2206 1252 quidem

647 1278 729 1332 sic
752 1293 811 1333 se
836 1278 1034 1333 habet:
1072 1297 1092 1330 ι
1133 1277 1190 1332 Si
1221 1280 1400 1333 anima
1425 1294 1531 1333 una
1559 1278 1865 1347 peccaverit
1907 1279 2099 1334 nolens
2137 1293 2203 1333 ex

647 1371 850 1442 populo
872 1377 1053 1436 terrae,
1093 1371 1222 1425 dum
1250 1371 1382 1426 facit
1422 1387 1591 1426 unum
1615 1387 1681 1426 ex
1709 1372 1962 1427 omnibus
2000 1387 2204 1442 prtece-

646 1461 755 1530 ptis
788 1459 1023 1526 Domini,
1056 1461 1143 1516 vel
1171 1461 1299 1516 dum
1333 1477 1441 1517 non
1471 1461 1620 1531 facit,
1654 1470 1708 1518 et
1754 1470 1962 1533 peccat,
2014 1465 2203 1535 cogni-

644 1559 868 1622 tumque
896 1553 1001 1622 ipsi
1035 1551 1197 1609 fuerit
1226 1562 1527 1624 peccatum,
1550 1555 1692 1625 quod
1733 1556 1996 1626 peccavit,
2041 1563 2094 1612 et
2122 1556 2204 1612 of-

643 1640 782 1697 feret
800 1658 998 1698 munus
1016 1657 1175 1697 suum
1202 1659 1420 1714 capram
1448 1646 1758 1700 anniculam
1778 1647 2200 1712 immaculatam,

643 1730 696 1784 id
728 1730 916 1787 offeret
946 1747 1045 1802 pro
1074 1742 1298 1803 peccato
1329 1749 1429 1789 suo
1464 1734 1611 1805 quod
1665 1736 1928 1805 peccavit,
1980 1736 2036 1791 in
2082 1737 2201 1793 loco

2313 538 2421 593 τῶν
2454 537 2718 609 μεγίστης
2762 538 3031 602 κολάσεως
3073 539 3259 605 ἀξίων,
3283 539 3477 610 νόμους
3502 540 3703 612 τίθησι,
3744 542 3849 594 καθ’

2311 630 2404 695 οὓς
2441 631 2609 703 ἑτέρῳ
2638 630 2823 703 τρόπῳ
2850 631 2942 683 καὶ
2971 630 3095 695 τοὺς
3128 631 3393 695 ἀκουσίως
3423 630 3852 702 πλημμελοῦντας

2311 720 2657 790 ἐπιστρέφει·
2694 712 2768 773 ὧν
2800 722 2828 773 6
2863 719 2958 791 μὲν
2988 718 3158 782 οὓτως
3188 719 3300 790 ἔχει
3324 735 3337 748 ·
3379 739 3399 770 ι
3443 720 3564 774 Ἐἀν
3594 720 3740 790 ψυχὴ
3769 722 3853 791 μία

2311 811 2530 883 ἁμάρτῃ
2558 811 2825 874 ἀκουσίως
2850 811 2915 864 ἐκ
2942 810 3034 864 τοῦ
3067 810 3194 864 λαοῦ
3223 811 3322 881 τῆς
3345 810 3467 880 γῆς,
3511 813 3569 865 ἐν
3596 811 3675 883 τῷ
3708 813 3851 882 ποιῆ-

2311 919 2397 955 σαι
2458 903 2586 973 μίαν
2635 901 2740 956 ἀπὸ
2791 901 2977 956 πασῶν
3025 901 3131 954 τῶν
3180 902 3406 955 ἐντολῶν
3439 902 3665 973 Κυρίου,
3715 905 3749 974 ἢ
3799 909 3853 961 06

2309 992 2679 1065 ποιηθήσεται,
2715 994 2808 1047 καλ⁵
2844 992 3224 1066 πλημμελήσῃ,
3261 993 3354 1046 καὶ
3396 994 3609 1066 γνωσθῇ
3656 995 3853 1069 αύτῷή

2305 1084 2549 1155 ἁμαρτία
2580 1084 2645 1155 ἣν
2669 1084 2929 1154 ἥμαρτεν,
2950 1084 3043 1135 καὶ
3062 1084 3196 1136 οτσει
3222 1082 3392 1154 δῶρον
3413 1083 3574 1137 αὑτοῦ
3597 1084 3851 1157 χίμαιραν

2306 1176 2366 1242 ἐξ
2414 1178 2582 1247 αἰγῶν
2614 1177 2860 1250 ἄμωμον,
2891 1177 3111 1248 θήλειαν
3138 1177 3269 1231 οἴσει
3297 1178 3424 1249 περὶ
3450 1179 3548 1249 τῆς
3587 1180 3852 1250 ἁμαρτίας

2305 1270 2468 1325 αὑτοῦ
2504 1267 2570 1342 ἧς
2601 1272 2863 1343 ἥμαρτεν,
2895 1273 2952 1325 ἐν
2984 1272 3059 1343 τῷ
3086 1272 3234 1342 τόπῳ
3270 1267 3330 1325 05
3357 1272 3618 1341 σφάζουσι
3647 1274 3714 1326 τὰ
3750 1274 3855 1328 ὁλο-

2305 1360 2657 1434 καυτώματα,
2682 1364 2774 1417 καὶ
2802 1363 3025 1434 λήψεται
3058 1365 3087 1416 6
3122 1364 3297 1436 ἱερεὺς
3319 1363 3426 1416 ἀπὸ
3447 1363 3539 1417 τοῦ
3562 1365 3809 1436 αἵματος.
3831 1387 3847 1417 ι

2305 1452 2408 1507 Καὶ⁵
2430 1455 2531 1526 δρα
2565 1472 2628 1525 γε
2660 1455 2733 1518 ὡς
2759 1456 2849 1508 καλ⁵
2878 1454 3111 1509 ἐνταῦθα
3147 1456 3237 1509 τὸν
3271 1454 3572 1509 πταίσαντά
3610 1473 3665 1509 τι
3707 1457 3854 1529 παρά

2303 1544 2526 1616 γνώμην
2558 1548 2615 1599 ἐν
2640 1547 2718 1618 τῷ
2754 1547 2905 1618 τόπῳ
2947 1547 3057 1601 δεῖν
3083 1548 3347 1618 ἀπαντᾷν,
3379 1541 3439 1599 05
3494 1546 3761 1616 σφάζουσι
3792 1548 3854 1602 τά

2303 1635 2741 1708 ὁλοκαυτώματα.
2781 1630 2947 1701 Οὗτος
2993 1638 3050 1691 δὲ
3087 1631 3175 1709 ἦν,
3210 1632 3270 1693 05
3308 1638 3394 1691 διὰ
3443 1639 3707 1694 πλείστων
3759 1640 3850 1711 ήδη

2305 1725 2565 1797 πρότερον
2596 1726 2857 1799 ἐμνήσθη,
2899 1727 3087 1796 λέγων·
3127 1744 3147 1778 ι
3190 1729 3285 1781 ‘Ov
3332 1727 3398 1784 ἂν
3437 1728 3719 1800 ἐκλέξηται
3752 1730 3854 1783 K6-

643 1820 737 1875 ubi
765 1830 1005 1876 mactant
1037 1824 1327 1889 sacrificia,
1366 1831 1422 1880 et
1451 1825 1682 1896 accipiet
1707 1827 1962 1882 sacerdos
1992 1826 2060 1883 de
2076 1844 2189 1883 san-

2305 1837 2417 1891 ριος
2445 1822 2472 1873 6
2501 1819 2631 1884 Θεός
2678 1838 2790 1875 σου.
2837 1840 2857 1873 ι
2905 1821 3073 1875 Τοῦτο
3119 1821 3164 1875 δ’
3204 1820 3287 1874 ὅτι
3332 1822 3406 1893 μὴ
3452 1822 3675 1877 δυνατὸν
3717 1824 3853 1894 πρὸς

640 1912 803 1982 guine
834 1913 899 1967 ’⁸.
924 1932 941 1967 ι
959 1914 1025 1969 Ει
1042 1927 1174 1970 sane
1188 1915 1472 1971 considera
1492 1917 1942 1987 quemadmodum
1962 1917 2049 1972 hic
2068 1933 2203 1989 quo-

639 2019 748 2074 que
779 2019 903 2059 eum
925 2005 1021 2076 qui
1051 2005 1365 2076 imprudens
1381 2006 1707 2078 peccaverit,
1743 2007 1809 2061 ad
1845 2008 2021 2063 locum
2053 2010 2204 2064 veni-

639 2112 701 2152 re
728 2105 995 2168 oporteat,
1036 2098 1130 2153 ubi
1162 2105 1400 2155 mactant
1458 2099 1744 2155 sacriﬁcia.
1786 2098 1837 2155 ls
1866 2107 2044 2156 autem
2094 2109 2199 2167 est,

638 2188 708 2243 de
733 2204 842 2259 quo
869 2188 1056 2244 multis
1090 2188 1271 2245 verbis
1296 2188 1619 2259 jampridem
1680 2190 1925 2246 meminit
1969 2191 2153 2248 dicens
2182 2207 2197 2244 :

644 2299 664 2333 ι
696 2281 1083 2352 Quemcunque
1130 2282 1353 2353 elegerit
1401 2280 1666 2337 Dominus
1715 2281 1858 2338 Deus
1904 2291 2033 2340 tuus
2077 2285 2141 2338 ".
2176 2303 2194 2335 ι

636 2369 795 2442 Quod
836 2374 1052 2444 quidem
1103 2390 1227 2430 cum
1280 2375 1348 2429 ab
1390 2376 1666 2443 omnibus,
1709 2377 2018 2448 quicunque
2073 2386 2201 2433 sunt

634 2466 693 2519 in
727 2472 872 2520 terra
920 2466 1233 2521 hominibus
1266 2466 1425 2536 plane
1472 2466 1608 2523 eﬂici
1662 2484 1773 2524 non
1826 2485 2019 2540 posse,
2083 2470 2199 2541 ipse

634 2573 853 2628 quoque
915 2567 1105 2613 auctor
1156 2559 1289 2630 legis
1342 2560 1577 2628 videret;
1633 2571 1747 2617 tum
1800 2562 2083 2632 perspicue
2123 2562 2199 2618 si-

634 2648 908 2718 gnificavit
967 2649 1135 2719 legem
1197 2649 1459 2708 inducens
1513 2669 1621 2708 non
1682 2652 1890 2707 inﬁnite
1937 2653 2197 2708 adversus

634 2755 848 2807 omnes,
883 2739 977 2795 sed
1004 2741 1268 2810 adjiciens
1292 2761 1305 2798 :
1329 2740 1386 2797 Si
1417 2743 1597 2798 anima
1623 2744 1930 2813 peccaverit
1982 2745 2192 2808 nolens,

632 2842 699 2883 ex
734 2831 933 2900 populo
978 2837 1136 2885 terra
1162 2832 1228 2885 ³ο.
1268 2852 1287 2885 ›
1335 2833 1575 2887 Alteram
1627 2849 1753 2889 vero
1806 2835 1974 2904 legem
2017 2834 2190 2905 ponit,

631 2936 754 2990 quae
787 2922 865 2975 sic
896 2921 1058 2976 habet
1084 2938 1097 2974 :
1131 2941 1150 2974 ι
1193 2923 1248 2995 ἀ,
1268 2923 1424 2989 Quod
1456 2924 1501 2979 si
1531 2924 1712 2979 anima
1750 2926 1984 2982 audierit
2005 2942 2192 2985 vocem

627 3010 1011 3081 jurisjurandi,
1065 3019 1229 3083 atque
1263 3014 1353 3068 hic
1379 3014 1537 3072 testis
1577 3023 1670 3071 aut
1692 3017 1885 3071 viderit
1924 3026 2017 3073 aut
2056 3034 2192 3074 con-

631 3104 780 3157 scius
808 3102 1006 3170 fuerit;
1055 3105 1102 3158 si
1153 3122 1262 3160 non
1299 3107 1638 3174 indicaverit,
1692 3117 1972 3193 peqcatum
2011 3112 2189 3166 susci-

2300 1910 2552 1964 ἀπάντων
2582 1910 2688 1964 τῶν
2736 1911 2828 1964 ἐπὶ
2871 1910 2975 1981 γῆς
3022 1910 3321 1982 ἀνθρώπων
3358 1910 3713 1976 ἐκτελεῖσθαι,
3770 1915 3855 1965 καὶ

2300 2002 2462 2066 αὐτὸς
2489 2004 2517 2055 6
2550 2003 2843 2075 νομοθέτης
2891 2001 3135 2068 συνιδὼν,
3178 2002 3418 2076 ἀκριϐῶς
3461 2006 3853 2077 ἐπισημήπτο,

2298 2093 2399 2146 οὑκ
2429 2094 2695 2165 ἀορίστως
2738 2093 2879 2148 κατά
2912 2094 3125 2149 πάντων
3168 2092 3494 2165 προαγαγὼν
3533 2094 3624 2148 τὸν
3669 2097 3853 2167 νόμον,

2298 2183 2415 2240 ἀλλ’
2452 2185 2712 2239 ἐπειπών·
2755 2205 2773 2238 ι
2798 2185 2920 2239 Ἐὰν
2948 2185 3091 2257 ψυχὴ
3118 2184 3336 2257 ἁμάρτῃ
3361 2186 3626 2250 ἀκουσίως
3654 2187 3719 2239 ἐκ
3767 2187 3854 2239 τοῦ

2298 2276 2427 2332 λαοῦ
2458 2279 2557 2349 τῆς
2588 2279 2713 2350 γῆς.
2751 2298 2771 2330 ι
2808 2280 2918 2333 Kai.
2947 2279 3194 2351 δεύτερον
3229 2278 3287 2333 δὲ
3318 2280 3478 2350 νόμον
3505 2280 3741 2351 τίθησιν,
3771 2280 3857 2335 05-

2270 2368 2277 2375 ’
2296 2389 2404 2436 τως
2430 2371 2620 2443 ἔχοντα
2639 2389 2652 2400 ·
2689 2392 2709 2425 ι
2749 2373 2874 2426 Ἐάν
2892 2373 2948 2426 δὲ
2966 2373 3109 2444 ψυχὴ
3128 2372 3337 2445 ἀκούσῃ
3359 2372 3539 2444 φωνὴν
3566 2373 3853 2443 ὁρκισμοῦ,

2297 2464 2390 2517 καί⁵
2438 2458 2590 2530 οὗτος
2641 2465 2909 2537 μάρτυςῆ
2950 2464 3210 2537 ἑώρακεν,
3258 2464 3292 2536 ἢ
3340 2465 3595 2529 σύνοιδεν,
3647 2465 3748 2518 ἐὰν
3783 2466 3856 2537 μὴ

2295 2556 2620 2630 ἀπαγγείλῃ,
2650 2557 2879 2629 λήψεται
2901 2558 3000 2628 τὴν
3026 2556 3320 2629 ἁμαρτίαν.
3351 2573 3371 2609 t
3394 2557 3459 2610 Τί
3482 2552 3573 2611 οὖν
3604 2558 3711 2629 χρὴ
3735 2556 3857 2609 τοῦ·

2295 2665 2386 2703 τον
2436 2652 2627 2714 ποιεῖν,
2656 2649 2769 2703 ἀλλ’
2800 2650 2833 2722 ἢ
2863 2649 3093 2705 λαϐόντα
3135 2649 3271 2721 μετά
3309 2651 3495 2721 χεῖρας
3528 2648 3586 2701 τὸ
3635 2650 3853 2718 ἱερεῖον,

2297 2741 2544 2794 σπεύδειν
2576 2740 2760 2795 ἐπὶτά
2793 2741 3095 2815 καθάρσια;
3128 2736 3238 2796 I105
3266 2742 3445 2805 πάλιν,
3482 2740 3593 2794 ἀλλ’
3625 2739 3659 2810 ἦ
3693 2742 3755 2791 ἐν
3781 2738 3856 2809 τῷ

2293 2832 2459 2904 τόπῳ,
2492 2826 2552 2886 οὗ
2604 2831 2863 2902 σφάζουσι
2902 2833 2972 2887 τὰ
3011 2832 3468 2905 όλοκαυτώματα;
3520 2832 3631 2886 Καὶ
3673 2830 3854 2901 τρίτον

2297 2921 2485 2977 πάλιν·
2526 2941 2544 2974 ι
2598 2924 2797 2995 Ψυχὴ,
2861 2926 3061 2997 φησιν,
3121 2926 3242 2996 ἥτις
3287 2925 3352 2978 ἂν
3396 2923 3596 2995 ἅψηται
3650 2921 3853 3001 παντός

2292 3012 2610 3083 πράγματος
2633 3013 2958 3086 ἀκαθάρτου,
3002 3014 3034 3085 ἢ
3073 3014 3179 3068 τῶν
3210 3014 3540 3085 θνησιμαίων
3577 3014 3687 3067 τῶν
3719 3031 3853 3085 κτη-

2291 3103 2396 3158 νῶν
2419 3104 2525 3158 τῶν
2554 3105 2893 3178 ἀκαθάρτων,
2932 3107 3026 3159 καὶ
3054 3105 3192 3179 λάϐῃ
3219 3107 3313 3160 ἀπ’
3343 3106 3527 3173 66:05,
3564 3106 3660 3160 καὶ
3691 3107 3855 3168 66:6;

629 3193 742 3263 piet
766 3194 830 3250 ⁸¹.
874 3212 893 3247 ι
925 3194 1195 3262 Quidnam
1223 3197 1387 3269 igitur
1413 3199 1559 3254 aliud
1607 3199 1753 3254 hunc
1782 3190 1985 3256 'facere
2035 3217 2189 3272 opor-

2295 3197 2611 3268 μεμίανται,
2646 3198 2738 3250 καὶ
2779 3196 3140 3269 πλημμελήσῃ
3178 3197 3210 3269 ἢ
3256 3197 3457 3268 ἅψηται
3507 3195 3855 3265 ἀκαθαρσίας

626 3292 761 3349 teat,
790 3301 953 3357 quam
984 3297 1197 3358 sumpta
1232 3289 1287 3343 in
1319 3305 1514 3346 manus
1544 3291 1742 3357 hostia,
1783 3306 2010 3363 propere
2035 3292 2189 3349 abire

627 3377 699 3432 ad
728 3379 1091 3448 expiandum?
1126 3380 1217 3435 ubi
1247 3396 1410 3452 porro
1462 3383 1722 3454 expiabit,
1758 3384 1861 3441 nisi
1882 3386 1937 3439 in
1963 3385 2082 3442 loco
2131 3387 2188 3442 in

628 3485 738 3540 quo
772 3479 1012 3526 mactant
1041 3474 1347 3529 sacrificia?
1375 3476 1589 3530 tertiam
1614 3492 1827 3547 quoque
1865 3477 1993 3533 dum
2049 3478 2187 3535 scri-

624 3563 726 3628 bit,
763 3581 782 3615 ι
816 3563 1030 3629 Anima,
1064 3565 1261 3636 inquit,
1292 3583 1413 3637 quae
1442 3570 1679 3639 tetigerit
1706 3570 1920 3639 quidvis
1951 3571 2187 3627 immun-

622 3650 774 3714 dum,
806 3653 921 3708 sive
950 3669 1070 3724 qua:
1098 3656 1281 3711 occisa
1308 3655 1508 3712 fuerint
1532 3658 1599 3714 de
1633 3660 1924 3729 pecoribus
1949 3662 2186 3718 immun-

624 3745 732 3810 dis,
774 3755 830 3802 et
869 3748 1163 3819 sumpserit
1194 3764 1261 3804 ex
1290 3765 1376 3814 eo,
1407 3751 1523 3823 ipse
1551 3752 1789 3822 pollutus
1825 3762 1933 3818 est,
1964 3762 2018 3809 et
2059 3770 2186 3825 pec-

623 3838 793 3903 cabit,
821 3841 868 3894 si
909 3840 1147 3908 attigerit
1194 3840 1593 3896 immunditiam
1652 3843 1888 3898 hominis
1931 3859 1994 3898 ex
2034 3845 2183 3900 omni

624 3928 967 3983 immunditia
1001 3929 1139 3999 ejus,
1198 3946 1359 4001 quam
1385 3932 1509 4002 quis
1540 3934 1809 4003 attingens
1832 3934 1997 4004 pollui
2024 3935 2182 4002 solet,

622 4028 678 4073 et
698 4020 896 4075 oblitus
924 4020 1107 4086 fuerit,
1147 4030 1200 4076 et
1232 4030 1419 4092 postea
1441 4022 1753 4092 cognoverit
1809 4033 1862 4078 et
1923 4038 2178 4093 peccave-

622 4112 697 4166 rit
729 4113 795 4169 ".
827 4132 846 4165 ι
886 4112 1027 4185 Ergo
1060 4114 1189 4184 quid
1218 4114 1436 4169 tandem
1471 4115 1618 4169 hunc
1641 4115 1803 4173 etiam
1836 4117 1928 4186 qui
1961 4118 2031 4173 sit
2058 4118 2180 4188 pol-

622 4202 773 4258 lutus
803 4202 981 4260 facere
1009 4206 1315 4270 conveniet,
1346 4206 1453 4261 nisi
1487 4221 1681 4263 rursus
1725 4207 1794 4263 ad
1858 4208 2037 4264 iocum
2088 4226 2180 4265 ve-

620 4294 741 4349 nire
765 4301 818 4350 et
845 4294 1040 4351 offerre
1066 4313 1164 4368 pro
1195 4304 1417 4367 peccato
1444 4314 1545 4354 suo
1589 4300 1735 4369 quod
1774 4302 2037 4370 peceavit,
2086 4308 2180 4356 aut

619 4401 796 4452 ovem,
829 4396 922 4440 aut
949 4403 1163 4459 agnam,
1193 4398 1287 4445 aut
1312 4405 1532 4461 capram
1566 4391 1874 4446 anniculam
1900 4392 2042 4447 rite?
2075 4392 2180 4446 Ea-

621 4476 742 4533 dem
784 4493 913 4533 vero
942 4479 1028 4534 lex
1057 4488 1141 4535 est
1168 4481 1331 4536 etiam
1378 4481 1446 4537 de
1489 4484 1667 4537 anima
1723 4497 1842 4551 quae
1891 4482 2174 4550 juraverit,

619 4570 750 4624 dum
776 4569 910 4639 ipsis
956 4569 1112 4624 labiis
1143 4571 1429 4643 distinguit
1467 4573 1553 4627 vel
1598 4573 1739 4628 male
1772 4588 1831 4628 se
1884 4572 2172 4640 facturam,

618 4661 705 4715 vel
735 4660 892 4726 bene,
923 4661 1220 4716 secundum
1267 4664 1452 4717 omnia
1501 4679 1836 4734 quaecunque
1892 4665 2175 4720 enuntiare

622 4752 756 4807 solet
788 4751 948 4808 homo
968 4767 1091 4805 cum
1120 4753 1493 4822 jurejurando,
1548 4761 1602 4809 et
1646 4755 1847 4809 oblitus
1900 4754 2081 4820 fuerit,
2120 4762 2175 4808 et

622 4839 762 4895 idem
792 4849 915 4911 post
943 4844 1274 4912 cognoverit,
1323 4851 1377 4897 et
1408 4844 1713 4914 peccaverit
1759 4858 1927 4898 unum
1969 4844 2173 4915 aliquid

619 4943 686 4984 ex
733 4930 822 4996 iis,
865 4939 919 4987 et
965 4932 1267 5003 prodiderit
1328 4942 1605 5003 peccatum
1665 4933 1811 5004 quod
1865 4935 2107 5003 peccavit
2154 4952 2168 4988 :

625 5039 645 5072 ι
684 5022 845 5076 etiam
882 5026 989 5091 hic,
1015 5025 1211 5094 inquit,
1241 5024 1427 5080 eadem
1452 5034 1666 5096 sumpta
1713 5025 1911 5090 hostia,
1958 5024 2174 5081 festinet

619 5113 685 5167 ad
717 5112 916 5179 locum,
942 5123 995 5169 et
1020 5116 1197 5169 orabit
1224 5130 1321 5185 pro
1350 5115 1466 5184 ipso
1511 5115 1785 5180 sacerdos,
1837 5123 1891 5169 et
1948 5121 2171 5184 peccato

620 5196 815 5267 ipsius,
850 5206 903 5251 et
925 5200 1228 5257 dimittetur
1263 5201 1312 5256 ei
1342 5212 1624 5272 peccatum
1649 5204 1714 5258 ³³.
1748 5222 1765 5254 ι
1803 5203 1920 5257 Alia
1949 5210 2171 5273 praeter-

617 5304 682 5344 ea
713 5297 797 5343 est
825 5290 909 5343 lex
932 5305 1173 5347 seorsum
1209 5294 1278 5348 ab
1310 5296 1410 5358 eis,
1441 5310 1561 5364 qua;
1588 5295 1843 5364 expositae
1870 5305 2017 5360 sunt,
2053 5311 2172 5366 qua:

620 5381 675 5435 in
700 5382 840 5435 hunc
864 5381 976 5437 lbre
1006 5383 1222 5438 modum
1254 5386 1555 5454 praescribit
1591 5404 1603 5439 :
1632 5403 1650 5435 ι
1677 5387 1867 5439 Anima
1898 5402 2017 5455 quae
2035 5386 2172 5441 obli-

617 5473 778 5528 vione
801 5474 965 5528 oblita
1005 5473 1186 5539 fuerit,
1214 5485 1269 5531 et
1290 5477 1605 5548 imprudens
1638 5478 1941 5549 peccaverit
1998 5479 2054 5531 in
2106 5479 2171 5533 iis

618 5579 738 5634 quae
759 5574 944 5620 sancta
996 5574 1122 5622 sunt
1171 5566 1400 5632 Domini,
1432 5570 1636 5639 _0ﬂ'eret
1685 5569 1910 5625 Domino
1948 5575 2169 5625 arietem

687 5747 732 5779 "
768 5745 935 5803 Levit.
978 5767 1047 5817 iv,
1088 5749 1274 5805 27—50.

1378 5758 1422 5786 ’δ
1459 5754 1617 5812 Num.
1662 5773 1768 5811 xvi.
1814 5757 1861 5813 7.
1938 5756 1983 5790 “
2020 5755 2191 5813 chit.
2237 5773 2308 5818 iv.
2347 5757 2436 5813 27.
2516 5759 2553 5791 ³³
2598 5754 2765 5814 chit.
2807 5777 2857 5824 v,
2902 5760 2950 5815 Ι.
3028 5759 3073 5793 ³⁸
3112 5761 3245 5817 Ibid.
3288 5760 3341 5825 9.,
3379 5763 3432 5816 5.

2288 3286 2593 3360 ἀνθρώπου,
2628 3288 2735 3341 ἀπὸ
2763 3289 2941 3360 πάσης
2964 3287 3298 3360 ἀκαθαρσίας,
3330 3287 3496 3342 66:05
3520 3283 3586 3361 ἧς
3609 3286 3679 3341 ἂν
3709 3287 3856 3356 ἀψά-

2290 3397 2446 3451 μενος
2477 3380 2694 3451 μιανθῇ,
2733 3380 2826 3434 καὶ
2860 3380 3043 3435 ἔλαθεν
3071 3381 3251 3445 αὐτὸν,
3289 3381 3425 3452 μετά
3455 3380 3607 3434 τοῦτο
3631 3379 3678 3433 δ’
3709 3380 3857 3449 ἔγνω

2263 3475 2381 3564 ,καὶ
2420 3473 2809 3545 πλημμελήσῃ.
2852 3493 2871 3525 ι
2929 3474 2994 3527 Τί
3038 3474 3101 3545 δὴ
3144 3470 3237 3529 οὖν
3274 3476 3367 3529 καὶ
3409 3474 3500 3529 τὸν
3554 3475 3859 3545 μιανθέντα

2285 3567 2558 3639 προσῆκον
2589 3566 2657 3639 ἦν
2696 3571 2888 3631 ποιεῖν,
2933 3567 3047 3622 ἀλλ’
3095 3569 3127 3640 ἢ
3163 3570 3434 3640 ἀπαντᾷνη
3458 3569 3617 3623 πάλιν
3659 3572 3719 3621 ἐν
3773 3569 3861 3639 τῷ

2283 3652 2452 3721 τόπῳ,
2482 3654 2574 3706 καὶ
2614 3653 2943 3725 προσφέρειν
2970 3653 3097 3725 περὶ
3136 3654 3235 3724 τῆς
3282 3655 3550 3726 ἁμαρτίας
3581 3650 3750 3708 αὐτοῦ
3784 3648 3856 3727 ἧς

2282 3741 2515 3812 ἥμαρτε,
2541 3742 2672 3814 θῆλυ
2697 3744 2804 3798 ἀπὸ
2828 3744 2933 3797 τῶν
2952 3744 3255 3817 προϐάτων,
3284 3745 3317 3816 ἢ
3345 3745 3575 3816 ἀμνάδα,
3604 3745 3640 3819 ἢ
3666 3746 3855 3817 χίμαι-

2285 3850 2382 3904 ραν
2424 3834 2481 3900 ἐξ
2506 3835 2692 3903 αἰγῶν,
2724 3836 2850 3906 περὶ
2881 3836 3186 3908 ἁμαρτίας;
3231 3837 3287 3889 Ὅ
3318 3836 3361 3889 δ’
3391 3836 3550 3900 66:6;
3584 3832 3653 3907 ἦν
3682 3839 3856 3908 νόμος

2283 3926 2377 3979 καὶ
2399 3927 2489 3979 ἐπὶ
2516 3926 2693 3998 ψυχῆς
2716 3928 2751 4000 ἢ
2781 3927 2845 3981 ἂν
2874 3929 3047 4002 ὀμόσῃ
3073 3929 3451 3983 διαστέλλουσα
3478 3932 3587 3993 τοῖς
3614 3930 3850 4000 χείλεσι,

2282 4019 2663 4089 κακοποιῆσαι,
2702 4019 2736 4090 ἢ
2774 4019 2953 4083 καλῶς
2982 4019 3201 4090 ποιῆσαι
3244 4019 3386 4074 κατά
3417 4021 3592 4075 πάντα
3635 4022 3738 4074 ὅσα
3779 4021 3854 4074 ἂν

2280 4108 2548 4182 διαστείλῃ
2577 4109 2860 4181 ἄνθρωπος
2895 4110 3014 4181 μεθ’
3043 4112 3225 4183 ὅρκου,
3243 4113 3336 4165 καὶ
3367 4111 3504 4182 λάθῃ
3537 4112 3723 4178 αὐτὸν,
3753 4115 3855 4168 καὶ

2280 4193 2431 4264 οὗτος
2460 4200 2572 4271 γνῷ
2594 4203 2687 4256 καὶ
2706 4203 2926 4275 ἁμάρτῃ
2947 4202 3004 4255 ἐν
3021 4219 3127 4256 τινι
3148 4202 3372 4267 τούτων,
3398 4204 3491 4257 καὶ
3506 4203 3859 4279 ἐξαγορεύσῃ

2278 4292 2377 4364 τὴν
2428 4293 2701 4366 ἁμαρτίαν
2750 4294 2875 4363 περὶ
2906 4290 2974 4365 ἦς
3009 4294 3242 4364 ἥμαρτε,
3292 4313 3313 4346 ι
3348 4296 3441 4349 καὶ
3487 4289 3639 4358 οὗτος
3684 4295 3855 4367 δῆτα,

2279 4385 2461 4454 φησὶν,
2522 4385 2582 4436 τὸ
2625 4383 2757 4437 αὐτὸ
2805 4384 2981 4437 λαϐὼν
3032 4386 3224 4457 ἱερεῖον
3251 4424 3266 4448 ,
3341 4385 3613 4439 σπευδέτω
3658 4388 3719 4439 ἐν
3769 4386 3858 4457 τῷ

2278 4476 2446 4547 τόπῳ,
2480 4476 2573 4529 καὶ
2604 4475 2904 4540 ἐξιλάσεται
2938 4478 3067 4549 περὶ
3094 4478 3259 4532 66:05
3300 4477 3329 4530 6
3375 4479 3549 4551 ἱερεὺς
3581 4480 3710 4551 περὶ
3745 4481 3861 4551 τῆς

2209 4536 2252 4589 D
2281 4536 2553 4637 ἁμαρτίας
2583 4536 2767 4632 αὐτοῦ,
2800 4568 2895 4621 καὶ
2927 4536 3256 4639 ἀφεθήσεται
3277 4536 3483 4641 αύτῷΙὴ
3513 4536 3784 4641 ἀμαρτία.

2280 4659 2389 4712 Καὶ
2413 4659 2568 4722 ἄλλος
2594 4661 2742 4732 παρὰ
2764 4662 2888 4723 τοὺς
2913 4662 3230 4732 εἰρημένους
3256 4661 3417 4732 νόμος
3442 4656 3547 4714 ἄβέ
3572 4680 3644 4733 πη
3673 4661 3860 4735 διορίο

2280 4749 2380 4815 ζει·
2436 4769 2455 4802 ι
2508 4752 2669 4823 Ψυχὴ
2710 4753 2744 4822 ἢ
2782 4752 2847 4806 ἂν
2886 4753 3023 4825 λάθῃ
3072 4753 3229 4806 αὐτὸν
3277 4752 3437 4827 λήθῃ,
3483 4753 3575 4808 καὶ
3616 4755 3859 4830 ἁμάρτῃ

2278 4841 2544 4906 ἀκουσίως
2576 4842 2683 4897 ἀπὸ
2714 4843 2819 4897 τῶν
2848 4845 3018 4913 ἀγίων
3050 4844 3272 4917 Κυρίου,
3307 4846 3401 4899 καὶ
3431 4845 3647 4902 εἰσοίσει
3684 4849 3860 4919 κριὸν

2277 4932 2377 5003 τῆς
2411 4931 2783 5004 πλημμελείας
2822 4935 2984 4989 αὐτοῦ
3029 4935 3104 5005 τῷ
3148 4936 3367 5008 Κυρίῳο
3410 4938 3563 5007 οίσει⁸
3588 4936 3645 4991 δὲ
3675 4939 3857 4993 πάλιν

2277 5023 2425 5095 παρὰ
2455 5024 2545 5077 τὸν
2592 5025 2871 5098 ἀρχιερέα,
2904 5029 2960 5080 ἐν
2986 5026 3064 5097 τῷ
3104 5027 3252 5098 τόπῳ
3298 5028 3497 5099 δηλαδὴ
3535 5029 3609 5099 τῷ
3639 5030 3859 5095 ἐξειλε-

2274 5115 2477 5186 γμένῳ.
2518 5135 2536 5168 ι
2587 5118 2696 5170 Καὶ
2750 5116 2903 5170 ἕκτον
2947 5117 3004 5170 δέ
3044 5118 3205 5189 νόμον
3246 5116 3449 5185 τούτοις
3494 5121 3856 5192 προστίθησι,

2276 5204 2466 5274 λέγων’
2524 5225 2545 5259 ι
2596 5208 2752 5279 Ψυχὴ
2787 5208 2852 5262 ἂν
2897 5210 3137 5284 ἁμάρτῃ,
3186 5212 3280 5264 καὶ
3322 5214 3521 5283 ποιήσῃ
3572 5213 3698 5283 μίαν
3728 5216 3858 5268 ἀπὸ

2280 5298 2466 5351 πασῶν
2492 5297 2599 5351 τῶν
2630 5298 2878 5368 ἐντολῶν,
2912 5294 2985 5353 ὧν
3016 5302 3074 5354 οὐ
3104 5302 3185 5354 δεῖ
3211 5307 3403 5367 ποιεῖν,
3432 5304 3526 5357 καὶ
3552 5305 3651 5357 οὐκ
3671 5303 3854 5373 ἔγνω,

2277 5389 2368 5442 καὶ
2400 5390 2784 5463 πλημμελήσῃ,
2816 5394 2909 5448 καὶ
2935 5393 3072 5465 λάϐῃ
3101 5395 3196 5465 τὴν
3217 5396 3492 5468 ἁμαρτίαν
3522 5398 3710 5465 66:05,
3742 5402 3854 5454 καὶ

2276 5482 2409 5535 οίσει
2447 5482 2607 5536 πάλιν
2638 5483 2790 5553 κριὸν
2814 5482 2892 5553 τῷ
2930 5486 3196 5559 ἀρχιερεῖ,
3228 5490 3321 5542 καὶ
3360 5489 3663 5554 ὲξιλάσεται
3703 5493 3855 5562 περὶ

2278 5571 2440 5625 66:05
2474 5575 2502 5626 6
2536 5573 2728 5642 ἱερεὺς,
2763 5575 2888 5644 περὶ
2918 5578 3015 5646 τῆς
3040 5580 3264 5647 ἀγνοίας,
3289 5581 3450 5634 αὑτοῦ
3482 5576 3549 5652 ἧς
3576 5584 3853 5653 ἠγνόησε,

3510 5762 3553 5793 ³³
3589 5761 3728 5816 Ibid.
3776 5768 3849 5825 6.
