3978 6414
173 380 227 435 :1
999 352 1657 422 DEMONSTRATIONIS
1699 361 2161 422 EVANGsLtcm
2201 363 2331 419 LIB.
2372 364 2419 423 ι.
3014 386 3020 398 η
3288 363 3358 420 δε,

173 484 397 552 uicino;
420 487 517 540 οὐκ
546 485 679 559 ᾔδει,
720 486 813 541 καὶ
845 483 1173 558 ἀφεθήσεται
1206 484 1375 557 αὐτῷ.
1407 504 1425 538 ι
1465 487 1606 559 Ἤδη
1633 486 1681 541 δὲ

1793 499 1894 555 pro
1916 493 2140 555 peccato
2166 499 2267 541 suo
2294 486 2340 517 “
2364 503 2380 553 ;
2423 504 2442 538 ι
2483 484 2671 540 offeret
2699 490 2882 540 autem
2900 496 3097 541 rursus
3128 482 3195 538 ad
3213 480 3356 538 Pon-

172 583 354 656 ισδομόν
379 597 526 652 φησιο
566 598 584 632 ι
617 578 774 650 Ψυχὴ
805 578 869 634 ἂν
898 580 1139 653 ἁμάρτῃ,
1170 580 1263 633 καὶ
1284 577 1525 652 παριδὼν
1545 594 1690 652 παρ-

174 680 237 752 ἔδῃ
277 674 363 737 τὰς
402 670 614 735 ἐντολὰς
652 670 881 743 Κυρίου,
939 670 1033 724 καὶ
1073 670 1342 743 ψεύσηται
1402 671 1538 742 πρὸς
1600 670 1690 725 τὸν

171 765 353 837 πλησίον
381 762 547 816 αὐτοῦ
574 765 631 815 ἐν
669 761 1133 834 παρακαταθήκῃ,
1166 763 1296 830 περὶ
1335 762 1623 827 κοινωνίας
1655 763 1689 835 ἦ

169 856 397 933 ἁρπαγῆς,
436 854 468 925 ἢ
502 853 726 925 ἠδίκησέ
768 871 822 906 τι
854 853 947 907 τὸν
980 853 1230 924 πλησίον,
1272 854 1305 927 ἢ
1339 849 1496 924 εὗρεν
1537 854 1689 908 ἀπώ-

166 954 299 1015 λειαν,
334 950 421 1003 καὶ
451 947 722 1021 ψεύσηται
759 949 887 1022 περὶ
916 949 1106 1019 αὐτῆς,
1147 950 1242 1003 καὶ
1283 951 1456 1022 ὀμόσῃ
1490 948 1692 1015 ἀδίκως

164 1044 266 1116 περὶ
298 1041 406 1105 ἐνὸς
442 1039 551 1093 ἀπὸ
597 1038 814 1094 πάντων
861 1034 936 1094 ὧν
983 1039 1079 1095 ἐὰν
1132 1041 1335 1114 ποιήσῃ
1381 1041 1686 1114 ἄνθρωπος,

163 1137 270 1190 ὥστε
314 1133 573 1204 ἁμαρτεῖν
622 1134 680 1186 ἐν
727 1132 957 1198 τούτοις,
1001 1132 1095 1187 καὶ
1143 1133 1309 1204 ἡνίκα
1355 1131 1421 1186 ἂν
1467 1133 1688 1205 ἁμάρτῃ

164 1229 234 1285 καὶ
278 1224 636 1299 πλημμελήσῃ
681 1226 777 1280 καὶ
828 1224 1012 1296 ἀποδῷ
1077 1225 1139 1279 τὸ
1195 1226 1466 1299 ἅρπαγμα
1515 1226 1543 1279 ὃ
1592 1226 1690 1297 ἥρ-

163 1339 313 1386 ησεν,
368 1319 400 1391 ἢ
460 1318 521 1372 τὸ
580 1318 823 1391 ἀδίκημα
888 1318 918 1372 ὃ
970 1318 1247 1393 ¹Ιγδίκησεν,
1293 1321 1459 1392 ἥτὴν
1513 1338 1690 1392 παρα-

161 1412 444 1484 καταθήκην,
485 1412 610 1482 ἦτις
655 1410 924 1485 παρετέθη
988 1410 1156 1483 αὐτῷ,
1204 1412 1237 1483 ἢ
1275 1411 1373 1483 τὴν
1415 1410 1688 1465 ἀπώλειαν

161 1510 210 1580 ἦν
235 1500 390 1578 εὗρεν,
454 1504 564 1557 ἀπὸ
604 1504 803 1568 παντὸς
861 1493 1184 1576 πράγματος
1248 1499 1308 1559 οὗ
1347 1503 1527 1576 ὤμοσε
1561 1504 1688 1577 περὶ

161 1598 286 1653 αὑτοῦ
338 1596 534 1661 ἀδίκως
556 1637 573 1663 ,
630 1597 723 1650 καὶ
767 1597 1014 1651 ἀποτίσει
1075 1597 1206 1651 αύτδ
1271 1596 1333 1650 τὸ
1396 1596 1687 1667 κεφάλαιον

159 1694 229 1746 καὶ
260 1690 314 1744 τὸ
358 1690 723 1761 ἐπίπεμπτον.
764 1708 784 1741 ι
821 1689 1017 1760 Ἐχρῆν
1055 1688 1101 1743 δ’
1145 1688 1210 1743 ἂν
1239 1688 1377 1760 μετὰ
1406 1689 1467 1742 τὸ
1499 1688 1688 1757 ἐξαγο-

156 1781 382 1858 ρεῦσαιτὺ
425 1780 756 1854 ἁμάρτημα,
795 1781 890 1835 καὶ
934 1780 1071 1852 μετὰ
1105 1780 1166 1834 τὸ
1209 1782 1484 1845 ἀποτῖσαι,
1520 1780 1684 1834 σπεύ-

1788 575 2014 641 tificem,
2043 576 2099 630 in
2123 579 2244 632 loco
2268 576 2522 632 videlicet
2548 576 2617 631 de
2643 591 2749 644 quo
2761 576 2966 630 dictum
2995 583 3099 631 est.
3136 573 3354 629 Sextam

1791 682 2006 739 quoque
2040 669 2212 739 legem
2253 666 2803 739 prioribusadjuugit
2825 666 2912 723 his
2936 667 3116 723 verbis
3141 686 3155 720 :
3182 684 3201 717 ι
3227 665 3361 719 Ani-

1791 773 1881 813 ma
1911 759 1954 814 si
1990 760 2298 829 peccaverit
2322 767 2377 814 et
2407 754 2599 815 fecerit
2615 757 2877 813 adversus
2902 774 3071 812 unum
3086 773 3153 813 ex
3181 757 3359 810 omni-

1788 850 1893 905 bus
1921 852 2225 921 praeceptis,
2265 851 2470 921 aliquid
2518 866 2729 916 eorum,
2751 866 2872 922 quae
2894 864 3003 905 non
3029 856 3243 920 Oportet
3276 846 3359 901 fa-

1789 956 1931 1007 cere,
1963 950 2018 997 et
2044 959 2152 997 non
2181 942 2518 1014 cognoverit,
2573 951 2627 999 et
2676 942 2988 1016 deliquerit,
3039 951 3092 999 et
3132 956 3357 1013 accepe—

1787 1033 1861 1088 rit
1891 1043 2171 1103 peccatum
2203 1050 2385 1101 suum,
2417 1051 2613 1092 rursus
2629 1035 2816 1092 offeret
2850 1034 3100 1090 Pontifici
3130 1035 3353 1090 arietem

1787 1136 1842 1182 et
1873 1129 2051 1183 orabit
2082 1144 2181 1198 pro
2225 1129 2345 1200 ipso
2400 1130 2684 1198 sacerdos,
2735 1144 2836 1199 pro
2883 1126 3192 1199 ignorantia
3234 1127 3357 1196 ejus

1787 1239 1951 1294 quam
1986 1224 2278 1295 ignoravit,
2308 1234 2362 1281 et
2386 1226 2477 1280 hic
2510 1225 2628 1295 ipse
2657 1240 2767 1280 non
2802 1226 2973 1291 novit,
3033 1230 3088 1279 et
3115 1222 3357 1278 dimitte-

1787 1321 1880 1368 tur
1915 1315 1964 1369 ei
1997 1316 2063 1371 ³⁵.
2100 1334 2118 1367 ι
2155 1316 2454 1387 Septimam
2492 1315 2623 1372 item
2663 1316 2858 1372 scribit
2881 1315 3052 1387 legem
3091 1313 3197 1369 hoc
3244 1326 3357 1368 mo-

1786 1406 2121 1463 doztAnima
2150 1408 2195 1464 si
2226 1408 2555 1479 peccaverit,
2573 1415 2628 1463 et
2643 1416 2998 1464 contemnens
3021 1412 3359 1475 contempse-

1784 1502 1860 1557 rit
1888 1510 2153 1572 prazcepta
2184 1496 2470 1556 Domini‘et
2488 1501 2713 1556 mentita
2741 1500 2905 1556 fuerit
2952 1498 3200 1571 proximo
3254 1510 3355 1553 suo

1787 1597 1843 1651 in
1873 1596 2144 1667 deposito,
2173 1594 2682 1651 communicationis
2711 1607 2806 1650 aut
2832 1593 3038 1665 rapinae
3060 1607 3247 1659 causa,
3268 1590 3354 1647 vel

1786 1689 1989 1760 injuria
2020 1689 2201 1760 aliqua
2231 1688 2469 1745 aﬂ'ecerit
2498 1689 2811 1762 proximum
2838 1687 3045 1753 suum,’
3063 1686 3148 1743 vel
3197 1678 3353 1741 inve-'-

1786 1780 1929 1836 nerit
1961 1796 2074 1835 rem
2112 1780 2400 1849 perditam,
2432 1794 2496 1836 ac
2525 1779 2592 1835 de
2637 1795 2702 1836 ea
2732 1780 2848 1850 ipse
2895 1778 3119 1833 mentita
3166 1775 3351 1841 fuerit,

155 1877 238 1930 δειν
264 1874 427 1940 πάλιν,
461 1874 649 1929 πάντα
681 1871 1069 1944 ὑπερθέμενον,
1099 1873 1180 1936 είς
1207 1871 1298 1925 τὸν
1335 1872 1495 1925 τόπον
1531 1872 1591 1926 ὃν
1624 1870 1681 1925 ἂν

1789 1881 1844 1930 et
1904 1872 2169 1944 juraverit
2232 1872 2420 1943 inique
2476 1887 2577 1942 pro
2627 1886 2738 1926 uno
2775 1887 2841 1927 ex
2901 1862 3154 1926 omnibus
3206 1883 3355 1940 quae-

155 1967 384 2037 ὲκλέξηται
416 1966 625 2038 Κύριος
669 1967 701 2019 ό
741 1964 891 2032 Θεὸς,
940 1965 1034 2018 καὶ
1081 1963 1408 2036 προσφέρειν
1445 1979 1510 2033 γε
1551 1962 1679 2034 περὶ

154 2059 226 2129 τῆς
244 2056 607 2128 πλημμελείας
638 2057 788 2129 κριὸν
812 2056 1040 2128 ἄμωμον
1058 2071 1072 2086 ο
1102 2055 1198 2109 καὶ
1226 2052 1530 2119 ἐξιλάσεται
1553 2055 1680 2126 περὶ

154 2152 278 2208 αὑτοῦ
300 2153 327 2205 ό
356 2153 532 2224 ἱερεὺς
564 2151 743 2206 ἔναντι
769 2150 995 2224 Κυρίου,
1025 2150 1120 2205 καὶ¹
1145 2147 1481 2220 άφηθήσεται
1505 2147 1673 2219 αύτῷ.

155 2243 295 2297 ταῦτα
322 2245 410 2297 καὶ
443 2243 579 2314 περὶ
609 2242 778 2297 τῶνδε
822 2245 851 2297 ό
897 2241 1198 2313 θαυμάσιος
1238 2240 1496 2311 Μωῦσῆς,
1551 2238 1678 2310 περί

152 2354 195 2390 τε
224 2336 314 2390 τῶν
349 2335 622 2400 ἀκουσίως
656 2335 1072 2408 ἡμαρτηκότων,
1113 2334 1208 2389 καὶ¹
1241 2334 1370 2406 περὶ
1405 2333 1511 2387 τῶν
1556 2332 1677 2387 κατ’

153 2430 343 2498 ἄγνοιαν,
375 2427 804 2502 ἐξηκριὸώσατο,
846 2427 1127 2500 πόρρωθεν
1182 2426 1289 2480 τῶν
1343 2424 1487 2480 κατὰ
1543 2442 1677 2498 προ-

153 2522 316 2593 αίρεσιν
344 2521 848 2593 πλημμελημάτων,
896 2521 982 2590 ἐφ’
1010 2514 1089 2583 οἷς
1140 2519 1234 2573 καὶ
1276 2518 1679 2590 ἀπαραιτήτους

151 2616 280 2688 ὁρίζει
316 2615 587 2687 τιμωρίας
626 2614 751 2677 τοὺς
789 2614 1022 2677 οἰκείους
1063 2612 1420 2667 ἀναστέλλων.
1457 2612 1516 2665 '0
1570 2611 1678 2683 γὰρ

150 2708 219 2760 lui
244 2709 338 2769 rei;
368 2704 649 2769 ἀκουσίοις
685 2704 759 2777 μὴ
807 2705 1070 2777 πρότερον
1098 2704 1289 2776 νείμας
1329 2703 1674 2776 συγγνώμην,

150 2796 519 2869 ῆέξαγορεῦσαι
548 2796 610 2850 τὸ
638 2797 956 2869 ἁμάρτημα,
986 2795 1220 2850 κᾶπειτα
1252 2795 1440 2866 ὥσπερ
1477 2795 1678 2867 μικρὰν

150 2888 364 2961 τιμωρίαν
393 2890 480 2943 διά
514 2888 623 2960 τῆς
646 2888 1134 2961 προστεταγμένης,
1163 2887 1351 2952 θυσίας
1384 2886 1678 2960 είσπραξάτ-

152 2997 273 3051 μενος
298 2980 381 3033 τὸν
408 2981 795 3054 ἡμαρτηκότα,
822 2980 911 3034 διά
933 2997 993 3033 τε
1035 2979 1137 3050 τῆς
1159 2979 1251 3033 ἐπὶ
1277 2979 1368 3032 τὸν
1399 2979 1561 3048 ἁγνὸν
1586 2979 1678 3032 τό-

151 3090 225 3127 πον
247 3073 537 3145 ἀμελλήτου
571 3073 796 3144 πορείας
823 3072 921 3146 τὴν
954 3072 1186 3143 σπουδὴν
1218 3068 1351 3143 ὁμοῦ
1382 3072 1474 3126 καὶ
1504 3071 1563 3124 τὸ
1590 3071 1680 3125 εὑ-

151 3166 273 3230 λαὸὲς
292 3168 557 3231 ἐπιτείνας
577 3166 689 3221 τῶν
718 3167 835 3221 κατ’
870 3166 1031 3220 αὐτὸν
1065 3164 1333 3219 θεοσεϐεῖν
1360 3165 1677 3239 προῃρημέ-

1786 1980 2003 2037 cunque
2060 1964 2190 2019 facit
2242 1964 2404 2019 homo
2435 2005 2450 2030 ,
2517 1973 2570 2020 et
2610 1974 2800 2035 peccat
2839 1983 2851 2019 :
2908 1969 2963 2019 et
2997 1961 3355 2033 quandocun-

1784 2073 1891 2128 que
1940 2058 2249 2128 peccaverit
2300 2074 2363 2113 ac
2415 2058 2726 2129 deliquerit,
2791 2064 2846 2113 et
2888 2056 3194 2114 restituerit
3235 2068 3355 2111 rem

1783 2162 1947 2218 quam
1982 2148 2227 2216 abstulit,
2263 2154 2356 2203 aut
2391 2149 2603 2219 injuriae
2632 2164 2662 2203 a
2688 2164 2748 2205 se
2770 2150 2950 2214 illatae,
3003 2146 3352 2213 satisfecerit,

1786 2239 1837 2311 5
1855 2248 1949 2294 aut
1977 2238 2287 2310 depositum
2314 2239 2461 2312 quod
2490 2256 2603 2297 sua:
2631 2240 2757 2296 ﬁdei
2773 2240 3126 2297 commissum
3154 2238 3352 2308 fuerat,

1782 2331 2103 2400 reddiderit,
2141 2341 2234 2386 aut
2264 2348 2379 2388 rem
2411 2333 2677 2402 perditam
2707 2348 2870 2404 quam
2895 2333 3122 2398 invenit,
3140 2348 3209 2388 ex
3237 2347 3350 2388 om-

1783 2426 1925 2481 nire
1956 2440 2055 2496 pro
2077 2439 2182 2496 qua
2214 2425 2400 2496 inique
2427 2425 2632 2496 juravit
2660 2425 2832 2480 solvet
2880 2425 3057 2495 ipsum
3080 2431 3272 2489 totum,
3300 2429 3355 2479 et

1783 2517 1903 2588 ejus
1936 2519 2160 2590 insuper
2180 2519 2431 2589 quintam
2476 2528 2688 2589 partem
2713 2517 3095 2574 "JCmterum
3131 2525 3354 2588 aperte-

1783 2608 1878 2664 bat
1928 2617 2217 2680 postquam
2260 2608 2577 2680 prodiderat
2642 2616 2931 2679 peccatum
2977 2624 3042 2664 ac
3092 2609 3353 2676 solverat,

1784 2707 2040 2755 omnibus
2072 2698 2304 2772 negotiis
2334 2700 2662 2771 posthabitis
2691 2715 2941 2770 propere,
2993 2701 3143 2756 abire
3174 2700 3243 2756 ad
3268 2701 3353 2757 lo-

1784 2804 1932 2857 cum,
1979 2806 2139 2861 quem
2191 2772 2429 2863 elegerat
2467 2790 2735 2846 Dominus
2761 2792 2928 2857 Deus,
2956 2800 3010 2848 et
3034 2791 3228 2849 offerre
3255 2807 3357 2863 pro

1784 2882 1984 2939 delicto
2014 2884 2241 2939 arietem
2289 2882 2719 2945 immaculatum,
2764 2891 2818 2938 et
2850 2883 2931 2938 sic
2975 2897 3133 2938 orare
3165 2897 3265 2953 pro
3287 2897 3356 2939 eo

1785 2975 2122 3032 sacerdotem
2153 2975 2294 3047 apud
2323 2974 2633 3040 Dominum,
2659 2981 2713 3030 et
2740 2974 2935 3030 dimitti
2960 2976 3032 3031 ei.
3069 2975 3195 3031 Haec
3220 2991 3355 3034 sane

1784 3065 1962 3124 Moses
1988 3067 2078 3122 ille
2110 3066 2464 3121 admirandus
2487 3073 2597 3120 tam
2624 3067 2692 3122 de
2722 3066 2790 3121 iis
2816 3067 2910 3137 qui
2946 3068 3104 3122 inviti
3161 3083 3356 3139 pecca-

1784 3161 1980 3225 verint,
2012 3174 2174 3229 quam
2200 3158 2267 3213 de
2299 3159 2366 3214 iis
2386 3159 2479 3229 qui
2504 3174 2601 3229 per
2630 3158 3015 3229 ignorantiam,
3044 3160 3352 3231 diligentis-

152 3276 245 3324 ων,
272 3260 377 3324 πῶς
410 3261 531 3331 οὐχὶ
562 3260 673 3312 τῶν
703 3257 964 3322 ἑκουσίως
999 3258 1289 3330 δρωμένων
1317 3258 1452 3312 πολὺ
1483 3257 1679 3331 πρότε-

1782 3254 1921 3309 sime
1964 3254 2220 3309 tractavit
2259 3268 2504 3309 seorsum
2550 3253 2618 3307 ab
2647 3252 2715 3307 iis
2741 3268 2861 3323 quae
2900 3252 3206 3309 voluntarie
3228 3268 3354 3325 pec-

153 3369 220 3423 ρον
250 3353 445 3423 ἐπίσχοι
492 3353 561 3407 ἂν
612 3352 711 3416 τὰς
757 3352 968 3423 ὁρμάς;
1009 3351 1075 3405 Τί
1112 3352 1177 3424 δὴ
1206 3347 1299 3406 οὖν
1336 3352 1473 3424 πρὸς
1508 3349 1680 3405 ταῦτα

154 3444 507 3513 συλλογίζεσθαι
539 3443 702 3516 χρῆν,
736 3444 824 3497 ὅτε
871 3444 957 3516 δὴ,
996 3443 1073 3508 ὡς
1127 3445 1358 3515 εἴρηται,
1401 3459 1679 3512 συγκεφα-

151 3534 416 3608 λαιούμενος
450 3537 520 3591 τὰ
550 3538 729 3592 πάντα
754 3539 783 3591 ό
813 3537 1051 3608 Μωῡσῆς
1091 3538 1436 3610 ἐπισκήπτει,
1471 3535 1675 3604 λέγων·

154 3648 169 3681 ι
206 3631 610 3702 Ἐπικατάρατος
643 3631 749 3694 πᾶς
785 3629 845 3692 ὃς
885 3630 985 3683 οὐκ
1023 3631 1250 3701 ἐμμενεῖ
1296 3631 1353 3683 ἐν
1393 3630 1527 3683 πᾶσι
1567 3630 1678 3692 τοῖς

152 3724 576 3795 ἐγγεγραμμένοις
630 3722 723 3776 τοῦ
780 3722 975 3793 νόμου,
1025 3720 1120 3774 τοῦ
1178 3720 1399 3791 ποιῆσαι
1454 3718 1612 3784 αὑτάς
1654 3737 1672 3771 ι

151 3809 259 3885 Ἆρα
278 3816 373 3888 γάρ
402 3817 530 3879 τοὺς
555 3816 622 3868 ἐκ
647 3814 894 3886 περάτων
916 3814 1018 3886 γῆς
1043 3811 1333 3885 μέλλοντας
1358 3811 1498 3866 κατὰ
1524 3812 1679 3865 Μωῦ·

152 3906 222 3959 σέα
249 3906 525 3971 θεοσεϐεῖν,
553 3906 630 3970 ὡς
660 3906 727 3960 ἂν
753 3905 974 3975 φύγοιεν
1010 3904 1107 3976 μὲν
1142 3902 1238 3976 τὴν
1286 3902 1550 3975 κατάραν,
1587 3899 1680 3955 τύ-

152 4014 261 4067 χοιεν
280 3998 332 4052 δὲ
360 3999 458 4070 τῆς
494 3997 909 4070 ἐπηγγελμένης
947 3996 1083 4069 πρὸς
1114 3996 1203 4049 τὸν
1248 3994 1496 4067 Ἀϐραὰμ
1531 3993 1680 4047 εὐλο-

152 4089 258 4155 γίας,
286 4086 681 4145 ταῦτα’πάντα
722 4089 858 4160 χρῆν
894 4088 1175 4160 πράττειν,
1222 4087 1316 4141 καὶ
1361 4086 1542 4158 τρίτον
1584 4084 1679 4139 τοῦ

153 4179 267 4243 hau;
287 4180 529 4252 άπαντᾷν
558 4180 637 4244 είς
667 4179 736 4233 τὰ
780 4177 1154 4251 Ἱεροσόλυμα;
1190 4177 1282 4231 καὶ
1320 4174 1419 4239 τὰς
1452 4177 1518 4229 ἐκ
1548 4176 1681 4231 πάν-

152 4286 230 4324 των
246 4272 294 4325 δὲ
315 4271 421 4326 τῶν
449 4271 620 4327 ἐθνῶν
651 4269 922 4325 θεοσεϐεῖν
945 4267 1379 4343 προκεκριμένας
1397 4271 1676 4337 γυναῖκας,

154 4363 243 4437 ἄρτι
261 4365 425 4420 τόκων
452 4366 551 4420 καὶ⁸
586 4363 790 4419 ὠδίνων
817 4361 1190 4433 παυσαμένας,
1221 4358 1488 4431 τοσαύτην
1526 4360 1678 4414 στέλ-

153 4456 296 4512 λεσθαι
345 4458 590 4531 πορείαν,
648 4455 724 4520 ὡς
776 4456 842 4509 ἂν
897 4453 995 4526 τὴν
1049 4450 1524 4525 προστεταγμένην
1576 4449 1681 4505 ὑπὸ

153 4550 379 4617 uuam;
415 4551 607 4605 θυσίαν
648 4549 734 4619 ἐφ’
779 4549 995 4619 ἑκάστῳ
1041 4546 1150 4599 τῶν
1194 4545 1545 4617 γεννωμένων
1582 4546 1679 4598 ἀν-

1780 3357 1995 3413 cantur,
2016 3344 2215 3418 quibus
2239 3346 2400 3401 etiam
2427 3344 2789 3401 inexorabiles
2816 3345 3023 3415 irrogat
3051 3357 3265 3414 poenas,
3293 3349 3354 3397 ut

1780 3458 1910 3498 suos
1953 3442 2029 3495 ita
2069 3438 2319 3494 cohibeat
2349 3476 2364 3501 ,
2421 3451 2485 3492 ac
2545 3436 2803 3492 refrenet.
2865 3433 2971 3503 Qui
3021 3436 3168 3491 enim
3229 3435 3300 3493 iis
3332 3474 3350 3501 ,

1778 3536 1870 3607 qui
1892 3534 2049 3590 inviti
2093 3530 2440 3604 peccaverint
2498 3546 2609 3585 non
2658 3530 2811 3601 prius
2866 3529 3080 3584 veniam
3135 3529 3349 3597 tribuit,

1779 3640 1943 3696 quam
1978 3631 2260 3695 peccatum
2308 3619 2771 3683 annuntiaverint,
2821 3632 2885 3672 ac
2917 3615 3111 3674 deinde
3160 3617 3212 3672 ei
3255 3618 3352 3689 qui

1778 3719 2023 3791 peccavit
2054 3718 2213 3790 quasi
2240 3716 2412 3772 levem
2434 3729 2650 3785 pinnam
2684 3728 2783 3783 per
2810 3712 3075 3767 indictum
3103 3709 3235 3766 illud
3260 3725 3354 3767 sa-

1780 3812 2044 3867 crificium
2075 3810 2298 3880 irrogat,
2324 3817 2378 3863 et
2408 3822 2503 3878 per
2532 3808 2900 3861 accessionem
2936 3805 3057 3861 sine
3094 3819 3247 3859 mora
3281 3801 3351 3859 ad

1778 3900 1959 3957 locum
1985 3909 2253 3966 sanctum,
2283 3898 2524 3954 studium
2555 3898 2717 3953 simui
2745 3908 2799 3953 et
2823 3896 3137 3966 religionem
3159 3911 3349 3952 eorum

1780 3993 2033 4058 intendit,
2064 3993 2156 4063 qui
2187 4009 2246 4048 se
2273 4002 2498 4046 auctore
2519 3992 2578 4045 in
2610 3990 2795 4046 divino
2840 3990 2992 4045 cultu
3042 3991 3123 4044 uti
3156 3990 3346 4057 velint,

1779 4085 1873 4157 qui
1898 4086 2013 4140 fieri
2047 4091 2225 4156 potest
2262 4093 2320 4137 ut
2361 4098 2473 4138 non
2514 4082 2687 4136 multo
2719 4082 2871 4151 prius
2909 4081 2977 4135 ab
3002 4081 3072 4136 iis
3094 4096 3216 4151 qua:
3260 4095 3350 4136 vo-

1780 4179 2015 4233 luntarie
2043 4177 2477 4239 committuntur,
2510 4174 2816 4230 cohibuerit
2840 4174 3110 4244 appetitus
3141 4174 3167 4227 'I
3205 4171 3348 4239 Quid

1780 4270 1848 4325 ad
1872 4270 1986 4325 hzec
2018 4269 2181 4340 igitur
2201 4266 2574 4339 argumentari
2602 4272 2839 4336 oportet,
2858 4265 3098 4336 quando,
3137 4272 3198 4321 ut
3224 4266 3345 4320 dic-

1780 4368 1895 4414 tum
1922 4368 2026 4425 est,
2060 4365 2254 4413 cuncta
2282 4356 2532 4428 redigens
2558 4355 2613 4409 in
2636 4370 2900 4411 summam
2928 4353 3125 4420 Moses,
3143 4356 3222 4411 sic
3244 4355 3347 4410 im-

1781 4457 2034 4521 precetur
2058 4449 2081 4502 ?
2109 4468 2127 4500 ι
2160 4447 2526 4503 Exsecrabilis
2555 4447 2736 4502 omnis
2773 4447 3083 4517 quicunque
3103 4463 3210 4501 non
3241 4453 3349 4502 ste~

1782 4544 1907 4601 terit
1937 4542 2214 4605 omnibus,
2249 4555 2370 4610 quae
2398 4540 2453 4593 in
2485 4539 2601 4610 lege
2660 4539 2861 4609 scripta
2914 4546 3062 4603 sunt,
3094 4545 3152 4593 ut
3184 4537 3346 4594 faciat

155 4642 421 4711 ενέγιαιεν;
461 4643 496 4715 ἢ
540 4644 664 4705 τοὺς
699 4638 1077 4711 ἐφαψαμένους
1122 4636 1312 4710 νεκροῦ
1349 4637 1617 4708 σώματος,
1648 4635 1681 4706 ἦ

1786 4652 1849 4692 ea
1917 4636 1960 4667 ³⁷
2040 4654 2084 4691 ι.
2127 4632 2268 4704 Ergo
2317 4632 2480 4688 etiam
2525 4631 2579 4685 in
2631 4632 2888 4687 extremis
2936 4641 3093 4688 terra:
3146 4630 3344 4687 finibus

152 4736 244 4799 τοὺς
263 4736 507 4808 ἐπίορκον
533 4733 912 4805 ὀμωμοκότας,
940 4731 973 4802 ἢ
1003 4731 1128 4793 τοὺς
1148 4729 1399 4783 ἀκούσιόν
1419 4747 1470 4782 τι
1497 4729 1678 4799 δεδρα-

153 4829 278 4891 κότας
300 4830 361 4882 ἐκ
392 4828 642 4897 περάτων
661 4826 763 4896 γῆς
788 4823 964 4895 ήκειν,
989 4822 1198 4894 τρέχειν
1220 4838 1280 4874 τε
1309 4821 1403 4875 καὶ
1427 4820 1675 4875 σπεύδειν

154 4922 221 4974 ἐπὶ
253 4923 336 4978 τὸν
373 4919 860 4993 νενομοθετημένον
903 4915 1263 4986 καθαρισμὸν,
1301 4914 1377 4979 ὡς
1410 4914 1475 4969 ἂν
1507 4912 1675 4983 ἐκφύ-

154 5028 266 5079 γοιεν
304 5014 399 5087 τὴν
435 5014 533 5084 τῆς
567 5012 809 5082 κατάρας
852 5008 1178 5078 ἐπίσκηψινς
1228 5006 1387 5061 Ἀλλὰ
1429 5006 1676 5077 συνορᾷς,

153 5103 208 5168 ὣς
229 5106 309 5160 καὶ
333 5109 513 5170 αὐτοῖς
543 5108 655 5169 τοῖς
685 5104 827 5176 ἀμφὶ
859 5102 927 5157 τά
971 5100 1311 5173 Ἰεροσόλυμα
1343 5097 1673 5163 κατοικοῦσι,

155 5196 224 5249 καὶ
248 5198 328 5251 ἐπὶ
347 5199 512 5269 μόνης
524 5197 624 5268 τῆς
652 5194 908 5257 Ἰουδαίας
922 5191 1020 5255 τὰς
1040 5189 1315 5262 διατριϐὰς
1338 5186 1677 5259 ποιουμένοις

154 5285 311 5342 duri
338 5288 572 5343 Μωῦσέα
608 5286 720 5359 βίος
745 5282 1181 5357 δυσκατόρθωτος
1208 5276 1294 5353 ἦν’
1330 5283 1457 5353 μήτι
1494 5298 1557 5349 γε
1585 5279 1676 5333 δυ-

152 5380 277 5442 νατὸς
298 5379 652 5435 ἐπιτελεῖσθαι
670 5378 895 5442 καὶτοῖς
920 5376 1123 5439 λοιποῖς
1142 5373 1352 5428 ἔθνεσιν
1369 5373 1464 5444 (ὅ).
1487 5372 1677 5426 Ἔνθεν

206 5524 243 5556 ⁸⁸
272 5524 437 5583 Levit.
464 5543 517 5592 v,
560 5526 648 5580 i5.
724 5525 769 5557 ³⁸
806 5521 941 5580 Ibid.
983 5522 1070 5583 I7,
1114 5521 1202 5578 18.
1277 5520 1323 5553 ³⁸
1360 5519 1495 5576 Ibid.
1537 5538 1612 5584 vr,
1652 5519 1771 5579 2-7.

87 5638 91 5643 ’
294 5641 445 5714 Μήτι
486 5660 550 5714 τε
585 5639 839 5714 διητατός
859 5638 1255 5714 ἐπιτελεῖσθαι
1408 5637 1532 5714 τοῖς
1551 5641 1671 5692 λοι-

158 5710 259 5790 ξρῐς
283 5709 504 5790 raram;
532 5731 550 5790 ι
585 5710 790 5790 Nedum
824 5711 933 5790 tate
956 5719 1016 5765 ut
1037 5718 1274 5790 posseta
1295 5709 1521 5779 reliquis
1546 5724 1673 5790 gen-

1779 4728 2105 4791 habitantes,
2150 4727 2195 4783 si
2239 4726 2378 4799 ritus
2415 4723 2681 4780 Mosaicos
2728 4740 2948 4780 servare
2976 4722 3243 4787 volebant,
3285 4730 3345 4778 ut

1778 4821 1940 4874 talem
1952 4818 2383 4874 exsecrationem
2399 4817 2652 4881 vitarent,
2671 4816 3103 4887 promissamque
3114 4812 3344 4869 Abrahae

1778 4911 2213 4968 benedictionem
2271 4911 2690 4981 contingerent,
2748 4909 2861 4962 haac
2916 4907 3096 4962 omnia
3160 4907 3340 4963 facere

1779 5005 2064 5075 Oportebat
2095 5003 2118 5057 ?
2147 5018 2211 5057 ac
2249 5010 2332 5056 ter
2361 5002 2590 5072 singulis
2645 5002 2800 5054 annis
2831 4997 3201 5070 Hierosolyma
3247 5015 3341 5069 pe—

1781 5106 1896 5153 tere
1923 5097 1947 5151 ?
1978 5113 2043 5152 ex
2068 5096 2212 5152 omni
2247 5104 2505 5166 praeterea
2541 5094 2777 5153 natione,
2818 5107 2938 5162 quae
2967 5092 3103 5146 tales
3135 5092 3238 5148 sibi
3266 5094 3342 5146 ri-

1782 5196 1872 5243 tus
1899 5188 2196 5244 servandos
2228 5186 2635 5258 proposuisset.
2676 5183 2903 5238 feminas
2964 5192 3117 5253 partu
3181 5184 3341 5238 modo

1782 5296 1847 5335 ac
1900 5280 2179 5335 doloribus
2214 5280 2421 5334 levatas
2474 5285 2581 5329 tam
2616 5276 2833 5345 longum
2863 5276 2964 5329 iter
2992 5274 3199 5345 ingredi
3231 5315 3246 5337 ,
3282 5283 3342 5328 ut

1783 5369 1929 5442 quod
1979 5370 2298 5441 imperasset
2348 5366 2523 5421 Moses
2562 5361 2888 5419 sacrificium
2914 5403 2929 5429 ,
2964 5377 3065 5432 pro
3111 5360 3341 5433 singulis

1880 5519 1924 5551 ³⁷
1964 5517 2121 5573 Deut.
2160 5531 2323 5575 xxvn,
2350 5514 2440 5569 26.

1774 5635 1975 5705 Iudaeis
2000 5632 2304 5705 apudgalias
2332 5638 2503 5705 gentes
2533 5626 2855 5705 degentibus
2882 5623 3123 5696 potuisse
3138 5623 3343 5705 obser-

1773 5708 1914 5762 vari.
1946 5694 2256 5774 Legendum
2274 5694 2444 5774 igitur
2463 5703 2521 5754 ἐν
2539 5694 2651 5763 τοῖς
2681 5694 2904 5774 λοιποῖς,
2922 5705 2973 5751 et
2990 5707 3123 5774 post
3136 5694 3344 5749 ἔθνεσιν

159 5764 270 5836 lide
284 5764 604 5840 observari.»
639 5764 798 5838 vertit
832 5764 1309 5846 Donatusvmalej
1338 5764 1494 5836 mens
1520 5764 1665 5833 enim
1775 5764 2078 5831 addendum
2094 5773 2232 5827 forte
2247 5764 2538 5846 ‘l5u5_q£0tq,
2555 5764 3339 5846 vertendumqueiuertuntur.

158 5835 338 5907 Eusebii
352 5835 660 5910 Es‘t'iiu'uo'
682 5835 1025 5908 imrinusﬁhoc'
1040 5835 1259 5908 vivendi
1290 5835 1606 5908 institutum
1637 5866 1665 5903 a
1772 5864 1820 5918 ρ.
1853 5865 1883 5902 α
1905 5846 2108 5900 Ιιιτθιεὶε
2141 5843 2280 5914 apud
2326 5843 2464 5897 alias
2501 5852 2672 5912 gentes
2722 5835 3020 5909 degeniibus
3053 5835 3335 5891 observari.
