4056 6418
644 347 712 404 59
1268 350 1534 407 EUSEBll
1566 350 2045 411 CESARIENSIS
2081 351 2234 412 OPP.
2274 353 2454 410 PARS
2491 353 2555 410 Il.
2595 384 2665 396 —-
2700 354 3196 415 APOLOGETICA.
3783 369 3852 422 ιο

643 467 941 539 puerperiis
969 466 1226 523 offerrent
1254 468 1279 522 2
1307 469 1430 524 item
1455 468 1547 540 qui
1575 477 1670 524 aut
1702 477 1970 525 mortuum
1989 485 2156 542 corpu

2257 521 2262 533 _
2289 469 2511 534 εἰκότως
2532 471 2560 524 ό
2588 468 2778 544 ’Σωτὴρ
2805 473 2896 526 καὶ
2923 473 3123 545 Κύριος
3147 475 3303 546 ήμῶν
3334 477 3534 550 Ἰησοῦς
3557 481 3586 534 ό
3607 480 3732 545 Υἱὸς
3755 483 3850 534 τοῦ

639 561 966 631 attigissent,
997 567 1090 615 aut
1120 560 1454 632 pejerassent
1483 601 1499 625 ,
1534 569 1628 617 aut
1659 561 1814 616 inviti
1857 562 2058 633 aliquid
2107 561 2186 618 fe-

637 654 861 716 cissent,
895 667 990 708 eos
1023 651 1092 707 ab
1133 651 1391 710 extremis
1438 660 1598 710 terra:
1637 654 1834 712 finibus
1891 643 2092 719 venire,
2121 670 2185 710 ac

637 750 991 815 properantes
1010 759 1298 800 excurrere
1337 744 1404 800 ad
1425 760 1544 802 eam
1568 762 1689 818 quae
1719 748 1834 818 lege
1855 749 2064 804 sancito
2095 765 2184 806 es-

637 839 740 895 set,
772 832 1162 902 purgationem,
1191 842 1248 887 ut
1284 837 1676 893 exsecrationis
1716 852 1931 908 pcenam
1980 838 2182 911 effuge-

633 925 796 980 rent?
826 921 932 979 Sed
963 924 1119 994 plane
1159 926 1420 996 perspicis
1463 936 1522 982 ut
1551 928 1634 984 vel
1667 929 1781 998 ipsa
1813 927 2180 1002 Hierosolyma

631 1013 989 1070 incolentibus
1017 1056 1032 1081 ,
1078 1016 1323 1086 atquein
1361 1032 1467 1072 una
1514 1015 1698 1072 Iudaea
1742 1020 2084 1076 versantibus
2115 1035 2180 1075 ac

629 1104 946 1175 degentibus
986 1105 1279 1162 Mosaicum
1315 1109 1447 1163 illud
1475 1109 1686 1164 vivendi
1720 1110 2027 1166 institutum
2057 1127 2177 1168 ser-

627 1203 755 1252 vatu
819 1196 1031 1253 difﬁcile
1099 1207 1284 1264 esset,
1346 1199 1544 1256 nedum
1611 1202 1718 1256 tale
1784 1212 1843 1256 ut
1900 1212 2084 1272 posset
2146 1218 2178 1258 a

628 1286 851 1356 reliquis
887 1289 1136 1358 gentibus
1187 1289 1483 1344 observari.
1533 1288 1764 1346 Proinde
1818 1291 2064 1347 Salvator
2112 1307 2177 1346 ac

626 1377 886 1434 Dominus
927 1390 1112 1436 noster
1145 1379 1305 1437 Jesus
1346 1379 1516 1437 Filius
1567 1381 1659 1438 Dei
1698 1389 1818 1454 post
1867 1383 2098 1439 reditum
2141 1399 2174 1438 a

623 1478 796 1524 morte
827 1471 894 1525 ad
914 1472 1098 1537 vitam,
1128 1472 1184 1543 6
1215 1487 1338 1528 cum
1392 1471 1457 1525 ad
1492 1473 1788 1543 discipulos
1820 1489 1948 1530 suos
2003 1473 2175 1530 dixis-

622 1569 748 1614 set:
788 1577 808 1611 ι
849 1559 922 1615 lte
969 1575 1032 1616 ac
1063 1561 1253 1616 docete
1283 1576 1472 1617 omnes
1500 1570 1686 1634 gentes
1718 1563 1782 1628 ⁸³,
1825 1582 1844 1614 ι
1898 1571 2010 1618 tum
2057 1579 2170 1618 me-

621 1651 729 1703 rito
752 1649 1034 1720 adjunxit:
1091 1670 1110 1703 ι
1138 1652 1394 1707 docentes
1416 1667 1510 1708 eos
1545 1667 1761 1708 servare
1787 1653 1988 1717 omnia,
2022 1667 2169 1722 quae-

2285 561 2418 615 Θεοῦ
2452 562 2587 633 μετά
2614 563 2714 635 τὴν
2747 565 2810 618 ἐκ
2847 567 3052 638 νεκρῶν
3079 569 3372 624 ἀνάστασιν
3398 573 3511 635 τοῖς
3542 572 3705 626 αὑτοῦ
3741 590 3849 643 μα-

2285 651 2473 723 θηταῖς
2524 654 2722 707 εἰπών·
2777 675 2794 707 ι
2842 657 3197 729 Πορευθέντες
3257 659 3628 732 μαθητεύσατε
3674 663 3848 718 πάντα

2283 744 2351 797 τά
2401 744 2546 815 ἔθνη,
2588 763 2605 796 ι
2647 746 2922 816 ἐπιλέγει,
2973 765 2991 798 ι
3023 749 3358 816 διδάσκοντες
3408 753 3605 818 αὐτοὺς
3661 757 3847 828 τηρεῖν

2282 835 2457 888 πάντα
2483 837 2581 890 ὃσα
2615 837 2962 909 ἐνετειλάμην
2992 839 3138 910 ὑμῖν.
3183 860 3202 892 ι
3229 843 3303 894 Ού
3337 843 3444 915 γὰρ
3470 844 3538 899 τά
3566 845 3845 912 Μωΰσέως

2277 928 2480 998 νόμιμα
2522 929 2789 984 διδάσκειν
2850 931 3024 984 πάντα
3079 930 3147 984 τά
3200 932 3324 1006 ἔθνη
3373 935 3840 1006 παρεκελεύσατο,

2275 1018 2388 1072 ἀλλ’
2411 1008 2520 1074 ὅστί
2542 1018 2701 1083 αὐτὸς
2732 1020 3046 1074 ἐνετείλατο.
3071 1019 3253 1075 Ταῦτα
3300 1023 3342 1076 δ’
3389 1019 3478 1096 ἧν,
3521 1025 3590 1079 τὰ
3630 1027 3683 1080 ἐν
3728 1031 3841 1094 τοῖς

2275 1109 2620 1179 Εὑαγγελίοις
2669 1109 2831 1165 αὐτοῦ
2887 1110 3175 1184 φερόμενα.
3224 1114 3460 1180 Εἰκότως
3501 1112 3595 1170 οὖν
3646 1120 3741 1174 καί⁵
3787 1120 3839 1174 οἰ

2273 1201 2436 1254 αὑτοῦ
2491 1201 2725 1272 μαθηταὶ
2773 1202 2866 1255 καὶ
2910 1202 2958 1254 οἰ
3005 1203 3289 1256 ἀπόστολοι
3337 1206 3395 1258 ἐν
3435 1208 3501 1277 τῇ
3551 1208 3677 1280 περὶ
3729 1210 3838 1264 τῶν

2273 1289 2440 1342 ἐθνῶν
2474 1290 2660 1360 σκέψει
2699 1289 3014 1361 ὁμολογοῦσι
3060 1291 3133 1362 μὴ
3165 1290 3419 1345 δύνασθαι
3453 1293 3521 1346 τὰ
3552 1295 3838 1362 ,Μωῦσέως

2271 1382 2473 1451 νόμιμα
2522 1382 2633 1445 τοίς
2684 1380 2890 1434 ἔθνεσιν
2938 1381 3292 1455 ἐφαρμόζειν·
3345 1384 3433 1438 ὅτε
3477 1385 3613 1456 μήτε
3654 1385 3836 1450 αὐτοῖς

2275 1470 2410 1541 μήτε
2433 1471 2544 1533 τοῖς
2571 1470 2833 1541 πατράσιν
2861 1471 3034 1524 αὐτῶν
3074 1471 3454 1543 εύκατόρθωτα
3483 1472 3693 1543 γέγονε.
3730 1475 3832 1530 Λέ-

2273 1577 2357 1630 γει
2381 1561 2426 1615 δ’
2457 1558 2548 1614 οὖν
2583 1562 2641 1614 ἐν
2687 1564 2805 1625 ταῖς
2837 1562 3100 1634 Πράξεσιν
3121 1563 3150 1616 ό
3181 1562 3407 1633 Πέτροςο
3441 1582 3460 1613 ι
3495 1563 3607 1617 Νῦν
3649 1560 3741 1620 οὖν
3779 1565 3833 1619 τί

2270 1651 2552 1723 πειράζετε
2572 1651 2660 1705 τὸν
2687 1649 2840 1718 Θεὸν,
2871 1651 3132 1707 ἐπιθεῖναι
3155 1652 3316 1720 ζυγὸν
3336 1653 3427 1706 ἐπὶ
3453 1652 3543 1706 τδν
3567 1653 3832 1725 τράχηλον

620 1753 832 1811 cunque
859 1743 1086 1812 prtecepi
1109 1743 1262 1798 vobis
1290 1743 1358 1797 ³⁸.
1394 1761 1414 1794 ι
1458 1740 1576 1798 Non
1603 1743 1746 1798 enim
1775 1758 1895 1814 quae
1921 1742 1976 1796 in
2005 1741 2157 1798 Mosi:

2267 1744 2373 1798 τῶν
2405 1743 2680 1815 μαθητῶν,
2708 1743 2767 1796 ὃν
2795 1741 2918 1797 οὔτε
2959 1745 3007 1797 οἰ
3049 1744 3279 1815 πατέρες
3315 1744 3471 1815 ήμῶν
3507 1743 3632 1797 οὔτε
3668 1747 3832 1815 ἡμεῖς

618 1829 828 1901 legibus
857 1838 1002 1899 sunt,
1031 1833 1224 1889 docere
1275 1848 1462 1888 omnes
1483 1840 1670 1904 gentes
1701 1835 1998 1904 imperabat
2024 1853 2040 1890 :
2071 1833 2157 1890 sed

2269 1837 2564 1908 ἰσχύσαμεν
2609 1836 2904 1907 βαστάσαι;
2970 1855 2989 1888 ι
3040 1836 3277 1898 Εἰκότως
3329 1835 3386 1890 δέ
3443 1835 3537 1889 καὶ
3592 1834 3753 1899 αὐτὸς
3799 1835 3830 1888 ό

617 1940 952 1996 quaecunque
980 1941 1096 1996 ipse
1125 1939 1468 1997 praeceperat.
1505 1926 1630 1982 Haec
1666 1943 1828 1998 porro
1867 1935 2013 1992 sunt,
2049 1943 2168 1998 qua:

616 2017 671 2073 in
697 2019 839 2072 illius
869 2017 1171 2088 Evangeliis
1194 2021 1554 2075 continentur.
1584 2019 1774 2076 Merito
1791 2021 1953 2092 igitur
1979 2030 2034 2076 et
2057 2022 2166 2077 dis-

614 2112 780 2182 cipuli
831 2113 1094 2181 ejusdem.
1128 2123 1182 2168 et
1209 2116 1460 2184 apostoli,
1518 2130 1639 2169 cum
1692 2115 1892 2170 habere
1925 2116 2165 2185 gentium

611 2203 878 2257 rationem
918 2205 1135 2272 vellent,
1172 2206 1226 2258 in
1257 2207 1358 2261 hoc
1389 2207 1530 2261 inter
1558 2223 1618 2261 se
1647 2214 2016 2262 convenerunt
2047 2226 2061 2262 :
2106 2215 2166 2260 ut

610 2310 731 2366 qua:
762 2294 817 2350 in
852 2295 1014 2352 Mosis
1044 2297 1250 2366 legibus
1281 2298 1646 2362 continentur,
1667 2313 2003 2368 nequaquam
2035 2314 2163 2370 gen-

608 2387 757 2442 tibus
793 2398 1012 2458 possent
1048 2390 1468 2453 accommoilari,
1515 2390 1712 2460 quippe
1738 2405 1857 2460 qua:
1891 2406 2065 2461 neque
2094 2392 2163 2447 ab

608 2475 766 2547 ipsis,
797 2493 1015 2548 nequea
1039 2481 1280 2550 patribus
1313 2481 1552 2550 ipsorum
1587 2483 1789 2552 servari
1819 2482 2001 2553 potius
2037 2497 2163 2540 con.

607 2576 797 2626 staret.
833 2568 972 2640 Ergo
1002 2571 1056 2623 in
1084 2571 1234 2626 Actis
1264 2569 1457 2627 Petrus
1490 2572 1766 2642 loquitur:
1803 2590 1822 2624 ι
1855 2571 2010 2627 Nunc
2031 2588 2160 2640 ergo

605 2662 734 2734 quid
767 2663 985 2718 tentatis
1016 2662 1205 2728 Deum,
1264 2664 1542 2734 imponere
1581 2668 1768 2735 jugum
1803 2681 1965 2736 super
1987 2665 2160 2722 cervi-

602 2769 696 2810 ces
717 2754 1129 2824 discipulorum,
1166 2755 1310 2824 quod
1353 2771 1530 2826 neque
1556 2765 1736 2826 patres
1761 2754 1957 2816 nostri,
1982 2768 2158 2825 neque

603 2859 706 2901 nos
733 2853 949 2914 portare
1001 2845 1274 2914 potuimus
1305 2845 1349 2877 “
1379 2845 1404 2898 τ
1437 2863 1464 2905 ο,
1503 2844 1596 2900 sed
1623 2843 1787 2900 etiam
1837 2843 1951 2914 ipse
1981 2842 2157 2899 Moses

600 2944 820 3006 propter
864 2936 976 2990 haec
1006 2935 1123 3006 ipsa
1155 2951 1277 3004 quae
1320 2935 1582 3000 diximus,
1609 2937 1802 2991 merito
1829 2944 1882 2990 et
1927 2936 2156 2990 alterum

601 3034 797 3095 praeter
826 3039 884 3079 se
916 3031 1286 3079 surrecturum
1314 3023 1390 3076 ait
1421 3021 1742 3092 Prophetam
1774 3061 1788 3084 ,
1824 3029 1876 3074 et
1902 3020 2046 3074 hunc
2075 3019 2157 3088 ip-

599 3131 719 3170 sum
770 3113 949 3184 legum
1009 3119 1282 3166 auctorem
1347 3111 1586 3166 futurum
1636 3109 1848 3164 cunctis
1905 3107 2156 3180 gentibus

2264 1928 2501 2000 Μωῦσῆς
2546 1927 2745 1982 τούτων
2790 1927 2965 1982 αὐτῶν
3012 1927 3216 1994 ἕνεκεν,
3259 1929 3442 2000 ἕτερον
3480 1929 3607 2000 παρ’
3639 1925 3829 1980 ἐαυτὸν

2263 2018 2655 2090 ἀναστήσεσθαι
2686 2018 2788 2090 ἔφη
2823 2018 3126 2090 προφήτην,
3168 2019 3260 2072 καὶ
3302 2016 3490 2070 τοῦτον
3525 2015 3826 2089 νομοθέτην

2263 2105 2476 2160 ἔσεσθαι
2505 2106 2611 2160 τῶν
2645 2105 2810 2158 ἐθνῶν
2842 2103 3540 2173 άπάντωνεὺαγγελίξεται,
3569 2104 3659 2157 τὸν
3690 2106 3826 2178 Χρι-

2263 2195 2385 2249 στὸν
2414 2196 2794 2266 αἰνιττόμενος,
2837 2194 2983 2266 αὐτῷ
3021 2213 3080 2248 τε
3129 2194 3406 2248 πείθεσθαι
3452 2198 3564 2259 τοῖς
3604 2195 3826 2261 οἰκείοις

2262 2292 2531 2360 παραινεῖ,
2564 2284 2669 2342 ὧδέ
2705 2305 2781 2360 πη
2815 2288 2907 2341 καὶ
2951 2287 3109 2341 τοῦτο
3139 2287 3406 2353 θεσπίζων
3427 2305 3440 2319 ·
3477 2307 3495 2340 ι
3532 2289 3822 2361 Προφήτην

2261 2378 2388 2450 ὑμῖν
2415 2380 2705 2449 ἀναστήσει
2735 2377 2934 2450 Κύριος
2959 2381 2987 2432 ό
3011 2378 3141 2442 Θεὸς
3169 2380 3233 2432 ὲκ
3263 2378 3370 2433 τῶν
3397 2379 3639 2449 ἀδελφῶν
3666 2380 3821 2450 ὑμῶν

2259 2467 2334 2531 ὠς
2364 2467 2489 2538 ἐμέο
2515 2467 2676 2520 αὑτοῦ
2705 2465 2997 2522 ἀκούσεσθε
3020 2467 3160 2520 κατά
3187 2467 3362 2521 πάντα
3383 2469 3482 2522 ὅσα
3513 2468 3580 2522 ἂν
3611 2467 3820 2542 λαλήσῃ

2261 2558 2406 2629 ὑμῖν.
2447 2559 2636 2612 Ἔσται
2665 2558 2741 2623 δὲ,
2778 2560 2926 2612 πᾶσα
2955 2557 3120 2629 ψυχὴ,
3145 2559 3264 2628 ἥτις
3294 2558 3359 2612 ἂν
3390 2559 3465 2631 μὴ
3491 2558 3696 2632 ἀκούσῃ
3722 2559 3820 2614 τοῦ

2259 2647 2532 2720 προφήτου
2585 2647 2810 2711 ἐκείνου,
2853 2646 3350 2719 ἐξολεθρευθήσεται
3394 2649 3459 2700 ἐκ
3495 2647 3591 2701 τοῦ
3628 2648 3818 2717 γένους

2257 2735 2446 2807 αὐτῆς.
2491 2755 2510 2789 ι
2550 2737 2658 2790 Καὶ
2687 2735 2871 2791 τοῦτον
2903 2736 2965 2790 δέ
3000 2736 3092 2792 τὸν
3123 2737 3425 2809 προφήτην,
3457 2737 3694 2808 δηλονότι
3723 2739 3817 2796 τὸν

2255 2825 2508 2896 Χριστὸν,
2535 2825 2592 2893 ἐξ
2631 2827 2896 2880 Ἰουδαίων
2923 2827 3268 2901 προελθόντα,
3289 2829 3503 2882 πάντων
3520 2828 3627 2882 τῶν
3644 2828 3818 2883 ἐθνῶν

2253 2919 2683 2989 κατακρατήσειν
2715 2920 2874 2973 πάλιν
2905 2921 3192 2990 ἀναφωνεῖ,
3241 2919 3410 2989 λέγων
3429 2937 3442 2950 ο
3477 2939 3498 2971 ι
3541 2920 3628 2985 Ὠς
3659 2921 3815 2975 καλοὶ

2252 3010 2301 3062 οἰ
2339 3004 2475 3062 οἶκοί
2507 3025 2620 3074 σου,
2666 3010 2877 3075 Ἰακὼϐ,
2915 3013 2968 3065 αἱ
2994 3012 3211 3078 έσκηναί
3259 3028 3374 3076 σου,
3409 3011 3641 3083 Ἰσραὴλ,
3678 3013 3814 3067 ὡσεὶ

2253 3098 2419 3154 νάπαι
2449 3101 2778 3167 σκιάζουσαι,
2805 3104 2898 3156 καὶ
2923 3103 3051 3157 ὡσεὶ
3076 3103 3397 3174 παράδεισος
3425 3104 3516 3158 ἐπὶ
3543 3105 3808 3176 ποταμὸν,

600 3176 1135 3266 ηυιιιὶοιξϐιιτίειυιη
1165 3217 1230 3256 eo
1256 3201 1414 3256 modo
1451 3199 1786 3270 significans,
1821 3208 1874 3254 et
1893 3176 2063 3253 eidem
2092 3205 2151 3251 ut

2257 3190 2326 3255 ὡς
2352 3192 2545 3262 σκηναὶ
2575 3192 2640 3256 ἃς
2665 3193 2858 3265 ἔπηξεν
2879 3194 3095 3267 Κύριος.
3135 3193 3499 3261 Ἐξελεύσεται
3526 3195 3810 3266 ἄνθρωπος

598 3300 844 3364 pareant,
897 3293 1012 3346 suis
1071 3291 1327 3346 omnibus
1380 3291 1653 3358 imperat:
1714 3305 1876 3359 quam
1914 3304 2024 3342 rem
2066 3288 2148 3342 his

595 3383 765 3440 ferme
794 3385 972 3438 verbis
997 3383 1203 3438 divinat
1234 3401 1246 3436 :
1284 3402 1301 3431 ι
1324 3381 1649 3452 PrOphetam
1682 3381 1836 3435 vobis
1858 3379 2147 3436 suscitabit

599 3476 855 3532 Dominus
888 3475 1026 3530 Deus
1053 3491 1118 3528 ex
1151 3474 1412 3528 fratribus
1436 3474 1632 3527 vestris
1670 3482 1922 3542 tanquam
1949 3487 2052 3534 me,
2078 3471 2146 3524 il-

595 3565 707 3620 lum
735 3563 966 3618 audietis
992 3565 1044 3616 in
1080 3563 1333 3617 omnibus
1359 3577 1478 3630 quae
1511 3563 1761 3630 loquetur
1792 3563 1964 3616 vobis.
1992 3562 2147 3627 Qua:-

594 3669 811 3724 cunque
836 3668 966 3708 vero
998 3651 1178 3706 anima
1214 3667 1321 3705 non
1359 3651 1587 3704 audierit
1625 3649 1944 3719 Prophetam
1971 3651 2142 3713 illum,

593 3747 862 3801 delcbitur
894 3745 961 3800 de
992 3760 1186 3816 genere
1215 3760 1313 3798 suo
1337 3744 1379 3774 δι
1412 3762 1456 3797 ι.
1494 3741 1660 3796 Porro
1698 3750 1875 3796 autem
1914 3742 2145 3812 prophe-

595 3849 703 3894 tam
736 3838 880 3892 bunc
923 3837 1198 3892 Christum
1248 3836 1422 3906 ipsum
1452 3835 1698 3889 videlicet
1730 3850 1758 3887 a
1790 3832 1992 3889 Iudaeis
2033 3835 2145 3889 ori-

593 3930 838 3993 undum,
897 3929 1023 3982 alibi
1076 3928 1200 3981 item
1257 3926 1512 3979 omnibus
1569 3924 1818 3995 gentibus
1850 3925 2145 3994 imperatu-

593 4035 736 4083 rum,
767 4019 1013 4073 enuntiat
1034 4016 1117 4070 bis
1144 4013 1546 4080 verbisuQuam
1564 4013 1800 4082 pulchrae
1826 4013 2016 4068 domus
2038 4025 2142 4069 tua:

591 4109 777 4173 Iacob,
822 4108 1055 4164 tentoria
1089 4116 1200 4174 tua,
1235 4106 1430 4171 Israel;
1459 4112 1518 4159 ut
1547 4107 1716 4160 saltus
1769 4107 2031 4168 umbrosi.
2082 4116 2140 4161 ut

592 4203 780 4256 hortus
808 4201 964 4270 juxta
1017 4201 1236 4254 fluvium
1262 4238 1277 4260 ,
1316 4204 1376 4252 ut
1427 4197 1775 4253 tabernacula
1801 4240 1815 4260 ,
1848 4215 1968 4269 quae
2027 4199 2140 4254 fixit

593 4294 872 4350 Dominus.
930 4291 1176 4346 Prodibit
1227 4291 1389 4345 homo
1429 4307 1494 4346 ex
1524 4291 1730 4346 semine
1781 4291 1920 4360 ejus,
1949 4299 2002 4345 et
2037 4292 2138 4344 do-

588 4383 881 4438 minabitur
945 4380 1193 4451 gentibus
1249 4379 1546 4443 multis,et
1574 4378 1862 4434 extolletur
1911 4393 2136 4449 regnum

587 4475 706 4544 ejus
733 4476 830 4529 ⁸⁸.»
865 4473 1004 4540 Quin
1034 4473 1221 4535 etiam,
1262 4487 1386 4526 cum
1413 4471 1696 4526 duodecim
1746 4471 1966 4526 omnino
1993 4470 2134 4540 apud

590 4567 841 4622 Hebraeos
871 4571 1056 4619 essent
1083 4564 1278 4626 tribus,
1308 4579 1374 4619 ex
1405 4578 1508 4633 qua
1543 4563 1755 4615 illarum
1775 4563 2014 4616 oriturus
2047 4561 2136 4615 hic

589 4656 726 4727 apud
757 4663 942 4724 gentes
981 4655 1156 4723 legum
1181 4661 1401 4715 auctor,
1429 4652 1520 4723 qui
1551 4651 1766 4705 canitur
1787 4665 1817 4702 a
1848 4650 2129 4720 pr0phcta,

584 4756 640 4804 et
668 4749 864 4819 quibus
892 4747 1222 4815 temporibus
1252 4745 1466 4799 futurus
1493 4753 1672 4806 esset,
1717 4743 1860 4814 quod
1891 4743 1958 4798 de
1985 4743 2130 4798 tribu

583 4838 720 4894 Juda
752 4841 1020 4902 videlicet,
1052 4838 1300 4908 quodque
1333 4845 1482 4900 tunc,
1507 4853 1629 4891 cum
1665 4835 1956 4891 defecerint
1982 4835 2073 4905 qui
2101 4851 2132 4890 a

583 4926 884 4994 maj0ribus
913 4927 1014 4980 sibi
1045 4924 1301 4979 traditum
1347 4924 1585 4980 Iudaica:
1623 4926 1800 4994 gentis
1844 4924 2130 4994 imperium

2249 3284 2313 3336 ἐκ
2343 3284 2435 3337 τοῦ
2470 3285 2776 3356 σπέρματος
2801 3287 2983 3350 αὐτοῦ,
3022 3287 3115 3340 καὶ
3159 3286 3434 3357 κυριεύσει
3479 3285 3648 3340 ἐθνῶν
3675 3288 3796 3342 πολ·

2247 3375 2370 3439 λῶν,
2398 3377 2491 3429 καὶ
2515 3377 2854 3448 ὑψωθήσεται
2897 3379 2930 3448 ἠ
2963 3376 3204 3446 βασιλεία
3239 3377 3423 3431 αὑτοῦ.
3463 3397 3483 3428 ›
3529 3378 3684 3432 Ἀλλά
3712 3378 3810 3432 καὶ

2247 3468 2304 3535 ἐξ
2329 3470 2513 3532 ὁποίας
2536 3469 2721 3540 φυλῆς,
2743 3467 2945 3522 δώδεκα
2971 3467 3076 3521 τῶν
3102 3467 3235 3521 ὅλων
3261 3468 3387 3540 παρ’
3420 3468 3690 3539 Ἑϐραίοις
3715 3470 3811 3522 ού-

2247 3561 2372 3626 σῶν,
2393 3563 2473 3615 ὅτι
2500 3561 2562 3634 δὴ
2588 3561 2694 3615 άπὸ
2713 3561 2812 3631 τῆς
2851 3559 3016 3613 ’ἰούδα
3045 3563 3074 3613 ό
3098 3559 3480 3632 θεσπιζόμενος
3509 3561 3614 3615 τῶν
3635 3561 3806 3614 ἐθνῶν

2245 3651 2536 3722 νομοθέτης
2581 3652 2810 3724 Χριστὸς
2848 3649 3260 3721 προελεύσεται·
3298 3651 3391 3704 καὶ
3434 3651 3574 3704 κατά
3618 3650 3804 3714 ποίους

2243 3742 2481 3812 χρόνους,
2508 3743 2587 3794 ὃτι
2620 3741 2752 3812 μετὰ
2784 3739 2880 3812 τὴν
2907 3741 3144 3810 ἔκλειψιν
3171 3741 3276 3793 τῶν
3302 3743 3365 3794 ὲκ
3391 3741 3663 3812 προγόνων
3688 3741 3807 3794 δια-

2242 3833 2399 3905 δοχῆς
2422 3835 2513 3888 τοῦ
2557 3834 2820 3888 Ἰουδαίων
2863 3833 3045 3897 ἔθνους
3078 3833 3370 3907 ἀρξάντων,
3405 3835 3553 3906 δηλοί
3588 3835 3758 3904 λέγων
3783 3853 3798 3866 °

2248 3943 2268 3977 ι
2308 3925 2420 3978 Ούκ
2449 3924 2681 3994 ἐκλείψει
2719 3925 2896 3997 ἄρχων
2945 3925 3002 3988 ἐξ
3035 3924 3220 3989 Ἰούδα,
3255 3925 3348 3977 καὶ
3394 3924 3690 3996 ἡγούμενος
3737 3931 3802 3981 ἐκ

2241 4014 2348 4068 τῶν
2384 4014 2567 4086 μηρῶν
2593 4015 2776 4079 αὑτοῦ,
2810 4014 2912 4077 ἓως
2943 4013 3008 4068 ἂν
3037 4013 3164 4087 ἔλθῃ
3185 4015 3252 4069 τὰ
3275 4015 3604 4085 ἀποκείμενα
3631 4016 3799 4087 αὐτῷ,

2239 4105 2331 4157 καὶ
2363 4105 2520 4168 αὐτὸς
2546 4104 2832 4176 προσδοκία
2863 4104 3047 4158 ἐθνῶν.
3083 4124 3102 4156 ›
3131 4105 3266 4159 Ποία
3299 4105 3356 4158 δὲ
3387 4105 3677 4177 προσδοκία
3707 4102 3797 4177 ἧν,

2238 4197 2350 4250 ἀλλ’
2383 4198 2414 4269 ἦ
2448 4201 2481 4268 ή
2511 4197 2589 4269 τῷ
2627 4197 2868 4269 Ἀϐραὰμ
2893 4197 3265 4268 ἐπηγγελμένη
3296 4198 3419 4270 περὶ
3447 4197 3542 4251 τοῦ
3566 4197 3677 4251 δεῖν
3705 4199 3799 4251 εύ-

2235 4287 2622 4360 λογηθήσεσθαι
2657 4289 2713 4341 ἐν
2743 4287 2888 4358 αὐτῷ
2916 4289 3092 4342 πάντα
3127 4287 3198 4341 τά
3245 4289 3370 4360 ἔθνη
3406 4289 3506 4358 τῆς
3530 4289 3664 4360 γῆς;
3693 4290 3801 4344 Πέο

2237 4397 2370 4451 φηνε
2397 4379 2678 4450 τοιγαροῦν
2699 4377 2790 4432 καὶ
2807 4378 2966 4442 αὐτὸς
2991 4379 3021 4431 ὁ
3051 4381 3287 4451 Μωῦσῆς
3308 4379 3548 4452 ἀκριϐῶς
3569 4382 3797 4436 ἐπιστά-

2239 4488 2395 4543 μενος
2412 4472 2507 4542 τὴν
2531 4471 2626 4542 μὲν
2655 4469 2790 4540 πρὸς
2815 4469 2977 4523 αὐτοῦ
3004 4470 3344 4539 διαταγείσαν
3363 4470 3680 4544 νομοθεσίαν
3701 4472 3794 4537 ἐξ·

2239 4561 2501 4625 ἀσθενεῖν,
2535 4564 2614 4624 εἰς
2653 4561 2714 4614 τὸ
2747 4562 2909 4615 πᾶσιν
2944 4562 3246 4634 ἐφαρμόσαι
3289 4565 3397 4626 τοῖς
3429 4563 3664 4616 ἔθνεσιν·
3712 4565 3796 4628 εἰς

2238 4653 2576 4725 ἐκπλήρωσιν
2600 4653 2658 4707 δὲ
2677 4653 2784 4706 τῶν
2808 4653 2937 4726 πρὸς
2964 4653 3052 4707 τὸν
3091 4653 3338 4725 ’Δὸραὰμ
3367 4654 3646 4726 χρησμῶν,
3677 4655 3795 4710 ἐτέ-

2240 4763 2330 4816 ρου
2361 4745 2561 4799 δεῖσθαι
2592 4747 2884 4816 προφήτου.
2908 4739 3072 4809 Οὗτος
3098 4744 3155 4798 δὲ
3179 4746 3285 4816 ἀρα
3316 4741 3403 4816 ἦν,
3434 4747 3492 4800 ὃν
3523 4746 3579 4813 ἐξ
3625 4748 3796 4803 Ἰούδα

2231 4836 2398 4909 φυλῆς
2427 4837 2866 4907 προελεύσεσθαι,
2901 4837 2994 4890 καὶ
3025 4836 3232 4891 πολλῶν
3271 4837 3440 4891 ἐθνῶν
3483 4839 3794 4910 κυριεύσειν

2229 4926 2747 4999 προμαρτυρόμενος
2777 4927 3172 4996 εὐηγγελίζετο.

583 5032 770 5078 tenere
813 5022 1240 5084 consuevisscnt,
1276 5020 1588 5091 planissime
1630 5019 1831 5075 indicat
1862 5020 1947 5074 his
1989 5022 2202 5080 verbis:
2237 5040 2257 5074 ι
2285 5039 2394 5078 non
2417 5022 2650 5087 deficiet,
2685 5024 2879 5094 inquit,
2911 5025 3160 5094 princeps
3192 5024 3260 5080 de
3286 5023 3446 5090 Juda,
3470 5041 3646 5097 neque
3674 5027 3784 5085 dux

582 5119 650 5175 de
678 5118 971 5174 femoribus
998 5118 1137 5187 ejus,
1169 5117 1340 5171 donec
1368 5117 1584 5170 veniant
1604 5132 1724 5186 quae
1748 5115 1984 5185 reposita
2041 5125 2168 5172 sunt
2207 5119 2332 5189 ipsi,
2362 5127 2416 5174 et
2445 5120 2559 5190 ipse
2582 5119 2913 5188 exspectatio
2947 5122 3186 5189 gentium
3219 5119 3264 5152 “
3289 5140 3301 5174 :
3347 5139 3366 5172 ι
3406 5120 3500 5176 sed
3541 5137 3788 5192 quanam

579 5209 695 5264 lucc
719 5209 1048 5280 exspectatio
1074 5216 1191 5264 erat
1233 5216 1424 5278 praeter
1453 5223 1570 5262 eam
1603 5223 1723 5278 quae
1752 5207 1983 5263 Abrahae
2036 5210 2306 5280 quondam
2359 5212 2628 5281 promissa
2680 5211 2895 5266 fuerat?
2915 5211 3058 5282 quod
3095 5211 3344 5268 videlicet
3374 5213 3428 5266 in
3453 5213 3573 5283 ipso
3600 5228 3788 5271 omnes

578 5311 765 5371 gentes
799 5311 954 5357 terra:
983 5310 1164 5358 essent
1195 5301 1592 5357 benedicendze.
1628 5300 1814 5372 Itaque
1851 5313 2010 5359 etiam
2039 5305 2152 5374 ipse
2201 5305 2376 5361 Moses
2433 5308 2584 5362 visus
2629 5314 2713 5362 est
2774 5307 2974 5376 optime
3033 5307 3330 5365 intelligere
3367 5307 3613 5363 futurum
3664 5324 3790 5366 esse

577 5395 869 5464 aliquando
902 5434 918 5461 ,
963 5407 1021 5449 ut
1047 5397 1191 5465 leges
1224 5396 1274 5464 ’1
1305 5411 1441 5464 quas
1476 5397 1590 5466 ipse
1617 5405 1852 5460 tuusset,
1904 5403 2156 5457 omnibus
2188 5402 2439 5471 gentibus
2485 5401 2881 5456 accommodari
2911 5416 3018 5455 non
3039 5409 3277 5471 possent.
3296 5401 3374 5456 Ad
3397 5417 3460 5456 ea
3489 5417 3618 5458 vero
3665 5419 3789 5458 ora-

579 5495 701 5545 cula
741 5489 1138 5560 comprobanda
1161 5491 1576 5546 etconlicienda
1633 5507 1753 5562 quae
1801 5493 2031 5548 Abrahae
2089 5495 2298 5550 reddita
2328 5505 2475 5558 sunt,
2511 5497 2682 5552 altero
2731 5511 2866 5567 opus
2915 5512 3036 5553 esse
3089 5495 3372 5562 propheta,
3416 5497 3510 5553 sed
3544 5497 3633 5554 hic
3671 5506 3788 5553 erat

582 5599 738 5652 quem
765 5583 834 5640 de
864 5585 1004 5638 tribu
1029 5583 1166 5639 .luda
1199 5585 1560 5656 proditurum,
1609 5589 1902 5662 multisque
1937 5591 2190 5662 gentibus
2215 5591 2612 5647 dominaturum
2663 5591 2928 5662 superiori
2987 5592 3298 5647 testimonio
3349 5593 3784 5650 conlirmaverat.

652 5696 698 5727 ”
727 5695 916 5751 Matth.
966 5712 1170 5764 nvm,
1214 5697 1302 5754 l9.
1377 5701 1424 5732 ³⁸
1478 5699 1612 5758 Ibid.
1653 5701 1743 5757 20.
1819 5703 1865 5736 ⁸⁰
1901 5703 2021 5759 Act.
2067 5720 2157 5771 xv,

589 5763 632 5797 ⁵³
668 5764 802 5821 Cen.
833 5782 979 5831 nix,
1023 5767 1106 5824 10.

2257 5708 2300 5771 ι,
2377 5704 2419 5738 δ’
2462 5703 2618 5762 Deut.
2658 5720 2816 5774 xvut,
2859 5704 2962 5776 15,
3001 5707 3085 5764 l9.
3163 5706 3206 5740 “
3245 5707 3404 5765 Num.
3443 5723 3586 5780 xxxv,
3634 5710 3688 5777 5,
3731 5709 3777 5766 7.
