4056 6418
276 354 339 413 Μ
1174 359 1829 420 DEMONSTRA’I‘IONIS

1961 360 2336 419 ΑΝοειιεΑι
2377 363 2506 419 LIB.
2551 366 2595 424 I.
3475 367 3546 419 ἄνει

834 476 1229 535 ΚΕΦΑΛΑΙΟΝ
1261 482 1333 534 Δ’.

289 584 352 641 π
377 583 626 663 δήποτε,
657 587 734 642 τὰ
770 588 938 663 παρὰ
974 589 1276 663 Ἰουδαίοις
1317 591 1746 663 ἀποδεχόμενοι
1771 592 1874 647 ldo

404 671 522 728 ται,
554 656 665 711 τὸν
689 661 834 727 παρ’
860 656 1068 728 αὐτοῖς
1086 661 1233 726 ,βίον
1253 656 1751 733 ἠπαρῃτηὸῖάζασθα.

358 810 459 864 Διὰ
483 810 549 882 δὴ
578 806 674 865 οὖν
717 812 895 868 ταῦτα
925 811 1073 869 ὦσαν
1103 816 1173 870 τὰ
1214 817 1342 888 περὶ
1367 817 1526 889 ἡμῶν
1563 818 1671 872 τῶν
1703 819 1873 874 ἐθνῶν

290 901 636 974 θεσπίσματα
681 906 1041 978 περιεχούσας
1092 909 1192 973 τὰς
1232 911 1362 981 παρ’
1406 908 1674 982 Ἑϐραίοις
1723 911 1874 984 ἱερὰς

288 998 528 1070 βίϐλους,
568 1001 667 1055 ἆτε
710 1002 805 1057 καὶ
858 1001 1013 1075 ἡμῶν
1058 1004 1263 1069 οἰκείας
1301 1003 1466 1070 οὔσας
1505 1004 1767 1078 είλάμεθά
1810 1025 1871 1061 τε

285 1093 381 1146 καὶ
403 1092 762 1165 ἑστέρξαμεν,
797 1096 886 1149 ὅτε
948 1097 1180 1167 μάλιστα
1210 1099 1272 1151 οὐ
1314 1097 1472 1169 μόνον
1501 1098 1707 1171 Μωσῆς
1742 1102 1870 1171 περὶ

280 1186 378 1239 τοῦ
411 1188 533 1258 μετ’
562 1185 724 1240 αὐτὸν
745 1188 964 1259 ἥξοντος
987 1187 1272 1259 νομοθέτου
1299 1188 1409 1242 τῶν
1441 1188 1610 1242 ὲθνῶν
1638 1207 1869 1262 προανε-

282 1279 477 1348 φώνει,
506 1280 641 1335 ἀλλὰ
686 1282 781 1337 καὶ
829 1282 878 1335 oi
926 1283 1040 1353 μετ’
1065 1283 1226 1337 αὑτὸν
1261 1283 1537 1357 προφῆται
1574 1282 1869 1356 συλλήϐδην

278 1374 460 1426 εἰπεῖν
524 1373 764 1438 ἅπαντες
804 1373 874 1428 τὰ
912 1375 1071 1445 ὅμοια
1113 1376 1537 1449 προεκήρυττον.
1574 1376 1869 1449 Ὦτπεροῦν

273 1462 306 1517 ὀ
349 1460 523 1517 Δαϐὶδ
571 1462 822 1534 φάσκων
854 1485 872 1517 ι
910 1467 1286 1539 Κατάστησον,
1334 1466 1525 1539 Κύριε,
1574 1469 1868 1541 νομοθέτην

273 1552 364 1608 ἐπ’
395 1555 618 1620 αὐτοὺς,
660 1556 951 1626 γνώτωσαν
993 1558 1141 1631 ἔθνη,
1194 1558 1277 1613 ὃτι
1324 1560 1600 1633 ἄνθρωποί
1651 1563 1807 1617 εἰσιν.
1843 1582 1862 1615 ι

276 1646 427 1719 Ὅρα
472 1648 550 1713 ὡς
596 1648 845 1721 δευτέρου
902 1652 1173 1725 μέμνηται
1226 1655 1321 1707 καὶ
1372 1645 1527 1717 οὗτος
1576 1654 1865 1725 νομοθέτου

272 1739 466 1795 ἐθνῶν,
495 1741 588 1795 Διὸ
621 1744 713 1796 καὶ
737 1745 794 1822 ὲν
824 1742 996 1816 ἑτέρῳ
1031 1744 1231 1817 ψαλμῷ
1258 1748 1371 1811 τοῖς
1403 1746 1580 1802 ἔθνεσι
1619 1766 1868 1821 προσφω-

2575 481 2805 539 CAPUT
2853 483 2943 540 IV.

1980 589 2226 658 Quanam
2254 592 2319 649 de
2348 610 2533 658 causa,
2562 611 2680 649 cum
2712 597 2943 650 omnium
2986 596 3297 652 Juda'orum
3327 597 3548 653 oracla

2048 666 2419 744 acceperimus,
2444 667 2748 722 earumdem
2777 667 2977 722 vivendi
3007 669 3308 723 institutum
3335 685 3549 726 recusa-

2047 750 2236 790 rimus.

2054 827 2153 885 His
2187 829 2356 901 igitur
2380 829 2449 885 de
2495 829 2681 884 causis
2716 843 2903 885 sacros
2948 827 3299 885 Hebraaorum
3349 829 3544 893 libros.

1974 928 2164 994 utpote
2188 921 2283 991 qui
2312 920 2383 977 de
2423 919 2581 977 nobis
2633 921 2889 993 gentibus
2938 920 3163 975 oracula
3204 922 3542 988 contineant,

1973 1016 2133 1089 quasi
2175 1016 2423 1086 proprios
2479 1024 2719 1077 nostros.
2773 1024 2828 1072 et
2884 1015 3199 1085 accepimus
3230 1023 3283 1071 et
3312 1018 3546 1087 amplexi

1975 1123 2166 1162 sumus
2190 1124 2204 1160 :
2226 1121 2399 1176 eoque
2429 1106 2604 1176 magis
2638 1107 2782 1176 quod
2838 1121 2945 1162 non
2989 1122 3131 1162 unus
3165 1105 3343 1163 Moses
3371 1107 3439 1163 de
3466 1107 3545 1163 Ie-

1973 1214 2102 1270 gum
2160 1206 2385 1253 auctore
2419 1197 2561 1268 apud
2592 1206 2781 1268 gentes
2808 1207 2933 1270 post
2968 1199 3210 1269 seipsum
3244 1197 3428 1253 futuro
3460 1206 3547 1254 est

1973 1294 2323 1355 vaticinatus,
2388 1292 2484 1347 sed
2536 1292 2700 1348 etiam
2741 1291 2860 1362 ipso
2894 1291 3041 1347 Mose
3060 1291 3391 1362 posteriores
3418 1306 3547 1363 pro-

1970 1386 2167 1456 phctze,
2198 1393 2255 1441 ut
2278 1384 2517 1440 breviter
2538 1385 2741 1449 dicam,
2766 1383 3006 1440 universi
3032 1384 3208 1439 eidem
3236 1384 3314 1439 illi
3344 1383 3547 1441 similia

1969 1477 2309 1540 cecinerunt,
2345 1484 2402 1530 ut
2426 1474 2620 1539 David,
2650 1477 2743 1547 qui
2783 1478 2857 1530 ait
2890 1495 2903 1530 :
2944 1493 2963 1527 ι
3003 1474 3321 1538 Constitue,
3356 1472 3547 1528 Domi-

1969 1583 2060 1633 ne,
2088 1566 2500 1634 legumlatorem
2525 1583 2692 1636 super
2710 1582 2827 1632 eos,
2847 1578 3147 1638 agnoscant
3167 1572 3378 1638 gentes,
3397 1565 3546 1637 quod

1968 1656 2217 1711 homines
2256 1663 2385 1711 sunt
2410 1654 2477 1711 “.
2521 1676 2539 1710 9
2569 1655 2733 1721 Vide,
2765 1673 2971 1728 quaeso,
3009 1665 3068 1711 ut
3102 1657 3192 1711 hic
3218 1672 3436 1727 quoque
3464 1659 3544 1711 al-

1968 1746 2139 1803 terius
2179 1744 2553 1816 legumlatoris
2594 1747 2858 1803 meminit.
2910 1746 3177 1813 Quocirca
3217 1748 3345 1803 alibi
3398 1747 3542 1803 idem

270 1837 357 1888 νεῖ
386 1834 537 1906 ᾄδειν
580 1834 641 1889 οὐ
693 1837 755 1891 τὸ
792 1837 1015 1891 παλαιὸν
1063 1840 1156 1893 καὶ
1202 1841 1494 1896 Μωσαῖκὸν
1531 1836 1703 1913 ᾆσμα,
1745 1840 1854 1896 ἁλλ¹

1962 1835 2052 1890 bie
2078 1836 2333 1907 gentibus
2351 1835 2582 1905 imperat
2610 1851 2811 1892 canere
2840 1851 2948 1891 non
2980 1836 3268 1907 antiquum
3301 1838 3540 1911 amplius

269 1925 462 1999 ἕτερον
515 1927 733 1993 καινὸν,
788 1926 991 1999 λέγων’
1026 1950 1045 1982 r
1086 1931 1289 2004 ᾌσατε
1340 1930 1418 2003 τῷ
1463 1932 1653 2005 Κυρίῳ
1706 1928 1859 2005 ᾆσμα

270 2020 483 2083 καινὸν,
538 2019 707 2091 ᾇσατε
756 2019 835 2091 τῷ
893 2021 1083 2094 Κυρίῳ
1142 2022 1291 2076 πᾶσα
1336 2024 1370 2095 ἡ
1422 2021 1516 2094 γῆ.
1575 2024 1856 2093 Ἀναγγεί-

268 2109 400 2163 λατε
429 2112 489 2163 ἐν
527 2115 642 2175 τοῖς
691 2112 867 2166 ἔθνεσι
916 2112 1013 2185 τὴν
1073 2112 1228 2179 δόξαν
1268 2115 1430 2169 αὐτοῦ
1457 2156 1471 2181 ,
1503 2116 1560 2168 ὲν
1591 2116 1724 2170 πᾶσι
1747 2118 1859 2179 τοῖς

267 2201 422 2265 λαοῖς
462 2201 535 2255 τὰ
580 2202 858 2274 θαυμάσια
911 2204 1093 2259 αὐτοῦ.
1145 2207 1268 2259 Ὅτι
1323 2205 1498 2278 μέγας
1534 2206 1740 2279 Κύριος
1766 2207 1858 2260 καὶ

267 2294 486 2357 αἱνετδς
546 2292 754 2367 σφόδρα
776 2312 790 2325 ·
851 2294 1077 2367 φοϐερός
1132 2297 1281 2352 ἐστιν
1340 2297 1432 2351 ἐπὶ
1474 2298 1679 2363 πάντας
1732 2300 1860 2362 τοὺς
1908 2336 1911 2341 -

268 2385 451 2450 θεοὺς.
492 2388 613 2440 Ὅτι
654 2388 855 2452 πάντες
893 2388 943 2442 οἱ
991 2389 1103 2443 θεοὶ
1128 2389 1235 2444 τῶν
1271 2388 1462 2455 ἐθνῶν,
1504 2390 1781 2462 δαιμόνια·
1830 2395 1859 2446 ὁ

264 2478 324 2531 δὲ
350 2467 572 2550 ’Κύριος
628 2480 754 2544 τοὺς
813 2478 1075 2553 οὐρανοὺς
1120 2481 1391 2553 ἐποίησεν.
1458 2480 1743 2551 Ἐνέγκατε
1781 2482 1859 2554 τῷ

264 2571 468 2642 Κυρίῳ
503 2573 558 2625 αἱ
595 2571 823 2643 πατριαὶ
868 2573 974 2626 τῶν
1017 2570 1205 2636 ἐθνῶν,
1247 2572 1505 2642 ἐνέγκατε
1551 2572 1629 2645 τῷ
1668 2575 1859 2647 Κυρίῳ

265 2662 431 2728 δόξαν
462 2663 686 2735 ὀνόματι
718 2664 904 2718 αὑτοῦ.
947 2685 964 2716 ι
1002 2665 1113 2719 Καὶ
1145 2666 1335 2720 πάλιν·
1373 2686 1392 2716 ι
1426 2666 1630 2720 Εἴπατε
1662 2667 1719 2720 ὲν
1746 2668 1858 2731 τοῖς

265 2751 505 2820 ἔθνεσιν,
536 2757 618 2811 ὅτι
648 2756 854 2830 Κύριος
884 2758 1201 2814 ἐϐασίλευσε
1221 2778 1235 2791 ·
1272 2759 1497 2832 καὶγὰρ
1529 2758 1858 2830 κατώρθωσε

264 2843 373 2916 τὴν
406 2844 753 2918 οἰκουμένην,
787 2848 907 2919 ἥτις
938 2849 999 2902 οὗ
1042 2848 1447 2920 σαλευθήσεται.
1479 2867 1497 2898 ι
1521 2849 1632 2903 Καὶ
1659 2848 1820 2901 πάλιν
1840 2865 1852 2878 ο

271 2954 295 2988 ι
325 2937 529 3007 ’ᾼσατε
550 2937 627 3009 τῷ
644 2939 832 3010 Κυρίῳ
853 2935 1002 3011 ᾇσμα
1031 2937 1237 3006 καινὸν,
1258 2940 1342 2992 ὅτι
1368 2936 1859 3010 θαυμαστάὲποίη-

269 3044 382 3081 σεν.
413 3029 709 3101 Ἐγνώρισε
748 3030 950 3102 Κύριος
981 3030 1041 3083 τὸ
1074 3032 1341 3102 σωτήριον
1390 3028 1554 3083 αὐτοῦ
1577 3047 1591 3060 ·
1615 3028 1856 3083 ἐναντίον

266 3119 380 3174 τῶν
404 3120 575 3175 ἐθνῶν
601 3121 917 3193 ἁπεκάλυψε
949 3124 1049 3193 τὴν
1090 3122 1432 3195 δικαιοσύνην
1470 3121 1655 3177 αὐτοῦ.
1703 3120 1854 3174 Εἶδο-

1962 1929 2117 1993 illud,
2158 1938 2214 1985 et
2268 1928 2565 1983 Mosaicum
2604 1928 2903 1995 canticum,
2932 1929 3026 1985 sed
3073 1928 3225 1984 aliud
3262 1929 3540 1999 quoddam

1963 2035 2186 2087 novum,
2223 2020 2280 2075 in
2318 2022 2466 2076 hunc
2496 2021 2719 2076 modum
2755 2039 2768 2075 :
2807 2040 2826 2073 ι
2865 2021 3096 2078 Cantate
3141 2021 3371 2078 Domino
3404 2036 3540 2077 can-

1961 2114 2131 2169 ticum
2164 2128 2385 2181 novum,
2412 2121 2632 2169 cantate
2656 2113 2887 2169 Domino
2915 2114 3094 2170 omnis
3114 2121 3283 2170 terra.
3307 2112 3540 2170 Annuu-

1962 2206 2094 2261 tiate
2121 2206 2178 2261 in
2207 2206 2457 2277 gentibus
2488 2206 2717 2277 gloriam
2752 2206 2874 2275 ejus
2904 2223 2916 2259 :
2944 2206 2996 2260 in
3029 2207 3288 2262 omnibus
3318 2206 3537 2279 populis

1962 2298 2230 2354 mirabilia
2260 2298 2403 2369 ejus.
2445 2298 2715 2366 Quoniam
2771 2313 3003 2369 magnus
3034 2298 3301 2357 Dominus
3321 2308 3377 2356 et
3415 2300 3537 2355 Iau-

1961 2386 2158 2445 dabilis
2189 2389 2347 2446 valde
2392 2408 2405 2444 :
2454 2389 2714 2447 terribilis
2771 2399 2856 2446 est
2909 2404 3077 2460 supra
3133 2405 3327 2449 omnes
3379 2392 3534 2449 deos.

1962 2478 2229 2545 Quoniam
2255 2494 2445 2537 omnes
2487 2480 2563 2536 dii
2618 2482 2883 2551 gentium,
2925 2481 3193 2536 daemonia
3225 2499 3239 2537 :
3271 2480 3536 2541 Dominus

1961 2581 2141 2627 autem
2167 2574 2338 2629 cretes
2385 2570 2534 2629 fecit.
2568 2573 2771 2629 Aﬂerte
2803 2572 3031 2627 Domino
3059 2573 3234 2629 tribus
3267 2576 3533 2645 gentium,

1959 2664 2146 2720 all‘erte
2171 2663 2399 2720 Domino
2415 2665 2642 2737 gloriam
2671 2664 2879 2719 nomini
2909 2665 3030 2735 ejus
3048 2665 3112 2718 ⁸⁸.
3151 2684 3169 2717 ι
3205 2663 3271 2718 Et
3297 2680 3489 2722 rursus
3515 2685 3531 2723 :

1964 2774 1985 2807 ι
2023 2753 2195 2809 Dicite
2240 2755 2295 2807 in
2340 2753 2596 2825 gentibus
2624 2752 2773 2824 quod
2825 2751 3089 2809 Dominus
3124 2752 3373 2825 regnavit
3441 2753 3536 2807 Et-

1963 2846 2110 2902 enim
2141 2848 2379 2901 correxit
2424 2847 2614 2902 orbem
2662 2855 2842 2909 terrae,
2872 2845 2966 2915 qui
3002 2861 3113 2900 non
3164 2846 3538 2902 commovebi-

1958 2943 2049 2990 tur
2082 2935 2149 2989 ".
2196 2954 2214 2987 ι
2250 2933 2315 2990 Ει
2343 2934 2511 2991 alibi:
2554 2954 2574 2987 ι
2609 2935 2837 2991 Cantate
2881 2935 3109 2992 Domino
3142 2936 3412 2993 canticum
3442 2952 3535 2991 no-

1956 3041 2106 3091 vum,
2144 3026 2273 3097 quia
2322 3027 2595 3082 mirabilia
2637 3026 2785 3082 fecit.
2841 3025 3041 3082 Notum
3097 3027 3223 3084 fecit
3268 3028 3535 3088 Dominus

1958 3119 2197 3175 salutare
2254 3132 2437 3184 suum,
2484 3120 2541 3174 in
2607 3127 2907 3190 conspectu
2974 3120 3217 3190 gentium
3273 3121 3533 3177 revelavit

270 3229 371 3266 σαν
399 3213 579 3267 πάντα
602 3214 670 3268 τὰ
698 3214 908 3286 πέρατα
936 3215 1038 3286 τῆς
1068 3214 1173 3286 γῆς
1204 3214 1265 3268 τὸ
1310 3216 1572 3287 σωτήριον
1599 3214 1691 3268 τοῦ
1718 3213 1854 3269 Θεοῦ

1957 3211 2222 3283 justitiam
2252 3227 2431 3268 suam.
2468 3210 2735 3269 Viderunt
2760 3227 2950 3269 omnes
2984 3213 3118 3270 ﬁnes
3141 3220 3300 3271 terra:
3326 3215 3535 3271 saluta-

267 3306 447 3377 ἡμῶν.
493 3326 514 3358 ι
548 3306 659 3360 Καὶ
684 3309 786 3379 δρα
820 3308 938 3361 τίνα
969 3306 1170 3380 τρόπον
1212 3308 1271 3360 ὲν
1310 3306 1521 3372 τούτοις
1562 3306 1622 3360 τὺ
1670 3306 1854 3361 καινὸν

268 3395 423 3471 ᾆσμα
450 3399 511 3453 οὐ
538 3399 615 3471 τῷ
657 3400 925 3454 Ἰουδαίων
956 3400 1120 3466 έθνει,
1166 3400 1302 3454 ἀλλὰ
1334 3403 1447 3465 τοῖς
1482 3401 1648 3454 πᾶσιν
1676 3400 1852 3454 ἔθνεσι

268 3491 648 3560 καταγγέλλει,
709 3492 803 3546 τοῦ
835 3493 923 3547 διὰ
951 3494 1195 3557 Μωσέως
1237 3488 1465 3547 παλαιοῦ
1507 3492 1686 3564 μόνοις
1726 3493 1854 3545 Ἰου-

263 3583 439 3645 δαίοις
465 3584 851 3656 προσήκοντος.
874 3584 1042 3639 Τοῦτό
1064 3603 1145 3639 τοι
1160 3584 1221 3639 τὸ
1248 3584 1431 3639 καινὸν
1455 3582 1625 3657 ᾆσμα,
1647 3585 1841 3654 καινὴν

263 3675 847 3749 ΔιαθήκηνἸερεμίας,
880 3678 1065 3750 ἔτερος
1090 3679 1220 3749 παρ’
1251 3677 1522 3750 Ἑϐραίοις
1546 3678 1850 3751 προφήτης,

264 3770 552 3833 ἀποκαλεῖ,
577 3770 782 3839 λέγων’
813 3792 828 3820 ο
871 3769 1000 3825 Ἰδοὺ
1035 3771 1235 3843 ἡμέραι
1265 3770 1533 3842 ἔρχονται,
1567 3768 1713 3839 λέγει
1740 3764 1851 3822 K6-

267 3880 406 3937 ριος,
435 3866 531 3918 καὶ
561 3863 885 3936 διαθήσομαι
915 3863 995 3935 τῷ
1029 3863 1163 3934 οἴκῳ
1203 3862 1437 3936 Ἰσραὴλ,
1468 3862 1564 3916 rat
1597 3860 1676 3933 τῷ
1714 3860 1850 3931 οἴκῳ

279 3954 454 4009 Ἰούδα
483 3957 761 4030 Διαθήκην
788 3959 1009 4030 καινήν·
1058 3958 1118 4011 οὐ
1146 3955 1288 4011 κατὰ
1326 3954 1425 4026 τὴν
1464 3953 1738 4025 Διαθήκην
1782 3954 1849 4024 ἣν

264 4045 527 4121 διεθέμην
555 4052 668 4113 τοῖς
695 4049 965 4121 πατράσιν
1004 4046 1203 4110 αὐτῶν,
1232 4048 1289 4099 ὲν
1312 4044 1493 4117 ἡμέρᾳ
1515 4045 1573 4097 ὲν
1655 4041 1849 4095 ἐπελαο

264 4137 445 4213 εὸμην
476 4142 578 4212 τῆς
609 4142 789 4213 χειρὸς
832 4141 1030 4206 αὐτῶν,
1081 4138 1364 4207 ἐξαγαγεῖν
1412 4136 1605 4200 αὐτοὺς
1643 4136 1708 4189 ὲκ
1746 4135 1847 4205 γῆς

264 4236 565 4302 Αἰγύπτου·
588 4233 836 4287 ὃτιαύτοὶ
861 4234 960 4286 οὐκ
990 4230 1267 4301 ἐνέμειναν
1294 4230 1351 4282 ὲν
1375 4232 1440 4301 τῇ
1466 4228 1701 4300 Διαθήκῃ
1724 4244 1844 4298 μου,

266 4328 424 4399 κάγὼ
474 4326 724 4398 ἠμέλησα
767 4324 973 4390 αὐτῶν,
1012 4323 1158 4393 λέγει
1211 4317 1435 4394 Κύριος.
1461 4322 1583 4375 Ὅτι
1630 4318 1769 4392 αὔτη
1813 4323 1845 4393 ἡ

261 4422 510 4493 Διαθήκη
558 4420 625 4491 ἢν
675 4418 999 4490 διαθήσομαι
1050 4415 1128 4487 τῷ
1162 4415 1396 4487 Ἰσραὴλ,
1426 4411 1576 4483 λέγει
1621 4410 1843 4486 Κύριος,

261 4515 441 4578 διδοὺς
479 4513 677 4585 νόμους
725 4530 846 4583 μου,
881 4511 973 4565 ἐπὶ
1000 4511 1098 4583 τὴν
1126 4509 1361 4568 διάνοιαν
1392 4507 1570 4562 αὐτῶν
1615 4506 1708 4561 καὶ
1751 4506 1844 4560 ἐπὶ

260 4610 363 4671 τὰς
398 4606 625 4680 καρδίας
658 4604 835 4658 αὐτῶν
862 4604 1076 4677 γράψω,
1106 4604 1201 4657 καὶ
1226 4602 1418 4673 ἔσομαι
1468 4599 1648 4653 αὐτῶν
1686 4597 1838 4663 Θεὸς,

260 4700 360 4755 καὶ
422 4697 579 4753 αὐτοὶ
637 4695 848 4750 ἔσονταί
886 4712 988 4766 μου
1033 4691 1179 4758 λαός.
1229 4712 1248 4745 ι
1290 4693 1454 4763 Ὁρᾷς
1494 4689 1589 4744 καὶ
1633 4685 1843 4753 τοῦτον,

257 4792 336 4856 ὡς
370 4788 814 4860 διαστελλόμενος
849 4787 942 4841 δύο
984 4785 1277 4858 Διαθήκας,
1319 4783 1415 4855 τὴν
1464 4782 1563 4854 μὲν
1606 4781 1843 4835 παλαιὰν

255 4884 541 4954 ὀνομάζει,
584 4882 680 4953 τὴν
718 4882 774 4936 δὲ
821 4881 1042 4953 καινήν;
1087 4876 1180 4933 καί
1234 4896 1365 4949 φησι
1406 4874 1504 4948 τὴν
1558 4872 1746 4946 καινὴν
1780 4874 1841 4927 οὐ

254 4976 405 5031 κατὰ
445 4975 545 5046 τὴν
597 4972 828 5028 παλαιὰν
877 4970 1113 5036 ἔσεσθαι,
1154 4971 1220 5042 ἠν
1270 4969 1475 5023 διέθετο
1500 4970 1613 5031 τοῖς
1638 4962 1845 5038 πατρά-

256 5085 379 5133 σιν;
416 5066 484 5120 Ἦ
521 5065 620 5138 μὲν
653 5064 761 5136 γὰρ
788 5067 897 5128 τοῖς
930 5059 1261 5116 ἀποπεσοῦσι
1299 5057 1397 5130 τῆς
1421 5058 1529 5113 τῶν
1563 5055 1839 5129 προγόνων

254 5156 546 5220 εὐσεϐείας
592 5155 883 5218 Ἰουδαίοις,
928 5152 1021 5207 τὸν
1063 5150 1435 5221 Αίγυπτιακὸν
1487 5147 1543 5201 δὲ
1586 5146 1698 5218 βίον
1744 5146 1840 5200 καὶ

193 5298 219 5320 ,
250 5251 461 5322 τρόπον
487 5248 816 5321 ζηλώσασιν,
852 5248 945 5300 ὲπί
978 5262 1037 5298 τε
1073 5244 1169 5316 τὴν
1197 5241 1453 5296 πολύθεον
1491 5240 1716 5311 πλάνην,
1743 5236 1839 5292 καὶ

245 5342 358 5413 τὴν
387 5343 535 5412 ἀμφὶ
567 5339 636 5393 τὰ
668 5338 858 5392 εἴδωλα
906 5335 1014 5390 τῶν
1056 5334 1222 5389 ἐθνῶν
1267 5327 1679 5402 δεισιδαιμονίαν
1723 5329 1836 5382 ὀλι-

250 5433 527 5503 σθήσασιν
559 5430 962 5501 νεωμοθέτητο,
1013 5426 1161 5480 ὠσὰν
1200 5422 1461 5487 πεσόντας
1484 5421 1834 5493 ἀνεγείρουσα

246 5525 356 5581 καὶ
385 5522 694 5597 ἀνορθοῦσα
723 5523 846 5585 τοὺς
879 5521 1102 5593 πρηνεῖς
1157 5519 1438 5591 κειμένους
1488 5514 1837 5587 καταλλήλοις

244 5615 657 5680 διδασκαλίαις·
701 5633 721 5666 ι
767 5614 1005 5677 Δικαίοις
1048 5612 1180 5683 γὰρ,
1230 5630 1250 5664 ι
1297 5611 1453 5683 φησι,
1492 5627 1511 5662 ι
1564 5608 1725 5681 νόμος
1775 5609 1837 5663 οὐ

337 5795 380 5827 ⁵⁸
414 5795 566 5854 Psal.
612 5810 687 5856 Ix,
728 5793 819 5847 21.
898 5792 943 5825 ⁸⁸
999 5791 1142 5847 Psal.
1183 5808 1306 5858 xcv,
1355 5790 1452 5849 I-7
1484 5835 1496 5849 .

590 5892 860 5954 PATROL.
899 5888 1016 5952 Gn.
1051 5887 1263 5949 XXII.

1576 5792 1620 5825 “
1660 5789 1791 5847 Ibid.
1836 5789 1926 5847 I0.

1954 3321 2013 3361 re
2044 3304 2141 3361 Dei
2171 3306 2342 3360 nostri
2374 3304 2441 3359 ⁸⁷.
2483 3324 2503 3359 ›
2532 3304 2647 3361 Iloc
2680 3305 2847 3361 etiam
2872 3306 2994 3362 loco
3028 3307 3315 3363 considera
3339 3324 3533 3378 quent-

1954 3396 2248 3452 admodum
2273 3410 2476 3451 novum
2513 3398 2786 3453 canticum
2822 3412 2932 3452 non
2960 3398 3054 3453 uni
3081 3397 3322 3455 Iudaica:
3356 3400 3525 3471 genti,

1954 3489 2047 3545 sed
2086 3490 2340 3546 omnibus
2371 3490 2598 3545 omnino
2644 3490 2898 3560 gentibus
2948 3491 3161 3559 indicit,
3205 3491 3427 3562 quando
3461 3492 3565 3545 il-.

1953 3580 2047 3635 Iud
2070 3581 2354 3652 antiquum
2382 3580 2683 3638 Mosaicum
2715 3583 2849 3638 solis
2902 3584 3260 3640 conveniebat
3300 3582 3525 3639 Iudaeis.

1954 3670 2071 3728 Hoc
2111 3687 2244 3729 sane
2269 3689 2475 3731 novum
2500 3673 2775 3730 canticum
2804 3675 2862 3745 8
2904 3675 3170 3733 Jeremias
3206 3676 3348 3732 alius
3380 3679 3526 3746 apud

1954 3759 2210 3819 Hebraeos
2253 3764 2518 3835 propheta
2571 3764 2782 3819 Novum
2830 3764 3239 3821 Testamentum
3291 3767 3530 3838 appellat

1952 3854 2039 3910 bis
2068 3853 2252 3910 verbis
2281 3871 2297 3908 :
2342 3872 2362 3905 ι
2399 3854 2540 3910 Ecce
2570 3854 2690 3910 dies
2708 3855 2955 3922 veniunt,
2984 3854 3119 3911 dicit
3152 3854 3437 3925 Dominus,
3472 3868 3528 3914 et

1953 3944 2239 4016 disponam
2260 3946 2447 4002 domui
2482 3946 2668 4011 Israel,
2703 3955 2759 4002 et
2787 3946 2975 4002 domui
3023 3947 3164 4003 Iuda
3203 3945 3527 4005 Testamen-

1952 4047 2068 4092 tum
2116 4036 2351 4103 Novum,
2386 4053 2497 4094 non
2551 4038 2854 4094 secundum
2909 4038 3344 4105 Testamentum,
3379 4040 3527 4112 quod

1952 4128 2198 4202 disposui
2223 4132 2474 4202 patribus
2504 4145 2696 4187 eorum
2745 4148 2758 4187 :
2791 4146 2901 4203 quo
2931 4131 3020 4188 die
3049 4131 3378 4203 apprehendi
3407 4150 3527 4188 ma-

1950 4238 2083 4279 num
2109 4238 2321 4289 eorum,
2353 4233 2411 4279 ut
2447 4223 2737 4279 educerem
2767 4238 2863 4278 eos
2892 4222 2959 4279 de
2991 4204 3138 4279 terra
3160 4223 3381 4297 Egypti
3412 4246 3426 4281 :
3456 4240 3525 4283 eo

1950 4313 2095 4390 quod
2121 4318 2226 4389 ipsi
2252 4332 2364 4372 non
2403 4323 2725 4373 manserunt
2775 4317 2829 4370 in
2874 4316 2941 4371 iis
2989 4331 3111 4388 qum
3149 4328 3306 4373 erant
3335 4316 3526 4374 Testae

1948 4410 2119 4465 menti
2153 4408 2279 4476 mei,
2307 4422 2410 4480 ego
2440 4408 2572 4464 item
2626 4408 2837 4479 neglexi
2891 4422 3007 4474 eos,
3048 4408 3183 4463 dicit
3233 4408 3521 4465 Dominus.

1950 4502 2218 4571 Quoniam
2253 4501 2357 4557 hoc
2385 4500 2796 4556 Testamentum
2826 4500 2974 4572 quod
3008 4501 3296 4572 disponam
3325 4501 3514 4566 Israel,

1945 4591 2079 4647 dicit
2109 4590 2394 4654 Dominus,
2423 4590 2562 4645 dans
2595 4589 2742 4661 leges
2778 4604 2927 4646 meas
2963 4590 3019 4646 in
3046 4592 3359 4648 interiorem
3388 4608 3519 4648 sen-

1943 4696 2066 4740 sum
2086 4696 2296 4746 eorum,
2326 4688 2380 4737 et
2408 4680 2463 4736 in
2486 4680 2746 4737 cordibus
2774 4696 2963 4738 eorum
2991 4682 3318 4748 describam,
3344 4690 3399 4738 et
3423 4698 3519 4739 ero

1940 4779 2186 4849 ipsorum
2212 4775 2377 4840 Deus,
2403 4783 2456 4831 et
2476 4775 2584 4847 ipsi
2613 4785 2775 4831 erunt
2806 4776 2938 4832 mibi
2969 4777 3205 4847 populus
3233 4776 3300 4829 ⁸⁸.
3340 4795 3359 4827 ›
3387 4776 3520 4833 Cer-

1942 4872 2032 4927 nis
2060 4872 2186 4926 item
2216 4870 2380 4933 bunc,
2411 4869 2541 4923 dum
2573 4869 2682 4925 duo
2719 4867 3067 4925 Testamenta
3114 4867 3422 4940 distinguit,
3459 4880 3519 4926 ut

1944 4965 2049 5020 hoc
2082 4960 2300 5033 quidem
2333 4967 2511 5024 vetus,
2560 4960 2693 5015 illud
2747 4974 2875 5015 vero
2919 4972 3121 5013 novum
3171 4960 3437 5030 appellet?
3461 4968 3518 5015 et

1948 5072 2147 5114 novum
2179 5055 2328 5110 dicat
2360 5069 2469 5108 non
2502 5052 2674 5108 veteri
2712 5050 2790 5106 illi
2821 5049 2966 5122 quod
2998 5050 3245 5121 patribus
3271 5053 3519 5112 condidit

1947 5150 2123 5205 simile
2157 5145 2439 5202 futurum?
2477 5144 2611 5200 illud
2638 5143 2785 5200 enim
2822 5143 2990 5214 lapsis
3016 5158 3047 5197 a
3091 5144 3361 5216 majorum
3395 5147 3516 5217 pie-

1947 5253 2057 5300 tate
2079 5240 2282 5298 Judzcis
2311 5239 2587 5309 vitamque
2625 5234 3001 5308 Egyptiacam
3032 5250 3096 5290 ac
3134 5251 3315 5293 mores
3343 5253 3516 5293 aemu-

1944 5336 2206 5401 lantibus,
2238 5342 2291 5389 et
2318 5333 2386 5389 ad
2414 5328 2657 5389 errorem
2677 5328 2888 5384 colendi
2909 5329 3109 5384 multos
3132 5329 3285 5393 deos,
3321 5344 3517 5400 super.

1945 5429 2330 5497 stitionemque
2374 5426 2638 5495 gentium,
2687 5436 2809 5492 qua:
2848 5420 3143 5476 simulacra
3174 5423 3514 5477 venerabano

1944 5529 2056 5584 tur,
2091 5518 2493 5573 declinantibus
2542 5513 2678 5584 legis
2726 5512 2845 5567 loco
2874 5511 3186 5582 impositum
3236 5519 3343 5576 est,
3373 5518 3522 5567 utet

1945 5622 2041 5665 eos
2073 5604 2170 5677 qui
2200 5604 2512 5662 ceciderant
2549 5601 2848 5669 excitaret,
2875 5611 2925 5657 et
2951 5601 3157 5656 mutuis
3190 5600 3331 5657 inter
3362 5603 3514 5674 ipsos

2668 5785 2714 5819 η
2751 5783 2861 5840 Jcr.
2905 5800 3052 5845 usi,
3096 5784 3288 5839 51-55.

3196 5876 3238 5935 2

2002 5789 2045 5822 ⁸⁷
2079 5787 2224 5844 Psal.
2272 5802 2432 5857 xcvu,
2476 5786 2590 5841 1-5.
