4056 6418
508 378 577 434 ιε
1146 375 1415 433 EUSEBII
1453 375 1933 433 CESARIENSIS
1974 374 2127 434 OPP.
2168 373 2352 430 PARS
2390 373 2452 430 ll.
2492 406 2561 415 —
2598 374 3100 439 APOLOGETICA.
3693 378 3775 436 Μ

427 534 433 544 ι
505 498 771 554 doctrinis
826 496 1114 552 confossos
1147 536 1162 560 ,
1222 506 1383 567 atque
1443 505 1747 567 prostratos
1822 496 2068 567 erigeret.

2183 497 2389 558 κεῖται,
2436 495 2654 567 ἀνόμοις
2704 495 2762 548 δὲ
2808 495 2903 549 καὶ
2950 496 3359 560 ἀνυποτάκτοις,
3403 496 3620 552 ἀσεϐέσι
3673 505 3778 556 καὶ

511 607 533 642 ι
562 589 732 645 Justis
757 588 936 650 enim,
974 587 1168 655 inquit,
1212 588 1295 643 lex
1335 589 1508 659 posita
1544 604 1664 643 non
1702 596 1809 651 est,
1845 588 1938 643 sed
1971 587 2080 643 ini-

440 694 445 700 ·
504 685 630 754 quis
659 688 713 737 et
750 679 1147 750 pervicacibus,
1178 687 1232 733 et
1258 679 1459 750 impiis,
1494 691 1547 736 et
1576 682 1975 751 peccatoribus,
2026 691 2081 736 et

505 774 697 832 borum
728 771 999 827 similibus
1031 773 1097 825 δ’.
1133 791 1150 822 ι
1191 771 1399 826 Novum
1443 782 1626 829 autem
1678 791 1797 839 eos,
1840 776 1934 846 qui
1984 790 2081 846 per

504 866 843 923 Salvatorem
876 875 1121 919 nostrum
1168 865 1260 920 Dei
1303 866 1567 921 beneficio
1598 882 1659 921 ac
1691 883 1917 923 munere
1946 883 2080 921 con-

503 961 861 1024 surrexerint,
894 959 960 1012 ad
999 960 1330 1029 promissum
1366 959 1459 1015 Dei
1490 976 1716 1031 regnum
1752 968 1810 1014 ut
1851 971 1979 1017 eant
2025 970 2079 1016 et

503 1061 819 1124 properent,
844 1053 1001 1121 quasi
1035 1052 1377 1117 manudueit,
1418 1060 1583 1123 atque
1610 1054 1853 1116 instruit,
1886 1069 2077 1109 omnes

500 1161 655 1216 atque
681 1145 931 1199 homines
959 1160 1161 1199 vocans
1197 1146 1250 1198 in
1292 1162 1455 1200 unam
1506 1154 1668 1217 atque
1698 1146 1942 1201 eamdem
1977 1147 2076 1201 bo-

501 1254 698 1293 norum
750 1240 1218 1291 communitatem.
1260 1236 1372 1291 Hoc
1415 1237 1579 1307 igitur
1635 1235 1845 1291 Novum
1887 1234 2079 1290 Testa-

504 1330 949 1399 mentumJegem
968 1346 1160 1384 novam
1180 1337 1335 1384 vocat
1351 1330 1488 1383 alius
1519 1328 1800 1398 itemgapud
1822 1326 2077 1383 Hebraeos

499 1420 762 1490 propheta
793 1418 964 1477 Isaias
988 1420 1181 1478 dicens
1217 1440 1229 1474 :
1264 1440 1281 1471 ι
1314 1419 1449 1473 Nam
1480 1420 1547 1473 de
1594 1419 1727 1473 Sion
1764 1420 1933 1474 exibit
1968 1420 2073 1483 lex,

500 1519 553 1569 ct
584 1510 809 1564 verbum
846 1509 1059 1565 Domini
1092 1510 1160 1567 de
1191 1510 1493 1567 Jerusalem
1551 1529 1563 1564 :
1612 1518 1665 1564 et
1698 1510 1968 1580 judicabit
1994 1513 2079 1564 in-

500 1616 583 1660 ter
630 1615 841 1674 gentes,
869 1615 923 1660 et
957 1605 1173 1660 venient
1196 1620 1387 1659 omnes
1425 1612 1633 1673 gentes,
1677 1610 1731 1656 et
1780 1617 2078 1672 congrega-

501 1700 707 1754 buntur
734 1715 923 1754 omnes
965 1700 1172 1769 populi,
1206 1707 1259 1752 et
1295 1699 1476 1753 dicent
1513 1715 1525 1750 :
1563 1694 1775 1758 Venite,
1813 1695 2077 1749 ascenda-

500 1808 623 1846 mus
653 1793 707 1847 in
738 1801 975 1846 montem
999 1790 1213 1845 Domini
1236 1799 1288 1846 et
1317 1790 1371 1844 in
1403 1790 1623 1844 domum
1653 1788 1745 1843 Dei
1772 1787 2023 1844 Iacob“.
2051 1810 2068 1841 ι

503 1882 619 1938 Scd'
655 1898 775 1952 quae
819 1883 1036 1937 tandem
1075 1884 1159 1937 lex
1194 1882 1260 1938 de
1293 1882 1423 1936 Sion
1450 1882 1823 1951 proﬁciscens,
1858 1881 2071 1938 diversa

498 1975 765 2031 duntaxat
795 1977 863 2030 ab
884 1992 948 2030 ea
975 1992 1096 2047 qua:
1120 1976 1172 2030 in
1210 1983 1394 2030 monte
1423 1974 1552 2030 Sina
1585 1992 1682 2046 per
1712 1976 1915 2031 Mosem
1946 1977 2070 2031 data

497 2075 581 2123 cst
636 2068 937 2137 reperietur
980 2088 992 2123 :
1033 2070 1136 2123 nisi
1162 2069 1339 2137 ipsum
1390 2068 1771 2138 Evangelieum
1822 2069 2071 2137 verbum,

495 2158 639 2228 quod
669 2174 763 2228 per
780 2155 1116 2212 Salvatorem
1147 2165 1393 2211 nostrum
1419 2154 1605 2211 Iesum
1630 2155 1930 2219 Christum,
1951 2171 2072 2225 per-

497 2267 604 2321 que
636 2250 879 2318 ejusdem
915 2251 1192 2320 apostolos
1222 2250 1289 2304 de
1323 2247 1452 2304 Sion
1489 2247 1796 2319 profectum
1827 2255 1929 2312 est,
1951 2263 2075 2318 per-

495 2356 603 2412 que
631 2357 820 2397 omnes
848 2348 1035 2412 gentes
1067 2340 1518 2396 disseminatum?
1547 2348 1763 2396 constat
1812 2339 1957 2395 enim
2005 2339 2073 2395 de

498 2434 801 2490 Jerusalem
853 2449 917 2488 ac
948 2435 1015 2490 de
1049 2449 1113 2489 eo
1142 2433 1234 2504 qui
1290 2432 1365 2487 illi
1410 2432 1738 2503 eonjunrtus
1760 2440 1864 2498 est,
1889 2441 2074 2487 monte

499 2527 654 2593 Sion,
688 2529 778 2583 ubi
809 2527 1063 2584 Salvator
1091 2542 1154 2581 ac
1176 2525 1511 2597 Dominus9
1533 2534 1741 2590 noster,
1768 2533 1820 2580 et
1843 2527 2071 2578 multum

495 2626 747 2674 versatus
768 2627 874 2683 est,
891 2625 946 2673 et
976 2618 1270 2689 plurimum
1297 2614 1561 2670 doctrina:
1585 2630 1697 2669 sua:
1723 2613 1913 2676 edidit,
1939 2612 2071 2667 Novi

496 2710 833 2767 Testamenti
868 2711 1039 2779 legem
1073 2710 1143 2765 ab
1187 2710 1343 2763 initio
1375 2707 1680 2780 profectam
1729 2708 1782 2761 in
1841 2716 2071 2760 cunctos

492 2804 741 2858 hormines
776 2819 931 2858 suam
975 2804 1149 2858 lucem
1198 2804 1475 2867 eﬂ‘udisse,
1537 2819 1657 2873 quze
1708 2801 1926 2873 quidem
1984 2815 2071 2856 res

490 2902 857 2951 consentanea
892 2894 957 2948 iis
988 2896 1214 2948 vocibus
1251 2894 1371 2956 fuit,
1403 2893 1605 2962 quibus
1632 2894 1719 2944 ille
1743 2891 1809 2943 ad
1835 2908 1966 2945 suos
1988 2900 2071 2944 cst

491 3004 629 3044 usus
657 2987 979 3057 discipulos,
1018 2986 1147 3040 dum
1175 2987 1306 3041 dicit
1336 3004 1348 3039 :
1390 3004 1408 3037 ι
1441 2985 1516 3040 ite
1547 2998 1611 3037 ac
1644 2982 1835 3037 docete
1879 2999 2069 3038 omnes

396 3104 401 3125 ι
488 3088 701 3153 gentes,
749 3079 1009 3134 docentes
1049 3093 1144 3133 eos
1204 3092 1425 3133 servare
1485 3077 1671 3132 omnia
1730 3092 2069 3147 qutecunque

2181 587 2541 659 ἁμαρτωλοῖς,
2574 589 2794 653 καὶτοῖς
2810 590 3230 662 παραπλησίοις.
3247 609 3264 642 ι
3302 589 3363 642 Ἡ
3377 589 3433 643 δὲ
3459 591 3617 663 καινὴ
3639 596 3776 658 τοὺς

2181 677 2267 731 διὰ
2295 678 2668 752 τοῦνΣωτῆρος
2698 679 2857 752 ἡμῶν
2891 680 3073 753 χάριτι
3139 682 3233 735 καὶ
3274 680 3453 753 δωρεᾷ
3492 682 3624 736 Θεοῦ
3667 684 3774 739 ἀν-

2182 771 2571 842 εγηγερμένεις
2606 772 2697 825 ἐπὶ
2746 772 2808 825 τὸ
2860 772 3094 843 βαδίζειν
3140 774 3235 828 καὶ
3270 773 3519 829 σπεύδειν
3559 778 3638 840 εἰς
3665 775 3775 849 τὴν

2182 863 2597 934 ἐπηγγελμένην
2628 864 2723 918 τοῦ
2756 863 2892 918 Θεοῦ
2924 866 3199 937 βασιλείαν
3246 871 3594 939 χειραγωγεῖ,
3627 869 3773 925 πάν-

2181 971 2276 1018 τας
2309 955 2504 1026 ἐπίσης
2534 955 2852 1029 ἀνθρώπους
2888 959 2968 1021 είς
3007 958 3133 1028 μίαν
3179 960 3273 1013 καὶ
3316 959 3414 1031 τὴν
3461 960 3629 1033 αὐτὴν
3657 961 3776 1017 τῶν

2180 1047 2398 1115 ἀγαθῶν
2453 1047 2741 1118 μετουσίαν
2775 1048 3212 1121 προκαλουμένη.
3258 1052 3472 1125 Ταύτην
3511 1052 3611 1125 τὴν
3652 1072 3779 1110 και-

2180 1137 2275 1209 νὴν
2314 1135 2587 1208 Διαθὴκην
2620 1132 2775 1199 αὖθις
2795 1137 2957 1208 νόμον
2999 1139 3252 1210 ὀνομάζει
3290 1142 3470 1194 καινδν
3514 1142 3774 1211 Ἡσαΐας,

2180 1228 2337 1291 ἄλλος
2362 1229 2517 1282 πάλιν
2556 1231 2681 1303 παρ’
2726 1231 3000 1302 Ἑϐραίοις
3033 1234 3337 1304 προφήτης,
3362 1232 3562 1303 λέγων’
3601 1254 3620 1287 ι
3667 1237 3774 1290 Ἐκ

2179 1321 2286 1394 γὰρ
2319 1323 2457 1375 Σιὼν
2504 1322 2841 1387 ἐξελεύσεται
2892 1325 3075 1396 νόμος,
3116 1326 3211 1379 καὶ
3263 1327 3417 1396 λόγος
3458 1330 3662 1400 Κυρίου
3702 1329 3771 1396 ἐξ

2191 1414 2566 1487 Ἰερουσαλὴμ,
2601 1416 2695 1468 καὶ
2724 1418 2900 1488 κρινεῖ
2930 1416 3033 1471 ἁνά
3084 1418 3246 1486 μέσον
3293 1419 3401 1473 τῶν
3449 1397 3638 1484 ἐθνῶν,
3669 1422 3776 1476 καὶ

2178 1506 2365 1577 ἥξουσι
2399 1509 2574 1561 πάντα
2608 1509 2675 1563 τά
2712 1508 2861 1581 ἔθνη,
2899 1509 2994 1563 καὶ
3027 1511 3454 1582 συναχθήσονται
3488 1513 3686 1577 πάντες
3710 1512 3772 1569 οἱ

2179 1598 2315 1661 λαοὶ,
2349 1600 2442 1652 καὶ
2477 1600 2659 1671 ἐροῦσι
2682 1618 2694 1631 ⁸
2728 1602 2913 1667 Δεῦτε,
2960 1604 3054 1655 καὶ
3083 1604 3371 1671 ἀναδῶμεν
3418 1605 3499 1668 εἰς
3539 1605 3602 1659 τὸ
3633 1606 3770 1679 ὅρος

2180 1691 2407 1760 Κυρίου,
2439 1692 2531 1747 καὶ
2564 1694 2643 1756 είς
2665 1692 2755 1747 τὸν
2772 1688 2917 1747 οἶκον
2940 1694 3034 1748 τοῦ
3064 1694 3198 1749 Θεοῦ
3241 1695 3452 1751 Ἰακώϐ.
3482 1698 3578 1762 Τίς
3615 1699 3660 1753 δ’
3693 1698 3771 1754 ἂν

2181 1783 2266 1853 εἴη
2295 1785 2322 1836 ό
2348 1787 2411 1836 ἐκ
2440 1784 2576 1838 Σιὼν
2603 1786 2986 1859 προεληλυθὼς
3011 1788 3194 1859 νόμος,
3226 1788 3411 1862 ἕτερος
3440 1790 3515 1844 ὢν
3540 1790 3634 1846 τοῦ
3668 1793 3774 1848 ἐπὶ

2110 1851 2147 1905 Β
2176 1873 2275 1944 τῆς
2299 1875 2506 1945 ἐρήμου
2528 1875 2615 1930 διὰ
2657 1877 2900 1941 Μωσέως
2934 1878 2988 1932 ἐν
3016 1878 3095 1949 τῷ
3120 1880 3249 1934 Σινά
3271 1880 3388 1953 ὄρει
3414 1884 3775 1957 νενομοθετη-

2180 1964 2362 2034 μένου,
2390 1965 2503 2018 ἀλλ’
2531 1967 2563 2038 ἢ
2591 1969 2619 2020 ό
2643 1968 3010 2037 Εὐαγγελικδς
3034 1969 3211 2040 λόγος,
3232 1973 3260 2024 ὁ
3280 1973 3367 2026 διά
3393 1973 3483 2027 τοῦ
3513 1976 3775 2049 Σωτῆρος

2174 2059 2330 2130 ἡμῶν
2363 2059 2535 2130 Ἰησοῦ
2562 2060 2654 2114 τοῦ
2678 2063 2913 2133 Χριστοῦ
2939 2066 3033 2118 καὶ⁹
3047 2064 3155 2117 τῶν
3175 2065 3484 2121 ἀποστόλων
3508 2068 3673 2122 αὐτοῦ
3697 2072 3773 2125 ἐκ

2175 2154 2272 2224 τῆς
2306 2152 2444 2206 Σιὼν
2478 2154 2881 2226 προεληλυθὼς,
2913 2158 3006 2210 καὶ
3042 2156 3263 2210 διελθὼν
3290 2159 3465 2213 πάντα
3491 2160 3558 2214 τὰ
3591 2159 3717 2231 ἔθνη
3749 2178 3768 2226 ;

2175 2245 2440 2318 πρόδηλον
2460 2248 2531 2316 γά
2540 2265 2569 2320 ρ
2586 2247 2660 2313 ὡς
2686 2248 2793 2302 ἀπὸ
2809 2249 2908 2335 τῇς
2945 2249 3319 2330 Ἰερουσαλὴμ,
3346 2252 3442 2305 καὶ
3470 2251 3565 2306 τοῦ
3586 2251 3771 2327 ταύτῃ

2176 2339 2723 2411 προσπαρακειμένου
2768 2327 2907 2393 Σιῶν
2954 2327 3146 2413 ὄρους,
3192 2339 3319 2394 ἔνθα
3366 2342 3461 2405 τὰς
3504 2341 3774 2408 πλείστας

2172 2433 2453 2505 διατριϐάς
2499 2451 2560 2488 τε
2613 2434 2705 2487 καὶ
2755 2434 3101 2499 διδασκαλίας
3140 2435 3168 2488 ὁ
3198 2435 3387 2508 Σωτὴρ
3412 2438 3506 2491 καὶ
3558 2437 3773 2511 Κύριος

2174 2525 2329 2597 ήμῶν
2360 2527 2645 2598 πεποίητο,
2677 2527 2706 2579 ό
2745 2526 2845 2598 τῆς
2871 2530 3078 2600 Καινῆς
3108 2529 3381 2601 Διαθήκης
3405 2529 3570 2585 αὑτοῦ
3595 2530 3775 2602 ἀρξά-

2177 2638 2335 2691 μενος
2362 2622 2546 2692 νόμος,
2583 2620 2836 2675 κάκεῖθεν
2868 2621 3166 2694 προελθὼν,
3193 2626 3272 2687 είς
3299 2624 3507 2689 πάντας
3531 2624 3773 2694 ἐξέλαμ-

2172 2709 2272 2779 dav
2310 2710 2631 2783 ἀνθρώπους
2678 2712 2986 2777 ἀκολούθως
3026 2717 3145 2777 ταῖς
3195 2712 3358 2768 αὐτοῦ
3402 2715 3641 2782 φωναῖς,
3691 2712 3772 2780 ἃς

2175 2801 2310 2873 πρὸς
2331 2802 2454 2865 τοὺς
2484 2802 2649 2856 αὐτοῦ
2682 2801 2928 2873 μαθητὰς
2953 2805 3236 2875 πεποίητο,
3274 2804 3481 2875 φήσας·
3509 2824 3526 2855 ι
3558 2806 3776 2877 Πορευ-

2174 2893 2355 2955 θέντες
2386 2893 2764 2963 μαθητεύσατε
2799 2896 2974 2948 πάντα
3003 2895 3071 2947 τὰ
3110 2895 3257 2966 ἔθνη,
3284 2895 3623 2959 διδάσκοντες
3655 2895 3769 2950 αὖ·

2170 2984 2294 3046 τοὺς
2322 2987 2507 3054 τηρεῖν
2547 2983 2723 3038 πάντα
2762 2986 2863 3039 ὅσα
2897 2987 3249 3059 ἐνετειλάμην
3295 2989 3444 3060 ύμῖν.
3480 3009 3499 3041 ι
3540 2990 3670 3043 Τίνα
3698 2989 3767 3043 δὲ

2170 3074 2336 3129 ταῦτα
2360 3070 2448 3147 ἦν,
2480 3075 2592 3129 ἀλλ’
2628 3075 2662 3148 ἢ
2695 3076 2765 3130 τά
2790 3077 2889 3148 τῆς
2922 3078 3130 3150 Καινῆς
3157 3079 3432 3153 Διαθηκης
3460 3081 3768 3154 μαθήματά

488 3173 721 3248 ιιι-ωοορί
748 3173 792 3204 ³⁸
830 3171 1002 3227 vobis.
1041 3192 1058 3223 ι
1098 3169 1355 3237 Quamam
1391 3184 1555 3240 porro
1586 3169 1698 3224 lucc
1750 3176 1927 3235 erant,
1963 3169 2065 3223 nisi

2171 3186 2229 3222 τε
2298 3168 2391 3222 καὶ
2441 3168 2822 3241 παιδεύματα;
2864 3170 3082 3243 Ἐπειδὴ
3138 3173 3316 3226 τοίνυν
3370 3173 3523 3228 ταῦθ’
3582 3174 3766 3243 οὕτως

490 3264 627 3319 Novi
655 3262 987 3317 Tcstamenti
1023 3261 1273 3317 instituta
1296 3276 1358 3314 ac
1381 3259 1688 3330 przecepta?
1713 3260 1933 3330 quando
1959 3259 2062 3331 igi—

488 3368 576 3411 tur
610 3357 723 3410 hazc
752 3354 830 3409 sic
861 3369 919 3409 se
954 3353 1153 3408 habere
1182 3362 1461 3408 ostensum
1492 3363 1597 3418 est,
1624 3367 1770 3407 nunc
1790 3352 1901 3422 jam
1924 3360 2064 3407 tem-

483 3464 589 3519 pus
625 3448 784 3502 fuerit
818 3446 1085 3516 inspicere
1112 3447 1341 3517 hujusce
1377 3446 1510 3501 Novi
1538 3444 1893 3509 Testamenti,
1926 3445 2068 3514 ejus.
2100 3445 2105 3450 ’

2172 3262 2313 3334 ἔχειν
2336 3262 2729 3328 ἀποδέδεικται,
2755 3262 2873 3336 ὥρα
2898 3264 2991 3318 νῦν
3016 3266 3144 3319 ίδείν
3172 3268 3263 3321 τὸν
3290 3267 3489 3339 τρόπον
3505 3271 3602 3341 τῆς
3624 3272 3773 3325 Και-

2173 3356 2270 3426 νῆς
2320 3353 2630 3425 Διαθήκης,
2687 3355 2781 3409 καὶ
2832 3357 2925 3410 τοῦ
2986 3360 3508 3433 προκεκηρυγμένον
3569 3364 3767 3423 καινοῦ

2175 3445 2415 3515 ᾄσματός
2450 3462 2507 3499 τε
2538 3446 2630 3499 καὶ
2654 3446 2840 3519 νόμου.

484 3562 589 3617 que
621 3544 765 3615 quod
788 3544 1105 3614 przcdictum
1133 3542 1310 3599 fuerat
1336 3543 1535 3598 cantici
1555 3542 1702 3608 novi,
1739 3556 2001 3611 novzeque
2024 3541 2157 3612 legis
2188 3542 2451 3596 rationem
2490 3557 2553 3596 ac
2583 3543 2823 3599 modum.

1115 3638 1341 3696 CAPUT
1370 3638 1434 3692 V.

485 3734 746 3801 Quisnam
772 3735 957 3791 modus
980 3731 1118 3788 Novi
1152 3733 1494 3800 Testamenli,
1527 3731 1678 3802 cujus
1712 3729 1958 3787 Christus
1986 3738 2064 3784 est

1159 3813 1362 3859 auctor.

557 3895 634 3951 l'ta
681 3896 901 3967 quidem
953 3906 1239 3952 ostensum
1286 3896 1399 3965 jam
1451 3902 1556 3957 est,
1601 3893 2061 3965 quemadmodum

485 3982 652 4043 Vetus
684 3987 815 4041 illud
858 3985 1286 4050 Testamentum,
1324 3986 1520 4056 lexque
1566 3985 1804 4042 Mosaica
1836 3988 1927 4041 uni
1962 3986 2061 4041 Ju-

484 4078 653 4133 daiere
692 4079 875 4148 genti,
923 4088 977 4135 et
1014 4078 1143 4133 huic
1186 4079 1291 4150 ipsi
1336 4077 1610 4149 propriam
1659 4086 1863 4134 terram
1910 4079 2059 4135 ineo-

485 4169 616 4224 lenti
653 4168 1054 4224 accommodari
1111 4175 1318 4239 posset,
1351 4184 1414 4224 ac
1446 4185 1620 4240 neque
1663 4170 1889 4240 reliquis
1935 4186 2065 4241 gen-

484 4264 656 4325 tibus.
710 4279 830 4332 qua:
871 4269 987 4317 toto
1024 4271 1293 4317 terrarum
1328 4263 1463 4319 orbe
1506 4270 1847 4329 tenerentur,
1887 4279 2065 4335 neque

484 4356 687 4411 alienas
711 4363 886 4411 terras
913 4355 1271 4411 incolentibus
1293 4353 1494 4412 Judazis
1516 4355 1830 4411 conveniret
1855 4372 1867 4406 :
1888 4357 2064 4427 quod~

2700 3640 3093 3697 ΚΕΦΑΛΔῘΟΝ
3142 3646 3217 3700 Ε’.

2177 3734 2271 3799 Τίς
2315 3734 2346 3785 ὁ
2392 3732 2497 3786 τοῦ
2552 3731 2810 3801 Χριστοῦ
2866 3733 2976 3801 τῆς
3000 3737 3225 3805 Καινῆς
3271 3734 3565 3809 Alam}an
3614 3744 3758 3812 rpd-

2882 3821 3017 3872 πος.

2252 3892 2317 3947 Ἦ
2379 3893 2477 3963 μὲν
2523 3894 2586 3963 δὴ
2637 3893 2835 3948 παλαιὰ
2866 3896 3106 3969 Διαθήκη
3164 3899 3257 3953 καὶ
3300 3901 3328 3952 δ
3371 3900 3459 3955 διὰ
3504 3902 3757 3968 Μωσέως

2172 3986 2332 4056 νόμος
2380 3984 2525 4056 μόνῳ
2677 3988 2944 4042 Ἰουδαίων
2986 3989 3150 4055 ἔθνει,
3186 3993 3278 4045 καὶ
3324 3993 3498 4065 τούτῳ
3521 3995 3612 4047 ἐπὶ
3648 3995 3760 4066 τῆς

2169 4078 2373 4141 οἰκείας
2396 4076 2497 4148 γῆς
2527 4078 2783 4144 οἰκοῦντι,
2819 4080 3154 4152 κατάλληλος
3183 4084 3587 4151 ἀποδέδεικται,
3624 4085 3758 4142 οὔτε

2170 4170 2225 4224 δὲ
2253 4172 2364 4233 τοῖς
2393 4169 2595 4235 λοιποῖς
2625 4169 2801 4225 ἔθνεσι
2829 4174 2940 4237 τοῖς
2969 4173 3091 4227 καθ’
3117 4175 3244 4247 ὅλης
3268 4176 3369 4247 τῆς
3398 4179 3757 4251 οἰκουμένης,

2170 4264 2292 4318 οὔτε
2318 4267 2428 4329 τοῖς
2448 4265 2538 4318 ἐπὶ
2563 4266 2663 4336 γῆς
2688 4265 2990 4338 ἀλλοδαπῆς
3008 4269 3412 4341 ἀπῳκισμένοις
3442 4271 3713 4337 Ἰουδαίοις
3734 4291 3755 4307 ·

2169 4356 2260 4409 τὸν
2280 4356 2336 4410 δὲ
2356 4358 2461 4427 τῆς
2479 4356 2686 4427 Καινῆς
2704 4356 2977 4428 Διαθήκης
2992 4359 3189 4429 τρόπον
3212 4362 3375 4416 πᾶσιν
3391 4363 3596 4417 ἔθνεσιν
3615 4368 3756 4435 βιω-

482 4462 588 4519 que
619 4445 754 4501 Novi
806 4445 1138 4501 Testamenti
1181 4448 1450 4502 rationem
1479 4448 1553 4501 ita
1597 4456 1874 4518 oporteret
1903 4447 2059 4502 insti-

2170 4448 2300 4520 εξελῆ
2333 4451 2467 4521 χρῆν
2487 4449 2655 4521 δήπου
2682 4451 3036 4520 καταστῆναι,
3063 4451 3138 4516 ὡς
3156 4454 3419 4525 μηδαμῶς
3440 4456 3756 4528 μηδαμόθεν

483 4541 584 4606 tui,
613 4551 674 4595 ut
701 4541 959 4595 omnibus
991 4541 1247 4610 gentibus
1268 4541 1336 4596 ad
1368 4542 1529 4596 vitam
1571 4541 1831 4610 prodesse
1854 4549 2058 4611 posset,

485 4643 545 4689 nt
573 4651 641 4691 ne
678 4650 907 4705 prorsus
943 4633 1053 4688 ullo
1092 4631 1277 4697 modo,
1329 4632 1510 4688 ullave
1557 4634 1784 4699 ratione,
1818 4635 1909 4705 qui
1958 4634 2062 4689 hoc

483 4730 607 4784 vita:
635 4729 943 4783 institutum
978 4726 1187 4796 ingredi
1226 4725 1446 4790 vellent,
1490 4725 1884 4796 impedirentur
1917 4746 1929 4780 :
1964 4744 2062 4783 ne-

481 4833 590 4892 que
614 4828 708 4873 aut
737 4819 1000 4891 regionis,
1034 4827 1126 4872 aut
1157 4819 1397 4890 generis,
1432 4827 1525 4873 aut
1553 4819 1680 4882 loci,
1713 4828 1807 4873 aut
1836 4820 2061 4875 alterius

480 4912 786 4982 cujuspiarn
835 4913 913 4968 rei
969 4914 1193 4966 ornnino
1253 4926 1456 4977 causa,
1513 4920 1736 4984 possent
1783 4915 2057 4969 excusari.

480 5007 630 5063 Talis
662 5022 826 5077 porro
857 5015 911 5062 et
958 5006 1067 5069 lex,
1090 5013 1142 5060 et
1174 5005 1280 5059 vita
1335 5006 1491 5076 plane
1523 5006 1731 5061 exstitit
1761 5022 1845 5070 ea,
1879 5023 1998 5078 quae
2028 5023 2058 5063 a

482 5099 767 5155 Salvatore
829 5107 1020 5152 nostro
1062 5096 1191 5152 Jesu
1252 5096 1475 5152 Christo
1526 5098 1775 5154 instituta
1807 5108 1913 5166 est,
1950 5114 2058 5170 qua

479 5190 659 5262 prisca
693 5191 804 5254 illa,
840 5199 892 5246 et
936 5191 1054 5261 ipso
1088 5190 1235 5245 Mose
1283 5190 1562 5261 antiquior
1610 5190 1951 5246 instauratur
1974 5207 2057 5246 re-

480 5284 630 5355 ligio.
665 5284 732 5337 ad
757 5284 916 5353 cujus
947 5300 1194 5339 normam
1220 5291 1276 5339 et
1314 5282 1611 5348 Abraham,
1644 5291 1697 5337 et
1730 5283 1849 5353 ejus
1882 5284 2054 5353 majo-

480 5395 569 5435 res
621 5378 821 5433 vivisse
879 5378 1037 5433 facile
1082 5378 1552 5431 demonstrantur.
1608 5376 1764 5441 Quod
1821 5376 1865 5431 si
1920 5376 2056 5433 velis

476 5466 913 5526 Christianorum
955 5468 1171 5523 vivendi
1215 5469 1505 5530 rationem,
1547 5477 1709 5536 atque
1738 5482 1858 5520 eam
1893 5481 2053 5535 quam

474 5562 729 5617 Christus
762 5577 854 5631 per
882 5576 1069 5616 omnes
1089 5569 1276 5631 gentes
1310 5556 1687 5616 disseminavit
1710 5557 2051 5628 religionem,

474 5673 597 5709 cum
629 5672 695 5710 eo
720 5662 773 5709 et
805 5653 1081 5723 religionis
1105 5662 1156 5707 et
1175 5653 1406 5721 justitia:
1428 5651 1683 5709 instituto
1713 5665 2051 5721 comparare,

466 5756 525 5823 let
565 5746 920 5813 contendere,
955 5760 1064 5816 quo
1098 5756 1149 5800 et
1171 5745 1445 5799 Abraham
1478 5753 1531 5799 et
1579 5742 1812 5798 Abrahae
1844 5742 2051 5799 similes

544 5866 593 5901 ⁸⁸
630 5867 655 5925 ι
693 5865 836 5921 Tim.
884 5883 919 5929 ι,
963 5867 1015 5921 9.
1098 5866 1143 5901 ⁸ο
1179 5862 1283 5920 lsa.
1330 5879 1388 5934 ιι,
1432 5862 1548 5918 3-4.

2166 4542 2623 4612 παραποδίζεσθαι
2654 4543 2779 4605 τοὺς
2816 4543 2957 4597 κατά
2990 4544 3177 4600 τοῦτον
3208 4547 3581 4603 πολιτεύεσθαι
3613 4549 3753 4621 μέλ-

2163 4635 2372 4698 λοντας,
2411 4636 2534 4705 μήτ’
2558 4633 2665 4687 ἀπὸ
2703 4634 2907 4706 χώρας,
2942 4637 3069 4707 μήτ’
3099 4637 3206 4692 ἀπὸ
3247 4638 3458 4708 γένους,
3492 4642 3615 4713 μήτ’
3636 4643 3755 4698 ἀπὸ

2162 4727 2349 4792 τόπου,
2373 4726 2508 4796 μήτε
2543 4724 2604 4778 ἐκ
2637 4743 2782 4790 τινος
2812 4728 3002 4800 ἑτέρου
3042 4729 3101 4783 τὸ
3133 4730 3369 4787 σύνολον.
3402 4733 3653 4798 Τοιοῦτος
3685 4734 3755 4791 δὲ

2164 4819 2399 4889 πέφηνεν
2424 4818 2605 4891 ὁπρὸς
2632 4818 2725 4871 τοῦ
2749 4819 2998 4893 Σωτῆρος
3018 4822 3173 4893 ἡμῶν
3206 4824 3379 4895 Ἰησοῦ
3406 4826 3640 4898 Χριστοῦ
3657 4843 3757 4881 νε-

2161 4912 2419 4983 νομοθετη
2428 4908 2587 4981 μένος
2615 4913 2777 4984 νόμος
2809 4931 2868 4966 τε
2885 4916 2977 4969 καὶ
3002 4914 3135 4985 βίος,
3154 4917 3253 4989 τὴν
3270 4919 3631 4992 παλαιοτάτην
3648 4914 3769 4977 καῖ

2162 5005 2537 5078 πρεσϐυτέραν
2596 5008 2838 5070 Μωσέως
2869 5008 3148 5063 εὐσέϐειαν
3175 5011 3583 5082 ἀνανεούμενος,
3616 5014 3751 5067 καθ’

2160 5098 2225 5167 ἣν
2251 5099 2279 5149 ὁ
2321 5096 2573 5169 θεοφιλὴς
2616 5098 2895 5171 Ἀϐραάμ,
2940 5101 3035 5154 καὶ
3059 5103 3109 5154 oi
3153 5101 3341 5155 τούτου
3393 5104 3748 5176 προπάτορες

2158 5186 2460 5242 δείκνυνται
2487 5188 2951 5261 πεπολιτευμένοι.
2985 5193 3047 5245 El
3070 5191 3199 5261 γοῦν
3227 5194 3538 5264 ἐθελήσειας
3561 5194 3650 5249 τόν
3676 5212 3751 5252 τι

2158 5279 2499 5351 Χριστιανῶν
2548 5281 2682 5353 βίον,
2727 5285 2821 5336 καὶ
2860 5285 2959 5356 τὴν
2998 5285 3103 5338 ὑπὸ
3153 5283 3245 5340 τοῦ
3286 5286 3524 5358 Χριστοῦ
3572 5289 3779 5343 πᾶσινε

2158 5368 2334 5422 ἔθνεσι
2388 5370 2871 5444 καταϐεϐλημένην
2909 5372 3216 5428 θεοσέϐειαν
3265 5373 3614 5440 συνεξετάσαι
3658 5376 3750 5448 τῷ

2156 5462 2344 5532 τρόπῳ
2370 5462 2476 5516 τῶν
2505 5464 2645 5535 ἀμφὶ
2688 5464 2780 5517 τὸν
2813 5466 3061 5537 Ἀϐραὰμ
3104 5467 3189 5517 ἐπ’
3219 5467 3471 5541 εὐσεϐείᾳ
3513 5468 3607 5522 καὶ
3651 5467 3753 5521 δι-

2157 5554 2418 5629 καιοσύνῃ
2448 5558 2975 5629 μεμαρτυρημένων,
3009 5558 3103 5611 ἕνα
3131 5559 3223 5612 καὶ
3259 5559 3350 5613 τὸν
3376 5560 3539 5613 αὐτὸν
3570 5558 3747 5633 εὑρή-

2160 5663 2289 5710 σεις.
2330 5649 2561 5701 Ἐκεῖνοί
2595 5666 2652 5702 τε
2677 5650 2805 5720 γὰρ,
2840 5650 2941 5720 τῆς
2978 5651 3241 5705 πολυθέου
3274 5651 3480 5724 πλάνης
3510 5654 3746 5723 ἀποχωη

2159 5743 2442 5814 ρὴσαντες,
2467 5743 2560 5800 καὶ
2590 5744 2687 5816 τὴν
2720 5745 2847 5817 περὶ
2884 5745 2951 5802 τὰ
2989 5745 3277 5821 ἀγάλματα
3315 5743 3751 5818 δεισιδαιμονίαν

1627 5863 1669 5895 "
1716 5860 1902 5918 Matth.
1944 5876 2137 5926 xxvut,
2180 5860 2268 5929 19,
2310 5863 2399 5919 ‘20.
