4056 6418
250 345 317 401 35
1137 345 1790 405 DEMONSTRATIONIS
1827 344 2284 402 EV’ANGELICJE
2323 346 2452 401 LIB.
2495 344 2536 402 1.
3348 330 3355 339 ’
3452 340 3525 407 Μ

256 460 734 534 ἀποστραφέντες,
770 460 1186 536 ὑπερκύψαντες
1218 465 1274 518 δὲ
1315 465 1409 517 καὶ
1437 465 1534 537 τὴν
1570 464 1853 536 ὁρωμένην

1957 479 2087 518 usos
2124 462 2319 517 divinae
2368 462 2561 514 litterae
2587 460 2905 530 praedicant,
2945 461 3102 520 facile
3152 479 3318 519 unum
3367 473 3529 537 atque

261 553 470 609 ἃπασαν
500 552 715 617 κτίσιν,
756 554 855 606 καὶ
889 552 1015 623 μήθ’
1048 553 1218 623 ἥλιον,
1259 553 1394 623 μήτε
1427 551 1673 622 σελήνην,
1716 553 1849 623 μήτε

266 663 316 701 τι
356 644 461 699 τῶν
508 643 699 716 μερῶν
756 643 853 696 τοῦ
901 643 1101 706 παντὸς
1141 642 1587 713 θεοποιήσαντες,
1627 641 1710 710 ἐφ’
1757 640 1852 693 ἕνα

269 738 355 792 τὸν
378 735 644 790 ἀνωτάτω
663 735 843 801 .Θεὸν,
870 734 1031 789 αὐτὸν
1049 733 1112 805 δὴ
1133 732 1224 786 τὸν
1254 728 1472 803 ὕψιστον
1500 734 1594 786 τοῦ
1624 732 1851 803 ούρανοῦ

273 832 365 885 καὶ
387 830 487 899 γῆς
525 828 891 900 δημιουργὸν,
917 826 1139 889 ἑαυτοὺς
1188 826 1489 895 ἀνήγαγον’
1521 824 1550 877 ὃ
1591 824 1685 878 καὶ
1732 841 1854 877 συν-

282 923 481 993 ίστησιν
522 920 686 983 αὐτὸς
733 922 761 973 6
801 918 1007 989 Μωσῆς
1074 919 1131 970 ἐν
1171 920 1291 980 ταῖς
1329 916 1427 987 τῆς
1472 916 1854 989 ἀρχαιολογίας

276 1012 553 1085 ἱστορίαις,
579 1010 675 1063 τὸν
718 1008 969 1082 Ἀϐραὰμ
1008 1008 1339 1080 ἀναγράφων
1366 1007 1657 1076 φάσκοντα·
1689 1024 1707 1057 ι
1742 1008 1855 1060 Ἐκ-

271 1105 410 1160 τενῶ
433 1106 533 1175 τὴν
563 1105 725 1176 χεῖρά
763 1120 865 1175 μου
894 1103 1027 1175 πρὸς
1050 1103 1140 1156 τὸν
1164 1099 1294 1155 Θεὸν
1324 1100 1563 1171 ὕψιστον,
1590 1098 1649 1163 ὃς
1672 1100 1851 1153 ἔκτισε

272 1200 362 1252 τὸν
400 1196 631 1269 οὐρανὸν
674 1197 769 1250 καὶ
806 1196 905 1269 τὴν
935 1195 1070 1265 γῆνο
1096 1215 1113 1247 ι
1158 1194 1251 1248 καὶ
1286 1194 1389 1266 πρό
1416 1211 1477 1263 γε
1522 1192 1710 1246 τούτου
1744 1194 1856 1245 slo-

276 1291 423 1358 άγων
453 1290 547 1343 τὸν
586 1288 938 1358 Μελχισεδὲκ,
973 1287 1029 1340 ἓν
1074 1287 1136 1358 δή
1187 1305 1347 1357 φησιν
1393 1287 1540 1359 ἱερέα
1573 1286 1852 1356 γεγονέναι

273 1384 365 1435 τοῦ
399 1382 538 1435 Θεοῦ
563 1381 658 1435 τοῦ
696 1380 919 1450 ὑψίστου
942 1419 955 1443 ,
996 1381 1086 1433 τὸν
1119 1379 1373 1452 Ἀϐραὰμ
1416 1372 1517 1433 ὦδὲ
1552 1398 1667 1444 πως
1705 1380 1855 1432 εὐλο-

270 1472 472 1542 γοῦντα
492 1488 506 1502 ⁴
540 1492 556 1523 t
590 1471 968 1542 Εὐλογημένος
1001 1471 1250 1542 Ἀϐραὰμ
1273 1471 1348 1541 τῷ
1372 1470 1488 1542 Θεῷ
1518 1472 1595 1543 τῷ
1623 1472 1850 1546 ὑψίστῳ,

271 1565 330 1628 ὃς
367 1564 556 1616 ἔκτισε
586 1562 675 1616 τὸν
705 1564 931 1634 οὐρανὸν
976 1563 1068 1615 καὶ
1114 1564 1212 1634 τὴν
1237 1564 1359 1633 γῆν.
1401 1583 1418 1614 ι
1471 1564 1665 1637 Εὖροις
1702 1565 1746 1618 δ’
1788 1566 1853 1620 ἂν

270 1655 366 1710 καὶ
392 1656 484 1707 τὸν
523 1653 715 1723 Ἑνὼχ,
750 1655 844 1706 καὶ
868 1654 955 1706 τὸν
986 1654 1108 1706 Νῶε
1125 1654 1511 1719 δικαιωθέντας
1542 1658 1635 1708 καὶ
1664 1658 1855 1729 εύαρεε

273 1750 583 1819 στήσαντας
608 1746 687 1817 τῷ
722 1745 842 1816 Θεῷ
871 1746 1012 1800 κατὰ
1040 1746 1129 1799 τὸν
1158 1748 1319 1801 αὑτὸν
1350 1747 1427 1819 τῷ
1465 1748 1712 1819 Ἀϐραὰμ
1733 1750 1855 1822 τρό-

1952 551 2095 608 idem
2144 567 2432 623 agnosces.
2468 550 2748 622 Siquidem
2798 553 2875 606 illi
2906 568 2935 608 a
2967 556 3261 610 multorum
3302 555 3529 613 deorum

1953 644 2123 709 cultu,
2155 652 2317 714 atque
2349 659 2534 700 errore
2564 643 2896 709 recedentes,
2919 654 2973 701 et
3006 647 3075 702 ab
3098 663 3181 712 ea,
3213 664 3334 719 quae
3360 649 3531 704 simu-

1952 737 2117 791 lacris
2164 735 2377 791 addicta
2418 744 2554 796 erat.
2606 737 2993 806 superstitione
3040 747 3345 795 avertentes
3387 740 3533 812 seipa

1955 843 2045 884 sos
2079 826 2177 899 (2),
2217 828 2417 882 mentis
2472 828 2661 884 oculos
2696 844 2862 899 supra
2897 844 3113 884 omnem
3143 871 3157 895 ,
3195 846 3532 904 quacunque

1953 919 2128 974 oculis
2175 919 2325 974 cerni
2381 919 2575 989 possit,
2627 927 2875 973 naturam
2927 920 3269 976 sustulerunt
3307 942 3320 977 :
3354 938 3533 993 neque

1952 1027 2083 1067 vero
2118 1011 2191 1066 illi
2224 1021 2318 1066 aut
2346 1013 2536 1079 solem,
2563 1019 2655 1064 aut
2676 1013 2881 1076 lunam,
2912 1022 3003 1067 aut
3029 1014 3187 1067 aliam
3218 1017 3531 1086 quampiam

1944 1100 2195 1157 'universi
2242 1112 2449 1173 partem
2482 1120 2579 1175 pro
2616 1102 2726 1159 Deo
2769 1119 3007 1174 unquam
3041 1105 3297 1160 coluere:
3338 1107 3430 1161 sed
3460 1107 3531 1161 ad

1956 1210 2122 1248 unum
2151 1212 2487 1265 supremum.
2522 1197 2699 1267 ipsum
2736 1196 2924 1267 utique
2971 1198 3298 1252 altissimum
3330 1198 3454 1254 coeli
3477 1208 3532 1255 et

1954 1296 2113 1343 terra:
2137 1288 2407 1359 opiﬁcem,
2443 1291 2546 1360 ιο
2569 1290 2780 1359 seipsos
2798 1291 3043 1345 attollere
3065 1307 3172 1345 non
3191 1291 3530 1350 dubitarunt.

1956 1381 2129 1446 Quam
2155 1397 2287 1435 sane
2312 1398 2422 1436 rem
2452 1383 2568 1453 ipse
2590 1387 2753 1438 etiam
2770 1382 2946 1439 Moses
2974 1383 3026 1437 in
3053 1382 3170 1439 suis
3191 1385 3533 1454 antiquitatis

1956 1471 2199 1527 historiis
2227 1475 2591 1534 commendat.
2628 1475 2755 1529 dum
2789 1475 2963 1543 ipsum
3005 1475 3277 1531 Abraham
3321 1479 3401 1532 sic
3450 1478 3535 1535 in-

1955 1560 2107 1617 ducit
2129 1564 2397 1619 dicentem
2422 1584 2433 1619 :
2461 1584 2479 1615 ι
2505 1564 2800 1621 Extendam
2832 1582 3052 1621 manum
3076 1582 3250 1621 meam
3272 1568 3338 1622 ad
3364 1570 3534 1629 Deum

1957 1656 2300 1721 altissimum,
2321 1658 2410 1727 qui
2434 1659 2675 1711 condidit
2697 1660 2897 1713 caelum
2912 1674 2974 1713 ac
2998 1668 3197 1715 terram
3218 1660 3265 1691 "
3294 1681 3311 1713 ι
3334 1677 3346 1712 :
3369 1663 3535 1717 dum-

1958 1760 2064 1812 que
2092 1752 2218 1799 ante
2250 1744 2419 1804 liunc.
2462 1744 2845 1812 Melchisedec,
2879 1763 3041 1817 quem
3082 1748 3157 1802 ait
3194 1752 3534 1807 sacerdotem

273 1857 393 1894 πον.
434 1839 597 1892 Ἀλλὰ
627 1841 719 1893 καὶ
752 1842 780 1892 ὀ
816 1839 956 1905 Ἰὼϐ,
990 1840 1271 1913 ἄνθρωπος
1289 1841 1522 1906 δίκαιος,
1570 1840 1853 1915 ἀληθινὸς,

1958 1834 2052 1889 Dei
2092 1837 2342 1892 altissimi
2383 1837 2573 1901 fuisse,
2604 1838 2707 1908 ipsi
2745 1838 2980 1893 Abrahze
3023 1839 3107 1895 bis
3143 1840 3314 1896 ferme
3350 1842 3534 1897 verbis

270 1930 582 2001 ἄμεμπτος,
608 1929 887 2002 θεοσεϐὴς,
905 1930 1240 2001 ἀπεχόμενος
1262 1918 1369 1984 ἀπὸ
1396 1933 1595 1996 παντὸς
1618 1932 1856 2005 πονηροῦ

272 2022 625 2093 πράγματος,
672 2022 779 2094 πρὸ
800 2023 907 2076 τῶν
922 2022 1163 2088 Μωσέως
1180 2025 1389 2097 χρόνων
1414 2025 1852 2099 μεμαρτύρηται*

267 2114 327 2179 ὃς
362 2116 427 2186 δὴ
476 2116 573 2169 καὶ
604 2118 795 2189 πεῖραν
808 2115 907 2184 τῆς
936 2116 1012 2179 είς
1030 2113 1120 2168 τὸν
1140 2116 1245 2169 τῶν
1274 2116 1548 2171 ὄλωνΘεὸν
1578 2119 1857 2184 εὐσεϐείας

268 2206 337 2260 δι’
369 2205 577 2277 ἁθρόας
613 2208 709 2278 τῆς
746 2206 855 2261 τῶν
900 2206 1251 2279 ὑπαρχόντων
1282 2209 1549 2281 ἀποϐολῆς
1584 2211 1854 2283 ὑποσχὼν,

272 2297 825 2369 μέγιστονεύσεϐοῦς
870 2297 1170 2368 ὑπόδειγμα
1215 2299 1415 2371 τρόπον
1453 2300 1545 2355 καὶ
1590 2305 1702 2367 τοῖς
1740 2304 1856 2372 μετ’

268 2387 436 2441 αὑτὸν
459 2386 808 2451 ἀπολέλοιπε,
832 2386 924 2439 τὸν
948 2384 1234 2457 φιλόσοφον
1268 2389 1475 2443 ἐκεῖνον
1508 2392 1858 2464 ἐπιφωνήσας

266 2479 430 2548 λόγον
453 2496 466 2509 ·
502 2498 521 2531 ι
556 2478 770 2550 Γυμνὸς
818 2478 1038 2550 ἐξῆλθον
1094 2481 1157 2533 ὲκ
1215 2481 1422 2546 κοιλίας
1466 2483 1669 2554 μητρός
1719 2499 1855 2554 μου,

265 2571 481 2642 γυμνὸς
503 2573 600 2625 καὶ
626 2570 1017 2642 ἀπελεύσομαι.
1054 2566 1110 2624 '0
1132 2571 1338 2644 Κύριος
1364 2572 1582 2635 ἔδωκεν,
1605 2575 1633 2631 ὁ
1654 2574 1857 2647 Κύριος

268 2664 564 2734 ἀφείλετοθ
595 2664 669 2728 ὡς
706 2663 786 2734 τῷ
817 2664 1006 2736 Κυρίῳ
1052 2663 1227 2731 ἔδοξεν
1249 2705 1263 2729 ,
1298 2663 1440 2718 οὕτω
1474 2665 1568 2718 καὶ
1612 2664 1852 2734 ἐγένετο⁶

268 2760 362 2831 εἴη
384 2758 446 2812 τὸ
479 2758 650 2831 ὄνομα
679 2746 884 2830 Κυρίου
911 2759 1103 2830 εὐλογη
1113 2759 1292 2830 μένον.
1316 2779 1333 2810 ι
1356 2760 1467 2813 Καὶ
1486 2760 1577 2827 τὸν
1603 2759 1857 2814 ἁπάντων

267 2851 484 2925 Κύριον
522 2850 717 2916 σέϐων,
754 2848 952 2914 ταύτας
998 2850 1147 2921 ἠφίει
1172 2851 1271 2913 τὰς
1303 2850 1486 2918 φωνὰς
1507 2888 1521 2911 ,
1555 2850 1622 2913 ἃς
1652 2850 1857 2921 προῖὼν

268 2944 300 2998 6
321 2944 488 3007 αὐτὸς
515 2943 785 3013 διασαφεῖ,
818 2943 884 2996 δι’
910 2935 985 2996 ὧν
1017 2958 1185 3013 φησι·
1217 2960 1235 2993 ι
1269 2940 1430 3010 σοφὸς
1459 2942 1567 3013 γάρ
1601 2944 1715 2995 ἐστι
1738 2943 1857 2996 δια-

268 3036 415 3107 νοίᾳ,
438 3032 696 3107 κραταιός
716 3052 775 3089 τε
808 3035 900 3089 καὶ
935 3035 1124 3106 μέγας,
1148 3035 1176 3087 6
1210 3033 1367 3086 σείων
1391 3034 1489 3104 τὴν
1522 3034 1612 3086 ὑπ’
1631 3032 1856 3105 οὐρανὸν

268 3131 342 3184 ta
370 3128 637 3200 θεμελίων
654 3170 669 3194 ,
699 3130 746 3181 οἱ
771 3126 827 3181 δέ
853 3126 1030 3181 στῦλοι
1055 3127 1224 3197 αὐτῆς
1250 3125 1590 3179 σαλεύονται·
1634 3128 1662 3179 6
1682 3125 1855 3195 λέγων

270 3216 355 3290 τῷ
392 3218 548 3289 ἡλίῳ,
583 3219 678 3273 καὶ
702 3218 802 3270 οὐκ
827 3216 1125 3280 ἀνατέλλει,
1172 3215 1314 3270 κατὰ
1338 3216 1394 3268 δέ
1431 3216 1645 3287 ἄστρων
1681 3234 1853 3270 κατα-

274 3310 592 3382 σφραγίζευ
630 3312 659 3363 6
692 3307 928 3373 τανύσας
952 3309 1042 3362 τὸν
1063 3309 1288 3379 οὐρανὸν
1319 3308 1495 3378 μόνος.
1528 3327 1546 3359 ι
1589 3309 1651 3360 Εἰ
1674 3308 1737 3380 δὴ
1764 3304 1857 3362 οὖν

269 3402 468 3456 τοῦτον
501 3400 664 3455 αὐτὸν
729 3402 933 3453 ἐκεῖνον
968 3396 1058 3454 τὸν
1102 3399 1304 3462 πάλαι,
1335 3399 1431 3453 καὶ
1471 3398 1576 3471 πρὸ
1616 3400 1856 3465 Μωσέως

271 3493 540 3563 θεοφιλῶν
574 3490 727 3558 Θεὸν,
762 3491 985 3563 ἔναγχος
1021 3492 1155 3544 πᾶσι
1193 3494 1305 3554 τοῖς
1331 3490 1538 3544 ἔθνεσιν
1562 3493 1590 3545 6
1619 3491 1853 3564 Χριστοῦ

268 3586 433 3654 λόγος
481 3585 683 3657 ὁμοίως
736 3584 963 3647 ἐκείνοις
1022 3583 1180 3652 μόνον
1244 3582 1488 3636 εὐσεϐεῖν
1540 3582 1852 3647 διετάξατο,

270 3678 518 3749 πέφηνεν
550 3677 699 3740 ὃπως
739 3675 983 3729 κοινωνοὶ
1010 3674 1356 3746 γεγενήμεθα
1387 3674 1486 3745 τῆς
1521 3675 1642 3744 ἴσης
1679 3673 1855 3727 αὐτῶν

271 3770 501 3824 ἐκείνων
534 3768 847 3832 εὒσεϐείας·
896 3768 995 3839 τῆς
1026 3758 1083 3821 δὲ
1128 3758 1412 3829 εὐσεϐείας
1469 3767 1854 3838 μετασχόντες,

252 3843 475 3934 tam,
510 3863 586 3925 ὡς
618 3862 713 3915 καὶ
758 3861 857 3931 τῆς
899 3861 1149 3929 εὐλογίας
1204 3860 1641 3933 μεταληψόμεθα.
1699 3861 1858 3915 Ἀλλὰ

270 3957 373 4011 καὶ
402 3955 496 4008 τὸν
530 3954 625 4008 τοῦ
659 3952 795 4007 Θεοῦ
841 3952 1034 4022 Λόγον,
1063 3953 1121 4007 ὃν
1151 3953 1214 4024 δὴ
1244 3950 1479 4026 Χριστὸν
1520 3956 1653 4026 ἡμῖν
1690 3970 1857 4027 προσέ-

270 4045 563 4117 αγορεύειν
584 4044 759 4116 φίλον,
788 4043 987 4115 ὁμοίως
1017 4046 1149 4115 ἡμῖν
1170 4045 1411 4098 κάκεῖνοι
1440 4045 1659 4113 γνόντες
1687 4047 1859 4116 ἐμαρ-

267 4139 619 4211 τυρήθησαν
645 4137 760 4205 οἶγε
791 4138 882 4190 καὶ
915 4135 1048 4190 πολὺ
1073 4135 1438 4208 διαφερόντως
1465 4134 1562 4209 τῆς
1582 4138 1859 4210 ἐμφανοῦς

272 4230 448 4286 αὑτοῦ
476 4232 778 4303 παρουσίας
817 4248 874 4283 τε
899 4231 993 4285 καὶ
1018 4229 1334 4298 θεοφανείας
1369 4228 1697 4303 ἠξιώθησαν.
1727 4235 1857 4286 Ἐπ-

273 4323 511 4378 ἀκουσον
572 4321 722 4391 γοῦν,
758 4322 833 4387 ὡς
864 4322 1025 4377 πάλιν
1059 4318 1222 4386 αὐτὸς
1258 4325 1287 4376 6
1318 4323 1522 4394 Μωσῆς
1549 4320 1640 4377 τὸν
1659 4326 1859 4396 ἐπιφα-

275 4415 439 4469 νέντα
473 4416 588 4478 τοῖς
645 4413 948 4484 θεοφιλέσι,
996 4412 1089 4467 καὶ
1137 4413 1394 4477 πολλάκις
1444 4416 1859 4486 χρηματίσαντα

275 4507 465 4570 αὐτοῖς
503 4504 572 4558 τὰ
609 4504 1075 4577 ἀναγεγραμμένα
1113 4504 1263 4573 ποτὲ,
1313 4504 1410 4576 μὲν
1449 4505 1582 4559 Θεὸν
1624 4507 1718 4559 καὶ
1742 4504 1858 4561 Κύ-

279 4616 419 4674 ριον,
449 4597 582 4652 ποτὲ
627 4594 682 4650 δὲ
729 4598 824 4651 καὶ
865 4597 1094 4667 ἄγγελον
1141 4596 1278 4651 Θεοῦ
1321 4598 1718 4671 προσαγορεύει
1743 4600 1852 4672 (5)·

272 4690 415 4753 Θεὸς
458 4688 557 4761 μὲν
599 4688 693 4742 καὶ
727 4688 931 4758 Κύριος
959 4686 1067 4740 τῶν
1096 4686 1359 4755 θεοφιλῶν
1405 4688 1614 4759 ἀνδρῶν
1656 4689 1855 4760 όινηγο-⁵

270 4800 373 4855 ρευ
381 4781 547 4853 μένος
565 4820 580 4844 ,
650 4779 912 4848 Ἀγγελος
981 4778 1038 4832 δὲ
1104 4777 1199 4831 τοῦ
1284 4776 1560 4832 ὰνωτάτου
1616 4780 1849 4853 Πατρός.

263 4878 439 4946 Λέγει
471 4876 517 4929 δ’
555 4869 647 4929 οὖν
681 4875 863 4937 αὐτοῖς
913 4873 1157 4944 ῥήμασι·
1216 4890 1234 4923 ι
1287 4871 1398 4924 Καὶ
1439 4866 1709 4947 ἐπορεύθη
1753 4875 1856 4928 ἰα-

262 4968 388 5022 κὼῦ
422 4969 504 5031 εἰς
536 4964 747 5037 Χαρὰν,
796 4964 889 5018 καὶ
927 4963 1210 5035 ἀπήντησε
1249 4960 1420 5032 τόπῳ,
1458 4962 1555 5016 καὶ
1586 4962 1852 5035 ἐκοιμήθη

260 5060 391 5113 ἐκεῖ
408 5074 423 5087 ·
454 5058 547 5110 ἔδυ
572 5055 683 5127 γὰρ
708 5056 737 5107 ὁ
762 5054 912 5124 ἥλιος
929 5069 942 5084 ·
975 5052 1070 5105 καὶ⁵
1096 5050 1287 5106 ἐλαϐεν
1318 5049 1424 5105 ἀπὸ
1447 5053 1554 5107 τῶν
1577 5052 1739 5106 λίθων
1762 5051 1857 5105 τοῦ

258 5151 464 5213 τόπου,
493 5150 591 5203 καὶ
619 5149 811 5219 ἐθηκεν
831 5145 967 5218 πρὸς
993 5143 1237 5215 κεφαλῆς
1263 5144 1451 5207 αὑτοῦ,
1473 5147 1567 5199 καὶ
1592 5144 1858 5217 ἐκοιμήθη

1958 1927 2397 1985 benedicentem:
2426 1949 2443 1981 t
2469 1928 2794 1986 Benedictus
2810 1931 3085 1986 Abraham
3107 1932 3215 1989 Deo
3239 1934 3531 1999 altissime,

1958 2020 2049 2087 qui
2080 2019 2542 2074 condiditcmlum
2559 2028 2611 2075 et
2643 2028 2842 2077 terram
2879 2023 2945 2076 ⁸³.
2998 2043 3016 2074 ›
3056 2023 3304 2080 invenies
3350 2033 3532 2081 autem

1958 2120 2012 2166 et
2042 2108 2229 2167 Enoch
2282 2120 2336 2168 et
2374 2112 2488 2169 Noe
2528 2114 2718 2170 eadem
2752 2115 2962 2171 ratione
3006 2132 3113 2186 qua
3157 2117 3452 2181 Abraham,
3480 2124 3537 2174 et

1958 2204 2200 2262 evasisse
2236 2206 2438 2276 justus,
2476 2215 2529 2261 et
2566 2206 2674 2263 Deo
2709 2209 3002 2278 placuisse.
3036 2211 3178 2277 Quin
3210 2212 3374 2266 etiam
3404 2210 3533 2277 Job,

1962 2293 2045 2348 vir
2074 2303 2129 2350 et
2171 2295 2375 2364 justus,
2411 2306 2464 2352 et
2495 2313 2676 2362 verus,
2708 2306 2762 2354 et
2807 2299 3175 2370 inculpabilis,
3207 2309 3261 2357 et
3288 2303 3357 2358 ab
3385 2302 3537 2359 omni

1957 2384 2101 2438 mala
2133 2401 2192 2440 re
2221 2386 2526 2451 abstinens,
2572 2396 2697 2443 ante
2730 2388 2895 2445 MOsis
2939 2398 3155 2447 aetatem
3202 2393 3533 2459 celebratur,

1958 2481 2205 2549 quicum
2246 2482 2466 2551 pietatis
2512 2499 2641 2553 erga
2702 2481 2873 2539 Deum
2919 2485 3157 2539 universi
3196 2486 3392 2555 gratia,
3438 2501 3538 2556 per

1958 2572 2201 2627 omnium
2248 2572 2518 2628 honorum
2558 2574 2793 2628 subitam
2835 2574 3236 2643 ademptionem
3284 2585 3539 2644 vexatus,

1958 2669 2276 2717 constanter
2298 2662 2480 2716 omnia
2512 2662 2856 2727 sustinuerit,
2894 2662 3190 2716 maximum
3242 2679 3381 2719 verre
3412 2665 3537 2721 reli-

1959 2753 2138 2825 gionis
2183 2754 2495 2823 exemplum
2546 2754 2698 2813 omni
2750 2767 2863 2809 suae
2919 2754 3227 2824 posteritati
3272 2756 3534 2827 reliquit,

1958 2846 2159 2915 quippe
2202 2845 2293 2915 qui
2332 2861 2457 2901 vere
2497 2844 2932 2915 philosOphicum
2972 2846 3104 2901 illud
3149 2847 3371 2902 verbum
3404 2850 3535 2904 olim

1958 2936 2370 2991 acclamaverit:
2406 2954 2424 2988 ι
2462 2935 2652 2991 Nudus
2680 2951 2936 3007 egressus
2960 2952 3079 2992 sum
3116 2938 3182 2995 de
3204 2948 3392 2995 ventre
3415 2956 3536 2995 mao‘

1958 3028 2059 3082 tris
2084 3044 2235 3094 mete,
2269 3036 2323 3083 et
2354 3027 2534 3084 nudus
2560 3028 2741 3084 abibo.
2777 3027 3041 3087 Dominus
3072 3031 3241 3097 dedit,
3274 3030 3535 3090 Dominus

1961 3120 2220 3174 abstulit:
2247 3121 2390 3175 sicut
2432 3121 2662 3176 Domino
2697 3124 2920 3193 placuit,
2955 3123 3030 3178 ita
3072 3123 3273 3179 factum
3306 3134 3390 3181 est
3426 3128 3537 3181 :sit

1959 3230 2159 3270 nomen
2196 3213 2407 3269 Domini
2439 3212 2782 3270 benedictum
2808 3217 2875 3271 ἰ.
2908 3236 2926 3269 ι
2962 3216 3104 3272 idem
3136 3235 3264 3273 vero
3289 3208 3538 3274 commu-

1958 3321 2080 3360 nem
2112 3306 2355 3360 omnium
2384 3305 2549 3361 Deum
2578 3308 2787 3375 colens,
2811 3324 2973 3364 voces
3004 3310 3166 3363 etiam
3209 3310 3330 3364 illas
3360 3310 3535 3379 pieta-

1961 3398 2032 3451 tis
2080 3397 2285 3462 emisit,
2321 3413 2456 3467 quas
2509 3399 2625 3469 ipse
2651 3400 2867 3471 longius
2906 3418 3230 3472 progressus
3257 3405 3529 3473 explanat.

1959 3489 2087 3544 dum
2120 3491 2236 3544 ait:
2280 3508 2298 3543 ι
2343 3490 2571 3561 Sapiens
2612 3493 2757 3547 enim
2811 3503 2896 3549 est
2933 3504 3130 3559 mente,
3178 3496 3446 3569 fortisque
3478 3504 3535 3555 et

1957 3597 2209 3652 magnus,
2240 3583 2335 3653 qui
2369 3584 2611 3639 concutit
2644 3596 2845 3639 terram
2875 3602 2907 3640 a
2938 3587 3325 3654 fundamentis,
3358 3601 3414 3649 et
3439 3609 3536 3649 co-s

1960 3670 2163 3725 lumnae
2197 3671 2318 3740 ejus
2364 3672 2794 3727 contremiscunt
2825 3690 2839 3727 :
2868 3677 2962 3746 qui
2997 3677 3127 3732 dicit
3162 3680 3284 3746 soli,
3317 3690 3371 3737 et
3416 3696 3530 3741 noti

1959 3760 2156 3826 Oritur,
2187 3768 2242 3816 et
2268 3761 2453 3817 stellas
2483 3764 2634 3832 quasi
2671 3766 2828 3835 signo
2859 3766 3128 3837 impresso
3161 3771 3364 3827 claudit
3393 3794 3406 3830 :
3441 3777 3535 3846 qui

1960 3854 2159 3908 coslum
2191 3855 2433 3910 extendit
2465 3855 2615 3911 solus
2647 3856 2713 3908 ⁸⁸.
2756 3875 2774 3908 ι
2809 3857 2865 3912 Si
2903 3859 3066 3929 igitur
3087 3864 3335 3919 eumdem
3378 3866 3532 3922 illum

1958 3961 2120 4018 quem
2152 3947 2339 4017 prisci,
2385 3962 2449 4002 ac
2491 3949 2613 4020 ipso
2647 3949 2795 4006 Mose
2845 3952 3207 4023 antiquiores,
3244 3954 3338 4010 Dei
3370 3959 3534 4013 amici

1958 4040 2064 4094 viri
2098 4041 2386 4095 coluerunt
2415 4040 2609 4108 Deum,
2648 4060 2825 4114 nuper
2865 4044 3051 4100 itidem
3085 4054 3145 4101 ut
3194 4048 3303 4105 illis
3353 4049 3534 4105 solum

1961 4131 2049 4200 pie
2079 4131 2371 4187 colendum
2401 4147 2544 4197 esse,
2587 4132 2795 4189 Christi
2831 4132 3083 4190 doctrina
3121 4137 3375 4207 gentibus
3410 4140 3536 4194 uni-

1959 4223 2136 4279 versis
2164 4224 2579 4297 demonstravit,
2621 4226 2766 4282 haud
2804 4227 3028 4283 dubium
3065 4239 3169 4296 est,
3204 4231 3339 4301 quin
3387 4232 3535 4301 ejus-

1962 4313 2085 4368 dem
2117 4310 2241 4369 cum
2272 4316 2380 4371 illis
2420 4317 2593 4371 divini
2619 4319 2800 4375 cultus
2824 4318 2953 4374 facti
2985 4320 3156 4378 simus
3188 4324 3485 4395 participes
3514 4341 3531 4380 :

1962 4420 2306 4461 communem
2329 4422 2497 4478 porro
2525 4408 2787 4465 habentes
2821 4411 3159 4483 religionem,
3188 4429 3532 4470 communem

1890 4513 1933 4566 ι)
1964 4512 2183 4568 quoque
2218 4499 2656 4554 benedictionem
2711 4502 3004 4558 sortituros
3044 4519 3189 4570 esse,
3226 4506 3402 4575 palam
3427 4514 3535 4561 est.

1961 4589 2066 4644 Sed
2097 4606 2196 4646 nec
2219 4592 2401 4647 minus
2433 4591 2529 4647 Dei
2555 4588 2816 4658 Verbum,
2843 4609 3001 4664 quem
3032 4594 3310 4651 Christum
3344 4596 3532 4666 appel-

1957 4681 2071 4736 lare
2109 4697 2210 4738 nos
2242 4683 2650 4750 consuevimus,
2691 4684 2801 4741 illis
2823 4687 3100 4758 cognitum
3148 4686 3319 4742 fuisse
3368 4701 3534 4756 quam

1955 4774 2139 4839 nobis,
2159 4790 2440 4831 sacrarum
2457 4775 2759 4831 litterarum
2787 4778 3096 4834 testimonio
3112 4788 3392 4833 ostensum
3409 4787 3494 4831 est
3513 4792 3526 4828 :

1956 4865 2159 4935 quippe
2188 4865 2281 4935 qui
2319 4865 2478 4937 longe
2518 4867 2876 4923 excellentius
2908 4868 2975 4921 ad
3013 4867 3161 4922 illius
3195 4876 3246 4920 et
3292 4864 3530 4919 manife-

1960 4963 2102 5013 stum
2133 4956 2446 5022 adventum,
2474 4964 2528 5013 et
2548 4957 2788 5012 divinam
2804 4958 3149 5029 praesentiam
3175 4956 3530 5023 cernendam,

1960 5049 2144 5105 idonei
2179 5048 2349 5105 habiti
2379 5054 2528 5106 sunt.
2559 5049 2699 5104 Audi
2740 5050 2923 5122 igitur,
2953 5056 3012 5103 ut
3042 5063 3238 5106 rursus
3267 5050 3385 5121 ipse
3417 5047 3536 5105 Mos

1964 5158 2074 5207 ses,
2097 5157 2221 5197 eum
2252 5143 2345 5214 qui
2376 5143 2567 5199 amicis
2594 5142 2689 5198 Dei
2721 5144 2959 5213 seipsum
2984 5142 3305 5211 ostenderit,
3331 5144 3535 5214 quique

257 5246 325 5298 tv
358 5241 444 5313 τῷ
472 5240 626 5313 τόπῳ
655 5238 869 5310 ἐκείνῳ,
900 5240 997 5294 καὶ
1042 5237 1372 5309 ἐνυπνιάσθη
1395 5253 1408 5269 ο
1450 5238 1543 5290 καὶ
1593 5236 1700 5290 ίδοὺ
1748 5234 1854 5291 xli-

1964 5234 2162 5291 iisdem
2204 5236 2427 5291 oracula
2465 5237 2700 5306 publicis
2743 5237 3112 5293 monumentis
3152 5236 3531 5293 commendata

339 5401 397 5433 "
436 5399 574 5454 Gen.
614 5412 726 5462 xtv,
765 5396 857 5453 22.
931 5396 978 5429 ⁸³
1017 5394 1154 5452 Ibid.
1216 5395 1304 5449 19.
1383 5395 1428 5428 ⁵³
1454 5393 1558 5450 Job
1597 5411 1636 5461 ι,
1679 5393 1769 5449 21.

337 5556 426 5628 (2)
457 5556 670 5612 Forsan
709 5555 763 5609 in
800 5552 1047 5628 eamdem
1097 5568 1219 5607 cum
1251 5553 1545 5628 Clemente,
1595 5548 1851 5628 Iustino,

252 5622 696 5697 Chi-vsostomo.
738 5625 1062 5697 sententiam
1106 5623 1355 5697 concedit
1389 5629 1598 5697 auctor,
1622 5622 1725 5697 _qu_i
1752 5622 1855 5676 ista

252 5693 407 5755 oliui
443 5697 729 5754 suilecisse
766 5695 1060 5749 credebant
1089 5695 1159 5748 ad
1202 5694 1454 5757 salutem,
1504 5693 1713 5748 Christi
1763 5707 1853 5746 co-

258 5770 544 5841 gnitione,
568 5768 664 5839 qui
690 5766 931 5822 nondum
948 5765 1281 5841 advenerat,
1307 5765 1531 5841 minime
1569 5762 1855 5841 requisita.

348 5841 430 5912 (ὅ)
458 5833 604 5897 Post'
622 5835 1015 5909 προσαγορεύει
1062 5835 1175 5889 hzec
1217 5850 1318 5890 ms.
1360 5833 1514 5888 addit
1550 5852 1565 5889 :
1607 5833 1861 5900 ἄντικρυς

1848 5394 1894 5427 ⁵⁸
1932 5393 2035 5451 Job
2075 5412 2153 5465 Ix,
2190 5392 2307 5454 5ος.

1959 5553 2223 5641 ιτεριστάς
2260 5557 2350 5641 ἐτι.
2372 5557 2501 5641 ei?
2544 5555 2639 5609 ἐπὶ
2657 5553 2897 5641 ,πάινῖων
2919 5554 3049 5641 θεὸς
3079 5545 3253 5641 sies
3274 5538 3531 5641 ἥγιΕέΞέ

1961 5622 2227 5710 δεύτερος.
2260 5622 2391 5708 Θεὸς
2424 5622 2522 5710 μὲν
2576 5625 2690 5710 καί,
2742 5627 3013 5709 Interpres
3044 5622 3527 5710 videtttrwlaii‘qttid

1963 5694 2228 5818 ejusnéodi
2251 5696 2325 5821 gn
2353 5694 2468 5754 suis
2496 5698 2780 5755 codicibus
2806 5694 3101 5752 invenisse.
3126 5694 3405 5749 Arianiaat
3429 5698 3527 5744 ωε

1965 5773 2073 5821 tetu
2153 5782 2246 5821 use
2288 5769 2389 5822 ius.
