4056 6418
509 386 581 442 47
1099 346 1111 363 ¹
1145 384 1415 442 EUSEBll
1449 348 1937 442 CESARIENSIS
1988 384 2138 442 OPP.
2179 383 2363 442 PARS
2400 385 2462 443 ll.
2504 417 2574 430 --
2612 384 3115 447 APOLOGETICA.
3683 391 3764 448 48

509 506 832 573 reddiderit,
877 506 1040 561 modo
1089 506 1280 571 Deum,
1332 523 1396 562 ac
1434 507 1745 573 Dominum,
1790 509 1953 563 modo
1987 509 2079 564 Dei

2191 508 2297 579 μαξ
2334 508 2699 581 ἐστηριγμένη
2732 510 2789 562 ἐν
2814 512 2880 580 τῇ
2929 512 3022 581 γῇ,
3054 505 3122 581 ἧς
3154 509 3189 579 ἡ
3234 505 3443 580 κεφαλὴ
3489 512 3776 577 ἀφικνεῖτο

510 601 764 671 angelum
810 600 1040 671 appellet
1080 619 1093 654 :
1139 600 1218 655 sic
1254 601 1489 670 «quidem
1543 601 1704 671 plane
1758 601 2079 666 declarans,

511 709 621 747 non
663 694 808 747 hunc
838 692 1007 749 fuisse
1058 693 1233 764 ipsum
1274 692 1513 759 Patrem,
1557 693 1654 749 sed
1699 694 1820 764 ejus
1864 692 2081 760 Filium,

512 785 605 856 qui
657 785 799 841 idem
856 794 911 842 et
955 784 1099 841 Deus
1159 802 1222 842 ac
1279 785 1542 842 Dominus
1596 786 1898 842 amicorum
1955 786 2078 852 Dei,

510 885 563 929 rt
636 876 875 946 supremi
955 874 1135 932 Patris
1204 877 1445 947 Angelus
1521 878 1629 932 dici
1700 878 2079 934 consueverit.

514 969 613 1039 ιι
648 968 786 1024 Dicit
810 969 977 1040 igitur
1011 970 1095 1026 his
1122 968 1234 1025 fere
1265 970 1447 1026 verbis
1476 990 1489 1027 :
1528 990 1548 1025 ι
1588 970 1651 1026 Ει
1677 971 1956 1042 profectus
1992 978 2084 1027 est

506 1058 677 1114 Iacob
703 1060 755 1114 in
782 1058 1023 1126 Charan,
1048 1061 1305 1133 venitque
1331 1062 1386 1116 in
1420 1062 1621 1128 locum,
1654 1072 1709 1119 ct
1747 1064 2003 1118 dormivit
2028 1065 2082 1119 in

507 1164 574 1204 eo
603 1168 616 1203 :
649 1150 927 1206 occiderat
955 1152 1098 1208 enim
1134 1153 1247 1217 sol,
1279 1161 1333 1208 et
1364 1155 1575 1225 accepit
1609 1155 1817 1226 lapides
1847 1156 1915 1209 de
1937 1157 2079 1220 loco,

506 1250 560 1294 et
591 1242 879 1311 supposuit
903 1242 1069 1314 capiti
1104 1258 1236 1307 suo,
1280 1253 1335 1298 et
1372 1242 1624 1299 dormivit
1654 1245 1708 1298 in
1740 1245 1860 1299 loco
1893 1245 2005 1312 illo,
2029 1255 2084 1303 et

506 1334 800 1388 somniavit
826 1354 839 1390 :
872 1345 925 1391 et
954 1351 1082 1392 ecce
1113 1338 1258 1392 scala
1295 1337 1398 1392 fixa
1422 1338 1594 1400 humi,
1628 1337 1785 1407 cujus
1812 1348 1979 1410 caput
2000 1348 2084 1394 at—

505 1424 748 1495 tingebat
790 1426 1011 1492 cmlum,
1039 1437 1095 1483 et
1137 1429 1314 1500 angeli
1346 1428 1440 1484 Dei
1476 1429 1843 1485 ascendebant
1887 1446 1952 1485 ac
1990 1430 2084 1487 de-

506 1519 839 1575 scendebant
876 1536 974 1591 per
1018 1521 1188 1589 illam,
1217 1531 1273 1579 et
1307 1523 1569 1580 Dominus
1599 1524 1820 1581 innixus
1846 1531 1962 1580 erat
1990 1525 2039 1580 ei
2064 1566 2079 1592 ,

482 1610 559 1669 et
587 1611 724 1667 dixit
754 1634 766 1668 :
801 1613 913 1686 Ego
934 1614 1197 1673 Dominus
1228 1614 1369 1672 Deus
1398 1617 1670 1674 Abraham
1701 1618 1869 1689 patris
1898 1618 1997 1682 tui,
2027 1625 2082 1674 et

505 1704 649 1763 Deus
679 1707 848 1773 Isaac,
896 1709 1006 1764 noli
1043 1711 1275 1777 timere,
1328 1721 1532 1768 terram
1587 1713 1728 1768 hanc
1784 1712 1839 1767 in
1882 1727 1990 1784 qua
2022 1721 2079 1766 tu

503 1797 747 1864 dormis,
811 1801 908 1855 tibi
960 1801 1102 1857 dabo
1152 1809 1208 1859 et
1259 1802 1453 1861 semini
1513 1813 1645 1858 tuo:
1677 1811 1731 1859 et
1754 1804 1863 1857 erit
1892 1819 2079 1859 semen

503 1901 681 1957 tuum,
708 1901 768 1947 ut
795 1908 959 1949 arena
987 1906 1149 1951 terra:
1175 1895 1242 1953 ⁸⁸.
1284 1913 1302 1947 ι
1333 1894 1545 1962 Quibus
1592 1896 1851 1968 deinceps
1883 1897 2078 1969 adjun-

505 1985 620 2053 git:
663 2002 680 2034 ι
724 1983 790 2037 Et
825 1985 1064 2039 surrexit
1092 1983 1262 2040 Jacob
1292 1999 1471 2048 mane,
1500 1992 1554 2041 et
1587 1986 1791 2055 accepit
1824 1986 2079 2056 lapidem,

504 2092 665 2146 quem
699 2084 1058 2147 supposuerat
1092 2076 1253 2147 capiti
1285 2091 1407 2140 suo,
1443 2084 1497 2132 et
1531 2060 1889 2133 erexitillum
1925 2076 1981 2131 in
2014 2076 2083 2131 ti-

504 2168 678 2222 tulum
697 2169 764 2225 ⁸⁷.
795 2188 813 2221 ι
846 2169 1103 2224 Oratione
1131 2168 1325 2225 deinde
1345 2183 1687 2241 progressus,
1708 2168 1854 2224 hunc
1879 2169 2079 2239 ipsum,

504 2259 596 2329 qui
631 2259 704 2313 illi
740 2274 798 2315 se
821 2260 1154 2327 ostenderat,
1185 2258 1353 2316 Deum
1385 2274 1448 2314 ac
1485 2258 1805 2323 Dominum,
1842 2258 1937 2315 Dei
1982 2275 2081 2314 an-

503 2352 682 2422 gelum
738 2354 1002 2408 nominat.
1054 2352 1323 2424 Loquitur
1350 2369 1479 2426 ergo
1531 2352 1728 2422 Jacob;
1783 2373 1802 2406 ι
1857 2362 1914 2409 et
1945 2355 2084 2412 dixit

504 2447 636 2500 mihi
667 2445 905 2516 Angelus
960 2444 1053 2501 Dei
1092 2446 1146 2500 in
1198 2448 1440 2503 somnis:
1475 2444 1687 2502 Iacob:
1737 2447 1847 2518 Ego
1901 2458 2081 2505 autem

504 2538 640 2601 dixi,
670 2536 811 2604 Quid
844 2544 929 2593 est
962 2537 1044 2591 "?
1082 2556 1101 2590 ι
1139 2536 1215 2592 Ac
1272 2538 1530 2607 deinceps
1561 2559 1574 2593 :
1617 2557 1636 2589 ι
1686 2537 1843 2603 Vidi,
1880 2539 2078 2611 inquit,

504 2631 686 2685 omnia
719 2645 1061 2702 quaecunque
1091 2629 1216 2686 fecit
1245 2629 1451 2686 Laban.
1499 2629 1611 2703 Ego
1637 2648 1757 2686 sum
1798 2632 1958 2697 Deus,
1987 2634 2081 2703 qui

503 2722 659 2779 visus
682 2738 802 2778 sum
825 2722 921 2777 tibi
955 2723 1009 2777 in
1039 2722 1160 2777 loco
1181 2721 1296 2783 Dei,
1318 2723 1408 2778 ubi
1440 2726 1644 2780 unxisti
1670 2722 1802 2779 mihi
1824 2726 2080 2797 lapidem,

500 2826 799 2886 votumque
834 2814 1026 2871 vovisti
1076 2816 1141 2868 δ’.
1180 2834 1199 2866 ι
1242 2813 1341 2870 Hic
1374 2831 1507 2871 sane
1555 2816 1731 2879 idem,
1772 2820 1866 2887 qui
1917 2820 2080 2874 etiam

499 2908 731 2964 Abrahae
759 2908 910 2963 visus
938 2916 1043 2969 est,
1080 2906 1224 2963 Deus
1252 2922 1315 2960 ac
1350 2906 1611 2961 Dominus
1646 2909 2083 2979 appellatur,qui

500 3017 599 3071 per
634 3000 913 3073 mysteria,
946 2998 1222 3053 hominem
1250 2997 1342 3053 Dei
1373 2998 1628 3065 amicum,
1664 2999 1749 3055 sui
1791 3001 1961 3071 patris
1989 3002 2081 3072 jus

499 3101 556 3148 et
580 3098 912 3163 potestatem
936 3089 1129 3156 docet,
1175 3105 1238 3144 ac
1268 3090 1527 3146 nonnulla
1556 3090 1774 3147 interim
1805 3095 1965 3164 quasi
2015 3091 2083 3149 de

2188 605 2268 667 είς
2299 601 2391 656 τὸν
2418 603 2664 675 οὐρανὸν,
2701 603 2796 655 καὶ
2825 603 2874 655 οί
2904 602 3123 671 ἄγγελοι
3166 601 3262 655 τοῦ
3294 600 3429 655 Θεοῦ
3481 603 3775 657 ἀνέϐαινον

2187 695 2280 749 καὶ
2311 695 2629 750 κατέϐαινον
2663 696 2749 748 ἐπ’
2775 696 2964 767 αὐτήν.
3004 695 3061 748 '0
3091 694 3149 748 δὲ
3174 693 3377 767 Κύριος
3401 696 3777 767 έπεστήρικτο

2187 787 2272 841 ἐπ’
2316 786 2505 857 αὐτῆς,
2534 785 2630 841 καὶ
2662 782 2811 840 εἶπεν
2830 803 2845 817 ο
2887 785 3027 856 Ἐγὼ
3052 786 3254 860 Κύριος
3288 788 3317 841 6
3341 786 3473 852 Θεὸς
3518 777 3777 860 ’Ᾱϐραὰμ

2186 877 2280 933 τοῦ
2311 879 2514 952 πατρός
2543 896 2660 943 σου,
2701 880 2794 933 καὶ
2838 879 2866 932 6
2909 878 3040 943 Θεὸς
3084 880 3269 934 Ἰσαάκ
3294 897 3309 912 ⁸
3363 880 3439 954 μὴ
3490 880 3679 950 φοϐοῦ,
3731 884 3772 954 ἡ

2186 970 2257 1040 γῆ
2298 971 2401 1040 ’ἐφ’
2429 965 2497 1042 ἧς
2528 972 2591 1025 σὺ
2616 970 2896 1035 καθεύδεις
2928 970 3014 1025 ἐπ’
3053 972 3248 1043 αὐτῆς,
3287 973 3370 1026 σοὶ
3405 972 3559 1027 δώσω
3596 972 3775 1047 αὐτὴν

2187 1062 2383 1134 καὶτῷ
2415 1062 2689 1136 σπέρματί
2722 1080 2846 1117 σουυ
2873 1065 2967 1118 καὶ
3002 1063 3155 1119 ἔσται
3179 1065 3238 1119 τὸ
3276 1064 3496 1138 σπέρμα
3551 1082 3645 1119 σου
3687 1065 3775 1129 ὡς

2185 1160 2218 1229 ἠ
2254 1158 2436 1229 ἄμμος
2460 1158 2558 1229 τῆς
2585 1157 2687 1229 γῆς
2713 1175 2726 1187 ·
2764 1175 2782 1208 ι
2809 1150 2891 1220 οἷς
2924 1156 3052 1227 ἑξῆς
3082 1156 3324 1226 ἐπιλέγει
3346 1173 3361 1189 ⁶
3396 1176 3415 1209 ι
3447 1157 3542 1211 καὶ
3564 1154 3772 1227 ἀνέστη

2198 1248 2390 1303 Ἰακὼϐ
2434 1249 2496 1303 τὸ
2544 1248 2709 1320 πρωῒ,
2755 1250 2848 1303 καὶ
2889 1247 3048 1302 ἐλαΰε
3095 1247 3186 1301 τὸν
3223 1247 3370 1302 λίθον
3414 1246 3473 1301 ὃν
3521 1247 3772 1321 ὑπέθηκε

2186 1342 2321 1414 πρὸς
2355 1340 2595 1412 κεφαλῆς
2640 1339 2828 1404 αὐτοῦ,
2861 1338 2954 1391 καὶ
3000 1335 3227 1408 ἔστησεν
3278 1337 3441 1392 αὐτὸν
3487 1337 3705 1410 στήλην.
3739 1357 3765 1392 ι

2186 1430 2316 1487 Εἶτα
2366 1432 2510 1505 πρωϊ
2559 1432 2720 1486 αὐτὸν
2763 1432 2829 1502 δὴ
2882 1429 3069 1483 τοῦτον
3114 1429 3204 1483 τὸν
3242 1429 3573 1499 ἐπιφανέντα
3614 1428 3775 1501 αὐτῷ

2184 1524 2315 1578 Θεὸν
2344 1525 2437 1578 καὶ
2485 1523 2709 1595 Κύριον,
2738 1521 2966 1591 ἄγγελον
2994 1520 3247 1593 ὀνομάζει
3280 1520 3437 1575 Θεοῦ.
3475 1522 3612 1594 Φησὶ
3632 1521 3773 1591 γοῦν

2183 1620 2212 1672 6
2253 1617 2445 1671 Ἰακώὸ
2467 1634 2480 1647 ·
2517 1634 2538 1669 ‹
2578 1617 2685 1671 Kal.
2714 1613 2835 1670 εἷπέ
2883 1634 2971 1688 μοι
3002 1618 3030 1669 6
3060 1614 3286 1684 ἄγγελος
3329 1613 3422 1668 τοῦ
3478 1614 3612 1668 Θεοῦ
3641 1613 3771 1668 καθ’

2185 1708 2378 1762 ὕπνον*
2427 1706 2640 1762 Ἰακώϐ.
2682 1707 2823 1776 Ἐγὼ
2852 1702 3051 1760 δὲξεῖπα
3075 1722 3088 1736 ·
3121 1705 3185 1758 Τί
3216 1707 3362 1758 ἐστιν
3386 1722 3400 1769 ;
3428 1724 3445 1755 ι
3479 1705 3589 1759 Καὶ
3615 1705 3771 1775 ἑξῆς,

2191 1820 2208 1852 ι
2250 1800 2519 1873 Ἑώρακα,
2554 1801 2709 1871 φησὶ,
2751 1799 2927 1853 πάντα
2950 1799 3049 1852 ὅσα
3082 1797 3267 1851 Λάόαν
3308 1799 3453 1851 ποιεῖ
3485 1814 3586 1850 σοι.
3621 1794 3774 1864 Ἐγώ

2184 1880 2300 1965 είμί
2323 1895 2353 1946 6
2375 1894 2506 1957 Θεὸς
2528 1896 2554 1947 6
2574 1893 2759 1963 ὀφθείς
2787 1910 2868 1946 σοι
2886 1893 2943 1945 ὲν
2974 1892 3127 1964 τόπῳ
3155 1890 3315 1956 Θεοῦ,
3339 1886 3399 1946 οῦ
3421 1890 3646 1963 ῆλειψάς
3672 1907 3773 1961 μοι

2185 1987 2302 2039 ἐκεῖ
2334 1986 2554 2058 στήλην,
2584 1988 2678 2041 καὶ
2712 1985 2863 2058 ηὔξω
2894 2002 2984 2058 μοι
3030 1986 3147 2039 ἐκεῖ
3173 1985 3360 2057 εὐχήν.
3392 2003 3409 2035 ι
3452 1986 3512 2038 Ὀ
3533 1984 3575 2037 δ’
3601 1983 3773 2046 αὐτὸς

2183 2070 2358 2142 οὗτος,
2400 2079 2493 2131 καὶ
2526 2076 2605 2150 τῷ
2650 2078 2898 2150 Ἀϐραάμ
2938 2077 3301 2150 παραφανεὶς,
3336 2074 3469 2140 Θεὸς
3512 2076 3605 2129 καὶ
3649 2074 3775 2129 Κύ-

2188 2189 2300 2244 ριος
2332 2172 2711 2245 ἀνηγόρευται,
2751 2171 3127 2243 μυσταγωγῶν
3149 2170 3240 2224 τὸν
3272 2170 3491 2241 θεοφιλῆ
3516 2169 3609 2233 τὰς
3634 2170 3775 2240 περὶ

2183 2263 2277 2318 τοῦ
2312 2263 2517 2335 πατρὸς
2547 2263 2850 2329 αὑθεντίας,
2876 2264 2970 2319 καί
2990 2281 3114 2318 τινα
3141 2264 3215 2328 ῶς
3255 2264 3382 2336 περὶ
3414 2262 3599 2336 ἐτέρου
3625 2262 3774 2316 Θεοῦ

2183 2358 2469 2421 διδάσκων,
2504 2357 2540 2412 ἃ
2575 2358 2670 2412 καὶ
2714 2356 2857 2412 κατά
2899 2356 3089 2429 καιρὸν
3131 2355 3561 2428 ἐπισκεψόμεθα.
3605 2355 3778 2408 ’Δλλὰ

2184 2452 2279 2505 καὶ
2305 2451 2382 2523 τῷ
2420 2450 2536 2504 Ἰὼϐ
2560 2451 2748 2505 οὐδένα
2776 2451 2808 2523 ἢ
2841 2450 3029 2504 τοῦτον
3060 2444 3199 2503 εἶναι
3229 2450 3320 2503 τὸν
3345 2446 3778 2521 χρηματίσαντα

2186 2542 2326 2616 μετά
2351 2544 2449 2615 τὴν
2497 2542 2745 2614 αὐτάρκη
2773 2542 3189 2614 διαγυμνασίαν,
3215 2542 3276 2595 οὐ
3320 2542 3537 2613 θεμιτὸν
3568 2542 3772 2596 εἰπεῖν.

2185 2637 2457 2709 Πρότερον
2485 2636 2584 2708 μὲν
2617 2636 2725 2709 γὰρ
2756 2635 2844 2689 διὰ
2870 2635 3132 2701 ,λαίλαπος
3159 2636 3253 2689 καὶ
3280 2635 3457 2704 νεφῶν
3479 2634 3777 2704 ἐπιφανεὶς

2184 2729 2358 2801 αὐτῷ,
2385 2730 2475 2783 τὸν
2517 2728 2654 2782 ὅλων
2682 2728 2814 2783 Θεὸν
2845 2729 3036 2783 ἑαυτὸν
3076 2728 3205 2783 ὄντα
3235 2729 3476 2800 παρίστη
3498 2745 3515 2759 ’
3561 2726 3775 2797 προῖὼν

2183 2820 2239 2875 δὲ
2282 2820 2411 2891 ἐξῆς
2450 2816 2642 2874 ἑαυτὸν
2689 2819 3044 2883 ἐπιδείκνυσι,
3089 2819 3229 2873 ὥστε
3268 2818 3434 2887 φάναι
3467 2819 3557 2872 τὸν
3599 2816 3720 2871 Ἰὼϐ
3754 2836 3769 2848 ·

2189 2930 2207 2962 ι
2248 2911 2512 2964 ’Ἄκουσον
2542 2910 2601 2964 δέ
2625 2928 2748 2982 μου,
2776 2910 2973 2983 Κύριε,
3006 2911 3094 2965 ἵνα
3123 2910 3278 2980 κάγὼ
3300 2910 3536 2982 λαλήσω.
3572 2910 3777 2982 Ἀκοὴν

2184 3004 2285 3076 μὲν
2308 3003 2492 3074 φωνῆς
2524 3003 2720 3074 ἤκουόν
2750 3020 2843 3056 σου
2873 3006 2935 3056 τὸ
2970 3004 3252 3076 πρότερον,
3278 3006 3395 3057 vovi.
3424 3005 3481 3058 δὲ
3509 3004 3537 3057 6
3566 3002 3778 3074 ὀφθαλ-

2182 3095 2289 3167 μός
2319 3112 2421 3167 μου
2454 3093 2665 3166 ἑώρακέ
2703 3112 2781 3149 σε.
2815 3114 2833 3146 ι
2863 3096 2925 3148 Εί
2959 3094 3015 3148 δὲ
3050 3095 3124 3166 μὴ
3152 3092 3262 3149 οἷόν
3292 3113 3350 3149 τε
3386 3095 3478 3149 τὸν
3508 3095 3779 3150 ἐπέκεινα

501 3186 610 3240 alio
635 3185 871 3257 quodam
901 3182 1088 3251 refert,
1106 3200 1227 3255 qua:
1258 3200 1391 3242 sane
1420 3200 1522 3243 nos
1550 3202 1652 3242 suo
1681 3184 1805 3241 loco
1828 3186 2079 3244 conside-

2184 3188 2336 3254 Θεὸν,
2378 3188 2469 3242 τὸν
2519 3187 2750 3259 ἀόρατον
2780 3187 2874 3241 καὶ
2915 3186 3226 3258 ἀγέννητον,
3277 3188 3370 3241 καὶ
3419 3185 3778 3258 παμϐασιλέα

500 3277 768 3333 rabimus.
825 3276 969 3344 Quin
1013 3278 1176 3332 etiam
1214 3292 1375 3343 eum,
1428 3278 1521 3349 qui
1574 3286 1689 3333 tum
1720 3278 1941 3334 demum
1974 3278 2079 3350 ipsi

499 3366 623 3434 Job,
650 3377 779 3441 post
830 3368 966 3425 satis
1013 3369 1228 3438 longam
1268 3371 1715 3427 exercitationem
1760 3371 2075 3442 respondit,

498 3462 668 3517 alium
699 3470 896 3534 praeter
920 3463 1066 3517 hunc
1095 3462 1281 3521 dicere
1302 3462 1478 3521 nefas.
1504 3463 1640 3518 Nam
1671 3466 1764 3535 qui
1799 3473 1979 3528 antea,
2011 3465 2080 3521 de

498 3555 740 3621 turbine,
768 3565 823 3610 et
867 3554 1105 3611 nubibus
1151 3554 1229 3609 illi
1274 3570 1335 3611 se
1367 3554 1711 3619 ostenderat,
1749 3555 1919 3610 Deum
1953 3554 2079 3609 uni-

500 3645 646 3703 versi
674 3662 732 3704 se
773 3660 894 3702 esse
936 3644 1232 3703 indicabat.
1286 3644 1462 3701 Porro
1494 3652 1676 3700 autem
1712 3660 2035 3716 progressus
2058 3683 2076 3709 ,

499 3740 574 3796 ita
605 3741 843 3813 seipsum
875 3741 1081 3812 prabet
1120 3739 1433 3807 videndum,
1463 3748 1523 3795 ut
1572 3739 1690 3810 ipse
1717 3737 1821 3794 Job
1850 3747 1963 3793 tum
1995 3736 2079 3791 di—

500 3843 590 3890 cat
621 3853 636 3891 :
675 3855 694 3889 ι
741 3835 880 3891 Audi
910 3852 1019 3903 me,
1051 3833 1301 3899 Domine,
1331 3842 1393 3889 ιιι
1424 3835 1585 3890 etiam
1601 3847 1700 3904 ego
1731 3832 1941 3903 loquar.
1976 3830 2080 3885 So-

499 3928 676 3984 nilum
706 3928 924 3998 quidem
961 3929 1111 3983 vocis
1151 3935 1263 3983 tuae
1293 3926 1474 3982 audivi
1506 3926 1679 3997 prius,
1714 3941 1861 3981 nunc
1895 3934 2077 3980 autem

499 4019 694 4075 oculus
722 4034 878 4075 meus
907 4019 1042 4074 vidit
1097 4026 1151 4075 te
1177 4020 1245 4075 “.
1301 4037 1321 4071 ι
1359 4016 1516 4085 Quod
1561 4018 1608 4075 si
1658 4017 1773 4074 fieri
1812 4034 1919 4073 non
1980 4034 2078 4089 po-

499 4119 627 4179 test,
661 4120 723 4167 ut
754 4111 1056 4169 altissimus
1102 4111 1247 4169 Deus
1288 4112 1577 4168 invisibilis
1610 4118 1665 4166 et
1697 4112 1992 4183 ingenitus.
2023 4120 2079 4168 et

497 4220 599 4264 rex
627 4206 872 4263 universi
897 4221 928 4261 a
959 4206 1176 4262 mortali
1210 4214 1406 4261 natura
1450 4213 1709 4263 cernatur
1730 4246 1745 4272 ,
1803 4207 1925 4276 quis
1956 4212 2078 4259 tan-

499 4298 623 4355 dem
650 4298 761 4367 hic,
801 4298 894 4370 qui
918 4299 1003 4355 sic
1036 4300 1188 4355 visus
1219 4308 1322 4364 est,
1356 4299 1496 4355 alius
1520 4298 1682 4355 fuerit
1707 4338 1722 4364 ,
1760 4308 1957 4370 praeter
1980 4297 2077 4354 Dei

497 4388 763 4456 Verbum,
794 4388 940 4460 quod
975 4389 1217 4460 seipsum
1251 4388 1319 4443 ad
1365 4397 1579 4459 tempus
1612 4387 1681 4443 de
1707 4386 1929 4459 propria
1958 4400 2077 4440 ma-

498 4480 785 4554 gnitudine
815 4480 1119 4547 demiserit,
1154 4487 1214 4536 ut
1239 4479 1368 4535 alibi
1396 4494 1613 4551 quoque
1644 4479 1938 4535 dicendum
1959 4479 2075 4535 est?

2181 3280 2291 3335 τῶν
2320 3282 2483 3346 ὅλων,
2508 3281 2675 3353 θνητῇ
2714 3281 2879 3349 φάναι
2923 3280 3244 3353 θεωρεῖσθαι
3278 3280 3458 3350 φύσει,
3503 3280 3587 3344 τίς
3630 3278 3695 3334 ἂν
3743 3283 3777 3334 6

2181 3374 2507 3447 δηλούμενος
2551 3374 2637 3444 εἴη
2668 3374 2808 3446 πλὴν
2839 3373 2935 3427 τοῦ
2968 3374 3103 3447 πρὸς
3149 3373 3307 3445 ἡμῶν
3348 3373 3494 3427 κατὰ
3537 3372 3627 3426 τὸν
3660 3390 3777 3426 πα-

2181 3470 2316 3539 τέρα
2385 3468 2874 3540 κυριολογουμένου
2935 3467 3073 3521 Θεοῦ
3123 3468 3337 3536 Λόγου;
3399 3467 3510 3520 Καὶ
3561 3466 3615 3519 τί
3681 3465 3778 3520 δεῖ

2183 3562 2405 3616 πλείονα
2447 3563 2576 3634 περὶ
2619 3561 2808 3615 τούτου
2842 3563 3188 3629 συναγαγεῖν,
3220 3558 3394 3630 παρὸν
3442 3558 3507 3610 ὲκ
3535 3557 3643 3610 τῶν
3684 3558 3772 3609 ls-

2184 3655 2295 3725 ρῶν
2329 3652 2526 3723 βίϐλων
2574 3654 2673 3718 τὰς
2716 3652 2920 3706 τούτων
2961 3652 3249 3715 συστάσεις
3289 3650 3622 3722 λαμϐάνειν;
3667 3648 3774 3713 “Ac

2182 3747 2277 3801 καὶ
2309 3746 2464 3800 αὐτοὶ
2502 3746 2643 3800 κατά
2672 3745 2769 3817 τὴν
2815 3746 3181 3817 προκειμένην
3214 3742 3466 3797 ὑπόθεσιν
3511 3740 3604 3796 ἐπὶ
3639 3758 3774 3813 σχο-

2175 3839 2280 3911 λῆς
2303 3839 2694 3911 ἀναλεξόμεθα,
2728 3842 2809 3904 είς
2835 3837 3108 3904 ἀπόδειξιν
3137 3836 3232 3917 τοῦ
3262 3836 3394 3908 μηδέ
3420 3836 3576 3890 ἄλλον
3607 3834 3640 3908 ἢ
3672 3834 3776 3890 τὸν

2179 3931 2274 3985 τοῦ
2296 3931 2432 3985 Θεοῦ
2459 3932 2629 4001 Λόγον
2655 3927 2790 3985 εἶναι
2824 3932 2914 3985 τὸν
2939 3933 3051 3995 τοῖς
3080 3928 3349 3999 θεοφιλέσι
3390 3927 3774 4000 προπάτορσιν

2182 4022 2509 4095 ἑωραμένον.
2546 4023 2757 4077 Οὐκοῦν
2787 4022 2926 4095 μετά
2951 4022 3050 4095 τὴν
3091 4023 3220 4095 περὶ
3243 4020 3337 4075 τοῦ
3367 4020 3474 4074 τῶν
3505 4020 3639 4075 ὅλων
3668 4019 3777 4092 δη-

2184 4116 2448 4189 μιουργοῦ
2477 4116 2748 4189 διάληψιν,
2792 4115 2887 4171 καὶ
2909 4116 2978 4171 τὰ
3012 4116 3137 4188 περὶ
3169 4113 3261 4169 τοῦ
3298 4112 3536 4186 Χριστοῦ
3572 4111 3773 4178 κοινῶς

2179 4210 2312 4280 ἡμῖν
2343 4228 2403 4264 τε
2435 4210 2706 4275 κάκείνοις
2733 4209 3111 4282 παραδέδοται.
3146 4206 3337 4261 Ἔνθεν
3365 4207 3461 4260 καὶ
3495 4204 3773 4277 Χριστοὺς

2180 4300 2379 4364 αὐτοὺς
2427 4300 2493 4372 δὴ
2569 4299 2813 4363 ἐκείνους
2857 4298 2983 4362 τοὺς
3030 4297 3137 4370 πρὸ
3182 4294 3425 4359 Μωσέως
3476 4294 3770 4363 θεοφιλεῖς,

2180 4390 2464 4464 ὼσπεροῦν
2523 4392 2672 4462 ἡμᾶς
2712 4391 3093 4461 Χριστιανοὺς,
3143 4388 3325 4460 εὕροις
3385 4386 3451 4440 ἂν
3489 4383 3772 4455 κεκλημέ-

2180 4501 2326 4547 νους.
2358 4482 2468 4536 Καὶ
2494 4481 2653 4535 τοῦτο
2692 4481 2748 4535 δὲ
2784 4480 3118 4547 ἐπάκουσον,
3155 4479 3232 4543 ῶς
3265 4494 3398 4549 φησι
3426 4476 3554 4548 περὶ
3584 4473 3774 4530 αὐτῶν

497 4573 766 4629 Caeterum
795 4572 925 4644 quid
967 4572 1122 4643 plura
1164 4572 1233 4626 de
1261 4571 1450 4627 eadem
1492 4586 1553 4627 re
1597 4570 1653 4625 in
1702 4569 1849 4624 hunc
1896 4569 2078 4624 locum

2184 4575 2239 4629 ἐν
2262 4573 2509 4645 Ψαλμοῖς
2534 4572 2594 4626 τὸ
2614 4572 2795 4642 λόγιον
2822 4589 2834 4602 ’
2867 4591 2887 4624 ι
2932 4572 3021 4625 Ἐν
3050 4570 3128 4643 τῷ
3159 4566 3296 4625 εἶναι
3324 4569 3517 4632 αὐτοὺς
3541 4564 3772 4640 ἀριθμῷ

499 4677 793 4735 congerere
819 4677 958 4736 opus
982 4671 1085 4727 est,
1109 4677 1233 4718 cum
1264 4662 1457 4717 harum
1503 4674 1683 4717 rerum
1710 4658 2084 4716 confirmatio-

499 4769 601 4811 nes
633 4770 664 4811 e
692 4755 867 4812 sacris
893 4754 1049 4810 libris
1079 4754 1329 4827 accipere
1356 4752 1498 4808 haud
1525 4751 1742 4808 ditlicile
1792 4752 1905 4808 sit?
1933 4750 2082 4818 Quas

500 4845 691 4916 utique
721 4847 888 4904 etiam
932 4861 1035 4903 nos
1082 4847 1138 4902 in
1168 4846 1395 4902 materia
1439 4846 1718 4917 proposita
1766 4859 1866 4916 per
1910 4844 2081 4899 otium

501 4937 785 4995 collecturi
838 4954 1073 5004 sumus,
1130 4947 1193 4995 ut
1250 4938 1602 4996 ostendamus
1651 4939 1860 4993 nullum
1916 4937 2082 4992 alium

501 5029 675 5085 fuisse
705 5031 812 5088 nisi
840 5031 934 5088 Dei
954 5031 1221 5100 Verbum,
1248 5033 1340 5105 qui
1373 5033 1441 5090 ab
1484 5031 1725 5103 antiquis
1754 5029 1848 5087 Dei
1883 5029 2077 5085 amicis

504 5120 758 5189 patribus
786 5130 871 5177 est
899 5122 1071 5180 visus.
1099 5122 1284 5195 Itaque
1307 5130 1429 5205 pqst
1475 5136 1658 5178 rerum
1688 5120 1935 5176 omnium
1956 5119 2075 5189 opi-

504 5210 623 5267 ficis
653 5226 873 5277 nomen,
911 5214 1015 5285 12
1048 5215 1210 5270 etiam
1243 5230 1306 5270 ea
1338 5228 1461 5285 qua:
1489 5213 1556 5267 ad
1582 5211 1860 5270 Christum
1908 5210 2081 5281 perti~

503 5312 655 5369 nent,
679 5320 833 5377 teque
855 5309 1035 5375 nobis,
1060 5316 1223 5380 atque
1268 5308 1376 5364 illis
1396 5348 1411 5372 ,
1452 5306 1837 5376 communique
1862 5305 2077 5360 ratione

505 5396 722 5469 prodita
758 5408 909 5456 sunt.
964 5399 1135 5469 Quam
1167 5402 1239 5458 ob
1266 5417 1379 5459 rem
1422 5400 1661 5456 christos
1715 5413 1933 5469 quoque
1983 5412 2078 5453 eos

2185 4665 2425 4739 βραχεῖς,
2459 4664 2768 4734 ὀλιγοστοὺς
2790 4664 2884 4718 καὶ
2913 4662 3209 4735 παροίκους
3233 4664 3292 4716 ἐν
3315 4662 3474 4733 αὐτῇ,
3501 4659 3595 4714 καὶ
3624 4658 3773 4727 διῆλο

2186 4752 2278 4806 θον
2307 4751 2367 4819 ἐξ
2412 4750 2597 4817 ἔθνους
2624 4753 2703 4817 είς
2746 4752 2918 4816 ἔθνος,
2954 4753 3050 4806 καὶ
3102 4752 3167 4804 ἐκ
3201 4749 3475 4821 βασιλείας
3523 4749 3603 4812 εἰς
3634 4746 3769 4801 λαδν

2183 4842 2390 4915 ἕτερον,
2424 4844 2525 4897 οὐκ
2553 4843 2763 4914 ἀφῆκεν
2793 4843 3079 4916 ἄνθρωπον
3124 4842 3379 4913 ἀδικῆσαι
3411 4841 3629 4904 αὐτοὺς,
3666 4839 3771 4894 καὶ

2184 4935 2407 5007 ἤλεγξεν
2450 4934 2591 5007 ὑπὲρ
2623 4933 2803 4990 αὐτῶν
2847 4935 3105 5006 βασιλεῖς,
3135 4934 3308 5004 λέγων
3333 4950 3347 4965 ο
3389 4933 3480 5005 Μὴ
3524 4932 3769 4987 ἅπτεσθε

2183 5026 2291 5081 τῶν
2317 5028 2567 5098 Χριστῶν
2596 5045 2716 5100 μου,
2749 5027 2843 5081 καὶ
2868 5030 2926 5081 ἐν
2957 5032 3069 5092 τοῖς
3095 5028 3398 5099 προφήταις
3432 5043 3531 5097 μου
3567 5026 3641 5097 μὴ
3666 5043 3773 5080 πο-

2183 5119 2498 5192 νηρεύεσθε.
2550 5140 2568 5173 ι
2617 5119 2800 5174 Ταῦτα
2827 5119 2935 5192 γὰρ
2975 5119 3066 5173 ἐπὶ
3092 5118 3186 5173 τοῦ
3230 5119 3499 5191 Ἀϐραὰμ,
3544 5118 3643 5185 καὶ
3663 5116 3769 5171 τοῦ

2192 5212 2394 5277 Ἰσαὰκ,
2419 5214 2514 5268 καὶ
2542 5214 2633 5269 τοῦ
2667 5214 2862 5268 Ἰακὼὸ
2890 5214 3233 5288 ἀνειρῆσθαι,
3259 5215 3293 5285 ή
3314 5215 3461 5267 πᾶσα
3487 5212 3772 5283 σύμφασις

2182 5304 2278 5359 τοῦ
2310 5305 2469 5376 λόγου
2497 5307 2844 5380 παρίστησιν.
2878 5308 3040 5361 Ὥστε
3085 5307 3179 5361 καὶ
3228 5307 3329 5378 τῆς
3377 5304 3469 5360 τοῦ
3521 5303 3774 5376 Χριστοῦ

2181 5399 2552 5471 προσηγορίας
2571 5402 2705 5471 ἡμῖν
2733 5399 2932 5471 ὁμοίως
2963 5399 3299 5455 ἐκοινώνουν.

507 5492 657 5563 ipsos
699 5497 793 5566 qui
852 5505 979 5553 ante
1029 5496 1233 5555 Mosem
1284 5497 1445 5552 amici
1496 5495 1900 5566 familiaresque
1964 5492 2061 5550 Dei
2110 5493 2352 5560 fuerunt,
2409 5496 2554 5551 sicut
2577 5510 2676 5553 nos
2720 5496 3084 5560 Christianos,
3129 5495 3427 5567 appellatos
3476 5492 3768 5558 invenies,

507 5593 602 5651 sed
638 5595 787 5663 audi,
823 5610 1028 5667 quarso,
1058 5595 1186 5667 quid
1219 5594 1286 5650 de
1333 5596 1440 5651 illis
1469 5593 1751 5651 oraculum
1779 5593 1835 5648 in
1860 5590 2095 5649 Psalmis
2122 5590 2305 5648 dicat:
2346 5609 2365 5644 ι
2405 5592 2543 5647 Cum
2596 5604 2779 5648 essent
2832 5606 3061 5648 numero
3109 5591 3321 5659 breves,
3350 5587 3663 5662 paucissimi
3708 5596 3774 5643 et

505 5691 701 5749 incola:
736 5691 788 5746 in
822 5706 905 5756 ea,
934 5700 985 5745 et
1021 5687 1356 5744 transierunt
1387 5686 1453 5742 de
1482 5694 1640 5759 gente
1682 5686 1738 5740 in
1765 5692 2003 5757 gentem,
2031 5689 2087 5737 et
2119 5682 2186 5738 de
2233 5697 2400 5754 regno
2446 5683 2503 5737 in
2562 5683 2820 5754 populum
2855 5683 3121 5748 alterum,
3166 5696 3276 5736 non
3328 5679 3538 5736 dimisit
3584 5676 3775 5735 homi-

464 5916 473 5927 .
581 5875 629 5909 ⁸⁸
669 5874 803 5931 Gen.
845 5887 1041 5949 xxviii,
1088 5871 1274 5928 ιο-ιι.
1356 5871 1400 5905 ⁵⁷
1444 5870 1580 5930 Ibid.
1623 5870 1710 5929 18.
1742 5870 1833 5956 ’,⁸⁸
1872 5869 1986 5927 Gen
2046 5888 2079 5926 x

2200 5912 2214 5939 ,
2260 5847 2344 5927 ιιῖ
2424 5874 2468 5908 ιο
2510 5871 2642 5930 Ibid.
2690 5869 2888 5939 12,15.
2968 5868 3013 5902 ιο
3044 5867 3146 5924 Job
3206 5881 3340 5932 χιιι,
3377 5864 3432 5932 4,
3474 5828 3555 5922 ε.
