3978 6414
2344 229 2402 240 ..ο

587 355 650 414 5!
1222 354 1493 412 EUSEBII
1524 353 2011 413 CESARIENSIS
2049 355 2199 412 OPP.
2232 354 2413 411 PARS
2441 355 2506 415 ll.
2544 388 2613 398 —-
2640 353 3152 429 ΔΡΟΙιΟϐΕἹῚϐΑ.⁸
3707 360 3771 428 '52

585 476 746 545 gibus
780 475 955 543 posita
986 476 1109 526 sunt
1146 467 1281 535 Dei,
1310 478 1438 526 ante
1470 469 1636 526 Mosis
1666 470 2136 528 constitutionem,

2257 471 2401 544 ματά
2429 490 2551 543 μου,
2585 473 2680 527 καὶ
2702 474 2771 529 τὰ
2812 473 3022 546 νόμιμά
3070 492 3193 545 μου.
3244 492 3263 526 ι
3293 470 3400 530 Ἦν
3431 478 3534 551 γὰρ
3570 483 3653 536 καὶ⁸
3687 490 3773 558 πρὸ

586 564 902 622 servaverit.
934 561 1077 617 Dicit
1107 561 1272 633 igitur
1305 562 1373 617 ad
1401 563 1574 626 Isaac,
1607 563 1653 619 is
1684 562 1776 632 qui
1807 564 2028 617 oracula
2063 562 2155 617 illa

582 657 845 714 reddebat
876 653 1022 709 Deus
1050 673 1062 708 :
1096 673 1116 706 ι
1148 653 1211 706 Et
1252 654 1393 709 dabo
1435 654 1629 713 semini
1669 662 1764 708 tuo
1792 669 2010 710 omnem
2044 661 2155 709 ter-

579 763 699 805 ram
742 749 918 812 hanc,
950 754 1004 802 et
1032 746 1429 802 benedicentur
1470 747 1525 802 in
1572 748 1791 825 semine
1818 755 1914 804 tuo
1960 763 2153 809 omnes

577 848 770 913 gentes
819 845 995 904 terrm,
1045 852 1111 893 eo
1160 837 1306 908 quod
1357 837 1624 893 obedierit
1670 838 1944 893 Abraham
1999 847 2155 909 pater

579 938 711 986 tuus
740 929 862 984 voci
900 944 1061 995 mete,
1096 934 1149 984 et
1177 927 1501 983 custodierit
1526 935 1795 998 prmcepta
1820 936 1872 982 ct
1896 927 2153 989 mandata

577 1036 732 1086 mea,
763 1028 818 1075 et
844 1019 1196 1077 caeremonias
1218 1034 1389 1084 meas,
1415 1027 1468 1074 et
1494 1035 1613 1090 quze
1644 1020 1699 1073 in
1728 1019 1941 1091 legibus
1970 1020 2150 1092 posita

576 1102 708 1174 sunt
730 1115 795 1169 “.
828 1112 1035 1168 iErant
1066 1113 1211 1169 enim
1242 1113 1404 1168 etiam
1435 1119 1562 1167 ante
1591 1111 1756 1168 Mosis
1792 1112 1963 1183 legem
1997 1119 2151 1167 m‘an-

578 1206 705 1264 data
733 1204 830 1263 Dei
861 1207 966 1260 alia
993 1214 1047 1262 et
1076 1205 1445 1269 caeremoniae,
1476 1220 1583 1259 non
1614 1205 1815 1261 similia
1864 1204 1932 1260 iis
1971 1220 2090 1283 quze
2117 1220 2150 1260 a

574 1298 728 1355 Mose
760 1297 961 1352 tradita
992 1302 1143 1360 sunt,
1178 1298 1434 1367 legesque
1460 1296 1599 1358 aliae,
1631 1310 1695 1349 ac
1731 1303 2003 1365 praecepta
2036 1296 2147 1351 Do-

572 1391 747 1457 mini,
782 1406 877 1461 per
907 1405 1027 1461 qua:
1058 1389 1137 1443 illi
1160 1388 1431 1459 justitiam
1460 1386 1637 1458 adepti
1674 1396 1822 1443 sunt.
1856 1384 2028 1441 Porro
2058 1402 2150 1441 au-

570 1492 680 1538 tem
709 1482 855 1554 quod
885 1498 997 1537 non
1027 1481 1215 1537 eadem
1246 1488 1432 1537 essent
1459 1495 1583 1534 cum
1621 1478 1687 1533 iis
1708 1518 1722 1541 ,
1754 1493 1875 1549 quae
1906 1492 2002 1548 per
2032 1477 2147 1532 lio-

572 1591 691 1633 sem
738 1576 795 1630 in
843 1574 1055 1645 legibus
1084 1572 1263 1644 posita
1292 1580 1454 1638 sunt,
1488 1571 1666 1641 Moses
1704 1571 1820 1642 ipse
1855 1571 2146 1643 perspicue

574 1668 952 1730 demonstrat,
985 1666 1077 1721 ubi
1110 1666 1186 1720 ait
1231 1666 1299 1721 ad
1345 1656 1647 1737 populum':
1679 1684 1698 1716 ‹
1729 1666 1909 1730 Audi,
1944 1665 2159 1733 lsrael,‘

564 1760 1029 1832 justilicationes,
1061 1768 1115 1816 et
1140 1759 1382 1829 judicia,
1419 1774 1763 1839 quacunque
1807 1774 1907 1831 ego
1947 1760 2145 1829 loquor

567 1853 624 1906 in
659 1851 886 1907 auribus
914 1850 1118 1911 vestris
1153 1850 1207 1904 in
1237 1850 1324 1904 die
1350 1848 1475 1913 hac,
1506 1855 1561 1904 et
1588 1848 1816 1904 discetis
1840 1864 1925 1914 ea,
1952 1858 2006 1904 et
2034 1867 2145 1906 ser-

568 1945 799 2011 vabitis,
838 1952 898 2000 ut
929 1960 993 2000 ea
1024 1942 1264 1998 faciatis.
1307 1941 1570 1998 Dominus
1604 1940 1749 1999 Deus
1797 1950 1974 1998 vester
2016 1958 2145 1997 con-

567 2036 707 2091 didit
737 2036 895 2099 vobis
927 2035 981 2089 in
1015 2035 1232 2098 Choreb
1260 2043 1669 2100 testamentum,
1704 2035 2024 2106 neutiquam
2054 2050 2145 2104 pa-

564 2127 745 2183 tribus
775 2129 978 2183 vestris
1006 2127 1252 2181 condidit
1284 2126 1550 2182 Dominus
1580 2134 1971 2193 testamentum
2000 2128 2103 2182 hoc
2123 2167 2139 2190 ,

568 2218 675 2292 14
704 2220 801 2275 sed
833 2219 991 2279 vobis
1017 2219 1084 2275 θ’.
1120 2239 1138 2273 ι
1167 2219 1233 2275 Ει
1262 2236 1394 2276 sane
1434 2226 1620 2291 specta
1648 2261 1661 2284 ,
1705 2228 1765 2277 ut
1806 2222 1963 2290 plane
2007 2221 2140 2274 dicit

564 2309 977 2375 Testamentum
1006 2309 1111 2365 hoc
1136 2350 1149 2374 ,
1181 2318 1470 2382 propterea
1506 2311 1649 2381 quod
1687 2327 1794 2365 non
1831 2312 1973 2366 idem
2006 2312 2139 2367 illud

562 2406 813 2475 patribus
866 2420 1056 2460 eorum
1108 2406 1416 2463 constituit.
1464 2406 1622 2473 Quod
1662 2408 1706 2465 si
1743 2408 1991 2464 absolute
2027 2423 2139 2463 non

561 2497 751 2557 datum
784 2512 906 2555 esse
934 2498 1183 2569 patrihus
1211 2514 1400 2554 eorum
1441 2508 1825 2555 testamentum
1867 2501 2132 2564 dixisset,

560 2591 616 2644 in
651 2591 994 2647 mendacium
1030 2607 1162 2648 sane
1189 2592 1267 2646 illi
1292 2593 1579 2655 recidisset
1601 2595 1800 2649 oratio.
1832 2593 2029 2648 Datum
2052 2603 2137 2651 est

558 2683 727 2755 igitur
755 2681 989 2739 Abrahae
1020 2692 1410 2741 testamentum
1432 2725 1448 2750 ,
1477 2686 1666 2741 datum
1695 2696 1779 2751 est
1805 2688 1965 2743 etiam
1999 2686 2133 2754 Noe,

557 2777 703 2835 sicut
743 2792 900 2833 sacra
947 2784 1222 2833 testantur
1272 2780 1517 2833 oracula.
1561 2779 1738 2850 Atque
1770 2782 1978 2837 idcirco
2008 2799 2133 2837 cum

557 2870 912 2940 adjunctione
937 2870 1075 2925 dixit
1120 2870 1322 2935 Moses,
1355 2886 1467 2926 non
1503 2870 1608 2927 hoc
1648 2872 1834 2926 datum
1875 2890 1999 2930 esse
2039 2891 2136 2945 pa-

554 2960 734 3021 tribus
760 2975 949 3015 eorum
967 2998 981 3025 ,
1010 2959 1091 3015 sic
1116 2974 1246 3014 sane
1268 2961 1498 3014 alterum
1527 2960 1842 3031 signiﬁcans
1871 2974 2136 3033 priestan-

555 3052 668 3108 tius
701 3061 864 3125 atque
893 3051 1269 3116 excellentius,
1305 3067 1402 3122 per
1432 3052 1577 3122 quod
1609 3054 1805 3118 amici,
1841 3055 2132 3128 dilectique

555 3144 670 3200 Deo
701 3143 905 3215 agniti,
930 3144 1173 3214 dictique
1205 3154 1352 3201 sunt.
1380 3145 1518 3201 Nam
1551 3147 1803 3219 protinus
1830 3147 1931 3219 ipsi
1961 3148 2132 3203 Ahra—
2160 3178 2200 3236 ο

555 3239 671 3303 hae,
703 3254 768 3297 eo
801 3238 949 3315 quod
984 3253 1197 3301 summo
1229 3237 1339 3295 Deo
1371 3241 1661 3297 crediderit
1692 3243 1848 3313 plene
1879 3258 2131 3299 servasse

548 3330 855 3402 justitiam,
884 3331 1188 3388 exhibitura
1221 3341 1306 3389 est
1337 3333 1711 3395 testimonium
1740 3334 1807 3388 ab
1838 3335 1961 3404 ipso
1986 3333 2132 3397 Mose

553 3424 634 3479 sic
662 3423 912 3479 dicente:
944 3442 962 3475 ι
992 3422 1239 3478 Credidit
1265 3423 1538 3483 Abraham
1573 3424 1705 3489 Deo,
1731 3434 1785 3480 et
1819 3433 2130 3496 reputatunt

550 3521 639 3570 est
668 3513 745 3567 illi
771 3513 1133 3580 adjustitiam
1168 3514 1234 3571 “.
1268 3535 1287 3575 ι
1317 3513 1473 3581 Quod
1506 3525 1687 3570 autem
1720 3524 1841 3585 post
1876 3517 2019 3569 illam
2040 3516 2130 3588 ju-

555 3605 722 3661 stitise
755 3607 972 3676 plenam
1007 3607 1445 3663 observationem
1465 3648 1479 3671 ,
1511 3615 1565 3662 ct
1594 3619 1718 3678 post
1748 3608 1825 3680 illi
1856 3607 2128 3664 redditqu

555 3697 625 3753 de
654 3699 855 3767 pietate
888 3698 1263 3754 testimonium
1286 3740 1299 3763 ,
1336 3700 1512 3769 ipsum
1560 3702 2003 3759 circumcisionis
2052 3703 2129 3756 si—

560 3805 729 3861 gnum
761 3794 1070 3862 acceperit,
1103 3800 1158 3848 et
1192 3794 1330 3849 nihil
1359 3794 1463 3849 hoc
1494 3795 1645 3849 illum
1683 3796 1750 3851 ad
1785 3797 2038 3865 pietatem
2066 3812 2129 3851 ac

554 3882 828 3953 justitiam
857 3887 1296 3955 consequendam
1321 3886 1618 3956 adjuverit,
1650 3888 1935 3958 perSpicue
1966 3889 2127 3943 verba

556 3976 674 4047 ipsa
704 3976 1102 4032 demonstrant.
1132 3978 1377 4033 Invenies
1404 3994 1565 4048 porro
1587 3980 1750 4033 etiam
1772 3978 1971 4050 Joseph
2002 3993 2128 4036 ante

555 4066 725 4122 Mosis
757 4076 999 4137 tempora
1031 4067 1085 4121 in
1116 4068 1282 4137 regiis
1313 4070 1519 4125 azdibus
1559 4067 1939 4139 {Egyptiorum
1960 4109 1973 4133 ,
2009 4069 2127 4125 sine

552 4157 905 4213 Iudaicarum
940 4155 1387 4215 Observationum
1436 4161 1808 4216 sollicitudine
1851 4161 2127 4229 incuriose

553 4258 854 4309 versatum.
892 4250 1212 4316 Postremo,
1244 4253 1289 4307 si
1325 4252 1444 4317 vis,
1492 4263 1647 4322 potes
1686 4253 1863 4324 ipsum
1909 4268 2127 4324 quoque

551 4358 827 4398 summum
879 4341 1190 4398 Judmorum
1240 4343 1602 4414 legislatorem
1636 4341 1873 4404 Moscm,
1909 4357 1938 4394 a
1972 4352 2125 4396 tene-

549 4435 684 4490 riori
713 4434 893 4489 adhuc
921 4444 1077 4490 aetate
1108 4434 1252 4505 apud
1283 4435 1427 4506 regis
1457 4433 1701 4506 Aigyptii
1735 4434 1899 4487 tiliam
1927 4434 2128 4503 degen-

2256 563 2349 617 τοῦ
2387 564 2631 629 Μωσέως
2674 565 2839 636 νόμου
2886 565 3281 637 προστάγματα
3339 566 3470 621 Θεοῦ
3508 569 3674 643 ἔτερα,
3697 581 3775 632 καὶ
3920 560 3921 641 ι

2255 644 2617 729 δικαιώματα,
2686 658 2784 728 οὐχ
2824 658 2985 728 ὃμοια
3020 660 3134 721 τοῖς
3175 657 3325 729 παρὰ
3362 660 3563 727 Μωσεῖ,
3603 665 3779 739 νόμιμὰ

2254 767 2314 803 τε
2358 749 2491 805 ἄλλα
2538 751 2631 804 καὶ
2668 750 2877 804 ἐντολαὶ
2905 748 3162 822 Χριστοῦ,
3191 752 3256 804 δι’
3287 745 3361 805 ὧν
3405 752 3774 828 ὲδικαιώθησαν.

2258 840 2380 894 ’Ότι
2408 840 2452 893 δ’
2479 839 2539 893 ού
2572 839 2640 893 τὰ
2679 839 2819 895 αὐτὰ
2872 836 2943 912 ἦν
2978 843 3091 904 τοῖς
3136 841 3222 895 διὰ
3252 842 3491 908 Μωσέως
3529 848 3782 923 νομοθετη-

2253 932 2409 1005 θεῖσι,
2470 932 2657 1002 σαφῶς
2701 934 2730 985 δ
2782 934 2987 1004 Μωσῆς
3037 931 3384 1005 παρίστησιν.
3427 936 3483 988 ὲν
3527 931 3603 1000 οἷς
3645 957 3779 1011 φησιν

2252 1024 2387 1097 πρὸς
2409 1024 2499 1078 τὸν
2513 1024 2638 1079 λαόν
2657 1042 2670 1055 ·
2697 1044 2716 1077 ι
2756 1025 2977 1091 Ἀκουε,
3012 1025 3247 1098 Ἰσραὴλ,
3264 1027 3331 1080 τὰ
3358 1027 3681 1100 δικαιώματα
3705 1036 3782 1089 καὶ

2248 1115 2318 1172 τὰ
2346 1117 2607 1189 κρίματα,
2636 1117 2737 1170 ὅσα
2773 1116 2884 1191 ἐγὼ
2912 1117 3060 1171 λαλῶ
3096 1119 3153 1171 ὲν
3181 1122 3296 1183 τοῖς
3320 1120 3452 1174 ὠσὶν
3484 1121 3628 1194 ὑμῶν
3656 1124 3705 1177 ὲν
3726 1130 3779 1198 τῇ

2248 1206 2431 1279 ἡμέρᾳ
2460 1208 2650 1281 ταύτῃ,
2694 1209 2788 1262 καὶ
2833 1207 3141 1280 μαθήσεσθε
3184 1210 3342 1273 αὐτὰ,
3384 1212 3477 1264 καὶ
3521 1211 3782 1280 φυλάξεσθε

2251 1301 2423 1353 ποιεῖν
2453 1300 2611 1354 αὐτά.
2644 1300 2851 1373 Κύριος
2882 1302 2910 1354 ὁ
2931 1302 3063 1366 Θεὸς
3090 1301 3244 1373 ὑμῶν
3276 1301 3480 1355 διέθετο
3512 1304 3638 1375 πρὸς
3661 1305 3783 1376 ὑμᾶς

2249 1393 2308 1444 ὲν
2337 1392 2539 1464 Χωρὴϐ
2595 1393 2869 1465 Διαθηκην
2888 1410 2902 1424 °
2935 1394 3055 1465 οὐχὶ
3084 1397 3197 1457 τοῖς
3244 1394 3513 1464 πατράσιν
3555 1396 3694 1466 ὑμῶν
3721 1398 3786 1452 δι-

2249 1482 2400 1536 έθετο
2422 1482 2624 1554 Κύριος
2638 1484 2735 1556 τὴν
2750 1483 3024 1556 Διαθήκην
3045 1483 3266 1555 ταύτην,
3289 1482 3424 1536 ἀλλὰ
3448 1484 3579 1555 πρὸς
3601 1484 3743 1555 ὑμᾶς.
3764 1505 3780 1537 ι

2247 1578 2357 1631 Καὶ
2380 1578 2479 1653 δρα
2510 1594 2573 1646 γε
2602 1579 2748 1640 ὅπως
2793 1577 3035 1649 ἀκριϐῶς
3083 1595 3213 1649 φησι
3243 1576 3342 1649 τὴν
3378 1577 3643 1649 Διαθήκην
3678 1581 3787 1635 ταύ-

2246 1686 2366 1743 την,
2399 1669 2521 1722 ἐπεὶ
2553 1669 2625 1741 μὴ
2658 1670 2754 1741 τὴν
2785 1670 2954 1741 αὐτὴν
2997 1673 3112 1735 τοῖς
3137 1670 3410 1742 πατράσιν
3450 1669 3621 1724 αὐτῶν
3644 1671 3787 1726 διετέ-

2249 1762 2414 1817 θειτο.
2448 1763 2511 1815 Εἰ
2542 1762 2586 1818 δ’
2611 1758 2703 1817 οὖν
2732 1762 3009 1827 ἀπολύτως
3043 1764 3117 1835 μὴ
3145 1763 3392 1818 δεδόσθαι
3414 1765 3526 1827 τοῖς
3550 1765 3786 1837 πατράσιν

2184 1832 2222 1886 Β
2248 1852 2426 1909 αὐτῶν
2448 1854 2721 1925 Διαθήκην
2745 1856 2977 1925 εἰρήκει,
3005 1832 3208 1926 ψευδὴς
3239 1855 3306 1909 ἂν
3332 1851 3400 1926 ἦν
3422 1857 3451 1917 δ
3474 1855 3624 1924 λόγος
3642 1832 3787 1927 αὐτῷ.

2202 2012 2211 2017 _
2246 1946 2461 2000 Δέδοται
2488 1947 2619 2015 γοῦν
2647 1946 2723 2017 τῷ
2766 1946 3015 2018 ’Λϐραὰμ
3056 1946 3311 2017 διαθήκη,
3339 1947 3434 2010 καὶ
3462 1947 3537 2018 τῷ
3564 1946 3696 2011 Νῶε,
3724 1947 3790 2012 ὡς

2242 2037 2312 2090 τὰ
2348 2036 2468 2109 ἱερὰ
2507 2039 2773 2109 μαρτυρεῖ
2798 2036 2971 2105 λόγια.
3009 2037 3108 2090 Διὰ
3132 2036 3296 2090 τοῦτο
3338 2036 3476 2107 μετὰ
3501 2035 3788 2108 προσθήκης

2241 2128 2270 2180 ὁ
2318 2127 2523 2196 Μωσῆς
2555 2127 2616 2179 ού
2674 2125 2879 2197 ταύτην
2931 2127 3067 2196 φησὶ
3114 2125 3358 2180 δεδόσθαι
3398 2130 3509 2191 τοῖς
3550 2126 3789 2198 πατράσιν

2240 2218 2441 2281 αὐτῶν,
2472 2218 2661 2290 ἑτέραν
2691 2221 3058 2290 αἰνιττόμενος
3097 2220 3197 2289 τὴν
3241 2220 3475 2290 κρείττω
3504 2219 3594 2273 καὶ
3629 2219 3789 2287 διαφέ-

2245 2329 2462 2383 ρουσαν,
2504 2312 2570 2365 δι’
2597 2308 2665 2385 ἦς
2706 2313 2800 2365 καὶ
2848 2311 3115 2382 θεοφιλεῖς
3154 2312 3563 2383 ἀπεφάνθησαν.
3607 2310 3788 2366 Αὐτίκα

2238 2405 2316 2475 τῷ
2357 2405 2604 2477 Ἀϐραὰμ
2627 2404 2715 2458 διὰ
2740 2406 2837 2476 τῆς
2871 2407 2950 2469 εἰς
2979 2405 3072 2459 τὸν
3100 2405 3206 2458 τῶν
3236 2405 3375 2459 ὂλων
3407 2404 3539 2458 Θεὸν
3582 2403 3791 2466 πίστεως

2236 2497 2305 2550 τὰ
2328 2498 2429 2567 τῆς
2454 2496 2797 2566 δικαιοσύνης
2819 2495 3230 2568 κατωρθῶσθαι,
3283 2495 3690 2567 μεμαρτύρηται
3713 2494 3790 2547 ὑπ’

2237 2588 2401 2644 αὑτοῦ
2434 2590 2676 2659 Μωσέως
2707 2589 2959 2658 λέγοντος
3001 2606 3013 2621 ο
3050 2606 3070 2640 ‹
3119 2589 3447 2641 Ἐπίστευσε
3473 2586 3530 2640 δὲ
3571 2584 3793 2658 ’Δϐραὰμ

2235 2684 2314 2755 τῷ
2351 2683 2489 2754 Θεῷ,
2523 2684 2616 2736 καὶ
2646 2681 2897 2753 ἐλογίσθη
2939 2678 3086 2751 αύτῷ
3119 2681 3198 2745 είς
3234 2678 3606 2750 δικαιοσύνην.
3643 2696 3662 2730 ι
3690 2678 3793 2731 Ὅτι

2234 2777 2291 2830 δὲ
2327 2775 2462 2848 μετὰ
2492 2774 2590 2845 τὴν
2624 2775 2724 2846 τῆς
2761 2773 3110 2843 δικαιοσύνης
3151 2771 3512 2850 κατόρθωσιν,
3542 2771 3631 2826 καὶ
3677 2768 3794 2841 μετὰ

2234 2869 2331 2941 τὴν
2357 2870 2450 2921 ὑπ’
2478 2867 2728 2939 εὐσεϐείᾳ
2759 2865 3064 2939 μαρτυρίαν
3091 2865 3151 2919 τὸ
3175 2866 3273 2936 τῆς
3302 2863 3606 2937 περιτομῆς
3627 2862 3793 2934 εἴληφε

2238 2962 2481 3032 σημεῖον,
2516 2960 2610 3012 καὶ
2653 2959 2818 3031 μηδὲν
2847 2958 2983 3030 πρὸς
3028 2958 3311 3021 εὐσεϐείας
3357 2958 3634 3012 δικαίωσιν
3664 2953 3794 3025 αὐτῷ

2233 3053 2382 3106 τουτὶ
2427 3050 2798 3115 συνεϐάλλετο,
2837 3051 3021 3121 σαφῶς
3061 3054 3089 3105 ὁ
3125 3051 3282 3119 λόγος
3314 3051 3661 3122 παρίστησιν.
3697 3046 3792 3106 Εὖ·

2240 3163 2354 3218 ροις
2379 3144 2423 3197 δ’
2453 3144 2518 3198 ἂν
2557 3146 2650 3198 κοιλ¹
2671 3144 2762 3197 τὸν
2803 3144 3001 3214 Ἰωσὴφ
3032 3145 3140 3217 πρὸ
3162 3144 3271 3198 τῶν
3302 3145 3552 3209 Μωσέως
3605 3143 3795 3215 χρόνων

2234 3241 2292 3291 ὲν
2320 3240 2433 3301 τοῖς
2477 3237 2790 3305 Αἰγυπτίων
2824 3236 3113 3308 βασιλείοις
3160 3238 3661 3311 ἀπαραφυλάκτως,
3693 3234 3794 3290 ἀλλ’

2231 3331 2330 3384 οὐκ
2364 3330 2670 3394 Ἰουδαϊκῶς
2706 3330 2957 3400 ἀχθέντα.
2992 3330 3055 3383 Εἰ
3086 3329 3143 3383 δὲ
3185 3329 3382 3394 θέλεις,
3411 3332 3506 3390 καὶ
3532 3329 3620 3383 τὸν
3652 3344 3798 3402 κορυ-

2233 3427 2388 3495 φαῖον
2410 3424 2572 3478 αὑτὸν
2602 3424 2695 3477 καὶ
2717 3422 3015 3495 νομοθέτην
3036 3422 3131 3476 τοῦ
3162 3422 3438 3476 Ἰουδαίων
3490 3421 3670 3486 ἔθνους
3687 3421 3799 3475 Μω-

2234 3515 2351 3580 σέα,
2383 3513 2575 3584 γνοίης
2598 3512 2664 3566 ἂν
2695 3512 2836 3576 ἐξέτι
2866 3513 3064 3584 νηπίας
3094 3511 3315 3583 ἡλικίας
3331 3510 3487 3583 παρὰ
3513 3514 3579 3582 τῇ
3600 3509 3689 3563 τοῦ
3710 3508 3796 3561 Δία

2230 3606 2459 3676 γυπτίου
2491 3603 2750 3674 βασιλέως
2780 3603 3011 3676 θυγατρὶ
3044 3603 3142 3667 τὰς
3180 3602 3472 3675 διατριϐὰς
3509 3599 3797 3672 πεποιημέ-

2231 3715 2340 3761 νον,
2368 3696 2574 3768 τροερῆς
2602 3713 2662 3749 τε
2694 3696 2795 3766 τῆς
2820 3695 3121 3763 Αἰγυπτίας
3147 3696 3592 3767 ἀπαρατηρήτως
3632 3708 3797 3764 μετει-

2229 3789 2449 3859 ληχότα.
2483 3786 2548 3841 Τί
2596 3787 2677 3840 δεῖ
2717 3786 2892 3856 λέγειν
2940 3787 3030 3840 τὸν
3077 3787 3481 3860 τρισμακάριον
3540 3785 3678 3848 Ἰὼϐ,
3717 3783 3800 3836 τὲν

2231 3881 2405 3953 ἀληθῆ
2437 3880 2722 3951 ἄνθρωπον
2749 3880 2980 3945 ἐκεῖνον,
3011 3878 3101 3946 τὸν
3132 3879 3445 3950 ἄμεμπτον,
3473 3878 3568 3932 τὸν
3588 3878 3799 3940 δίκαιον,

2227 3975 2318 4045 τὸν
2364 3972 2591 4044 θεοσεϐῆ
2617 3988 2632 4038 ;
2661 3973 2760 4043 τῆς
2791 3955 2870 4036 εἰς
2915 3972 3084 4042 ἄκρον
3126 3970 3411 4036 εὐσεϐείας
3443 3969 3593 4042 αύτῷ
3623 3969 3711 4024 καὶ
3735 3967 3806 4023 δι-

2229 4067 2594 4138 καιοπραγίας
2627 4067 2710 4140 τίς
2742 4063 2852 4137 ἆρα
2913 4065 3061 4120 αἰτία
3082 4060 3185 4136 ἧν;
3248 4065 3449 4136 μήτιγε
3482 4062 3553 4118 τὰ
3576 4060 3804 4125 Μωσέως

2232 4155 2702 4228 παραγγέλματα;
2738 4154 3022 4226 Οὐδαμῶς.
3078 4153 3239 4208 Ἀλλὰ
3276 4154 3562 4208 Σαϐϐάτου
3606 4151 3804 4224 ἡμέρας

2229 4242 2669 4318 ἐπιτήρησιςῆν,
2704 4246 2738 4316 ῆ
2768 4262 2912 4308 τινος
2953 4244 3120 4315 ἄλλης
3176 4244 3481 4315 Ἰουδαϊκῆς
3533 4241 3806 4312 ἐθελοθρη-

2231 4339 2417 4402 σκείας
2456 4322 2722 4409 mulctari];
2778 4337 2938 4390 πόθεν
2967 4378 2981 4402 ,
3031 4336 3388 4409 πρεσϐυτέρῳ
3439 4340 3555 4401 τοῖς
3603 4335 3805 4407 χρόνοις

2228 4431 2490 4496 Μωσέως,
2524 4433 2619 4483 καὶ
2668 4432 2769 4500 τῆς
2801 4432 2922 4483 κατ’
2956 4431 3118 4484 αὐτὸν
3148 4428 3471 4500 νομοθεσίας
3500 4428 3802 4500 γενομένῳ;

549 4538 659 4584 tem
694 4544 1028 4599 agnoscere,
1061 4530 1157 4599 qui
1202 4530 1421 4599 quidem
1472 4527 1728 4599 [Egyptio
1774 4528 1936 4599 plane
1973 4543 2123 4582 more

2241 4523 2299 4574 '0
2323 4522 2421 4593 μὲν
2452 4521 2560 4594 γὰρ
2581 4522 2785 4593 Μωσῆς
2836 4522 3064 4592 ἕϐδομος
3092 4521 3151 4586 ἐξ
3192 4520 3445 4594 Ἀϐραὰμ
3483 4519 3809 4594 γενεαλογεῖ-

547 4620 755 4691 absque
778 4617 1022 4675 Judaicis
1053 4620 1529 4675 observationibus
1585 4619 1727 4688 apud
1765 4612 2010 4673 eamdem
2056 4619 2128 4675 sit

549 4714 837 4768 educatus.
875 4710 980 4769 Sed
1013 4711 1272 4778 quidnam
1303 4711 1369 4766 de
1397 4711 1719 4766 beatissimo
1748 4709 1881 4774 Job,
1914 4708 1981 4765 de
2009 4710 2123 4776 illo,

546 4805 770 4877 inquam
793 4850 807 4872 ,
839 4822 968 4862 vero
1000 4806 1222 4861 homine
1241 4844 1256 4868 ,
1286 4804 1379 4859 illo
1409 4804 1727 4873 inculpabili
1746 4844 1760 4867 ,
1791 4804 1944 4873 justo
1965 4842 1980 4869 ,
2008 4803 2121 4874 pio,

547 4897 833 4953 dicemus?
873 4898 1003 4967 Qua:
1030 4896 1247 4953 tandem
1276 4894 1423 4951 illius
1462 4908 1688 4959 summa:
1725 4892 1942 4963 pietatis
1970 4900 2024 4947 et
2045 4892 2127 4962 ju-

549 4992 713 5047 stitiae
758 5005 924 5046 causa
971 4988 1230 5046 exstitit?
1261 4986 1506 5057 nunquid
1540 4995 1807 5057 praecepta
1846 4984 2125 5041 Μοδειίςεῖ

550 5084 795 5140 minime.
824 5082 962 5138 Num
993 5083 1098 5141 diei
1131 5080 1355 5136 Sabhati
1375 5122 1393 5147 ,
1424 5089 1517 5134 aut
1551 5078 1779 5134 alterius
1811 5076 2121 5147 cujuspiam

545 5176 758 5233 Judaici
792 5174 929 5231 ritus
955 5174 1312 5231 observatio?
1334 5172 1473 5228 unde
1500 5172 1575 5227 illi
1603 5172 1736 5235 hoc,
1765 5171 1859 5242 qui
1888 5179 1941 5226 et
1963 5178 2123 5226 aetate

550 5268 728 5340 ipsum
754 5265 955 5321 Mosem
983 5266 1278 5332 antecedit,
1301 5273 1356 5321 et
1377 5270 1504 5319 ante
1528 5262 1673 5333 leges
1702 5263 1770 5317 ab
1793 5262 1887 5316 illo
1913 5261 2121 5332 positas

547 5372 633 5416 est
666 5360 868 5416 natus?
912 5356 1127 5415 Etenim
1168 5358 1350 5416 Moses
1392 5357 1657 5430 septimus
1705 5363 2024 5410 numeratur
2056 5353 2124 5409 ab

547 5454 855 5520 Abraham,
903 5453 994 5507 hic
1042 5459 1223 5507 autem
1280 5452 1538 5524 quintus,
1582 5456 1642 5504 ut
1688 5449 1768 5505 sic
1814 5446 1961 5503 Mose
2005 5448 2122 5516 ipso

548 5546 823 5618 antiquior
850 5546 1063 5601 duabus
1098 5543 1405 5599 inveniatur
1434 5543 1704 5598 aetatibus.
1738 5540 2122 5610 Contemplare

547 5640 710 5713 igitur
738 5640 968 5712 hujusce
999 5639 1168 5694 vitam
1191 5679 1205 5705 ,
1240 5654 1360 5709 quae
1402 5637 1468 5692 de
1511 5637 1721 5708 legibus
1767 5651 1795 5689 a
1841 5634 1988 5690 Muse
2024 5648 2120 5704 po-

2227 4631 2337 4680 ται,
2372 4616 2553 4668 οὑτοσὶ
2590 4614 2647 4667 δὲ
2681 4616 2949 4685 πέμπτος,
2982 4614 3103 4668 δυσὶ
3141 4614 3435 4687 προτέραις
3486 4615 3580 4667 τὸν
3609 4610 3806 4667 Μωσέα

2230 4709 2442 4776 γενεαῖς
2482 4707 2756 4778 προάγων.
2791 4705 2901 4759 Θὲα
2927 4706 2973 4759 δ’
3018 4701 3112 4759 οὖν
3158 4706 3253 4758 καὶ
3302 4703 3499 4758 τούτου
3537 4705 3629 4757 τὸν
3678 4702 3804 4774 βίον,

2236 4798 2482 4869 Μωσέως
2537 4799 2635 4869 μὲν
2663 4798 2760 4869 τῆς
2795 4799 3114 4870 νομοθεσίας
3144 4798 3297 4851 οὐδὲν
3322 4798 3687 4868 ἐπαγόμενον,
3714 4795 3807 4863 τῆς

2230 4889 2285 4947 δὲ
2314 4886 2408 4942 τοῦ
2438 4888 2690 4959 Σωτῆρος
2716 4888 2870 4959 ἡμῶν
2919 4888 3278 4959 εύαγγελικῆς
3316 4888 3668 4951 διδασκαλίας
3713 4886 3810 4939 οὐκ

2231 4980 2528 5053 ἀλλότριον.
2568 4982 2729 5049 Λέγει
2764 4981 2807 5034 δ’
2859 4977 2951 5035 οὖν
2994 4981 3175 5047 αὐτὰ,
3214 4982 3306 5034 τὸν
3354 4981 3551 5034 ἑαυτοῦ
3599 4977 3808 5044 διεξιὼν

2230 5074 2361 5144 βίον,
2393 5074 2451 5127 ὲν
2484 5076 2551 5146 τῇ
2584 5075 2721 5147 πρὸς
2749 5075 2875 5138 τοὺς
2903 5074 3152 5147 εταίρους
3178 5074 3465 5146 ἀπολογίᾳ·
3507 5094 3526 5126 ι
3566 5072 3811 5127 Διέσωσα

2227 5166 2337 5241 γὰρ
2378 5167 2590 5237 πτωχὸν
2636 5170 2701 5221 ἐκ
2729 5167 2911 5238 χειρὸς
2937 5166 3217 5232 δυνάστου,
3251 5167 3348 5232 καὶ
3372 5166 3615 5239 ὀρφανῷ,
3642 5159 3688 5234 ᾧ
3713 5164 3811 5216 οὐκ

2226 5257 2294 5334 ἦν
2356 5260 2566 5332 βοηθὸς,
2618 5259 2913 5331 ἐϐοήθησα.
2961 5260 3143 5331 Στόμα
3192 5259 3251 5313 δὲ
3300 5259 3475 5331 χήρας
3534 5274 3606 5329 με
3659 5254 3808 5309 εὐλό-

2228 5370 2365 5426 γησε
2390 5394 2404 5416 ,
2466 5351 2811 5423 δικαιοσύνην
2875 5350 2932 5404 δὲ
2994 5350 3342 5405 ὲνεδεδύκειν.
3417 5346 3823 5419 Ἠμφιεσάμηκι

2229 5445 2285 5498 δὲ
2339 5445 2516 5516 κρίμα
2571 5444 2659 5497 ἴσα
2720 5442 2949 5497 διπλοῖδι
2976 5484 2991 5506 ,
3039 5442 3316 5514 ὀφθαλμὸς
3369 5442 3518 5513 ἥμην
3569 5436 3810 5507 τυφλῶν,

2231 5537 2367 5601 ποῦς
2431 5536 2488 5590 δὲ
2546 5536 2757 5606 χωλῶν·
2819 5536 2930 5604 ἐγὼ
2963 5537 3110 5608 ῆμην
3175 5535 3359 5607 πατὴρ
3417 5532 3721 5588 ἀδυνάτων.
3784 5546 3807 5582 ι

2227 5630 2373 5684 Αὐτὰ
2402 5630 2465 5702 δὴ
2495 5630 2686 5699 ταῦτα,
2709 5629 2965 5700 ἄντικρυς
2982 5629 3049 5683 τὰ
3080 5630 3242 5683 πᾶσιν
3266 5631 3396 5701 ἡμῖν
3420 5626 3508 5681 διὰ
3525 5623 3627 5697 τῆς
3646 5622 3809 5692 εὐστ-

617 5820 661 5851 “
700 5817 834 5873 Gen.
873 5835 1023 5887 xm,
1065 5818 1181 5873 5-5.
1260 5819 1303 5851 ⁸³
1346 5817 1482 5874 Deut
1547 5836 1599 5888 v,
1645 5818 1756 5872 1-5.
1835 5819 1877 5851 ⁸⁵
1914 5817 2046 5873 Gen.
2090 5832 2190 5885 xv,
2233 5814 2284 5871 6.
