3978 6414
183 390 240 447 ετ,
1061 350 1719 427 οειιιοδετιιιιτιοκιε
1756 362 2220 424 masculae
2258 363 2388 419 LIB.
2429 363 2470 422 l.
3314 363 3384 420 ει

178 504 365 579 τελικῆς
396 497 734 560 διδασκαλίας
766 494 1066 568 μαθήματα
1098 492 1498 566 κηρυττόμενα.
1549 490 1708 543 Ἀλλὰ

1820 488 1933 544 sitis
1966 485 2103 542 nihil
2139 485 2390 549 inducit,
2420 483 2489 538 ab
2516 482 2830 552 evangelica
2864 493 3043 537 autem
3084 482 3384 538 Salvatoris

177 600 251 655 καὶ
267 596 333 659 ὡς
358 590 504 654 εἰδὼς
529 585 588 643 εὖ
624 588 767 661 μάλα
792 587 854 641 τὸ
885 606 902 638 ι
937 587 993 640 κ)
1005 586 1145 641 αίειν
1173 584 1317 657 μετὰ
1342 584 1667 638 κλαιόντων·.
1684 601 1702 634 ι

176 692 247 747 καὶ
270 687 339 749 τὸ,
377 703 395 737 ι
430 681 707 754 Μακάριοι
749 681 796 734 οἱ
845 678 1149 743 κλαίοντες,
1183 678 1265 732 ὅτι
1300 676 1639 747 γελάσονται,
1684 692 1702 725 ι

175 783 246 837 καὶ
279 779 349 841 τὸ,
393 795 411 829 ι
458 776 521 827 Εἰ
547 774 749 844 πάσχει
776 771 835 825 ἓν
872 771 1052 843 μέλος,
1090 770 1402 842 συμπάσχει
1437 768 1613 821 πάντα
1642 765 1713 820 τὰ

174 874 301 948 μέλη,
344 888 361 920 ι
401 868 458 920 ἐν
496 869 612 930 τοῖς
647 864 749 936 τῆς
781 863 1145 935 εύαγγελικῆς
1166 860 1514 924 διδασκαλίας
1539 858 1712 931 μαθή-

172 979 277 1035 μασι
300 958 677 1031 περιεχόμενα,
707 956 770 1010 τὸ
792 956 931 1028 πρὸς
967 958 1095 1019 τοὺς
1119 957 1175 1009 ἐν
1200 953 1279 1027 τῷ
1313 954 1412 1025 βίῳ
1432 951 1711 1006 ταλαιπω-

171 1055 422 1130 ρουμένους
468 1049 852 1122 φιλάνθρωπον
926 1048 1260 1133 ἐπεδείκνυε,
1305 1046 1498 1115 λέγων·
1573 1042 1712 1113 Ἐγὼ

166 1152 209 1205 δέ
242 1148 320 1201 ἐπὶ
350 1145 510 1199 παντὶ
544 1143 796 1215 ἀδυνάτῳ
826 1142 1084 1197 ἔκλαυσα·
1124 1161 1143 1193 ι
1183 1138 1444 1206 ἐστέναξα
1486 1138 1542 1193 δὲ
1589 1137 1712 1192 ἰδὼν

168 1241 298 1312 ἄνδρα
340 1240 397 1291 ἐν
444 1237 737 1306 ἀνάγκαις.
779 1255 798 1287 ›
834 1231 969 1290 Εἶτα
1008 1235 1191 1301 πάλιν,
1222 1233 1323 1304 τῆς
1354 1232 1714 1305 εύαγγελικῆς

165 1331 467 1394 διδασκαλίας
492 1330 630 1394 τοὺς
660 1330 929 1401 ἀσέμνους
966 1326 1421 1399 ἀπαγορευούσης
1448 1326 1711 1396 γέλωτας,

158 1422 410 1500 προλαϐὼν
442 1423 472 1474 6
518 1422 791 1495 μακάριος
816 1422 1022 1485 οὑτοσὶ,
1064 1424 1246 1493 φησιν·
1301 1439 1318 1472 ι
1372 1420 1523 1474 Εἰδέ
1567 1420 1713 1493 ἤμην

166 1516 530 1589 πεπορευμένος
560 1514 705 1587 μετά
752 1512 1103 1584 γελοιαστῶν·
1138 1515 1186 1566 εί
1218 1513 1275 1567 δέ
1315 1513 1410 1566 καὶ
1448 1512 1712 1565 ἐσπούδα-

168 1628 234 1664 σεν
255 1610 281 1661 6
305 1608 433 1671 ποῦς
457 1624 560 1679 μου
586 1611 670 1671 εἰς
689 1608 856 1671 δόλον,
880 1607 1117 1678 ’ἑσταμαι
1148 1607 1204 1660 δὲ
1230 1607 1287 1661 ἐν
1322 1604 1471 1675 ζυγῷ
1500 1604 1711 1675 δικαίῳ,

164 1701 245 1757 οἶδε
264 1701 314 1754 δὲ
336 1703 364 1754 ό
387 1700 598 1770 Κύριος
623 1700 720 1772 τὴν
749 1699 986 1754 ἀκακίαν
1012 1716 1135 1771 μου.
1181 1698 1399 1770 Ἐπειδὴ
1422 1697 1480 1751 δὲ
1508 1699 1537 1749 6
1561 1696 1714 1769 παρὰ

166 1797 314 1851 Musei
335 1793 488 1862 λόγος
538 1792 840 1864 νομοθετεῖ,
864 1792 1056 1861 λέγων,
1078 1810 1095 1842 ι
1123 1792 1197 1844 Οὐ
1221 1789 1545 1862 μοιχεύσεις,
1573 1809 1591 1840 ι
1619 1788 1713 1842 θά-

1816 578 1993 645 nostri
2040 576 2291 632 doctrina
2351 589 2461 628 non
2506 571 2790 656 qblnorret.
2836 570 2977 626 Dicit
3026 572 3190 642 igitur
3232 570 3385 641 ipse,

1814 669 1907 724 ubi
1941 684 2095 725 suam
2128 667 2301 737 ipsius
2331 666 2497 721 vitam
2528 665 2786 735 exponit,
2837 673 2892 721 et
2940 663 3295 735 arguentibus
3326 675 3389 718 se

1813 762 2005 816 amicis
2036 759 2365 831 respondet:
2401 777 2418 808 ι
2451 756 2674 813 Servavi
2705 758 2849 813 enim
2883 757 3097 827 inopem
3126 755 3193 810 de
3219 768 3385 808 manu

1813 852 2093 923 potentis:
2135 861 2189 906 et
2241 849 2483 921 pupillo,
2516 850 2603 904 cui
2658 864 2766 903 non
2817 857 2933 902 erat
2979 846 3218 917 adjutor,
3259 845 3390 901 sub-

1813 945 1957 1001 veni.
1986 944 2059 1001 Os
2087 952 2269 998 autem
2303 943 2484 998 viduae
2514 941 2646 995 mihi
2679 939 2956 997 benedixit
2981 980 2996 1003 ,
3022 949 3076 993 et
3116 937 3387 1009 justitiam

1815 1037 2121 1092 indumenti
2171 1034 2292 1097 loco
2342 1032 2548 1104 accepi.
2600 1030 2878 1087 Adornavi
2934 1039 3117 1084 autem
3172 1045 3257 1084 me
3298 1028 3390 1101 ju-
3459 1036 3468 1052 ‘

1815 1127 1988 1191 dicio,
2042 1126 2200 1198 quasi
2232 1126 2438 1195 duplici
2500 1124 2865 1192 vestimento;
2920 1122 3114 1178 oculus
3161 1121 3237 1177 fui
3285 1137 3391 1179 cte—

1815 1235 2003 1275 corum
2026 1258 2039 1281 ,
2068 1234 2164 1288 pes
2195 1216 2515 1272 claudorum
2542 1235 2555 1270 :
2587 1231 2687 1287 ego
2719 1213 2793 1269 fui
2825 1223 2981 1286 pater
3012 1216 3233 1285 inepum
3269 1216 3335 1268 ⁸⁸.
3367 1235 3386 1268 i

1821 1312 1922 1387 15
1956 1309 2073 1381 ipsa
2119 1312 2233 1365 haec
2271 1309 2435 1381 igitur
2477 1309 2805 1367 documenta
2852 1307 3011 1378 plane
3037 1306 3225 1361 eadem
3266 1314 3393 1362 sunt

1816 1420 1938 1466 cum
1968 1403 2055 1470 iis,
2099 1418 2220 1475 quae
2247 1403 2503 1457 omnibus
2550 1401 2709 1456 nobis
2752 1415 2849 1470 per
2892 1398 3264 1469 evangelicum
3295 1396 3394 1454 do-

1816 1496 2050 1551 ctrinam
2103 1496 2248 1551 tradi
2285 1496 2640 1566 nuntiarique
2682 1494 2843 1550 solita
2887 1502 3015 1549 sunt
3050 1480 3394 1564 {quinetiam

1815 1590 1979 1645 veluti
2011 1590 2057 1647 is
2089 1591 2181 1660 qui
2213 1590 2348 1645 bene
2374 1588 2504 1643 illud
2537 1596 2761 1644 nosset:
2799 1607 2817 1638 ι
2848 1586 3002 1643 Flere
3048 1602 3172 1642 cum
3218 1585 3397 1642 ﬂenti-

1816 1684 1918 1738 bus
1941 1684 2024 1735 “z
2069 1704 2087 1735 ι
2121 1691 2174 1738 ct
2223 1682 2378 1744 illud,
2410 1701 2428 1732 ι
2467 1682 2616 1737 Beati
2659 1682 2753 1753 qui
2801 1683 3005 1753 lugent,
3038 1682 3294 1752 quoniam
3320 1679 3398 1735 ri-

1817 1771 2099 1841 debuut",
2133 1794 2151 1826 ι
2190 1781 2244 1828 et
2275 1772 2444 1829 illud:
2485 1792 2502 1824 ι
2544 1771 2599 1827 Si
2634 1789 2800 1827 unum
2839 1773 3138 1829 membrum
3171 1772 3393 1844 patitur,

165 1887 285 1941 νατόν
308 1902 363 1938 τε
390 1883 536 1938 κατὰ
568 1883 776 1955 μοιχῶν
818 1880 1227 1955 ἐπιψηφίζεται·
1261 1881 1290 1935 ὁ
1322 1882 1378 1934 δὲ
1413 1882 1514 1953 τῆς
1545 1882 1711 1949 εὐαγ-

1820 1880 1939 1921 cum
1966 1882 2032 1921 eo
2078 1866 2241 1920 simul
2275 1866 2458 1920 omnia
2506 1866 2751 1942 membra
2796 1866 3167 1941 patiuntur“.
3207 1885 3223 1916 ι
3263 1865 3396 1932 Qua:

164 1979 344 2049 γελικῆς
391 1977 752 2041 διδασκαλίας
802 1976 893 2031 τὸν
950 1976 1111 2048 νόμον
1165 1975 1466 2041 ἐπιτείνων,
1531 1975 1712 2047 φησιν·

169 2093 185 2126 ι
234 2070 440 2144 Ἐρρέθη
472 2074 599 2132 τοῖς
655 2071 927 2143 ἀρχαίοις·
971 2070 1046 2125 Οὐ
1108 2069 1435 2141 μοιχεύσεις·
1501 2067 1612 2137 ἐγὼ
1660 2068 1717 2122 δὲ

164 2166 274 2234 λέγω
296 2166 438 2235 ὑμῖν,
464 2164 609 2235 μηδὲ
628 2163 724 2235 τὴν
737 2162 912 2235 ἀρχὴν
938 2162 1244 2234 ἐπιθυμεῖν·
1276 2181 1294 2213 ι
1316 2161 1587 2231 σκέψασθε
1616 2178 1715 2215 κα-

162 2258 245 2323 m;
274 2258 358 2311 τὸν
404 2259 539 2328 περὶ
585 2253 648 2310 οὗ
688 2255 782 2311 νῦν
827 2259 856 2311 ό
887 2255 1065 2326 λόγος,
1093 2256 1173 2320 ὃς,
1208 2256 1352 2312 κατά
1381 2256 1442 2309 τὸ
1478 2256 1716 2327 Χριστοῦ

164 2350 279 2419 βιοὺς
295 2347 647 2417 Εὐαγγέλιον,
679 2346 859 2402 καὶτὸ
890 2348 1008 2419 μετ’
1040 2346 1331 2418 ἐπιθυμίας
1363 2344 1719 2400 ἀκολαστότε-

164 2461 234 2516 ρον
256 2441 536 2514 ὲμδλέπειν
579 2440 1044 2513 παρεφυλάττετο,
1067 2440 1151 2510 ἐφ’
1176 2434 1220 2508 ᾧ
1247 2441 1340 2494 καὶ
1369 2437 1713 2511 ἐσεμνύνετο,

162 2539 313 2607 λέγων·
341 2556 359 2590 ι
390 2539 454 2591 Ei
472 2538 532 2591 δὲ
556 2534 757 2607 καὶτῷ
776 2534 1040 2607 ὀφθαλμῷ
1067 2533 1502 2605 ἐπηκολούθησεν
1527 2534 1717 2604 ὴκαρ-

160 2631 229 2686 δία
256 2648 347 2702 μου
384 2630 616 2699 γυναικὶ
662 2628 856 2701 ἀνδρὸς
896 2627 1107 2699 ἐτέρου·
1152 2646 1171 2678 ι
1215 2626 1308 2679 καὶ
1337 2626 1429 2679 τὸν
1459 2624 1715 2694 λογισμὸν

160 2717 440 2771 ἀποδίδωσιν
468 2716 608 2787 ἑξῆς
636 2716 877 2785 ἐπάγων·
925 2735 943 2767 ι
981 2715 1165 2786 Θυμδς
1209 2714 1318 2787 γὰρ
1357 2713 1549 2786 ἀνδρὸς
1578 2714 1716 2767 ἀκα-

159 2810 377 2881 τάσχετος
417 2809 481 2863 τὸ
548 2810 736 2880 μιᾶναι
787 2808 979 2880 ἀνδρὸς
1024 2810 1279 2877 γυναῖκα·
1316 2806 1428 2878 πῦρ
1461 2806 1570 2876 γάρ
1601 2806 1716 2860 ἐστι

160 2906 404 2975 καιόμενον
434 2903 531 2957 ἐπὶ
569 2903 788 2957 πάντων
825 2900 934 2953 τῶν
980 2899 1181 2972 μερῶν·
1212 2892 1273 2952 οὗ
1301 2899 1346 2952 δ’
1373 2897 1439 2952 ἂν
1478 2897 1714 2971 εἰσέλθῃ,

159 3002 208 3055 ἐκ
232 2998 377 3071 ῥιζῶν
402 2996 715 3052 ἀπώλεσεν.
754 3013 773 3047 ι
819 2993 977 3046 Ἀλλὰ
1009 2993 1104 3046 καὶ
1131 2993 1193 3046 τὸ
1223 2991 1317 3045 τοῦ
1347 2992 1551 3064 τρόπου
1580 2991 1717 3046 ἀδω-

163 3093 407 3162 ροδόαητον
436 3089 775 3162 παρίστησιν
801 3079 923 3141 ὦδε·
957 3104 976 3136 ι
1004 3085 1138 3139 Είδέ
1166 3086 1259 3139 καὶ
1277 3086 1397 3148 ταῖς
1425 3083 1580 3156 χερσί
1613 3101 1716 3154 μου

162 3183 348 3255 ἡψάμην
391 3181 611 3254 δώρων,
665 3179 953 3251 σπείραιμι
990 3177 1118 3250 ἀρα,
1155 3176 1249 3230 καὶ
1280 3175 1430 3229 ἄλλοι
1470 3174 1712 3245 φάγοιεν·

162 3275 345 3346 όρῤιζος
370 3275 428 3328 δὲ
454 3274 721 3344 γενοίμην
750 3272 844 3325 ἐπὶ
863 3270 987 3340 γῆς.
1020 3290 1038 3323 ι
1080 3270 1267 3331 Ὅπως
1288 3267 1343 3321 δὲ
1380 3269 1474 3322 καὶ
1504 3270 1618 3330 τοῖς
1638 3267 1718 3321 οἰτ

162 3367 297 3431 uini;
325 3366 719 3438 προσεφέρετο,
767 3362 955 3435 μαθεῖν
988 3361 1157 3426 ἔστιν,
1202 3360 1295 3429 ἀφ’
1336 3352 1413 3416 ὧν
1455 3358 1717 3423 διδάσκει,

161 3461 367 3528 φάσω-ν·
405 3478 423 3509 ι
466 3459 534 3511 Εἰ
556 3457 618 3510 δὲ
650 3457 744 3511 καὶ
766 3454 1035 3526 ἐφαύλισα
1054 3452 1230 3526 κρίμα
1259 3451 1593 3524 θεράποντάς
1617 3466 1719 3521 μου

159 3546 905 3624 ἢθεραπαίνης,,κρινομένων
925 3544 1104 3600 αὐτῶν
1134 3544 1269 3615 πρὸς
1293 3542 1411 3613 ἐμέ·
1444 3560 1462 3592 ι
1490 3540 1582 3595 καὶ
1617 3539 1722 3594 πά-

160 3645 223 3698 λιν
235 3644 316 3697 τον
330 3641 595 3713 λογισμὸν
618 3640 930 3695 ἀποδίδωσι·
954 3657 973 3691 ι
1005 3637 1070 3690 Τί
1089 3636 1198 3707 γὰρ
1229 3636 1458 3705 ποιήσω,
1481 3633 1574 3688 ἐὰν
1594 3633 1719 3687 ἔτα-

162 3736 227 3789 σίν
250 3753 340 3807 μου
356 3736 579 3804 ποιῆται
603 3734 631 3785 6
652 3731 814 3796 856;;
851 3732 1076 3801 πότερον
1107 3728 1203 3798 οὐχ
1224 3727 1300 3790 ὼς
1324 3724 1434 3795 ἐγὼ
1454 3724 1720 3795 ἐγενόμην

158 3831 204 3881 ἐν
216 3830 385 3900 σαρκὶ,
407 3826 590 3882 οὕτως
602 3825 843 3879 κάκεῖνοι
864 3821 1153 3891 γεγόνασι;
1176 3818 1479 3888 γεγόναμεν
1497 3817 1555 3871 δὲ
1576 3819 1633 3869 ἐν
1652 3819 1718 3887 τῇ

160 3920 270 3991 αὐτῇ
296 3919 493 3989 κοιλία.
533 3937 552 3969 ι
589 3915 810 3977 Τούτοις
836 3911 1096 3980 ἐπιλέγει·
1141 3928 1160 3961 ι
1196 3910 1388 3980 Χήρας
1414 3906 1507 3960 τὸν
1530 3906 1723 3975 ὀφθαλ-

162 4013 354 4083 μδνούκ
382 4009 637 4081 ἐξέτηξα·
688 4009 737 4060 εί
786 4006 844 4060 δὲ
877 4005 969 4059 καὶ
1012 4004 1102 4057 τὸν
1138 4002 1331 4073 ψωμόν
1372 4016 1474 4072 μου
1519 3998 1721 4068 ἔφαγον

162 4106 309 4175 μόνος,
339 4105 434 4159 καὶ
452 4104 581 4174 οὐχὶ
602 4098 826 4173 ὀρφανῷ
861 4097 1139 4170 μετέδωκα
1165 4095 1225 4162 ἐξ
1253 4093 1438 4148 αὐτοῦ·
1472 4095 1522 4146 εἰ
1549 4092 1604 4145 δὲ
1628 4092 1722 4145 καὶ

158 4197 268 4251 εἶδον
304 4196 515 4269 γυμνὸν
548 4192 939 4264 ἀπολλύμενον,
988 4188 1084 4243 καὶ
1132 4188 1233 4241 οὐκ
1260 4184 1523 4257 ὴμφίεσα.
1559 4202 1577 4235 ι
1610 4182 1722 4236 Καὶ

160 4291 291 4345 πᾶλιν
319 4288 531 4353 ὑποϐὰς
565 4287 712 4357 λέγει
738 4304 749 4317 ·
785 4304 805 4336 σ
848 4285 911 4338 Ei
944 4282 1000 4336 δὲ
1032 4282 1127 4336 καὶ
1158 4279 1289 4351 λίθῳ
1312 4275 1593 4331 πολυτελεῖ
1621 4277 1720 4328 ἐπ-

160 4383 414 4454 εποίθησα·
448 4384 498 4435 εἰ
541 4380 601 4434 δὲ
636 4380 729 4432 και
762 4374 1083 4448 ηὐφράνθην
1132 4358 1327 4426 πολλοῦ
1362 4367 1590 4423 πλούτου
1631 4383 1720 4438 μοι

159 4476 438 4545 γενομένου·
470 4476 519 4527 εί
545 4472 601 4526 δὲ
625 4473 720 4525 καὶ
763 4471 848 4523 ἐπ’
887 4466 1275 4539 ἀναριθμήτοις
1322 4461 1526 4533 ἐθέμην
1562 4459 1722 4531 χεῖρά

162 4583 260 4636 μου.
292 4586 309 4619 ι
358 4569 476 4619 Καὶ
517 4565 608 4619 τὸν
655 4560 914 4631 λογισμὸν
949 4554 1105 4621 αὖθις
1140 4555 1399 4623 ἐπιλέγει·
1441 4571 1457 4604 ι
1506 4551 1583 4615 Ἥ⁶
1619 4550 1719 4619 οὺχ
1756 4575 1798 4630 ι)

158 4659 342 4733 ὁρῶμεν
379 4659 538 4730 ἣλιον
566 4654 975 4726 ἐπιφαύσκοντα
1002 4650 1096 4704 καὶ
1126 4647 1466 4711 ἐκλείποντα,
1504 4644 1599 4733 καὶ
1638 4660 1721 4733 σεο

159 4731 297 4821 λήνην
335 4748 396 4802 δέ
430 4745 764 4817 φθίνουσαν;
807 4761 824 4792 ι
864 4736 997 4795 Εἶτα
1030 4737 1193 4793 πάλιν
1227 4736 1326 4807 τῆς
1360 4731 1719 4803 εὐαγγελικῆς

160 4841 481 4903 διδασκαλίας
556 4836 832 4908 φησάσης,
889 4852 909 4886 ι
981 4829 1212 4903 Ἐρρέθη
1262 4830 1375 4892 τοῖς
1430 4825 1717 4898 ἀρχαίοις·

171 4934 477 5005 ΙΔγαπήσεις
498 4930 591 4983 τον
615 4927 841 4999 πλησίον
870 4942 985 4988 σου,
1014 4923 1110 4977 καὶ
1137 4920 1388 4993 μισήσεις
1408 4918 1500 4971 τὸν
1529 4914 1721 4986 ἐχθρόν

163 5042 256 5079 σου.
289 5024 437 5094 Ἐγὼ
476 5023 535 5077 δὲ
585 5021 728 5091 λέγω
777 5021 924 5091 ὑμῖν·
984 5015 1260 5085 Ἀγαπᾶτε
1323 5011 1449 5075 τοὺς
1495 5007 1723 5079 ἐχθροὺς

164 5114 311 5187 ὑμῶν,
346 5136 367 5168 ι
399 5115 666 5184 αὑτοφυεῖ
699 5108 1018 5179 διδασκαλία
1042 5103 1328 5179 προλαϐὼν
1356 5103 1385 5154 ό
1418 5098 1719 5169 θαυμάσιος

164 5206 361 5282 τοῦργον
389 5207 733 5278 ἀπεπλήρου.
758 5204 850 5257 Διό
878 5218 1062 5275 φησιν·
1104 5218 1122 5251 ι
1162 5196 1298 5251 Εἰδέ
1332 5194 1426 5248 καὶ
1448 5191 1719 5262 ἐπιχαρὴς

165 5302 403 5375 ἐγενόμην
432 5302 525 5355 ἐπὶ
554 5298 810 5370 πτώματι
837 5293 1033 5378 ἐχθροῦ
1062 5309 1185 5365 μου,
1221 5288 1316 5343 καὶ
1345 5285 1497 5341 εἶπεν
1523 5286 1557 5354 ἡ
1580 5298 1717 5378 καρ-

164 5395 233 5447 δία
254 5414 371 5467 μου,
405 5391 569 5464 Εὖγε,
609 5394 841 5463 ηκουσεν
873 5375 981 5460 ἄρα
1006 5385 1069 5439 τὸ
1100 5380 1192 5446 οὖς
1220 5398 1319 5453 μου
1347 5380 1448 5452 τὴν
1472 5375 1718 5447 κατάραν

169 5466 298 5555 μου.»
324 5490 432 5544 ιιαι
457 5486 745 5554 ἐπιλέγει·ι
773 5479 920 5548 Ἔξω
933 5479 991 5533 δὲ
1014 5477 1114 5530 οὐκ
1137 5471 1387 5546 ηὐλίζετο
1407 5470 1585 5535 ξένος,
1610 5466 1718 5538 ἡδὲ

168 5579 279 5653 θύρα
307 5599 404 5653 μου
434 5581 596 5635 παντὶ
621 5577 823 5631 ἐλθόντι
850 5573 1113 5643 ἀνέῳκτο,
1143 5589 1162 5621 ι
1199 5566 1321 5621 ἐπεὶ
1341 5562 1414 5636 μὴ
1435 5561 1714 5632 ἀλλότριος

241 5740 280 5771 ⁸⁵
333 5738 437 5797 Job
487 5755 617 5794 nix
716 5733 905 5788 “.16.
982 5731 1027 5761 “
1092 5727 1251 5781 Rom.
1297 5739 1399 5784 xu,
1465 5722 1555 5776 15.
1633 5719 1677 5750 ⁸⁷

241 5827 386 5846 --η
459 5811 528 5846 0::
645 5779 710 5839 ’το
748 5804 850 5846 Ιηιι
928 5816 1077 5846 nn-
1119 5800 1172 5846 ις.
1233 5797 1290 5846 7.
1392 5794 1434 5825 τι
1482 5790 1652 5846 Exod.

1820 5719 1921 5773 tth.
1965 5734 2021 5783 γ,
2089 5718 2156 5785 5;

1860 5789 1946 5844 i6.
2053 5789 2156 5840 τ’.

170 5860 593 5941 Vinicii!“
630 5877 761 5932 Ibid.
808 5875 923 5930 7-8.
968 5872 1046 5955 λ·
1087 5869 1217 5951 Ibid.
1259 5868 1342 5923 ιδ.
1435 5862 1653 5946 "ibid.
1692 5860 1877 5914 14-15.

170 5807 249 5861 Job
286 5827 411 5866 xxx.
459 5811 548 5867 9.5.
647 5797 710 5839 ’⁷⁸
748 5804 850 5859 Job
928 5816 1079 5857 xxxi.
1119 5800 1173 5860 6,
1233 5797 1290 5849 7.

1819 1956 1873 2010 in
1910 1956 2212 2033 disciplinae
2263 1956 2590 2027 evangelica:
2633 1955 2979 2011 documentis
3025 1955 3395 2022 continemur,

1817 2046 2115 2102 humanum
2166 2055 2221 2103 et
2267 2048 2678 2103 misericordem
2730 2062 2856 2119 erga
2902 2047 3132 2103 miseros
3189 2047 3242 2100 iu
3286 2048 3395 2101 vita

1819 2140 2062 2199 animum
2099 2140 2495 2196 demonstravit
2535 2139 2723 2196 dicens
2753 2161 2765 2195 :
2807 2159 2824 2191 ι
2861 2140 2971 2212 Ego
3020 2148 3199 2194 autem
3233 2153 3395 2210 super

1818 2232 1969 2288 omni
2005 2233 2169 2304 inope
2210 2230 2356 2295 ﬂevi,
2396 2240 2451 2287 et
2491 2232 2765 2301 suspiravi
2805 2247 2928 2286 cum
2970 2233 3147 2287 virum
3190 2232 3299 2286 vidi
3342 2230 3398 2285 in

1817 2324 2244 2380 necessitatibus
2266 2324 2332 2378 ‘°.
2370 2345 2389 2378 ι
2427 2324 2629 2381 Deinde
2658 2341 2853 2381 rursus
2883 2341 3006 2380 cum
3041 2324 3397 2379 immodestos

1816 2418 1964 2472 risus
2022 2415 2272 2470 doctrina
2329 2417 2639 2487 evangelica
2677 2424 2920 2488 respuat,
2955 2418 3144 2474 beatus
3194 2417 3282 2471 hic
3313 2416 3398 2472 vir

1816 2517 1970 2563 tanto
2004 2516 2130 2564 ante
2162 2510 2522 2580 pronuntiat:
2556 2528 2575 2562 ι
2609 2508 2665 2564 Si
2699 2526 2827 2566 vero
2856 2510 3128 2565 ambulavi
3156 2525 3279 2564 cum
3303 2510 3417 2569 de--

1818 2601 2106 2664 risoribus,
2138 2608 2193 2654 et
2226 2600 2272 2655 si
2303 2600 2578 2656 festinavit
2604 2616 2700 2673 pes
2741 2616 2894 2656 meus
2922 2599 2988 2655 ad
3021 2599 3228 2661 dolum,
3263 2604 3399 2654 eou-

1818 2693 1933 2748 stiti
1961 2695 2017 2747 in
2049 2699 2254 2749 statera
2288 2692 2459 2762 justa,
2491 2701 2545 2747 et
2578 2693 2729 2747 novit
2766 2692 3029 2748 Dominus
3074 2691 3400 2761 simplicita-

1817 2790 1925 2837 tem
1953 2797 2129 2838 meam
2150 2783 2217 2837 "°.
2258 2802 2276 2834 ι
2314 2781 2580 2848 Quoniam
2619 2798 2748 2836 vero
2780 2780 2945 2837 Mosis
2968 2781 3130 2836 verba
3158 2780 3245 2835 illa
3269 2780 3403 2851 legis

1818 2874 1938 2929 loco
1958 2882 2306 2944 proponunt:
2341 2893 2359 2924 ι
2394 2872 2513 2927 Νοιι
2541 2872 2864 2929 adulterium
2890 2871 3315 2937 committes”,i
3348 2879 3403 2927 et

1818 2972 2048 3020 mortem
2086 2973 2275 3019 contra
2312 2965 2590 3021 adulteros
2628 2980 2847 3036 prunam
2901 2965 3277 3036 constituunt:
3307 2963 3402 3034 qui

1819 3066 1999 3114 autem
2031 3058 2297 3113 doctrinae
2344 3059 2673 3130 evangelicae
2696 3059 2869 3128 legem
2887 3056 3171 3124 describit,
3190 3058 3265 3111 ita
3287 3056 3399 3110 ait:

1827 3166 1846 3200 ι
1884 3145 2096 3203 Dictum
2118 3154 2200 3204 est
2225 3147 2465 3219 antiquis
2495 3166 2507 3202 :
2545 3145 2664 3201 Non
2705 3146 3109 3211 moechaberis;
3144 3161 3245 3214 ego
3275 3160 3420 3206 vero.

1747 3224 1792 3280 (ἶ
1826 3238 1950 3295 dico
1979 3239 2157 3302 vobis,
2201 3255 2270 3295 ne
2304 3240 2373 3295 ab
2419 3239 2575 3295 initio
2620 3237 2840 3309 quidem
2880 3239 3142 3309 Cupere"
3175 3254 3250 3305 ιν»
3282 3253 3432 3307 ερε-⁴

1826 3343 2036 3390 ctemus
2075 3333 2245 3404 probe
2268 3333 2433 3397 hunc,
2468 3332 2534 3387 de
2566 3348 2675 3403 quo
2705 3346 2886 3386 sermo
2913 3339 3017 3394 est,
3046 3328 3405 3403 quemadmo:

1824 3425 1953 3481 dum
1994 3425 2295 3481 secundum
2326 3424 2533 3480 Christi
2563 3423 2914 3495 Evangelium
2946 3424 3156 3485 vivens,
3180 3437 3248 3478 ne
3281 3438 3405 3477 cum

1824 3516 2124 3588 cupiditate
2171 3517 2427 3572 licentius
2480 3517 2772 3587 aspiceret,
2808 3516 2972 3578 cavit.
3010 3516 3065 3570 in
3095 3530 3205 3586 quo
3240 3516 3407 3569 etiam

1823 3608 2183 3678 gloriabatur,
2221 3606 2414 3663 dicens
2445 3627 2457 3662 :
2489 3625 2508 3658 ι
2547 3605 2603 3661 Si
2626 3622 2759 3663 vero
2785 3608 3006 3662 oculum
3042 3614 3291 3662 secutum
3322 3615 3408 3662 est

1822 3717 1920 3759 cor
1948 3717 2126 3757 meum
2162 3701 2216 3755 in
2249 3701 2477 3757 muliere
2502 3700 2728 3757 alterius
2762 3700 2961 3756 viri":
3000 3720 3019 3752 ι
3057 3709 3111 3756 et
3138 3700 3404 3756 rationem

1825 3794 2069 3865 assignat
2104 3792 2363 3865 deinceps
2409 3792 2714 3866 adjungeus
2746 3813 2759 3848 :
2798 3812 2816 3845 ι
2855 3793 3084 3848 Animus
3125 3793 3269 3848 enim
3304 3793 3425 3848 viri

1823 3888 2125 3945 dissolutus
2181 3887 2250 3947 ad
2298 3888 2692 3958 inquinandam
2740 3886 2845 3941 viri
2895 3886 3221 3947 mulierem,
3264 3884 3407 3956 ignis

1822 3983 1968 4040 enim
2009 3989 2093 4037 est
2124 3981 2325 4037 ardens
2366 3982 2422 4035 in
2471 3980 2727 4035 omnibus
2784 3978 3035 4050 partibus
3091 3977 3183 4034 ’δι
3242 3977 3408 4048 quod-

1828 4090 2046 4145 cunque
2085 4080 2267 4128 autem
2306 4072 2589 4137 invaserit,
2620 4070 2883 4127 radicitus
2916 4069 3143 4141 perdere
3174 4084 3410 4126 consue-

1823 4170 1931 4235 vit;
1962 4188 1980 4221 ι
2003 4167 2096 4223 sed
2114 4166 2277 4222 etiam
2295 4166 2641 4237 incorruptos
2660 4163 2946 4235 injudiciis
2969 4179 3150 4219 mores
3174 4163 3404 4227 inducit,

1823 4266 1903 4322 sic
1927 4285 1940 4322 :
1967 4286 1984 4319 ι
2026 4266 2084 4322 Si
2116 4275 2296 4323 autem
2321 4266 2573 4321 manibus
2602 4263 2736 4318 meis
2766 4261 2918 4330 attigi
2948 4273 3194 4320 munera,
3228 4271 3405 4312 seram

1824 4360 1975 4431 ipse,
2018 4371 2072 4416 et
2114 4360 2208 4414 alii
2247 4355 2559 4420 comedunt,
2582 4363 2636 4410 et
2672 4354 2792 4410 sine
2837 4354 3009 4423 stirpe
3055 4349 3317 4411 exsistam
3349 4347 3427 4409 in.

1826 4457 1971 4505 terra
1995 4450 2064 4504 ⁷⁸.
2099 4468 2118 4499 ι
2145 4446 2428 4514 Quomodo
2451 4453 2632 4501 autem
2658 4459 2717 4499 se
2735 4458 2862 4513 erga
2891 4441 3224 4497 domesticos
3252 4453 3407 4509 gere-

1824 4552 1907 4598 ret
1930 4558 1995 4598 ex
2020 4542 2086 4596 iis
2107 4542 2233 4596 licet
2256 4537 2455 4594 intueri
2479 4552 2599 4608 qua:
2624 4534 2803 4597 docet,
2833 4548 2959 4587 cum
2988 4532 3065 4585 ait
3098 4546 3113 4581 :
3140 4549 3159 4581 ι
3193 4528 3249 4583 Si
3273 4543 3407 4583 cou-

1822 4634 2018 4704 tempsi
2056 4632 2239 4690 subire
2264 4630 2533 4703 judicium
2566 4642 2690 4682 cum
2737 4642 2894 4682 servo
2940 4639 3084 4687 meo.
3125 4629 3177 4678 et
3212 4620 3409 4676 ancilla

1826 4741 1969 4791 mea,
2002 4740 2126 4780 cum
2158 4723 2528 4794 disceptarent
2553 4718 2843 4774 adversum
2866 4717 3047 4773 me":
3070 4735 3088 4767 ι
3126 4722 3179 4768 et
3212 4711 3409 4766 deinde

1825 4820 2092 4874 rationem
2122 4817 2402 4887 assignat:
2442 4833 2460 4866 ι
2491 4813 2631 4881 Quid
2656 4813 2801 4868 enim
2818 4810 3035 4872 faciam,
3069 4809 3115 4864 si
3137 4804 3431 4876 judicium,

1826 4922 2019 4969 contra
2053 4928 2141 4967 me
2172 4909 2480 4967 exercuerit
2503 4908 2685 4964 Deus?
2716 4903 2961 4975 nunquid
2998 4918 3109 4957 non
3144 4901 3410 4971 quemadv

1827 5005 2049 5061 modum
2085 5018 2185 5074 ego
2229 5003 2407 5057 factus
2442 5016 2564 5057 sum
2614 5000 2670 5054 in
2717 5010 2903 5061 carne,
2936 5001 2992 5050 et
3035 4993 3116 5049 sic
3164 4993 3239 5047 illi
3280 4990 3409 5046 facti

1826 5096 1996 5153 sunt?
2028 5094 2156 5149 facti
2193 5110 2359 5164 porro
2403 5107 2593 5150 sumus
2637 5091 2694 5145 in
2733 5086 2925 5143 eodem
2966 5095 3126 5141 utero
3148 5084 3220 5147 τ’.
3254 5103 3273 5138 ι
3311 5081 3410 5138 His

1825 5187 2074 5259 adiungit
2106 5202 2119 5237 :
2158 5204 2175 5238 ι
2215 5180 2405 5241 Vidua:
2447 5184 2664 5240 oculum
2708 5194 2819 5234 non
2847 5177 3155 5248 liquescere
3183 5174 3287 5233 feci
3316 5194 3329 5229 :
3361 5175 3412 5231 si

1827 5287 2007 5335 autem
2030 5286 2082 5334 et
2107 5277 2411 5333 buccellam
2440 5290 2615 5329 meam
2631 5270 2844 5328 comedi
2876 5269 3049 5333 solus,
3067 5278 3121 5323 et
3146 5282 3253 5322 non
3283 5279 3410 5319 cum

1826 5369 2033 5442 pupillo
2061 5367 2463 5429 communicavi
2488 5383 2499 5417 :
2530 5372 2584 5420 et
2615 5364 2662 5421 si
2692 5362 2803 5419 vidi
2833 5363 3037 5417 nudum
3068 5364 3433 5430 pereuntem,

1827 5471 1881 5519 et
1911 5479 2020 5518 non
2047 5461 2325 5518 vestivi".
2369 5480 2387 5511 ι
2426 5457 2494 5512 Ει
2533 5457 2793 5529 deinceps
2830 5466 3157 5526 progressus
3207 5449 3289 5505 sic
3321 5446 3410 5506 di:-
3487 5514 3500 5538 β

1823 5555 1900 5611 cit
1928 5575 1941 5609 :
1977 5574 1995 5608 ι
2035 5553 2095 5610 Si
2125 5570 2254 5611 vero
2286 5560 2340 5609 et
2381 5553 2436 5607 in
2460 5550 2639 5622 lapide
2665 5547 2907 5621 pretioso
2938 5544 3190 5599 ﬁduciam
3217 5539 3410 5621 habui,

2222 5715 2359 5770 Luc.
2401 5731 2482 5780 vr,
2537 5714 2631 5769 2|.
2710 5711 2756 5743 ⁸³
2793 5708 2816 5763 I
2852 5707 2991 5780 Cori
3022 5721 3135 5769 xu,
3194 5701 3323 5780 9.6._
3357 5703 3412 5780 ξ’

2053 5789 2097 5819 ⁷²
2143 5771 2339 5842 ’Μοιιὶι.
2380 5803 2429 5855 νὴ
2470 5771 2564 5853 ἱ2⁸1,
2604 5784 2711 5855 28..
2804 5780 2868 5847 ⁷³,
2909 5776 3013 5833 Job
3068 5792 3216 5839 mu,
3254 5771 3406 5847 ⁸’ῖ-θ.

1986 5859 2031 5890 ⁷⁸
2070 5859 2199 5913 ibid.
2244 5858 2358 5913 164
2371 5850 2429 5913 9.“
