4056 6418
548 367 613 396 EF?

545 377 612 422 55
1175 377 1444 437 EUSEBII
1481 383 1961 440 C/ESARIENSIS
1995 384 2145 443 OPP.
2170 385 2367 474 ‘PARS
2408 386 2471 442 ll.
2513 417 2582 428 -—
2614 383 3117 442 APOLUGETICA.
3716 382 3784 439 56

544 503 596 552 et
618 495 829 552 laetatus
860 511 1002 559 sum,
1032 511 1154 553 cum
1187 499 1367 554 multa:
1385 501 1513 554 mihi
1538 501 1738 557 invitia
1761 513 1962 567 essent,
1990 512 2044 560 et
2067 506 2115 560 si

2221 505 2310 558 τοῦ
2347 507 2638 575 φήσαντος·
2655 523 2671 555 ι
2698 505 3038 576 Ξένοςῆμην,
3058 503 3151 556 καί
3175 499 3510 574 συνηγάγετέ
3527 519 3613 572 με.
3631 521 3649 554 ι
3683 500 3782 555 Οἷα

548 588 614 640 :ul
652 589 1066 644 innumerabilia
1091 590 1244 659 posui
1268 607 1489 646 manum
1523 611 1696 649 meam
1719 596 1783 652 ⁷⁹.
1817 617 1836 649 ›
1876 599 1979 671 16
2007 599 2112 653 Ra-

543 680 856 750 tionemque
882 681 1008 736 item
1039 681 1283 753 adiungit
1312 699 1326 734 :
1365 703 1382 735 ι
1419 684 1500 740 An
1532 702 1640 741 non
1670 688 1917 744 videmus
1943 693 2112 746 solem

543 770 677 824 oriri
717 785 780 824 ac
820 769 1074 834 deiicere,
1114 772 1409 842 lunamque
1454 775 1806 832 desinere“?
1840 797 1858 830 ι
1898 778 2113 836 Rursus

543 875 672 916 cum
705 861 952 916 doctrina
989 865 1300 934 evangelica
1341 865 1486 919 dicat
1516 886 1529 921 :
1561 885 1579 917 ι
1617 865 1828 924 Dictum
1858 879 1941 926 est
1970 872 2107 927 anti-

544 955 669 1026 quis
697 972 710 1009 :
743 953 943 1027 Diliges
971 957 1274 1026 proximum
1309 964 1482 1022 tuum,
1514 967 1568 1013 et
1601 960 1725 1016 odio
1752 963 1978 1019 habebis
2010 965 2114 1019 ini-

541 1049 744 1103 micum
771 1057 942 1102 tuum.
973 1047 1081 1118 Ego
1117 1059 1295 1105 autem
1329 1051 1454 1105 dico
1489 1053 1662 1118 vobis,
1697 1055 1902 1125 diligite
1932 1057 2113 1111 inimi-

545 1154 641 1195 cos
669 1148 881 1195 vestros
899 1141 976 1194 In:
1013 1162 1031 1194 ›
1056 1141 1392 1199 admirabilis
1418 1144 1506 1198 hic
1541 1145 1623 1200 vir
1651 1146 1836 1201 innata
1861 1148 2110 1204 doctrina

543 1233 901 1303 pratvenieus,
935 1237 1109 1302 ipsum
1139 1251 1276 1305 opus
1323 1237 1635 1307 complevit.
1668 1238 1812 1310 Ergo
1835 1241 1915 1296 sic
1943 1241 2116 1312 loqui-

542 1332 675 1376 tur:
712 1343 730 1374 ι
764 1324 818 1378 Si
854 1326 1072 1396 gavisus
1111 1342 1233 1381 sum
1270 1344 1436 1400 super
1479 1331 1634 1384 ruina
1666 1331 1872 1388 inimici
1900 1335 2026 1399 mei,
2060 1343 2115 1389 et

544 1414 682 1470 dixit
711 1432 807 1471 cor
832 1434 1036 1487 meum,
1065 1417 1230 1490 Euge,
1258 1420 1443 1474 audiat
1469 1436 1600 1478 sane
1629 1424 1780 1481 auris
1810 1441 1926 1480 mea
1957 1442 2114 1482 exse-

543 1511 843 1567 crationem
890 1515 1146 1570 meam”.
1187 1533 1205 1567 ι
1241 1515 1379 1571 Tum
1422 1517 1672 1590 adjungit
1709 1535 1723 1571 :
1766 1537 1785 1572 ι
1819 1519 1975 1576 Foris
2017 1536 2114 1577 au-

545 1611 655 1660 tem
688 1620 796 1658 non
827 1605 1027 1661 mansit
1054 1606 1404 1678 Peregrinus,
1443 1620 1498 1666 et
1519 1611 1720 1666 ostium
1753 1628 1934 1668 meum
1967 1615 2115 1670 omni

543 1696 781 1751 venienti
814 1699 988 1768 patuit
1009 1699 1076 1759 ⁸³,
1118 1719 1137 1752 ›
1169 1715 1234 1754 eo
1267 1701 1411 1771 quod
1452 1718 1562 1758 non
1602 1703 1815 1762 alienus
1856 1716 2001 1762 esset
2047 1708 2116 1764 ab

544 1801 611 1843 co
633 1788 723 1858 qui
741 1788 878 1843 dixit
903 1810 915 1844 :
953 1809 972 1842 ι
1004 1789 1328 1862 Peregrinus
1353 1810 1497 1862 sum,
1518 1802 1572 1850 et
1587 1796 1880 1868 collegistis
1905 1814 1990 1852 me
2009 1799 2108 1854 ⁸⁵.»

2217 596 2273 650 δὲ
2303 596 2580 650 αὐτοῦκαὶ
2608 595 2677 648 τά
2698 595 2952 667 περὶτῶν
2979 594 3246 648 ἀκουσίων
3280 591 3780 663 πλημμελημάτων,

2219 691 2516 744 ἐπάκουσον
2553 688 2818 758 λέγοντος
2857 707 2875 740 ι
2928 688 2990 739 Εἰ
3029 686 3083 738 δὲ
3110 685 3202 740 καὶ
3232 684 3488 756 ἁμαρτὼν
3520 682 3786 748 ἀκουσίως

2219 782 2428 855 ἔκρυψα
2450 783 2548 854 τὴν
2599 780 2870 853 ἁμαρτίαν
2905 797 3025 850 μου,
3070 780 3128 832 ού
3171 778 3279 850 γάρ
3300 777 3594 850 διετράπην
3621 776 3783 828 πολυ-

2219 876 2399 946 οχλίαν
2429 873 2790 947 πλήθους,τοῦ
2825 873 2898 944 μὴ
2935 871 3287 943 ἐξαγορεῦσαι
3327 867 3553 923 ἐνώπιον
3587 867 3783 922 αὐτῶν.

2218 967 2283 1020 Εἰ
2313 967 2369 1020 δὲ
2395 966 2488 1020 καὶ
2512 968 2665 1020 εἴασα
2686 965 2942 1018 ἀδύνατον
2966 963 3196 1031 ἐξελθεῖν
3223 962 3320 1034 τὴν
3341 962 3509 1034 θύραν
3537 979 3634 1033 μου
3664 959 3788 1014 κόλ-

2221 1077 2307 1129 πῳ
2343 1059 2501 1130 κενῷ,
2533 1060 2689 1129 χεῖρα
2711 1057 2768 1110 δὲ
2802 1057 3004 1128 Κυρίου
3029 1058 3076 1110 εί
3106 1055 3179 1126 μὴ
3211 1055 3514 1118 ἐδεδοίκειν,
3551 1069 3792 1123 συγγρα-

2219 1149 2326 1221 φὴν
2357 1148 2411 1202 δὲ
2433 1151 2498 1218 ἦν
2535 1143 2678 1218 εῖχον
2721 1147 2862 1200 κατά
2880 1163 3043 1210 τινος,
3081 1147 3126 1198 εί
3178 1145 3251 1217 μὴ
3287 1144 3454 1215 ῥήξας
3485 1143 3652 1212 αὐτὴν
3683 1142 3787 1194 ἀπ-

2220 1242 2416 1305 έδωκα,
2437 1243 2586 1296 οὐδὲν
2625 1241 2800 1295 λαϐὼν
2834 1241 2980 1312 παρά
3023 1237 3430 1312 χρεωφειλέτου.
3463 1256 3480 1288 ›
3507 1235 3694 1289 Ταῦτα
3721 1231 3788 1305 ἦν

2220 1335 2312 1387 καὶ
2335 1333 2402 1386 τὰ
2432 1334 2652 1387 τοιαῦτα
2679 1333 2788 1386 τῶν
2821 1333 2925 1404 πρὸ
2971 1332 3214 1393 Μωσέως
3278 1328 3537 1398 θεοφιλῶν
3580 1327 3789 1398 ἀνδρῶν

2223 1423 2301 1494 (ἐξ
2333 1425 2449 1487 ἐνὸς
2472 1423 2580 1495 γὰρ
2615 1425 2708 1478 καὶ
2732 1424 2822 1477 τὸν
2853 1423 2960 1477 τῶν
2982 1423 3182 1475 λοιπῶν
3206 1419 3598 1492 τεκμαίρεσθαι
3630 1435 3791 1490 προσ-
3882 1425 3889 1436 ”

2221 1518 2344 1588 ήκει
2376 1516 2531 1587 βίον),
2565 1516 2632 1570 τά
2667 1517 3009 1589 περιύμνητα
3047 1515 3145 1585 τῆς
3185 1513 3492 1579 θεοσεϐείας
3521 1508 3679 1574 ἆθλα,
3721 1511 3786 1563 δι’

2219 1606 2256 1660 ἀ
2280 1607 2420 1676 φίλοι
2444 1607 2578 1661 Θεοῦ
2623 1607 2717 1661 καὶ
2755 1607 3031 1679 προφῆται
3057 1603 3486 1676 κατηξιώθησαν.
3520 1601 3792 1662 Τοιούτοις

2220 1702 2264 1755 δ’
2283 1697 2422 1765 οῦσι,
2451 1701 2534 1764 τίς
2562 1699 2640 1754 ἔτι
2663 1699 2820 1772 χρεία
2842 1694 2910 1770 ἦν
2931 1698 3040 1751 τῶν
3087 1698 3243 1769 παρὰ·
3261 1697 3451 1751 Μωσεί
3479 1694 3788 1766 παραγγελ-

2225 1793 2410 1865 μάτων
2456 1792 2677 1862 φαύλοις
2719 1791 2940 1863 ἀνδράσι
2977 1790 3069 1842 καὶ
3103 1789 3392 1860 μοχθηροῖς
3435 1787 3792 1859 παραδεὼμέο

544 1881 736 1948 Qualia
771 1899 935 1952 porro
979 1885 1108 1949 sint,
1147 1901 1268 1955 quae
1309 1886 1452 1943 idem
1494 1889 1694 1944 sentiat
1733 1889 1800 1945 de
1851 1892 2110 1961 peccatis,

2221 1897 2348 1946 νων;
2388 1879 2596 1933 Οὐκοῦν
2637 1879 2724 1932 διά
2753 1879 2956 1932 τούτων
2997 1879 3252 1932 ἁπάντων
3287 1877 3376 1930 τὸν
3413 1877 3788 1947 ἀρχαιότατον,

545 1988 668 2046 quae
709 1988 903 2046 prater
951 1979 1285 2033 voluntatem
1340 1981 1780 2048 committuntur,
1810 1984 1939 2039 audi
1980 2000 2118 2039 eun-

547 2068 668 2123 «lem
694 2067 964 2125 dicentem
993 2088 1006 2125 :
1035 2089 1057 2122 ι
1094 2070 1248 2138 Quod
1279 2071 1326 2125 si
1371 2073 1563 2130 nolens
1597 2075 1714 2144 ipse
1757 2076 2114 2145 peccaverim,

468 2223 471 2227 Ι
545 2165 600 2212 et
625 2166 907 2228 peccatum
951 2175 1130 2214 meum
1173 2161 1586 2227 occultaverim,
1617 2179 1727 2218 non
1754 2165 1898 2219 enim
1928 2165 2116 2220 horrui

545 2251 931 2305 turbulentiam
977 2251 1364 2315 multitudinis,
1411 2269 1479 2309 ne
1513 2255 1855 2311 enuntiarem
1900 2257 1955 2311 in
1981 2272 2116 2312 con-

549 2353 738 2410 spectu
783 2358 971 2398 eorum
1004 2362 1016 2397 :
1061 2345 1105 2398 si
1143 2358 1270 2398 vero
1305 2343 1528 2414 permisi
1561 2345 1774 2417 inopem
1810 2348 1960 2403 abire
1992 2349 2116 2403 sinu

546 2447 742 2500 vacuo,
774 2441 828 2487 et
854 2447 1073 2486 manum
1118 2431 1329 2487 Domini
1371 2435 1418 2488 si
1462 2448 1572 2488 non
1613 2437 1863 2501 extimui,
1890 2452 2119 2508 syngra-

546 2521 708 2591 pham
754 2530 958 2587 autem,
989 2538 1151 2594 quam
1184 2523 1350 2578 habui
1385 2523 1647 2582 adversus
1685 2529 2029 2598 quempia,
2070 2530 2115 2584 si

548 2625 656 2665 non
687 2611 916 2667 scissam
966 2628 1083 2668 eam
1128 2613 1359 2678 reddidi,
1414 2616 1549 2671 nihil
1597 2619 1872 2690 accipiens
1904 2633 1933 2671 a
1963 2617 2116 2673 debi-

546 2705 747 2762 tore“.
781 2721 800 2756 ›
834 2703 956 2758 [hec
996 2705 1158 2776 igitur
1188 2717 1348 2777 atque
1381 2707 1691 2779 huiusmodi
1726 2718 1883 2766 erant
1913 2711 1965 2764 in
2012 2710 2115 2772 iis,

548 2798 642 2869 qui
706 2803 833 2852 ante
887 2796 1087 2853 Moscm
1138 2797 1379 2864 fuerunt,
1429 2801 1562 2857 viris
1617 2802 1824 2856 sanctis
1871 2802 1957 2873 (de
2007 2804 2117 2856 vita

547 2889 693 2944 enim
721 2887 883 2942 unius
917 2887 1249 2956 reliquorum
1278 2888 1406 2941 item
1440 2890 1716 2958 conjicere
1741 2891 1906 2944 vitam
1943 2892 2116 2964 licet),

547 2995 647 3052 pro
677 2979 935 3048 religione
960 2979 1210 3034 videlicet
1258 2979 1458 3035 divinis
1492 2981 1744 3037 laudibus
1791 2983 2116 3040 celebranda

547 3069 872 3131 certamina.
908 3084 1006 3140 per
1046 3085 1165 3140 qua:
1210 3077 1264 3125 et
1315 3071 1473 3126 amici
1501 3071 1616 3135 Dei,
1657 3081 1711 3126 et
1751 3074 2024 3144 prophetae
2057 3083 2117 3128 ut

549 3161 896 3224 exsisterent,
944 3160 1090 3231 digiti
1122 3161 1294 3217 etlecti
1354 3171 1502 3218 sunt.
1553 3163 1712 3220 Tales
1771 3175 1950 3222 autem
1991 3182 2115 3221 eum

549 3261 752 3316 essent,
783 3252 912 3323 quid
943 3252 1049 3306 illis
1079 3262 1345 3325 praecepta
1382 3255 1548 3310 Musis
1573 3257 1833 3327 prodesse
1847 3266 2116 3328 poterant,

550 3358 671 3414 quae
704 3343 1016 3416 vulgaribus
1063 3355 1224 3418 atque
1275 3348 1637 3403 insolentibus
1677 3349 1812 3404 viris
1846 3349 2120 3420 descripta

550 3445 604 3489 et
635 3434 834 3491 tradita
866 3439 1030 3493 sunt?
1059 3438 1131 3492 Ex
1167 3440 1250 3495 his
1290 3440 1454 3511 igitur
1497 3442 1752 3496 omnibus
1780 3441 1925 3511 quod
1968 3452 2123 3498 vetu-

553 3525 852 3581 stissimum
910 3528 1209 3599 primorum
1261 3527 1481 3584 Patrum
1532 3530 1812 3602 religionis
1879 3547 2117 3596 morem,

551 3621 766 3674 cunctis
791 3620 1042 3692 gentibus
1070 3621 1273 3678 Christi
1303 3621 1525 3677 verbum
1555 3621 1978 3686 denuntiaverit,
2001 3638 2119 3676 ma-

551 3711 904 3770 nifestissime
935 3721 1177 3784 apparet,
1203 3729 1271 3768 ne
1301 3711 1704 3769 Testamentum
1735 3713 1943 3769 Novum
1976 3715 2122 3770 aliud

552 3819 674 3858 esse
697 3811 970 3874 putemus,
1004 3819 1166 3882 quam
1196 3803 1636 3875 antiquissimam
1671 3805 1815 3859 illam
1850 3805 2118 3861 Mosaico—

552 3911 673 3952 rum
699 3904 1002 3967 temporum
1036 3896 1285 3970 religioni
1315 3897 1658 3966 coniunctam
1688 3897 1902 3953 civilem
1924 3899 2123 3952 oratio-

553 4002 699 4051 nem,
727 3995 786 4043 ut
814 3997 866 4043 et
897 3998 1051 4044 vetus
1102 3990 1323 4058 pariter,
1354 3995 1410 4042 et
1443 3987 1586 4043 idem
1618 4003 1817 4042 novum
1849 3989 2122 4057 possimus

553 4080 738 4136 dicere
765 4097 780 4132 :
816 4089 971 4136 vetus
1001 4080 1219 4150 quidem
1262 4088 1486 4150 propter
1513 4095 1578 4136 ea
1601 4096 1726 4151 quae
1748 4080 2121 4136 demonstrata

551 4178 682 4227 sunt
710 4187 723 4223 :
753 4186 951 4226 novum
981 4180 1159 4227 autem
1192 4179 1497 4242 propterea,
1531 4171 1678 4241 quod
1702 4171 1861 4242 longo
1886 4180 2010 4241 post
2042 4174 2123 4226 in—

550 4263 780 4318 tervallo
811 4264 968 4332 quasi
1012 4262 1325 4316 hominibus
1366 4260 1770 4327 absconditum,
1803 4277 1996 4318 rursus
2025 4277 2122 4333 per

554 4356 853 4411 Salvatoris
875 4355 1046 4410 nostri
1076 4355 1380 4410 doctrinam
1410 4353 1664 4409 revixerit
1689 4369 1701 4405 :
1727 4363 1841 4408 toto
1873 4370 2000 4408 vero
2021 4354 2123 4407 hoc

553 4449 734 4506 medio
765 4448 833 4504 de
861 4465 975 4519 quo
1023 4447 1229 4504 dictum
1264 4455 1349 4504 est
1398 4455 1657 4517 tempore,
1705 4447 1946 4518 quandiu
1987 4446 2119 4501 Novi

553 4540 883 4598 Testamenti
909 4555 1045 4605 mos,
1071 4549 1130 4596 ut
1161 4541 1408 4595 homines
1433 4541 1647 4600 lateret.
1676 4550 1728 4596 et
1758 4539 1918 4610 quasi
1939 4539 2121 4608 quiete

2145 3213 2191 3275 C

2215 1970 2317 2040 τῆς
2342 1967 2450 2022 τῶν
2484 1969 2841 2041 προπατόρων
2865 1966 3172 2030 θεοσεϐείας
3213 1967 3433 2038 τρόπον,
3471 1968 3498 2018 ὁ
3551 1966 3788 2038 Χριστοῦ

2217 2064 2386 2132 Λόγος
2409 2063 2542 2115 πᾶσι
2579 2061 2939 2130 καταγγείλας
2970 2063 3080 2124 τοῖς
3117 2059 3293 2112 ἔθνεσι
3330 2059 3622 2130 προφανῶς
3651 2061 3786 2112 ἀπο-

2216 2151 2497 2216 δέδεικται,
2512 2151 2586 2214 ὡς
2596 2148 2732 2204 εἶναι
2747 2151 2846 2222 τὴν
2861 2151 3064 2220 Καινὴν
3075 2149 3608 2221 Διαθῆκηνμοὺδίὖω)
3627 2149 3790 2220 ἄλλην

2218 2244 2429 2314 ἐκείνης
2448 2243 2548 2314 τῆς
2576 2242 2936 2314 ἀρχαιοτάτης
2967 2242 3073 2295 τῶν
3103 2242 3344 2304 Μωσέως
3377 2241 3582 2312 χρόνων
3636 2241 3791 2294 εὐσε-

2216 2336 2346 2400 ϐοῦς
2387 2335 2682 2400 πολιτείας,
2717 2335 2858 2389 ὥστε
2897 2334 3034 2406 ὁμοῦ
3069 2335 3162 2387 καὶ
3191 2333 3427 2387 παλαιὰν
3448 2334 3617 2404 αὐτὴν
3650 2331 3789 2388 εἶναι

2219 2429 2311 2481 καὶ
2361 2428 2501 2482 νέανο
2550 2427 2914 2498 παλαιοτάτην
2959 2428 3056 2498 μὲν
3092 2425 3180 2480 διὰ
3227 2425 3296 2478 τά
3341 2425 3788 2496 ἀποδεδειγμένα,

2217 2520 2342 2573 νέαν
2377 2519 2434 2574 δὲ
2479 2516 2633 2584 αὖθις
2669 2520 2757 2573 διὰ
2800 2521 2880 2584 τὸ,
2923 2523 3152 2590 μακροξ
3197 2523 3310 2582 τοῖς
3354 2519 3555 2590 μεταξὺ
3580 2520 3790 2590 χρόνοις

2217 2613 2405 2686 ὥσπερ
2431 2615 2833 2687 ἀποκρυϐεῖσαν
2861 2614 2920 2678 ἐξ
2953 2613 3272 2685 ἀνθρώπων,
3305 2609 3460 2676 αὖθις
3487 2613 3760 2666 ἁναϐεϐιω
3779 2641 3790 2651 -

2217 2705 2369 2759 κέναι
2401 2705 2488 2759 διὰ
2513 2707 2613 2776 τῆς
2643 2707 2737 2760 τοῦ
2759 2706 3010 2777 Σωτῆρος
3029 2705 3182 2775 ἡμῶν
3201 2704 3512 2757 διδασκαλία
3524 2721 3562 2766 ς.
3588 2702 3798 2757 Τοῦτόν

2217 2799 2281 2866 γέ
2307 2816 2388 2852 τοι
2419 2799 2511 2851 τὸν
2547 2798 2746 2870 μεταξὺ
2773 2797 3097 2870 δηλούμενον
3137 2796 3326 2867 χρόνον
3363 2794 3468 2858 ἕως
3514 2793 3790 2848 συνέϐαινε

2217 2889 2495 2942 λανθάνειν
2511 2889 2847 2960 ἀνθρώπους,
2873 2889 2962 2942 καὶ
2980 2887 3127 2940 ὥσπε
3137 2904 3168 2958 ρ
3196 2886 3556 2957 ἐφησυχάζειν
3578 2887 3669 2939 τὸν
3693 2888 3800 2956 τῆς

2217 2979 2424 3050 Καινῆς
2465 2979 2735 3050 Διαθήκης
2765 2980 2983 3051 τῷπον,
3031 2981 3058 3031 ὁ
3089 2979 3328 3042 Μωσέως
3355 2980 3414 3030 ἐν
3461 2977 3538 3049 τῷ
3591 2979 3798 3049 μεταξὺ.

2219 3070 2592 3140 παρεισελθὼν
2618 3072 2800 3142 νόμος,
2829 3067 2918 3124 οἷά
2937 3089 3020 3134 τις
3041 3071 3250 3142 νηπίων
3273 3072 3366 3123 καὶ
3386 3070 3591 3124 ἀτελῶν
3605 3069 3793 3140 ψυχῶν

2221 3162 2510 3233 ἐπίτροπος
2529 3163 2622 3216 καὶ
2641 3163 2940 3234 οἰκονόμος,
2966 3163 2998 3233 ἣ
3020 3164 3113 3217 καὶ
3133 3161 3334 3234 ίατρδς,
3353 3163 3498 3232 δεινῇ
3525 3162 3618 3215 καὶ
3631 3163 3791 3230 Λίγυ⁹

2225 3256 2427 3325 πτιακῇ
2451 3255 2589 3324 νόσῳ
2611 3256 3007 3326 τετρυχωμένῳ
3033 3255 3110 3326 τῷ
3138 3256 3298 3308 παντὶ
3332 3253 3600 3307 Ἰουδαίων
3629 3253 3794 3316 ἔθνει,

2223 3347 2407 3410 αὐτοῖς
2439 3347 2501 3417 δὴ
2535 3351 2646 3410 τοῖς
2679 3347 2774 3400 τοῦ
2835 3347 3082 3419 Ἀϐραὰμ
3120 3347 3406 3415 ἀπογόνοις
3442 3347 3516 3418 μὴ
3555 3346 3687 3409 οἵοις
3734 3362 3794 3400 τε

2220 3433 2369 3492 οὖσιν
2398 3438 2596 3509 ὁμοίως
2627 3441 2737 3502 τοῖς
2778 3439 3119 3510 προπάτορσι
3161 3437 3479 3510 κατορθοῦν,
3524 3438 3618 3490 τὸν
3659 3438 3794 3490 ὑπο-

2222 3533 2490 3604 ϐεϐηκότα
2515 3533 2609 3585 καὶ
2643 3531 2804 3602 ἀτελῆ
2839 3531 2954 3601 βίον
2996 3531 3302 3602 παρεδίδου.
3357 3529 3574 3601 Ἐπειδὴ
3600 3529 3707 3600 γὰρ
3734 3531 3796 3583 ἐν

2220 3629 2285 3697 τῇ
2318 3625 2446 3696 παρ’
2476 3623 2790 3693 Αἰγυπτίοις
2817 3623 3061 3694 διατριϐῇ
3080 3618 3226 3678 οῦτοι
3261 3623 3396 3694 μετά
3426 3622 3647 3694 τὴντῶν
3672 3622 3794 3676 θεοο

2223 3716 2392 3787 φιλῶν
2458 3715 2813 3786 προπατόρων
2873 3715 3150 3785 τελευτὴν,
3194 3717 3316 3778 ταῖς
3395 3715 3793 3784 Αίγυπτιακαῖς

2221 3807 2621 3878 ὁμοιοτροπίαις
2642 3805 2998 3874 ἀπαχθέντες,
3015 3807 3107 3860 ἐπὶ
3118 3807 3215 3879 τὴν
3237 3805 3515 3870 πολύθεον,
3535 3805 3610 3868 ώς
3635 3806 3794 3876 ἔφην,

2222 3899 2639 3970 δεισιδαιμονίαν
2672 3899 3160 3962 ἀποπεπτώκεσαν,
3190 3900 3264 3963 ώς
3296 3899 3461 3970 μηδὲν
3495 3899 3603 3951 τῶν
3629 3901 3797 3968 Λίγυ-

2224 3991 2393 4046 πτίων
2421 3991 2580 4044 πλέον
2611 3990 2755 4062 ἔχειν
2798 3991 2993 4053 δοκεῖν,
3038 3993 3316 4062 γεγονέναι
3355 3993 3411 4046 δὲ
3450 3993 3590 4047 κατά
3617 3993 3798 4048 πάντα

2223 4083 2441 4155 ὁμοίους
2466 4083 2668 4151 αὐτοῖς,
2701 4085 2842 4138 κατά
2867 4102 2928 4138 τε
2961 4085 3058 4155 τὴν
3086 4085 3194 4138 τῶν
3224 4084 3454 4138 εἰδώλων
3477 4085 3705 4155 πλάνην,
3737 4084 3801 4137 ἔνι

2222 4193 2281 4228 τε
2306 4179 2418 4240 τοῖς
2445 4175 2626 4241 ἄλλοις
2660 4177 3053 4249 ἐγχειρήμασιν
3071 4194 3083 4206 ·
3114 4175 3358 4242 εἰκότως,
3385 4177 3575 4249 ὥσπερ
3603 4178 3666 4230 ἐκ
3700 4176 3796 4247 βυ-

2227 4267 2320 4319 θοῦ
2357 4267 2541 4320 κακῶν
2573 4265 2916 4338 ἀνιμώμενος
2944 4267 3138 4330 αὐτοὺς
3163 4267 3191 4319 ό
3211 4266 3436 4337 Μωσῆς,
3467 4267 3670 4338 ἀφίστη
3699 4268 3805 4336 μὲν

2224 4359 2325 4428 τῆς
2357 4357 2516 4412 ἀθέου
2560 4356 2866 4419 πολυθεῖας,
2904 4356 3074 4426 ἀνῆγε
3105 4357 3162 4410 δὲ
3207 4358 3299 4411 ἐπὶ
3331 4358 3424 4411 τὸν
3457 4357 3672 4411 πάντων
3704 4357 3800 4428 δη-

2231 4447 2487 4519 μιουργὸν
2536 4448 2688 4512 Θεὸν,
2735 4448 2948 4520 πρῶτον
2987 4448 3194 4502 ἐκεῖνον
3239 4448 3449 4519 βαθμὸν.
3495 4448 3796 4513 εὐσεϐείας,

2227 4540 2302 4603 ώς
2344 4541 2401 4591 ἐν
2445 4541 2773 4608 εἰσαγωγαῖς
2817 4539 2909 4594 καὶ
2943 4538 3267 4611 προθύροις,
3312 4539 3420 4594 τῶν
3451 4538 3804 4611 τελεωτέρων

553 4649 617 4689 ac
674 4634 893 4691 silentio
942 4641 1240 4699 teneretur,
1282 4635 1505 4690 evenit:
1551 4632 1717 4688 Mosis
1779 4633 1986 4688 interea
2030 4633 2117 4687 lex

2227 4629 2682 4702 προϐεϐλημένος.
2721 4631 2950 4685 Ἔπειτα
2993 4632 3054 4685 οὐ
3109 4631 3374 4702 φονεύειν,
3404 4632 3466 4685 οὐ
3502 4631 3798 4702 μοιχεύειν,

553 4726 798 4796 ingressa
841 4727 999 4800 quasi
1045 4726 1332 4798 puerilium
1388 4725 1937 4794 impertectorumque
2001 4725 2122 4779 ani-

554 4831 770 4871 marum
824 4819 1067 4874 curatrix
1119 4817 1402 4888 quaedam,
1455 4809 1512 4872 ei
1571 4817 1966 4887 gubernatrix,
2026 4823 2123 4871 aut

555 4909 718 4962 etiam
753 4909 948 4964 medici
991 4908 1280 4978 cujusdam
1316 4909 1514 4970 instar,
1558 4909 1707 4977 gravi
1765 4906 2123 4978 Egyptiaco-

553 5016 660 5070 que
688 5001 802 5071 l7
846 5001 1036 5057 morbo
1064 5001 1327 5057 laboranti
1359 4999 1625 5055 universae
1666 4997 1978 5054 Iudaeorum
2021 5015 2121 5054 na-

551 5094 714 5158 tioni,
764 5094 898 5166 ipsis
941 5097 1190 5152 videlicet
1227 5092 1458 5146 Abrahae
1500 5094 1818 5162 nepotibus,
1865 5103 1920 5149 et
1965 5095 2123 5148 abeo

553 5201 726 5256 genus
773 5187 1133 5249 trahentibus,
1180 5185 1269 5256 qui
1324 5198 1430 5237 non
1474 5184 1927 5252 quemadmodum
1961 5185 2123 5254 primi

556 5283 760 5345 patres,
787 5277 861 5330 ita
902 5277 1003 5349 ipsi
1043 5293 1218 5343 suam,
1247 5290 1367 5343 qua:
1400 5272 1695 5330 subsecuta
1724 5283 1828 5340 est,
1863 5274 2120 5344 imperfe-

553 5370 781 5423 ctiorem
811 5369 979 5425 vitam
1012 5369 1248 5438 dirigere
1287 5377 1555 5442 poterant.
1604 5363 1804 5424 tradita
1849 5372 1952 5420 est.
1988 5364 2122 5419 Nam

555 5462 682 5530 quia
717 5476 843 5517 cum
877 5459 1148 5532 Egyptiis
1191 5472 1472 5520 versantes
1515 5469 1638 5534 post
1679 5467 1993 5513 sanctorum
2024 5456 2126 5511 l’a-

553 5558 699 5607 trum
734 5564 987 5617 mortem,
1021 5551 1466 5625 Egyptiacorum
1511 5566 1725 5608 morum
1773 5549 2127 5606 similitudine

2224 4723 2286 4776 ού
2332 4721 2612 4790 κλέπτειν,
2663 4723 2763 4777 οὑκ
2811 4724 3109 4796 ἐπιορκεῖν,
3165 4724 3266 4776 οὐκ
3302 4724 3538 4796 ἄρρενας
3574 4724 3805 4796 ἄρρεσιν

2228 4813 2627 4885 ἐπιμαίνεσθαι,
2661 4815 2718 4868 οὑ
2761 4814 3050 4888 μητράσιν,
3079 4815 3179 4868 οὐκ
3219 4815 3504 4884 ἀδελφαῖς,
3536 4815 3599 4868 οὺ
3629 4815 3807 4882 θυσία-ς

2229 4906 2421 4979 τράσιν
2475 4906 2882 4978 ἐπιμίγνυσθαι,
2942 4908 3049 4962 οὐδ’
3090 4909 3191 4960 ὅσα
3234 4907 3460 4961 τοιαῦτα
3509 4908 3621 4970 τοῖς
3676 4907 3799 4959 τότε

2227 4998 2489 5071 πράττειν
2541 4999 2688 5068 ἐξῆν,
2737 4998 2953 5068 ἀφόϐως
3003 4996 3316 5068 συνεχώρει.
3355 4996 3691 5069 Παραλαϐὼν
3741 4997 3805 5050 δὲ

2226 5090 2287 5155 ἐξ
2315 5091 2588 5162 ἀνημέρου
2620 5091 2714 5144 καὶ
2746 5090 3040 5162 θηριώδους
3064 5090 3177 5160 βίου
3196 5089 3561 5160 λογικωτέραν
3584 5088 3678 5142 καὶ
3711 5087 3793 5142 εὕε

2226 5201 2388 5254 νομον
2423 5185 2480 5235 ἐν
2519 5186 2629 5246 τοῖς
2678 5183 2794 5235 τότε
2838 5182 3050 5254 χρόνοις
3093 5181 3389 5242 πολιτείαν,
3433 5179 3649 5250 πρῶτος
3707 5181 3802 5233 ἐπὶ

2226 5277 2328 5347 γῆς
2363 5276 2450 5330 διά
2477 5274 2697 5346 γραφῆς
2731 5275 3094 5343 συνεστήσατο
3114 5313 3128 5336 ,
3161 5271 3313 5326 οῦπω
3348 5271 3468 5325 τότε
3500 5273 3666 5324 πᾶσιν
3706 5270 3800 5326 ἀν·-

2230 5366 2468 5438 θρώποις
2517 5365 2782 5433 ἐκφανοῦς
2829 5364 2980 5426 ὄντος
3037 5362 3157 5416 οὐδὲ
3196 5362 3291 5416 τοῦ
3334 5361 3536 5415 τοιονδὶ
3573 5361 3801 5432 τρόπου.

2232 5454 2362 5510 Εἶτα
2392 5457 2449 5510 δὲ
2471 5456 2619 5509 ώσάν
2647 5454 2889 5509 ἀτελέσιν
2933 5453 3178 5508 ἀπειπὼν
3208 5453 3306 5524 τὴν
3338 5452 3802 5524 είδωλολατρείαν,

2235 5549 2444 5611 θυσίαις
2489 5547 2580 5600 καί
2623 5563 2730 5599 τισι
2784 5544 3257 5615 σωματικωτέροις
3299 5544 3390 5596 τὸν
3430 5544 3528 5598 ἕνα
3573 5543 3668 5597 καὶ
3709 5542 3804 5596 ἐπὶ

625 5645 672 5678 ⁷⁸
715 5644 820 5702 Job
863 5661 1016 5703 xxxi.
1045 5646 1232 5702 25-25.
1310 5648 1355 5679 ”
1391 5648 1521 5702 ibid.
1563 5646 1652 5700 9-6.
1727 5643 1770 5673 ⁸¹
1806 5640 1994 5697 Matth.
2051 5661 2102 5712 γ,

2221 5644 2348 5697 ἱ-Μ.
2426 5639 2598 5695 ⁸²]·›ί›
2695 5638 3052 5702 Σιππίὶθῶθ.
3129 5637 3318 5692 “ibid
3374 5637 3462 5693 3?.
3537 5636 3798 5692 “Matth.

555 5731 684 5779 xxv,
707 5716 796 5770 35.
871 5717 918 5747 ⁸⁸
944 5714 1046 5771 Job
1077 5734 1226 5783 xxxr,
1259 5717 1452 5772 33-55.

631 5805 776 5876 ("5'")
812 5803 967 5860 Οὐδ’.
997 5805 1156 5863 Forte
1188 5807 1472 5878 legendum
1502 5809 1618 5863 οὐκ.
1659 5807 1815 5865 Eutr.
