4056 6418
548 338 617 396 59
1186 340 1458 398 EUSEBH
1495 342 1975 421 CJESARIENSIS
2011 348 2164 407 OPP.
2198 348 2382 405 PARS
2413 349 2481 423 ll,
2520 336 2589 392 -ὲ-
2618 348 3117 408 APOLOGE'I'ICA.
3697 360 3765 417 ω

544 455 681 512 riter
714 456 782 511 ad
829 471 1018 513 omnes
1068 464 1254 529 gentes
1293 458 1430 514 Novi
1480 459 1811 518 Testamenti
1856 464 2077 520 doctrin;

2177 520 2182 529 ,
2210 466 2559 540 προσάγουσα
2579 468 2703 530 τοὺς
2737 465 3054 537 προσιόντας
3080 468 3214 540 αὐτῇ
3240 469 3373 540 βίον.
3402 471 3603 526 Αὐτίκα
3640 475 3768 543 γοῦν

543 546 897 620 perferretur,
935 558 1047 602 tum
1078 551 1328 619 protinus
1358 550 1608 619 Bgmani,
1638 570 1763 609 cum
1798 557 1986 610 urbem
2011 557 2107 612 ob-

542 638 756 695 sidione
799 640 1120 704 cinxissent,
1151 641 1524 716 Hierosolyma
1569 645 1707 715 ipsa,
1755 654 1807 701 et
1846 647 1992 717 quod
2032 648 2104 702 iii

539 736 658 787 erat
692 728 952 797 templum
992 736 1325 797 everterunt,
1369 731 1655 805 solutaque
1698 744 1783 790 est
1815 735 2103 792 confestim

476 812 489 833 '
538 817 719 873 omnis
750 817 915 875 Mosis
962 821 1304 886 constitutio,
1344 830 1398 878 et
1431 839 1771 896 quaecunque
1801 827 1869 881 de
1911 826 2103 884 Vetere

537 906 887 966 Testamento
928 914 1309 980 servabantur,
1344 916 1555 972 sublata
1597 926 1743 973 sunt.
1783 918 2100 977 Exsecratio

536 1008 717 1056 autem
741 1002 806 1055 ad
830 1004 953 1059 illos
986 1007 1152 1074 venit,
1186 1007 1312 1077 quia
1345 1023 1469 1062 cum
1495 1022 1557 1062 ea
1582 1025 1702 1079 quae
1727 1026 1758 1063 a
1785 1010 1932 1068 Mose
1962 1027 2100 1082 pra:-

537 1100 695 1162 cepta
736 1101 861 1147 sunt
894 1105 1091 1164 praeter
1124 1097 1293 1167 legem
1330 1098 1510 1155 facere
1540 1101 1759 1167 vellent,
1785 1104 1840 1156 in
1873 1118 1991 1157 eam
2017 1105 2099 1175 ip—

538 1197 651 1237 sam
678 1187 1107 1242 exsecrationem
1138 1189 1188 1243 vi
1212 1188 1444 1260 quadam
1467 1193 1640 1248 coacti
1674 1201 1803 1248 sunt
1836 1195 2095 1250 recidere.

534 1271 579 1326 E
610 1277 890 1331 contrario
935 1287 1113 1334 autem
1157 1281 1320 1335 simul
1352 1289 1407 1336 et
1443 1284 1633 1339 eodem
1681 1292 1922 1356 tempore
1956 1288 2095 1357 ejus,

535 1381 655 1436 quae
685 1366 740 1420 in
762 1365 912 1422 Novo
932 1370 1281 1442 perfectoque
1305 1372 1657 1430 Testamento
1679 1379 1987 1432 continetur
2008 1379 2101 1434 do-

537 1458 742 1523 ctrinae,
796 1470 850 1513 et
878 1462 1060 1531 'leges,
1111 1472 1165 1517 et
1203 1465 1340 1519 ritus
1380 1466 1676 1521 introducti
1726 1477 1873 1525 sunt.
1918 1468 2097 1536 Quare

534 1547 731 1602 merito
762 1548 1014 1606 Salvator
1044 1560 1098 1609 et
1128 1552 1412 1621 Dominus,
1448 1557 1515 1612 ad
1560 1573 1657 1613 eos
1693 1560 1786 1630 qui
1834 1561 2094 1630 putabant

531 1637 588 1692 in
629 1641 746 1693 sola
786 1640 1111 1710 Jerusalem,
1180 1655 1274 1701 aut
1321 1648 1376 1702 in
1417 1651 1691 1706 montibus
1739 1652 2092 1721 quibusdam,

531 1728 647 1785 sive
672 1733 837 1787 certis
860 1732 1489 1808 determinatisqueloeis
1506 1740 1672 1796 Deum
1695 1744 1907 1797 adorari
1932 1759 2092 1813 opor-

2205 558 2313 610 τῶν
2341 557 2621 629 μακαρίων
2664 556 2884 611 ἐκείνων
2930 559 3024 611 καὶ
3069 558 3349 628 θεοφιλῶν,
3377 560 3484 615 τῶν
3509 564 3651 636 ἀμφὶ
3677 566 3769 622 τὸν

2217 646 2464 718 Ἀϐραὰμ
2485 647 2643 715 λέγω,
2670 646 2769 699 οὐκ
2790 648 3183 720 ἀφωρισμένως
3211 649 3267 703 ἐν
3293 668 3398 705 τινι
3430 652 3580 726 τόπῳ
3604 671 3769 728 προσ-

2203 741 2536 809 κυνούντων,
2595 744 2715 796 οὐδὲ
2767 744 2854 797 διὰ
2898 744 3178 815 συμϐόλων
3221 747 3314 799 καὶ
3349 747 3558 815 τύπων,
3587 746 3765 826 ἀλλ“ᾗ

2204 851 2366 904 φησιν
2417 836 2446 888 ὁ
2477 834 2661 907 Σωτὴρ
2709 836 2803 889 καὶ
2840 836 3043 907 Κύριος
3075 836 3251 909 ήμῶν,
3283 840 3341 891 ὲν
3375 840 3643 910 πνεύματι
3672 844 3767 895 καὶ

2201 926 2509 998 ἀληθείᾳ,ἥ
2542 926 2632 979 διὰ
2678 927 2780 997 τῆς
2821 926 2914 979 τοῦ
2964 927 3212 1000 Σωτῆρος
3248 928 3405 1000 ἡμῶν
3447 932 3766 1001 ἐπιφανείας

2201 1016 2369 1072 ἅπασι
2398 1020 2509 1080 τοῖς
2539 1018 2748 1091 ἔθνεσιν
2780 1019 3009 1090 ὑπῆρξε,
3038 1020 3146 1075 τῶν
3175 1021 3338 1075 πάλαι
3355 1025 3644 1095 προφητῶν
3669 1028 3765 1081 καὶ

2198 1108 2354 1161 τοῦτο
2375 1109 2805 1182 τεθεωρηκότων.
2822 1111 2980 1179 Λέγει
3007 1111 3049 1163 δ’
3078 1108 3170 1166 οὖν
3196 1113 3451 1187 ἄντικρυς
3470 1118 3727 1185 Σοφονίας
3743 1135 3759 1149 ⁸

2205 1216 2223 1249 ι
2248 1200 2663 1271 Ἑπιφανήσεται
2685 1202 2887 1273 Κύριος
2907 1204 2995 1256 ἐπ’
3029 1204 3243 1270 αὐτοὺς,
3270 1207 3364 1259 καὶ
3395 1207 3761 1280 ἐξολοθρεύσει
3795 1206 3799 1213 ’

2198 1292 2404 1355 πάντας
2434 1294 2557 1360 τοὺς
2582 1292 2735 1358 θεοὺς
2761 1293 2869 1347 τῶν
2902 1293 3071 1348 ἐθνῶν
3103 1295 3202 1365 τῆς
3241 1297 3364 1367 γῆς,
3396 1301 3489 1352 καὶ
3525 1317 3763 1372 προσκυ-

2197 1372 2657 1457 νήσουσινᾟύτῷ,
2692 1387 2919 1451 ἕκαστος
2967 1388 3031 1441 ὲκ
3062 1388 3156 1442 τοῦ
3185 1389 3347 1443 τόπου
3396 1392 3593 1453 αὐτῶν.
3626 1411 3647 1445 ι
3696 1393 3758 1446 ’0

2195 1475 2252 1529 δὲ
2287 1477 2570 1549 Μαλαχίας
2604 1479 2737 1551 ὁμοῦ
2783 1481 2919 1552 πρὸς
2956 1481 3081 1544 τοὺς
3115 1484 3177 1536 ὲκ
3212 1484 3506 1555 περιτομῆς
3539 1486 3759 1540 ἀποτείι

2194 1586 2362 1634 νεται,
2384 1570 2478 1622 καὶ
2525 1571 2652 1641 περὶ
2684 1570 2793 1623 τῶν
2825 1571 2990 1625 ἐθνῶν
3020 1573 3189 1627 ταῦτα
3225 1579 3618 1646 προαναφωνεί,
3654 1577 3763 1646 φά-

2197 1663 2516 1716 σκωνοιούκ
2537 1661 2650 1715 ἔστι
2678 1679 2776 1734 μου
2802 1662 3031 1734 θέλημα,
3056 1665 3205 1733 λέγει
3227 1664 3427 1738 Κύριος
3454 1668 3757 1739 παντοκρά-

2193 1770 2327 1824 τωρ,
2381 1755 2473 1806 καὶ
2521 1753 2709 1818 θυσίας
2762 1756 2822 1807 ού
2867 1755 3224 1828 προσδέξομαι
3276 1760 3341 1811 ὲκ
3405 1758 3510 1821 τῶν
3556 1760 3755 1831 χειρῶν

530 1828 666 1886 tere,
706 1823 786 1878 sic
817 1825 891 1879 ait
922 1842 935 1876 :
975 1845 993 1878 ι
1039 1825 1201 1882 Venit
1238 1830 1394 1895 liora,
1447 1841 1500 1887 et
1536 1848 1684 1888 nunc
1727 1844 1843 1900 est,
1874 1837 2077 1905 quandi

2195 1823 2367 1914 ὑμῶν,
2397 1845 2529 1898 διότι
2577 1847 2672 1899 ἀπ’
2713 1823 2997 1918 ἀνατολῆς,
3060 1823 3153 1902 καὶ.
3196 1849 3358 1922 μέχρι
3389 1823 3658 1921 δυσμῶν..
3689 1851 3755 1904 τὸ

527 1912 640 1967 veri
669 1913 990 1972 aduratores
1022 1917 1325 1974 adorabunt
1356 1921 1592 1987 Patrem,
1625 1939 1797 1994 neque
1826 1926 1882 1979 in
1910 1934 2092 1985 monte

529 2004 669 2070 hoc,
706 2021 880 2077 neque
913 2009 968 2062 in
998 2008 1319 2067 Jerusalem.
1357 2012 1592 2083 Spiritus
1634 2016 1778 2071 enim
1816 2016 1978 2084 Deus,
2037 2026 2089 2074 et

526 2096 704 2165 ipsum
734 2099 1047 2168 adorantes,
1077 2103 1132 2157 in
1164 2105 1359 2174 spiritu
1388 2113 1442 2161 et
1476 2110 1704 2165 veritate
1723 2120 1937 2181 oportet
1958 2113 2089 2167 ado-

520 2203 646 2243 rare
663 2189 729 2246 ⁸⁷.
772 2209 790 2243 ι
819 2190 1029 2257 Quibus
1065 2198 1227 2252 rebus
1261 2198 1335 2253 ita
1363 2199 1432 2254 ab
1469 2201 1561 2256 illo
1591 2202 1883 2271 praedictis,
1912 2206 2088 2259 conti-

520 2290 632 2329 nuo
658 2292 756 2333 nec
777 2279 936 2352 longo
965 2292 1085 2351 post
1109 2291 1369 2356 tempore,
1391 2287 1777 2363 Hierosolymis
1804 2295 2086 2353 obsidione

519 2371 821 2439 oppressis,
852 2382 906 2428 et
939 2376 1060 2445 ejus
1088 2378 1191 2432 loci
1241 2381 1629 2448 sanctiﬁcatio,
1656 2393 1710 2439 et
1733 2386 1799 2441 ad
1833 2390 2080 2445 eumdem

518 2475 674 2515 usum
710 2473 1082 2523 constructum
1119 2472 1307 2536 altare,
1331 2481 1385 2528 et
1419 2474 1685 2540 adoratio,
1712 2493 1831 2547 qua:
1878 2495 1907 2533 a
1936 2480 2082 2537 Mose

516 2551 716 2609 tradita
759 2555 955 2623 fuerat,
1003 2562 1213 2616 sublata
1240 2580 1547 2636 eversaque
1590 2578 1736 2625 sunt.
1774 2570 2080 2643 Eodemque

514 2650 759 2717 tempore
782 2650 836 2704 in
861 2667 1050 2708 omnes
1076 2654 1324 2711 homines
1346 2659 1613 2727 patefacta
1641 2669 1746 2726 est,
1782 2670 1836 2718 et
1859 2666 2081 2720 emicuit

513 2749 599 2802 ea,
635 2754 756 2808 qua:
779 2749 905 2796 ante
947 2743 1148 2800 Mosem
1185 2748 1321 2803 viris
1361 2752 1566 2807 sanctis
1601 2768 1632 2805 a
1669 2756 1934 2825 principio
1956 2758 2077 2811 data

514 2826 714 2898 fuerat,
752 2832 924 2901 pietas
968 2844 1019 2889 et
1066 2839 1274 2908 religio,
1318 2848 1372 2894 et
1418 2859 1538 2911 quzc
1578 2859 1674 2912 per
1715 2846 1861 2898 illam
1899 2849 2076 2914 omni-

2192 1936 2363 2008 ὄνομά
2416 1954 2514 2009 μου
2557 1936 2862 2002 δεδόξασται
2888 1941 2945 1993 ὲν
2969 1943 3080 2004 τοῖς
3124 1941 3320 2006 ἔθνεσι,
3366 1945 3458 1996 καὶ
3493 1945 3551 1997 ἐν
3588 1946 3755 1999 παντὶ

2189 2027 2339 2097 τόπῳ
2367 2026 2614 2099 θυμίαμα
2646 2030 2976 2101 προσάγεται
2999 2032 3075 2103 τῷ
3119 2033 3340 2104 ὀνόματί
3368 2051 3490 2104 μου,
3539 2037 3629 2089 καί
3656 2035 3753 2092 θυι

2191 2121 2280 2175 σία
2313 2121 2545 2195 καθαρά.
2586 2140 2605 2173 ι
2650 2123 2722 2175 Τὸ
2753 2123 2862 2196 γὰρ
2886 2125 2941 2179 ὲν
2967 2127 3124 2179 παντὶ
3166 2125 3317 2198 τόπῳ
3367 2126 3615 2199 θυμίαμα
3654 2130 3753 2189 καὶ

2188 2213 2374 2283 θυσίαν
2412 2214 2773 2286 ἀναφέρεσθαι
2823 2215 2960 2287 Θεῷ,
2996 2217 3049 2270 τί
3100 2216 3281 2289 ἕτερον
3321 2220 3665 2291 παρίστησιν,
3708 2222 3746 2294 ἢ

2183 2306 2265 2359 ὅτι
2294 2306 2367 2378 μὴ
2410 2309 2467 2360 ὲν
2520 2308 2927 2379 Ἰεροσολύμοις,
2959 2309 3080 2380 μηδ’
3106 2312 3509 2382 ἀφωρισμένως
3550 2316 3608 2366 ὲν
3641 2314 3752 2385 τῷέ

2182 2397 2239 2450 δε
2290 2397 2371 2468 τῷ
2408 2398 2576 2469 τόπῳ,
2612 2400 2670 2452 ἐν
2724 2400 2873 2473 πάσῃ
2904 2400 2962 2453 δὲ
3013 2401 3184 2474 χώρᾳ,
3240 2406 3331 2458 καὶ
3371 2406 3429 2457 ὲν
3464 2407 3598 2459 πᾶσι
3629 2410 3748 2476 τοῖς

2183 2490 2378 2552 ἔθνεσι,
2406 2492 2652 2561 μέλλουσι
2683 2492 2743 2544 τὸ
2770 2493 2836 2546 δι’
2871 2492 3043 2563 εὐχῶν
3063 2494 3328 2566 θυμίαμα,
3351 2498 3445 2550 καὶ
3464 2497 3557 2569 τὴν
3588 2500 3649 2552 ού
3672 2499 3745 2557 δι’

2181 2585 2445 2657 αίμιάτων,
2483 2584 2617 2639 ἀλλά
2652 2586 2719 2640 δι’
2755 2586 2928 2656 ἔργων
2966 2586 3203 2641 εὐσεϐῶν
3236 2588 3481 2661 καθαράν
3527 2590 3746 2662 ὠνομα-

2181 2674 2381 2745 σμένην
2426 2674 2613 2730 θυσίαν
2664 2676 2742 2748 τῷ
2775 2678 2865 2729 ἐπὶ
2899 2679 3061 2731 πᾶσιν
3103 2681 3392 2752 ἀναφέρειν
3442 2681 3590 2752 Θεῷ;
3632 2684 3744 2755 Βοᾷ

2177 2764 2233 2818 δὲ
2273 2766 2586 2840 διαρρήδην,
2635 2770 2728 2822 καὶ
2768 2770 3037 2841 κέκραγεν
3090 2774 3119 2824 ὁ
3174 2773 3420 2837 Ἠσαίας,
3468 2774 3741 2841 θεσπίζων

2178 2856 2291 2925 ἅμα
2323 2848 2414 2910 καὶ
2438 2858 2606 2926 λέγων
2625 2876 2637 2890 ι
2674 2879 2692 2911 ι
2735 2862 2925 2914 Ἔσται
2958 2862 3334 2934 θυσιαστήριον
3355 2864 3432 2935 τῷ
3461 2865 3649 2937 Κυρίῳ
3675 2869 3740 2921 ἐν

510 2918 617 2977 bus
660 2924 912 2996 gentibus
961 2929 1226 2995 promissa
1276 2928 1451 2987 fuerat
1495 2933 1819 3001 benedictio,
1864 2954 1983 3008 qua:
2043 2955 2075 2993 a

2177 2918 2328 3020 χίδρα
2357 2918 2652 3018 Αἰγύπτου,
2681 2953 2775 3006 καὶ
2818 2953 3054 3021 γνωστὸς
3087 2918 3237 3009 ἔσταί
3270 2918 3471 3029 Κύρίος
3489 2918 3736 3023 coibit-

509 3013 689 3080 primo
721 3028 985 3071 ascensus
1010 3018 1204 3089 gradu,
1235 3028 1289 3075 et
1313 3037 1341 3074 a
1380 3022 1569 3091 primis
1606 3024 1713 3080 illis
1741 3028 2077 3095 adorationis

513 3096 614 3118 άΑ
651 3104 698 3118 ι.
805 3108 814 3118 ι
979 3108 991 3118 .
1179 3111 1191 3118 .
1538 3116 1546 3118 -
1633 3116 1644 3118 Α

2177 3013 2448 3109 γυπτίοις,
2474 3040 2566 3095 καὶ
2619 3013 2904 3095 ἀποστελεί
2934 3013 3114 3108 αὐτοῖς
3164 3013 3443 3118 ἄνθρωπον
3478 3048 3537 3113 ὃς
3570 3048 3738 3107 σώσει

513 3096 619 3174 19
650 3104 899 3161 Mosaicze
944 3108 1247 3178 elementis,
1285 3129 1402 3177 eos,
1457 3116 1550 3184 qui
1582 3116 1649 3171 ad
1675 3132 1733 3172 se
1780 3120 2068 3188 accedunt,

2186 3096 2198 3109 .
2402 3096 2439 3105 -.
3484 3096 3534 3113 -.
3573 3096 3738 3107 πη--

2177 3129 2386 3194 αὐτοὺς,
2435 3132 2529 3185 καὶ
2575 3131 2871 3201 γνώσονται
2917 3135 2967 3187 oi
3012 3135 3294 3204 Αἰγύπτιοι
3320 3138 3411 3192 τὸν
3444 3140 3645 3213 Κύριον
3676 3146 3738 3196 ὲν

509 3192 578 3247 ad
612 3195 889 3251 meliorem
916 3199 1405 3274 perfectiorentque
1444 3209 1608 3262 vitam
1651 3209 1891 3267 adducit.
1960 3213 2070 3268 lta-

508 3301 614 3355 que
639 3289 893 3359 protinus~
916 3293 1136 3363 quando
1169 3295 1357 3352 beatas
1404 3298 1549 3364 illos,
1613 3299 1830 3372 Deoqne
1865 3307 2077 3371 amicos

508 3380 675 3443 viros,
708 3395 801 3436 eos
827 3382 948 3437 dico
973 3384 1071 3461 qui
1114 3386 1424 3461 Abrahamo
1476 3392 1681 3449 similes
1723 3397 2068 3466 exstiterunt,

503 3484 616 3526 non
642 3471 698 3526 in
731 3473 911 3544 aliquo
937 3462 1091 3547 certe
1124 3478 1591 3553 determinatoque
1646 3486 1766 3541 loco
1811 3490 2070 3547 adorasse

502 3571 743 3629 constat,
786 3582 962 3637 neque
1005 3569 1109 3625 sub
1156 3572 1281 3633 ullis
1342 3574 1514 3644 signis
1566 3586 1659 3632 aut
1716 3578 1922 3653 ﬁguris,
1973 3583 2067 3653 sed

502 3656 777 3725 quomodo
808 3656 1056 3716 Salvator
1076 3672 1262 3718 noster
1296 3672 1349 3718 et
1370 3664 1631 3734 Dominus
1658 3680 1836 3734 uocet,
1868 3672 1921 3725 in
1956 3673 2068 3742 spi.

501 3750 613 3804 ritu
642 3756 696 3804 et
736 3751 986 3817 veritate,
1017 3754 1204 3809 eadem
1236 3756 1499 3813 adorandi
1527 3760 1668 3815 ratio
1702 3778 1798 3832 per
1821 3764 2065 3833 ejusdem

500 3842 803 3901 Salvatoris
825 3846 1000 3901 nostri
1038 3846 1326 3902 adventum
1359 3852 1612 3908 omnibus
1653 3857 1902 3924 gentibus
1935 3858 2068 3913 insi-

498 3943 668 3990 nuata
701 3944 802 3993 est.
831 3936 986 4004 Quod
1012 3940 1229 4009 quidem
1263 3940 1525 4007 futurum,
1574 3946 1734 4001 etiam
1788 3950 2066 4020 prophetae

496 4034 709 4086 veteres
743 4037 894 4085 tanto
921 4039 1046 4086 ante
1073 4044 1459 4103 cognoverant.
1496 4035 1631 4094 Dicit
1694 4040 1877 4111 itaque
1908 4044 2065 4112 plane

498 4116 807 4189 Sophonias
840 4136 852 4172 :
890 4139 910 4172 ι
942 4122 1234 4192 Apparebit
1252 4123 1512 4184 Dominus
1540 4145 1702 4198 super
1724 4146 1838 4197 eos,
1865 4140 1917 4187 et
1943 4148 2067 4203 per-

496 4206 591 4285 det
615 4223 805 4265 omnes
832 4210 964 4268 deos
993 4213 1238 4283 gentium
1277 4225 1454 4284 terrae,
1487 4230 1541 4275 et
1572 4223 1879 4278 adorabunt
1938 4240 2063 4280 eum

494 4299 875 4371 unusquisque
894 4302 961 4357 de
997 4306 1116 4360 loco
1142 4323 1241 4362 suo
1270 4307 1335 4363 ⁸⁵.
1385 4330 1403 4362 ι
1439 4312 1738 4370 Malacliias
1768 4326 1949 4371 autem
1990 4317 2064 4372 si-

494 4391 633 4456 mul,
664 4402 717 4448 et
737 4394 804 4448 ad
828 4410 923 4451 eos
952 4397 1046 4466 qui
1094 4413 1160 4454 ex
1194 4403 1613 4460 circumcisione
1644 4417 1791 4474 sunt,
1856 4423 2062 4463 sermo-

493 4497 618 4539 nem
645 4485 849 4567 dirigit,
869 4490 1012 4545 etde
1032 4492 1284 4561 gentibus
1311 4496 1438 4549 talia
1471 4498 1712 4564 praedicit
1739 4517 1751 4553 :
1777 4517 1794 4549 ι
1833 4498 1950 4553 Non
1981 4512 2064 4556 est
2096 4491 2139 4546 Ι)

492 4577 746 4634 voluntas
784 4594 925 4647 mea,
977 4581 1107 4637 dicit
1160 4583 1421 4643 Dominus
1476 4590 1840 4661 omnipotens,
1871 4600 1923 4648 et
1971 4611 2060 4649 sa-

494 4667 759 4725 criﬁcium
780 4686 889 4743 non
919 4674 1214 4745 suscipiam
1245 4679 1311 4733 de
1343 4681 1596 4737 manibus
1655 4685 1873 4748 vestris,
1923 4703 2058 4757 quo.

492 4760 640 4831 niam
674 4763 742 4817 ab
770 4771 894 4818 ortu
920 4781 1092 4836 usque
1121 4768 1189 4822 ad
1216 4784 1470 4826 occasum
1503 4789 1701 4829 nomen
1733 4791 1909 4831 meum
1938 4780 2055 4849 glo-

490 4852 763 4922 rillcatum
816 4864 899 4912 est
958 4857 1013 4931 in
1073 4862 1347 4932 gentibus,
1400 4871 1454 4918 et
1509 4865 1564 4920 in
1606 4867 1752 4920 omni
1800 4869 1919 4924 loco
1972 4871 2058 4925 in-

490 4959 716 5009 censum
746 4948 969 5007 oﬂ'ertur
989 4936 1195 5028 nomini
1222 4969 1362 5021 meo,
1420 4965 1473 5011 et
1517 4960 1845 5016 sacrificium
1894 4978 2053 5018 mun-

490 5037 620 5092 dum
639 5039 703 5094 θ’.
739 5060 756 5093 ι
792 5041 947 5117 Quod
981 5047 1125 5101 enim
1159 5046 1213 5099 in
1236 5047 1383 5101 omni
1408 5049 1527 5102 loco
1563 5049 1715 5114 dicit,
1768 5054 2050 5110 incensum

488 5136 546 5197 et
593 5132 918 5189 sacriﬁcium
967 5137 1149 5193 offerri
1208 5137 1337 5203 Deo,
1389 5141 1518 5210 quid
1562 5143 1711 5198 aliud
1758 5146 2047 5216 signiﬁcat,

486 5222 594 5277 nisi
634 5242 651 5274 ι
694 5240 803 5280 non
831 5225 1221 5301 Hierosolymis
1243 5231 1309 5298 '°,
1342 5252 1360 5283 ι
1396 5249 1572 5304 neque
1616 5236 1833 5295 definite
1864 5240 1917 5294 in
1947 5241 2050 5297 hoc

410 5330 419 5341 ν
485 5322 583 5369 aut
614 5315 669 5369 in
696 5317 787 5374 illo
819 5321 938 5376 loco
964 5323 1014 5377 id
1048 5308 1327 5378 futurum?
1360 5326 1455 5381 sed
1489 5327 1544 5381 in
1568 5331 1714 5385 omni
1748 5333 1966 5402 regione
1997 5341 2052 5389 et

486 5405 544 5462 in
582 5411 835 5468 omnibus
863 5416 1139 5483 gentibus,
1179 5433 1299 5489 qua:
1328 5420 1543 5490 quidem
1575 5428 1629 5496 et
1667 5424 1927 5481 orationis
1969 5427 2052 5480 in-

486 5513 709 5554 censum
736 5510 789 5558 et
819 5506 1169 5571 sacriﬁcium,
1206 5512 1350 5580 quod
1397 5514 1671 5568 mundum
1704 5516 1908 5570 dictum
1942 5525 2046 5582 est,

2169 3224 2237 3295 τῇ
2266 3222 2447 3295 ἡμέρᾳ
2474 3224 2675 3297 ἐκείνῃ,
2711 3224 2804 3285 καὶ
2832 3225 3109 3297 ποιήσουσι
3146 3227 3352 3296 θυσίας,
3373 3232 3466 3283 καὶ
3489 3230 3737 3297 εὔξονται

2171 3329 2335 3399 εὐχὰς
2358 3329 2433 3401 τῷ
2475 3331 2683 3401 Κυρίῳ,
2741 3332 2834 3387 καὶ
2878 3331 3235 3386 ἀποδώσουσι.
3264 3334 3355 3388 καὶ
3400 3336 3738 3408 ἐπιστραφή-

2170 3438 2350 3474 σονται
2397 3423 2532 3495 πρὸς
2573 3422 2796 3495 Κύριον,
2850 3425 2945 3477 καὶ
2998 3425 3373 3480 είσακούσεται
3411 3428 3610 3490 αὐτῶν,
3640 3432 3738 3483 καὶ

2172 3513 2376 3567 ἰάσεται
2438 3513 2653 3577 αὐτούς.
2692 3534 2709 3565 ι
2738 3510 2883 3586 τΑρά
2922 3532 3003 3568 σοι
3034 3515 3294 3587 δοκοῦμεν
3339 3518 3508 3588 ἀληθῆ
3554 3519 3736 3587 λέγειν

2171 3602 2457 3673 μετάθεσιν
2485 3603 2579 3656 τοῦ
2602 3604 2843 3668 Μωσέως
2865 3604 3049 3676 νόμου,
3107 3606 3304 3676 μᾶλλον
3324 3606 3380 3660 δὲ
3409 3605 3617 3683 παύλαν
3639 3610 3735 3663 καὶ

2166 3694 2315 3747 λύσιν
2338 3695 2633 3764 φάσκοντες
2663 3696 2751 3749 διὰ
2789 3696 2898 3749 τῶν
2928 3698 3275 3769 προφητικῶν
3321 3700 3511 3769 φωνῶν
3540 3700 3734 3753 θεσπί-

2167 3788 2380 3852 ζεσθαι;
2410 3789 2468 3841 '0
2501 3788 2598 3859 μέν
2611 3806 2673 3857 γε
2687 3790 2888 3859 Μωσῆς
2904 3788 3280 3861 θυσιαστήριον
3297 3791 3388 3843 καὶ
3408 3791 3599 3855 θυσίας
3616 3792 3727 3845 οὐδ’

2171 3879 2335 3949 (5’““)
2381 3878 2639 3950 ἀλλαχόσε
2657 3881 2758 3951 γῆς
2788 3881 2819 3952 ἢ
2846 3882 2904 3933 ὲν
2924 3882 3058 3954 μόνῃ
3069 3884 3133 3953 τῇ
3151 3881 3398 3954 Ἰουδαίᾳ,
3420 3883 3512 3935 καὶ
3525 3883 3733 3954 ταύτης

2165 3970 2222 4021 ὲν
2247 3972 2344 4041 μιᾷ
2375 3970 2525 4024 πόλει
2551 3972 2919 4043 συστήσασθαι
2948 3974 3256 4043 νομοθετεῖ·
3286 3976 3319 4045 ἡ
3344 3974 3401 4028 δὲ
3424 3975 3733 4045 προφητεία

2164 4062 2225 4115 ὲν
2258 4061 2411 4134 χώρᾳ
2463 4063 2625 4134 φησὶν
2670 4064 2944 4132 Αἰγύπτου
2989 4064 3065 4135 τῷ
3116 4067 3304 4136 Κυρίῳ
3349 4066 3729 4140 θυσιαστήριον

2166 4150 2561 4224 ἱδρυθήσεσθαι,
2591 4153 2682 4208 καὶ
2705 4157 2829 4215 τοὺς
2856 4154 3183 4223 Αἰγυπτίους
3207 4158 3404 4221 αὐτοὺς
3432 4160 3512 4229 τῷ
3541 4159 3732 4231 Κυρίῳ

2162 4251 2270 4307 τῶν
2300 4255 2611 4327 προφητῶν,
2641 4254 2756 4308 ἀλλ’
2778 4255 2957 4308 οὐκέτι
2989 4258 3100 4318 τοῖς
3126 4256 3397 4328 πατρῴοις
3426 4257 3568 4323 θεοῖς
3597 4259 3730 4314 καλ-

2161 4351 2428 4424 λιερήσειν
2450 4352 2545 4415 τὰς
2577 4351 2787 4413 θυσίας,
2818 4351 2912 4404 καὶ
2938 4350 3037 4421 τῆς
3064 4350 3386 4420 θεογνωσίας
3417 4353 3477 4405 οὐ
3522 4355 3727 4410 Μωσέα

2164 4442 2351 4505 αἴτιον,
2383 4443 2488 4495 οὐδ’
2513 4444 2696 4512 ἕτερον
2719 4441 2826 4494 τῶν
2848 4441 3139 4515 προφητῶν
3167 4445 3347 4507 αὐτοῖς
3381 4444 3723 4516 γενήσεσθαι,

2163 4533 2298 4586 ἀλλά
2322 4550 2444 4587 τινα
2476 4533 2655 4586 καινὸν
2678 4534 2773 4586 καὶ
2795 4537 2912 4588 νέον
2941 4535 3223 4609 ἄνθρωπον
3252 4535 3433 4589 θεόθεν
3458 4537 3726 4590 ἀπεσταλ-

2166 4632 2343 4703 μένον.
2395 4632 2826 4704 Μετατιθεμένου
2846 4634 2902 4688 δὲ
2930 4635 3022 4689 τοῦ
3059 4636 3437 4708 θυσιαστηρίου
3470 4637 3619 4709 παρὰ
3651 4638 3722 4691 τὰ

2159 4721 2244 4794 τῷ
2273 4723 2460 4775 Μωσεί
2480 4722 2758 4789 δοκοῦντα,
2812 4725 3024 4796 ἀνάγκη
3071 4728 3219 4778 πᾶσα
3243 4728 3335 4779 καὶ
3359 4727 3451 4779 τοῦ
3478 4727 3721 4793 Μωσέως

2158 4816 2324 4886 νόμου
2357 4814 2651 4886 μεταϐολὴν
2672 4816 2941 4885 γενέσθαι.
2962 4815 3094 4872 Εἶτα
3118 4818 3173 4871 δὲ
3192 4817 3410 4882 θύοντες
3436 4819 3719 4887 Αἰγύπτιοι

2157 4906 2235 4978 τῷ
2276 4908 2366 4960 ἐπὶ
2418 4907 2635 4963 πάντων
2670 4898 2829 4980 Θεῷ,
2869 4910 3081 4973 πάντως
3121 4926 3220 4963 που
3267 4912 3363 4963 καὶ.
3425 4910 3720 4983 ἱερωσύνης

2147 4996 2559 5069 ἀξιωθήσονται.
2596 5000 2924 5072 Ἱερωμένων
2973 5001 3107 5072 δῆτα
3143 5002 3452 5070 Αἰγυπτίων
3486 5003 3553 5056 τὰ
3591 5004 3719 5075 περὶ

2145 5100 2384 5153 Λευῖτῶν
2416 5101 2510 5155 καὶ
2559 5101 2667 5155 τῶν
2724 5105 2786 5155 ἐκ
2823 5102 3069 5174 διαδοχῆς
3112 5102 3319 5173 Ἄαρὼν
3356 5105 3579 5158 Μωῦσεῖ
3603 5104 3719 5159 δια-

2144 5201 2469 5271 τεταγμένα,
2487 5202 2661 5255 ούκέτ⁸
2677 5202 2741 5256 ἂν
2760 5203 2966 5271 γένοιτο
2981 5206 3092 5267 τοῖς
3111 5205 3428 5272 Αἰγυπτίοις
3450 5208 3710 5287 χρήσιμα.

2148 5309 2289 5380 Ὥρα
2327 5309 2389 5380 δὴ
2426 5305 2517 5363 οὖν
2546 5309 2737 5378 καινῆς
2762 5311 3078 5381 νομοθεσίας
3103 5312 3211 5366 δεῖν
3236 5315 3315 5377 είς
3342 5315 3438 5385 τὴν
3473 5313 3580 5369 τῶν
3620 5314 3716 5388 δη-

2150 5400 2422 5471 λουμένων
2471 5400 2745 5455 σύστασιν.
2783 5403 2848 5455 Τί
2875 5403 2930 5456 δὲ
2983 5400 3120 5475 ἆρα;
3166 5406 3283 5476 εἰκῇ
3332 5406 3482 5460 ταῦτ’
3510 5409 3714 5462 ἀναπε-

2151 5502 2426 5575 φώνηται;
2458 5503 2490 5573 ἢ
2515 5506 2607 5558 καὶ
2637 5504 2787 5568 τέλος
2821 5508 3174 5579 ἐπενήνεκται
3200 5513 3312 5574 τοῖς
3344 5510 3550 5581 λόγοις;
3577 5514 3713 5570 Σκέ-

485 5605 593 5646 non
634 5610 729 5662 per
761 5610 1005 5656 cruores.
1062 5601 1157 5653 sed
1207 5617 1303 5670 per
1369 5604 1484 5673 pias
1531 5607 1794 5671 actiones,
1835 5624 2048 5663 summo

2177 5626 2244 5663 ιαι
2272 5610 2316 5662 δ’
2339 5605 2430 5663 οὖν
2462 5611 2511 5662 εἰ
2541 5608 2615 5679 μὴ
2645 5610 2901 5681 σήμερον,
2927 5612 3067 5683 λέγω
3090 5613 3151 5686 δὴ
3175 5616 3295 5669 καθ’
3322 5618 3708 5688 ἡμᾶςαύτοὺς,

550 5684 593 5715 ⁸⁷
624 5684 784 5741 Joan.
825 5701 900 5749 tv,
931 5690 1120 5743 25-25.
1186 5692 1231 5724 ⁸⁸⁸
1268 5692 1509 5763 Sophon.
1549 5713 1608 5760 ιι,
1646 5701 1729 5753 Η.

553 5775 720 5849 (5⁸⁸⁸⁸)
752 5779 906 5834 Οὐδ’.
935 5781 1094 5841 Forte
1128 5785 1246 5843 οὐκ.
1277 5784 1433 5842 Ειητ.

1809 5701 1851 5733 ευ
1878 5700 2105 5755 Malacn.
2143 5718 2179 5768 ι,
2214 5701 2397 5776 10,“.

2477 5702 2523 5735 ὀ
2551 5700 2712 5760 Joan.
2744 5718 2817 5770 tv,
2849 5703 2938 5760 21.
