3978 6414
189 377 239 438 σι
378 392 385 401 ι
1047 347 1704 420 nsuous‘mmoms
1732 358 2193 416 EVANGELICAZ
2234 356 2364 413 LIB.
2402 356 2444 412 ι.
2627 417 2633 423 ,
3297 353 3368 409 62

187 495 430 570 ὀφθαλμοῖς
459 490 531 560 (Δ)
571 486 799 560 ὁρῶνται
825 485 886 540 οὐ
916 483 1074 556 μόνον
1106 485 1412 555 Αἰγύπτιον,
1436 482 1571 539 ἀλλά
1603 481 1698 536 καὶ
1724 486 1763 547 Α

1862 495 1911 535 ιο
1945 486 2129 536 essent
2150 474 2453 533 oblaturae?
2480 473 2693 529 Clamat
2741 479 2923 531 autem
2971 472 3150 543 palam
3188 477 3243 525 et
3272 485 3362 524 vo-

438 579 543 633 τῶν
570 578 698 649 πρὶν
741 573 1138 649 εἰδωλολατριῖΝ
1193 572 1514 647 ἀνθρώπων,
1538 570 1633 635 οὓς
1661 572 1697 642 ή

1862 571 2063 627 feratur
2093 568 2260 625 Isaias
2275 567 2582 623 vaticinans
2602 565 2788 631 simul,
2836 581 2900 621 ac
2929 563 3119 619 dicens
3155 582 3169 618 :
3199 581 3218 615 ι
3254 560 3372 618 Erit

187 652 435 753 πρόρρησις
463 671 549 725 διὰ
568 669 678 723 τῶν
699 668 1012 736 Αἰγυπτίων
1040 669 1304 741 ᾐνίττετο,
1337 665 1438 737 τῆς
1469 665 1568 737 μὲν
1601 680 1699 717 που

1862 671 1971 719 tare
1996 661 2224 719 Domino
2251 660 2307 714 in
2337 667 2480 715 terra
2510 656 2749 727 Egypti,
2777 664 2832 712 et
2876 661 3238 726 cognoscetur
3266 652 3382 707 Dos

186 743 440 827 iaOiou‘xal
456 762 775 835 ὼιμονικῆς
801 762 1222 836 ἀπηλλαγμένον
1256 758 1485 831 πλάνης,
1515 758 1609 812 τὸν
1645 757 1702 811 δὲ

1862 753 1983 808 inus
2017 752 2086 806 ab
2114 750 2407 823 Egyptiis,
2439 755 2491 804 et
2514 748 2690 802 mittet
2718 747 2798 803 eis
2830 746 3101 809 hominem
3140 744 3234 815 qui
3262 743 3375 799 sal-

184 866 267 921 τῶν
288 831 560 933 προφητῶν⁷
580 855 713 910 Θεὸν
732 831 1200 926 ἀνακαλούμενον.
1238 846 1362 905 Καΐ
1379 849 1624 922 εὔχονται
1646 849 1705 903 δὲ

1862 858 1900 898 ιε
1931 841 2090 898 faciet
2118 855 2233 906 eos,
2272 845 2326 903 et,
2353 844 2683 909 cognoscent
2728 834 2967 907 Egyptii
2998 834 3286 890 Dominum
3317 831 3375 886 in

183 924 539 1014 οὐκέτιυπλείοσι
576 950 809 1020 κυρίοις,
859 948 938 1001 ἐνὶ
960 924 1126 1017 δὲψτῷ
1160 944 1306 1017 μόνῳ
1343 944 1534 1015 Κυρίῳ
1563 940 1706 996 κατὰ

1862 952 1892 994 e
1923 936 2033 1001 illa,
2066 943 2120 990 et
2147 932 2658 999 lacientsacriﬁcia,
2690 938 2744 986 et
2767 927 3041 988 vovebant
3093 934 3219 981 vota
3274 924 3379 980 Do-

182 1049 228 1104 n
273 1046 397 1118 ίερὸν
441 1042 641 1111 λόγιον,
683 1040 774 1094 καὶ
824 1038 999 1109 τούτῳ
1037 1036 1422 1107 θυσιαστήριον
1462 1033 1705 1104 ἀναίμων

1864 1032 1975 1094 ino.
2001 1038 2055 1086 et
2085 1028 2334 1093 reddent,
2367 1035 2420 1087 et
2446 1032 2834 1082 convertentur
2861 1022 2928 1077 ad
2963 1020 3276 1080 Dominum,
3321 1026 3379 1074 et

184 1144 253 1197 καὶ
279 1109 490 1204 λογικῶν
516 1109 763 1197 θυσιῶν,
793 1130 935 1185 κατὰ
988 1130 1055 1184 τὰ
1101 1128 1262 1184 καινά
1299 1128 1572 1200 μυστήρια
1608 1128 1706 1198 τῆς

1862 1121 2059 1177 :audiet
2086 1135 2203 1184 eos,
2229 1128 2283 1176 et
2311 1119 2527 1187 sanabit
2549 1133 2645 1176 eos
2673 1117 2740 1172 ".
2778 1136 2797 1168 ι
2837 1113 3047 1185 Ecquid
3068 1113 3171 1167 tibi
3219 1109 3379 1166 vide-

184 1232 275 1292 νέας
302 1226 385 1281 καὶ
411 1223 605 1294 καινῆς
627 1222 922 1292 Διαθήκης,
954 1219 1076 1273 καθ’
1101 1219 1229 1290 ὅλης
1260 1218 1359 1290 τῆς
1407 1214 1708 1289 ἀνθρώπων

1868 1231 1931 1269 ur
1956 1214 2284 1284 veramlegis
2314 1212 2451 1267 Mosi
2480 1210 2896 1267 conversionem
2929 1205 3152 1273 dicere?
3181 1218 3249 1258 an
3278 1218 3379 1273 po-

184 1319 451 1390 οξκουμένης
497 1316 884 1387 ἀνεγήγερται,
914 1315 970 1366 ὲν
1021 1312 1158 1385 αὐτῇ
1196 1329 1256 1366 τε
1290 1309 1572 1405 Αἰγύπτῳ,
1615 1308 1710 1362 καὶ

1862 1325 1920 1364 us
1953 1308 2113 1363 ﬁnem
2136 1315 2191 1363 et
2226 1307 2550 1363 solutionem
2582 1304 2902 1369 enuntiare,
2943 1308 2999 1356 et
3044 1296 3382 1370 propheticis

183 1387 462 1480 τοίςλοιποζς
488 1406 667 1462 ἔθνεσι
709 1403 800 1458 τὸν
850 1403 1053 1475 τρόπον
1097 1387 1529 1495 ρίγυπτιάζουῖη
1568 1399 1711 1454 κατά

1862 1402 2039 1457 )cibus
2075 1400 2359 1456 vaticinari
2388 1400 2412 1455 ?
2447 1398 2658 1457 Etenim
2678 1398 2855 1452 Moses
2898 1396 3070 1449 altare
3090 1401 3144 1447 et
3173 1387 3385 1447 sacriﬁ-

184 1507 254 1577 τὴν
277 1498 629 1570 δεισιδαίμονα
669 1496 876 1567 πλάνην
895 1512 908 1526 ·
938 1494 1035 1549 νῦν
1079 1486 1201 1549 καθ’
1235 1494 1382 1565 ἡμᾶς
1410 1490 1561 1564 ήτοῦ
1604 1490 1711 1545 τῶν

1868 1509 1898 1548 a
1928 1507 2197 1565 nusquam
2214 1501 2482 1548 terrarum
2517 1491 2575 1545 in
2614 1490 2731 1545 sola
2781 1487 2967 1543 Judaaa
2997 1494 3051 1542 et
3110 1487 3165 1540 in
3220 1486 3385 1556 hujus

182 1600 281 1652 ὅλων
298 1593 421 1648 Θεοῦ
453 1591 658 1661 γνῶσις
674 1590 1076 1660 διαλάμπουσα,
1117 1587 1217 1660 τὴν
1248 1587 1431 1641 πίστιν
1476 1583 1715 1655 ἀναμφί-

1862 1599 1923 1639 na
1945 1584 2211 1639 duntaxat
2236 1583 2455 1637 civitate
2484 1580 2768 1645 constitui,
2806 1580 2924 1649 lege
2945 1595 2976 1633 a
3007 1594 3064 1634 se
3091 1578 3270 1648 posita
3295 1577 3390 1648 ju-

183 1693 329 1744 ὶεκτον
366 1684 468 1739 τῶν
494 1682 1011 1756 προθεσπισθέντων
1031 1676 1504 1751 ὲπισφραγίζεται.
1531 1674 1715 1729 Ταῦτα

1862 1683 1944 1733 et:
1978 1676 2260 1748 prophetia
2291 1686 2473 1730 autem
2526 1675 2582 1728 in
2618 1680 2766 1728 terra
2814 1670 3033 1742 Egypti
3086 1669 3162 1723 ait
3216 1670 3389 1725 altare

184 1784 222 1835 δὲ
243 1780 396 1851 ἔργοις
428 1775 822 1846 ἐπιτελούμενα
850 1772 1011 1845 ὀρῶν,
1041 1770 1157 1826 ἀλλ’
1182 1769 1361 1824 οὐκέτ’
1384 1770 1522 1839 ἀκοῇ
1549 1783 1716 1839 προσ-
1749 1833 1763 1851 1

1865 1771 2047 1825 omine
2076 1770 2397 1827 struendum
2436 1767 2838 1837 dicandumque
2858 1780 3000 1830 esse,
3021 1771 3074 1820 et
3103 1762 3390 1833 Egyptios

463 1871 559 1931 τὸν
599 1833 808 1942 καιρὸν,
846 1833 1041 1922 ὁπόθεν
1077 1866 1176 1939 τὴν
1209 1865 1384 1939 ἀρχὴν
1578 1833 1719 1936 πραο
1749 1833 1763 1888 Ῑ

1862 1879 1972 1920 ISOS
1994 1879 2104 1918 non
2134 1863 2368 1933 amplius
2398 1862 2506 1917 diis
2540 1860 2734 1931 patriis
2764 1874 2878 1914 rem
2908 1871 3143 1920 sacram,
3170 1857 3264 1911 sed
3285 1854 3392 1926 ipsi

183 1965 360 2036 τμάτων
380 1962 621 2034 εἴληχεν,
641 1960 750 2015 οὐδ’
769 1958 867 2030 (4⁸)
887 1957 1043 2014 ἀλλον
1058 1957 1403 2028 ἀναζητήσας
1415 1955 1668 2035 εὑρήσεις
1683 1952 1716 2024 ἥ

1862 1957 2207 2027 rophetarum
2237 1955 2346 2011 Deo
2378 1953 2619 2008 facturos
2645 1968 2657 2002 :
2690 1959 2744 2006 et
2801 1950 2945 2021 quod
3001 1963 3190 2004 verum
3222 1947 3393 2002 Deum

183 2058 249 2111 τὸν
281 2056 368 2127 τῆς
407 2052 678 2123 σωτηρίου
718 2050 1059 2121 ἐπιφανείας.
1093 2049 1266 2112 Αὐτὸς
1304 2048 1412 2119 ἄρα
1448 2039 1607 2109 οὗτος
1652 2039 1722 2115 ἦν

1862 2050 1932 2103 int
1961 2047 2219 2120 agnituri,
2267 2061 2378 2101 non
2408 2045 2592 2101 Mosen
2621 2044 2730 2101 illis
2752 2057 2929 2113 neque
2977 2041 3145 2097 alium
3167 2055 3235 2094 ex
3264 2052 3395 2109 pro-

186 2150 364 2211 ἐκεῖνος,
396 2145 454 2198 ὃν
497 2146 528 2198 ό
550 2141 799 2216 χρησμὸς
843 2139 1052 2212 ἐδήλου,
1082 2138 1260 2209 φήσας
1281 2133 1602 2190 ἀποστελεῖν
1631 2131 1723 2186 τὸν

1862 2143 2004 2199 hetis
2035 2141 2343 2213 quempiam
2369 2146 2645 2194 auctorem
2678 2139 2813 2199 fore,
2847 2135 2941 2190 sed
2976 2132 3176 2188 n'ovum
3207 2145 3397 2203 quem-

184 2240 264 2293 τῶν
303 2239 427 2293 ὅλων
456 2237 619 2300 Θεδν,
650 2229 745 2289 καὶ
778 2233 982 2305 Κύριον
1016 2233 1132 2294 τοῖς
1163 2228 1482 2299 Αἰγυπτίοις
1517 2224 1726 2296 ἀνθρω-

1864 2248 1949 2287 am
1984 2232 2242 2287 divinitus
2274 2230 2503 2286 missum
2532 2229 2829 2283 hominem.
2866 2225 2974 2295 20
3003 2223 3174 2279 Porro
3213 2226 3398 2275 autem

182 2349 277 2394 πον,
297 2330 348 2394 ὃς
369 2327 530 2382 σώσει
566 2325 789 2391 αὐτούς’
823 2324 883 2377 ὃν
907 2323 1001 2377 καὶ
1028 2321 1096 2376 τὰ
1121 2320 1367 2383 Μωσέως
1418 2317 1608 2390 ἐδήλου
1640 2316 1727 2370 λό-

1862 2324 2095 2380 ranslato
2143 2329 2584 2390 commutataque
2626 2317 2783 2375 altari
2819 2328 3013 2387 praeter
3062 2314 3231 2369 Mosis
3259 2327 3399 2368 con-

184 2440 270 2495 για,
291 2422 349 2476 δι’
370 2414 442 2474 ὢν
469 2420 676 2491 ἔφησεν
696 2436 710 2453 θ
751 2436 770 2470 ι
825 2414 1197 2483 Ἐξελεύσεται
1230 2410 1513 2483 ἄνθρωπος
1540 2412 1604 2463 ὲκ
1630 2407 1724 2461 τοῦ

1862 2415 2141 2469 titutiones
2168 2422 2326 2483 atque
2354 2412 2592 2475 decreta,
2629 2424 2852 2465 necesse
2875 2415 2959 2463 est
2990 2406 3205 2477 penitus
3233 2405 3401 2460 etiam

186 2494 450 2585 σπέρματος
506 2509 713 2574 αὐτοῦ,
755 2506 850 2562 καὶ
892 2504 1169 2577 κυριεύσει
1239 2501 1408 2555 ἐθνῶν
1448 2499 1721 2553 πολλῶν»

1862 2507 1965 2577 agis
1996 2503 2162 2561 Mosis
2191 2503 2308 2558 ﬁeri
2341 2502 2715 2557 mutationem.
2744 2497 2900 2573 Quod
2934 2497 2979 2551 si
3021 2509 3234 2554 summo
3289 2493 3404 2548 Deo

184 2610 227 2660 ἐν
247 2602 315 2668 οἷς
342 2604 514 2657 ἔθνεσι
550 2603 650 2657 καὶ
681 2599 966 2668 Αἰγύπτιοι
1011 2594 1278 2669 δήπουθεν
1317 2592 1727 2680 καταριθμοῖχτ’

1863 2597 2188 2654 acriﬁcaturi
2221 2603 2349 2649 sunt
2375 2591 2636 2664 Egyptii,
2673 2605 2898 2661 prorsus
2936 2588 3101 2644 etiam
3146 2585 3407 2643 sacerdo-

184 2700 249 2753 ἄν.
282 2696 427 2750 Ἀλλά
458 2694 596 2766 περὶ
627 2693 727 2765 μὲν
760 2691 962 2745 τούτων
992 2688 1200 2761 μακρὸς
1236 2686 1301 2742 ἂν
1323 2686 1407 2757 εἴη
1430 2685 1609 2752 λόγος,
1641 2684 1728 2736 ἐπ’

1862 2692 1896 2746 ii
1925 2705 2123 2744 munus
2153 2696 2278 2742 sunt
2307 2685 2576 2756 adepturi.
2602 2684 2669 2738 At
2701 2682 2971 2754 [Egyptiis
3019 2680 3085 2751 ad
3121 2680 3229 2734 tale
3280 2693 3406 2732 mu-

184 2788 349 2852 οἰκείας
361 2786 558 2856 σχολῆς
579 2782 848 2837 ὲντελέστε
856 2798 947 2853 ρον
963 2778 1448 2849 ἀποδοθησόμενος·
1469 2774 1529 2828 τό
1543 2791 1607 2843 γε
1625 2772 1729 2844 μὴν

1862 2798 1957 2849 ιιιε,
1983 2780 2280 2849 assumptis
2310 2792 2431 2847 qua:
2445 2777 2513 2832 de
2541 2775 2744 2833 Levitis
2764 2783 2818 2830 et
2858 2774 3041 2829 Aaron
3072 2769 3409 2827 successori-

186 2880 320 2949 παρὸν
347 2877 784 2949 ὲπιτετηρήσθω,
823 2877 905 2929 ὃτι
938 2873 1008 2927 τὰ
1035 2868 1425 2942 προηγούμενα
1471 2864 1582 2918 οὐδ’
1605 2864 1730 2934 (ιη)

1862 2891 1938 2930 »οε
1964 2889 1994 2927 a
2018 2873 2166 2927 Moss
2198 2877 2326 2928 sunt
2354 2868 2674 2933 constituta,
2706 2868 2839 2925 nulli
2868 2867 3028 2937 plane
3075 2862 3199 2919 usui
3239 2859 3409 2932 Egy-

186 2971 383 3043 ἀλλοτεῆ
402 2970 546 3042 μετά
573 2971 671 3041 τὴν
688 2968 1009 3037 ἐπιφάνειαν
1024 2961 1200 3035 Ἰησοῦ
1214 2959 1463 3030 τοῦΣωτῆ
1471 2975 1560 3029 ρος
1574 2954 1733 3029 ἡμῶν

1862 2966 1965 3020 ιιίἱε
1987 2963 2221 3033 amplius
2261 2977 2384 3017 esse
2421 2975 2581 3031 posse
2625 2957 2974 3030 perspicuum
3031 2963 3136 3013 est.
3168 2951 3412 3022 Tempus

186 3064 468 3138 ἐπληροῦτο.
500 3062 599 3127 Ἐξ
613 3060 819 3116 ἐκείνου
837 3060 945 3131 γάρ
960 3075 1042 3111 τοι
1058 3056 1153 3111 καὶ
1174 3056 1255 3119 είς
1271 3053 1431 3125 δεῦρο
1446 3050 1597 3121 παρὰ
1624 3051 1735 3112 τοῖς

1862 3058 2129 3130 giturjam
2156 3063 2270 3111 tum
2301 3054 2487 3119 fuerit,
2527 3055 2696 3124 legem
2721 3067 2917 3107 novam
2946 3048 3014 3104 ad
3066 3062 3129 3104 ea
3179 3061 3299 3121 quae
3327 3044 3415 3100 di-

185 3134 585 3222 Αἰγυπτίοις,καὶ
601 3149 750 3221 παρά
765 3145 1099 3221 Πέρσαις,Σύ
1108 3162 1219 3218 ροις
1230 3161 1289 3197 τε
1302 3145 1396 3198 καὶ
1409 3140 1736 3215 Ἀρμενίοις,

1862 3154 1929 3199 :ta
1954 3154 2081 3201 sunt
2103 3142 2499 3208 confirmanda,
2530 3156 2735 3212 ponere
2772 3156 2912 3211 opus
2934 3154 3077 3195 esse.
3135 3137 3275 3204 Quid
3310 3134 3414 3207 igi-

188 3249 263 3302 nl.
279 3246 546 3318 παρὰτοῖς
562 3243 661 3307 τὰς
676 3240 933 3314 ἐσχατιάς
951 3240 1052 3311 τῆς
1068 3238 1172 3309 γῆς
1187 3234 1395 3291 οἰκοῦσι
1414 3233 1734 3306 βαρϐάροις,

1863 3239 1960 3294 ur?
1988 3247 2192 3294 temere
2223 3236 2337 3291 haec
2370 3236 2651 3292 enuntiata
2684 3232 2852 3290 sunt?
2878 3248 2947 3286 an
2965 3232 3173 3288 exitum
3208 3229 3418 3286 invenit

187 3343 334 3405 αὑτοῖς
360 3358 417 3394 τε
445 3342 566 3403 τοῖς
602 3338 662 3391 τὸ
696 3338 824 3409 πρὶν
860 3331 1306 3406 ἀνημερωτάτοις
1351 3329 1447 3383 καὶ
1481 3325 1739 3399 θηριωδε-

1862 3331 2055 3386 η-οιίοἳ
2088 3329 2296 3399 inspice
2319 3329 2483 3399 igitur
2512 3327 2558 3383 si
2584 3342 2695 3381 non
2719 3326 2905 3390 hodie,
2942 3324 3047 3379 hoc
3085 3330 3169 3379 est
3211 3320 3417 3378 nostris

190 3434 366 3498 πάτοις
408 3433 625 3493 ἔθνεσι,
668 3430 758 3483 vui.
786 3428 891 3500 μὴν
932 3426 1027 3481 καὶ
1073 3424 1225 3496 παρὰ
1256 3424 1369 3485 τοῖς
1400 3420 1500 3484 τὰς
1544 3419 1739 3491 νήσους

1863 3425 2059 3497 nterim
2098 3420 2340 3491 ipsorum
2373 3419 2734 3489 temporibus,
2760 3416 2895 3487 ipsis
2917 3414 3092 3471 oculis
3117 3420 3421 3481 cernuntur

187 3527 386 3583 οίκοῦσιν
422 3525 538 3597 (ὅτι
563 3525 629 3596 δὴ
660 3524 752 3576 καὶ
787 3520 993 3575 τούτων
1050 3517 1251 3588 ἠξίωσε
1293 3514 1571 3586 μνήμηνή
1610 3528 1743 3584 προ·-

1862 3529 1952 3568 ιοη
1984 3512 2159 3568 solum
2182 3510 2445 3582 Aigyptii,
2472 3523 2663 3563 verum
2691 3508 2856 3563 etiam
2894 3521 3058 3560 omne
3114 3518 3287 3576 genus
3321 3504 3421 3559 ho-

189 3622 353 3692 φητεία
382 3596 760 3691 ποιήσασθαι),
781 3614 918 3686 αὐτὴ
940 3613 1123 3681 ἐκείνη
1146 3613 1179 3681 ή
1207 3608 1349 3663 κατά
1379 3607 1468 3661 τὸν
1496 3603 1745 3678 Ἀϐραὰμ

1862 3606 2052 3660 uinum
2091 3603 2181 3674 qui
2216 3601 2447 3656 antehac
2469 3599 2783 3656 simulacris
2806 3596 3008 3652 addicti
3032 3604 3209 3660 erant,
3255 3610 3424 3662 quos-

190 3716 420 3779 πολιτεία,
450 3715 552 3769 καὶ
580 3715 610 3766 ό
636 3710 994 3770 παλαιότατος
1027 3705 1123 3759 καὶ
1146 3703 1363 3758 πάντων
1385 3699 1745 3773 ἀρχαιότατος

1862 3710 1951 3766 [ue
1978 3692 2355 3765 IEgyptiorum
2378 3690 2739 3762 appellatione
2772 3687 3091 3759 prophetica
3135 3685 3418 3757 praedictio

188 3810 271 3880 τῆς
293 3777 601 3870 θεοσεϐείας
628 3805 828 3877 τρόπος
867 3798 1248 3863 σπουδάζεται.
1278 3796 1390 3850 Καὶ
1429 3793 1513 3856 τίς
1552 3792 1653 3845 οὐκ
1681 3790 1746 3844 ἂν

1862 3787 2137 3858 signiﬁcat,
2173 3798 2204 3837 a
2229 3783 2525 3838 multorum
2558 3781 2870 3837 deorumne
2912 3779 3223 3833 daemonum
3257 3777 3424 3846 impio

192 3866 463 3970 ἐκπλαγείη
507 3866 917 3967 τὸ-πάράδοξον
962 3891 1055 3946 τοῦ
1093 3890 1444 3961 πράγματος,
1497 3884 1545 3936 εἰ
1588 3882 1653 3954 δὴ
1699 3880 1749 3933 οἱ

1862 3880 2001 3932 :ultu
2026 3876 2338 3940 liberatum,
2369 3882 2424 3930 et
2454 3887 2643 3928 verum
2676 3872 3068 3942 prophetarum
3113 3866 3284 3924 Deum
3334 3871 3424 3921 in-

192 3994 237 4061 ὲξ
262 3958 462 4058 αἰῶνος.
481 3992 675 4054 λίθοις,
696 3958 790 4043 καὶ
820 3987 1015 4052 ξύλοις,
1050 3958 1151 4038 καὶ.
1176 3983 1416 4053 δαίμοσι,
1449 3975 1658 4049 θηρίοις
1688 3990 1749 4026 τε

1862 3984 2053 4024 vocans
2084 3967 2420 4022 ctadorans.
2458 3961 2597 4018 Vota
2622 3972 2804 4019 autem
2844 3962 3075 4024 faciunt,
3103 3976 3215 4017 non
3256 3958 3428 4030 pluri-

194 4052 748 4158 mrbpwﬁoé690tg,vxal
794 4081 1043 4153 ἑρπετοῖς
1072 4052 1317 4137 ἰοϐόλοις,
1349 4072 1507 4138 ζώοις
1530 4086 1590 4122 τε
1619 4083 1754 4121 παν-

1862 4062 1956 4115 bus
1992 4058 2227 4130 amplius
2268 4056 2531 4122 dominis,
2566 4055 2658 4113 sed
2693 4055 2787 4109 uni
2823 4055 2924 4109 soli
2955 4052 3206 4116 Domino,
3236 4065 3430 4122 quem-

194 4141 351 4243 τοίόις,
384 4141 777 4246 καὶιείδνενχθὲσι
812 4141 1124 4238 κνωδάλοις,
1153 4168 1285 4241 πυρί
1319 4182 1377 4218 τε
1413 4164 1508 4218 καὶ
1539 4164 1632 4232 γῇ,
1659 4159 1754 4213 καὶ

1862 4150 2144 4215 admodum
2168 4163 2384 4204 sacrum
2406 4147 2659 4218 praedixit
2689 4147 2995 4201 oraculum.
3051 4143 3116 4198 Et
3146 4144 3273 4197 huic
3308 4141 3431 4213 qui-

198 4272 286 4334 τοῖς
325 4269 417 4336 τοῦ
467 4268 669 4331 παντὸς
710 4265 939 4335 ἀψύχοις
986 4258 1270 4330 στοιχείοις
1323 4256 1422 4327 τὴν
1465 4253 1756 4321 σεϐάσμιον

1862 4242 1977 4298 dem
2016 4242 2185 4295 altare
2212 4242 2620 4295 iucruentarum
2647 4245 2700 4293 et
2722 4237 3068 4291 rationalium
3094 4235 3426 4296 hostiarum,

200 4368 338 4440 τιμήν
364 4365 768 4441 περιτιθέντες,
802 4361 893 4414 τὸν
954 4358 1179 4429 ὕψιστον
1209 4354 1362 4414 Θεὸν,
1400 4350 1490 4403 τὸν
1524 4343 1756 4418 ούρανοῦ

1862 4340 1919 4389 ιιι
1959 4347 2098 4388 nova
2124 4329 2261 4387 Novi
2302 4329 2638 4385 Testamenti
2690 4329 2948 4400 mysteria
2990 4326 3288 4398 postulant,
3335 4336 3433 4392 per

1863 4434 1873 4441 .
1921 4433 1933 4441 .
1998 4439 2024 4441 ,_
2063 4430 2328 4441 ._‘_.-_.-__u
2359 4422 2538 4441 -_.|_-__
2590 4428 2814 4441 -_.A_.--....
2845 4427 2918 4441 --ι
2959 4434 2971 4441 .
3010 4425 3053 4441 ί..
3086 4433 3199 4441 --.Μ
3236 4415 3288 4441 ζ..
3357 4412 3406 4441 Β

200 4438 278 4516 καὶ
302 4438 408 4533 *γῆς
442 4438 787 4531 *δημιουργὸν
811 4495 825 4519 ,
857 4451 1019 4507 αὐτὸν
1063 4450 1129 4521 δὴ
1183 4447 1273 4501 τὸν
1321 4443 1428 4498 τῶν
1463 4438 1759 4514 προφητῶν

202 4555 400 4625 Κύριον,
435 4552 530 4607 τὸν
568 4549 698 4603 Θεὸν
745 4544 994 4617 Ἀϐραὰμ
1030 4540 1126 4596 καὶ
1171 4539 1278 4593 τῶν
1306 4534 1493 4589 τούτου
1545 4547 1759 4604 προπα-

199 4623 371 4718 τόρων,
409 4642 548 4717 μετά
576 4640 673 4712 τὴν
705 4639 797 4693 τοῦ
824 4635 1076 4706 Σωτῆρος
1107 4629 1263 4703 ἡμῶν
1297 4625 1597 4699 παρουσίαν
1623 4623 1758 4676 ἁνα-

204 4714 507 4800 καλοῦνταις
541 4734 637 4788 καὶ
663 4733 711 4785 οἱ
746 4728 924 4801 μικρῷ
951 4723 1188 4801 πρόσθεν
1226 4715 1632 4792 μητρογαμίαις
1666 4714 1761 4768 καὶ

207 4826 631 4899 θυγατρομιξίαις
658 4863 673 4886 ,
725 4815 1171 4891 ἀλληλοφθορίαις
1223 4831 1284 4866 τε
1336 4811 1430 4865 καὶ
1478 4806 1763 4868 παντοίαις

211 4921 520 4993 μιαιφονίαις
549 4913 1040 4988 ὲγκαλινδούμενοι,
1068 4910 1116 4962 οἱ
1172 4905 1337 4978 μηδὲν
1377 4921 1431 4956 τι
1473 4900 1763 4971 ἀνημέρων

210 4991 392 5089 θηρίων
427 5014 520 5067 τὸν
578 5011 773 5084 τρόπον
819 5006 1195 5078 διαφέροντες,
1241 4997 1361 5053 νυνὶ
1401 4994 1489 5049 διὰ
1531 4994 1630 5064 τῆς
1668 4991 1761 5046 τοῦ

470 5105 626 5178 ήμῶν
653 5100 835 5179 ἐνθέου
874 5098 1154 5168 δυνάμεως
1192 5089 1635 5165 μεταϐληθὼτες,
1669 5085 1765 5139 καὶ¹

213 5177 381 5274 ὥσπερ
412 5200 473 5266 ἐξ
496 5177 705 5270 ἑτέρων
746 5178 927 5264 ἕτεροι
966 5187 1270 5259 γεγονότες,
1299 5183 1489 5250 λόγους
1535 5177 1763 5250 ἀρετῆς,

217 5296 294 5347 καὶ
313 5290 661 5365 σωφροσύνης
694 5285 1057 5355 παιδεύματα,
1106 5278 1379 5339 συνιόντες
1402 5275 1483 5338 είς
1518 5272 1587 5326 τὰ
1615 5269 1768 5326 κοινά

246 5364 560 5446 δασκαλεία,
601 5379 960 5454 μανθάνουσιν
982 5392 995 5406 ’
1026 5373 1102 5437 ὡς
1130 5370 1231 5443 τὴν
1266 5367 1525 5423 ἀνωτάτω
1553 5364 1769 5433 φιλοσο-

255 5477 327 5528 ίειν
352 5516 367 5539 ,
419 5475 515 5546 τὴν
563 5472 689 5545 μηδ’
732 5468 1022 5541 ἐμϐλέπειν
1071 5462 1388 5523 ἀκολάστοις
1441 5455 1768 5526 ὀφθαλμοῖς,

279 5618 323 5647 ’⁸
357 5618 461 5671 lsa.
492 5632 606 5681 XIX,
648 5614 848 5680 19,20.

284 5757 543 5830 («llForte
575 5757 704 5830 leg”
735 5752 852 5830 καθ’
881 5751 1046 5830 ἡμᾶς.
1086 5751 1264 5812 αὐτοῖς
1304 5748 1411 5808 τοῖς
1437 5742 1558 5814 όφθ.
1598 5757 1746 5800 non.

172 5866 195 5887 τι
289 5821 383 5905 (4')
422 5827 567 5883 Οὐδ’.
597 5821 755 5881 Forte
783 5822 899 5877 οὐκ.
933 5821 1086 5877 Enn".

1862 4433 2032 4480 totum
2063 4430 2334 4478 terrarqu
2354 4422 2543 4477 orbem
2574 4428 2819 4476 erectum
2840 4427 2925 4474 est
2959 4434 2973 4470 :
3005 4425 3202 4473 etcum
3235 4415 3291 4469 in
3341 4412 3435 4467 1E-

1790 4515 1833 4570 D
1862 4526 2046 4592 gypto,
2077 4528 2192 4573 tum
2221 4518 2279 4574 in
2308 4515 2534 4586 reliquis
2560 4514 2835 4585 gentibus,
2869 4526 2991 4582 quae
3024 4525 3206 4566 mores
3262 4505 3435 4578 IEgy-

1862 4614 2098 4685 ptiorum
2124 4609 2422 4671 imitantes,
2439 4604 2850 4678 superstitionis
2862 4618 3049 4659 errore
3080 4600 3433 4656 tenebantur:

1864 4705 1967 4759 hac
1994 4704 2112 4774 ipsa
2138 4707 2299 4756 aatate
2326 4705 2515 4754 nostra
2547 4697 2792 4768 cognitio
2829 4695 2945 4750 veri
3004 4692 3099 4747 Dei
3158 4690 3435 4753 relucens,

1865 4797 2024 4853 tidem
2056 4796 2125 4850 iis
2174 4808 2293 4864 quae
2320 4806 2352 4845 a
2383 4790 2665 4861 prophetis
2695 4787 2951 4860 praedicta
2982 4791 3131 4846 sunt,
3163 4782 3441 4837 indubita-

1864 4900 1977 4946 tam
2017 4886 2285 4958 adjungit.
2318 4883 2443 4939 Haec
2477 4891 2660 4938 autem
2692 4897 2816 4938 cum
2847 4882 3028 4949 reipsa
3058 4876 3275 4931 interim
3316 4889 3441 4944 per-

1871 4981 1957 5037 ﬁci
1986 4980 2193 5042 videas,
2228 4991 2328 5031 nec
2385 4977 2637 5047 amplius,
2699 4982 2756 5028 ut
2803 4970 3076 5042 quondam
3135 4968 3312 5024 audita
3345 4982 3443 5022 ex-

1873 5070 2128 5145 spectari,
2158 5069 2205 5125 si
2230 5076 2449 5137 tempus
2484 5081 2696 5139 quaeras
2730 5063 2877 5119 unde
2923 5060 3252 5134 principium
3293 5061 3443 5129 ejus-

1873 5164 2022 5221 modi
2049 5179 2137 5219 res
2169 5163 2461 5239 acceperit,
2495 5176 2603 5215 non
2635 5158 2781 5214 aliud
2811 5156 3076 5220 invenies,
3113 5169 3277 5225 quam
3317 5169 3443 5209 eum

1879 5260 2130 5315 Salvator
2161 5264 2350 5314 noster
2375 5253 2616 5309 advenit.
2640 5252 2761 5322 Ipse
2788 5248 2956 5320 igitur
2983 5247 3073 5303 ille
3104 5247 3227 5314 luit,
3280 5260 3443 5315 quem

1874 5352 2159 5409 oraculum
2189 5345 2553 5420 signiﬁcabat,
2580 5358 2705 5397 cum
2732 5341 2940 5397 diceret
2965 5339 3135 5394 Deum
3165 5348 3221 5392 et
3263 5335 3448 5390 Domi-

1877 5462 2009 5503 num
2034 5443 2298 5507 universi,
2346 5440 2644 5495 missurum
2700 5434 2972 5507 Egyptiis
3024 5430 3298 5488 hominem
3351 5427 3446 5500 qui

1948 5734 2066 5806 (Γ)
2103 5730 2256 5787 Οὐδ’.
2283 5728 2445 5786 Forte
2476 5727 2590 5781 οὐκ.
2627 5723 2781 5782 Fort.
