4056 6418
557 368 629 428 63
1211 365 1483 423 EUSEBH
1521 366 1633 424 (31E
1642 367 2001 425 SARIENSIS
2030 368 2111 427 ΟΡ

2223 365 2403 426 PARS
2434 367 2497 425 Π.
2544 396 2612 408 -
2649 365 3154 424 APOLOGETICA.
3600 391 3609 402 ο
3732 366 3799 427 ει

519 501 523 506 ’
557 492 740 549 salvos
770 489 937 547 faciat
956 504 1073 553 eos,
1104 505 1267 560 quem
1289 499 1345 547 et
1368 489 1535 548 Mosis
1555 492 1814 547 vaticinia
1871 493 2111 564 perhibe-

2229 492 2362 564 μηδέ
2391 490 2550 562 μέχρι
2570 491 2747 561 λόγων
2768 491 3101 563 ἀδιαφορεϊν,
3124 489 3257 562 μηδέ
3287 482 3530 543 τὰκοινὸ.
3559 488 3654 543 καὶ
3689 490 3799 554 τοῖς

557 583 709 646 bant,
730 582 823 638 ubi
849 581 924 635 ait
942 595 955 631 :
975 580 1297 652 Egredietur
1314 581 1478 636 homo
1494 582 1563 638 de
1580 583 1790 640 semine
1819 584 1937 653 ejus
1967 592 2023 640 et
2035 584 2133 639 ἀοι

556 674 855 729 minabitur
875 673 1126 744 gentibus
1152 673 1338 730 multis
1364 676 1447 743 9';
1481 675 1537 730 in
1564 675 1766 746 quibus
1786 691 1918 732 sane
1951 678 2130 749 genti-

556 762 663 820 bus
679 771 732 818 et
748 761 1326 834 JEgyptiosnumerari
1354 780 1452 836 par
1472 773 1577 822 est.
1596 754 1795 823 Verum
1813 768 1880 824 de
1899 769 1984 823 bis
2009 770 2134 840 qu—i-

554 856 676 911 dem
706 856 917 927 longior
941 864 1087 913 esset
1117 857 1315 922 oratio,
1338 864 1393 913 et
1428 873 1526 929 per
1553 859 1727 915 otium
1756 860 1885 915 huic
1916 861 2019 931 ipsi
2050 860 2129 917 rei

554 949 816 1015 dicatum,
866 951 1170 1008 absolutius
1208 952 1483 1009 reddenda
1571 952 1727 1020 Quod
1770 965 1953 1012 autem
1991 972 2130 1026 pne-

555 1044 725 1099 sentis
753 1044 856 1099 loci
887 1047 957 1100 sit
992 1046 1297 1116 preprium,
1339 1046 1472 1101 illud
1515 1055 1770 1103 teneatur
1821 1065 1835 1101 :
1884 1065 1949 1107 ea
2007 1067 2130 1121 qua:

552 1135 811 1207 pimdicta
839 1145 990 1202 sunt,
1023 1153 1131 1192 non
1168 1138 1304 1193 alias
1327 1153 1490 1209 quam
1530 1146 1653 1208 post
1680 1140 1970 1196 adventum
1997 1140 2127 1198 Jesu

553 1224 854 1282 Salvatoris
906 1228 1081 1282 nostri
1112 1242 1232 1283 esse
1257 1228 1548 1299 completa.
1579 1229 1662 1285 Ab
1713 1229 1807 1285 illo
1859 1233 2004 1286 enim
2057 1233 2126 1288 ad

550 1316 697 1371 hunc
727 1333 900 1386 usque
936 1318 1082 1374 diem
1125 1320 1268 1390 apud
1317 1320 1625 1394 Egyptios,
1683 1322 1825 1393 apud
1885 1322 2081 1382 Persas
2107 1365 2123 1390 ,

551 1408 741 1479 Syros,
795 1410 1107 1480 Armenios,
1164 1412 1309 1482 apud
1356 1422 1630 1469 extremas
1673 1425 1943 1470 terrarum
1997 1432 2125 1474 oras

547 1500 850 1559 incolentes
902 1504 1202 1568 barbaros,
1250 1513 1303 1560 et
1360 1520 1484 1560 cum
1515 1507 1617 1576 21
1650 1507 1794 1577 apud
1831 1508 1931 1564 has
1976 1509 2124 1580 ipsas

547 1591 701 1661 prius
759 1593 1187 1649 immanissimas
1230 1600 1285 1650 et
1330 1593 1635 1651 ferissimas
1688 1598 1960 1664 nationes,
2009 1607 2124 1654 tum

546 1698 675 1738 vero
706 1685 868 1739 etiam
917 1685 1061 1756 apud
1108 1702 1202 1742 eos
1255 1686 1349 1757 qui
1392 1688 1603 1743 insulas
1657 1693 1848 1745 colunt
1881 1690 2122 1762 (quando

546 1784 603 1833 et
649 1777 717 1832 de
764 1777 850 1834 his
900 1778 1188 1850 prophetia
1236 1795 1346 1833 non
1388 1779 1672 1850 indignum
1708 1782 1917 1851 putavit
1944 1782 2122 1840 facere

2233 582 2366 634 πᾶσι
2405 579 2607 652 συνήθη
2652 579 3077 652 διαπράττεσθαι
3112 579 3513 651 παραινοῦσαν,
3551 578 3609 632 οὑ
3646 580 3797 650 μόνον

2232 672 2452 744 ἀνδρας,
2475 671 2610 726 ἀλλά
2628 672 2723 725 καὶ
2745 676 3027 741 γυναῖκας,
3046 672 3286 741 πένητας
3306 689 3363 726 τε
3391 671 3484 726 καὶ
3500 670 3796 737 πλουσίους,

2231 764 2444 833 λογίους
2466 780 2525 816 τε
2547 763 2641 817 καὶ
2669 762 2900 828 ἰδιώτας,
2932 763 3093 835 μέχρι
3116 764 3212 816 καὶ
3239 762 3466 825 παίδων,
3491 762 3586 817 καὶ
3606 763 3798 835 ἀνδρα-

2232 855 2426 919 πόδων,
2452 856 2509 908 ὲν
2534 856 2657 918 ταῖς
2682 854 2825 908 κατὰ
2850 854 3006 907 πόλιν
3025 855 3119 908 καὶ
3148 855 3268 907 κατ’
3289 852 3494 924 ἀγροὺς
3507 851 3800 925 διατριϐαῖς
3886 841 3890 845 ’

2230 946 2602 1012 παιδεύεσθαι,
2633 947 2922 1019 μανθάνειν
2946 963 3006 999 τε
3035 946 3212 1018 ἀληθῆ
3235 945 3454 1018 τρόπον,
3485 944 3609 998 καθ’
3637 945 3694 997 ὂν
3713 944 3800 998 τὸν
3884 948 3889 959 '

2230 1040 2321 1093 ἐπὶ
2358 1039 2576 1093 πάντων
2617 1040 2884 1112 προσήκει
2931 1038 3062 1093 Θεὸν
3095 1037 3305 1102 σέϐειν,
3340 1037 3436 1093 καὶ
3481 1036 3802 1109 θεραπεύειν

2229 1133 2288 1187 ἐν
2319 1132 2479 1187 παντὶ
2503 1132 2672 1204 τόπῳ,
2692 1132 2831 1186 κατά
2860 1132 2963 1205 τὴν
2988 1133 3235 1205 φήσασαν
3266 1129 3600 1204 προφητείαν
3615 1147 3629 1162 ·
3654 1149 3672 1181 ι
3696 1131 3803 1186 Καὶ

2230 1229 2696 1298 προσκυνήσουσιν
2726 1225 2892 1297 αὐτῷ,
2914 1226 3145 1290 ἕκαστος
3176 1228 3241 1279 ἐκ
3259 1225 3353 1279 τοῦ
3373 1226 3541 1278 τόπου
3566 1223 3751 1277 αὐτοῦ.
3778 1245 3795 1277 ι

2227 1317 2531 1389 Προσκυνεῖ
2572 1315 2706 1387 δῆτα
2738 1313 2832 1369 οὖν
2863 1318 2973 1381 πᾶς
3004 1315 3081 1388 τῷ
3128 1317 3220 1369 ἐπὶ
3254 1316 3471 1370 πάντων
3499 1315 3618 1387 Θεῷ
3668 1314 3800 1387 βάρ-

2227 1385 2391 1481 ϐαρος
2431 1385 2525 1463 xuii.
2568 1385 2788 1480 Ἕλλην,
2839 1410 2899 1463 ού
2951 1385 3161 1481 τρέχων
3198 1409 3292 1463 ἐπὶ
3326 1408 3395 1462 τά
3436 1385 3800 1479 Ἰεροσόλυμα,

2226 1501 2333 1556 οὐδ’
2367 1503 2559 1574 αἵμασι
2591 1504 2686 1558 καὶ
2711 1502 2920 1567 θυσίαις
2950 1503 3359 1575 ἀφοσιούμενος,
3382 1502 3590 1557 οἴκοθεν
3621 1503 3682 1557 δὲ
3711 1502 3803 1557 καὶ

2225 1596 2309 1665 ἐφ’
2360 1596 2537 1668 ἐαυτῷ
2579 1596 2789 1668 μένων,
2838 1597 2935 1649 καὶ
2975 1594 3248 1666 πνεύματι
3285 1596 3380 1650 καὶ
3432 1593 3662 1666 ἀληθείᾳ
3705 1592 3801 1666 τὴν

2224 1686 2451 1758 ἄναιμον
2487 1688 2581 1742 καὶ
2619 1686 2868 1758 καθαρὰν
2900 1686 3186 1750 ἀποδιδοὺς
3212 1685 3358 1757 αὐτῷ
3388 1686 3665 1757 λατρείαν.
3696 1687 3804 1740 Καὶ

2224 1778 2361 1850 αὐτή
2397 1796 2462 1848 γε
2490 1775 2558 1851 ἦν
2589 1779 2622 1851 ἡ
2657 1781 2836 1852 Καινὴ
2864 1779 3126 1852 Διαθήκη,
3171 1779 3231 1832 ού
3260 1777 3403 1832 κατὰ
3431 1777 3530 1850 τὴν
3568 1777 3802 1835 παλαιὰν

545 1848 915 1937 mentioneml
980 1848 1100 1938 ipsa
1158 1868 1247 1922 illa
1281 1907 1298 1932 ,
1363 1848 1781 1937 quze‘aucto—t'e
1842 1870 2111 1928 Abraham

2224 1848 2582 1941 τυγχάνουσα.
2612 1848 2862 1925 νΠαλαιάν
2886 1870 2943 1925 δὲ
2980 1848 3139 1943 μήτοι
3170 1870 3399 1943 νομίσῃς
3427 1848 3683 1940 λέγεσθαι
3706 1871 3803 1943 τὴν

547 1960 940 2032 comprobatur
990 1959 1170 2016 civilis
1221 1961 1400 2026 ratio,
1455 1969 1509 2017 et
1555 1963 1799 2018 omnium
1848 1964 2119 2037 antiquis-

545 2052 720 2108 simus
752 2052 964 2107 colendi
997 2052 1166 2108 Deum
1198 2068 1338 2121 nios,
1387 2054 1717 2111 celebratur.
1748 2055 1816 2110 Et
1847 2064 1973 2128 quis
2005 2073 2116 2115 non

544 2143 663 2215 ipsa
715 2143 794 2198 rei
822 2143 1172 2200 mirabilitate
1221 2144 1626 2217 Obstupescat?
1661 2163 1788 2204 cum
1817 2164 1913 2207 eos
1955 2152 2050 2223 qui
2082 2168 2115 2206 ιι

543 2237 765 2293 condito
799 2252 949 2304 aevo,
985 2237 1287 2308 lapidibus,
1318 2246 1374 2294 et
1400 2239 1581 2311 lignis,
1646 2249 1701 2297 et
1751 2243 2111 2314 dzemonibus,

542 2326 847 2401 belluisque
871 2329 1108 2385 humana
1139 2346 1302 2386 carne
1329 2330 1709 2390 victitantibus
1740 2342 1793 2392 et
1828 2338 2114 2408 reptilibus

541 2427 843 2490 venenatis,
899 2426 1335 2498 animalibusque
1388 2427 1570 2484 omnis
1612 2432 1848 2501 generis,
1882 2440 1937 2488 et
1983 2432 2113 2491 feris

542 2515 890 2584 informibus,
943 2518 1184 2589 ignique,
1219 2528 1273 2575 et
1307 2529 1496 2587 terrae,
1552 2530 1608 2578 et
1652 2523 1827 2593 ipsius
1871 2525 2114 2581 universi

539 2604 857 2663 inanimatis
906 2609 1210 2676 elementis,
1243 2611 1489 2669 divinum
1538 2614 1799 2671 honorem
1823 2625 1877 2672 et
1906 2618 2111 2672 cultum

536 2698 854 2755 tribuebant
890 2720 903 2757 :
946 2703 1274 2758 altissimum
1317 2703 1484 2760 Deum
1513 2747 1528 2773 ,
1583 2715 1638 2763 et
1689 2708 1813 2763 caeli
1862 2723 1925 2764 ac
1954 2718 2112 2764 terra:

537 2789 807 2860 opiﬁcem,
866 2792 1044 2863 ipsum
1097 2795 1285 2866 utique
1336 2798 1725 2868 prophetarum
1782 2799 2108 2867 Dominum,

540 2877 818 2953 Deumque
861 2885 1155 2951 Abraham,
1190 2896 1244 2943 et
1266 2904 1491 2943 avorum
1531 2889 1799 2959 ejusdem,
1832 2900 1956 2962 post
1991 2891 2113 2947 Sal~

537 2972 745 3027 vatoris
773 2975 947 3028 nostri
979 2974 1292 3038 adventum,
1322 2978 1503 3033 videat
1537 2978 1860 3035 invocantes
1895 2998 1909 3034 :
1942 2989 1997 3035 et
2015 2996 2111 3036 eos

536 3062 633 3132 qui
666 3063 827 3132 paulo
860 3070 985 3117 ante
1007 3079 1036 3116 a
1067 3066 1331 3123 matribus
1381 3078 1435 3125 et
1467 3069 1682 3127 ﬁliabus
1709 3069 1984 3126 libidinem
2002 3087 2111 3126 non

537 3155 884 3211 abstinebant
907 3196 923 3220 ,
954 3173 1121 3229 seque
1154 3168 1347 3215 mutuo
1400 3164 1542 3219 inter
1580 3179 1639 3220 se
1663 3167 2108 3237 corrumpebant,

534 3255 590 3303 et
614 3249 794 3304 omnis
820 3250 1038 3320 generis
1069 3253 1545 3310 cruentationihus
1572 3264 1626 3310 et
1659 3255 1902 3312 cmdibus
1924 3258 2107 3328 inqui-

536 3340 762 3404 nabant,
799 3342 891 3411 qui
944 3342 1081 3397 nihil
1113 3344 1185 3399 ab
1211 3344 1544 3401 immanibus
1606 3345 1756 3412 feris,
1797 3348 1939 3403 victu
1987 3349 2107 3419 ipso

534 3431 873 3500 diﬁ'erebant,
902 3449 1049 3489 nunc
1081 3451 1178 3506 per
1201 3434 1499 3493 Salvatoris
1532 3440 1705 3495 nostri
1734 3438 1974 3494 divinam
2003 3442 2109 3497 vir-

532 3530 708 3580 tutem
739 3532 1001 3591 mutatos,
1037 3536 1091 3583 et
1135 3530 1296 3599 quasi
1327 3544 1395 3584 ex
1435 3530 1560 3586 aliis
1584 3531 1723 3587 alios
1758 3531 1954 3598 factos,
1989 3549 2107 3589 ser-

532 3631 725 3673 mones
775 3618 843 3674 de
886 3620 1106 3684 virtute.
1163 3622 1550 3693 modestiaeque
1580 3621 1865 3696 'praa'cepta
1896 3635 1955 3681 ut
1993 3626 2105 3682 dis-

530 3720 680 3772 cant.
711 3711 767 3766 in
796 3726 1117 3770 communes
1147 3714 1368 3771 scholas
1416 3717 1638 3774 assidue
1676 3721 2107 3778 convenientes?

530 3809 698 3870 atque
745 3802 879 3858 adeo
910 3804 1152 3874 quidem,
1187 3818 1246 3860 ut
1272 3815 1381 3861 tam
1409 3808 1623 3864 femina:
1651 3824 1814 3880 quam
1841 3812 1964 3876 viri,
1993 3821 2103 3867 tam

532 3908 801 3964 pauperes
829 3911 991 3967 quam
1005 3898 1222 3963 divites,
1257 3908 1368 3954 tam
1393 3902 1643 3973 vulgares
1671 3913 1726 3959 et
1755 3905 2104 3976 ignariquam

531 3983 679 4040 docti
708 3987 869 4042 etiam
901 3990 1076 4059 pueri,
1099 3998 1152 4046 et
1181 3993 1473 4062 mancipia,
1524 4009 1633 4048 non
1658 3995 1837 4052 minus
1864 3997 1916 4051 in
1934 3998 2101 4068 agris,

531 4092 696 4148 quam
719 4080 773 4132 in
803 4079 1054 4144 urbibus.
1083 4081 1141 4135 in
1190 4082 1309 4136 loca
1358 4091 1509 4138 certa
1541 4086 1887 4152 conveniant,
1922 4096 1981 4142 ut
2010 4104 2105 4145 su-

532 4182 774 4239 premam
796 4168 939 4223 illam
959 4171 1354 4242 philos0phiam
1378 4173 1648 4239 ediscant,
1674 4192 1797 4246 quae
1823 4177 2100 4246 admonet,

530 4274 601 4314 ne
630 4258 830 4314 intueri
859 4260 1077 4329 quidem
1110 4262 1481 4332 petulantibus
1510 4265 1686 4322 oculis
1718 4267 1800 4323 fas
1830 4283 1976 4333 esse,
2008 4285 2105 4326 ne-

529 4366 637 4423 que
662 4350 886 4407 verbum
919 4353 1166 4409 emittere
1205 4355 1461 4422 otiosum,
1504 4373 1679 4429 neque
1707 4374 1770 4415 ea
1798 4376 1919 4431 qum
1946 4378 2102 4417 com.

526 4442 715 4497 munia
744 4450 895 4511 sunt,
934 4450 987 4499 et
1027 4446 1283 4502 omnibus
1341 4457 1604 4504 consueta
1652 4463 1888 4521 patrare,
1916 4461 1970 4508 et
2000 4453 2099 4507 do-

525 4543 757 4591 ceantur
783 4551 967 4591 verum
1003 4536 1153 4591 illum
1172 4554 1398 4606 morem,
1431 4558 1592 4612 quem
1622 4542 1824 4613 ubique
1859 4545 2099 4600 locorum
2132 4566 2176 4620 ι)

527 4622 586 4679 in
616 4626 766 4680 cultu
788 4635 844 4680 et
874 4625 1138 4697 obsequio
1160 4631 1358 4684 summi
1388 4630 1480 4686 Dei
1529 4648 1751 4690 servare
1791 4636 2098 4699 conveniat,

526 4716 672 4771 sicut
701 4717 838 4771 dixit
882 4716 1163 4787 prophetia
1204 4739 1217 4774 :
1262 4738 1281 4771 ι
1322 4719 1386 4774 Et
1414 4720 1723 4779 adorabunt
1770 4740 1894 4779 cum
1931 4742 2101 4784 unus-

525 4806 759 4878 quisque
783 4809 851 4863 de
884 4809 1003 4866 loco
1053 4825 1154 4865 suo
1197 4811 1261 4866 ⁸³.
1310 4830 1330 4864 ι
1362 4812 1607 4870 Aderant
1629 4817 1794 4889 igitur
1825 4836 2099 4876 summum

524 4896 698 4954 Deum
741 4916 931 4957 omnes
985 4902 1205 4958 barbari
1251 4915 1304 4959 et
1356 4904 1553 4974 Graeci,
1584 4924 1692 4964 non
1725 4908 2098 4984 Hierosolyma

523 5000 1016 5065 currentes,neque
1038 4997 1329 5054 cruoribus
1361 5008 1455 5054 aut
1485 5001 1771 5057 sacriﬁciis
1792 5004 2094 5075 placantes,

522 5085 621 5144 sed
649 5086 795 5143 domi
835 5103 949 5143 suae
983 5089 1125 5160 apud
1170 5090 1381 5162 seipsos
1414 5094 1465 5147 in
1511 5094 1707 5164 spiritu
1758 5105 1811 5151 et
1842 5109 2091 5164 veritate,

522 5178 811 5235 incruento
856 5194 1101 5252 puroque
1129 5183 1393 5254 obsequio
1425 5184 1573 5238 illum
1614 5187 1874 5243 colentes.
1916 5188 2093 5244 Ethoc

521 5269 704 5327 fuerat
731 5268 908 5340 ipsum
932 5270 1142 5327 Novum
1163 5272 1760 5345 Testamentum.quod
1786 5295 1893 5333 non
1919 5280 2095 5334 instar

522 5365 723 5434 prioris
748 5363 914 5432 illius,
944 5372 999 5421 et
1024 5366 1222 5422 veteris
1256 5366 1458 5422 factum
1481 5377 1584 5423 est.
1605 5366 1775 5426 Vetus
1808 5384 1987 5427 autem
2009 5373 2090 5426 in-

522 5459 773 5529 telligito,
806 5474 914 5513 non
947 5467 1262 5515 sanctorum
1301 5459 1581 5516 hominum
1606 5463 1697 5534 qui
1734 5471 1862 5518 ante
1885 5463 2090 5521 Mosem

522 5551 696 5616 fiere,
736 5550 835 5607 sed
860 5552 1007 5622 quod
1036 5553 1170 5624 legis
1194 5554 1314 5610 loco
1332 5556 1601 5611 universae
1626 5553 1941 5611 Judieorum
1983 5573 2088 5612 na~

524 5643 659 5702 tioni
680 5644 749 5701 ab
771 5644 889 5715 ipso
919 5643 1069 5699 Muse
1095 5645 1333 5716 positum
1357 5655 1460 5702 est.
1494 5647 1764 5714 Quocirca
1798 5648 2085 5705 oraculum

595 5803 643 5838 ⁸³
674 5804 831 5860 Deut.
871 5816 1026 5873 xvut,
1063 5804 1128 5859 l5
1220 5804 1264 5837 9’
1301 5805 1406 5860 lsa.
1444 5820 1565 5874 xm,
1608 5805 1686 5862 H.

2223 1962 2333 2016 τῶν
2393 1963 2500 2035 πρὸ
2534 1963 2776 2035 Μωσέως
2817 1962 3078 2031 θεοφιλῶν
3121 1963 3349 2035 ἀνδρῶν,
3384 1963 3521 2018 ἀλλὰ
3566 1965 3667 2038 τὴν
3701 1965 3803 2020 ὑπὸ

2222 2055 2467 2120 Μωσέως
2504 2053 2689 2110 ἀὑτοῦ
2713 2056 2790 2127 τῷ
2824 2055 3091 2110 Ἰουδαίων
3119 2055 3259 2111 ἔθνει
3280 2056 3799 2129 νενομοθετημένην.

2236 2145 2514 2217 Ἐπιφέρει
2548 2146 2680 2214 γοῦν
2703 2149 2733 2201 ὀ
2767 2146 2921 2215 λόγος
2953 2145 3253 2217 διασαφῶν,
3283 2149 3405 2201 τίνα
3424 2148 3623 2218 ἔφησεν
3666 2143 3803 2202 εἶναι

2200 2238 2324 2309 τὴν
2355 2238 2610 2304 παλαιὰν,
2731 2239 2896 2310 μηδὲν
2939 2241 3124 2312 ὅμοιον
3157 2241 3379 2312 σχήσειν
3420 2240 3664 2295 διδάσκει
3706 2241 3803 2314 τὴν

2222 2330 2433 2404 καινὴν,
2475 2331 2680 2401 λέγων’
2725 2350 2744 2384 ι
2777 2331 3111 2405 Διαθήσομαι
3159 2333 3432 2407 Διαθήκην
3468 2336 3709 2407 Καινὴν,
3741 2335 3800 2391 οὐ

2221 2422 2365 2476 κατά
2392 2423 2493 2496 τὴν
2526 2422 2822 2495 Διαθήκην,
2848 2425 2914 2495 ἣν
2954 2425 3211 2497 διεθέμην
3240 2428 3351 2491 τοῖς
3395 2428 3703 2500 πατράσιν,
3745 2431 3803 2482 ἐν

2219 2513 2404 2587 ἡμέρᾳ
2445 2514 2838 2587 ἐπιλαϐομένου
2873 2534 2974 2588 μου
3008 2518 3108 2588 τῆς
3140 2518 3323 2590 χειρὸς
3364 2519 3542 2572 αὐτῶν
3562 2560 3576 2586 ,
3604 2520 3803 2591 ἐξαγα-

2218 2609 2336 2684 γεῇ
2381 2607 2577 2671 αὐτοὺς
2625 2609 2689 2661 ὲκ
2740 2609 2842 2679 γῆς
2889 2609 3183 2678 Αἰγύπτου.
3212 2629 3231 2662 ι
3285 2611 3361 2664 Οὐ
3406 2612 3545 2666 κατά
3593 2613 3802 2685 ταύτην

2219 2696 2350 2767 γοῦν
2380 2715 2511 2772 φησι
2544 2699 2639 2771 τὴν
2673 2701 2777 2753 ὑπὸ
2803 2702 3047 2766 Μωσέως
3107 2701 3621 2777 νενομοθετημένην.
3650 2705 3810 2778 Αὕτη

2219 2789 2329 2862 γὰρ
2353 2787 2420 2862 ἦν
2447 2794 2587 2845 κατά
2616 2791 2716 2862 τὴν
2747 2792 2923 2860 ἔξοδον
2960 2794 3059 2863 τὴν
3091 2795 3185 2846 ἀπ’
3214 2794 3489 2864 Αἰγύπτου
3517 2800 3629 2861 τοῖς
3671 2798 3800 2852 Ἰου-

2218 2881 2390 2947 δαίοις
2421 2887 2804 2956 παραδοθεῖσα,
2834 2885 3049 2953 Ἐδοξεν
3076 2885 3141 2940 ἂν
3167 2881 3261 2939 οὖν
3279 2887 3526 2942 ἐναντίαν
3552 2890 3811 2958 εἰσάγειν-

2218 2972 2316 3043 τὴν
2343 2974 2550 3046 Καινὴν
2584 2974 2855 3048 Διαθήκην
2879 2974 2971 3029 τοῦ
3000 2975 3201 3049 τρόπου
3226 2978 3322 3049 τῆς
3352 2976 3662 3043 θεοσεϐείας
3694 2980 3809 3035 τῶν

2218 3064 2362 3135 ἀμφὶ
2388 3065 2479 3119 τὸν
2514 3066 2765 3139 ’Λϐραάμ
2799 3067 3080 3136 θεοφιλῶν,
3113 3069 3162 3121 εἰ
3206 3068 3277 3139 μὴ
3308 3070 3552 3139 ἀκριϐῶς
3592 3072 3797 3145 ἐπεσηο

2222 3159 2447 3231 μήνατο,
2480 3161 2687 3231 φήσας·
2741 3180 2758 3212 ι
2801 3162 2874 3215 Οὐ
2908 3162 3045 3215 κατά
3084 3161 3182 3233 τήν
3218 3164 3492 3235 Διαθήκην
3532 3167 3597 3236 ἦν
3624 3166 3802 3222 διεθέ-

2214 3267 2322 3322 μην
2350 3253 2464 3314 τοῖς
2494 3252 2766 3322 πατράσιν
2790 3251 2969 3305 αὐτῶν
2999 3252 3120 3306 κατ’
3142 3255 3317 3308 ἐκεῖνο
3350 3254 3565 3327 καιροῦ,
3596 3257 3723 3311 καθ’
3741 3256 3798 3311 ὃν

2209 3343 2476 3415 ἐξήγαγον
2505 3334 2699 3410 αὐτοὺς
2732 3348 2796 3399 ἐκ
2826 3347 2930 3418 γῆς
2954 3347 3249 3417 Αἰγύπτου.
3282 3367 3302 3401 ι
3333 3349 3405 3401 Οὐ
3424 3348 3563 3402 κατὰ
3578 3349 3680 3421 τὴν
3697 3349 3800 3403 ὑπὸ

2212 3438 2454 3502 Μωσέως
2492 3439 2600 3510 ἄρα
2646 3438 2739 3490 ἐπὶ
2794 3439 2893 3509 τῆς
2934 3436 3137 3504 ἐξόδου,
3168 3440 3261 3494 καὶ
3284 3440 3376 3493 ἐπὶ
3397 3440 3496 3511 τῆς
3525 3440 3672 3494 κατὰ
3702 3443 3799 3512 τήν

2208 3527 2414 3601 ἔρημον
2477 3528 2758 3600 διατριϐῆς
2816 3530 3351 3602 νενομοθετημένην,
3413 3531 3630 3585 ἔσεσθαι
3699 3534 3797 3604 τὴν

2207 3620 2414 3693 Καινὴν
2437 3618 2742 3684 ἐθέσπιζεν,
2762 3619 2897 3674 ἀλλά
2929 3623 3048 3674 κατ’
3069 3623 3285 3693 ἐκείνην
3313 3622 3515 3694 δηλαδὴ
3544 3625 3644 3696 τὴν
3674 3624 3798 3698 πρό-

2208 3712 2376 3765 παλαι
2421 3712 2905 3784 πολιτευσαμένην,
2938 3714 3005 3766 δι’
3028 3706 3097 3785 ἦς
3119 3713 3563 3785 κατορθώσαντες
3587 3717 3797 3787 ἀνεφάτ

2206 3822 2375 3876 νησαν
2405 3806 2454 3858 οἱ
2485 3805 2589 3877 πρὸ
2619 3805 2878 3870 Μωσέως.
2920 3807 2996 3859 Δι’
3022 3805 3058 3860 ἃ
3090 3806 3154 3878 δὴ
3185 3806 3372 3860 λοιπὸν
3414 3807 3517 3878 ήδη
3550 3807 3796 3882 θαρῤὦν,

2205 3899 2303 3962 τάς
2320 3898 2428 3952 τῶν
2444 3898 2714 3951 θεοσεϐεἰν
2729 3899 3211 3970 ἐπαγγελλομένων
3233 3900 3577 3972 προαιρέσεις
3601 3903 3679 3974 μὴ
3705 3904 3796 3957 ἐπὶ

2205 3990 2317 4055 δύο,
2346 3988 2480 4044 ἀλλά
2507 3990 2631 4062 τρία
2657 3990 2866 4062 διαιροῦ
2896 3992 3172 4063 τάγματα·
3201 3993 3265 4046 τό
3294 4010 3353 4046 τε
3373 3993 3481 4047 τῶν
3516 3996 3797 4061 παντελῶς

2206 4081 2624 4153 εἰδωλολατρῶν,
2652 4082 2762 4136 τῶν
2791 4083 2856 4155 δὴ
2891 4084 2985 4137 ἐπὶ
3007 4085 3106 4156 τὴν
3138 4084 3397 4139 πολύθεον
3425 4085 3631 4159 πλάνην
3652 4090 3796 4143 ἀπο-

2206 4173 2590 4239 πεπτωκότων,
2627 4174 2722 4227 καί¹
2745 4174 2806 4227 τὸ
2842 4173 2950 4228 τῶν
2979 4176 3043 4228 ἐκ
3070 4177 3371 4247 περιτομῆς
3418 4177 3509 4231 διὰ
3541 4180 3791 4244 Μωσέως

2205 4263 2297 4316 ἐπὶ
2327 4263 2419 4318 τὸν
2446 4264 2659 4337 πρῶτον
2682 4264 3086 4336 ἀνεὶηλυθότων
3118 4265 3219 4336 τῆς
3241 4267 3521 4332 εὐσεϐείας
3552 4269 3789 4339 βαθμὸν*

2206 4356 2301 4409 καὶ
2329 4356 2512 4428 τρίτον
2538 4356 2600 4410 τὸ
2628 4356 2736 4411 τῶν
2765 4355 3255 4429 ἐπαναϐεϐηκότων
3293 4359 3380 4415 δίὰ
3411 4357 3514 4430 τῆς
3544 4356 3791 4428 εὐαγγε-

2203 4447 2361 4520 λικῆς
2392 4448 2761 4512 διδασκαλίας,
2801 4449 2829 4502 ὃ
2861 4450 2956 4503 καὶ
2982 4450 3090 4503 τῶν
3125 4450 3269 4504 δυεῖν
3298 4451 3463 4522 μέσον
3496 4454 3791 4525 παρεμϐα-

2205 4539 2341 4605 λὼν,
2381 4540 2571 4611 μηκέθ’
2607 4539 2742 4611 ἡγοῦ
2773 4542 2897 4605 τοὺς
2934 4541 3042 4595 ἀπὸ
3088 4542 3356 4596 Ἰουδαίων
3389 4543 3791 4615 ἀφισταμένους

2210 4634 2426 4697 πάντως
2450 4633 2559 4687 δεῖν
2602 4636 2687 4703 ἐφ’
2730 4633 3083 4706 Ἐλληνισμὸν
3123 4634 3444 4700 ἐκπίπτειν,
3483 4635 3617 4708 μηδὲ
3661 4636 3797 4699 τοὺς

2209 4724 2269 4790 ἐξ
2297 4724 2562 4796 Ἑλλήνων
2596 4725 3010 4797 ἀναχωροῦντας
3038 4724 3097 4791 ἐξ
3124 4726 3370 4797 ἀνάγκης
3412 4727 3608 4799 χρῆναι
3653 4723 3788 4781 Ἰου-

2207 4815 2393 4879 δαίους
2442 4815 2690 4870 ἔσεσθαι·
2739 4816 2849 4872 τῶν
2889 4817 2946 4871 δὲ
3002 4819 3181 4890 μέσων
3230 4817 3365 4871 ἐλὼν
3416 4818 3507 4871 τὸν
3558 4818 3798 4890 τρόπονμ

2206 4908 2458 4979 εὑρήσεις
2482 4907 2595 4962 ἀνω
2620 4926 2720 4962 που
2748 4909 2978 4975 ἑστῶτα,
3004 4911 3099 4964 κα)⁸
3117 4909 3305 4981 ὥσπερ
3331 4912 3417 4980 ἐφ’
3445 4910 3793 4983 ὑψηλοτάτης.
3861 4896 3869 4909 ’

2205 4999 2516 5072 ἀκρωρείας
2558 5000 2965 5074 ἀναϐεϐηκότα,
3003 5000 3342 5074 ἑκατέρωθεν
3381 5002 3439 5056 δὲ
3471 5002 3621 5056 κάτω
3657 5004 3787 5068 τοὺς

2200 5091 2421 5155 λοιποὺς
2447 5093 2858 5148 ἀπολελοιπότα.
2892 5094 3159 5166 Ἑλλήνων
3191 5093 3290 5165 μὲν
3336 5093 3446 5166 γὰρ
3476 5095 3785 5165 ἐκπέφευγε

2202 5186 2300 5256 τὴν
2336 5184 2491 5239 ἄθεον
2543 5187 2638 5240 καὶ
2682 5186 2995 5258 πολυπλανῆ
3044 5187 3464 5259 δεισιδαιμονίαν
3489 5228 3504 5252 ,
3557 5190 3651 5241 καὶ
3683 5189 3783 5253 τάς

2202 5278 2489 5348 ἀνειμένας
2525 5278 2781 5351 πορνείας
2826 5297 2886 5333 τε
2931 5281 3028 5334 καὶ
3072 5280 3377 5351 ἀκοσμίας’
3417 5281 3682 5335 Ἰουδαίων
3725 5280 3784 5334 δὲ

2201 5368 2463 5431 ὡσαύτως
2494 5368 2591 5441 τὴν
2653 5371 2759 5424 ὑπὸ
2801 5371 3043 5434 Μωσέως
3084 5370 3250 5441 ἀτελῆ
3299 5371 3395 5424 καὶ
3442 5367 3530 5425 οἷα
3568 5372 3783 5442 νηπίοις

2202 5463 2295 5515 καὶ
2316 5462 2564 5517 ἀσθενέσι
2592 5464 2924 5535 κατάλληλον
2944 5462 3414 5536 ἐθελοθρησκείαν.
3442 5464 3546 5520 Τὸν
3582 5466 3780 5518 οἰκεῖον

2194 5552 2251 5606 δὲ
2286 5552 2489 5607 ἄνωθεν
2518 5555 2576 5607 οὐ
2631 5555 2790 5626 μόνον
2858 5556 3165 5621 Ἰουδαίοις,
3217 5555 3355 5610 ἀλλά
3406 5556 3500 5611 καὶ
3550 5554 3779 5625 Ἕλλησι

2194 5644 2287 5697 καὶ
2323 5642 2650 5719 βαρϐάροις,
2707 5650 2799 5703 καὶ
2856 5649 2966 5712 τοῖς
3016 5649 3104 5720 ὑφ’
3155 5648 3293 5720 ἡλίῳ
3348 5649 3511 5705 πᾶσιν
3566 5646 3781 5703 ἔθνεσιν
