4056 6418
295 340 360 399 65
1193 336 1853 399 DEMONSTRATIONIS
1890 343 2354 403 EVANGELICE
2396 346 2524 403 LIB.
2566 349 2607 406 1.
3469 345 3539 400 ³6

295 457 645 527 ἐπιϐοώμενος
697 454 870 526 νόμον
898 500 911 517 ,
965 457 1065 529 ὅρα
1109 458 1161 509 τί
1220 476 1411 529 φησιν·
1450 456 1519 514 Ὦ
1573 461 1851 534 ἄνθρωπε,

1961 461 2136 531 ipsum
2164 463 2268 533 22
2298 462 2545 534 adjungit
2569 478 2654 527 ea,
2681 462 2877 535 quibus
2899 467 3120 537 planum
3146 468 3332 535 faciat,
3352 458 3542 542 quotl-

292 552 382 607 atal
411 548 627 620 σύμπαν
672 548 735 600 τὸ
785 548 997 620 θνητῶν
1034 550 1224 619 γένος,
1279 550 1309 601 ὁ
1360 551 1458 621 μὲν
1490 551 1553 622 δὴ
1613 552 1861 616 Μωσέως

292 644 447 715 νόμος
472 684 487 707 ,
557 643 649 712 ἀφ’
705 641 826 705 ἐνὸς
896 644 1083 711 γένους
1150 639 1450 714 ἀνθρώπων
1514 643 1817 714 ἀρξάμενος
1842 684 1858 708 ,

293 737 499 808 πρῶτον
549 733 806 788 ἁπάντων
862 733 924 787 τὸ
988 733 1254 788 Ἰουδαίων
1319 734 1475 803 γένος
1501 773 1516 797 ,
1570 734 1670 805 τῆς
1723 735 1861 809 πρὸς

289 831 409 892 τοὺς
453 826 719 896 θεοφιλεῖς
765 827 1113 898 προπάτορας
1159 826 1337 881 αὐτῶν
1380 826 1709 895 ἐπαγγελίας
1744 830 1861 883 Eva-

290 938 400 982 κεν,
426 920 523 973 ἐπὶ
558 918 655 990 τὴν
686 918 781 971 τοῦ
825 918 944 982 ἐνὸς
982 916 1116 971 Θεοῦ
1155 918 1356 985 γνῶσιν
1401 920 1730 983 ἀνεκαλεῖτο,
1760 922 1859 992 τῆς

290 1011 489 1080 πικρᾶς
533 1009 644 1060 τῶν
696 1008 962 1077 δαιμόνων
1014 1006 1257 1070 δουλείας
1306 1008 1432 1072 τοὺς
1492 1008 1859 1075 ὑπακούοντας

288 1101 646 1155 ἀπαλλάττων
669 1116 682 1128 ·
714 1099 824 1168 ἐγὼ
850 1098 907 1151 δὲ
938 1099 1101 1151 πᾶσιν
1126 1096 1451 1171 ἀνθρώποις,
1481 1101 1573 1153 καὶ
1602 1102 1712 1165 τοῖς
1737 1102 1857 1155 καθ’

285 1194 406 1263 ὅλης
440 1194 542 1263 τῆς
580 1190 905 1261 οἰκουμένης
931 1189 1105 1242 ἔθνεσι
1129 1190 1227 1261 τὴν
1264 1190 1736 1263 ἐπαναϐεϐηκυῖαν
1764 1191 1857 1245 τοῦ

283 1284 416 1338 Θεοῦ
449 1283 653 1353 γνῶσιν
692 1283 785 1336 xal
826 1281 1105 1337 εὐσέϐειαν
1134 1280 1537 1354 προαγγέλλων,
1569 1284 1707 1336 κατά
1736 1283 1859 1348 τοὺς

284 1374 424 1444 ἀμφὶ
469 1374 564 1426 τὸν
610 1372 878 1445 Ἀϐραὰμ,
911 1372 1158 1434 καὶτοὺς
1204 1368 1282 1423 ἔτι
1330 1370 1716 1442 παλαιοτέρους
1753 1370 1859 1443 πρὸ

286 1465 532 1527 Μωσέως
572 1464 778 1535 χρόνων
814 1462 961 1533 βιοῦν
993 1461 1261 1532 παραινῶ,
1305 1462 1363 1514 ἐν
1425 1456 1507 1525 οἷς
1538 1461 1596 1528 ἐξ
1632 1460 1857 1516 ἀλλοδαε-

278 1557 398 1610 πῶν
428 1555 600 1609 ἐθνῶν
632 1554 848 1618 πλείους
884 1555 968 1606 ἐπ’
1004 1553 1253 1625 εὐσεὸείᾳ
1289 1551 1713 1624 μνημονεύονται
1746 1554 1859 1608 δια-

277 1647 617 1719 λάμψαντες.
652 1646 761 1699 Kal
795 1644 988 1698 πάλιν⁸
1024 1646 1082 1698 'U
1117 1646 1215 1716 μὲν
1264 1645 1507 1709 Μωσέως
1539 1647 1720 1717 νόμος,
1761 1648 1846 1718 ἐφ’

1962 569 2088 610 nam
2112 554 2279 613 Vetus
2308 556 2440 611 illud
2469 557 2667 612 dixerit
2713 574 2835 615 esse
2864 578 2878 615 :
2920 562 3009 616 cui
3052 561 3273 631 quidem
3322 561 3537 620 novum’

1962 648 2100 702 nihil
2120 649 2297 706 simile
2312 648 2628 704 habiturum
2663 651 2924 719 ostendit,
2954 653 3045 708 ubi
3073 652 3247 710 dicit:
3283 654 3530 712 Condam

1963 740 2371 797 Testamentum
2395 741 2625 807 Novum,
2658 759 2768 799 non
2801 746 3103 801 secundum
3118 745 3530 803 Testamentum

1960 832 2106 904 quod
2154 832 2375 888 condidi
2402 835 2649 904 patribus
2678 836 2734 890 in
2756 835 2865 901 die,
2904 850 3029 890 cum
3060 852 3160 908 ego
3196 838 3533 908 apprehendi

1960 925 2086 981 illos
2107 941 2295 991 manu,
2321 934 2381 980 ut
2405 927 2692 982 educerem
2726 942 2823 982 eos
2867 928 2935 983 de
2984 936 3130 984 terra
3157 928 3377 1000 λεπριί
3400 930 3467 983 ’⁵.
3507 950 3526 983 ι

1956 1015 2149 1088 Itaque
2177 1034 2300 1073 cum
2327 1018 2627 1074 secundum
2659 1019 2762 1073 hoc
2784 1019 2938 1082 dicit,
2974 1020 3275 1075 secundum
3306 1020 3359 1075 id
3385 1020 3530 1091 quod

1956 1109 2095 1181 legis
2146 1110 2265 1166 loco
2287 1126 2318 1165 a
2347 1109 2493 1166 Mose
2524 1112 2761 1181 positum
2793 1118 2897 1177 est,
2932 1112 3202 1184 intelligit.
3234 1111 3347 1167 lloe
3384 1114 3533 1169 enim

1960 1198 2093 1257 illud
2125 1209 2230 1269 est,
2284 1202 2431 1274 quod
2470 1200 2672 1259 Iudaeis
2693 1243 2708 1268 ,
2757 1218 2869 1274 quo
2927 1211 3172 1274 tempore
3201 1204 3269 1261 de
3297 1204 3531 1277 )Egvpm

1958 1293 2166 1364 egressi
2199 1302 2349 1361 sunt,
2401 1294 2661 1349 traditum
2688 1302 2793 1351 est.
2832 1294 2998 1352 Visus
3032 1296 3202 1367 igitur
3254 1306 3400 1353 esset
3423 1298 3533 1352 No-

1956 1401 2084 1441 vum
2115 1385 2524 1443 Testamentum
2554 1387 2923 1452 introducere,
2958 1400 3217 1459 tanquam
3252 1389 3369 1459 ejus
3387 1390 3530 1447 ritus

1959 1482 2313 1547 contrarium,
2344 1497 2503 1552 quem
2533 1484 2707 1538 sancti
2732 1483 2807 1537 illi
2835 1482 3069 1537 'Abrabae
3099 1482 3304 1538 similes
3339 1483 3443 1537 viri
3472 1484 3529 1539 in

1954 1573 2144 1627 divino
2176 1574 2325 1627 cultu
2382 1574 2769 1643 sequebantur,
2800 1574 2906 1629 nisi
2960 1575 3119 1644 plane
3164 1573 3297 1643 ipsis
3345 1574 3530 1630 verbis

1959 1666 2341 1737 signiﬁcasset,
2395 1666 2487 1720 ubi
2531 1667 2705 1721 dixit:
2744 1685 2764 1718 ‹
2802 1666 2917 1720 Νοη
2970 1666 3269 1721 secundum
3333 1664 3529 1721 Testa-

276 1739 373 1795 ἕνα
411 1740 536 1793 τινὰ
581 1738 681 1808 τῆς
708 1739 808 1808 γῆς
854 1737 1233 1810 ἀφωρισμένον
1263 1738 1426 1792 τόπον
1457 1739 1582 1803 τοὺς
1616 1740 1851 1794 εὐσεϐεῖν

1958 1767 2198 1812 mentum
2228 1757 2371 1828 quod
2400 1756 2617 1813 condidi
2643 1759 2888 1829 patribus
2910 1774 3120 1822 eorum,
3151 1773 3258 1828 quo
3286 1767 3532 1828 tempore

276 1830 698 1904 προῃρημένους
750 1828 998 1882 σπεύδειν
1044 1828 1378 1899 πανταχόθεν
1422 1830 1815 1901 παρεκελεύετο
1839 1849 1852 1862 ·

273 1922 385 1993 ἐγὼ
408 1922 468 1975 δὲ
498 1924 614 1984 τοῖς
638 1922 802 1974 πᾶσιν
845 1918 909 1973 ἂν
939 1921 1019 1983 εἰς
1045 1920 1142 1990 τὴν
1180 1919 1510 1993 ἐλευθερίαν,
1540 1922 1638 1974 οὐκ
1666 1923 1722 1975 ἐν
1747 1939 1856 1991 γω-

274 2017 363 2087 νίᾳ
392 2015 519 2087 γῆς,
561 2014 668 2068 οὐδ’
709 2014 768 2068 ἐν
810 2013 1012 2086 ὄρεσιν,
1055 2013 1090 2085 ἧ
1132 2030 1242 2067 τισι
1278 2016 1671 2086 χειροποιήτοις
1711 2016 1857 2080 ναοῖς

274 2106 458 2180 ζητεῖν
486 2108 581 2161 τὸν
610 2109 703 2160 ἐπὶ
730 2107 945 2161 πάντων
989 2105 1142 2172 Θεὸν,
1184 2104 1392 2159 οἴκοθεν
1425 2106 1483 2160 δὲ
1513 2106 1740 2161 ἕκαστον
1772 2109 1855 2161 σέ-

274 2199 388 2254 ϐειν
426 2200 595 2253 αὐτὸν
618 2200 712 2253 καὶ
748 2202 1072 2271 προσκυνεῖν
1117 2198 1375 2256 παιδεύω.
1408 2201 1518 2254 Kal
1558 2201 1717 2255 πάλιν
1741 2219 1754 2233 ·
1797 2203 1854 2256 ὐ

275 2292 376 2363 μὲν
406 2289 641 2354 παλαιὸς
687 2291 851 2361 νόμος
883 2289 1092 2354 θυσίαις
1130 2293 1250 2353 ταῖς
1281 2289 1368 2344 διὰ
1401 2288 1553 2354 ζώων
1598 2296 1851 2363 σφαγαῖς,

268 2382 572 2437 λιδανωτοῦ
602 2399 664 2435 τε
706 2382 800 2435 καὶ
840 2381 1029 2453 πυρὸς,
1054 2381 1149 2436 καί
1185 2400 1346 2436 τινων
1380 2382 1551 2436 ἄλλων
1576 2385 1853 2457 ὁμοιοτρό-

271 2485 388 2522 πων
410 2469 505 2522 τοῦ
535 2465 787 2539 σώματος
814 2469 1112 2541 καθαρμῶν
1139 2468 1458 2542 θρησκεύειν
1484 2471 1573 2525 τὸν
1604 2473 1695 2526 ἐπὶ
1720 2475 1855 2528 πάν-

268 2578 378 2614 των
410 2560 546 2613 Θεὸν
580 2559 977 2633 παρεκελεύετο
1001 2577 1015 2591 ’
1057 2559 1169 2628 ἐγὼ
1203 2560 1260 2614 δέ
1302 2560 1369 2615 τὰ
1405 2561 1582 2634 ψυχῆς
1624 2564 1855 2636 παραδι-

265 2652 392 2716 δοὺς
437 2651 602 2725 ὄργια
636 2650 843 2721 διανοίᾳ
886 2650 1247 2725 καθαρωτάτῃ
1280 2653 1375 2706 καὶ
1422 2652 1497 2724 νῷ
1526 2646 1853 2723 διαυγεῖ,⁴’”ἐν

271 2742 603 2815 σωφροσύνῃ
647 2742 741 2795 καὶ
767 2742 846 2812 τῷ
881 2743 999 2795 κατ’
1038 2742 1241 2815 ἀρετὴν
1273 2740 1391 2813 βίῳ,
1419 2743 1650 2812 δόγμασί
1675 2762 1731 2798 τε
1760 2746 1853 2817 ὀρ-

264 2834 381 2899 θοῖς
401 2836 500 2889 καὶ
523 2834 783 2887 ἐὐσεϐέσι
804 2832 865 2886 τὸ
896 2833 1036 2886 θεῖον
1069 2833 1345 2904 γεραίρειν
1372 2834 1713 2906 προστάττω.
1743 2837 1853 2889 Kal

262 2930 428 2984 πάλιν
451 2945 466 2959 ·
497 2929 707 2999 Μωσῆς
748 2927 847 2997 μὲν
884 2926 1029 2980 ὡσάν
1060 2927 1361 2997 μιαιφόνοις
1390 2924 1509 2981 οὖσι
1563 2929 1677 2991 τοῖς
1728 2928 1850 2981 τότε

267 3023 344 3093 μὴ
370 3020 629 3091 φονεύειν
658 3020 896 3092 παρῄνει
920 3035 934 3049 ⁸
961 3018 1072 3083 ἐγὼ
1103 3019 1160 3073 δὲ
1198 3022 1310 3083 τοῖς
1342 3022 1399 3073 ἐν
1428 3019 1600 3091 τούτῳ
1626 3037 1853 3092 προπαι-

1959 1848 2120 1902 eduxi
2151 1864 2244 1903 eos
2266 1849 2332 1903 de
2362 1856 2506 1902 terra
2539 1847 2756 1919 Egypti
2788 1848 2891 1904 θ’».
2916 1846 3059 1917 Ergo
3093 1861 3198 1901 nou
3226 1846 3530 1902 secundum

1957 1940 2089 1995 illud
2139 1942 2283 2010 quod
2334 1939 2465 2011 legis
2518 1940 2641 1994 loco
2677 1955 2706 1993 a
2744 1939 2895 1995 Mose
2951 1940 3188 2010 positum
3237 1949 3363 2006 est,
3400 1953 3530 1995 cum

1956 2032 2159 2103 egressi
2217 2038 2364 2096 sunt,
2410 2038 2463 2085 et
2496 2045 2619 2085 cum
2655 2030 2707 2084 in
2737 2030 2954 2086 deserto
3005 2031 3382 2091 morabantur,
3413 2028 3529 2084 No-

1955 2141 2084 2181 vum
2116 2126 2217 2181 hoc
2251 2125 2493 2179 futurum
2544 2124 2846 2195 respondit,
2898 2122 2992 2180 sed
3039 2123 3339 2179 secundum
3391 2121 3528 2178 illud

1956 2216 2228 2281 videlicet,
2254 2216 2398 2285 quod
2433 2216 2623 2285 primis
2644 2214 2984 2284 temporibus
3015 2215 3071 2268 in
3106 2215 3217 2266 vita
3247 2213 3395 2267 civili
3418 2227 3525 2267 se-

1956 2316 2186 2375 ctantes,
2216 2310 2308 2379 qui
2329 2316 2455 2363 ante
2487 2307 2691 2363 Mosem
2730 2306 3053 2371 ﬂoruerunt,
3085 2316 3345 2376 tanquam
3373 2306 3409 2361 ii
3433 2305 3528 2376 qui

1956 2403 2114 2473 plene
2146 2387 2321 2457 ollicio
2377 2418 2477 2457 suo
2507 2400 2679 2455 functi
2722 2406 2940 2463 essent,
2997 2398 3337 2468 eomprobati
3374 2407 3523 2453 sunt.

1955 2490 2103 2557 Quas
2131 2491 2349 2563 quidem
2384 2492 2454 2546 ob
2485 2506 2601 2553 res,
2632 2490 2744 2560 jam
2773 2500 2831 2543 tu
2868 2490 3027 2559 plane
3057 2488 3341 2544 conﬁdens
3371 2495 3526 2559 post-

1954 2584 2077 2649 hac,
2106 2600 2230 2639 eum
2283 2586 2582 2639 sententias
2610 2591 2665 2637 et
2694 2582 2969 2652 proposita
3001 2596 3214 2646 eorum,
3264 2581 3354 2652 qui
3382 2580 3525 2635 divi-

1953 2692 2084 2732 num
2115 2677 2349 2747 aliquem
2383 2678 2587 2730 cultum
2617 2674 2959 2745 proﬁtentur,
3006 2689 3117 2728 non
3148 2674 3201 2727 in
3232 2674 3394 2738 duos,
3426 2674 3524 2730 sed

1953 2769 2008 2824 in
2048 2777 2160 2825 tres
2198 2768 2452 2824 diviseris
2482 2767 2726 2831 ordines,
2758 2781 2927 2820 unum
2958 2780 3146 2821 eorum
3170 2765 3263 2836 qui
3292 2780 3524 2835 prorsus

1953 2861 2264 2917 simulacris
2306 2860 2531 2925 addicti,
2586 2860 2641 2914 in
2685 2859 2980 2913 multorum
3010 2857 3236 2914 deorum
3280 2872 3522 2914 errorem

1952 2952 2274 3008 deciderunt
2305 2968 2319 3005 :
2349 2952 2579 3005 alterum
2634 2964 2845 3013 eorum,
2873 2948 2967 3019 qui
2999 2949 3066 3003 de
3098 2946 3521 3004 circumcisione

1951 3060 2047 3113 per
2080 3041 2281 3098 Mosem
2303 3041 2357 3095 in
2388 3041 2622 3112 primum
2642 3039 2857 3109 pietatis
2873 3038 3097 3109 gradum
3119 3039 3520 3096 ascenderunt:

258 3112 662 3184 δαγωγηθεῖσι,
696 3111 790 3165 καὶ
812 3111 911 3181 τὴν
935 3110 1158 3183 πρώτην
1191 3110 1407 3182 ἐντολὴν
1441 3111 1846 3184 κατωρθωκόσι,

1952 3139 2171 3193 tertium
2204 3149 2392 3191 eorum
2416 3173 2430 3199 ,
2465 3138 2555 3204 qui
2593 3148 2907 3203 supremum
2959 3132 3137 3187 locum
3177 3148 3274 3203 per
3316 3132 3521 3188 doctri-

264 3207 550 3278 νομοθετῶ
576 3205 677 3277 τὴν
702 3196 1061 3274 τελειοτέραν,
1098 3204 1218 3275 μηδ’
1243 3204 1410 3275 ὀργῆς
1442 3203 1719 3274 ἐνέχεσθαι
1745 3204 1851 3257 πά-

264 3299 348 3353 θει
370 3298 751 3371 προστάττων.
781 3295 891 3348 Kal
944 3291 1099 3360 αὖθις
1117 3313 1132 3327 θ
1176 3297 1233 3349 Ὀ
1262 3296 1360 3366 μὲν
1387 3296 1590 3367 Μωσῆς
1622 3298 1848 3366 μοιχοῖς,

260 3390 357 3444 καὶ
382 3389 708 3451 ἀκολάστοις
741 3386 1041 3440 διετάττετο
1065 3387 1127 3440 τὸ
1154 3387 1228 3458 μὴ
1258 3385 1548 3457 μοιχεύειν,
1587 3387 1721 3458 μηδὲ
1753 3389 1852 3458 ἀρ-

260 3483 615 3545 σενοκοιτεῖν,
655 3478 789 3550 μηδὲ
828 3476 928 3542 τὰς
968 3476 1119 3549 παρά
1171 3476 1331 3547 φύσιν
1381 3476 1571 3549 ἡδονὰς
1611 3474 1847 3541 διώκειν,

261 3571 496 3626 θάνατον
529 3570 630 3641 τὴν
669 3568 936 3639 τιμωρίαν
979 3570 1093 3630 τοῖς
1134 3566 1560 3639 παραδαίνουσιν
1593 3566 1845 3634 ἐπάγων·

262 3662 374 3732 ἐγὼ
400 3662 459 3715 δὲ
494 3660 620 3732 μηδ’
653 3658 946 3731 ἐμϐλέπειν
978 3660 1208 3728 γυναῖκα
1246 3660 1361 3729 μετ’
1390 3658 1678 3729 ἐπιθυμίας
1722 3659 1851 3712 ἀκο-

261 3752 460 3807 λάστου
502 3752 633 3814 τοὺς
677 3751 841 3821 ἐμοὺς
884 3749 1144 3821 βούλομαι
1193 3749 1457 3821 μαθητάς.
1504 3751 1614 3804 Kal
1646 3752 1806 3805 πάλιν
1831 3769 1845 3782 ·

276 3845 335 3897 ’0
364 3845 465 3916 μὲν
513 3842 718 3911 ἕλεγεψ
757 3858 776 3891 ι
803 3841 917 3894 Οὐκ
948 3841 1318 3913 ἐπιορκήσεις,
1350 3840 1647 3906 ἀποδώσεις
1672 3843 1729 3897 δὲ
1771 3843 1849 3915 τῷ

260 3936 380 4007 Θεῷ
398 3936 531 3998 τοὺς
566 3935 763 4005 ὅρκους
793 3949 907 3986 σου·
948 3932 1057 4003 ἐγὼ
1084 3932 1142 3986 δὲ
1189 3932 1331 4001 λέγω
1356 3934 1502 4004 ὐμῖν,
1545 3933 1617 4005 μὴ
1655 3935 1848 4006 ὀμόσαι

259 4029 419 4093 ὅλως,
450 4027 566 4082 ἀλλ’
594 4025 747 4079 ἐσται
783 4027 812 4079 ὁ
835 4026 990 4095 λόγος
1011 4023 1164 4096 ὐμῶν
1194 4024 1302 4090 val,
1323 4024 1410 4079 ναί
1428 4040 1444 4056 ⁸
1470 4024 1556 4089 οὒ,
1586 4025 1646 4080 οὐ
1672 4044 1685 4057 ⁸
1702 4027 1766 4080 τὸ
1789 4028 1847 4081 δὲ

260 4122 528 4194 περισσὸν
555 4119 757 4173 τούτων
788 4119 853 4171 ἐκ
880 4115 973 4170 τοῦ
1017 4115 1251 4188 πονηροῦ
1290 4118 1423 4170 ἐστι.
1460 4136 1479 4169 ι
1506 4118 1617 4172 Kal
1644 4118 1805 4172 πάλιν
1828 4136 1841 4149 ·

272 4215 331 4269 '0
378 4214 482 4285 μὲν
527 4212 655 4274 τοὺς
699 4209 1017 4272 ἀδικοῦντας
1047 4207 1355 4278 ἀμύνασθαι
1402 4209 1496 4263 καὶ
1540 4210 1848 4263 ἀνταδικεῖν

262 4302 685 4377 παρεκελεύετο,
700 4301 924 4369 λέγων’(
964 4297 1272 4370 Ὀφθαλμὸν
1287 4298 1408 4353 ἀντὶ
1432 4298 1727 4372 ὀφθαλμοῦ,
1752 4301 1847 4354 καὶ

259 4396 452 4451 ὀδόντα
488 4395 613 4449 ἀντὶ
683 4392 923 4456 ὀδόντος·
973 4390 1084 4460 ἐγὼ
1108 4391 1166 4446 δὲ
1202 4390 1346 4460 λέγω
1372 4392 1520 4461 ὑμῖν,
1559 4391 1631 4462 μὴ
1694 4392 1844 4446 ἀντι-

261 4490 459 4561 στῆναι
507 4486 588 4558 τῷ
630 4484 873 4557 πονηρῷ,
917 4484 1031 4539 ἀλλ’
1060 4485 1209 4546 ὅστις
1247 4501 1305 4537 σε
1341 4483 1558 4555 ραπίσει
1604 4484 1698 4537 ἐπὶ
1746 4484 1841 4555 τὴν
1874 4480 1917 4536 Ι)

260 4580 446 4648 δεξιὰν
496 4579 723 4647 σιαγόνα
757 4595 872 4641 σου,
915 4576 1145 4648 στρέψον
1184 4574 1330 4645 αὐτῷ
1371 4576 1463 4629 καὶ
1504 4574 1601 4645 τὴν
1640 4574 1806 4647 ἄλλην
1829 4592 1842 4606 ·

263 4671 359 4725 καὶ
384 4670 467 4742 τῷ
493 4668 700 4722 θέλοντί
730 4684 811 4721 σοι
841 4666 1119 4739 κριθῆναι,
1143 4667 1238 4719 καὶ
1270 4664 1362 4718 τὸν
1402 4664 1604 4736 χιτῶνά
1630 4683 1723 4719 σου
1747 4665 1843 4719 λαο

260 4764 398 4828 δεῖν,
428 4764 571 4832 ἄφες
594 4759 744 4831 αὐτῷ
774 4760 869 4814 καὶ
892 4759 951 4813 τὸ
982 4758 1247 4830 ἱμάτιον.)
1277 4757 1385 4811 Kal
1412 4757 1572 4811 πάλιν
1593 4775 1606 4787 ·
1648 4758 1705 4810 '0
1743 4757 1841 4828 μὲν

262 4856 499 4928 παρῄνει
550 4854 642 4908 τὸν
707 4854 802 4924 μὲν
846 4851 1012 4920 φίλον
1065 4851 1303 4922 ἀγαπᾷν,
1364 4851 1543 4920 μισεῖν
1603 4849 1658 4904 δὲ
1715 4850 1840 4912 τοὺς

261 4947 492 5021 ἐχθρούς
514 4964 528 4978 ’
574 4944 685 5015 ἐγὼ
710 4945 768 4998 δὲ
807 4942 928 4997 καθ’
962 4942 1265 5015 ὑπερϐολὴν
1310 4940 1715 5013 φιλανθρωπίας
1747 4942 1839 4996 καὶ

263 5039 637 5109 ἀνεξικακίας,
670 5037 891 5107 ἀγαπᾷν
939 5035 1066 5099 τοὺς
1107 5032 1333 5105 ἐχθροὺς
1369 5032 1499 5105 ὐμῖν
1548 5032 1842 5105 νομοθετῶ,

262 5134 358 5188 καὶ
386 5128 788 5205 προσεύχεσθαι
826 5127 965 5199 ὑπὲρ
1008 5124 1117 5179 τῶν
1146 5124 1468 5187 διωκόντων,
1500 5124 1647 5187 ὅπως
1685 5122 1845 5194 γένη-

264 5225 357 5278 σθε
387 5223 495 5276 υἱοὶ
525 5220 622 5275 τοῦ
651 5219 865 5292 Πατρὸς
887 5217 1039 5289 ὑμῶν
1070 5216 1164 5270 τοῦ
1196 5216 1251 5267 ἐν
1280 5215 1549 5287 οὐρανοῖς,
1580 5216 1727 5279 ὅστις
1754 5216 1842 5269 τὸν

260 5316 411 5387 ἣλιον
448 5312 738 5369 ἀνατέλλει
772 5312 863 5365 ἐπὶ
893 5308 1161 5380 πονηροὺς
1182 5308 1277 5362 καὶ
1300 5307 1565 5377 ἀγαθοὺς,
1593 5307 1690 5360 καὶ
1721 5306 1843 5379 βρέ-

263 5422 347 5476 χει
406 5407 499 5459 ἐπ“ι
544 5402 785 5466 δικαίους
828 5402 921 5455 καὶ
953 5401 1189 5464 ἀδίκους.
1238 5398 1349 5453 Kal
1388 5398 1479 5453 ἐπὶ
1501 5397 1743 5465 τούτοιςο
1781 5401 1837 5454 Ὀ

266 5497 361 5567 μὲν
391 5496 530 5568 πρὸς
568 5494 668 5565 τὴν
707 5493 814 5547 τῶν
860 5492 1070 5547 πολλῶν
1117 5490 1377 5563 σκληρίαν
1415 5488 1703 5562 ἡρμόζετο,
1744 5489 1836 5543 καὶ

259 5592 369 5654 τοῖς
398 5587 676 5662 ἐμπαθέσι
715 5586 1023 5658 κατάλληλα
1064 5584 1390 5647 διετάττετο,
1435 5581 1832 5654 ἐξηλλαγμένον

327 5774 371 5806 ’⁵
398 5771 609 5828 Jerem.
644 5786 793 5829 xm,
825 5769 914 5833 3i,
941 5769 1028 5826 32.
1105 5767 1153 5800 ’⁸
1176 5764 1307 5822 lbil.
1343 5765 1432 5821 39..

1949 3246 2075 3286 nam
2120 3227 2487 3301 evangelicam
2538 3226 2842 3281 obtinuere.
2877 3224 2942 3277 Et
2979 3225 3125 3280 hunc
3172 3224 3414 3296 quidem,
3470 3225 3518 3281 si

1950 3320 2186 3376 medium
2230 3319 2463 3373 duorum
2519 3313 2893 3376 constitueris,
2942 3330 3010 3369 ne
3042 3321 3232 3385 putato
3286 3315 3521 3385 amplius

1948 3428 2064 3478 eos,
2096 3411 2188 3481 qui
2223 3427 2253 3465 a
2279 3407 2481 3464 Judaais
2510 3405 2813 3469 discedant,
2855 3406 2910 3459 in
2935 3404 3155 3460 Grzecos
3198 3406 3338 3463 ritus
3368 3422 3523 3477 opor-

1949 3515 2067 3561 tere
2097 3505 2206 3558 ullo
2228 3503 2388 3558 modo
2425 3501 2689 3565 recidere,
2722 3514 2898 3571 neque
2919 3500 3011 3570 qui
3043 3515 3073 3553 a
3105 3498 3308 3554 Graecis
3341 3500 3519 3553 abdu-

1949 3604 2165 3663 cantur,
2211 3595 2429 3651 Judaeos
2487 3593 2602 3650 fieri
2644 3591 2993 3656 necessario,
3028 3591 3122 3647 sed
3152 3590 3245 3645 ubi
3294 3591 3520 3646 tertium

1949 3690 2249 3760 acceperis,
2276 3698 2329 3745 et
2357 3688 2538 3743 medio
2571 3688 2695 3741 loco
2754 3685 3128 3746 constitueris,
3188 3683 3519 3739 eminentem

1948 3798 2223 3854 supraque
2254 3781 2396 3836 alios
2416 3786 2723 3835 exstantem
2754 3777 3033 3840 invenies,
3068 3781 3124 3831 et
3162 3774 3318 3845 quasi
3353 3788 3523 3844 super

1949 3876 2251 3934 celsissima
2281 3871 2513 3945 quadam
2547 3871 2769 3943 specula
2820 3869 3109 3926 sublimem
3167 3866 3515 3928 collocatum,

1947 3969 2189 4040 reliquos
2220 3967 2359 4022 duos
2390 3964 2621 4019 inferius
2652 3964 2910 4034 utrinque
2953 3960 3255 4030 despicere.
3321 3957 3521 4028 Etl‘ugit

1945 4062 2089 4118 enim
2114 4068 2167 4115 et
2192 4056 2501 4113 Gnecorum
2534 4054 2774 4125 impiam,
2808 4060 2970 4122 atque
2993 4050 3272 4105 erroribus
3303 4049 3518 4120 plenam

1948 4150 2394 4221 superstitionem
2430 4186 2446 4212 ,
2491 4146 2900 4214 dissolutasque
2962 4142 3378 4204 fornicationes,
3425 4147 3516 4196 at-

1946 4256 2052 4312 que
2079 4241 2395 4297 insolentias
2422 4257 2435 4293 :
2483 4245 2537 4293 et
2564 4234 2873 4291 Iudaeorum
2919 4233 3129 4297 itidem,
3164 4248 3286 4304 quas
3311 4248 3342 4286 a
3366 4230 3517 4288 Mosa

1946 4332 2187 4405 perfecta
2216 4338 2320 4394 est,
2371 4328 2743 4399 imperfectam
2774 4337 2824 4382 et
2865 4326 3023 4395 quasi
3065 4324 3309 4394 parvulis
3350 4333 3516 4392 atque

1945 4425 2180 4484 inﬁrmis
2203 4421 2663 4478 accommodatam
2697 4417 3122 4475 observantiam.
3151 4415 3515 4471 Domesticam

1948 4535 2131 4594 porro,
2164 4529 2327 4589 atque
2349 4516 2416 4571 ab
2444 4515 2600 4569 initio
2621 4513 2896 4585 propriam
2928 4525 3035 4565 non
3078 4510 3255 4565 solum
3284 4507 3510 4573 Judaeis,

1943 4615 2040 4672 sed
2061 4622 2115 4671 et
2143 4610 2368 4677 Graecis,
2398 4618 2452 4664 et
2478 4606 2751 4671 barbaris,
2803 4612 2858 4660 et
2882 4617 3220 4674 quaecunque
3249 4600 3350 4655 sub
3397 4599 3515 4654 sole

1941 4716 2094 4770 sunt,
2130 4704 2384 4776 gentibus
2434 4700 2738 4756 inclamans
2775 4696 2966 4767 legem,
3000 4693 3126 4749 vide
3162 4691 3294 4762 quid
3319 4689 3506 4745 dicat:

1942 4799 1986 4855 Ο
2040 4800 2224 4863 bouto,
2282 4806 2337 4852 et
2395 4795 2708 4850 universum
2769 4788 3081 4845 mortalium
3157 4798 3350 4855 genus,
3403 4781 3511 4852 23

1940 4889 2107 4946 Mosis
2152 4888 2371 4961 quidem
2440 4886 2526 4940 lex
2587 4883 2797 4937 abono
2837 4892 3035 4951 genere
3092 4875 3372 4932 hominum
3425 4875 3514 4928 iu-

1940 4981 2171 5050 ctpiens,
2200 4977 2445 5033 omnium
2493 4975 2728 5045 primum
2774 4971 3085 5027 Judazorum
3128 4981 3322 5036 genus,
3363 4963 3510 5018 illius

1941 5069 2322 5142 promissionis
2378 5070 2573 5139 gratia,
2604 5079 2726 5136 quia:
2780 5062 2846 5117 ad
2890 5060 3012 5130 pios
3051 5056 3255 5126 Deique
3300 5054 3509 5109 amicos

1940 5165 2181 5233 ipsorum
2214 5169 2427 5231 patres,
2460 5159 2601 5214 facta
2652 5165 2754 5218 est,
2788 5153 2856 5208 ad
2894 5150 3057 5206 unius
3097 5148 3193 5204 Dei
3237 5145 3508 5217 cognitio-

1937 5270 2060 5311 nem
2106 5253 2420 5321 cultumque
2465 5248 2712 5308 vocabat,
2758 5252 2817 5298 ut
2862 5243 3009 5299 dicto
3063 5238 3380 5299 audientes,
3439 5234 3511 5289 ab

1939 5345 2266 5403 intolerabili
2295 5342 2599 5398 daemonum
2626 5333 2914 5407 tyrannide
2951 5332 3225 5387 liberaret.
3258 5326 3368 5398 Ego
3408 5341 3510 5380 au-

1941 5451 2048 5499 tem
2100 5442 2354 5498 omnibus
2395 5433 2727 5499 hominibus,
2762 5439 2815 5487 et
2843 5444 2963 5501 quae
2992 5426 3195 5495 ubique
3238 5432 3508 5477 terrarqu

1941 5541 2090 5600 sunt,
2122 5533 2374 5605 gentibus
2432 5525 2720 5585 sublimius
2767 5528 3082 5595 provectam
3121 5515 3216 5571 Dei
3250 5510 3510 5587 cognitio-
