3978 6414
588 291 668 366 37'-
1222 303 1493 361 EUSEBII
1530 301 2005 360 cmsammsrs
2042 297 2192 357 ore.
2234 289 2416 355 PARS
2452 295 2520 353 ιι.
2557 328 2627 338 -
2673 282 3173 357 APOLOGE‘IICA.
3332 255 3338 261 ”
3721 305 3777 361 6t

590 438 736 487 nem,
764 426 818 478 et
855 422 1108 492 pietatem
1143 428 1463 490 apportans,
1499 429 1562 476 ut
1593 420 1659 475 ad
1684 418 1925 491 regulam
1948 431 2155 481 eorum,

2264 409 2361 465 καὶ
2390 408 2762 481 ὐποϐεϐηκότα
2807 408 2959 480 παρὰ
2998 408 3088 463 τὸν
3120 411 3345 464 παλαιον
3368 410 3557 483 τρόπον
3584 419 3781 484 παραδι-

589 513 684 583 qui
714 526 837 566 cum
862 508 1131 563 Abraham
1160 508 1433 573 vixerunt,
1459 508 1661 578 quique
1688 515 1813 561 ante
1839 504 2005 562 Mosis
2028 512 2159 560 ecta-

591 612 699 657 tem
742 602 1016 671 degentes,
1066 600 1185 670 ipso
1233 614 1451 670 quoque
1474 598 1781 653 Abrahamo
1824 598 2157 668 antiquiores

588 695 865 755 exstitere,
892 692 1016 746 vitae
1050 706 1163 745 sua:
1194 691 1546 745 moderentur
1564 689 1845 755 adhortor,
1878 691 1932 744 in
1958 689 2159 760 quibus

586 786 657 841 ah
686 784 925 841 externis
965 782 1220 853 gentibus
1249 779 1502 852 profecti,
1538 781 1632 850 qui
1660 779 1729 836 de
1757 780 1917 835 laude
1942 779 2159 849 pietatis

588 876 814 944 gloriam
846 873 1026 946 adepti
1044 880 1192 935 sunt.
1211 872 1396 941 plures
1415 877 1809 926 memorantur.
1838 869 1903 923 Et
1924 880 2116 924 rursus
2142 886 2157 923 :

585 964 754 1020 Mosis
786 964 1004 1034 quidem
1052 963 1161 1027 lex,
1205 961 1261 1016 in
1300 977 1470 1016 unum
1512 969 1669 1016 terra:
1694 969 1902 1015 certum
1935 974 1999 1014 ac
2027 957 2162 1014 deﬁ-

585 1057 758 1111 nitum
801 1056 1001 1118 locem,
1030 1070 1125 1110 eos
1174 1053 1267 1124 qui
1312 1052 1591 1125 religionis
1635 1051 1973 1122 propositum
2009 1064 2160 1104 com-

584 1149 730 1220 plexi
751 1155 953 1212 essent,
975 1162 1041 1201 ex
1064 1146 1186 1201 aliis
1218 1145 1475 1201 omnibus
1506 1145 1642 1200 locis
1669 1142 2154 1215 eurrerejubebat:

583 1254 684 1310 ego
743 1246 925 1293 autem
967 1237 1274 1293 cendonata
1322 1237 1577 1293 omnibus
1626 1237 1896 1301 libertate,
1938 1250 2048 1290 non
2101 1234 2155 1289 in

584 1328 819 1400 quodam
850 1338 1005 1383 terra:
1033 1328 1252 1399 angulo,
1283 1342 1460 1398 neque
1489 1328 1544 1381 in
1574 1327 1873 1393 montibus,
1905 1333 1999 1380 aut
2038 1327 2159 1397 qui-

584 1421 815 1478 busdam
866 1436 1031 1475 manu
1077 1418 1235 1476 factis
1272 1421 1512 1492 templis,
1554 1420 1723 1476 Deum
1768 1436 2030 1491 quaerere,
2062 1420 2158 1476 sed

583 1513 730 1571 domi
750 1528 861 1568 sua:
879 1526 1319 1582 unumquemque
1339 1511 1488 1566 illum
1518 1512 1697 1567 colere
1730 1520 1892 1583 atque
1926 1511 2157 1567 adorare

581 1605 861 1677 praecipio.
908 1602 974 1657 Et
1012 1619 1207 1659 rursus
1235 1621 1246 1657 :
1274 1601 1443 1658 Vetus
1466 1604 1682 1674 quidem
1723 1604 1832 1669 lex,
1872 1604 2156 1660 sacriﬁciis

582 1706 639 1753 et
688 1696 1003 1750 animalium
1055 1694 1315 1762 caedibus,
1352 1694 1620 1765 thureque
1664 1703 1717 1751 et
1760 1697 1902 1767 igne,
1937 1704 1991 1752 et
2035 1695 2155 1749 aliis

2258 502 2383 566 δοὺς
2425 501 2704 565 εὐσεϐείας
2727 518 2741 531 θ
2776 500 2886 572 ἐγὼ
2920 500 2976 555 δὲ
3017 502 3109 555 ἐπὶ
3139 503 3229 556 τὸν
3261 502 3526 575 πρόπαλαι
3563 503 3783 575 θεοςιλῶν

2260 593 2468 667 ἀνδρῶν
2518 594 2712 666 εὐσεϐῆ
2747 595 2839 647 καὶ
2879 593 3099 666 θεοφιλῆ
3144 594 3254 665 βίον
3290 595 3644 667 ἀνακαλοῦμαι
3683 601 3786 664 τούς

2259 687 2486 751 πάντας.
2521 685 2631 738 Kal
2678 686 2761 755 ἐφ’
2796 686 2997 740 ἅπασιν
3021 703 3034 715 ·
3072 689 3101 740 6
3153 687 3249 759 μὲν
3291 686 3393 757 γῆν
3427 686 3641 757 ῥέουσαν
3672 689 3787 759 γάλα

2260 777 2355 832 καὶ
2382 776 2521 850 μέλι,
2543 772 2631 831 οἷα
2659 776 3277 849 νηπίοις,,ὲπηγγέλλετο
3295 794 3307 807 ·
3336 776 3445 846 ἐγὼ
3471 776 3523 830 δὲ
3552 778 3790 848 βασιλείαν

2259 869 2501 943 οὐρανῶν
2527 871 2636 933 τοῖς
2682 869 2811 932 οἵοις
2856 886 2914 921 τε
2963 871 3159 940 χωρεῖν
3200 868 3672 941 προξενῶπΤαῦτα
3713 876 3788 928 καὶ

2258 959 2327 1014 τὰ
2371 957 2613 1020 τοιαῦτα,
2656 960 2685 1012 6
2728 958 2826 1028 τῆς
2853 960 3058 1030 Καινῆς
3096 959 3369 1030 Διαθήκης
3401 958 3553 1028 λόγος
3592 961 3671 1015 διὰ
3713 964 3791 1037 τῆς

2261 1052 2498 1125 Χριστοῦ
2543 1051 2887 1116 διδασκαλίας
2937 1054 3069 1105 πᾶσι
3112 1051 3437 1123 κατήγγειλε
3480 1057 3586 1118 τοῖς
3624 1054 3790 1111 ἔθνεσι.

2259 1144 2369 1197 Kal
2395 1142 2564 1197 ταῦτα
2587 1139 2675 1215 ἦν,
2712 1144 2747 1198 ἃ
2776 1147 2890 1209 τοῖς
2928 1143 3092 1199 αὐτοῦ
3125 1144 3391 1216 μαθηταῖς
3423 1144 3452 1196 ὁ
3476 1145 3692 1216 Χριστὸς
3716 1148 3792 1202 τοῦ

2259 1234 2392 1290 Θεοῦ
2435 1238 2569 1290 πᾶσι
2616 1239 2727 1300 τοῖς
2774 1235 2948 1290 ἔθνεσι
3000 1236 3387 1306 καταγγέλλειν
3432 1237 3668 1309 παρῄνει,
3706 1243 3793 1313 φή-

2260 1343 2393 1393 σας·
2448 1347 2466 1381 ι
2512 1329 2875 1401 Πορευθέντες
2923 1328 3296 1401 μαθητεύσατε
3343 1328 3520 1382 πάντα
3565 1329 3631 1382 τά
3654 1329 3783 1404 ἔθνη,

2257 1424 2596 1491 διδάσκοντες
2638 1426 2834 1490 αὐτοὺς
2877 1430 3062 1498 τηρεῖν
3112 1426 3288 1480 πάντα
3336 1426 3436 1480 ὅσα
3478 1426 3795 1500 ἐνετειλάμην

2259 1514 2387 1585 ὑμῖν
2412 1531 2425 1545 ·
2459 1534 2477 1566 ι
2507 1515 2542 1569 ἆ
2570 1517 2660 1569 καὶ
2686 1517 2849 1569 πᾶσιν
2872 1514 3199 1588 ἀνθρώποις,
3230 1514 3455 1587 Ἕλλησί
3482 1533 3538 1569 τε
3565 1516 3649 1570 καὶ
3688 1516 3796 1589 βαρ-

2258 1604 2446 1677 ϐάροις
2473 1605 2758 1675 φυλάττειν
2777 1605 3118 1677 παραδιδοὺς,
3149 1605 3360 1675 σαφῶς,
3389 1606 3443 1659 τί
3470 1606 3595 1659 ποτέ
3622 1608 3795 1663 ἐστινό

2255 1697 2703 1770 Χριστιανισμὸς,
2735 1696 2980 1770 ἐξέφηνε,
3007 1696 3147 1762 τίνες
3179 1696 3225 1750 θ’
3244 1700 3424 1769 ἡμεῖς,
3458 1700 3550 1752 xal
3581 1700 3742 1763 ὁποῖος
3772 1701 3797 1754 6

581 1784 905 1857 quibusdam
938 1784 1181 1854 ejusdem
1215 1785 1430 1855 generis
1447 1786 1866 1857 purgationibus
1887 1787 2152 1857 corporis,

2257 1788 2364 1842 τῶν
2404 1789 2623 1843 τοιῶνδε
2665 1789 2835 1858 λόγων
2873 1807 2932 1843 τε
2975 1791 3067 1844 καὶ
3113 1790 3452 1863 μαθημάτων
3497 1789 3795 1857 διδάσκαλος,

580 1897 854 1939 summum
887 1878 1056 1935 Deum
1086 1879 1265 1936 colere
1307 1880 1629 1935 hortabatur
1663 1900 1675 1936 :
1708 1897 1808 1953 ego
1850 1890 2028 1938 autem
2061 1898 2153 1938 sa-

580 1992 675 2032 cra
725 1976 922 2031 animas
962 1974 1205 2040 tradens,
1267 1982 1448 2031 mente
1501 1975 1813 2045 purissima,
1864 1975 2154 2046 animoque

579 2068 931 2134 nitidissimo,
972 2083 1095 2122 eum
1138 2065 1405 2121 modestia
1454 2067 1825 2137 virtutumque
1865 2069 2151 2124 sectatrice

578 2162 711 2224 vita,
743 2161 1016 2229 rectisque
1048 2157 1359 2221 sententiis,
1380 2163 1435 2213 et
1460 2156 1717 2227 pietatem
1744 2173 1855 2229 pra:
1885 2174 1944 2214 se
1975 2157 2153 2214 feren-

580 2251 749 2314 tibus,
764 2249 1098 2305 divinitatem
1115 2248 1365 2303 venerari
1394 2248 1618 2317 impero.
1636 2245 1701 2301 Et
1722 2263 1913 2303 rursus
1934 2266 1947 2301 :
1972 2245 2150 2303 Moses

579 2342 800 2414 quidem
826 2342 1041 2396 illorum
1081 2348 1388 2411 temporum
1417 2339 1750 2404 hominibus,
1782 2341 1939 2410 quasi
1968 2341 2035 2396 iis
2053 2342 2148 2412 qui

578 2432 1111 2505 caedibusinquinari
1132 2433 1279 2488 soliti
1302 2439 1507 2495 essent,
1522 2447 1630 2486 non
1655 2432 1905 2488 occidere
1922 2433 2151 2503 impera-

579 2528 825 2599 hatzego
852 2534 1031 2581 autem
1074 2525 1162 2590 iis,
1204 2524 1298 2595 qui
1328 2523 1432 2577 hoc
1462 2524 1638 2593 ipsum
1671 2530 1829 2578 antea
1855 2521 2150 2578 didicerint

2256 1881 2417 1944 αὐτὸς
2446 1883 2474 1934 6
2508 1880 2696 1953 Σωτὴρ
2722 1883 2815 1935 xal
2858 1881 3060 1954 Κύριος
3089 1882 3245 1954 ἡμῶν
3291 1881 3497 1955 Ἰησοῦς
3540 1886 3567 1938 6
3595 1886 3797 1956 Χριστὸς

2252 1971 2347 2026 τοῦ
2386 1971 2543 2035 Θεοῦ,
2567 1976 2595 2027 6
2621 1973 2720 2045 τὴν
2748 1972 2937 2044 καινὴν
2975 1974 3178 2046 ταύτην
3208 1975 3303 2030 xal
3343 1976 3639 2050 πανάρετον
3669 1978 3793 2032 πολι·

2254 2062 2405 2117 τείαν
2429 2063 2550 2117 καθ’
2572 2064 2693 2118 ὅλου
2719 2065 2811 2119 τοῦ
2839 2068 3520 2140 κόσμου’συστησάμενοςο
3552 2070 3682 2125 ὥστε
3708 2089 3797 2125 τοι-

2254 2155 2393 2209 αῦτα
2429 2157 2739 2228 μανθάνειν,
2790 2160 2881 2212 καὶ
2924 2161 3229 2230 φιλοσοφεῖν
3282 2160 3358 2233 μὴ
3407 2160 3564 2232 μόνον
3604 2162 3794 2233 ἄνδρας,

2254 2247 2388 2301 ἀλλὰ
2432 2249 2527 2302 xal
2572 2252 2854 2318 γυναῖκας,
2893 2251 3180 2317 πλουσίους
3220 2269 3280 2306 τε
3316 2254 3411 2306 καὶ
3452 2255 3697 2325 πένητας,
3720 2255 3798 2307 καί

2253 2337 2472 2403 δούλους
2496 2340 2612 2411 ἅμα
2658 2340 2966 2406 δεσπόταις.
2996 2344 3105 2397 Kal
3142 2343 3247 2416 μὴν
3277 2346 3306 2398 6
3343 2344 3445 2413 τῆς
3486 2346 3668 2416 καινῆς
3690 2345 3800 2398 ταύ-

2253 2447 2353 2501 της
2385 2431 2705 2502 νομοθεσίας
2729 2433 3091 2502 εὶσαγωγεύς,
3126 2434 3194 2487 τὰ
3224 2435 3403 2489 πάντα
3428 2433 3567 2488 κατὰ
3593 2435 3676 2488 τὸν
3698 2436 3801 2488 Μω-

2257 2521 2397 2585 σέως
2444 2523 2605 2594 νόμον
2654 2523 2904 2604 εἰσῆκται
2944 2526 3440 2597 πεπολιτευμένος*
3483 2526 3511 2579 δ
3561 2526 3649 2580 καὶ
3691 2524 3804 2580 αὐτὸ

578 2627 634 2678 et
647 2621 817 2690 primo
831 2618 909 2672 illi
924 2625 1188 2688 praecepto
1201 2614 1592 2681 satisfecerint,
1608 2618 1835 2671 alterum
1852 2614 2154 2686 perfectius

2257 2611 2551 2684 θαυμάζειν
2583 2612 2749 2679 ἄξιον,
2793 2615 2874 2668 ὅτι
2919 2616 3004 2687 δὴ,
3050 2616 3176 2681 νέας
3221 2616 3498 2683 πολιτείας
3540 2616 3802 2691 νομοθέτης

580 2709 830 2782 impono,
862 2718 1023 2779 atque
1050 2716 1110 2763 ut
1138 2723 1206 2763 ne
1236 2706 1331 2762 ira:
1362 2705 1577 2776 quidem
1604 2706 2014 2777 perturbatione
2038 2706 2155 2761 vin-

2258 2703 2465 2776 μέλλων
2505 2706 2942 2777 καταστήσεσθαι
2980 2708 3081 2778 τῆς
3111 2708 3252 2762 κατὰ
3293 2709 3359 2763 τὸ
3391 2709 3693 2780 εὐαγγέλιον
3720 2710 3802 2763 αὐ-

578 2810 793 2865 cantur,
811 2800 1088 2872 praecipio.
1106 2799 1167 2854 Et
1183 2813 1411 2854 rursus:
1450 2797 1627 2854 Moses
1643 2798 1861 2869 quidem
1893 2798 2154 2854 adulteris

2257 2794 2346 2848 τοῦ
2394 2798 2601 2869 Καινῆς
2627 2798 2917 2870 Διαθήκης,
2951 2801 3048 2873 οὐχ
3079 2802 3155 2866 ὡς
3185 2798 3357 2875 ἐχθρὰ
3390 2790 3483 2858 xal
3516 2803 3719 2859 ἐναντία
3745 2803 3801 2858 τὰ

576 2893 965 2962 dissolutisque
995 2889 1309 2945 hominibus
1326 2889 1497 2959 legem
1516 2889 1698 2959 posuit
1724 2903 1835 2955 non
1859 2889 2151 2955 mmehari,

2257 2887 2494 2953 Μωσέως
2529 2890 2899 2962 παρῃτήσατο.
2930 2885 3003 2946 Ἦ
3046 2893 3156 2967 γὰρ
3196 2895 3264 2949 ἂν
3294 2896 3555 2971 ἐνομίσθη
3618 2897 3682 2951 τὰ
3722 2914 3802 2950 πο-

575 2986 818 3040 maribus
865 2999 975 3038 non
1024 2980 1266 3045 misceri,
1306 2980 1615 3051 voluptates
1673 2989 1872 3051 praeter
1898 2989 2154 3035 naturam

2257 2978 2417 3049 λέμια
2448 2981 2635 3034 Μωσεί
2677 2981 3073 3051 διατάττεσθαι,
3121 2986 3262 3041 οὕτω
3322 3005 3386 3042 τε
3425 2989 3491 3044 ἂν
3533 2989 3622 3045 καὶ
3679 3004 3803 3063 παρ-

574 3092 688 3132 non
742 3074 962 3139 sectari,
1020 3081 1075 3129 et
1126 3072 1454 3143 supplicium
1510 3071 1705 3129 mortis
1750 3072 1840 3134 iis.
1891 3072 1986 3144 qui
2043 3088 2154 3128 non

2257 3071 2383 3143 ἔσχε
2436 3073 2532 3144 τῆς
2587 3074 2726 3128 κατά
2767 3076 3015 3141 Μωσέως
3065 3079 3156 3133 καὶ
3207 3079 3315 3136 τῶν
3372 3080 3659 3157 προφητῶν
3708 3086 3803 3148 τοῖς

574 3170 1077 3241 obtemperassent,
1113 3138 1361 3236 adiunxit
1388 3182 1401 3219 :
1433 3180 1534 3237 ego
1567 3173 1747 3221 autem
1796 3138 1949 3220 meos
1984 3163 2153 3220 disci-

2259 3138 2438 3228 ἀθέοις
2488 3138 2840 3238 ἀίρεσιώταις
2890 3138 3145 3243 πλείστης
3188 3138 3506 3247 δυσφημίας
3542 3138 3801 3239 ’ὑπόθεσινζ

574 3264 733 3335 pulos
776 3262 900 3318 volo
949 3276 1017 3316 ne
1065 3257 1266 3313 intueri
1308 3257 1525 3327 quidem
1567 3257 1849 3312 mulierem
1897 3271 2022 3311 eum
2058 3272 2153 3327 pe-

2258 3257 2370 3318 τοῖς
2419 3273 2479 3308 τε
2525 3258 2590 3309 ἐκ
2640 3261 2939 3331 περιτομῆς
2969 3261 3189 3331 εὔλογον
3235 3265 3333 3337 τῆς
3382 3269 3500 3322 κατ’
3530 3270 3686 3324 αὐτοῦ
3725 3289 3805 3326 συ-

581 3353 781 3409 tulanti
831 3350 1145 3422 cupiditate.
1194 3345 1260 3401 Et
1292 3361 1487 3403 rursus
1521 3365 1534 3401 :
1579 3345 1673 3401 llle
1713 3346 1930 3417 quidem
1971 3344 2149 3399 dixit:

2261 3346 2457 3417 σκευῆς
2481 3348 2680 3414 αἰτίαν,
2709 3350 2758 3402 οἳ
2788 3349 2872 3422 δὴ,
2898 3350 2973 3415 ὡς
3003 3354 3292 3431 παραϐάτῃ
3320 3360 3418 3412 καὶ
3437 3360 3703 3433 ἀποστάτῃ
3723 3360 3802 3415 τοῦ

580 3463 601 3499 ι
640 3444 759 3501 Νοη
790 3441 1079 3514 pejerabis,
1111 3438 1208 3497 sed
1237 3439 1435 3497 reddes
1469 3437 1579 3494 Deo
1610 3453 1732 3509 quae
1762 3437 1980 3508 iuratus
2031 3436 2151 3493 lue-

2259 3439 2445 3511 νόμου,
2493 3440 2589 3512 τὴν
2613 3442 2748 3513 πρὸς
2775 3442 3000 3500 θάνατον
3017 3448 3305 3523 ἐπιϐουλὴν
3333 3454 3484 3526 αὐτῷ
3508 3456 3807 3512 συνεσκενὰ-

573 3539 654 3595 ris
697 3556 715 3594 :
762 3553 861 3609 ego
890 3543 1069 3592 autem
1098 3534 1222 3590 dico
1251 3532 1427 3596 vobis,
1483 3546 1586 3588 non
1642 3530 1832 3602 jurare
1897 3530 2148 3594 omnino,
2263 3547 2443 3585 σαντο.
2890 3589 2900 3606 ⁸

574 3633 671 3691 sed
711 3633 816 3689 erit
853 3644 1033 3687 sermo
1073 3637 1252 3684 vester
1294 3644 1308 3680 :
1348 3632 1453 3690 est,
1505 3631 1590 3681 est
1619 3642 1631 3679 :
1660 3638 1790 3690 non,
1841 3637 1987 3677 non:
2018 3623 2161 3693 quod
2198 3631 2378 3679 autem
2420 3623 2507 3681 his
2540 3625 2906 3686 abundantius
2948 3639 3055 3696 est,
3104 3648 3134 3688 a
3167 3636 3308 3693 malo
3338 3649 3423 3695 est
3451 3641 3516 3695 “.
3555 3658 3574 3694 ι
3617 3640 3806 3698 Etrur-

574 3741 673 3783 sus
706 3746 718 3780 :
752 3724 845 3780 Ille
898 3722 1118 3794 quidem
1162 3720 1393 3792 injurias
1442 3719 1676 3784 ulcisci,
1730 3725 1784 3774 et
1851 3716 2209 3774 inferentibus
2260 3718 2479 3775 easdem
2527 3720 2733 3779 referre
2792 3726 3117 3783 hortabatur
3149 3767 3163 3791 ,
3213 3729 3402 3789 dicens
3458 3754 3471 3790 :
3537 3754 3558 3789 ι
3596 3734 3805 3793 Oculum

541 3878 547 3883 ,
570 3837 674 3894 pro
698 3821 877 3888 oculo,
899 3826 954 3875 et
988 3819 1201 3875 dentem
1227 3832 1326 3888 pro
1344 3816 1537 3873 dente:
1590 3813 1698 3887 24
1715 3828 1813 3887 ego
1829 3819 2007 3868 autem
2029 3811 2153 3869 dico
2190 3814 2364 3881 vobis,
2425 3830 2533 3871 non
2594 3818 2852 3876 resistere
2912 3823 3076 3888 malo,
3113 3827 3207 3881 sed
3238 3827 3283 3882 si
3314 3831 3439 3899 quis
3460 3837 3515 3886 te
3541 3848 3807 3903 percusse—

576 3914 650 3970 rit
674 3913 730 3968 in
759 3914 1038 3968 dexteram
1071 3908 1345 3965 maxillam
1370 3914 1541 3971 tuam,
1572 3907 1874 3962 convertite
1894 3905 1960 3959 ad
1984 3905 2135 3960 illum
2174 3914 2229 3962 et
2259 3907 2481 3962 alteram
2512 3925 2525 3962 :
2554 3916 2608 3963 et
2656 3910 2750 3979 qui
2806 3912 2933 3968 velit
2972 3922 3149 3971 tecum
3212 3918 3417 3989 iudicio
3471 3924 3803 3989 contendere,

574 4019 632 4067 et
664 4010 904 4065 tunicam
944 4012 1093 4061 tuam
1130 4003 1341 4068 tollere,
1392 4000 1600 4057 dimitte
1656 4000 1704 4056 ei
1736 4008 1789 4056 et
1826 3999 2047 4071 pallium
2071 4000 2114 4033 9'
2160 4018 2178 4052 ι
2224 3998 2291 4054 Ει
2336 4012 2532 4056 rursus
2565 4018 2578 4055 :
2612 4002 2705 4059 Ille
2746 4004 2967 4075 quidem
3023 4006 3251 4065 docebat
3286 4014 3527 4069 amicum
3576 4017 3804 4088 diligere,

572 4112 629 4162 et
651 4102 901 4159 inimicos
923 4098 1179 4156 insectari
1214 4096 1385 4153 odio:
1446 4110 1546 4166 ego
1604 4103 1783 4150 autem
1843 4109 1907 4149 ex
1963 4094 2294 4150 abundantia
2349 4094 2702 4153 humanitatis
2739 4106 2793 4153 et
2836 4100 3153 4168 clementiae,
3210 4110 3268 4159 ut
3314 4105 3570 4163 inimicos
3611 4117 3807 4165 vestros

573 4199 835 4272 diligatis,
869 4205 923 4253 et
956 4211 1055 4268 pro
1096 4191 1549 4267 persequentibus
1590 4206 1686 4247 vos
1736 4191 1925 4256 oretis,
1973 4190 2144 4260 legem
2181 4188 2338 4245 vobis
2363 4204 2528 4262 pono,
2564 4208 2583 4243 ι
2621 4200 2682 4247 ιιι
2713 4193 2835 4250 sitis
2864 4195 2958 4250 ﬁlii
2984 4193 3164 4252 Patris
3209 4201 3399 4266 vestri,
3447 4203 3541 4274 qui
3575 4202 3630 4257 in
3664 4202 3804 4256 caelis

573 4293 788 4364 est,qui
813 4292 979 4348 solem
997 4304 1157 4345 suum
1183 4289 1315 4343 oriri
1341 4286 1471 4342 facit
1491 4301 1653 4357 super
1674 4286 1845 4341 bonos
1867 4290 1921 4340 et
1970 4284 2162 4349 malos,
2197 4291 2251 4339 et
2284 4284 2418 4354 pluit
2445 4300 2608 4355 super
2631 4287 2810 4356 justos
2858 4293 2913 4342 et
2960 4286 3195 4359 iniustos
3217 4289 3285 4347 ".
3323 4310 3344 4346 ι
3381 4292 3466 4348 Ad
3512 4295 3623 4351 hac
3669 4314 3683 4351 :
3722 4295 3805 4350 Ille

574 4387 792 4460 quidem
822 4401 882 4442 se
910 4385 978 4440 ad
1008 4385 1303 4439 multorum
1358 4382 1611 4438 duritiam
1667 4379 2129 4444 accommodabat,
2170 4385 2224 4435 et
2270 4380 2337 4436 iis
2383 4389 2529 4453 apta.
2564 4382 2655 4452 qui
2689 4384 3189 4452 perturbationibus
3239 4389 3384 4459 pleni
3421 4399 3625 4458 essent.
3678 4405 3805 4461 βττι-

575 4483 831 4556 cipiebat,
884 4489 1045 4552 atque
1088 4481 1432 4536 immutatum
1459 4476 1746 4547 quemdam
1780 4491 1811 4529 a
1859 4483 2041 4531 vetere
2069 4475 2181 4541 illo,
2222 4475 2642 4547 interioremque
2665 4466 2949 4547 religionis
2980 4480 3199 4535 modum
3234 4483 3527 4541 tradebat:
3576 4500 3673 4557 ego
3714 4499 3805 4538 au-

574 4584 687 4633 tem
724 4577 791 4633 ad
823 4577 991 4647 piam,
1057 4573 1479 4645 religiosamque
1524 4570 1686 4627 vitam
1746 4585 1958 4634 eorum,
2011 4569 2102 4640 qui
2134 4568 2327 4640 priscis
2371 4569 2476 4625 illis
2519 4570 2851 4641 temporibus
2900 4580 3087 4628 sancte
3126 4574 3400 4644 vixerunt,
3449 4593 3644 4634 revoco
3695 4576 3806 4631 uni-

574 4687 783 4731 versos.
814 4670 1075 4741 Denique,
1104 4670 1194 4726 ille
1220 4668 1439 4741 quidem
1476 4676 1674 4723 terram
1698 4666 1952 4722 liuentem
1982 4665 2069 4721 lae
2115 4674 2170 4721 et
2207 4666 2336 4731 mel,
2386 4666 2542 4737 quasi
2596 4667 2835 4737 parvulis
2889 4672 3239 4739 promittebat
3285 4689 3299 4728 :
3358 4688 3460 4745 ego
3514 4681 3691 4730 autem
3741 4671 3803 4727 iis

577 4769 670 4839 qui
697 4780 894 4840 capere
924 4766 1153 4839 possint,
1185 4780 1414 4836 regnum
1454 4766 1701 4835 caeleste
1727 4760 1980 4818 concilio.
2008 4760 2134 4817 Haec
2173 4772 2336 4833 atque
2377 4762 2642 4833 ejusmodi
2676 4764 2802 4829 alia,
2856 4762 2992 4820 Novi
3031 4764 3365 4823 Testamenti
3398 4771 3557 4836 ratio,
3587 4769 3800 4825 docente

577 4861 819 4926 Christo,
852 4862 1105 4917 omnibus
1149 4861 1401 4933 gentibus
1449 4858 1737 4914 nuntiavit.
1776 4856 1841 4911 Et
1877 4857 1990 4912 haec
2021 4855 2139 4927 ipsa
2178 4864 2327 4921 sunt,
2377 4872 2498 4928 qua:
2553 4871 2684 4913 suos
2733 4858 3033 4929 discipulos
3068 4860 3317 4917 Christus
3358 4860 3471 4929 Dei,
3526 4866 3586 4917 ut
3633 4860 3802 4915 omnis

578 4955 684 5011 bus
711 4955 958 5026 gentibus
984 4957 1318 5020 nuntiarent,
1349 4954 1668 5011 hortabatur
1714 4954 1902 5009 dicens
1956 4970 1969 5007 :
2019 4966 2038 5004 ι
2094 4951 2301 5008 Euntes
2354 4952 2698 5023 disciplinam
2752 4960 2986 5011 vestram
3026 4955 3222 5013 tradite
3261 4958 3513 5013 omnibus
3537 4957 3799 5029 gentibus,

577 5047 840 5103 docentes
890 5062 985 5103 eas
1030 5063 1248 5104 servare
1286 5047 1501 5113 omnia,
1546 5062 1883 5119 quaecunque
1923 5046 2154 5117 praecepi
2195 5045 2348 5101 vobis
2394 5046 2461 5099 θ’.
2504 5064 2521 5099 ι
2557 5046 2687 5114 Quae
2713 5048 2875 5101 etiam
2904 5049 3117 5108 cunctis
3148 5048 3481 5116 hominibus,
3519 5058 3626 5104 tam
3677 5048 3797 5105 bar—

577 5140 728 5198 baris
768 5155 929 5212 quam
960 5141 1161 5199 Graecis
1189 5158 1314 5197 cum
1357 5139 1694 5199 observanda
1733 5140 1989 5204 traderet,
2032 5140 2191 5209 plane
2238 5138 2499 5209 quidnam
2540 5139 2612 5194 sit
2653 5137 3106 5196 Christianismus
3163 5143 3416 5207 ostendit,
3475 5154 3526 5199 et
3586 5141 3795 5215 quinam

580 5240 751 5294 simus
790 5251 912 5300 nos,
952 5244 1005 5292 et
1042 5236 1348 5307 eujusmodl
1397 5236 1583 5291 talium
1635 5244 1944 5291 sermonum
2002 5248 2067 5288 ac
2121 5232 2530 5303 disciplinarum
2577 5234 2856 5305 magister,
2917 5252 3032 5306 Ipse
3070 5239 3258 5308 utique
3296 5238 3547 5294 Salvator
3599 5245 3653 5295 et
3695 5236 3795 5290 Do-

579 5329 761 5384 minus
795 5335 981 5383 noster
1039 5327 1217 5396 Jesus,
1258 5331 1349 5401 qui
1393 5328 1644 5385 Christus
1698 5337 1782 5385 est
1839 5327 1953 5393 Dei,
2001 5326 2095 5398 qui
2137 5341 2332 5381 novam
2385 5328 2523 5383 hanc
2549 5335 2604 5384 et
2631 5342 2822 5384 omnes
2843 5330 3141 5399 amplexam
3171 5332 3395 5387 virtutes
3416 5331 3791 5403 rempublicam

579 5422 636 5477 in
685 5430 798 5476 toto
838 5421 971 5476 orbe
1021 5424 1322 5487 constituit,
1354 5422 1487 5477 adeo
1529 5420 1767 5492 quidem,
1798 5428 1860 5474 ut
1891 5419 2020 5474 talia
2068 5418 2300 5484 discere,
2333 5419 2831 5490 philosopharique,
2895 5427 3006 5474 tam
3039 5419 3273 5478 femina:
3303 5440 3464 5495 quam
3515 5425 3639 5489 viri,
3688 5431 3793 5478 tam

581 5528 843 5586 pauperes
886 5529 1049 5585 quam
1094 5514 1311 5580 divites,
1364 5521 1471 5569 tam
1524 5514 1668 5569 servi
1709 5527 1872 5585 quam
1930 5513 2137 5570 domini
2179 5512 2411 5586 possint.
2453 5511 2518 5565 Et
2557 5520 2738 5567 tamen
2784 5526 2937 5568 novze
2985 5513 3213 5583 hujusce
3250 5516 3383 5588 legis
3437 5516 3790 5582 introductor,

598 5673 615 5691 ⁸
650 5700 697 5731 ’⁸
722 5698 1010 5770 Exod._xx,
1035 5696 1095 5762 7;
1131 5694 1305 5770 Levi}.
1333 5711 1441 5770 xix,
1467 5696 1549 5770 ης
1586 5695 1746 5770 Deut.
1776 5712 1829 5761 v,
1858 5694 1961 5770 ll;
1990 5694 2189 5770 Match
2208 5712 2260 5758 ν,
2281 5694 2476 5770 ,53-57.
2537 5698 2581 5729 ⁸⁷
2613 5695 2784 5770 Exod.
2820 5714 2931 5764 nt,
2960 5697 3063 5766 2.5;
3117 5699 3286 5758 Lavit.
3322 5717 3480 5769 xnv,
3511 5702 3610 5770 20;.
3638 5701 3781 5757 Deut.

625 5786 696 5837 ;x,
748 5772 858 5836 2!;
899 5768 1086 5825 Matth.
1146 5784 1201 5835 ν,
1248 5767 1437 5821 ἓὸοιίυ.
1508 5768 1553 5799 ⁸⁸
1586 5766 1773 5821 Matth.
1800 5783 1854 5833 v,
1892 5766 1983 5822 45.
2059 5767 2103 5800 ⁹⁹
2144 5764 2332 5820 Matth.
2370 5781 2563 5828 xxvm.
2604 5767 2779 5823 ίθτὲθ.
