3978 6414
230 302 284 355 ίἶεί
1103 302 1761 360 DEMONSTRATIONIS
1802 304 2265 364 EVANGELICE
2308 308 2441 367 LIB.
2486 311 2523 368 1.
3375 320 3443 378 70

227 436 442 494 unquam
477 422 522 477 is
560 420 657 493 qui
708 422 761 476 in
802 425 947 478 omni
980 423 1086 479 vita
1119 426 1294 496 legem
1343 424 1509 481 Mosis
1566 427 1887 491 servaverit,
1942 426 2294 485 introductus
2348 437 2433 487 est
2491 433 2689 504 :quod
2749 448 2883 491 sane
2944 436 3122 507 ipsum
3183 440 3444 505 admirari

223 534 367 593 operae
383 519 609 589 pretium
632 527 739 584 est,
756 521 849 590 qui
875 518 1124 575 videlicet
1150 519 1264 576 ﬁeri
1292 522 1487 593 possit,
1518 529 1577 577 ut
1601 538 1755 579 nova:
1791 522 2021 579 rationis
2050 531 2104 579 et
2145 526 2279 597 legis
2314 534 2508 582 auctor
2549 526 2788 597 futurus,
2834 528 2969 587 Novi
3015 533 3205 603 utique
3260 534 3446 592 Testa-

220 613 351 671 menti
380 626 469 683 per
491 611 871 684 Evangelium,
897 630 1008 669 non
1032 624 1288 688 tanquam
1320 618 1538 673 inimica
1563 626 1619 674 et
1666 619 1941 675 contraria
1979 637 2063 687 ea,
2114 638 2237 692 quae
2282 638 2312 677 a
2349 622 2498 681 Mose
2538 625 2736 681 tradita
2780 635 2932 696 sunt,
2972 630 3309 687 recusaverit
3378 629 3443 690 Si

217 707 331 763 enim
361 705 458 759 hoc
485 705 731 772 fecisset,
764 708 881 779 ipse
926 708 1167 765 vicissim
1208 704 1344 767 Mosi
1400 711 1628 769 adversa
1681 715 2027 770 existimatus
2077 724 2223 773 esset
2265 718 2582 788 praecipere,
2644 735 2711 775 ex
2769 737 2878 792 quo
2930 724 3113 794 impiis
3150 726 3439 796 impiarum

215 809 445 858 sectarum
486 803 806 858 auctoribus
851 810 1044 859 contra
1092 804 1295 861 Mesem
1340 814 1393 864 et
1445 807 1760 878 prophetas,
1811 810 2227 867 obtrectationis
2265 811 2373 883 25
2441 820 2495 867 et
2536 813 2931 870 maledicentia:
2977 818 3265 887 plurimam
3300 831 3440 888 pra»

212 894 383 950 buisset
409 895 719 959 materiam,
776 895 845 952 iis
898 903 1080 952 autem
1128 898 1222 968 qui
1260 915 1325 955 ex
1371 901 1792 959 circumcisione
1855 910 1982 958 sunt
2028 904 2456 974 conspirationis
2504 915 2694 961 contra
2738 923 2797 962 se
2834 907 3039 979 justam
3089 919 3142 966 et
3183 911 3439 981 probabi-

210 985 293 1043 lem
316 1000 546 1052 causam,
572 989 670 1057 qui
704 990 890 1060 utique
926 989 998 1055 ei,
1029 991 1188 1061 quasi
1212 994 1306 1065 qui
1337 1004 1527 1051 contra
1574 994 1748 1067 legem
1786 994 2009 1064 faceret,
2049 1005 2215 1069 atque
2252 998 2322 1053 ab
2375 1014 2438 1054 ea
2474 999 2752 1067 deﬁceret,
2800 1002 3029 1059 insidias
3070 1004 3139 1058 ad
3190 1003 3433 1062 inferen-

206 1085 303 1140 dam
327 1094 506 1135 necem
535 1088 988 1138 construxerunt.

696 1203 1094 1259 ΚΕΦΑΛΑΙΟΝ
1141 1209 1216 1261 Ζ’.
1774 1224 1822 1282 Α

2446 1203 2675 1261 CAPUT
2706 1202 2821 1261 VII.
3440 1271 3444 1274 ι

202 1292 631 1367 ΠῶςόΧριστιξς,
660 1299 744 1367 τιτιΔ
766 1296 926 1367 παρὰ
947 1299 1154 1352 Ma)an
1188 1298 1489 1367 πρότερον
1509 1295 1746 1351 ἐκτελέα

1859 1298 2124 1366 Quomodo
2147 1295 2413 1359 Christus,
2442 1308 2721 1366 postquam
2754 1312 2816 1349 ea
2845 1314 2962 1367 quae
2995 1316 3027 1352 α
3048 1297 3197 1355 Mosa
3231 1306 3430 1361 tradita

250 1381 381 1445 (ξας,Δ
404 1361 621 1433 καινῆς
649 1365 751 1419 καὶ
781 1361 924 1435 νέας
953 1361 1317 1440 εἰσαγωγέὺς
1354 1361 1611 1437 κατέστη
1642 1385 1745 1422 πο·-

1859 1361 1889 1366 "
1919 1378 2064 1445 sunt,
2104 1367 2253 1435 plene
2275 1361 2586 1445 obseruavit,
2638 1383 2785 1420 nova:
2830 1361 3053 1425 rationis
3090 1383 3139 1426 et
3179 1372 3309 1445 legis
3348 1379 3430 1431 in-

249 1436 444 1500 λιτείας
458 1474 470 1487 .
1103 1436 1112 1440 ’
1185 1436 1194 1440 ⁷
1602 1436 1609 1437 “

1103 1436 1112 1440 ’
1185 1436 1194 1440 ⁷
1602 1436 1609 1437 ί
1917 1438 2190 1492 troductor
2219 1438 2447 1491 exstitit.

247 1550 361 1603 Νυνὶ
394 1549 451 1602 δὲ
490 1550 676 1604 πάντα
717 1552 857 1604 κατά
883 1550 973 1605 τὸν
1034 1551 1277 1616 Μωσέως
1318 1553 1480 1625 νόμον
1517 1552 1742 1607 πεπολι-

1913 1549 2069 1605 Nunc
2100 1561 2281 1604 autem
2305 1558 2594 1620 postquam
2627 1550 2681 1605 in
2716 1553 2867 1607 omni
2907 1554 3019 1607 vita
3054 1553 3221 1611 Mosis
3253 1555 3425 1627 legem

196 1642 432 1714 πυμένος,
466 1644 581 1706 τοῖς
617 1643 935 1708 ἀποστόλοις
961 1644 1125 1697 αὐτοῦ
1183 1644 1446 1717 κέχρηται
1474 1646 1740 1711 διακόνοις

1855 1643 2243 1713 :omprohavit,
2275 1644 2542 1713 apostolis
2570 1646 2688 1700 suis
2722 1660 2859 1700 usus
2882 1653 2966 1701 est
3003 1662 3157 1702 nova:
3203 1665 3315 1704 suae
3345 1651 3426 1707 le-

196 1737 270 1806 τῆς
292 1734 472 1806 καινῆς
500 1735 670 1789 αὑτοῦ
705 1736 1042 1808 νομοθεσίας·
1079 1737 1213 1809 ὁμοῦ
1242 1738 1339 1810 μὲν
1368 1739 1462 1793 καὶ
1490 1739 1560 1793 τά
1611 1741 1741 1793 Μω-

1855 1736 1925 1806 ;is
1962 1734 2326 1803 administris,
2366 1735 2422 1789 in
2459 1735 2561 1791 hoc
2604 1736 2694 1791 ille
2733 1738 2956 1808 quidem
3018 1741 3182 1795 simul
3221 1742 3426 1801 docens

198 1827 303 1889 σέως
318 1824 409 1878 οὐκ
435 1825 717 1897 ἀλλότρια,
746 1827 853 1880 οὐδ’
876 1827 1046 1899 ἐχθρὰ
1064 1828 1164 1899 τῆς
1195 1830 1402 1894 οἰκείας
1428 1828 1738 1897 θεοσεϐείας

1857 1842 1901 1881 :a
1935 1843 2056 1897 quae
2096 1843 2126 1881 a
2158 1826 2306 1882 Mose
2338 1826 2539 1881 tradita
2580 1838 2730 1893 sunt,
2786 1845 2887 1884 nec
2945 1845 2976 1884 a
3025 1846 3124 1886 sua
3164 1834 3428 1906 religione

194 1918 534 1991 ἡγεῖσθαι-δεῖν
564 1919 804 1987 διδάξας·
838 1921 974 1992 ὁμοῦ
996 1920 1052 1975 δὲ
1079 1923 1170 1976 καὶ
1198 1923 1481 1996 αὐθέντης,
1515 1924 1608 1978 καὶ
1626 1927 1736 1979 εἰσ-

1851 1918 2333 1985 1bhorrentia,ncc
2363 1920 2537 1974 eidem
2564 1920 2784 1974 inimica
2802 1922 3116 1979 existimare
3147 1935 3422 1996 oportere,

193 2012 361 2083 ηγητὴς
396 2010 517 2075 νέας
562 2014 663 2065 καὶ
709 2014 974 2086 σωτηρίου
1012 2015 1174 2068 πᾶσιν
1218 2013 1526 2088 ἀνθρώποις
1564 2034 1733 2071 κατα-

1855 2016 1889 2063 2t
1920 2011 2083 2068 simul
2127 2022 2406 2067 auctorem
2460 2027 2520 2068 se
2578 2020 2742 2084 atque
2799 2015 3232 2074 introductorem
3266 2034 3426 2075 novae

193 2106 292 2168 στὰς
312 2104 648 2175 νομοθεσίας·
665 2107 741 2170 ὡς
764 2106 1027 2178 μηδαμῶς
1048 2109 1128 2171 εἰς
1150 2107 1218 2161 τὰ
1266 2109 1454 2162 Μωσεῖ
1475 2108 1733 2164 δοκοῦντα

1843 2114 1888 2161 et
1916 2105 2133 2162 cunctis
2160 2106 2475 2162 hominibus
2518 2109 2778 2165 salutaris
2828 2111 2985 2181 legis,
3023 2113 3414 2171 constituens:

193 2196 528 2269 παρανομῆσαι
561 2196 751 2262 αὑτὸν,
780 2197 931 2262 τέλος
960 2199 1004 2253 δ’
1037 2200 1265 2264 ἐκείνοις
1294 2200 1562 2255 ἐπιθεῖναι
1598 2201 1733 2272 πρό-

1850 2206 1894 2253 ll.
1922 2199 2070 2254 nullo
2106 2208 2266 2270 pacto
2301 2200 2409 2255 diei
2436 2202 2911 2272 possitquidpiam
2965 2203 3117 2259 illum
3156 2205 3421 2265 adversus

189 2307 327 2361 τερον,
352 2291 442 2343 καὶ
472 2291 772 2363 πληρωτὴν
793 2292 972 2347 αὐτῶν
999 2294 1273 2363 γενέσθαι,
1300 2296 1394 2349 καὶ
1406 2295 1579 2361 οὕτως
1600 2296 1727 2367 περὶ

1845 2290 2001 2346 ilosis
2035 2291 2182 2362 leges
2213 2300 2306 2346 aut
2332 2292 2554 2348 decreta
2587 2294 2817 2349 fecisse:
2846 2294 2981 2365 quin
3032 2298 3216 2366 potius
3252 2297 3416 2355 ﬁnem

188 2379 551 2450 ⁴ιίῖνιιῦθεντίαν
583 2381 682 2435 τοῦ
742 2382 883 2436 κατά
925 2384 984 2438 τὸ
1028 2385 1359 2455 Εὐαγγέλιον
1396 2386 1559 2457 νόμου
1590 2404 1729 2459 παρ-

1845 2381 1941 2437 .llis
1957 2383 2110 2452 prius
2123 2383 2473 2454 imposuisse,
2493 2384 2793 2455 eademque
2808 2385 3048 2456 perfecte
3069 2388 3416 2457 observasse.

186 2473 477 2543 ιληλυθέναι.
500 2475 617 2528 Καὶ
643 2475 831 2529 τοῦτον
842 2478 1132 2533 ἀκουστέον
1160 2479 1321 2533 αὐτοῦ
1350 2480 1596 2550 λέγοντος
1635 2479 1723 2535 τὸν

1840 2482 1883 2531 et
1910 2475 1991 2530 sic
2023 2475 2090 2530 ad
2135 2475 2539 2533 institutionem
2572 2479 2901 2549 evangelica).
2938 2479 3075 2550 legis
3102 2482 3411 2538 transiisse.

186 2567 365 2639 τρόπον’
401 2585 419 2619 ι
447 2568 565 2622 Οὐκ
595 2564 762 2642 ἦλθον
784 2569 1083 2624 καταλῦσαι
1102 2570 1194 2625 τὸν
1221 2572 1405 2644 νόμον,
1428 2571 1564 2626 ἀλλά
1588 2571 1724 2643 πλη-

1843 2564 1898 2620 Et
1928 2566 2021 2637 qui
2057 2568 2277 2623 modum
2303 2570 2522 2641 quidem
2556 2569 2705 2626 hunc
2753 2573 2822 2627 ab
2883 2571 3005 2643 ipso
3064 2573 3414 2630 observatum

188 2657 341 2727 ρῶσαι.
371 2676 390 2710 ι
413 2659 474 2712 Εἰ
504 2659 609 2730 μὲν
639 2660 749 2731 γὰρ
778 2660 1101 2731 παραϐάτης
1162 2661 1255 2715 τοῦ
1286 2663 1531 2726 Μωσέως
1561 2663 1726 2734 νόμου

1842 2660 2001 2724 dicat,
2038 2676 2149 2715 non
2178 2661 2319 2716 alius
2361 2661 2666 2718 audiendus
2713 2673 2797 2719 est
2851 2678 3015 2732 quam
3078 2662 3215 2734 ipse.
3244 2684 3263 2717 ι
3295 2663 3413 2721 Non

188 2749 397 2821 κατέστη,
426 2751 533 2803 κᾶν
562 2750 802 2819 εὐλόγως
830 2750 1088 2823 ἐνομίσθη
1127 2750 1274 2805 λύειν
1303 2751 1461 2804 αὑτὸν
1492 2752 1585 2806 καὶ
1615 2771 1720 2806 πα-

1844 2754 1979 2819 veni,
2009 2754 2209 2824 inquit,
2248 2753 2498 2809 scindere
2531 2754 2724 2825 legem,
2752 2753 2845 2810 sed
2878 2755 3153 2824 complere
3196 2756 3235 2811 '.
3272 2775 3291 2809 ι
3326 2756 3415 2812 Et-

188 2846 414 2913 ρανῡμεῖνσ
440 2843 650 2914 φαῦλος
674 2844 731 2898 δέ
756 2862 841 2909 τις
865 2845 960 2898 καὶ
982 2845 1295 2917 παράνομος
1321 2844 1600 2912 πεφυκὼς,
1622 2846 1721 2899 οὐκ

1840 2846 1977 2900 enim
2013 2846 2059 2900 si
2085 2853 2433 2916 contemptor
2458 2845 2624 2901 Mosis
2653 2847 2788 2918 legis
2813 2847 3139 2914 exstitisset,
3160 2849 3411 2919 quamvis

185 2933 231 2986 ἂν
265 2933 538 3007 ἐπιστεύθη
585 2935 749 2999 αὐτὸς
785 2931 922 2989 εἶναι
967 2938 996 2990 6
1038 2936 1286 3008 Χριστός.
1345 2935 1504 2991 Λύων
1550 2937 1607 2990 δὲ
1651 2937 1722 2991 τά

1836 2935 1976 2991 illam
2010 2936 2354 2993 existimatus
2387 2944 2533 2993 esset
2567 2938 2924 3009 probabiliter
2968 2940 3240 3007 scindere,
3272 2956 3407 2997 con-

184 3028 402 3093 Ηωσέως,
438 3028 559 3093 πῶς
620 3029 687 3084 ἂν
726 3028 984 3101 ἐνομίσθη
1014 3029 1172 3094 αὐτὸς
1218 3030 1504 3101 ὑπάρχειν,
1544 3031 1573 3082 6
1614 3030 1718 3084 ὑπὸ

1838 3035 2021 3099 traque
2054 3043 2174 3084 eam
2208 3027 2389 3085 facere
2421 3047 2433 3083 :
2471 3030 2772 3100 improbam
2802 3039 2985 3087 tamen
3018 3032 3332 3103 quamdam,
3355 3044 3409 3088 et

183 3118 379 3182 Μωσέως
394 3121 487 3172 καὶ
518 3118 629 3174 τῶν
664 3119 949 3192 προφητῶν
968 3120 1437 3192 κατηγγελμένος;
1458 3121 1575 3186 πῶς
1592 3123 1633 3175 δ’
1651 3123 1717 3179 ἂν

1836 3135 1857 3175 a
1889 3121 2102 3193 legibus
2134 3121 2368 3177 alienam
2404 3132 2655 3178 naturam
2684 3137 2795 3193 prae
2822 3139 2882 3179 se
2922 3124 3124 3190 ferens,
3153 3125 3407 3185 Christus

184 3212 305 3282 ἑσχεν
333 3213 389 3266 τὸ
408 3214 722 3280 ἀξιόπιστον
744 3213 937 3285 καινῆς
966 3213 1311 3286 νομοθεσίας;
1342 3214 1487 3281 ἔδοξε
1517 3215 1624 3288 γὰρ
1650 3216 1716 3270 ἂν

1834 3226 1947 3267 esse
1983 3212 2225 3268 creditus
2269 3228 2380 3269 non
2418 3228 2583 3270 esset.
2635 3211 2808 3268 Porro
2854 3223 3035 3269 autem
3087 3215 3405 3274 rescindens

180 3306 359 3369 εἰκότως
400 3307 499 3378 τῆς
530 3306 878 3379 παρανομίας
913 3307 1072 3379 χάριν
1109 3301 1202 3362 ἐπὶ
1236 3306 1336 3380 τὴν
1367 3310 1713 3380 καινοτομίαν

1835 3317 1887 3358 ea
1912 3318 2034 3374 quae
2057 3319 2087 3359 a
2123 3303 2273 3360 Mose
2305 3304 2483 3377 posita
2509 3311 2658 3371 sunt,
2690 3303 2965 3376 quomodo
2992 3307 3263 3376 potuisset
3288 3308 3406 3363 exi-

180 3399 465 3470 ἐληλυθέναι,
498 3399 719 3470 φεύγων
748 3398 847 3471 τὴν
879 3400 973 3454 ἐπὶ
1000 3402 1119 3465 ταῖς
1149 3400 1513 3473 παρανομίαις
1537 3419 1710 3474 τιμω-

1833 3397 2034 3452 stimari
2071 3396 2119 3451 is
2148 3411 2294 3463 esse,
2332 3412 2493 3469 quem
2525 3396 2769 3452 futurum
2816 3397 2992 3455 Moses
3042 3408 3094 3453 et
3128 3399 3404 3470 propheta:

182 3490 289 3562 ρίαν.
313 3490 420 3545 Νῦν
439 3491 496 3545 δὲ
523 3491 696 3565 μηδὲν
727 3491 994 3563 μηδαμῶς
1016 3491 1126 3547 τῶν
1150 3493 1208 3545 ὲν
1234 3492 1313 3564 τῷ
1344 3493 1495 3565 νόμῳ
1520 3493 1708 3558 λύσας,

1831 3490 2208 3545 nuntiassent?
2232 3490 2508 3560 quomodo
2546 3499 2727 3545 autem
2759 3493 2917 3547 novis
2942 3491 3154 3563 legibus
3192 3508 3402 3563 ponen-

181 3583 424 3656 πληρωτὴς
465 3585 512 3639 δ’
541 3584 722 3638 αὐτῶν
761 3584 1084 3654 γενόμενος,
1123 3584 1218 3638 καὶ
1252 3583 1491 3648 τέλειος,
1533 3584 1609 3649 ὡς
1645 3584 1711 3639 ἄν

1829 3582 1907 3639 dis
1933 3583 2311 3638 auctoritatem
2340 3582 2659 3639 habuisset?
2696 3584 2893 3641 merito
2933 3585 3078 3640 enim
3109 3585 3277 3641 videri
3301 3600 3400 3657 po—

176 3677 387 3739 τιςεῖποι,
406 3677 545 3732 κατὰ
559 3677 785 3742 Μωσέα,
813 3678 932 3732 ἐπεὶ
962 3677 1158 3750 μηκέτι
1178 3678 1288 3740 τοῖς
1316 3675 1518 3741 λοιποῖς
1535 3676 1709 3732 ἔθνεσι

1830 3676 2035 3741 luisset,
2068 3674 2394 3747 derogandte
2424 3675 2560 3746 legis
2592 3678 2790 3747 gratia,
2828 3676 2894 3732 ad
2929 3677 3278 3733 novationem
3307 3693 3401 3735 re-

176 3768 351 3822 δυνατδν
373 3765 437 3842 ἦν
454 3768 788 3841 ἐφαρμόζειν
809 3769 878 3824 τά
903 3770 1051 3841 παρά
1073 3768 1257 3823 Μωσεῖ
1283 3769 1488 3842 νόμιμα
1504 3770 1590 3824 διὰ
1609 3770 1709 3835 τὰς

1823 3785 1940 3824 rum
1991 3769 2228 3837 venisse,
2277 3776 2337 3823 ut
2397 3769 2745 3834 delictorum,
2798 3784 2919 3840 qum
2972 3774 3165 3824 contra
3221 3769 3394 3841 legem

178 3861 566 3931 προδηλωθείσας
605 3862 783 3926 αἰτίας
817 3862 979 3934 (χρῆν
1031 3861 1087 3914 δὲ
1119 3862 1290 3933 δήπου
1330 3860 1708 3935 φιλανθρωπίᾳ

1821 3862 2216 3929 commisisset,
2282 3862 2609 3933 supplicium
2664 3861 2939 3917 evaderet.
3001 3860 3157 3917 Nunc
3210 3871 3392 3918 autem

178 3954 246 4007 τοῦ
278 3957 579 4026 πανατάθου
623 3956 734 4010 τῶν
773 3956 910 4011 ὅλων
952 3955 1087 4010 Θεοῦ
1136 3955 1344 4019 πάντας
1389 3954 1706 4027 ἀνθρώπους

1821 3956 1953 4010 nihil
1983 3956 2051 4011 de
2079 3954 2196 4025 lege
2226 3955 2449 4009 omnino
2480 3954 2772 4025 derogans,
2808 3962 2862 4008 et
2900 3953 3061 4024 plene
3095 3969 3215 4024 quae
3249 3954 3303 4008 in
3328 3969 3392 4008 ea

178 4050 391 4119 σωθῆναι,
419 4052 516 4105 καὶ
546 4054 626 4115 εἰς
663 4051 954 4121 ἐπίγνωσιν
978 4049 1236 4122 ἀληθείας
1261 4048 1476 4120 ἐλθεῖν),
1515 4048 1585 4101 τὰ
1607 4066 1707 4103 κα-
1736 4037 1749 4083 ⁴

1822 4049 2166 4105 continentur
2204 4062 2453 4111 servans,
2495 4053 2680 4115 atque,
2714 4052 2771 4100 ut
2804 4045 2884 4101 sic
2906 4045 3106 4110 dicam,
3143 4044 3209 4099 ad
3233 4060 3393 4118 regu-

178 4141 367 4215 τάλληλα
388 4145 480 4199 καὶ
512 4144 750 4216 ἁρμόδια
790 4146 903 4208 τοῖς
934 4145 1100 4197 πᾶσιν
1148 4140 1535 4213 ἐνομοθέτησεν
1557 4158 1571 4172 ο
1607 4143 1706 4195 οὐκ

1817 4142 1922 4198 Iam
1954 4141 2121 4196 Illosis
2168 4139 2466 4211 perfectus,
2516 4145 2806 4208 postquam
2843 4153 2952 4192 non
3008 4138 3243 4208 amplius
3272 4137 3388 4194 ﬁeri

175 4235 223 4288 ἂν
238 4236 485 4309 φθονήσας
510 4239 609 4292 καὶ
661 4236 733 4290 τὰ
756 4236 1004 4300 Μωσέως
1032 4233 1121 4289 διὰ
1147 4234 1256 4289 τῶν
1279 4233 1591 4288 ἀποστόλων
1608 4234 1705 4287 αύ-

1816 4242 2046 4305 poterat,
2079 4242 2140 4289 ut
2172 4249 2234 4288 ea
2270 4247 2391 4304 qua:
2416 4240 2545 4288 sunt
2573 4231 2628 4285 in
2658 4231 2775 4301 lege
2826 4229 2993 4286 Mosis
3035 4230 3263 4300 reliquis
3293 4245 3387 4283 ac-

175 4328 245 4383 τοῦ
268 4334 415 4387 πᾶσιν
439 4330 749 4404 ἀνθρώποις
780 4328 1160 4399 καταγγεῖλαι,
1194 4329 1243 4381 εἰ
1269 4326 1342 4399 μὴ
1364 4326 1424 4381 τὸ
1447 4327 1702 4381 ἀδύνατον

1814 4327 2291 4385 eommodarentur
2320 4324 2597 4397 gentibus,
2637 4329 2858 4395 propter
2886 4338 2981 4378 eas
3024 4337 3222 4377 causas
3262 4338 3385 4393 quas

174 4422 375 4492 ἐμποδὼν
400 4423 487 4500 ἦν,
521 4426 597 4489 ὡς
624 4423 862 4478 διδάσκει
887 4421 1058 4492 λέγων
1092 4419 1428 4484 Ἀπόστολοτ
1454 4438 1472 4470 ι
1502 4419 1574 4504 Τὸ
1592 4419 1702 4491 γὰρ

1815 4426 1967 4481 dictae
1983 4423 2097 4494 jam
2115 4428 2264 4485 sunt,
2287 4418 2361 4491 (et
2380 4417 2667 4489 oportebat
2685 4417 2941 4472 nimirum
2962 4415 3206 4472 bonitate
3233 4431 3386 4472 sum-

175 4515 381 4571 ἀδύνατον
409 4518 503 4572 τοῦ
530 4517 717 4589 νόμου,
750 4517 809 4569 ἐν
833 4508 878 4583 ᾧ
907 4513 1142 4585 ὴσθένει,
1176 4514 1205 4566 6
1230 4512 1363 4576 Θεὺς
1390 4510 1478 4565 τὸν
1506 4510 1698 4570 ἑαυτοῦ

1812 4517 1880 4573 mi
1915 4516 2011 4571 Dei
2039 4528 2230 4571 omnes
2262 4512 2512 4568 homines
2539 4511 2722 4566 salvos
2764 4509 2881 4564 ﬁeri
2916 4519 2970 4565 et
3015 4508 3080 4563 ad
3113 4509 3383 4580 cognitio-

175 4606 269 4661 Υἰδν
284 4609 490 4680 πέμψας
513 4612 572 4664 ὲν
592 4607 899 4680 ὁμοιώματι
925 4606 1124 4680 σαρκὸς
1145 4603 1438 4676 ἁμαρτίας,
1463 4623 1481 4656 ι
1510 4603 1604 4657 καὶ
1630 4603 1698 4657 τὰ

1811 4625 1929 4666 nem
1955 4608 2206 4666 veritatis
2225 4608 2437 4676 venire)
2472 4621 2594 4677 quae
2626 4605 2884 4663 omnibus
2913 4611 3039 4676 apta
3071 4617 3382 4659 accommoc

174 4696 280 4770 ἰῆς.
318 4701 593 4758 Ἀδύνατον
629 4702 685 4755 δὲ
722 4703 857 4755 πᾶσι
888 4700 1058 4772 δήπου
1090 4701 1202 4762 τοῖς
1229 4698 1434 4751 ἔθνεσιν
1464 4696 1696 4769 ὑπάρχει

1807 4703 2040 4774 dataque
2067 4708 2276 4766 essent,
2305 4701 2516 4771 legibus
2571 4699 2688 4757 suis
2744 4698 3016 4765 saneirit;
3054 4712 3119 4752 ac
3182 4713 3252 4753 ne
3287 4697 3378 4754 illa

172 4791 260 4860 τρὶς
296 4794 382 4849 τοῦ
413 4796 566 4860 ἔτους
600 4796 847 4866 ἀπαντᾷν
896 4794 974 4856 εἰς
1030 4789 1371 4861 Ἰεροσόλυμα
1419 4789 1560 4842 κατά
1604 4790 1697 4844 τὸν

1807 4797 2022 4867 quidem
2051 4808 2173 4866 qua:
2206 4809 2235 4848 a
2268 4793 2416 4849 lllose
2451 4800 2719 4863 praecepta
2752 4797 2901 4854 sunt,
2935 4804 3066 4845 suos
3097 4789 3378 4860 apostolos

173 4883 365 4951 Μωσέως
385 4890 565 4960 νόμον,
593 4888 688 4943 καὶ
730 4885 838 4942 ἀπὸ
863 4884 971 4938 τῶν
989 4883 1240 4955 περάτων
1254 4882 1353 4953 τῆς
1375 4881 1695 4954 οἰκουμένης

1802 4889 2124 4947 denuntiare
2157 4887 2374 4943 cunctis
2396 4887 2505 4957 26
2526 4884 2841 4941 hominibus
2870 4881 3260 4953 prohibuisset,
3287 4884 3373 4939 ni-

174 4976 241 5047 τὴν
262 4979 354 5033 ἀπὸ
380 4981 566 5052 λέχους
596 4982 831 5050 γυναῖκα
865 4978 1136 5041 σπεύδειν,
1166 4975 1352 5029 αὐτόοι
1383 4974 1453 5028 τὰ
1487 4974 1694 5046 καθάρ-

1799 4982 1846 5036 si
1881 4996 1945 5036 ea
1976 4996 2064 5035 res
2090 4978 2480 5049 impedimento
2511 4974 2724 5039 luisset,
2784 4973 2930 5044 quod
2966 4973 3057 5027 illa
3112 4972 3232 5062 ﬁeri
3262 4990 3370 5030 non

175 5082 237 5122 tu
259 5072 671 5146 ἀποθησομένην·
707 5074 799 5126 καὶ
831 5071 966 5127 ἄλλα
995 5071 1184 5144 μυρία,
1216 5069 1253 5123 ἀ
1285 5068 1381 5123 καί⁵
1411 5066 1587 5139 ἑαυτῷ
1610 5085 1694 5132 τις

1798 5079 2043 5143 possent,
2069 5067 2531 5141 quemadmodum
2558 5065 2854 5137 Apostolus
2883 5064 3063 5130 docet,
3096 5065 3190 5122 ubi
3248 5067 3322 5122 ait
3348 5078 3369 5120 :

174 5162 239 5216 ἐπὶ
254 5166 426 5238 σχολῆς
453 5165 771 5232 ἀναλέξαιτο
797 5165 882 5220 ἄν.
925 5163 1140 5235 Ἐπειδὴ
1163 5163 1343 5215 τοίνυν
1369 5161 1538 5216 ταῦτα
1569 5161 1689 5214 οὐδὲ

1802 5185 1820 5214 ι
1860 5161 1994 5217 Nam
2027 5161 2173 5232 quod
2204 5159 2542 5230 impossibile
2569 5164 2686 5212 erat
2710 5156 2836 5227 legi,
2868 5156 2924 5211 in
2965 5172 3074 5227 quo
3124 5155 3369 5211 inﬁrma-

175 5254 465 5332 βουλομένοις
498 5258 696 5315 δυνατά
727 5255 796 5332 ἦν
840 5261 953 5321 τοῖς
985 5252 1390 5330 ἀπῳκισμένοις
1414 5256 1513 5326 τῆς
1556 5257 1686 5310 ’1ου-

1795 5258 1978 5322 batur,
2008 5255 2153 5312 Deus
2187 5254 2386 5309 Filium
2435 5267 2595 5307 suum
2622 5250 2845 5307 mittens
2869 5250 2924 5305 in
2955 5249 3366 5305 similitudinem

173 5344 287 5414 δαίας
325 5352 490 5406 ἔθνεσι
537 5352 845 5423 φυλάττειν,
886 5350 1111 5414 εἰκότως
1162 5344 1324 5422 μηδὲν
1371 5346 1575 5401 τούτων
1616 5346 1684 5400 δι’

1794 5352 1979 5408 carnis
2034 5348 2313 5421 peccati’,
2352 5364 2372 5398 ι
2412 5352 2466 5400 et
2512 5350 2730 5398 caetera.
2787 5340 3128 5412 lmpossibile
3179 5348 3362 5395 autem

175 5439 318 5497 ἑαυτοῦ
346 5445 503 5510 λύσας
529 5448 557 5498 6
585 5445 774 5515 Σωτὴρ
814 5443 910 5497 καὶ
949 5440 1154 5513 Κύριος
1180 5423 1356 5511 ἡμῶν,
1392 5437 1682 5511 πληρωτὴς

1791 5452 1910 5501 erat
1936 5443 2219 5508 nimirum,
2246 5451 2305 5496 ut
2339 5454 2531 5494 omnes
2576 5446 2764 5508 gentes
2816 5442 2901 5490 ter
2941 5433 3174 5504 singulis
3201 5433 3362 5503 annis

174 5533 484 5613 ἂγενόμενος
512 5542 621 5597 τῶν
646 5544 703 5595 ὲν
735 5540 811 5611 τῷ
845 5539 1014 5611 νόμῳ,
1051 5540 1143 5592 καὶ
1170 5537 1350 5592 πίστιν
1385 5536 1683 5610 παρασχὼν

1791 5555 1855 5594 ex
1884 5539 2001 5608 lege
2035 5535 2202 5591 Mosis
2233 5531 2607 5606 Hierosolyma
2632 5528 3008 5589 convenirent,
3064 5535 3119 5582 et
3165 5525 3362 5582 mulier

177 5633 252 5696 τιῖς
270 5631 466 5708 ὁρῶσιν,
494 5638 570 5702 ὡς
594 5638 702 5709 ἄρα
734 5634 894 5697 αὐτὸς
926 5635 1072 5687 ἐστιν
1094 5634 1123 5685 6
1147 5631 1379 5704 Χριστὸς
1406 5630 1499 5685 τοῦ
1524 5629 1681 5698 Θεοῦ,

1790 5630 1966 5686 levata
2001 5634 2160 5699 partu
2183 5624 2251 5681 ab
2283 5623 2542 5681 extremis
2563 5632 2721 5680 terrae
2753 5621 2954 5679 ﬁnibus
2987 5618 3117 5673 illuc
3163 5633 3361 5692 propc-

264 5788 432 5853 llatth.
464 5812 516 5863 ν,
552 5786 641 5851 Π.
682 5798 700 5828 '
732 5793 889 5851 Rom.
945 5807 1078 5861 rm,
1129 5791 1184 5847 5.
