3978 6414
2300 192 2327 223 ο

582 324 643 382 Ἠ
1213 317 1483 375 EUSEBII
1520 313 2000 391 εΑῑεΑιιιεΝδιδ
2036 312 2189 373 OPI’.
2228 306 2419 371 PARS
2454 310 2520 370 II.
2559 344 2629 356 -
2660 311 3162 371 APOLOCETICA.
3764 320 3824 378 72

582 448 752 505 raret,
783 446 840 495 ut
870 455 988 511 qua:
1012 454 1112 511 pro
1138 440 1459 511 purgatione
1487 440 1734 497 instituta
1769 448 1918 505 sunt,
1952 439 2152 495 ibidem

2256 437 2287 489 ὁ
2316 434 2451 506 πρὸς
2478 436 2585 489 τῶν
2616 437 2766 508 παρὰ
2807 436 3075 500 Ἰουδαίοις
3101 421 3612 506 πάλαῖγενομένων
3636 453 3830 513 προφη-

578 536 900 604 deponeret.
934 544 984 587 et
1011 532 1116 586 alia
1169 533 1615 599 innumerabilia,
1661 549 1781 604 quae
1836 548 1933 603 per
1982 532 2154 588 otium

582 624 957 694 unusquisque
986 630 1165 693 potest
1186 640 1282 695 per
1312 627 1551 696 seipsum
1585 624 1858 695 colligere.
1886 622 2156 691 Quoniam

583 716 767 786 igitur.
785 715 897 769 haec
932 724 1122 785 gentes
1144 730 1173 767 a
1204 714 1392 770 Judata
1409 715 1597 787 procul
1642 714 1969 775 habitantes,
1992 712 2153 767 etiam

580 808 626 862 si
658 805 981 871 voluissent,
1037 822 1256 862 servare
1290 822 1398 861 non
1435 811 1687 877 poterant
1720 820 1734 855 :
1777 802 1973 858 merito
2019 801 2155 855 nihil

583 896 778 953 horum
811 915 908 970 per
936 899 1175 970 seipsum
1209 899 1527 956 reseindens
1588 898 1860 964 Salvator,
1887 904 1941 952 et
1973 893 2156 949 Domi—

580 1006 688 1047 nus
722 1000 929 1057 noster,
973 990 1068 1048 sed
1098 992 1254 1063 plene
1294 1007 1540 1052 servans.
1566 1000 1621 1047 et
1652 990 1890 1046 eIIiciens
1943 1003 2007 1044 ea
2035 1001 2156 1058 quae

580 1085 639 1140 in
665 1082 781 1153 ipsa
808 1084 925 1154 lege
949 1084 1325 1149 continentur,
1358 1093 1413 1141 et
1457 1082 1829 1155 spectantibus
1881 1080 2041 1135 ﬁdem
2074 1078 2154 1132 fa-

586 1175 753 1240 riens,
789 1175 933 1246 quod
967 1176 1083 1246 ipse
1100 1185 1246 1233 esset
1274 1176 1530 1233 Christus
1561 1176 1679 1237 Dei,
1731 1175 1799 1230 de
1847 1188 1955 1244 quo
1986 1170 2154 1243 prisci

586 1264 891 1321 Iudaeorum
910 1267 1187 1337 propheta:
1213 1267 1586 1323 testimonium
1623 1264 2013 1336 protulissent;
2036 1270 2154 1316 tum

585 1355 723 1410 idem
758 1356 1010 1413 omnibus
1038 1358 1291 1428 gentibus
1314 1356 1723 1412 accommodata
1747 1363 2035 1426 praecepta,
2057 1368 2155 1424 per

583 1445 879 1516 discipulos
912 1463 1042 1503 suos
1064 1449 1367 1520 proposuit.
1422 1448 1634 1505 Idcirco
1693 1462 1793 1503 nos
1842 1446 2153 1502 Judaaorum

579 1539 833 1608 proprios
861 1538 1002 1595 ritus
1032 1540 1427 1605 reeusavimus,
1462 1546 1721 1610 tanquam
1752 1554 1847 1595 eos
1872 1539 1963 1610 qui
1993 1539 2153 1595 nobis

577 1627 695 1698 lege
727 1628 891 1699 positi
920 1646 1029 1685 non
1061 1632 1193 1696 sint,
1227 1638 1281 1687 et
1303 1631 1557 1702 gentibus
1600 1631 2003 1694 accommodari
2042 1647 2152 1686 non

577 1719 810 1788 possint.
843 1719 1250 1777 Ateorumdem
1296 1721 1610 1792 prophetias
1665 1722 1896 1778 libentes
1939 1723 2151 1794 accepi-

2255 525 2364 579 τῶν
2409 527 2927 599 μεμαρτυρημένος·
2977 527 3113 599 μετά
3140 528 3320 583 ταῦτα
3352 529 3493 580 πᾶσι
3528 528 3641 595 τοῖς
3672 530 3830 587 ἔθνεσι

2255 617 2325 671 τὰ
2345 600 2578 691 ἁρμόδια
2603 620 3038 691 παραγγέλματα
3069 620 3155 675 διὰ
3187 620 3303 674 τῶν
3332 619 3561 673 οἰκείων
3594 620 3832 692 μαθητῶν

2257 709 2645 783 προϐέϐληται.
2701 711 2892 766 Ἔνθεν
2932 711 3027 766 καὶ¹
3065 712 3225 783 ἡμεῖς
3267 711 3334 766 τὸ
3390 711 3496 783 μὲν
3543 713 3833 778 Ἰουδαΐζειν

2257 802 2641 874 παρῃτήμεθα,
2691 802 2768 867 ὡς
2821 805 2951 875 ἡμῖν
3014 803 3089 876 μή
3132 803 3658 875 νενομοθετημένον,
3713 806 3834 880 μηᾶ

2255 895 2583 967 ἐφαρμόζειν
2610 896 2721 957 τοῖς
2746 892 2922 948 ἔθνεσι
2950 895 3268 967 δυνάμενον
3301 894 3408 958 τὰς
3437 892 3497 948 δὲ
3527 896 3679 960 παρὰ
3715 899 3834 953 ἰου-

2254 984 2423 1050 δαίοις
2488 986 2822 1058 προφητείας
2878 986 3129 1057 ἀσμένως
3182 984 3604 1057 κατεδεξάμεθα
3639 1030 3653 1053 ,
3701 987 3835 1046 eos»

2256 1075 2615 1148 περιεχούσας
2647 1075 2749 1139 τὰς
2790 1078 3144 1148 προρρήσεις.
3198 1076 3257 1131 '0
3306 1075 3369 1130 δέ
3405 1093 3472 1146 γε
3504 1075 3716 1148 Σωτὴρ,
3753 1081 3837 1136 καὶ

2252 1167 2572 1232 διδάσκαλος
2601 1167 2777 1239 ἡμῶν,
2812 1168 2909 1221 καὶ
2938 1167 3111 1232 ἄλλως
3140 1167 3450 1240 πληρωτὴς
3485 1168 3722 1240 ὑπάρχει
3751 1172 3834 1224 τοῦ

2253 1258 2495 1323 Μωσέως
2510 1258 2697 1329 νόμου,
2721 1261 2815 1312 καὶ
2832 1258 2944 1313 τῶν
2982 1262 3098 1330 μετ’
3114 1262 3278 1314 αὑτὸν
3309 1262 3640 1333 προφητῶν.
3671 1263 3836 1318 Ἐπει-

2251 1350 2316 1420 δὴ
2342 1350 2452 1423 γὰρ
2478 1354 2589 1415 τοῖς
2626 1351 3072 1422 τεθεσπισμένοις
3108 1353 3178 1405 τὰ
3208 1352 3327 1405 τῶν
3358 1354 3835 1425 συμπερασμάτων

2253 1443 2425 1509 ἔλιπε,
2460 1444 2529 1498 τά
2558 1462 2618 1498 τε
2659 1445 2769 1500 τῶν
2808 1445 2979 1515 λόγων
3008 1446 3458 1517 ἀποτελέσματα,
3504 1447 3647 1518 χρῆν
3675 1448 3832 1521 δήπου

2253 1539 2346 1592 καὶ
2385 1537 2588 1592 τούτων
2631 1538 2813 1593 αὐτῶν
2857 1539 3146 1611 πληρωτὴν
3188 1540 3355 1593 αὐτὸν
3384 1539 3666 1609 γενέσθαι.
3699 1538 3830 1609 υἷσν,

2252 1626 2327 1691 ὡς
2349 1628 2441 1681 ἐπὶ
2467 1628 2924 1701 παραδείγματος,
2954 1631 2987 1699 ἡ
3013 1629 3110 1700 μὲν
3155 1630 3312 1702 παρά
3333 1630 3537 1683 Μωσεῖ
3555 1648 3689 1703 φησι
3712 1647 3833 1706 προ-

2251 1720 2463 1792 φητεία·
2502 1740 2521 1773 ι
2561 1722 2851 1794 Προφήτην
2887 1723 3016 1794 ύμῖν
3058 1723 3360 1795 ἀναστήσει
3406 1723 3619 1797 Κύριος
3654 1728 3683 1779 ὁ
3714 1725 3833 1791 Θεὸς

576 1825 722 1876 mus,
749 1818 1007 1882 tanquam
1037 1827 1133 1868 eas
1155 1827 1276 1883 qua:
1333 1812 1716 1883 prardietiones
1770 1812 1838 1868 de
1873 1813 2032 1869 nobis
2071 1813 2152 1869 Ia-

2256 1812 2428 1884 ύμῶν,
2458 1812 2533 1878 ὡς
2559 1813 2678 1885 ἐμέ·
2706 1814 2869 1868 αὐτοῦ
2903 1814 3199 1869 ἀκούσεσθε
3226 1816 3375 1871 κατά
3415 1816 3622 1882 πάντα,
3653 1819 3750 1873 ὅσα
3773 1819 3830 1874 ἂν

577 1912 695 1959 etas
726 1904 1175 1975 complectantur.
1208 1904 1476 1961 Czcterum
1508 1905 1626 1977 ipse
1656 1906 1907 1973 Salvator
1929 1914 1982 1961 et
2009 1921 2150 1977 prte-

577 2003 766 2065 ceptor
796 2004 1004 2061 noster,
1038 1997 1143 2051 alia
1170 2012 1389 2067 quoque
1411 1997 1626 2053 ratione
1670 1997 2029 2067 eomplevisse
2082 1997 2155 2053 Ie-

576 2099 696 2157 gem
724 2085 889 2143 Mosis
921 2096 975 2143 et
1004 2088 1389 2159 prophetarum
1423 2088 1515 2159 qui
1542 2097 1664 2159 post
1692 2087 1894 2144 Mosem
1913 2088 2150 2157 fuerunt,

578 2180 913 2251 agnoscitur.
954 2178 1221 2245 Quoniam
1252 2178 1395 2233 enim
1423 2178 1492 2233 iis
1522 2193 1643 2249 quas
1671 2177 1934 2234 divinitus
1957 2178 2153 2249 praedi-

576 2280 662 2326 cta
684 2270 1426 2340 fuerant,consummationes
1447 2270 1692 2335 deerant,
1723 2281 1776 2326 et
1798 2272 2148 2326 oraculorum

575 2370 769 2417 eventa
792 2360 1248 2417 desiderabantur
1274 2378 1288 2426 ;
1325 2359 1583 2413 nimirum
1615 2361 1731 2430 ipsa
1754 2375 1974 2431 quoque
2036 2360 2150 2414 haec

578 2453 648 2508 ab
670 2453 859 2509 eodem
889 2452 1149 2522 compleri
1184 2451 1439 2522 oportuit.
1479 2450 1723 2522 Exempli
1754 2452 1928 2522 gratia
1959 2468 1975 2505 ι
2006 2451 2151 2522 apud

578 2544 781 2601 Mosetn
810 2554 895 2602 est
926 2545 1207 2615 prophetia
1241 2560 1360 2615 qurc
1394 2543 1474 2599 sic
1506 2544 1581 2599 ait
1616 2564 1628 2599 :
1664 2564 1681 2596 ι
1721 2543 2045 2615 Prophetam
2066 2559 2152 2599 vo-

576 2637 664 2693 bis
684 2638 969 2694 suscitahit
996 2637 1257 2694 Dominus
1294 2637 1437 2694 Deus
1473 2646 1674 2701 vester,
1725 2644 1984 2708 tanquam
2041 2652 2148 2701 me,

578 2733 726 2787 illum
753 2732 983 2789 audietis
1009 2732 1065 2787 in
1119 2733 1376 2790 omnibus
1425 2748 1766 2803 quazeunque
1808 2732 2003 2787 dixerit
2055 2747 2151 2786 vo-

576 2823 662 2880 bis
694 2824 736 2879 ³.
774 2844 793 2877 ι
828 2822 943 2878 IIoe
979 2823 1145 2893 igitur
1200 2839 1324 2877 eum
1380 2824 1615 2884 deesset,
1680 2823 1770 2879 ille
1835 2824 2147 2892 complevit,

576 2918 712 2971 alter
732 2916 984 2971 videlicet
1017 2925 1138 2984 post
1163 2914 1366 2969 Moscm
1402 2916 1580 2985 legum
1601 2924 1815 2982 auctor,
1848 2916 1938 2986 qui
1966 2931 2147 2971 veram

576 3007 831 3076 pietatem
872 3005 926 3058 in
968 3003 1139 3059 Deum
1182 3004 1447 3068 universi,
1500 3005 1815 3062 hominibus
1867 3006 2144 3061 indicavit.

574 3100 731 3169 Quod
779 3101 924 3156 enim
975 3099 1155 3155 Moses
1197 3115 1307 3154 non
1357 3100 1678 3171 simpliciter
1732 3101 1877 3155 dicat
1918 3102 2150 3173 prophe-

2255 1907 2383 1979 εἴπῃ
2410 1907 2537 1978 ύμῖν
2567 1908 2595 1960 ὁ
2622 1909 2905 1980 προφήτης
2938 1909 3160 1972 ἐκεῖνος.
3194 1928 3213 1962 ι
3253 1910 3433 1963 Τοῦτο
3468 1910 3535 1981 δὴ
3570 1909 3630 1964 τὸ
3662 1911 3831 1966 λεῖπον

2253 1996 2589 2069 ἀπεπλήρου,
2611 1998 2861 2071 δεύτερος
2877 1999 3020 2053 κατά
3072 2000 3275 2055 Μωσέα
3296 2001 3610 2073 νομοθέτης
3638 2004 3831 2073 ἀναφα-

2253 2088 2365 2151 νεὶς
2392 2087 2693 2161 ἀνθρώπων
2720 2090 2820 2161 τῆς
2851 2090 3084 2161 ἀληθοῦς
3114 2091 3402 2155 εὐσεϐείας
3436 2092 3534 2145 τοῦ
3568 2093 3675 2147 τῶν
3706 2094 3829 2148 ὅλων

2252 2178 2407 2235 Θεοῦ.
2439 2179 2511 2233 Τὸ
2531 2179 2639 2252 γὰρ
2675 2181 2749 2253 μὴ
2805 2182 2992 2246 ἁπλῶς
3030 2183 3257 2254 φάσκειν
3303 2184 3523 2238 Μωσέα
3555 2187 3828 2257 προφήτην

2253 2271 2671 2341 ἀναστήσεσθαι,
2700 2272 2834 2325 ἀλλὰ
2865 2272 3004 2345 μετά
3034 2274 3358 2346 προσθήκης
3393 2275 3518 2346 τῆς,
3553 2275 3631 2339 ὡς
3681 2276 3830 2334 αὐτὸν

2255 2363 2302 2428 (ι
2338 2363 2624 2433 προφήτην
2670 2362 2779 2435 γὰρ
2822 2364 2948 2434 ὑμῖν
2989 2365 3306 2436 ἀναστήσει,
3353 2368 3561 2437 φησιν,
3590 2367 3827 2439 Κύριοςό

2251 2448 2383 2514 Θεὸς
2419 2452 2594 2523 ὑμῶν,
2630 2453 2705 2517 ὡς
2746 2455 2865 2525 ὲμέυ
2907 2455 3073 2509 αὐτοῦ
3122 2456 3427 2511 ἀκούσεσθε
3468 2458 3618 2529 ι),τί
3656 2460 3826 2529 ἓτερον

2253 2543 2439 2615 ἐδήλου
2458 2585 2473 2609 ,
2511 2546 2543 2616 ἢ
2571 2546 2652 2599 ὅτι
2679 2546 2826 2617 αύτῷ
2876 2549 3065 2602 Μωσεῖ
3094 2549 3486 2620 παρισωμένος
3513 2566 3601 2613 τις
3621 2548 3827 2621 ἔμελλεν

2251 2637 2280 2688 ὁ
2310 2636 2849 2711 θεσπιζόμενος(4⁶⁶⁹)
2878 2656 2891 2705 ;
2917 2640 3123 2711 Μωσῆς
3153 2641 3209 2694 δὲ
3229 2642 3536 2713 νομοῗέτης
3561 2643 3825 2707 εὐσεϐείας

2249 2724 2318 2800 ἦν
2361 2728 2455 2783 τοῦ
2499 2730 2592 2783 ἐπὶ
2640 2730 2855 2784 πάντων
2904 2731 3061 2785 Θεοῦ.
3104 2733 3313 2787 Οὐκοῦν
3367 2735 3467 2787 καὶ
3508 2734 3599 2789 τὸν
3625 2751 3824 2807 προφη-

2251 2821 2560 2893 τευόμενον,
2585 2823 2756 2894 ὅσπερ
2776 2822 2998 2894 ἔμελλεν
3023 2825 3207 2894 ὅμοιος
3259 2825 3597 2897 γενήσεσθαι
3625 2829 3819 2889 Μωσεῖ,

2251 2913 2546 2985 νομοθέτην
2609 2914 2800 2985 ἐκείνῳ
2863 2915 3240 2987 παραπλήσιον
3305 2915 3475 2986 φῦναι
3540 2916 3685 2979 εἰκὸς
3740 2912 3821 2987 ἦν.

2250 3004 2475 3076 Μυρίων
2520 3003 2650 3074 γοῦν
2699 3005 2838 3076 μετὰ
2883 3005 3055 3059 ταῦτα
3099 3007 3396 3078 προφητῶν
3432 3007 3574 3078 μετά
3630 3008 3821 3061 Mutat:

2251 3096 2549 3166 γεγονότων
2572 3137 2587 3160 ,
2655 3097 2829 3157 οὐδεὶς
2883 3098 3068 3170 ὅμοιος
3131 3100 3320 3152 Μωσεῖ
3385 3098 3816 3171 μεμαρτύρηται’

575 3202 683 3247 tam
715 3200 1112 3256 surrecturum,
1149 3190 1244 3247 sed
1296 3206 1420 3245 eum
1466 3190 1763 3253 additione,
1806 3200 2065 3263 tanquam
2094 3209 2152 3249 se

2255 3189 2454 3253 πάντες
2497 3189 2607 3261 γὰρ
2657 3190 2736 3254 είς
2766 3191 2969 3244 ἐκεῖνον
3014 3190 3327 3262 ἀνέπεμπον
3376 3194 3504 3256 τοὺς
3551 3189 3820 3263 ἀκροωμέα

577 3296 623 3352 (ι
656 3282 973 3355 prophetam
996 3282 1165 3347 enim,
1184 3283 1380 3353 inquit,
1403 3283 1560 3338 vobis
1581 3282 1868 3339 suscitabit
1891 3282 2151 3339 Dominus

576 3377 721 3433 Deus
740 3388 915 3433 vester
932 3384 1191 3446 tanquam
1213 3391 1321 3440 me,
1340 3376 1489 3431 illum
1508 3375 1739 3430 audietis
1764 3375 1831 3444 ι),
1857 3376 1984 3446 quid
2005 3374 2152 3430 aliud

576 3468 806 3539 intelligi
839 3468 974 3532 vult,
1005 3467 1113 3521 nisi
1140 3482 1263 3521 eum
1295 3466 1388 3537 qui
1444 3465 1832 3536 przediceretur
1878 3466 1980 3537 ipsi
2013 3465 2150 3523 Mosi

577 3559 917 3633 adaequatum
962 3572 1084 3613 esse
1140 3557 1467 3612 venturum?
1517 3556 1694 3613 Moses
1726 3563 1906 3612 autem
1952 3557 2147 3627 legem,

579 3659 641 3707 ut
679 3665 928 3707 summus
959 3649 1106 3705 Deus
1136 3650 1427 3713 coierctur,
1456 3658 1734 3720 posuerat.
1763 3649 1901 3721 Ergo
1924 3650 2152 3721 prophe-

576 3759 686 3803 tam
722 3746 871 3802 hunc
917 3745 985 3801 de
1034 3760 1145 3816 quo
1181 3743 1441 3797 vaticinia
1503 3742 1773 3806 feruntur,
1817 3743 1959 3814 quod
2013 3742 2147 3799 Mosi

578 3839 773 3894 similis
806 3837 1025 3892 l‘uturus
1052 3834 1376 3906 essct,Iegis
1407 3843 1682 3891 auctorem
1706 3837 1782 3891 illi
1813 3837 2044 3892 similem
2063 3852 2150 3891 ex-

579 3930 786 3986 stitisse
814 3943 912 4000 par
935 3934 1040 3982 est.
1065 3926 1136 3979 At
1160 3926 1304 3981 enim
1320 3928 1570 3996 quamvis
1587 3926 2011 3983 innumerabiles
2027 3936 2149 3998 post

578 4020 778 4076 Mosem
794 4018 1070 4091 propheta:
1080 4016 1408 4081 exstiterint,
1423 4015 1490 4071 de
1504 4017 1655 4073 nullo
1675 4026 1851 4072 tamen
1877 4017 1980 4072 tale
1998 4020 2150 4073 testi-

576 4109 821 4165 monium
845 4109 1116 4179 prolatum
1137 4118 1242 4172 est,
1273 4106 1419 4177 quod
1449 4106 1584 4163 Mosi
1620 4107 1815 4164 similis
1853 4108 2141 4165 exstiterit.

578 4201 685 4271 27
702 4199 896 4254 Cuncti
927 4197 1072 4253 enim
1103 4196 1171 4250 ad
1207 4197 1355 4251 illum
1385 4197 1534 4267 ipsos
1559 4198 2150 4257 remittebantaudien-

578 4304 684 4348 tes.
714 4289 781 4345 Et
807 4305 941 4346 sane
972 4290 1150 4360 ipsum
1193 4289 1297 4344 hoc
1333 4288 1659 4344 testiﬁcatur
1694 4289 1998 4362 Scriptura,
2036 4310 2147 4349 non

580 4386 887 4442 surrexisse
916 4383 1233 4455 prophetam
1290 4381 1423 4436 Mosi
1469 4382 1723 4438 similem.
1764 4382 1949 4454 Neque
1985 4386 2149 4456 igitur

579 4476 865 4541 Jeremias,
900 4491 1080 4547 neque
1117 4473 1308 4536 Isaias,
1345 4489 1523 4545 neque
1551 4474 1691 4529 alius
1718 4475 1988 4547 quispiam
2018 4492 2146 4547 pro-

581 4571 867 4641 phetarum
908 4568 988 4622 illi
1023 4568 1218 4623 similis
1253 4568 1439 4629 fuerit,
1468 4574 1753 4639 prOpterea
1784 4567 1929 4637 quod
1969 4582 2037 4623 ne
2069 4570 2142 4623 Ie-

582 4678 708 4733 gum
736 4661 951 4733 quidem
983 4669 1174 4715 auctor
1215 4658 1316 4715 fuit
1347 4661 1564 4716 illorum
1614 4660 1833 4731 aliquis.
1861 4660 1997 4716 Cum
2019 4676 2147 4731 ergo

583 4769 649 4807 ex
672 4751 933 4807 vaticinio
964 4749 1151 4813 Mosis,
1184 4750 1447 4823 prOpheta
1481 4758 1536 4805 et
1563 4750 1842 4821 Iegislator
1871 4751 2150 4805 suscitan»

585 4844 688 4899 dus
708 4851 1138 4916 exspectaretur,
1163 4841 1384 4897 advenit
1418 4841 1508 4897 hic
1538 4841 1721 4905 Iesus,
1758 4843 1847 4914 qui
1892 4843 2148 4900 Christus

585 4942 671 4990 est
706 4935 824 5002 Dei,
860 4935 1032 5006 legem
1057 4934 1273 4989 cunctis
1289 4938 1542 5008 gentibus
1562 4949 1799 5006 ponens.
1826 4942 1875 4989 et
1907 4950 2028 5006 quae
2057 4953 2152 4991 su-

586 5036 774 5097 perent
802 5028 975 5096 ipsam
1000 5028 1170 5098 legem
1204 5034 1567 5096 pertractans.
1614 5024 1750 5082 Illud
1780 5029 1922 5083 enim
1954 5047 1969 5083 :
2008 5045 2026 5079 ι
2057 5027 2151 5081 Di-

588 5126 733 5171 ctum
760 5124 845 5171 est
865 5119 1125 5188 antiquis.
1154 5133 1261 5174 non
1284 5117 1792 5187 mmchaberis;cgo
1812 5125 1990 5172 autem
2026 5119 2153 5174 dico

585 5206 744 5262 vobis
787 5220 893 5260 non
942 5208 1337 5279 concupiscere
1377 5205 1417 5272 ’ς
1463 5229 1481 5262 ι
1535 5215 1597 5260 et
1660 5207 1790 5261 illud
1831 5227 1843 5263 :
1887 5228 1904 5258 ι
1943 5209 2154 5265 Dictum

588 5308 672 5355 cst
720 5299 982 5370 antiquis.
1049 5316 1156 5354 non
1219 5299 1470 5365 occides;
1516 5316 1616 5370 ego
1670 5308 1848 5355 autem
1901 5301 2025 5356 dico
2058 5318 2154 5358 vo-

588 5393 695 5455 bis,
751 5408 819 5447 ne
873 5391 1033 5445 irasci
1096 5391 1314 5460 quidem
1369 5393 1409 5456 ⁸;
1459 5411 1478 5444 ι
1538 5402 1594 5449 et
1622 5390 1753 5446 illud
1792 5410 1851 5447 ει
1895 5391 2010 5447 Non
2045 5408 2154 5447 am-

588 5486 731 5555 plius
764 5483 1173 5555 Hierosolymis,
1222 5486 1314 5541 sed
1359 5486 1413 5540 in
1455 5485 1601 5540 omni
1644 5484 1763 5539 loco
1806 5483 2024 5539 adorari
2046 5489 2087 5546 ’ς
2132 5504 2153 5537 ι

600 5584 657 5630 et
692 5575 844 5640 illud,
874 5591 983 5631 non
1015 5576 1173 5631 thure
1221 5583 1274 5631 et
1320 5578 1623 5642 sacrilieiis,
1663 5595 1681 5627 ι
1719 5576 1814 5633 sed
1846 5577 1901 5631 in
1931 5578 2147 5647 spiritu,

2257 3295 2398 3341 νους.
2439 3279 2721 3353 Μαρτυρεῖ
2766 3280 2812 3333 δ’
2844 3277 2938 3335 οὖν
2961 3283 2994 3351 ή
3040 3282 3251 3353 Γραφὴ,
3295 3283 3379 3335 ὅτι
3408 3284 3512 3337 ούκ
3540 3284 3818 3354 ἐγήγερται

2253 3372 2536 3444 προφήτης
2564 3372 2748 3443 ὅμοιος
2778 3372 3018 3437 Μωσέως
3051 3390 3065 3403 ·
3101 3374 3225 3428 οὕτε
3255 3371 3348 3428 οὖν
3390 3375 3681 3447 Ἱερεμίας,
3707 3373 3818 3427 οὔτι

2264 3456 2507 3527 Ἡσαΐας,
2541 3463 2663 3516 οὔτε
2697 3481 2779 3528 τις
2800 3464 2984 3536 ἕτερος
3011 3465 3121 3519 τῶν
3154 3467 3449 3538 προφητῶν
3482 3468 3665 3539 ὅμοιος
3683 3464 3820 3536 αύτῷ

2252 3555 2318 3608 ἂν
2348 3554 2456 3626 εἴη,
2507 3554 2691 3627 ἐπειδὴ
2740 3557 2872 3627 μηδὲ
2924 3552 3005 3621 εἷς
3054 3555 3257 3611 τούτων
3289 3558 3591 3631 νομοθέτης
3646 3558 3822 3612 ἀναδέ-

2250 3644 2474 3699 δεικται.
2523 3646 2980 3718 Προσδοκωμένου
3059 3647 3237 3701 τοίνυν
3282 3647 3377 3701 τοῦ
3442 3648 3583 3702 κατά
3628 3647 3818 3709 Μωσέα

2254 3737 2535 3808 μέλλοντος
2567 3739 2963 3810 ἀναστήσεσθαι
2995 3741 3272 3811 προφήτου
3303 3757 3360 3793 τε
3385 3742 3483 3795 καὶ
3518 3740 3815 3810 νομοθέτου,

2250 3832 2431 3903 παρῆν
2460 3824 2615 3894 οὗτος
2655 3831 2860 3903 Ἰησοῦς
2886 3834 2915 3885 ὁ
2940 3832 3172 3903 Χριστὸς
3201 3832 3296 3885 τοῦ
3324 3832 3486 3899 Θεοῦ,
3525 3833 3817 3906 νομοθετῶν

2252 3924 2383 3976 πᾶσι
2404 3925 2517 3987 τοῖς
2534 3922 2730 3989 ἔθνεσι,
2744 3924 2837 3977 καὶ
2852 3923 2918 3977 τὰ
2934 3924 3072 3997 ὑπὲρ
3085 3924 3246 3996 νόμον
3260 3925 3738 3998 διαπραττόμενος.
3754 3923 3819 3975 ἰδ

2248 4014 2377 4087 γάρ·
2413 4033 2431 4065 ι
2481 4014 2704 4087 Ἐλέχθη
2733 4018 2844 4079 τοῖς
2871 4016 3135 4088 ἀρχαίοις*
3168 4017 3240 4069 Οὐ
3273 4016 3615 4088 μοιχεύσεις’
3641 4014 3746 4084 ἐγὼ
3766 4012 3817 4067 δὲ

2248 4107 2389 4177 λέγω
2448 4108 2595 4180 ὑμῖν,
2655 4108 2789 4179 μηδὲ
2845 4109 3151 4180 ἐπιθυμεῖν·
3196 4128 3213 4161 ι
3254 4112 3347 4163 καὶ
3396 4110 3493 4164 τόο
3521 4130 3539 4162 ι
3608 4107 3814 4180 Ἐλέχθη

2248 4204 2359 4266 τοῖς
2392 4202 2656 4273 ἀρχαίοις,
2687 4202 2762 4256 Ού
2789 4202 3067 4270 φονεύσεις
3087 4218 3098 4231 ·
3140 4200 3250 4270 ἐγὼ
3283 4202 3339 4254 δὲ
3369 4202 3515 4270 λέγω
3541 4204 3666 4273 ύμῖν
3692 4200 3813 4271 μηδὲ

2247 4293 2595 4365 ὀργίζεσθαι·
2634 4294 2726 4347 καὶ
2756 4293 2816 4347 τὸ
2845 4294 3040 4364 μηκέτι
3081 4296 3139 4347 ὲν
3180 4295 3589 4368 Ἱεροσολύμοις.
3625 4295 3733 4351 ἀλλ’
3761 4295 3814 4346 ἐν

2247 4386 2411 4439 παντὶ
2439 4386 2588 4457 τόπῳ
2614 4387 2936 4456 προσκυνεῖν
2953 4402 2965 4415 ·
2993 4387 3085 4439 καὶ
3116 4387 3175 4440 τὸ
3204 4388 3279 4459 μὴ
3303 4389 3585 4461 λιϐανωτῷ
3612 4389 3701 4442 καὶ
3726 4386 3811 4441 θυ-

2251 4479 2413 4543 σίαις,
2441 4498 2459 4529 ι
2482 4480 2538 4531 ἐν
2564 4478 2834 4550 πνεύματι
2859 4477 2918 4531 δὲ
2938 4479 3031 4532 καὶ⁵
3049 4479 3277 4552 ἀληθεία
3310 4501 3328 4534 ι
3350 4480 3669 4555 θρησκεύειν
3685 4498 3698 4513 ³
3728 4480 3813 4534 καὶ

2250 4572 2351 4626 ὅσα
2377 4570 2598 4624 τοιαῦτα
2624 4572 2682 4624 ὲν
2708 4574 2774 4642 τῇ
2809 4570 2972 4625 αὐτοῦ
3007 4571 3227 4643 φέρεται
3259 4573 3596 4647 διδασκαλίᾳ,
3627 4572 3810 4629 πανσό-

2254 4680 2356 4734 φου
2387 4659 2454 4734 ἦν
2482 4662 2738 4734 ἄντικρυς
2765 4665 2859 4717 καὶ
2894 4664 3230 4720 τελειοτάτου
3264 4666 3573 4736 νομοθέτου.
3608 4668 3696 4720 Διὸ
3723 4665 3811 4721 καὶ

2251 4757 2301 4809 οί
2327 4754 2663 4827 ἀκροώμενοι
2697 4775 2715 4806 ι
2739 4755 3139 4827 ἐξεπλήττοντο,
3176 4777 3193 4808 ι
3220 4760 3382 4828 φησὶν
3409 4762 3440 4832 ή
3470 4761 3587 4815 θεία
3611 4759 3650 4811 Γ
3653 4755 3805 4831 ραφή,

2259 4865 2277 4896 ι
2316 4847 2395 4899 ὅτι
2425 4845 2699 4899 ἐδίδασκεν
2728 4848 2908 4911 αὐτοῖς
2951 4848 3026 4911 ὡς
3056 4847 3302 4915 ἐξουσίαν
3335 4850 3491 4921 ἔχων,
3520 4851 3610 4905 καὶ
3623 4850 3715 4919 οὐχ
3739 4849 3808 4908 ὡς

2254 4938 2302 4989 οἱ
2330 4939 2675 5006 γραμματεῖς
2712 4936 2890 4991 αὐτῶν
2920 4938 3012 4991 καὶ
3039 4940 3087 4992 οἱ
3130 4941 3429 5013 Φαρισαῖοι.
3473 4962 3491 4994 ι
3526 4942 3629 4997 Καὶ
3662 4938 3808 4993 τοῦτο

2252 5026 2428 5079 τοίνυν
2458 5026 2517 5080 τὸ
2542 5026 2750 5092 λεῖπονῖ
2777 5031 2843 5100 τῇ
2897 5030 3139 5095 Μωσέως
3175 5033 3479 5106 προφητείᾳ.
3516 5034 3687 5104 λόγιον
3712 5032 3808 5085 ἀπ-

2252 5117 2520 5190 επλήρουο
2548 5119 2807 5184 ὡσαύτως
2832 5121 2888 5174 δὲ
2907 5122 2999 5174 καὶ
3038 5122 3106 5176 τὰ
3138 5122 3300 5177 λοιπὰ
3329 5126 3437 5178 τῶν
3479 5122 3805 5198 προφητειῶν

2252 5209 2360 5262 τῶν
2390 5210 2513 5282 περ)⁸
2562 5209 2747 5273 αὑτοῦ,
2790 5213 2881 5265 καὶ
2925 5214 3053 5284 περὶ
3095 5214 3192 5285 τῆς
3216 5215 3322 5269 τῶν
3368 5216 3535 5270 ἐθνῶν
3580 5215 3805 5287 κλήσεως

2254 5302 2617 5374 θεσπίσματα.
2650 5305 2841 5373 Γέγονε
2874 5306 3049 5360 τοίνυν
3078 5308 3365 5381 πληρωτὴς
3399 5310 3490 5363 τοῦ
3536 5309 3690 5381 νόμου
3721 5305 3803 5360 καὶ

2258 5395 2365 5451 τῶν
2397 5397 2711 5469 προφητῶν,
2744 5398 2843 5463 τὰς
2874 5401 3001 5471 περὶ
3033 5402 3223 5456 ἑαυτοῦ
3258 5407 3589 5478 προρρήσεις
3617 5404 3691 5464 είς
3712 5397 3800 5452 ςτέ-

2260 5506 2358 5560 ?"
2389 5489 2641 5560 ἀγαγώνο
2685 5492 2779 5544 καὶ
2811 5490 2969 5563 μέχρι
3005 5491 3100 5563 μὲν
3127 5494 3291 5547 αὑτοῦ
3333 5498 3533 5567 στήσας
3565 5494 3649 5548 τὸν
3681 5488 3804 5559 πρί-

2256 5598 2411 5653 τερον
2442 5582 2623 5653 νόμον,
2646 5583 2885 5655 ἀρχηγὸς
2914 5584 2968 5637 δὲ
2999 5586 3288 5655 ἀναφανεὶς
3315 5588 3565 5661 δευτέρου
3590 5583 3677 5638 τοῦ
3701 5580 3800 5642 τοῖς

660 5669 681 5701 ³
709 5667 868 5726 Deut.
906 5684 1073 5732 xvm,
1121 5667 1208 5722 15.
1284 5672 1305 5699 ⁸
1338 5667 1521 5733 Matth,
1555 5687 1606 5734 v,
1642 5668 1829 5723 27.28.
1907 5670 1928 5701 ⁸
1960 5667 2093 5723 Ibid.
2128 5669 2315 5726 2i-22.
2394 5673 2413 5705 ‘
2442 5672 2600 5729 Joan.
2638 5690 2711 5738 tv,
2738 5675 2827 5730 2|.

659 5762 802 5836 (Im)
833 5762 1133 5821 Desiderari
1184 5762 1396 5823 videtur
1420 5761 1577 5831 εἶναι,
1607 5766 1687 5822 vel
1724 5763 2057 5821 ἐλεύσεσθαι.
2089 5764 2271 5822 Enna!
