3978 6414
213 347 260 402 π
1042 349 1673 432 ΒΕΜΟΝδΤΒΑΤίΟλᾝ

1766 356 2199 415 ΝΑΝΕΕῘΛΕᾹΞ
2240 362 2370 418 LIB.
2412 364 2453 419 1.
3313 382 3375 434 Ἠ

206 444 328 496 πᾶσιν
353 439 504 492 ἔθνεσι
559 442 998 516 κατηγγελμένου
1050 448 1150 519 τῆς
1179 450 1390 522 Καινῆς
1429 453 1667 526 Διαθήκη

1766 460 1855 515 ,et
1904 456 2132 511 veritate
2183 456 2351 513 Deum
2410 461 2631 515 colere"
2670 480 2683 516 :
2724 482 2742 513 ι
2779 471 2834 518 et
2882 466 2989 520 alia
3033 484 3380 543 quaecunque

203 534 340 604 δόμου,
362 532 427 595 ὡς
455 532 580 601 ὁμοῦ
621 534 787 605 νόμου
819 538 913 589 καὶ
945 539 1120 609 ἀρχῆς
1149 542 1317 595 αἴτιον
1360 546 1697 615 καταστῆναι

199 625 277 680 τῶν
304 622 423 677 δυεῖν
462 622 783 689 ὑποθέσεων,
846 629 1174 702 ’ἰουδαῖσμοῧ
1227 633 1370 702 λέγω
1419 635 1513 688 καί
1566 638 1697 708 Χρι-

199 714 463 788 στιανισμοῠ.
500 719 562 770 ὐ
590 719 687 771 καὶ
720 720 852 773 αὐτὸ
885 722 1183 794 θαυμάζειν
1212 725 1379 793 ἀξιον,
1419 729 1516 800 τὴν
1546 728 1695 783 θείαν

193 811 427 881 πρόρρησιν
451 802 548 862 ὧδέ
587 828 706 875 πως
734 813 1113 884 ἀναφανοῦσαν
1134 835 1148 848 ·
1193 838 1212 872 ι
1262 820 1390 875 Ἰδοὺ
1418 822 1605 894 τίθημι
1637 825 1693 875 ἐν

190 903 291 957 Σιὼν
325 902 449 955 ὶίθον
491 903 765 969 ἐκλεκτὸν,
797 907 1208 979 ἀκρογωνιαῖον,
1256 913 1504 984 ἐντιμονο
1541 916 1632 968 καὶ
1662 916 1692 968 6

188 992 394 1047 πιστεύων
419 995 494 1056 είς
519 995 683 1050 αὐτὸν
707 1000 769 1051 οὐ
800 1003 1342 1075 καταισχυνθήσεται.
1380 1026 1400 1058 ›
1428 1008 1523 1071 Τίς
1552 1007 1596 1061 δ’
1627 1008 1693 1061 ἂν

186 1090 243 1160 εἴη
273 1091 646 1159 ἀκρογωνιαίος,
694 1094 725 1164 ἢ
779 1090 932 1159 οὗτος
974 1099 1003 1150 6
1038 1098 1144 1164 ζῶν
1191 1102 1283 1155 καὶ
1331 1101 1693 1173 πολυτίμητος

186 1179 286 1242 mo;
328 1179 440 1249 μίαν
466 1181 529 1234 ἐκ
574 1181 723 1235 δυεῖν
762 1187 1078 1259 οἰκοδομῶν,
1125 1191 1568 1265 ὖποστησάμενος
1604 1194 1689 1248 διά

185 1272 251 1339 τῆς
287 1271 428 1323 αὐτοῦ
473 1271 851 1341 διδασκαλίας;
883 1278 980 1350 τὴν
1024 1281 1131 1353 γάρ
1173 1284 1450 1348 Μωῦσέως
1498 1286 1688 1358 μέχρις

183 1363 296 1418 αἰτοῦ
321 1367 707 1436 παραταθεῖσαν
739 1373 962 1441 στήσας,
1000 1376 1063 1427 ὲκ
1096 1374 1322 1447 θατέρου
1362 1379 1557 1449 μέρους
1592 1381 1687 1451 τὴν

184 1454 386 1524 ξιιετέραν
416 1458 712 1529 ὲπισυνῆψε
747 1462 844 1534 τὴν
878 1463 1021 1517 κατὰ
1066 1466 1126 1519 τὸ
1174 1468 1501 1537 Εὐαγγὲλιον
1540 1474 1687 1526 οἰκο-

180 1546 310 1615 δομήν.
344 1546 492 1599 Ὅθεν
547 1552 779 1616 είκότως
803 1555 1192 1626 ἀκρογωνιαῖος
1208 1557 1541 1629 ὠνόμασται.
1578 1563 1687 1616 Καὶ

180 1644 215 1693 ἐν
234 1639 441 1710 Ψαλμοῖς
471 1641 526 1695 δὲ
560 1642 779 1715 εἴρηται
801 1663 815 1676 ·
859 1666 877 1698 ι
912 1648 1073 1701 Λίθον
1110 1648 1170 1702 ὃν
1195 1634 1603 1722 ἀπεδοκίμασαν
1635 1656 1685 1707 οἱ

177 1729 519 1798 ιάκοδομοῦντες,
536 1728 694 1797 οὗτος
704 1736 935 1809 ἐγενήθη
953 1738 1031 1801 εἰς
1046 1739 1285 1810 κεφαλὴν
1300 1743 1518 1809 γωνίας·
1538 1744 1685 1815 παρά

1797 546 1885 603 bis
1916 548 2188 603 similiain
2222 550 2369 605 illius
2392 552 2637 607 doctrina
2662 554 2933 621 feruntur,
2975 562 3376 630 sapientissimi

1797 639 1956 709 plane
1985 641 2225 706 fuerunt,
2250 650 2304 697 et
2329 643 2718 713 perfectissimi
2751 649 2926 719 legum
2957 654 3221 709 auctoris.
3252 672 3272 705 ι
3298 654 3375 710 Ex

1795 745 1904 800 quo
1933 730 2133 787 factum
2152 740 2329 799 est,ut
2357 734 2644 792 audientes
2689 747 3089 809 stupescerent,
3126 763 3145 797 ι
3176 762 3375 817 quem-

1796 820 2087 877 admodum
2141 824 2421 896 Scriptura
2453 826 2634 883 divina
2666 845 3057 889 commemorat
3103 836 3147 905 ⁸;
3184 856 3204 890 ι
3247 853 3375 909 pro-

1795 919 1980 982 pterea
2011 915 2156 985 quod
2203 916 2435 972 docebat
2470 934 2565 975 eos
2610 929 2865 992 tanquam
2897 935 3216 995 potestatem
3273 930 3371 984 ha-

1792 1001 1949 1070 hens,
1968 1012 2024 1059 et
2058 1019 2167 1059 non
2199 1013 2260 1060 ut
2286 1004 2494 1063 Scriba;
2528 1010 2741 1064 illorum
2774 1019 2828 1067 et
2869 1012 3152 1072 Pharisaei.
3188 1037 3208 1072 ι
3251 1018 3366 1073 Hoc

1793 1092 1963 1162 igitur
1994 1096 2121 1151 item
2166 1100 2459 1168 complevit
2500 1102 2804 1166 oraculum,
2840 1107 2984 1174 quod
3026 1107 3190 1165 Musis
3237 1127 3362 1182 pro-

1790 1185 1991 1254 phetiae
2020 1187 2205 1243 deerat
2234 1207 2249 1243 :
2283 1190 2472 1245 eadem
2522 1208 2688 1262 porro
2735 1195 2949 1251 ratione
2995 1206 3188 1253 czrtera
3223 1203 3348 1257 item

1795 1277 2367 1351 prophetiarum,qu:e
2414 1283 2482 1338 de
2520 1285 2638 1353 ipso
2671 1294 2725 1340 et
2778 1289 3018 1355 gentium
3079 1292 3360 1349 vocatione

1790 1369 1991 1437 scripta
2018 1378 2146 1424 sunt
2169 1372 2447 1428 vaticinia.
2494 1373 2725 1431 Constat
2762 1394 2892 1449 ergo
2936 1381 3088 1435 illum
3120 1390 3362 1454 comple-

1787 1460 1931 1515 visse
1952 1469 2004 1515 et
2038 1462 2209 1533 legem
2241 1473 2294 1519 et
2317 1466 2627 1535 prophetas,
2663 1470 2880 1539 quando
2908 1487 2972 1527 ea
3002 1489 3122 1543 qua:
3144 1476 3210 1531 de
3241 1477 3361 1546 ipso

1786 1551 2044 1619 praedicta
2070 1561 2198 1607 sunt
2220 1556 2309 1623 ,ad
2332 1559 2534 1612 exitum
2554 1559 2827 1629 perduxit,
2844 1571 2898 1617 et
2922 1565 3157 1634 priorem
3185 1568 3357 1638 legem

1786 1657 1962 1712 usque
1990 1645 2057 1699 ad
2092 1647 2330 1716 seipsum
2357 1658 2502 1706 stare
2522 1651 2710 1721 jussit,
2734 1654 2845 1708 dux
2875 1671 3005 1711 vero
3019 1666 3073 1711 et
3102 1659 3357 1731 princeps

1786 1734 2009 1790 alterius
2063 1737 2198 1808 legis
2241 1743 2470 1805 exstitit,
2507 1759 2628 1813 qua:
2687 1747 2742 1800 in
2798 1746 2948 1802 Novo
3008 1748 3358 1808 Testamento

177 1822 319 1891 Κυρίου
342 1822 545 1888 ἐγένετο
569 1823 735 1897 αὕτη,
756 1828 848 1880 καὶ
873 1827 986 1882 ἐστι
1007 1828 1291 1903 θαυμαστὴ
1310 1836 1368 1887 ὲν
1387 1834 1673 1906 ὀφθαλμοῖς

1781 1830 1996 1886 cunctis
2044 1834 2299 1901 gentibus
2345 1834 2666 1892 denuntiata
2728 1846 2832 1907 est,
2889 1850 2950 1896 ut
3011 1844 3175 1897 simul
3224 1845 3355 1915 legis

178 1913 294 1982 ὴμῶν.
320 1933 339 1965 ι
371 1914 529 1968 Ἔνθα
560 1918 754 1987 σαφῶς
780 1919 840 1972 τὸ
867 1920 1042 1990 λόγιον
1078 1923 1169 1976 καὶ
1200 1926 1298 1997 τὴν
1327 1928 1390 1980 ἐκ
1419 1928 1512 1981 τοῦ
1553 1932 1683 1983 ἰου-

176 2006 284 2059 Etim
313 2006 480 2071 ἔθνους
512 2009 807 2084 ἐπιϐουλὴν
832 2015 897 2085 ἢν
932 2016 1197 2070 πέπονθεν
1220 2020 1248 2071 ό
1274 2018 1680 2092 θεσπιςόμενος,

175 2099 454 2170 ῐεπᾶφητεν-
499 2104 1006 2179 ἀποδοκιμασθῆναι
1056 2110 1152 2178 μὲν
1204 2112 1364 2166 αὐτὸν
1398 2116 1533 2187 πρὸς
1575 2116 1680 2169 τῶν

174 2190 231 2240 τιν
252 2190 445 2243 παλαιὸν
474 2195 656 2264 τοῖχον
683 2196 1104 2269 οὶκοδομούντων
1125 2204 1497 2274 γραμματέων
1522 2205 1680 2260 τινῶν

172 2281 543 2352 γαὶῡαρισαίων,
574 2286 879 2359 ἀρχιερέων
921 2308 980 2344 τε
1012 2294 1105 2346 καὶ
1144 2294 1362 2349 πάντων
1394 2296 1503 2350 τῶν
1532 2298 1680 2368 παρά

177 2374 382 2437 Ἰουδαίοις
412 2377 690 2448 ἀρχόντων
733 2382 1023 2450 φανέντωνο
1055 2384 1192 2456 πλὴν
1232 2386 1370 2440 ἀλλά
1418 2388 1555 2459 μετά
1578 2388 1678 2463 τὴν

168 2464 207 2527 ἐξ
224 2465 402 2519 ἐκείνων
432 2468 659 2539 ἀτιμίαν
687 2471 783 2524 καὶ
806 2473 1077 2547 ἀποϐολὴν
1099 2474 1361 2530 θεσπίσαν
1394 2478 1554 2531 αὑτὸν
1586 2496 1677 2547 γε-

166 2556 356 2625 νήσισθαι
388 2560 467 2624 είς
518 2561 766 2633 κεφαλὴν
794 2566 995 2632 γωνίας
1040 2567 1282 2638 ἀρχηγὸν
1339 2570 1678 2623 καταστάντα

166 2649 231 2717 τῆς
268 2651 450 2720 Καινῆς
477 2653 780 2725 Διαθήκης,
831 2655 1134 2721 ἀκολούθως
1159 2660 1279 2722 ταῖς
1305 2659 1677 2725 ἁποδοθείσαις

164 2738 363 2809 θεωρίαις.
396 2744 505 2796 Ούκ
560 2742 679 2808 οὖν,
720 2748 1048 2812 ἀποστάντες
1094 2750 1255 2820 ἡμεῖς
1297 2751 1669 2822 Ἑλληνισμοῦ,

163 2831 227 2882 ei:
248 2834 319 2885 ἐπὶ
346 2835 667 2908 Ἰουδαῐσμδν
686 2840 1215 2912 καταπεπτώκαμεν,
1243 2843 1383 2901 οὐδὲ.
1417 2844 1672 2915 ἀποδεχό-

165 2939 264 2990 μενοι
287 2925 364 2977 τὸν
402 2929 681 2995 Μωῦσὲως
716 2933 898 3003 νόμον,
938 2933 1187 2999 καὶτοὺς
1232 2935 1499 3006 Ἐϐραίων
1537 2954 1671 3009 προ-

166 3018 302 3085 φήτας,
347 3021 414 3093 μὴ
458 3021 706 3093 βιοῦντες
735 3025 791 3079 δὲ
848 3027 1174 3093 Ἰουδαϊκῶς,
1219 3028 1355 3083 ἀλλά
1404 3032 1543 3085 κατὰ
1569 3032 1667 3104 τὴν

164 3108 232 3177 πρὸ
252 3111 496 3176 Μωύσέως
514 3114 625 3167 τῶν
645 3114 906 3183 θεοφιλῶν
927 3118 1133 3188 ἀνδρῶν
1153 3118 1445 3184 πολιτείαν,
1465 3122 1666 3176 πταίοι-

165 3215 225 3266 μεν
236 3200 302 3257 ἀν.
316 3202 419 3257 Κάν
434 3204 607 3276 τούτῳ
619 3206 728 3278 γάρ
740 3208 971 3262 Μωῦσέα
987 3211 1218 3275 καὶτοὺς
1232 3213 1349 3282 μετ’
1359 3214 1520 3267 αὐτὸν
1537 3232 1665 3287 προ-

160 3291 277 3359 ἢήτας
294 3294 638 3365 ἀληθεύοντας
665 3299 947 3353 άποδείκνυ
956 3318 1077 3371 μεν,
1107 3302 1197 3355 τὸν
1220 3305 1310 3357 ὑπ’
1335 3305 1511 3359 αὐτῶν
1531 3323 1661 3378 προ-

158 3386 484 3455 κεκηρυγμένον
517 3389 756 3460 Χριστὸν
784 3391 1186 3463 ἀποδεχόμενοι,
1218 3397 1311 3449 καὶ
1331 3396 1520 3450 τούτου
1547 3403 1659 3463 τοῖς

158 3472 282 3539 νόμοις
302 3476 617 3548 πειθόμενοι,
651 3484 772 3533 κατ’
806 3481 948 3552 ἴχνος
974 3499 1032 3536 τε
1074 3485 1174 3555 τῆς
1200 3486 1363 3540 αὐτοῦ
1408 3488 1661 3543 διδασκα-

155 3560 233 3625 λίας
257 3562 431 3632 βαίνειν
463 3569 531 3622 δι’
560 3571 733 3642 εὐχῆς
782 3573 1072 3643 τιθέμενοι,
1109 3575 1257 3646 αὐτῷ
1298 3578 1523 3632 Μωῦσεϊ
1555 3582 1658 3633 κάν

156 3653 274 3724 νώτῳ
292 3656 352 3709 τά
378 3660 502 3726 φίλα
543 3662 849 3726 ποιοῦντεςο
889 3663 969 3727 ὃς,
1005 3666 1302 3735 προειπὼν,
1349 3670 1430 3722 ὅτι
1460 3688 1479 3720 ι
1527 3688 1659 3741 προ-

156 3742 275 3814 ﬁngo
296 3746 573 3819 ἀναστήσει
594 3751 798 3822 Κύριος
825 3756 852 3807 6
871 3753 1001 3817 Θεὸς
1032 3756 1214 3825 ὅμοιον
1239 3758 1406 3828 αὐτῷ,
1429 3778 1446 3809 ι
1477 3761 1658 3814 ἐπιλέ-

154 3852 230 3901 γει·
260 3859 276 3891 ι
302 3843 444 3896 Πᾶσα
491 3846 549 3900 δὲ
576 3846 745 3919 ψυχὴ,
795 3850 913 3919 ητις
943 3850 1017 3922 μὴ
1069 3851 1357 3905 ἀκούσεται
1395 3853 1489 3907 τοῦ
1524 3872 1655 3926 προ-

155 3930 270 3997 φήτου
311 3936 544 4001 ἐκείνου,
612 3939 1119 4013 ὲξολοθρευθήσεται
1178 3945 1243 3997 ἐκ
1303 3945 1399 3999 τοῦ
1466 3947 1654 4016 γένους

155 4023 282 4087 αὖτις.
315 4048 331 4074 ι
364 4029 569 4083 Λύτίκα
630 4031 890 4097 Ἰουδαῖοι,
956 4033 1029 4105 μὴ
1079 4035 1508 4107 παραδεξάμενοι
1562 4040 1653 4094 τὸν

158 4118 380 4187 τροφῆτην,
413 4121 538 4192 μηδ’
577 4122 981 4188 ὑπακούσαντες
1023 4126 1185 4180 αύτοῦ
1214 4131 1327 4188 τοῖς
1361 4130 1536 4196 ἁγίοις
1561 4131 1649 4185 λό-

154 4222 240 4271 M.
265 4212 465 4282 ἔσχατον
490 4216 789 4288 ὑπέμειναν
819 4218 1058 4289 ὄλεθρον,
1088 4220 1356 4275 ἀκόλουθα
1386 4226 1451 4294 τῇ
1477 4228 1647 4297 προρ-

156 4300 254 4366 ίήτει
280 4307 610 4372 πεπονθότες.
648 4308 783 4363 Οὔτε
815 4310 923 4382 γάρ
961 4311 1052 4364 τὸν
1082 4311 1319 4383 Χριστοῦ
1350 4316 1513 4385 νόμον
1551 4319 1647 4388 τῆς

154 4387 295 4461 Καινῆς
312 4395 574 4469 meam];
591 4400 962 4468 κατεδέξαντο,
985 4402 1109 4456 οὔτε
1134 4404 1201 4457 τὰ
1220 4406 1493 4469 Μωῦσέως
1511 4424 1649 4478 παρο

1789 1919 2234 1992 principatusque
2285 1933 2479 1980 auctor
2524 1927 2756 1984 duorum
2792 1933 3221 2002 propositorum,
3254 1934 3355 1990 Ju-

1782 2007 1978 2066 daismi
2013 2014 2264 2071 videlicet
2292 2016 2807 2093 Christianismique
2833 2023 3014 2080 fuerit.
3039 2025 3193 2093 Quod
3227 2030 3357 2099 qui-

1782 2101 1903 2157 dem
1928 2105 2105 2174 ipsum
2139 2107 2402 2164 admirari
2445 2126 2624 2181 operae
2664 2115 2896 2183 pretium
2922 2127 3026 2186 est,
3059 2130 3118 2174 ut
3144 2120 3349 2177 divini-

1780 2203 1870 2251 tus
1902 2199 2222 2267 praedictum
2281 2203 2373 2258 sit.
2414 2222 2435 2255 (
2473 2204 2636 2271 Ecce,
2661 2207 2861 2277 inquit,
2899 2225 3047 2278 pono
3098 2212 3157 2266 in
3214 2213 3348 2270 Sion

1779 2287 2014 2358 lapidem
2069 2291 2326 2359 electum,
2361 2297 2701 2367 angularem,
2759 2300 3083 2368 pretiosum,
3145 2313 3199 2358 et
3255 2309 3348 2375 qui

1776 2380 1952 2435 credit
1979 2382 2037 2437 in
2086 2398 2213 2440 eum
2246 2402 2357 2443 non
2408 2389 2775 2446 confundetur
2803 2393 2846 2447 ’.
2879 2412 2899 2445 ο
2935 2394 3004 2447 At
3031 2396 3177 2450 enim
3207 2400 3333 2467 quis

1777 2473 1995 2528 tandem
2026 2474 2191 2531 fuerit
2224 2481 2522 2550 angularis,
2570 2482 2678 2538 nisi
2718 2484 2810 2540 hic
2858 2488 3013 2543 vivus
3060 2498 3113 2542 et
3147 2495 3349 2558 pretio-

1776 2561 2049 2629 sissimus,
2081 2568 2176 2637 qui
2218 2582 2282 2623 ex
2339 2571 2552 2626 duabus
2583 2577 2880 2633 structuris
2922 2593 3082 2632 unam
3149 2581 3345 2636 factam

1775 2668 1874 2709 sua
1906 2654 2154 2711 doctrina
2211 2662 2634 2718 sustinethlum
2681 2667 2827 2721 enim
2875 2668 3190 2735 Mosaicam,
3224 2690 3345 2742 qua:

1774 2758 1952 2814 usque
1979 2748 2046 2801 ad
2081 2747 2259 2818 ipsum
2297 2760 2547 2821 protenta
2574 2766 2677 2819 est,
2703 2765 2849 2814 stare
2874 2758 3048 2828 jubet,
3071 2778 3136 2816 ex
3163 2764 3333 2818 altera

1772 2847 1927 2904 parte
1961 2848 2207 2895 nostram
2251 2859 2347 2912 per
2382 2843 2733 2914 Evangelium
2785 2850 3052 2919 adjunxit.
3111 2852 3190 2907 Ex
3232 2870 3342 2925 quo

1771 2928 2049 2999 angularis
2070 2924 2267 2989 merito
2293 2933 2478 2992 dictus
2507 2945 2627 3005 est;
2659 2940 2754 2995 sed
2796 2942 2851 2995 in
2874 2941 3107 3001 Psalmis
3127 2959 3343 3017 quoque

1768 3019 2019 3092 legitur:
2068 3043 2088 3076 ι
2138 3024 2397 3097 Lapidem
2453 3047 2612 3102 quem
2676 3036 3105 3106 reprobaverunt
3168 3041 3339 3097 ardill-

1769 3124 1978 3180 cautes,
2011 3116 2100 3172 hic
2140 3118 2317 3176 factus
2342 3128 2426 3176 est
2460 3124 2514 3177 in
2544 3135 2708 3195 caput
2757 3129 2940 3200 anguli
2976 3148 2991 3184 :
3032 3146 3061 3184 a
3103 3131 3337 3190 Domino

1764 3204 1969 3262 factum
2018 3218 2103 3265 est
2154 3211 2320 3276 istud,
2372 3220 2426 3268 et
2468 3223 2553 3272 est
2604 3219 2852 3276 mirabile
2908 3223 2963 3276 in
3009 3226 3183 3280 oculis
3233 3242 3339 3282 no-

1760 3300 1894 3355 stris
1931 3301 1998 3357 ¹⁰.
2031 3322 2052 3355 ι
2076 3303 2188 3374 28
2211 3303 2367 3371 Quod
2413 3308 2631 3377 quidem
2680 3313 2961 3368 oraculum
2985 3316 3145 3386 plane
3171 3318 3335 3372 etiam

1760 3390 2047 3457 indicavit,
2077 3411 2216 3464 quas
2246 3411 2276 3450 a
2321 3395 2524 3454 Iudaeis
2554 3399 2801 3470 insidias,
2831 3404 2899 3460 de
2939 3421 3047 3475 quo
3071 3409 3336 3463 vaticina-

1758 3491 1871 3547 tur,
1906 3498 2103 3553 passus
2128 3494 2213 3542 est
2250 3507 2264 3542 :
2303 3491 2524 3558 quando
2564 3492 2717 3547 illum
2751 3510 2781 3548 a
2819 3494 3027 3552 Scribis
3061 3508 3115 3553 et
3138 3498 3334 3555 Phari-

1758 3577 1903 3640 saeis,
1937 3585 1991 3632 et
2019 3582 2362 3633 sacerdotum
2391 3582 2754 3653 principibus,
2778 3595 2829 3641 et
2847 3589 3101 3645 omnibus
3117 3588 3334 3647 Judzeo-

1758 3685 1879 3725 rum
1913 3671 2342 3739 magistratibus,
2369 3673 2464 3741 qui
2489 3681 2726 3730 veterem
2753 3680 3012 3747 parietem
3045 3692 3333 3739 construe-

1758 3764 1908 3828 bant,
1944 3764 2286 3833 rcpudiatum
2313 3764 2504 3833 fuisse,
2532 3767 2816 3823 divinavit.
2840 3769 2946 3825 Sed
2964 3779 3150 3829 tamen
3177 3785 3330 3845 post-

1755 3867 1916 3920 quam
1949 3852 2147 3907 abillis
2173 3862 2515 3925 contemptus
2555 3857 2627 3910 sit
2660 3864 2714 3911 et
2750 3858 2996 3928 abjectus
3017 3900 3035 3925 ,
3076 3862 3322 3921 futurum

1756 3942 1909 3995 illum
1933 3943 1984 3996 in
2016 3952 2179 4012 caput
2210 3945 2414 4014 anguli,
2444 3954 2499 4002 et
2526 3947 2719 4003 ducem
2745 3951 3158 4024 principemque
3189 3955 3326 4012 Novi

1753 4030 2087 4088 Testamenti
2120 4037 2562 4091 consumendum
2593 4054 2700 4093 non
2742 4043 2931 4107 tacuit,
2957 4058 3323 4105 consentanea

1753 4121 1822 4178 iis
1852 4124 2156 4193 proferens,
2187 4142 2309 4195 quae
2336 4144 2365 4182 a
2418 4130 2577 4184 nobis
2639 4136 2893 4202 superius
2951 4136 3325 4195 demonstrata

1752 4225 1900 4271 sunt.
1941 4215 2052 4272 Nos
2092 4218 2257 4289 igitur
2288 4222 2535 4289 quamvis
2566 4238 2598 4277 a
2639 4222 2830 4280 Grazco
2878 4229 2985 4283 ritu
3023 4233 3320 4287 recesseri-

1750 4321 1891 4365 mus.
1926 4323 2035 4363 non
2084 4310 2376 4365 recidimus
2412 4312 2467 4365 in
2505 4311 2816 4379 Iudaicum,
2846 4333 3024 4387 neque
3056 4321 3322 4391 delinqui-

1750 4412 1893 4464 mus,
1926 4398 2052 4453 licet
2096 4400 2263 4457 Mosis
2319 4403 2489 4474 legem
2521 4415 2577 4461 et
2627 4404 2980 4463 Hebraeorum
3025 4412 3319 4482 prophetas

151 4480 388 4551 επέλματα
431 4486 556 4558 δίχα
600 4490 941 4561 παρανομίας
985 4490 1085 4545 οἷοί
1130 4495 1177 4545 τ’
1210 4492 1275 4546 ἂν
1307 4490 1415 4547 εἷεν
1445 4495 1645 4564 φυλάσ-

1766 4492 2141 4562 receperimus,
2189 4509 2301 4548 non
2343 4493 2570 4552 Judaice
2592 4504 2797 4564 autem,
2843 4499 2938 4555 sed
2990 4502 3057 4557 ad
3111 4518 3316 4558 morem

155 4574 339 4628 τεινδὼ
372 4579 463 4631 καὶ
491 4582 559 4651 τῇ
597 4581 838 4644 Μωσέως
874 4582 1267 4655 ὑποϐέϐληνται
1300 4587 1535 4659 κατάρᾳ,
1567 4589 1645 4659 τῷ

153 4663 239 4733 μηδὲ
264 4667 463 4723 δυνατὸν
504 4672 686 4736 αὐτοῖς
714 4669 852 4726 εἶναι
884 4673 950 4727 τά
992 4674 1143 4747 παρὰ
1184 4678 1407 4732 Μωῦσεῖ
1429 4696 1646 4751 νενομο-

150 4752 343 4827 θετημένα
366 4764 654 4827 συντελεῖν,
680 4771 1087 4838 περιῃρημένης
1111 4768 1293 4822 αὐτῶν
1312 4769 1413 4841 τῆς
1441 4788 1642 4844 μητρο-

149 4848 305 4914 item.
331 4854 418 4907 καὶ
442 4856 941 4931 ἀποκεκλεισμένης
968 4861 1065 4931 τῆς
1107 4862 1266 4932 μόνον
1298 4863 1483 4916 αὐτόθι
1511 4882 1640 4933 συγ-

149 4946 453 5027 ξῖχωρημένης
506 4949 864 5003 ἐπιτελεῖσθαι
922 4954 1256 5026 Μωῦσαῖκῆς
1319 4956 1628 5027 θρησκείας.

156 5024 283 5097 Ἡμεῖς
302 5035 371 5098 δὲ,
425 5036 515 5091 τὸν
546 5038 651 5091 ὑπὸ
692 5040 934 5103 Μωσέως
978 5042 1070 5095 καὶ⁸
1102 5024 1221 5096 τῶν.
1263 5024 1462 5097 λοιπῶν
1497 5064 1631 5117 προ-

152 5121 273 5188 φητῶν
293 5129 711 5201 κατηγγελμένον
745 5132 1148 5204 ἀποδεξάμενοι,
1178 5135 1271 5189 καὶ
1308 5137 1482 5208 τούτῳ
1509 5140 1629 5191 πεί-

285 5217 343 5269 δι’
370 5221 526 5292 εὐχῆς
556 5222 879 5293 ποιούμενοι,
910 5225 1192 5297 πληρωταὶ
1226 5226 1291 5281 ἂν
1318 5229 1507 5299 εἴημεν
1533 5230 1631 5300 τῆς

151 5297 346 5368 Ἇυῦσέως
398 5312 797 5381 παραγγελίας,
845 5312 913 5367 δι’
962 5310 1031 5385 ἦς
1092 5314 1321 5386 ἔφησεν·
1387 5297 1419 5367 «ἡ
1455 5297 1629 5371 Αύτοῦ

152 5390 393 5450 Macer
425 5403 567 5455 πᾶσα
612 5402 667 5456 δὲ
693 5403 858 5475 ψυχὴ,
906 5405 1027 5476 ἥτις
1069 5405 1135 5460 ἂν
1168 5407 1242 5479 μὴ
1290 5408 1495 5482 ἀκούσῃ
1535 5409 1628 5462 τοῦ

152 5488 349 5557 προφήτου
384 5492 606 5558 ἐκείνου,
655 5494 1159 5567 ὲξολοθρευθήσεται
1202 5500 1265 5551 ὲκ
1314 5498 1409 5553 τοῦ
1441 5500 1629 5567 γένους

154 5574 274 5644 πῆς.
302 5598 320 5631 ι
347 5581 473 5639 Τίνα
493 5583 549 5638 δὲ
569 5585 844 5651 διετάξατο
865 5590 892 5640 6
916 5590 1215 5660 προφήτης,
1240 5584 1315 5646 ὧν
1338 5591 1627 5645 ἐπακούειν

193 5692 351 5791 Illoa‘lli‘.
375 5716 445 5766 tv,
481 5703 568 5759 23.
643 5703 664 5735 '
695 5703 882 5759 Matth.
913 5721 1009 5773 vn,
1033 5706 1219 5773 28,29.
1260 5756 1277 5791 τ
1325 5710 1346 5742 ⁹
1374 5709 1480 5767 Isa.
1504 5725 1698 5777 xxvtn,
1733 5711 1831 5779 16;
1891 5711 1907 5764 l
1942 5711 2084 5767 Pclr.
2109 5728 2167 5776 ll,
2194 5712 2246 5766 6.

160 5774 260 5828 tun,
287 5770 360 5822 l9.

327 5864 577 5930 Ρηιιοι..
613 5868 735 5971 Gn.
780 5872 982 5933 XXII.

1747 4590 1910 4653 atque
1939 4584 2248 4639 institutum
2294 4597 2611 4644 sanctorum
2662 4592 2757 4662 qui
2805 4601 2933 4648 ante
2961 4593 3162 4649 Moscm
3197 4594 3318 4649 fue-

1744 4683 1896 4728 runt'
1923 4678 2188 4742 virorum,
2230 4680 2499 4736 vivamus.
2541 4682 2599 4736 In
2630 4683 2733 4739 hoc
2758 4686 2904 4739 enim
2939 4696 2992 4740 et
3028 4685 3230 4741 Mosem
3262 4697 3316 4741 et

1743 4769 2034 4838 prophetas
2051 4786 2209 4828 veros
2241 4772 2411 4829 fuisse
2438 4783 2590 4830 vates
2619 4778 2981 4838 OStendimus,
3000 4793 3125 4831 cum
3160 4778 3312 4833 illum

1741 4859 2017 4916 Christum
2040 4865 2371 4934 accepimus,
2408 4876 2462 4922 et
2491 4868 2640 4922 illius
2672 4869 2884 4938 legibus
2914 4870 3310 4939 auscultamus,

1740 4958 1794 5006 et
1822 4966 1919 5021 per
1939 4955 2165 5024 vestigia
2193 4956 2457 5012 doctrina:
2476 4960 2719 5029 ejusdem
2752 4959 3001 5014 incedere
3031 4960 3196 5015 etiam
3223 4977 3314 5015 vo-

1740 5044 1811 5099 tis
1826 5048 2150 5116 expetimus,
2173 5064 2333 5118 quem
2366 5051 2443 5104 illi
2470 5060 2757 5106 venturum
2783 5052 3177 5121 praedixerunt.
3202 5054 3309 5110 Eo-

1738 5130 1861 5187 dem
1892 5135 2076 5205 utique
2114 5139 2394 5208 ιιι-οροείιο
2437 5140 2540 5210 ipsi
2580 5156 2798 5210 quoque
2841 5140 2974 5197 Mosi
3032 5159 3146 5199 rem
3183 5161 3309 5215 gra-

1735 5233 1846 5279 tam
1924 5225 2230 5285 facientes:
2265 5232 2360 5301 qui
2410 5247 2534 5287 cum
2592 5233 2923 5302 praedixerit,
2985 5225 3344 5305 prophetam‘

1730 5332 1761 5370 a
1796 5317 2023 5375 Domino
2051 5319 2160 5376 Deo
2176 5330 2365 5377 nostro
2390 5324 2493 5379 sibi
2531 5324 2761 5379 similem
2791 5327 3189 5392 suscitaudum,
3215 5330 3310 5382 ad-

1727 5410 1909 5481 jungit
1941 5431 1954 5467 :
1989 5431 2007 5463 ‹
2037 5411 2227 5470 Omnis
2258 5414 2393 5469 'vero
2424 5414 2607 5469 anima
2648 5432 2769 5486 quas
2807 5434 2917 5474 non
2959 5419 3142 5474 audiet
3169 5435 3327 5490 pro—.

1730 5503 1945 5571 phetam
1977 5504 2151 5568 illum,
2183 5505 2448 5560 delebitur
2478 5521 2544 5559 ex
2587 5523 2784 5577 genere
2826 5511 3010 5563 suo”.
3053 5530 3070 5559 ι
3107 5510 3298 5564 Conti-

1730 5607 1841 5647 nuo
1869 5594 2011 5647 enim
2052 5593 2244 5659 Judazi,
2278 5603 2568 5664 postquam
2619 5596 2769 5652 illum
2824 5598 3142 5667 prophetam
3188 5613 3299 5652 non

2356 5716 2397 5746 ¹⁰
2420 5712 2564 5769 Psal.
2601 5731 2767 5778 cxvii,
2795 5714 2982 5778 22,23.
3064 5716 3103 5746 “
3138 5695 3292 5771 Deut.

3026 5836 3032 5842 ’
3055 5880 3092 5938 3
