3978 6414
506 276 512 283 '
578 260 647 318 75
1239 260 1506 319 EUSEBII
1545 263 2019 321 CESARIENSIS
2049 260 2203 321 OPP.
2241 254 2425 318 PARS
2460 259 2528 318 ll.
2569 292 2638 305 —-
2674 258 3171 323 APOLOGE'I‘ICA.
3716 282 3770 340 τα

579 385 927 450 acceperunt,
957 392 1058 434 nec
1094 379 1304 435 sanctis
1334 381 1481 437 illius
1511 384 1691 439 verbis
1718 394 2036 456 paruerunt,
2055 400 2133 440 ex-

2251 378 2449 452 χρεὼν,
2484 381 2664 453 μικρῷ
2704 382 2939 454 πρόσθεν
2969 383 3303 456 ἀκηκόαμεν,
3342 386 3409 441 τά
3438 389 3668 463 πάνσοφα
3694 401 3775 454 και

564 481 808 527 tremum
830 471 1172 540 pertulerunt
1195 471 1475 527 interitum
1504 494 1518 529 :
1543 474 1637 544 qui
1669 475 1888 545 quidem
1925 476 2133 530 illorum

2249 472 2437 545 ἐντελῆ
2468 474 2563 528 καὶ
2591 474 2815 546 οὐράνια
2845 475 3292 547 παραγγέλματα·
3311 476 3346 531 ἃ.
3367 478 3429 550 δὴ
3449 482 3542 535 οὐκ
3565 484 3617 537 ὲν
3641 486 3778 555 πλαξὶ

573 578 738 619 casus
767 564 836 619 iis
863 564 1123 627 oraculis,
1148 581 1268 636 qua:
1286 565 1353 622 de
1376 567 1483 622 illis
1513 568 1656 622 edita
1683 577 1830 633 sunt,
1856 577 2133 626 consenta-

2248 567 2475 631 λιθίναις
2494 569 2717 621 Μωῦσεῖ
2732 567 3144 639 παραπλησίως,
3166 569 3287 623 ούδέ
3299 587 3360 639 γε
3378 572 3557 642 μέλανι
3573 577 3780 651 “116.9-

575 669 712 709 neus
762 654 981 709 accidit.
1043 654 1179 710 Nam
1230 672 1331 712 nec
1381 655 1585 713 Christi
1639 660 1809 730 legem
1849 676 1970 730 quae
1992 660 2133 717 Novo

2246 677 2368 725 ταις
2397 659 2595 730 ἠξίωσε
2638 659 2997 732 παραθέσθαι,
3035 661 3235 733 ψυχαῖς
3272 663 3329 716 δὲ
3361 665 3777 738 κεκαθαρμέναις,

575 744 927 800 Testamento
969 748 1302 813 continetur,
1340 761 1725 821 susceperunt,
1750 768 1927 823 neque
1971 753 2133 811 Mosis

2245 750 2341 805 καὶ
2368 751 2557 822 νοεράν
2588 752 2773 806 οὐσίαν
2797 751 3162 823 κεκτημέναις
3190 753 3298 807 τῶν
3327 755 3487 809 αὑτοῦ
3510 761 3774 829 φοιτητῶν-

572 847 840 909 praecepta
852 840 971 895 sine
992 841 1126 913 legis
1140 849 1455 913 contemptu
1475 859 1693 901 servare
1717 858 1968 913 possunt.
1988 847 2133 914 Quo-

2246 845 2305 896 ὲν
2329 838 2417 907 αἷς
2450 842 2734 914 ἐγγράψας
2762 843 2889 907 τοὺς
2936 843 3037 914 τῆς
3066 846 3273 916 Καινῆς
3302 846 3568 918 Διαθήκης
3592 850 3779 920 νόμους,

572 929 720 984 circa
749 930 805 983 in
855 929 1029 998 ipsius
1065 929 1230 986 Musis
1275 932 1701 987 exsecrationem
1731 933 1929 1004 relapsi
1967 941 2095 989 sunt
2124 952 2133 989 :

2249 933 2429 1005 ἔργοις
2462 934 2781 1008 ἀπεπλήρου
2807 936 2907 1007 τὴν
2932 936 3177 1006 φήσασαν
3198 937 3287 991 διὰ.
3325 938 3576 1010 Ἰερεμίου
3601 960 3783 1017 προφη.

571 1020 792 1091 quando
827 1021 940 1076 ﬁeri
979 1021 1127 1077 nullo
1176 1022 1339 1076 modo
1379 1029 1557 1091 potest
1578 1031 1639 1079 ut
1665 1040 1786 1094 qua:
1845 1026 1900 1079 in
1932 1024 2133 1095 legibus

2247 1025 2430 1079 τείαν·
2465 1045 2485 1080 t
2521 1026 2858 1099 Διαθήσομαι
2886 1029 3157 1100 Διαθήκην
3198 1030 3424 1103 Καινὴν,
3454 1031 3512 1084 οὐ
3544 1032 3670 1085 κατὰ
3703 1033 3786 1107 τὴν

570 1114 719 1170 illius
751 1120 885 1169 sunt
941 1115 1139 1185 posita,
1181 1113 1484 1185 perﬁciant,
1522 1116 1724 1187 quippe
1748 1131 1871 1171 cum
1901 1126 1956 1173 et
1996 1117 2133 1187 ipso-

2249 1116 2528 1188 Διαθήκην
2576 1119 2642 1190 ἢν
2695 1118 2951 1190 διεθέμην
3005 1123 3115 1184 τοῖς
3156 1121 3422 1191 πατράσιν
3480 1122 3677 1176 αὐτῶν·
3718 1126 3786 1183 ὅτι

570 1223 693 1262 rum
725 1208 1042 1279 metropolis
1072 1208 1288 1263 sublata
1320 1209 1420 1270 sit.
1451 1215 1505 1264 et
1542 1207 1781 1264 Mosaica
1827 1209 2017 1280 religio
2045 1226 2133 1265 ex-

2246 1208 2383 1281 αῦτη
2416 1212 2450 1280 ἡ
2487 1210 2732 1290 ᾼιαθήκη
2759 1214 2825 1281 ἣν
2851 1211 3275 1284 διαθήσομαιτῷ
3315 1212 3448 1283 οἴκῳ
3480 1214 3697 1286 Ἰσραὴλ,
3723 1217 3789 1271 δι-

570 1301 746 1364 clusa,
776 1316 897 1372 qua:
945 1299 1057 1354 illic
1097 1300 1274 1355 solum
1308 1299 1495 1369 perlici
1547 1299 1967 1355 concedebatur.
2028 1300 2133 1356 Nos

2243 1300 2365 1364 δοὺς
2385 1300 2582 1372 νόμους
2596 1319 2694 1373 μου
2711 1304 2789 1367 εἰς
2802 1304 3035 1358 διάνοιαν
3049 1303 3245 1367 αὐτῶν,
3270 1303 3365 1358 καὶ
3381 1304 3471 1356 ἐπὶ
3487 1303 3579 1375 τὴν
3589 1306 3785 1377 καρδίαν

571 1403 751 1445 autem
789 1389 883 1459 qui
934 1389 1086 1443 illum
1119 1391 1485 1459 suscepimus,
1518 1405 1678 1459 quem
1714 1388 1892 1445 Moses
1928 1396 1981 1445 et
2014 1390 2133 1445 reli-

2244 1393 2423 1447 αὐτῶν
2459 1395 2655 1467 γράψω
2700 1396 2916 1463 αὐτοὺς,
2967 1398 3061 1451 καὶ
3089 1396 3281 1469 ἔσομαι
3316 1397 3494 1453 αὐτῶν
3536 1398 3680 1464 Θεὸς,
3707 1398 3789 1454 καὶ

572 1483 664 1552 qui
703 1482 979 1553 propheta:
1026 1480 1438 1543 nuntiaverunt,
1475 1488 1529 1535 et
1557 1481 1605 1535 ei
1636 1495 1827 1550 parere
1849 1481 2011 1536 etiam
2046 1496 2133 1536 vo-

2243 1485 2401 1539 αὒτοὶ
2428 1486 2641 1541 ἔσονταί
2670 1506 2769 1560 μου
2804 1488 2947 1555 λαός.
2981 1508 3002 1543 ι

570 1578 644 1630 tis
688 1576 1035 1646 expetimus:
1074 1574 1312 1628 edictum
1361 1574 1526 1628 Musis
1574 1574 1937 1645 complevisse
1963 1576 2295 1646 invenimur,
2332 1594 2441 1649 quo
2479 1580 2681 1645 edixit,
2723 1582 2873 1636 illum
2905 1581 3232 1638 audiendum
3293 1596 3440 1644 esse,
3486 1593 3788 1650 omnemque

570 1671 805 1725 animam
826 1685 946 1739 quae
1007 1669 1158 1723 illum
1201 1683 1309 1722 non
1346 1668 1581 1733 audiret,
1616 1668 1900 1724 delendam
1951 1686 2073 1727 esse
2107 1673 2175 1728 de
2212 1691 2410 1746 genere
2448 1692 2569 1732 suo.
2608 1675 2741 1743 Quae
2788 1685 2970 1732 autem
2999 1678 3131 1743 sint,
3158 1691 3279 1746 quae
3310 1674 3571 1745 propheta
3608 1672 3691 1728 ille
3716 1673 3789 1728 in-

570 1761 829 1824 stituerit,
864 1761 1065 1831 quibus
1121 1758 1342 1814 obedire
1390 1774 1617 1815 necesse
1671 1761 1761 1824 sit,
1795 1760 1957 1831 paulo
2015 1774 2140 1820 ante
2177 1767 2508 1835 audivimus,
2574 1769 2724 1824 omni
2757 1768 3007 1823 videlicet
3064 1767 3329 1837 sapientia
3361 1764 3578 1828 referta,
3608 1770 3789 1833 etper-

571 1858 731 1921 fecta,
767 1866 822 1912 et
846 1858 1091 1911 caelestia
1139 1855 1485 1909 documenta.
1533 1853 1666 1921 Quae
1694 1857 1912 1926 quidem
1953 1874 2130 1930 neque
2168 1862 2371 1920 tabulis
2419 1863 2668 1935 lapideis,
2694 1870 2754 1918 ut
2774 1861 2972 1926 Moses,
3022 1876 3198 1931 neque
3215 1856 3788 1915 atramentoetcbartis

572 1950 938 2007 commendari
972 1950 1161 2015 voluit,
1192 1951 1300 2022 29
1321 1950 1414 2006 sed
1436 1952 1681 2021 purgatis
1710 1951 1912 2010 animis
1942 1970 2187 2021 suorum,
2206 1966 2260 2014 et
2285 1960 2671 2031 intelligentem
2702 1970 2954 2014 naturam
2987 1955 3357 2013 obtinentibus
3385 1972 3401 2010 :
3432 1954 3487 2007 in
3515 1951 3700 2022 quibus
3720 1950 3788 2004 le-

570 2064 665 2118 ges
717 2046 851 2103 Novi
896 2046 1228 2103 Testamenti
1257 2047 1597 2113 describens,
1614 2070 1640 2098 ι.
1660 2047 1845 2119 reipsa
1888 2052 2184 2121 complevit
2219 2052 2468 2111 Jeremiaa
2513 2054 2853 2126 prophetiam
2927 2068 3049 2124 qua:
3090 2052 3209 2106 ait:
3246 2068 3267 2102 ι
3304 2049 3588 2105 lnstituam
3616 2045 3789 2100 Teste-

571 2150 817 2199 mentum
846 2140 1081 2206 Novum,
1116 2154 1224 2194 non
1251 2139 1425 2194 instar
1452 2138 1786 2195 Testamenti
1850 2142 1994 2211 quod
2035 2144 2192 2213 posui
2231 2146 2477 2216 patribus
2506 2162 2695 2202 eorum
2730 2165 2744 2202 :
2775 2147 3029 2216 quoniam
3059 2144 3163 2199 hoc
3195 2142 3629 2204 Testamentum,
3659 2135 3790 2209 quod

567 2253 765 2311 ponam
796 2235 979 2291 domui
1004 2235 1188 2301 Israel,
1210 2235 1348 2291 dans
1373 2236 1521 2306 leges
1548 2251 1699 2292 meas
1731 2236 1787 2292 iu
1813 2240 2127 2295 interiorem
2165 2255 2388 2298 sensum
2417 2257 2630 2309 eorum,
2658 2251 2711 2299 et
2752 2242 2809 2297 in
2874 2240 3039 2298 corde
3099 2254 3290 2295 eorum
3335 2237 3573 2294 scribam
3604 2249 3712 2297 eas,
3743 2236 3793 2289 et

566 2349 663 2389 ero
694 2331 912 2386 illorum
940 2328 1105 2394 Deus,
1129 2338 1183 2386 et
1209 2330 1312 2401 ipsi
1345 2338 1507 2385 erunt
1555 2331 1688 2386 mibi
1738 2334 1974 2405 populus
1996 2336 2064 2391 ¹¹.
2112 2354 2132 2387 ι

1155 2445 1384 2503 CAPUT
1416 2446 1552 2502 VIII.

2766 2444 3161 2501 ΚΕΦΔΛΑῙΟΝ
3199 2443 3283 2495 Ην.

572 2542 726 2610 Quod
752 2562 867 2615 qua
896 2542 1359 2615 Christianismum
1399 2542 1641 2615 amplexa
1670 2551 1749 2599 est
1775 2542 1903 2609 vita,
1929 2543 1985 2598 in
2004 2545 2133 2601 duas

2253 2542 2346 2608 Ὠς
2384 2542 2470 2606 εἷς
2508 2538 2617 2592 δύο
2661 2538 2917 2615 τρόπρυς
2947 2537 2979 2588 ό
3012 2531 3160 2615 καεά
3198 2532 3306 2585 τὸν
3347 2530 3796 2599 Χριστιανισμὸν

1085 2614 1277 2681 species
1304 2613 1473 2666 divisa
1499 2622 1596 2669 est.

639 2707 905 2763 Caeterum
940 2706 1030 2761 ille
1056 2705 1277 2776 quidem
1313 2705 1368 2760 in
1415 2705 1620 2761 tabulis
1656 2707 1994 2773 inanimatis,
2047 2708 2137 2763 hic

568 2808 749 2854 autem
795 2800 849 2853 in
904 2797 1178 2853 mentibus
1223 2798 1335 2852 vita
1384 2796 1664 2866 praeditis,
1700 2797 1940 2869 perfecta
1998 2798 2137 2854 Novi

569 2890 905 2947 Testamenti
934 2888 1261 2942 documenta
1294 2886 1587 2958 descripsit
1640 2906 1653 2941 :
1707 2887 1828 2957 ejus
1870 2904 2001 2944 vero
2050 2889 2135 2945 di-

572 2981 766 3053 scipuli
821 2979 886 3033 ad
917 2976 1158 3047 Magistri
1208 2978 1293 3032 sui
1357 2985 1590 3043 nutum,
1655 2979 1879 3034 auribus
1936 2981 2137 3036 multo-

565 3086 689 3128 rum
736 3070 1042 3127 doctrinam
1080 3084 1233 3124 suam
1296 3070 1810 3136 accommodantes,
1859 3088 2137 3142 quaecum-

568 3182 674 3237 que
701 3163 917 3235 quidem
972 3161 1138 3216 veluti
1188 3162 1331 3215 ultra
1401 3162 1646 3216 habitum
1698 3165 2044 3234 progressis,
2102 3180 2135 3220 a

566 3257 812 3332 perfecto
839 3258 1080 3328 ipsorum
1119 3252 1378 3324 Magistro
1409 3259 1677 3325 praecepta
1704 3254 1939 3321 fuerant,
1968 3271 2030 3310 ea
2067 3255 2135 3312 iis

564 3352 659 3423 qui
690 3364 883 3421 capere
909 3353 1178 3419 poterant,
1211 3343 1553 3399 tradiderunt
1581 3362 1595 3401 :
1624 3359 1979 3416 quaecumque
2006 3361 2135 3401 vero

565 3444 635 3500 iis
646 3441 936 3498 convenire
951 3437 1376 3499 arbitrabantur,
1394 3436 1487 3506 qui
1507 3438 1717 3492 animas
1735 3437 1912 3492 adhuc
1930 3437 2136 3491 οπεοιί-

565 3536 666 3590 bus
714 3530 981 3588 obnoxias
1022 3535 1301 3600 gererent,
1343 3525 1754 3596 curationisque
1786 3526 2132 3596 indigentes:

564 3639 630 3680 ea
652 3623 755 3694 ipsi
793 3623 860 3677 ad
892 3620 1318 3675 imbecillitatem
1349 3617 1643 3670 multorum
1675 3632 1735 3672 se
1768 3616 2133 3680 demittentes,

565 3717 763 3788 partim
781 3714 998 3775 litteris,
1014 3712 1208 3782 partim
1228 3712 1347 3766 sine
1368 3710 1580 3774 litteris,
1599 3709 1753 3780 quasi
1765 3710 1887 3779 jure
1901 3710 2135 3779 quodam

568 3825 678 3864 non
709 3808 914 3877 scripto
944 3802 1231 3869 servanda,
1258 3800 1730 3857 commendarunt.
1759 3801 2028 3867 Quocirca
2081 3802 2135 3854 in

568 3899 814 3955 Ecclesia
841 3897 933 3951 Dei
961 3896 1071 3951 duo
1102 3894 1266 3950 etiam
1291 3892 1506 3949 vivendi
1538 3891 1683 3946 modi
1709 3892 1941 3946 instituti
1967 3900 2094 3947 sunt
2118 3909 2131 3947 :

567 3992 704 4044 alter
730 3986 950 4059 quidem
982 3996 1232 4040 naturam
1265 3991 1532 4047 nostram,
1571 3990 1627 4037 et
1654 3997 1999 4038 communem
2036 3983 2133 4037 ho-

564 4083 770 4137 minum
793 4080 918 4136 vita:
950 4078 1217 4134 rationem
1241 4076 1532 4140 excedens,
1569 4091 1682 4131 non
1742 4075 1984 4147 nuptias,
2021 4092 2132 4131 non

563 4175 831 4238 sobolem,
872 4187 985 4227 non
1053 4170 1444 4235 substantiam,
1474 4185 1587 4247 non
1621 4184 1785 4240 opum
1820 4169 2133 4223 facultatem

561 4268 872 4339 requirens,
914 4272 1062 4320 totus
1098 4272 1278 4318 autem
1302 4278 1530 4333 prorsus
1562 4277 1593 4316 a
1632 4262 1907 4318 communi
1927 4271 1980 4317 et
2001 4277 2134 4316 con-

564 4370 721 4419 sueta
751 4368 1072 4413 cunctorum
1107 4357 1389 4411 hominum
1440 4356 1555 4409 vita
1585 4355 1907 4420 abhorrens,
1944 4361 1999 4410 et
2028 4353 2131 4407 soli

564 4454 751 4507 divino
780 4448 973 4512 cultui,
1003 4465 1069 4503 ex
1097 4453 1363 4504 immenso
1398 4462 1576 4502 rerum
1609 4446 1912 4501 caelestium
1951 4458 2135 4499 amore

565 4546 819 4600 addictus
857 4563 871 4599 :
906 4543 1000 4613 qui
1029 4542 1175 4596 hunc
1204 4539 1424 4595 modum
1449 4538 1683 4608 amplexi
1711 4546 1858 4600 sunt,
1891 4537 2046 4607 quasi
2066 4537 2134 4591 ab

563 4646 666 4695 hac
695 4638 912 4695 mortali
936 4637 1049 4691 vita
1088 4634 1343 4703 sejuncti,
1374 4633 1664 4701 ipsumque
1707 4632 1972 4685 duntaxat
2021 4646 2137 4684 cor-

566 4752 668 4805 pus
696 4735 751 4789 in
779 4740 925 4788 terra
958 4735 1230 4801 gerentes,
1267 4725 1596 4796 cogitatione
1622 4739 1750 4779 vero
1767 4730 1929 4793 atque
1950 4723 2133 4777 animo

564 4832 618 4884 in
640 4830 759 4900 ipso
784 4828 923 4883 cado
951 4827 1209 4906 degentes
1228 4863 1243 4888 ,
1296 4822 1453 4894 quasi
1491 4821 1712 4891 quidam
1742 4820 1973 4882 caelites,
2006 4819 2134 4875 reli-

564 4937 793 4990 quorum
842 4919 1126 4974 hominum
1169 4916 1335 4971 vitam
1399 4914 1748 4984 despiciunt:
1789 4912 1990 4982 quippe
2039 4911 2133 4982 qui

562 5025 662 5080 pro
691 5009 948 5064 universo
977 5022 1195 5078 genere,
1222 5017 1475 5075 supremo
1500 5002 1743 5057 omnium
1769 5001 1880 5056 Deo
1933 5002 2132 5057 sacrati

563 5102 698 5166 sint,
732 5101 894 5169 idque
921 5115 1028 5154 non
1065 5100 1228 5154 bomn
1275 5095 1700 5151 mactatiouibus
1726 5134 1741 5160 ,
1788 5109 1899 5148 non
1924 5093 2134 5148 cruori-

504 5251 509 5255 ,
564 5194 687 5255 bus,
720 5206 829 5246 non
876 5190 1253 5253 libationibus,
1288 5196 1384 5245 aut
1433 5186 1625 5243 nidore
1658 5186 1790 5250 ullo,
1833 5200 2012 5255 neque
2047 5184 2131 5238 fu-

562 5299 675 5347 mo,
707 5291 802 5337 aut
837 5282 978 5351 ignis
1006 5272 1378 5344 devoratione.
1423 5277 1908 5349 consumptioneve
1935 5290 2130 5347 corpo-

564 5390 710 5439 rum,
733 5373 827 5431 sed
863 5374 1030 5428 rectis
1064 5390 1203 5430 verae
1246 5373 1461 5441 pietatis
1485 5371 1795 5436 sententiis,
1828 5376 1884 5425 et
1915 5367 2130 5439 purgati

562 5466 731 5521 animi
758 5465 1065 5525 affectione.
1089 5464 1155 5519 ad
1186 5466 1300 5519 haec
1342 5466 1599 5536 operibus
1651 5477 1870 5535 quoque
1906 5477 1972 5517 ac
2008 5476 2131 5518 ver-

560 5559 669 5621 bis.
704 5573 827 5629 quae
858 5576 887 5610 a
911 5559 1114 5614 virtute
1140 5559 1582 5627 proﬁciscantur,
1617 5556 1821 5629 quibus
1850 5554 2015 5612 rebus
2048 5553 2129 5610 di-

634 5715 680 5745 "
705 5711 902 5772 Jerem.
941 5730 1091 5781 xxxi,
1126 5712 1312 5770 31-35.

2796 2607 3067 2674 διῄρηται
3085 2603 3248 2669 βίος.

2320 2702 2458 2755 Ἀλλ’
2494 2704 2523 2756 ὁ
2571 2701 2667 2772 μὲν
2697 2700 2755 2752 ὲν
2795 2696 2987 2762 πλαξὶν
3025 2695 3271 2766 ἀψύχοις,
3312 2693 3346 2746 ὁ
3377 2692 3425 2746 δ’
3459 2695 3518 2747 ἐν
3558 2693 3795 2759 διανοίαις

2239 2796 2440 2862 ζώσαις
2467 2795 2537 2849 τὰ
2580 2792 2760 2847 τέλεια
2799 2792 2897 2857 τῆς
2930 2787 3139 2857 Καινῆς
3180 2785 3461 2856 Διαθήκης
3504 2788 3793 2858 παραγγέλ-

2250 2901 2394 2956 ματα
2429 2882 2728 2955 ἒνέγραψεν
2747 2900 2761 2913 ο
2813 2882 2863 2934 οἱ
2913 2881 2971 2935 δέ
3003 2898 3066 2950 γε
3109 2881 3273 2936 αὐτοῦ
3324 2880 3571 2951 μαθηταὶ
3605 2876 3679 2947 τῷ
3710 2873 3794 2928 τοῦ

2248 2973 2577 3030 διδασκάλου.
2610 2971 2838 3043 νεύματι
2882 2971 3209 3044 κατάλληλον
3268 2976 3396 3036 ταῖς
3447 2969 3558 3024 τῶν
3606 2966 3797 3021 πολλῶν

2250 3066 2441 3129 ἀκοαῖς
2487 3063 2796 3135 ποιούμενοι
2842 3062 2941 3135 τὴν
2993 3064 3371 3128 διδασκαλίαν,
3419 3063 3522 3115 ὅσα
3577 3061 3672 3131 μὲν
3713 3059 3797 3113 ἀτε

2252 3158 2354 3231 τὴν
2395 3156 2508 3224 ἕξιν
2540 3155 2887 3227 διαῦεϐηκόσι
2929 3155 3068 3228 πρὸς
3104 3154 3195 3208 τοῦ
3246 3154 3454 3207 τελείου
3502 3151 3804 3206 διδασκάλου

2239 3252 2606 3326 παρήγγελτο,
2636 3249 2809 3305 ταῦτα
2839 3248 2952 3310 τοῖς
2976 3246 3108 3308 οἵοις
3135 3260 3194 3296 τε
3217 3245 3416 3314 χωρεῖν
3442 3239 3800 3313 παρεδίδοσαν

2239 3346 2339 3398 ὅσα
2372 3343 2430 3397 δὲ
2470 3345 2582 3405 τοῖς
2625 3340 2705 3393 ἐτι
2740 3338 2838 3402 τὰς
2873 3335 3050 3408 ψυχὰς
3078 3333 3370 3405 ὲμπαθέσι,
3396 3334 3493 3388 καὶ
3526 3328 3805 3404 θεραπείας

2237 3436 2509 3507 δεομένοις
2551 3431 2881 3504 ἐφαρμόζειν
2926 3427 3324 3498 ὑπελάμϐανον,
3355 3426 3535 3479 ταῦτα
3586 3438 3804 3491 συγκατ-

2243 3530 2412 3591 ιόντες
2443 3529 2508 3598 τῇ
2543 3525 2649 3579 τῶν
2690 3522 2946 3578 πλειόνων
2984 3520 3257 3590 ἀσθενείᾳ,
3291 3518 3360 3572 τὰ
3391 3518 3493 3589 μὲν
3521 3516 3612 3570 διὰ
3639 3532 3809 3587 γραμ-

2242 3622 2449 3692 μάτων,
2490 3619 2558 3673 τὰ
2588 3617 2644 3670 δὲ
2682 3616 2748 3669 δι’
2787 3612 3049 3684 ἀγράφων
3081 3610 3297 3682 θεσμῶν
3322 3609 3616 3679 φυλάττειν
3645 3623 3808 3678 παρε-

2238 3718 2480 3772 δίδοσαν
2516 3718 2657 3772 ὥστε
2713 3715 2813 3787 ήδη
2865 3713 2960 3767 καὶ
2994 3714 3060 3783 τῇ
3089 3707 3323 3781 Χριστοῦ
3380 3707 3681 3778 Ἐκκλησία
3721 3702 3809 3759 δύο

2243 3809 2371 3879 βίων
2393 3806 2846 3878 νενομοθετῆσθαι
2868 3803 3098 3876 τρόπους
3117 3819 3130 3832 ’
3161 3802 3252 3855 τὸν
3283 3799 3380 3872 μὲν
3405 3798 3688 3872 ὑπερφυῆ,
3720 3794 3811 3849 καὶ

2163 3881 2205 3939 C
2238 3902 2338 3972 τῆς
2377 3901 2566 3971 κοινῆς
2606 3899 2701 3952 καὶ
2733 3896 3080 3967 ἀνθρωπίνης
3125 3893 3400 3956 πολιτείας
3444 3892 3723 3950 ἐπέκεινα,
3754 3887 3811 3940 ού

2234 3995 2465 4065 γάμους,
2499 3992 2560 4045 ού
2588 3988 2947 4054 παιδοποιίας,
2977 3989 3096 4043 οὐδὲ
3112 3988 3321 4057 κτῆσιν,
3347 3985 3477 4038 οὐδὲ
3505 3982 3816 4053 περιουσίας

2236 4085 2469 4158 ὕπαρξιν
2509 4083 2963 4157 παραδεχόμενον,
2996 4081 3116 4134 ὅλον
3156 4079 3213 4133 δὲ
3245 4079 3310 4133 δι’
3349 4078 3478 4132 ὅλου
3512 4079 3613 4148 τῆς
3638 4076 3816 4147 κοινῆς

2234 4181 2328 4234 καὶ
2361 4178 2621 4251 συνήθους
2651 4177 2904 4230 ἁπάντων
2931 4172 3229 4245 ἀνθρώπων
3261 4172 3488 4243 ἀγωγῆς
3535 4169 3817 4241 παρηλλα-

2234 4271 2452 4341 γμένον,
2485 4271 2582 4324 καὶ
2617 4268 2755 4339 μόνῃ
2784 4270 2850 4338 τῇ
2882 4265 2977 4319 τοῦ
3002 4264 3135 4319 Θεοῦ
3162 4264 3429 4336 θεραπείᾳ
3472 4262 3820 4335 προσῳκὲῑω-

2237 4362 2396 4432 μένον
2425 4360 2545 4414 καθ’
2593 4357 2896 4429 ὑπερὸολὴν
2947 4356 3145 4429 ἔρωτος
3168 4355 3417 4427 οὐρανίου
3436 4371 3452 4386 ο
3492 4356 3547 4409 oi.
3575 4354 3643 4426 δὴ
3673 4351 3818 4406 τόνδε

2237 4452 2515 4522 μετιόντες
2536 4451 2624 4505 τὸν
2661 4451 2877 4523 τρόπον,
2899 4448 3007 4502 τῶν
3038 4448 3245 4519 θνητῶν
3286 4446 3397 4517 βίον
3431 4446 3694 4501 τεθνάναι
3735 4444 3820 4498 δο-

2234 4543 2473 4608 κοῦντες,
2510 4544 2604 4596 καὶ
2633 4543 2764 4597 αὐτὸ
2797 4542 2954 4614 μόνον
2973 4543 3035 4595 τὸ
3077 4541 3235 4612 σῶμα
3272 4540 3533 4612 φέροντες
3564 4537 3660 4592 ἐπὶ
3696 4536 3823 4608 γῆς,

2236 4637 2543 4709 φρονήματι
2573 4635 2629 4689 δὲ
2661 4635 2761 4707 τὴν
2790 4635 2966 4706 ψυχὴν
2982 4636 3060 4697 είς
3087 4632 3315 4705 οὐρανὸν
3338 4628 3818 4702 μετενηνεγμένα,

2232 4726 2321 4784 οἷά
2365 4745 2511 4791 τινες
2550 4727 2663 4781 θεοὶ
2685 4766 2700 4792 ,
2734 4727 2826 4781 τὸν
2863 4726 2975 4780 τῶν
3025 4725 3328 4797 ἀνθρώπων
3381 4722 3633 4795 ἐφορῶσι
3684 4720 3819 4793 βίον,

2234 4822 2373 4893 ὑπὲρ
2431 4819 2525 4873 τοῦ
2581 4819 2781 4883 παντὸς
2810 4818 3003 4887 γένους
3026 4815 3310 4888 ἱερωμένοι
3339 4812 3419 4884 τῷ
3453 4815 3554 4867 ἐπὶ
3600 4813 3823 4867 πάντων

2231 4912 2370 4984 Θεῷ,
2403 4912 2464 4965 οὐ
2496 4910 2808 4983 βουθυσίαις
2854 4910 2949 4964 καὶ
2994 4909 3237 4978 αἴμασιν,
3282 4904 3402 4959 οὐδὲ
3437 4904 3704 4967 σπονδαῖς
3727 4901 3824 4957 καὶ

2231 5005 2498 5069 κνίσσαις,
2547 5004 2657 5058 οὐδ’
2688 4999 2753 5057 αὗ
2783 5002 2974 5071 καπνῷ
2998 5000 3092 5055 καὶ
3131 4998 3301 5069 πυρὸς
3352 4995 3698 5066 ἀποὸρώσει,
3729 4993 3824 5047 καὶ

2235 5100 2500 5170 σωμάτων
2554 5096 2798 5168 φθοραῖς,
2827 5094 3057 5165 δόγμασι
3087 5091 3143 5145 δὲ
3177 5089 3356 5162 ὀρθοῖς
3389 5086 3634 5159 ἀληθοῦς
3662 5086 3823 5138 εὗσε-

2232 5190 2407 5257 6είας,
2434 5190 2612 5262 ψυχῆς
2626 5206 2685 5242 τε
2714 5186 2949 5241 διαθέσει
2980 5180 3417 5254 κεκαθαρμένης,
3450 5179 3552 5233 καὶ
3589 5176 3824 5248 προσέτι

2237 5286 2349 5346 τοῖς
2394 5285 2516 5336 κατ’
2557 5280 2756 5352 ἀρετὴν
2797 5279 2977 5351 ἔργοις
3004 5295 3063 5330 τε
3097 5277 3191 5330 καὶ
3219 5274 3398 5344 λόγοις
3417 5288 3433 5305 ·
3463 5267 3551 5335 οἷς
3576 5270 3644 5324 τὸ
3664 5269 3820 5323 Θεῖον

2239 5370 2619 5442 ἐξιλεούμενοι,
2648 5369 2748 5441 τὴν
2788 5369 2927 5439 ὑπὲρ
2978 5367 3125 5437 σφῶν
3161 5364 3338 5419 αὐτῶν
3361 5362 3456 5417 καὶ
3481 5362 3599 5416 τῶν
3634 5359 3823 5430 σφίσιν

2236 5461 2509 5532 ὁμογενῶν
2560 5456 2913 5515 ἀποτελοῦσιν
2967 5457 3294 5528 ἱερουργίαν.
3333 5452 3551 5508 Τοιόσδε
3594 5452 3700 5522 μὲν
3729 5445 3825 5502 οὖν

2237 5552 2572 5625 καθέστηκεν
2618 5552 2647 5605 ὁ
2691 5549 2909 5620 ἐντελὴς
2952 5548 3052 5619 τῆς
3092 5547 3233 5602 κατά
3261 5547 3350 5601 τὸν
3382 5539 3828 5618 Χριστιανισμὺν
