4056 6418
334 321 410 377 ?!
1262 316 1927 374 ‘DEMONSTRATIONIS
1964 317 2428 377 EVANGELICAE
2464 319 2595 377 LIB.
2636 320 2678 376 Ι.
3346 338 3352 344 ·
3552 327 3617 379 78

348 442 617 506 πολιτείας
645 441 881 512 τρόπος.
913 442 972 496 '0
990 441 1033 496 δ’
1051 439 1407 511 ὐποϐεϐηκὼς
1432 438 1935 509 ἀνθρωπινώτερος,

2042 439 2324 495 vinitatem
2358 440 2534 509 ipsam
2565 439 2845 510 placantes
2884 458 3045 498 suum
3075 450 3131 498 et
3174 443 3527 514 pro'seipsis,
3562 455 3617 499 et

346 531 457 599 οἷος
472 536 569 588 καὶ
589 535 795 604 γάμοις
813 533 1162 603 συγκατιέναι
1177 529 1418 603 σώφροσι
1444 530 1535 584 καὶ
1552 529 1936 596 παιδοποιίαις,

349 626 659 697 οἰκονομίας
682 644 745 679 τε
792 626 1190 697 ἐπιμελεῖσθαι,
1223 627 1337 689 τοῖς
1376 641 1434 678 τε
1472 623 1616 678 κατά
1644 624 1705 678 τὸ
1734 624 1937 679 δίκαιον

324 698 810 791 ’στρατευομένοις
838 719 908 772 τὰ
940 717 1189 789 πρακτέα
1236 715 1605 779 ὑποτίθεσθαι,
1633 715 1818 788 ἀγρῶν
1855 736 1935 781 τε,

318 798 321 799 ν
352 811 449 864 atat
477 810 772 881 ἐμπορίας,
800 811 897 864 καὶ
925 811 1022 880 τῆς
1058 808 1224 880 ἄλλης
1253 807 1681 880 πολιτικωτέρας
1715 809 1938 879 ἀγωγῆς

357 900 497 972 μετά
548 900 643 953 τοῦ
688 898 980 963 θεοσεϐοῦς
1032 899 1354 969 φροντίζειν,
1403 892 1485 962 οἷς
1510 899 1604 952 καὶ
1655 900 1938 970 ἀσκήσεως

353 992 559 1063 καιροὶ,
585 990 887 1062 μαθητείας
910 1007 970 1043 τε
992 991 1083 1043 καὶ
1113 989 1219 1042 τῶν
1240 989 1397 1042 θείων
1429 988 1601 1057 λόγων
1625 990 1939 1063 ἀκροάσεως

352 1085 562 1156 ἡμέραι
608 1082 1019 1157 ἀφωρίσθησαν.
1068 1083 1176 1135 Καί
1207 1100 1291 1147 τις
1330 1082 1540 1147 τούτοις
1574 1081 1822 1152 δεύτερος
1851 1085 1941 1136 εὐ-

352 1176 576 1239 σεϐείας
620 1174 942 1248 ἀπενεμήθη
987 1174 1219 1247 βαθμὸς,
1265 1174 1596 1247 κατάλληλον
1646 1176 1724 1247 τῷ
1760 1176 1939 1246 τοιῳδὶ

352 1268 456 1339 βίῳ
489 1269 753 1340 παρέχων
780 1268 880 1340 τὴν
904 1268 1191 1338 ὠφέλειαν,
1218 1270 1295 1331 ὡς
1330 1268 1532 1339 μηδένα
1564 1270 1812 1340 ἀμοιρεῖν
1841 1268 1939 1338 τῆς

304 1416 312 1425 ,
352 1362 630 1432 αυτηρίου
662 1362 983 1430 ἐπιφανείας
1004 1378 1019 1390 ο
1060 1362 1167 1414 πᾶν
1191 1360 1247 1414 δὲ
1276 1361 1432 1430 γένος
1466 1360 1791 1434 ἀνθρώπων,
1830 1361 1942 1414 Ἐλ-

351 1451 532 1523 λήνων
546 1453 689 1523 ὁμοῦ
705 1453 800 1507 καὶ
821 1452 888 1524 βα
896 1452 1131 1525 ρϐἀρων,
1151 1451 1253 1522 τῆς
1270 1451 1630 1523 εὐαγγελικῆς
1645 1450 1937 1506 ἀπολαύειν

351 1544 726 1608 διδασκαλίας.

2042 546 2142 602 pro
2170 531 2313 597 aliis,
2366 532 2462 602 qui
2495 531 2737 601 ejusdem
2769 534 2879 588 sint
2925 534 3141 604 generis
3174 574 3190 598 ,
3232 534 3617 590 administrant

2044 622 2434 678 sacerdotium.
2477 624 2585 695 30
2613 623 2677 679 Et
2699 624 2824 679 talis
2855 626 3072 694 quidem
3125 628 3347 683 exsistit
3380 628 3433 683 in
3457 627 3617 683 Chri-

2043 715 2332 771 stianismo
2358 714 2636 785 perfectus
2681 716 2805 771 vita:
2833 716 3048 771 modus.
3086 717 3234 772 Alter
3265 734 3396 774 vero
3424 721 3619 773 remis-

2043 808 2157 863 sior
2206 817 2371 879 atque
2404 809 2732 877 humanior;
2767 810 2857 865 hic
2886 819 2939 866 et
2973 811 3219 867 modesto
3252 814 3533 883 coniugio,
3565 821 3620 867 et

2044 901 2251 956 sobolis
2275 902 2662 971 procuratione
2683 902 3017 973 implicatur,
3039 911 3093 958 et
3116 904 3194 958 rei
3223 903 3509 962 familiaris
3525 922 3622 960 cu-

2050 1007 2167 1045 ram
2191 994 2442 1057 assumit,
2477 1002 2530 1048 et
2553 995 2701 1065 juste
2734 994 3129 1058 militantibus.
3159 1010 3279 1065 quae
3305 997 3414 1050 sint
3454 1013 3622 1067 agen-

2044 1083 2135 1150 da,
2166 1083 2427 1140 describit
2457 1104 2469 1138 :
2493 1102 2653 1157 agros
2674 1102 2913 1157 quoque,
2934 1095 2989 1142 et
3013 1096 3402 1151 mercaturam,
3422 1089 3619 1144 alium-

2042 1191 2149 1246 que
2183 1177 2354 1248 magis
2383 1177 2600 1251 civilem
2660 1178 2876 1233 vivendi
2926 1194 3157 1241 morem,
3198 1177 3457 1247 adjuncta
3490 1180 3619 1235 reli-

2042 1268 2203 1340 gione
2232 1284 2339 1323 non
2375 1270 2597 1340 negligit
2627 1288 2641 1325 :
2669 1270 2736 1326 iis
2765 1279 2945 1326 autem
2973 1273 3067 1342 qui
3097 1272 3245 1328 hunc
3270 1273 3490 1327 modum
3509 1275 3621 1328 ele—

2044 1367 2261 1429 gerunt,
2316 1368 2369 1415 et
2410 1363 2864 1417 exercitationum
2917 1374 3200 1433 tempora,
3245 1372 3300 1418 et
3346 1365 3619 1431 discendi,

2042 1452 2376 1521 verbumque
2423 1452 2668 1508 divinum
2714 1456 3007 1520 audiendi,
3041 1457 3177 1511 certi
3204 1456 3323 1513 dies
3357 1457 3617 1528 assignati

2042 1552 2170 1598 sunt
2208 1562 2223 1598 :
2258 1554 2311 1598 et
2347 1545 2432 1601 his
2475 1546 2696 1616 quidem
2740 1549 3019 1604 secundus
3062 1550 3281 1618 pietatis
3317 1550 3618 1605 attributus

351 1647 440 1695 est
465 1641 697 1710 gradus,
728 1640 857 1694 dum
894 1650 1074 1712 aptam
1106 1642 1234 1698 huic
1269 1643 1371 1713 ipsi
1417 1641 1602 1712 generi
1655 1640 1779 1694 vita:
1828 1640 2030 1710 pra'bet
2071 1642 2382 1706 utilitatem,
2414 1650 2505 1696 ιιι·
2539 1645 2722 1699 nullus
2782 1647 2945 1717 plane
2994 1648 3064 1702 ab
3120 1647 3354 1703 adventu
3394 1649 3622 1703 salutari

352 1744 668 1805 separetur,
712 1737 808 1791 sed
863 1753 1025 1793 omne
1071 1754 1245 1810 genus
1310 1738 1591 1794 hominum
1634 1744 1745 1790 tam
1784 1737 2165 1805 barbarorum,
2202 1754 2364 1809 quam
2413 1737 2750 1805 Graecorum,
2806 1743 3131 1815 evangelicae
3171 1743 3437 1799 doctrinae
3508 1743 3626 1798 fru-

355 1836 502 1882 ctum
528 1828 820 1898 percipiat.

888 1948 1288 2002 ΚΕΦΛΛΑῙΟΝ
1330 1946 1408 2000 6'.

359 2038 425 2092 π
467 2036 698 2103 δήποτε
723 2037 824 2162 ἰὴ
884 2041 1097 2109 ὁμοίως
1160 2039 1282 2105 τοῖς
1324 2042 1600 2106 παλαιοῖς
1651 2041 1749 2094 καὶ
1805 2040 1940 2108 παρ’

508 2107 662 2162 »ἡμῖν
690 2126 722 2162 τ
788 2106 897 2162 τῆ(-
924 2110 1328 2162 πολυπαιδίαο
1370 2110 1785 2162 σπουδάζεται.

508 2110 662 2189 ἡμῖν
690 2110 763 2162 τὰ
788 2110 897 2177 τῆς
924 2110 1328 2176 πολυπαιδίας
1370 2110 1785 2171 σπουδάζεται.

422 2199 649 2255 Τούτων
677 2194 780 2255 ὧδε
810 2202 1066 2272 ἐχόντων,
1105 2201 1337 2273 ζητήσαι
1383 2204 1449 2257 ἀν
1509 2221 1593 2268 τις
1622 2205 1869 2271 εἰκότως,
1894 2205 1945 2260 εί

348 2291 416 2363 δὴ
439 2292 584 2346 κατά
610 2294 740 2356 τοὺς
766 2294 933 2347 πάλαι
956 2294 1050 2347 κα)⁸
1075 2294 1212 2364 πρὸς
1236 2295 1533 2361 Μωῡσέως,
1558 2294 1825 2365 θεοφιλεῖς
1850 2297 1945 2350 ἀν-

344 2381 485 2454 δρας
516 2383 619 2453 τὴν
646 2382 741 2436 τοῦ
770 2383 1018 2454 Σωτῆρος
1038 2383 1192 2454 ἡμῶν
1217 2385 1576 2457 εὐαγγελικὴν
1595 2386 1944 2441 διδασκαλίαν

344 2470 632 2525 θεοσεϐεῖν
698 2473 1051 2526 ὑποτίθεσθαί
1082 2492 1292 2545 φαμεν·
1334 2475 1461 2546 μίαν
1483 2493 1542 2529 τε
1574 2476 1730 2548 ἡμῶν
1751 2494 1810 2530 τε
1840 2479 1941 2531 κά-

348 2564 552 2618 κείνων
608 2564 917 2631 εὐσέϐειαν,
969 2566 1064 2619 καὶ
1108 2565 1243 2620 Θεοῦ
1283 2566 1482 2639 γνῶσιν
1524 2568 1622 2640 τὴν
1656 2570 1856 2641 αὐτήν·
1890 2569 1944 2622 τί

345 2655 491 2727 δῆτα
518 2657 571 2709 οί
600 2656 706 2727 μὲν
752 2658 884 2727 περὶ
930 2658 1140 2728 γάμους
1176 2659 1269 2711 καὶ
1307 2659 1647 2724 παιδοποιίας
1682 2660 1944 2731 πλείστην

341 2747 577 2817 εἰσῆγον
610 2747 873 2819 σπουδὴν,
904 2751 1040 2820 ἡμῖν
1066 2750 1124 2803 δὲ
1143 2750 1300 2804 τοῦτο
1326 2751 1719 2824 παραμελεῖται
1748 2753 1808 2805 τὸ
1844 2753 1944 2823 μέ-

344 2856 469 2910 ρος.
501 2840 619 2892 Καὶ
651 2840 813 2897 πάλιν
838 2844 887 2895 οί
920 2842 1017 2913 μὲν
1046 2846 1163 2907 ταῖς
1180 2843 1267 2897 διὰ
1294 2843 1449 2909 ζώων
1472 2845 1683 2909 θυσίαις
1711 2845 1945 2912 ἐξιλεού-

340 2947 509 3001 μενοι
523 2933 619 2986 τὸν
641 2933 773 2987 Θεδν
800 2935 1212 3006 ἀνεγράφησαντ
1237 2939 1368 3007 ἡμῖν
1396 2936 1453 2989 δὲ
1470 2935 1737 2991 καὶτοῦτο
1769 2938 1944 3009 πράτ-

318 3039 489 3091 τειν,
522 3024 602 3090 ὥς
633 3045 686 3080 τι
717 3026 825 3080 τῶν
857 3028 1105 3092 ἀνοσίων,
1130 3030 1523 3100 ἀπηγόρευται.
1544 3028 1651 3081 Δύο
1681 3028 1790 3101 γὰρ
1808 3029 1947 3099 μόνα

336 3118 546 3184 ταῦτα,
581 3119 647 3173 οὐ
682 3120 914 3190 σμικρὸν
947 3120 1137 3191 ἔχοντα
1181 3120 1358 3188 λόγον,
1387 3120 1585 3184 δόξειεν
1614 3120 1679 3174 ἂν
1708 3125 1819 3186 τοῖς
1854 3123 1943 3192 ὐφ’

342 3213 512 3285 ἡμῶν
560 3212 877 3285 εἰρημένοις
931 3214 1292 3275 ἀντιπίπτειν,
1338 3213 1415 3274 ὡς
1475 3212 1549 3284 μὴ
1596 3213 1739 3268 κατά
1773 3215 1948 3269 ταῦτα

1964 1950 2012 2005 Β

2645 1944 2874 2001 CAPUT
2913 1945 3001 2002 IX.

2045 2031 2220 2102 Quam
2274 2033 2338 2089 ob
2359 2052 2584 2090 causam
2608 2053 2717 2113 non
2746 2046 2804 2113 ut
2828 2038 2993 2107 prisci
3046 2038 3158 2113 illi,
3178 2040 3255 2092 ita
3291 2056 3387 2094 nos
3423 2056 3626 2113 quoque

2274 2122 2569 2162 numerosae
2628 2105 2794 2162 soboli
2829 2105 3072 2177 'operam
3124 2109 3336 2164 damus.

2111 2192 2249 2251 Cum
2284 2196 2400 2253 hmo
2431 2197 2506 2253 ita
2532 2212 2591 2253 se
2613 2197 2851 2252 habeant
2872 2238 2888 2264 ,
2942 2200 3141 2255 merito
3197 2202 3396 2272 aliquis
3425 2205 3625 2272 quaesi-

2042 2287 2169 2355 erit,
2198 2289 2244 2344 si
2268 2304 2396 2345 vere
2429 2288 2669 2345 dicimus
2698 2289 2767 2345 ab
2788 2291 3099 2361 evangelica
3118 2289 3420 2349 Salvatoris
3446 2295 3623 2350 nostri

2043 2381 2316 2447 doctrina,
2351 2393 2472 2435 eam
2501 2379 2672 2435 divini
2710 2380 2893 2433 cultus
2927 2380 3194 2435 rationem
3223 2380 3622 2453 doceri,quam

2041 2473 2214 2542 prisci
2243 2472 2342 2534 illi,
2371 2472 2463 2541 qui
2485 2479 2610 2527 ante
2642 2471 2847 2527 Mosem
2875 2471 3127 2542 religiose
3155 2481 3210 2527 et
3264 2481 3453 2528 sancte
3470 2476 3624 2528 vixe-

2043 2570 2194 2627 runt,
2213 2561 2387 2616 secuti
2414 2570 2545 2615 sunt
2575 2581 2590 2615 ;
2639 2576 2915 2631 unamque
2952 2577 3074 2617 esse
3106 2568 3161 2618 et
3191 2570 3458 2626 nostram,
3491 2564 3626 2617 etil-

2043 2655 2222 2710 lorum
2252 2654 2591 2723 religionem,
2633 2654 2972 2723 eandemque
2999 2653 3069 2709 de
3104 2654 3214 2710 Deo
3242 2656 3570 2710 sententiam
3607 2672 3622 2709 :

2043 2762 2293 2820 quaenam
2348 2762 2515 2802 causa
2552 2749 2624 2802 sit
2654 2787 2669 2811 ,
2703 2755 2761 2801 ut
2797 2747 2875 2801 illi
2909 2748 3132 2818 quidem
3190 2749 3246 2802 in
3311 2749 3517 2818 nuptiis
3570 2756 3626 2804 et

2044 2840 2425 2911 procreatione
2457 2840 2752 2894 liberorum
2787 2839 3081 2909 plurimum
3119 2840 3285 2894 studii
3316 2841 3621 2909 posuerint,

2044 2947 2146 2986 nos
2176 2946 2308 2987 vero
2333 2931 2474 2985 hanc
2504 2941 2711 3001 partem
2741 2930 3101 3001 negliganius.
3122 2929 3253 2985 Item
3283 2946 3408 2985 cum
3433 2931 3627 2989 deillis

2045 3023 2308 3091 scriptum
2344 3022 2437 3086 sit,
2486 3022 2631 3091 quod
2681 3021 2998 3075 animalium
3037 3022 3280 3076 caedibus
3317 3023 3483 3077 Deum
3514 3026 3626 3092 pla-

2045 3119 2254 3175 carent,
2283 3127 2382 3166 cur
2415 3111 2489 3165 ita
2522 3126 2625 3165 nos
2682 3111 2828 3165 istud
2882 3110 3062 3167 facere
3086 3154 3101 3178 ,
3143 3114 3303 3182 quasi
3350 3113 3623 3169 nefarium

2046 3205 2326 3274 quidpiam
2405 3212 2460 3259 et
2544 3204 2871 3273 sacrilegum
2911 3244 2925 3268 ,
3015 3204 3424 3274 prohibeamur.
3498 3205 3626 3261 Haec

342 3306 442 3360 τὸν
477 3305 721 3358 παλαιὸν
756 3304 1037 3369 σωζόντων
1083 3305 1181 3375 τῆς
1229 3304 1510 3368 εὐσεϐείας
1556 3306 1780 3377 τρόπον.
1834 3307 1940 3360 Καὶ

2046 3298 2193 3352 enim
2232 3296 2341 3351 duo
2380 3296 2644 3351 duntaxat
2680 3340 2695 3362 ,
2742 3312 2864 3365 quae
2923 3310 3057 3352 sane
3098 3297 3244 3352 haud
3296 3299 3448 3368 pani
3508 3313 3627 3353 mo-

345 3397 490 3468 πρὸς
527 3396 689 3450 ταῦτ’
717 3392 813 3450 οὖν
875 3397 1086 3450 τοιάνδε
1136 3396 1287 3450 λύσιν
1330 3397 1389 3464 ἐξ
1437 3396 1616 3451 αὐτῶν
1678 3398 1942 3471 πάρεστιν

347 3488 724 3556 ἀναλέξασθαι
754 3488 863 3543 τῶν
886 3486 1072 3561 [παρ’]
1105 3488 1373 3560 Ἑϐραίοις
1389 3488 1585 3558 λογίων
1606 3507 1619 3521 ·
1638 3491 1689 3544 οί
1709 3492 1807 3563 μὲν
1837 3493 1943 3563 πρὸ

346 3580 636 3644 Μωῦσέως
668 3581 758 3633 ἐπ’
784 3580 1041 3654 εὐσεϐείᾳ
1071 3581 1573 3654 μεμαρτυρημένοι,
1600 3585 1774 3657 ἀρχὴν
1794 3585 1944 3657 ἔχονο

346 3688 442 3737 τος
473 3674 601 3727 τότε
623 3674 721 3727 καὶ
754 3674 1141 3745 συνισταμένου
1166 3673 1260 3727 τοῦ
1289 3674 1424 3744 βίου,
1454 3675 1706 3743 γενέσθαι
1737 3694 1945 3749 μνημο-

349 3767 637 3821 νεύονταιο
667 3766 741 3821 τὰ
765 3766 824 3820 δὲ
854 3765 976 3819 καθ’
1012 3766 1160 3836 ἡμᾶς
1195 3766 1322 3837 περ)⁸
1368 3766 1519 3830 τέλος
1550 3767 1815 3826 ἐλαύνειν,
1850 3770 1942 3823 Διὸ

350 3863 463 3923 τοῖς
499 3861 605 3930 μὲν
637 3859 1035 3925 σπουδάζεσθαι
1059 3860 1157 3931 τὴν
1182 3860 1290 3913 τῶν
1315 3860 1573 3932 διαδόχων
1603 3864 1842 3918 ἐπίδοσιν
1861 3866 1942 3927 είς

352 3952 838 4025 Ἧλυανθρωπίαν,
857 3952 1109 4018 αὔξοντος
1130 3956 1247 4008 κατ’
1276 3958 1449 4009 ἐκεῖνο
1466 3957 1678 4029 καιροῦ,
1698 3959 1791 4012 καὶ
1806 3958 1943 4029 πλη-

355 4045 631 4109 θύνοντος,
687 4046 769 4109 είς
806 4046 988 4117 ἀκμήν
1026 4062 1086 4099 τε
1128 4049 1406 4118 προϊόντος
1445 4047 1538 4101 τοῦ
1592 4048 1700 4103 τῶν
1732 4048 1942 4122 ἀνθρώ-

358 4155 474 4191 iam
498 4139 700 4207 γένους
718 4153 731 4165 ·
755 4138 889 4207 ἡμῖν
913 4136 970 4190 δὲ
997 4136 1073 4207 μὴ
1101 4137 1304 4209 σφόδρα
1326 4156 1408 4191 τοι
1443 4138 1599 4193 τοῦτο
1633 4139 1837 4210 μέλειν,
1865 4140 1941 4204 ὡς

355 4229 421 4281 ἃν
451 4229 555 4301 ἤδη
581 4228 694 4281 τῶν
724 4229 1064 4300 πραγμάτων
1090 4229 1381 4298 φθινόντων
1414 4231 1509 4284 κα)⁵
1533 4230 1935 4302 ἀποληγόντων,

357 4321 448 4372 ἐπὶ
478 4320 661 4391 πέρας
693 4337 751 4372 τε
777 4319 1000 4390 ἔσχατον
1026 4320 1375 4385 ἐλαυνόντων,
1396 4321 1689 4394 διαρρήδην
1726 4322 1823 4393 τῆς
1844 4323 1939 4378 τοῦ

361 4411 472 4478 βίου
519 4410 856 4474 συντελείας,
902 4413 1008 4483 πρὸ
1046 4413 1144 4483 τῆς
1188 4412 1547 4484 εὐαγγελικῆς
1590 4414 1941 4478 διδασκαλίας

358 4502 449 4555 ἐπὶ
478 4502 679 4574 θύραις
721 4501 965 4555 ἐλαύνειν
996 4501 1312 4573 λεγομένης,
1358 4502 1707 4567 ἀνανεώσεώς
1743 4521 1801 4556 τε
1845 4504 1939 4558 καὶ

359 4594 784 4665 παλιγγενεσίας
822 4592 1017 4658 αἰῶνος
1047 4594 1255 4665 ἐτέρου,
1302 4595 1424 4648 ὅσον
1467 4594 1619 4649 οῠπω
1653 4596 1937 4667 μέλλοντος

354 4687 774 4759 ἐπιστήσεσθαι,
805 4688 1344 4759 προκηρυττομένης.
1387 4688 1500 4743 Μία
1533 4689 1633 4759 μὲν
1678 4684 1770 4742 οὖν
1800 4688 1937 4742 ἀπό-

350 4781 499 4845 δοσις
525 4781 669 4851 αὕτη
688 4797 702 4810 ⁸
730 4780 955 4852 δευτέρα
980 4780 1024 4833 δ’
1058 4779 1125 4833 ἂν
1151 4781 1237 4850 εἴη
1263 4780 1504 4851 τοιαύτη.
1541 4780 1664 4843 Τοῖς
1700 4780 1798 4850 μὲν
1828 4797 1935 4832 πα-

352 4873 548 4937 λαιοῖς,
579 4873 863 4943 ἀνειμένον
900 4872 995 4925 καὶ
1023 4870 1308 4942 ἐλεύθερον
1342 4869 1585 4941 μετιοῦσι
1625 4870 1759 4941 βίον,
1784 4871 1936 4926 οὐδὲν

350 4962 420 5035 ἦν
450 4963 706 5036 ἐμποδὼν
736 4964 887 5018 οἴκου
916 4965 1010 5018 καὶ
1044 4963 1247 5017 παίδων
1279 4962 1640 5034 προΐστασθαι
1670 4962 1808 5034 μετά
1838 4964 1937 5035 τῆς

354 5060 485 5129 περὶ
506 5057 571 5110 τὸ
596 5057 751 5109 Θεῖον
773 5055 989 5127 σχολῆς,
1007 5056 1195 5119 αὐταῖς
1216 5058 1503 5126 γαμεταῖς,
1527 5057 1622 5109 καὶ
1638 5055 1817 5121 παισὶ,
1843 5055 1938 5108 καὶ

351 5150 527 5213 οἴκοις
557 5148 829 5202 θεοσεϐεῖν
860 5148 1282 5219 ἀπερισπάστως
1317 5147 1651 5216 δυναμένοις,
1701 5148 1795 5201 καὶ
1830 5164 1939 5219 μη-

352 5241 542 5313 δαμῶς
576 5240 683 5294 ὐπδ
720 5240 831 5294 τῶν
865 5239 1021 5305 ἐκτὸς
1065 5240 1164 5311 τῆς
1204 5238 1332 5311 περὶ
1364 5240 1433 5293 τὰ
1465 5239 1696 5310 κρείττω
1744 5239 1939 5311 προθέ-

353 5351 496 5399 σεως
522 5333 943 5404 ἀποσπωμένοις
964 5350 977 5362 ·
1013 5331 1084 5386 τὰ
1108 5331 1166 5385 δὲ
1199 5330 1319 5385 καθ’
1348 5333 1516 5402 ἡμᾶς,
1546 5330 1713 5403 μυρία
1741 5331 1808 5384 τὰ
1847 5333 1941 5383 ἐκ-

346 5428 446 5494 τὸς
475 5429 830 5493 καθέλκοντα,
863 5427 958 5482 καί
989 5429 1070 5491 είς
1107 5425 1424 5490 ἀλλοκότους
1472 5425 1758 5498 φροντίδας
1785 5442 1940 5496 περι-

349 5523 607 5596 enim,
634 5523 735 5595 τῆς
759 5539 824 5576 τε
851 5524 980 5593 περὶ
1018 5519 1088 5574 τὰ
1126 5520 1247 5592 Θεῷ
1280 5519 1488 5592 ἀρεστὰ
1531 5519 1766 5589 σπουδῆς
1811 5520 1938 5589 ἀφι-

349 5617 557 5673 στάντα
598 5617 879 5688 τυγχάνει.
913 5615 1083 5670 Τοῦτο
1119 5616 1250 5684 γοῦν
1292 5614 1464 5670 αἴτιον
1511 5608 1649 5667 εἶναι
1696 5614 1793 5684 τῆς
1828 5613 1937 5667 τῶν

346 5711 546 5782 γάμων
579 5708 845 5780 συστολῆς
872 5709 1199 5781 παρίστησιν
1220 5709 1249 5760 ό
1273 5707 1376 5778 τῆς
1399 5706 1760 5776 εὐαγγελικῆς
1787 5697 1937 5759 διδά-

353 5802 579 5869 nulla;
622 5802 803 5870 λόγος,
837 5800 1059 5871 φάσκων
1082 5818 1095 5833 ·
1150 5819 1170 5853 ι
1209 5798 1379 5855 Τοῦτο
1410 5798 1468 5853 δέ
1500 5815 1663 5871 φημι,
1694 5796 1933 5868 ἀδελφοὶ,

2045 3393 2214 3448 menti
2263 3400 2409 3457 sunt,
2453 3393 2723 3463 putaverit
2768 3391 3041 3462 quispiam
3072 3431 3090 3457 ,
3137 3392 3205 3447 iis
3252 3408 3374 3463 quae
3406 3407 3437 3445 a
3467 3393 3626 3447 nobis

2045 3484 2191 3538 dicta
2223 3492 2371 3547 sunt,
2425 3484 2725 3547 adversari,
2775 3498 2986 3553 nosque
3022 3498 3133 3539 non
3197 3485 3348 3539 omni
3413 3486 3626 3543 ratione

2042 3576 2277 3632 eundem
2330 3592 2455 3630 cum
2531 3576 2731 3646 priscis
2779 3574 2911 3638 illis,
2990 3576 3202 3631 colendi
3266 3577 3363 3633 Dei
3417 3593 3624 3633 morem

2046 3685 2286 3726 servare.
2322 3670 2492 3739 Igitur
2529 3670 2693 3724 etiam
2721 3669 2987 3725 adversus
3013 3670 3148 3733 haec,
3195 3669 3357 3724 talem
3399 3671 3524 3725 licet
3555 3687 3624 3726 ex

2043 3763 2179 3832 ipsis
2262 3762 2613 3818 Hebraeorum
2692 3763 2930 3817 oraculis
3002 3760 3268 3815 rationem
3339 3761 3633 3833 colligere,

2044 3856 2369 3927 Quicunque
2408 3865 2535 3911 ante
2591 3855 2794 3910 Mosem
2827 3856 2895 3909 de
2927 3854 3090 3908 laud'e
3134 3853 3357 3923 pietatis
3421 3870 3624 3912 nomen

2045 3950 2225 4020 adepti
2265 3958 2429 4012 sunt,
2460 3950 2513 4002 hi
2546 3957 2678 4003 tunc
2704 3949 2921 4002 initium
2959 3946 3214 4009 habente,
3245 3951 3487 4017 tuncque
3509 3946 3624 4016 pri-

2043 4059 2193 4098 mum
2224 4044 2523 4099 exsistente
2579 4043 2692 4096 vita
2726 4080 2741 4105 ,
2804 4040 2976 4096 fuisse
3026 4050 3445 4103 memorantur:
3502 4057 3625 4113 quin

2041 4152 2173 4194 vero
2218 4138 2285 4191 ad
2333 4153 2432 4192 nos
2482 4136 2775 4207 pertinent,
2841 4135 3066 4191 tendere
3106 4136 3174 4191 ad
3227 4136 3410 4192 tinem.
3441 4135 3625 4204 Quar:

2043 4231 2167 4286 illos
2201 4245 2395 4300 magna
2429 4245 2551 4283 cum
2580 4244 2744 4291 cura,
2777 4228 2985 4283 sobolis
3045 4228 3441 4285 incrementum
3471 4245 3622 4300 qua:-

2043 4322 2258 4385 sivisse,
2293 4336 2417 4376 cum
2462 4335 2557 4391 per
2590 4320 2723 4375 illud
2754 4327 2968 4391 tempus
3022 4331 3077 4376 et
3131 4337 3394 4377 numerus
3448 4322 3623 4377 homi-

2041 4432 2174 4471 num
2210 4416 2313 4486 31
2355 4423 2670 4485 augesceret
2705 4422 2761 4469 et
2803 4413 3261 4484 multiplicaretur
3287 4457 3303 4479 ,
3355 4423 3521 4485 atque
3562 4415 3620 4470 in

2042 4509 2161 4565 dies
2190 4509 2357 4565 robur
2386 4508 2660 4577 acciperet
2681 4522 2851 4578 genus
2895 4506 3194 4562 humanum
3236 4527 3249 4561 :
3302 4507 3462 4561 nobis
3492 4522 3623 4561 vero

2043 4615 2153 4655 non
2180 4598 2472 4654 admodum
2506 4613 2652 4653 cura:
2676 4612 2797 4654 esse
2840 4597 2966 4659 hoc,
2990 4604 3178 4667 utpote
3209 4613 3332 4650 cum
3368 4611 3457 4651 res
3506 4595 3619 4663 jam

2042 4690 2269 4746 interire
2310 4706 2374 4745 ac
2415 4689 2705 4754 desinere,
2762 4695 2926 4758 atque
2977 4691 3043 4741 ad
3100 4693 3403 4743 extremum
3461 4684 3621 4741 ﬁnem

2044 4784 2264 4840 tendere
2289 4783 2584 4838 credantur
2610 4801 2624 4836 :
2659 4781 2879 4852 quando
2907 4781 3073 4851 plane
3093 4779 3315 4845 dicitur,
3348 4789 3474 4833 ante
3499 4777 3621 4833 vitae

2043 4877 2604 4944 consummationem,
2654 4875 3024 4947 evangelicam
3077 4872 3133 4927 in
3185 4870 3397 4927 foribus
3427 4870 3620 4928 adesse

2042 4969 2392 5026 doctrinam:
2434 4976 2489 5023 et
2526 4967 2807 5023 renovatio
2851 4981 2917 5020 ac
2957 4965 3237 5036 generatio
3267 4964 3493 5019 alterius
3518 4978 3619 5020 sa:-

2043 5063 2174 5127 culi,
2197 5061 2343 5133 quod
2373 5062 2526 5116 brevi
2556 5061 2722 5115 instet
2777 5059 3044 5125 futurum,
3075 5057 3456 5113 denuntiatur.
3500 5055 3617 5111 Una

2042 5154 2209 5226 igitur
2235 5153 2483 5208 defensio
2528 5152 2672 5216 haec,
2721 5151 2891 5205 altera
2925 5157 3105 5204 autem
3144 5151 3250 5204 erit
3278 5148 3617 5219 huiusmodi.

2041 5243 2247 5300 Priscis
2287 5245 2395 5299 illis
2450 5246 2545 5314 qui
2576 5244 2947 5299 remissiorem
2995 5256 3060 5296 ac
3103 5242 3618 5297 liberiorem.vitam

2036 5336 2291 5406 agebant,
2322 5332 2455 5387 nihil
2483 5344 2601 5388 erat
2636 5330 3050 5401 impedimento,
3080 5346 3147 5386 ne
3173 5331 3358 5385 domui
3398 5328 3617 5383 liberis-

2035 5442 2143 5503 que
2167 5431 2484 5496 praeessent,
2510 5439 2573 5479 ac
2607 5423 2810 5492 pariter
2857 5421 3055 5477 divina:
3093 5436 3311 5492 quoque
3346 5420 3420 5474 rei
3452 5432 3617 5471 vaca--

2034 5527 2179 5582 rent,
2203 5517 2423 5588 quando
2449 5530 2556 5571 una
2586 5530 2711 5569 cum
2739 5513 3006 5568 uxoribus
3038 5523 3092 5568 et
3119 5512 3326 5578 liberis,
3353 5516 3407 5564 et
3431 5508 3616 5570 domo,

2035 5612 2287 5685 religioni
2316 5610 2593 5666 assiduam
2635 5608 2767 5662 dare
2804 5622 3027 5677 operam
3064 5613 3349 5675 poterant,
3400 5610 3456 5657 et
3485 5617 3615 5656 nus—

2041 5703 2322 5775 quam~0b
2355 5703 2497 5757 ullas
2539 5717 2628 5757 res
2682 5709 2937 5756 externas
2995 5717 3024 5754 a
3070 5700 3291 5754 meli'ore
3335 5698 3615 5769 preposito

2043 5796 2434 5852 avellebantur.
2493 5793 2602 5851 Res
2644 5811 2774 5851 vero
2818 5803 3019 5851 nostra!
3072 5790 3491 5849 innumerabilia
3521 5789 3612 5843 ha—
