3978 6414
512 319 579 373 79
1164 305 1450 368 'EUSEBll
1488 307 1969 367 CIESARIENSIS
2008 305 2160 365 OPP.
2196 292 2387 361 PARS
2414 303 2480 360 ll.
2520 334 2588 345 -—
2613 295 3117 357 APGLOGETICA.
3660 300 3720 366 εδ

509 438 660 500 bent,
691 449 811 505 qua:
830 431 1172 488 extrinsecus
1209 438 1457 500 premant
1478 471 1492 495 ,
1543 436 1597 484 et
1624 444 1744 500 quae
1793 427 1849 481 in
1881 427 2080 481 alienas

2185 426 2214 477 ό
2249 421 2440 493 καιρὸς
2473 419 2920 491 συνεσταλμένος.
2954 416 3028 470 Τὸ
3058 415 3240 505 λοιπόν
3274 416 3434 484 ἔστιν,
3469 422 3551 476 ἶνα
3573 425 3722 482 καλοί

509 544 671 584 curas
698 527 937 595 undique
971 523 1208 589 trahant,
1232 531 1287 578 et
1332 522 1400 577 ab
1431 537 1619 576 earum
1652 535 1833 575 rerum
1863 518 2046 574 studio
2068 559 2084 583 ,

509 637 632 693 qua:
665 620 771 676 Deo
818 619 1073 690 placent,
1127 616 1420 670 abducant.
1473 614 1625 669 [lane
1668 614 1830 685 igitur
1860 625 2086 667 causam

509 704 652 777 esse,
690 730 790 770 cur
831 712 1071 768 nubendi
1132 712 1271 766 ratio
1325 711 1667 766 contrahitur
1696 751 1711 776 ,
1760 710 2089 782 evangelicae

509 808 774 866 doctrina
802 807 1028 864 verbum
1055 807 1393 863 demonstrat
1421 848 1435 869 ,
1489 806 1581 861 ubi
1615 805 1691 861 ait
1722 826 1735 861 :
1774 825 1793 858 ι
1833 805 1949 862 Hoc
1987 823 2087 862 au-

509 915 618 958 tem
650 903 776 957 dico
803 900 1019 967 fratres,
1051 908 1268 971 tempus
1298 899 1462 954 breve
1488 907 1591 954 est.
1620 896 1913 968 Reliquum
1956 906 2040 954 est
2068 939 2084 965 ,

509 1006 569 1052 ut
599 1004 653 1051 et
684 995 775 1066 qui
822 995 1023 1050 habent
1061 1009 1293 1059 uxores,
1341 999 1601 1063 tanquam
1656 1008 1764 1046 non
1821 992 2086 1046 habentes

508 1089 615 1144 sint
654 1103 665 1137 :
703 1095 757 1141 et
808 1085 900 1156 qui
937 1084 1096 1150 flent,
1140 1091 1397 1154 tanquam
1457 1099 1566 1138 non
1619 1081 1812 1138 ﬂentes
1843 1101 1855 1136 :
1888 1089 1943 1137 et
1991 1081 2085 1152 qui

508 1177 767 1248 gaudent,
800 1185 1057 1246 tanquam
1115 1190 1221 1228 non
1255 1175 1555 1244 gaudentes
1587 1194 1600 1230 :
1634 1183 1687 1230 et
1731 1174 1823 1243 qui
1854 1182 2081 1241 emunt,

508 1276 769 1336 laminam
824 1283 933 1321 non
993 1265 1392 1336 possidentes:
1451 1273 1506 1322 et
1554 1268 1646 1336 qui
1706 1274 1933 1320 utuntur
1976 1265 2082 1320 hoc

498 1356 722 1421 mundo,
760 1363 1018 1426 tanquam
1063 1373 1172 1411 non
1206 1358 1508 1413 abutentes.
1550 1355 1792 1412 Praeterit
1816 1359 1960 1412 enim
1998 1357 2060 1411 fi-

499 1458 635 1516 gura
662 1447 824 1516 hujus
844 1448 1066 1516 mundi;
1090 1450 1213 1504 volo
1236 1458 1413 1504 autem
1443 1464 1539 1504 vos
1560 1450 1677 1504 sine
1699 1448 2060 1503 sollicitudine

498 1552 623 1593 esse
653 1554 666 1590 :
698 1539 792 1609 qui
831 1539 950 1595 sine
982 1556 1153 1597 uxore
1194 1549 1295 1607 est,
1330 1539 1594 1595 sollicitus
1630 1549 1712 1595 est
1744 1540 1810 1595 de
1844 1540 1910 1594 iis
1940 1550 2060 1608 quse

505 1625 724 1681 Domini
753 1638 900 1693 sunt,
930 1629 1203 1699 quomodo
1243 1630 1454 1699 placeat
1485 1629 1731 1686 Omnino.
1765 1629 1871 1697 Qui
1892 1638 2081 1710 autem

504 1733 629 1773 cum
656 1733 829 1774 uxore
851 1728 958 1788 est,
995 1720 1267 1777 sollicitus
1296 1730 1381 1778 est
1418 1722 1486 1778 de
1508 1722 1595 1790 iis,
1626 1738 1747 1794 quae
1775 1731 1903 1779 sunt
1923 1739 2082 1778 mun-

2190 518 2402 588 ἔχοντες
2425 517 2684 584 γυναῖκας
2715 512 2791 576 ὡς
2825 511 2898 584 μὴ
2922 511 3133 582 ἔχοντες
3164 503 3285 574 ὦσι,
3325 513 3415 566 καί
3454 515 3500 566 οἰ
3535 516 3723 574 κλαίονρρ

2139 623 2155 646 ς
2189 628 2280 675 τες
2310 610 2385 675 ὡς
2414 608 2488 680 μὴ
2514 606 2809 669 κλαίοντες,
2839 602 2934 657 καὶ
2956 604 3005 656 οἱ
3037 602 3322 674 χαίροντες
3347 602 3420 667 ὡς
3447 606 3517 675 μὴ
3543 608 3727 680 χαῖρον.

2188 716 2299 767 τες,
2339 700 2435 755 καὶ
2477 699 2527 751 οἰ
2575 694 2933 767 ἀγοράζοντες
2973 693 3049 757 ὡς
3086 693 3160 765 μὴ
3208 694 3536 765 κατέχοντες,
3565 701 3651 753 καὶ
3683 703 3726 757 οι

2188 793 2458 875 χρώμενος.
2499 789 2579 861 τῷ
2621 790 2810 859 κόσμῳ
2850 788 3024 857 τούτῳ
3081 785 3157 849 ὡς
3206 786 3279 857 μὴ
3324 788 3725 861 καταχρώμενοι,

2188 887 2433 959 Παράγει
2466 884 2573 955 γὰρ
2601 883 2662 936 τὸ
2710 882 2896 953 σχῆμα
2928 880 3020 934 τοῦ
3048 881 3252 952 κόσμου
3281 880 3465 934 τούτου
3483 899 3496 913 ·
3525 881 3651 939 θέλω
3679 887 3728 943 δι

2187 980 2332 1052 ὑμᾶς
2375 977 2709 1049 ἀμερίμνους
2752 971 2919 1029 εἶναι·
2958 976 2988 1027 ὁ
3035 973 3245 1044 ἄγαμος
3290 977 3520 1045 μεριμνᾷ
3548 976 3610 1031 τά
3647 979 3727 1033 τοῦ

2185 1073 2417 1145 Κυρίου,
2462 1070 2579 1134 πῶς
2620 1068 2793 1142 ἀρέσῃ
2840 1066 2918 1137 τῷ
2948 1066 3168 1139 Κυρίῳ·
3215 1067 3243 1119 ό
3278 1064 3335 1118 δὲ
3375 1069 3617 1139 γαμήσας
3644 1087 3729 1141 με-

2191 1165 2357 1238 ριμνᾷ
2402 1163 2470 1217 τὰ
2519 1161 2611 1216 τοῦ
2644 1161 2873 1232 κόσμου,
2908 1158 3024 1223 πῶς
3069 1157 3240 1231 ἀρέσῃ
3279 1160 3345 1229 τῇ
3392 1161 3620 1227 γυναικὶ,
3650 1165 3730 1218 καὶ

2190 1258 2535 1329 μεμέρισται.
2582 1252 2693 1306 Καὶ
2736 1253 2769 1324 ἡ
2799 1250 2934 1323 γυνὴ
2967 1251 3001 1321 ἡ
3042 1247 3272 1317 ἄγαμος,
3300 1247 3453 1319 καὶὴ
3490 1249 3731 1321 παρθένος

2190 1346 2428 1417 μεριμνᾷ
2458 1343 2527 1397 τὰ
2561 1342 2653 1396 τοῦ
2683 1340 2908 1413 Κυρίου,
2949 1340 3034 1393 ἵνα
3067 1338 3237 1411 ἀρέσῃ
3267 1337 3344 1410 τῷ
3367 1338 3570 1410 Κυρίῳ,
3601 1338 3731 1415 τναῇ

2187 1439 2317 1509 ἀγία
2356 1436 2450 1491 καὶ
2477 1435 2557 1507 τῷ
2590 1434 2823 1506 σώματι,
2869 1433 2964 1487 καὶ
2993 1431 3071 1503 τῷ
3098 1430 3399 1501 πνεύματι·
3425 1432 3460 1501 ἡ
3494 1430 3548 1483 δὲ
3575 1435 3735 1505 γαμή-

2188 1548 2328 1585 σασα
2364 1529 2602 1602 μεριμνᾷ
2628 1525 2696 1580 τά
2725 1524 2819 1579 τοῦ
2863 1524 3089 1595 κόσμου,
3127 1522 3243 1587 πῶς
3272 1523 3444 1597 ἀρέσῃ
3473 1522 3548 1594 τῷ
3579 1523 3732 1596 ἀνδρί.

2186 1615 2357 1678 Τοῦτο
2383 1620 2439 1675 δὲ
2467 1620 2604 1692 πρὸς
2631 1618 2692 1672 τὸ
2726 1617 2755 1671 ὑ
2765 1615 2880 1688 μῶν
2908 1614 3183 1686 συμφέρον
3205 1612 3366 1680 λέγω,
3397 1613 3493 1683 οὐχ
3518 1613 3599 1666 ῐνα
3628 1612 3737 1685 βρό-

2187 1734 2280 1790 χον
2313 1715 2441 1786 ὑμῖν
2470 1711 2762 1775 ἐπιϐάλλω,
2798 1707 2936 1763 ἀλλά
2968 1706 3106 1778 πρὸς
3138 1705 3197 1759 τὸ
3228 1704 3501 1777 εὔσχημον
3543 1705 3631 1759 καί
3657 1705 3736 1759 εὐ-

504 1809 582 1875 di,
618 1811 893 1881 quomodo
921 1812 1131 1881 placeat
1153 1813 1330 1879 uxori,
1354 1821 1408 1868 et
1432 1813 1640 1871 divisus
1657 1822 1762 1871 est.
1792 1814 1861 1869 Et
1889 1817 2080 1870 mulier

2188 1808 2456 1881 πάρεδρον
2513 1806 2591 1877 τῷ
2639 1802 2830 1875 Κυρίῳ
2881 1798 3325 1872 ἀπερισπάστως.
3379 1815 3399 1849 ι
3456 1794 3739 1869 Διαρῤήδην

497 1900 755 1970 innupta,
788 1908 843 1956 et
876 1902 1029 1974 virgo
1058 1903 1262 1974 cogitat
1292 1918 1413 1974 quae
1456 1903 1671 1960 Domini
1706 1915 1855 1974 sunt,
1888 1917 1945 1962 ut
1968 1906 2084 1977 pla-

508 2002 625 2048 seat
647 1991 896 2056 Domino,
919 2001 977 2047 ut
996 1995 1067 2051 sit
1089 2003 1278 2050 sancta
1300 2004 1354 2051 et
1371 2012 1602 2069 corpore
1624 2006 1678 2054 et
1698 2000 1893 2069 spiritu
1920 2020 1931 2054 :
1963 2014 2086 2071 quae

502 2093 684 2140 autem
710 2093 875 2156 nupta
902 2094 1006 2151 est,
1037 2088 1239 2159 cogitat
1266 2103 1388 2159 quae
1418 2097 1545 2144 sunt
1568 2090 1778 2156 mundi,
1809 2092 2082 2161 quomodo

501 2176 717 2246 placeat
747 2176 883 2231 viro.
917 2175 1089 2233 Porro
1117 2177 1220 2233 hoc
1252 2180 1319 2233 ad
1351 2179 1639 2236 utilitatem
1666 2190 1904 2238 vestram
1937 2181 2080 2247 dico,

503 2281 613 2320 non
637 2276 695 2321 ut
734 2267 988 2337 laqueum
1028 2268 1182 2323 vobis
1238 2269 1478 2339 injiciam
1506 2312 1520 2337 ,
1568 2270 1662 2326 sed
1722 2269 1791 2325 ad
1840 2271 1895 2327 id
1935 2271 2082 2342 quod

500 2360 794 2414 honestum
824 2366 931 2424 est,
955 2367 1007 2415 et
1029 2359 1173 2430 quod
1205 2359 1513 2417 facultatem
1543 2362 1802 2433 prtebeat,
1832 2365 1952 2421 sine
1979 2366 2081 2419 imu

501 2451 813 2521 pedimento
839 2450 1126 2507 Dominum
1158 2453 1485 2509 obsecrandi
1525 2454 1588 2510 ¹³.
1628 2474 1646 2508 ι
1692 2452 1877 2510 Palam
1918 2457 2083 2528 igitur

502 2544 556 2598 in
585 2542 671 2598 bis
702 2558 949 2609 causam,
976 2561 1076 2599 cur
1103 2562 1135 2601 a
1165 2547 1373 2618 nuptiis
1424 2547 1497 2602 sit
1540 2547 1926 2604 abstinendum
1953 2562 2112 2619 pro-‘

499 2636 654 2706 ponit
683 2677 699 2703 ,
749 2637 841 2692 ubi
899 2648 1204 2709 temporum
1266 2654 1560 2710 rerumque
1598 2641 1944 2698 extrinsecus
1995 2642 2081 2697 in-

500 2730 813 2800 gruentium
845 2732 1195 2787 stoliditatem
1238 2731 1587 2803 reprehendit
1616 2753 1631 2787 :
1664 2748 1899 2804 quorum
1944 2736 2081 2790 nihil

496 2821 699 2890 priscis
723 2822 831 2877 illis
871 2822 1175 2877 accidebat.
1212 2823 1292 2877 Ad
1324 2824 1460 2890 hmo,
1502 2824 1663 2877 tertia
1695 2840 1913 2896 quoque
1939 2828 2080 2883 ratio

501 2912 722 2983 adjungi
757 2919 957 2982 potest,
985 2920 1208 2982 propter
1239 2928 1404 2983 quam
1431 2921 1644 2970 veteres
1669 2915 1747 2971 illi
1781 2916 1874 2972 Dei
1910 2919 2084 2974 culto-

498 3019 610 3069 res,
642 3003 697 3056 in
729 3003 1105 3072 procreatione
1129 3004 1424 3058 liberorum
1453 3004 1747 3074 plurimum
1777 3008 1941 3063 studii
1967 3010 2081 3063 col-

497 3094 765 3151 locarent.
793 3093 928 3148 Cum
954 3094 1149 3165 reliqui
1182 3094 1431 3152 homines
1471 3096 1527 3151 in
1563 3111 1775 3153 morum
1806 3102 2081 3171 perversi-

2189 1897 2320 1967 γοῦν
2347 1899 2404 1950 ὲν
2424 1894 2632 1958 τούτοις
2656 1892 2717 1947 τὸ
2742 1890 2912 1945 αἰτιον
2938 1888 3038 1959 τῆς
3066 1888 3278 1959 ἀποχῆς
3310 1885 3402 1941 τοῦ
3425 1886 3596 1957 γάμου
3612 1904 3738 1958 παρ-

2193 1988 2393 2060 ίστησι,
2436 1988 2534 2059 τὴν
2580 1985 2691 2039 τῶν
2717 1983 2945 2055 καιρῶν,
2996 1981 3089 2035 καὶ
3112 1980 3220 2034 τῶν
3242 1978 3399 2043 ἐκτὸς
3425 1979 3742 2050 πραγμάτων

2189 2077 2508 2149 ἀϐελτερίαν
2547 2074 3024 2146 ἐπιμεμψάμενος,
3054 2065 3129 2127 ὧν
3166 2070 3319 2124 οὐδὲν
3361 2073 3472 2133 τοῖς
3516 2068 3742 2141 παλαιοῖς

2189 2169 2544 2241 προσέπιπτε.
2572 2168 2684 2221 Καὶ
2716 2167 2898 2237 τρίτος
2939 2164 2982 2217 δ’
3008 2164 3073 2218 ἂν
3094 2164 3178 2234 εἴη
3210 2160 3362 2233 παρά
3388 2160 3557 2214 ταῦτα
3582 2160 3741 2228 λόγος,

2188 2260 2311 2315 καθ’
2337 2260 2395 2314 ὃν
2421 2262 2469 2314 οἰ
2486 2260 2651 2313 πάλαι
2677 2258 2941 2327 θεοφιλεῖς
2964 2256 3305 2319 παιδοποιίας
3340 2253 3590 2325 πλείστην
3613 2255 3745 2306 εποι-

2187 2354 2343 2408 οὗντο
2398 2352 2653 2423 σπουδήν.
2688 2350 2809 2404 Τῶν
2835 2348 3036 2404 λοιπῶν
3063 2347 3368 2420 ἀνθρώπων
3394 2345 3475 2409 εἰς
3504 2360 3720 2415 κακοτρο

2188 2447 2320 2502 πίαν
2368 2446 2680 2511 ἐπιδόντων,
2727 2444 2809 2507 εἰς
2851 2441 3123 2514 ἀνήμερόν
3158 2457 3220 2494 τε
3266 2441 3364 2493 καὶ
3402 2436 3747 2510 ἀπάνθρωπον

2186 2543 2280 2598 καὶ
2312 2539 2549 2613 θηριώδη
2578 2538 2692 2610 βίον
2715 2536 3210 2601 ἀποπεπτωκότων,
3236 2533 3318 2599 εἷς
3347 2551 3408 2588 τε
3439 2531 3603 2603 ἀσεϐῆ
3627 2545 3745 2587 παν-

2184 2637 2356 2703 τελῶς
2409 2640 2502 2693 καὶ
2546 2637 2703 2692 ἀθεον
2760 2632 2960 2706 τρόπον
3012 2627 3492 2699 ἀπωλισθηκότων,
3546 2624 3748 2696 βραχεῖς

2189 2729 2394 2801 σφόδρα
2432 2729 2527 2783 καὶ
2571 2725 2789 2800 ἀριθμῷ
2819 2722 3014 2795 ληπτοί
3044 2720 3483 2793 περιλειπόμενοι
3514 2716 3649 2772 κατά
3686 2716 3747 2771 τὰ

2186 2821 2422 2895 πρόσθεν
2455 2822 2587 2892 ἡμῖν
2616 2816 2882 2889 εἰρημένα
2921 2813 3016 2868 τοῦ
3041 2812 3150 2866 τῶν
3177 2811 3390 2867 πολλῶν
3415 2808 3750 2875 ὑπεξίσταντο

2189 2915 2325 2987 βίου,
2363 2913 2457 2968 καὶ
2483 2912 2581 2982 τῆς
2618 2910 2801 2979 κοινῆς
2829 2906 2936 2960 τῶν
2966 2904 3169 2960 λοιπῶν
3208 2904 3511 2975 ἀνθρώπων
3541 2916 3747 2953 συνανα-

2188 3005 2446 3079 στροφῆς.
2500 3000 2938 3074 Κεχωρισμένως
2972 2998 3016 3051 δ’
3064 2994 3157 3051 οὖν
3207 2996 3316 3050 τῶν
3361 2994 3534 3048 ἄλλων
3571 2989 3747 3055 ἐθνῶν,

2188 3096 2284 3151 καί
2319 3092 2461 3149 κατά
2498 3093 2665 3164 μόνας
2708 3090 2969 3162 βιοῦντες,
3004 3086 3278 3141 πολιτείαν
3309 3085 3490 3155 ξένην,
3520 3083 3614 3135 καὶ
3646 3081 3748 3151 βίον

496 3195 609 3242 tate
640 3188 817 3257 majus
847 3188 904 3243 in
941 3189 1058 3244 dies
1090 3189 1489 3245 incrementum
1523 3192 1888 3263 accepissent,
1917 3203 2080 3267 atque

2188 3187 2497 3259 φιλόσοφον,
2531 3184 2624 3238 καὶ
2667 3183 2743 3248 ὡς
2774 3181 2990 3253 ἀληθῶς
3030 3178 3277 3249 θεοσεϐῆ,
3312 3176 3410 3231 καὶ
3433 3177 3557 3267 τοῖς
3586 3172 3749 3267 ἀλλοις

496 3281 555 3334 in
588 3280 906 3346 immanem,
939 3280 1046 3351 32
1078 3287 1132 3336 et
1166 3280 1235 3336 ab
1264 3282 1415 3336 omni
1453 3282 1794 3341 humanitate
1825 3286 2079 3355 alienam,

496 3380 553 3427 et
575 3374 736 3445 plane
766 3373 996 3428 ferinam
1031 3375 1194 3430 vitam
1234 3375 1434 3444 relapsi
1464 3386 1669 3445 essent,
1691 3385 1746 3433 et
1771 3378 1825 3433 in
1855 3378 2080 3451 impium

498 3481 748 3539 prorsus,
776 3466 1037 3536 omnique
1062 3466 1315 3538 religioni
1351 3467 1632 3523 inimicum
1661 3485 1890 3538 morem,
1925 3472 2083 3528 facile

498 3562 840 3616 corruissent
858 3579 881 3615 ς
918 3559 1074 3614 valde
1101 3560 1283 3629 pauci,
1306 3567 1358 3614 et
1391 3558 1549 3616 facile
1574 3564 1965 3629 numerabiles,
1986 3566 2080 3636 qui

496 3661 840 3725 supererant,
882 3669 946 3711 ea
976 3661 1283 3718 sectantes,
1320 3668 1440 3723 qua:
1486 3654 1637 3724 prius
1667 3670 1698 3708 a
1729 3657 1889 3712 nobis
1939 3658 2083 3712 dicta

496 3753 651 3809 sunt,
678 3761 708 3800 a
757 3746 1053 3799 multorum
1085 3743 1482 3799 consuetudine
1510 3754 1563 3799 et
1592 3759 1623 3798 a
1652 3748 1927 3801 communi
1952 3763 2083 3802 cum

495 3839 726 3910 reliquis
753 3837 1070 3893 hominibus
1097 3836 1278 3903 victu,
1311 3852 1372 3893 se
1404 3839 1750 3893 amovebant.
1782 3837 1953 3894 Porro
1981 3856 2080 3894 au-

497 3943 607 3987 tem
645 3945 769 3985 eum
799 3943 1048 3985 seorsum
1093 3929 1163 3984 ab
1201 3928 1324 3985 aliis
1354 3930 1607 4001 gentibus
1635 3971 1651 3997 ,
1710 3930 2084 4003 singularique

498 4039 653 4079 more
683 4024 950 4088 viverent,
974 4037 1171 4076 novam
1216 4022 1494 4093 quandam
1547 4021 1882 4094 Reipublicae
1918 4024 2083 4080 ratio-

496 4132 646 4183 nem,
679 4121 956 4186 vitamque
985 4114 1285 4171 studiosam
1311 4115 1612 4185 sapientiae,
1640 4132 1878 4189 vereque
1908 4118 2082 4188 ipsius

499 4209 593 4265 Dei
617 4207 925 4270 cultricem,
952 4213 1005 4261 et
1028 4205 1254 4276 reliquis
1276 4206 1591 4264 hominibus
1616 4207 2078 4279 impermiscuam,

500 4299 877 4355 instituerunt.
915 4295 986 4353 Ut
1017 4298 1183 4369 igitur
1206 4299 1444 4369 posteris
1467 4314 1686 4370 quoque
1715 4299 1933 4355 illorum
1962 4315 2083 4370 pro-

499 4390 633 4462 prim
660 4389 963 4458 religionis,
982 4397 1237 4459 tanquam
1264 4389 1501 4444 scintilla
1518 4391 1763 4462 quaedam
1791 4392 2080 4462 reparandi

498 4483 664 4553 ignis,
697 4482 773 4536 ita
804 4480 1026 4551 aliquod
1058 4495 1242 4535 semen
1275 4490 1605 4548 servaretur,
1629 4499 1806 4554 neque
1828 4499 1935 4539 una
1953 4499 2075 4541 cum

2186 3277 2494 3351 ἀνθρώποις
2524 3274 2881 3345 ἀνεπίμικτον
2907 3270 3242 3325 συνίσταντο.
3276 3268 3372 3322 ”Ιν’
3401 3263 3494 3321 οὖν
3526 3265 3617 3319 καὶ
3646 3265 3749 3325 τοῖς

2186 3373 2483 3447 μετέπειτα
2510 3369 2609 3441 τῆς
2633 3369 2838 3431 οἰκείας
2869 3363 3178 3427 θεοσεϐείας
3211 3360 3463 3434 ζώπυρόν
3495 3356 3554 3423 ἐξ
3583 3352 3750 3410 αὐτῶν

2184 3466 2409 3537 σπέρμα
2447 3462 2786 3534 φυλάττοιτο,
2838 3457 2958 3529 μηδ’
2984 3454 3192 3510 ἐκλίποι
3221 3452 3319 3508 καὶ
3363 3451 3615 3507 ἀπόλοιτο
3644 3447 3750 3519 ἅμα

2182 3563 2251 3634 τῇ
2282 3558 2392 3612 τῶν
2434 3553 2645 3626 ἀνδρῶν
2690 3551 2913 3621 τελευτῇ
2952 3548 3020 3602 τά
3055 3547 3157 3618 τῆς
3205 3544 3566 3615 10.1"4510Uq
3610 3541 3750 3634 eoas—

2182 3631 2356 3718 ϐείας,
2391 3650 2618 3712 εἰκότως
2662 3644 3004 3707 παιδοποιίας
3044 3642 3138 3695 καὶ
3186 3637 3578 3711 παιδοτροφίας
3623 3631 3750 3705 πρόο

2183 3756 2333 3797 νοιαν
2358 3737 2598 3807 είσῆγον,
2627 3734 2703 3799 ὡς
2741 3733 2807 3789 ἂν
2837 3730 3143 3786 διδάσκαλοι
3182 3730 3277 3783 καὶ
3320 3725 3629 3799 καθηγηταί
3668 3722 3753 3792 γέ·

2182 3850 2355 3889 νοιντο
2397 3830 2506 3885 τῶν
2553 3828 2695 3884 ἰδίων
2742 3826 2966 3890 παίδων,
3016 3823 3291 3895 διαδόχους
3336 3819 3622 3882 εὐσεϐείας
3668 3813 3756 3869 καὶ

2181 3926 2280 3996 τῆς
2306 3922 2514 3985 οἰκείας
2553 3918 2755 3992 ἀρετῆς
2792 3915 3161 3988 κληρονόμους
3192 3916 3305 3977 τοῖς
3335 3911 3630 3985 μετέπειτα
3657 3922 3754 3959 κα-

2181 4015 2427 4069 ταλιπεῖν
2467 4012 2754 4068 σπουδαῖον
2801 4004 2941 4063 εἰναι
2988 4006 3121 4079 ήγού
3130 4023 3299 4078 μενοι.
3334 4004 3528 4058 Ἔνθεν
3576 3997 3753 4073 μυρίοι

2184 4092 2480 4178 προφῆται,
2514 4104 2609 4157 καὶ
2648 4102 2848 4156 δίκαιοι
2880 4100 3093 4172 ἄνδρες,
3124 4096 3286 4161 αὐτός
3314 4095 3362 4149 θ’
3391 4098 3423 4149 ό
3451 4093 3642 4165 Σωτὴρ
3666 4089 3756 4143 καὶ

2183 4197 2389 4270 Κύριος
2433 4193 2610 4268 ἡμῶν,
2644 4194 2698 4247 οἵ
2727 4210 2788 4246 τε
2830 4190 3019 4270 τούτου
3055 4187 3296 4260 μαθηταὶ
3342 4186 3440 4241 καὶ
3476 4182 3755 4239 ἀπόστολοι

2183 4291 2248 4344 ὲκ
2271 4268 2371 4361 τῆς
2402 4287 2578 4342 αὐτῶν
2605 4284 2826 4356 διδαχῆς
2856 4268 3284 4353 ἀναπεφήνασιν.
3314 4279 3379 4332 Εἰ
3403 4279 3461 4333 δέ
3495 4294 3641 4342 τινες
3667 4274 3756 4328 καὶ

2183 4381 2375 4451 φαῦλοι
2418 4377 2684 4451 προῆλθον
2717 4376 2776 4443 ἐξ
2828 4373 3027 4438 αὐτῶν,
3069 4374 3145 4437 ὼς
3180 4373 3294 4444 ἃμα
3334 4372 3469 4443 σίτῳ
3510 4369 3754 4439 καλάμης

2183 4471 2539 4542 ὐποφυείσης,
2578 4469 2692 4524 ἀλλ’
2730 4467 2883 4523 οὔπω
2924 4469 3049 4531 τοὺς
3094 4466 3422 4537 σπείραντας
3468 4462 3754 4526 αἰτιατέον,

496 4546 743 4644 ipsorum
768 4546 1001 4627 decessu
1030 4571 1273 4643 ipsorum
1305 4573 1481 4643 pietas
1513 4546 1788 4642 deficeret,
1811 4584 1972 4647 atque
2003 4578 2080 4631 in-

2184 4567 2302 4622 οὑδὲ
2327 4566 2454 4628 τοὺς
2491 4561 2969 4634 ἀναθρεψαμένους
2991 4576 3004 4590 ·
3042 4558 3164 4613 ἐπεὶ
3200 4558 3293 4611 καὶ
3319 4555 3428 4609 τῶν
3456 4553 3551 4609 τοῦ

498 4668 707 4735 teriret,
744 4666 942 4721 merito
973 4672 1027 4721 et
1054 4665 1382 4739 generandae
1427 4676 1481 4722 et
1520 4667 1727 4723 alenda:
1754 4669 1958 4725 sobolis
1981 4684 2080 4724 cu-

496 4774 615 4814 ram
646 4760 1030 4825 introduxere,
1074 4766 1133 4813 ut
1195 4760 1276 4814 sic
1334 4758 1591 4815 doctores
1623 4771 1785 4832 atque
1829 4762 2080 4833 magistri

499 4851 845 4921 prOpriorum
875 4850 1173 4906 liberorum
1202 4851 1532 4907 exsisterent
1559 4871 1572 4907 :
1623 4853 1822 4924 quippe
1850 4855 1941 4924 qui
1977 4870 2076 4925 νου

498 4944 663 4999 stcris
697 4958 1050 4999 successores
1074 4945 1321 5014 pietatis,
1350 4945 1694 5016 propriaeque
1718 4947 1937 5004 virtutis
1969 4948 2078 5003 hae-

498 5035 658 5091 redes
686 5035 1028 5104 relinquere,
1076 5036 1368 5107 pulchrum
1416 5044 1582 5106 atque
1614 5038 1901 5093 honestum
1927 5037 2077 5107 judi-

449 5171 463 5211 .l
498 5133 709 5183 carent.
737 5124 878 5180 Hinc
911 5141 1044 5183 sane
1090 5127 1370 5199 propheta:
1409 5127 1856 5194 innumerabiles,
1894 5138 1948 5184 et
1974 5129 2079 5184 viri

493 5220 627 5290 justi
655 5238 670 5275 :
699 5217 837 5289 quin
867 5218 985 5288 ipse
1032 5234 1252 5290 quoque
1278 5220 1532 5275 Salvator
1573 5236 1637 5275 ac
1686 5219 1951 5276 Dominus
1979 5236 2079 5276 no-

498 5312 888 5382 ster,ejusque
934 5309 1188 5383 discipuli
1220 5319 1386 5383 atque
1435 5313 1700 5384 apostoli,
1745 5313 1815 5368 ab
1859 5314 2077 5370 illorum

497 5402 791 5473 disciplina
822 5399 1052 5473 profecti
1092 5410 1238 5457 sunt.
1279 5402 1435 5469 Quod
1488 5403 1534 5459 si
1564 5404 1658 5474 qui
1686 5403 1851 5459 etiam
1891 5403 2077 5461 vitiosi

500 5497 570 5550 ab
601 5494 791 5550 iisdem
823 5492 1165 5565 prodierunt,
1183 5496 1339 5564 quasi
1362 5496 1529 5567 palea:
1559 5496 1721 5551 simul
1746 5510 1871 5551 cum
1893 5496 2077 5552 tritico

499 5585 916 5650 siibnascentes,
953 5596 1064 5636 non
1110 5580 1179 5635 ob
1218 5581 1271 5635 id
1315 5589 1494 5639 tamen
1545 5583 1802 5654 culpandi
1843 5582 1936 5655 qui
1985 5597 2077 5655 ge-

648 5765 671 5819 ἰ
714 5763 842 5821 Cor.
880 5778 953 5819 vu
983 5804 995 5833 ,
1028 5762 1221 5820 29~55.

2184 4676 2275 4734 ρος
2312 4657 2566 4731 μαθητῶν
2599 4657 2758 4729 ἴσμεν
2786 4655 2938 4718 τινάς
2979 4653 3038 4720 ἐξ
3084 4650 3436 4715 αὑτεξουσίου
3481 4661 3754 4718 διιειιιραλιρο⁴

2182 4753 2290 4823 πῆς
2319 4748 2756 4821 ἀποσφαλέντας.
2797 4747 2863 4801 Ἦ
2892 4746 2991 4818 μὲν
3020 4741 3113 4798 οὖν
3148 4743 3296 4798 αἰτία
3324 4741 3424 4812 τῆς
3452 4739 3560 4794 τῶν
3594 4737 3755 4792 πάλαι

2184 4844 2447 4914 θεοφιλῶν
2495 4840 2704 4914 ἀνδρῶν
2736 4838 3075 4902 παιδοποιίας
3120 4835 3421 4906 ἀνείρηται,
3464 4834 3530 4905 ἥν
3577 4828 3755 4884 οὐκέτι

2181 4940 2264 5009 ἐφ’
2299 4936 2455 5010 ⁴ἡμῶν
2502 4935 2685 5009 χώραν
2717 4934 2831 5005 ἔχει
2867 4932 3046 5002 λέγειν
3068 4947 3083 4961 ·
3127 4930 3216 4983 ὅτε
3263 4928 3360 4982 σὺν
3390 4925 3510 4996 Θεῷ
3537 4923 3625 4977 δεσά
3660 4921 3754 4990 τῆς

2178 5029 2271 5086 τοῦ
2321 5029 2571 5102 Σωτῆρος
2605 5028 2762 5101 ἡμῶν
2802 5023 3161 5096 εὐαγγελικῆς
3191 5018 3539 5081 διδασκαλίας
3588 5011 3754 5088 μυρία

2180 5123 2328 5194 ἔθνη,
2374 5121 2468 5175 καί
2514 5120 2695 5185 λαοὺς,
2748 5119 2893 5174 κατά
2938 5136 2998 5172 τε
3048 5116 3233 5179 πόλεις
3274 5114 3369 5168 καὶ
3417 5110 3621 5184 χώρας,
3665 5104 3758 5160 καὶ

2182 5217 2387 5289 ἀγροὺς
2433 5216 2696 5287 πάρεστιν
2746 5215 2878 5285 ἡμῖν
2927 5210 3225 5282 ὀφθαλμοῖς
3278 5207 3413 5280 όρᾷν
3461 5202 3757 5258 σπείδοντα

2185 5308 2324 5364 κατὰ
2362 5307 2424 5361 τὸ
2455 5308 2606 5371 αὐτὸ,
2636 5306 2732 5360 καλ⁸
2777 5304 3139 5376 συντρέχοντα
3181 5301 3275 5354 ἐπὶ
3312 5300 3412 5371 τὴν
3454 5295 3600 5351 κατά
3629 5289 3757 5345 Θεὸν

2189 5396 2422 5470 μάθησιν
2443 5398 2542 5469 τῆς
2580 5394 2938 5465 εὐαγγελικῆς
2963 5390 3309 5455 διδασκαλίας
3330 5407 3346 5420 ο
3377 5383 3455 5453 οἷς
3478 5379 3759 5455 ἀγαπητὸν

2184 5489 2446 5546 δύνασθαι
2474 5488 2724 5561 ἐξαρκεῖν
2747 5489 2873 5551 τοὺς
2896 5484 3242 5547 διδασκάλους
3267 5483 3363 5538 καὶ
3390 5483 3638 5553 κήρυκας
3663 5471 3755 5530 τοῦ

2185 5581 2283 5653 τῆς
2332 5579 2639 5642 θεοσεϐείας
2684 5576 2863 5647 λόγου,
2913 5576 3129 5631 πάντων
3173 5571 3605 5644 ἀπολελυμένους
3646 5561 3756 5620 τῶν
