4056 6418
382 403 436 462 8i
1235 404 1469 465 DEMON
1478 405 1887 465 STRATIONIS
1925 404 2384 462 EVANGELICA‘S
2424 403 2551 460 LIB.
2578 403 2623 459 ἰ.
2802 454 2803 457 η
3575 405 3645 458 83

387 518 474 574 τού
514 516 633 591 βίου
665 518 913 592 δεσμῶν,
951 520 1047 576 καὶ
1068 520 1177 575 τῶν
1205 521 1624 594 πολυμερίμνων
1650 525 1964 597 φροντίδων.

2070 522 2290 578 nuerint
2310 560 2324 586 ,
2369 528 2462 574 aut
2491 518 2584 590 qui
2616 516 2939 573 enutrierint
2968 534 2981 573 :
3013 515 3231 588 quando
3267 523 3427 587 etiam
3460 517 3528 574 de
3556 521 3643 574 di-

391 610 636 667 Μάλιστα
666 610 712 664 δ’
748 608 845 667 οὖν
888 613 1099 678 τούτοις
1141 615 1455 683 ἀναγκαίως
1501 615 1569 670 τά
1608 615 1703 672 νῦν
1749 616 1836 670 διά
1866 616 1964 690 τὴν

394 705 519 774 περὶ
557 702 628 756 τά
669 704 909 775 κρείττω
953 704 1146 778 σχολὴν
1188 709 1221 777 ἡ
1254 705 1361 761 τῶν
1401 707 1593 779 γάμων
1621 706 1969 783 ἀναχώρησις

394 798 774 863 σπουδάζεται,
808 798 905 853 ἆτε
946 800 1074 869 περὶ
1102 797 1200 871 τὴν
1239 797 1418 853 ἔνθεον
1454 800 1546 855 καὶ
1573 799 1810 872 ἀσαρκον
1840 818 1971 855 παι-

390 889 635 947 δοποιίαν
667 891 1104 962 ἀσχολουμένοις,
1138 890 1235 962 οὐχ
1266 890 1385 955 ὲνδς
1412 892 1532 946 οὐδὲ
1564 891 1706 945 δυεῖν
1740 892 1967 957 παίδων,

391 983 504 1037 ἀλλ’
526 982 741 1055 ἀθρόως
765 984 958 1056 μυρίου
980 983 1215 1055 πλήθους
1226 983 1325 1055 τὴν
1345 984 1853 1057 παιδοτροφίαν,καὶ
1871 985 1970 1060 τὴν

393 1074 535 1129 κατά
564 1075 699 1129 Θεὸν
729 1076 1030 1139 παίδευσιν,
1059 1075 1157 1146 τῆς
1191 1092 1251 1128 τε
1294 1076 1457 1149 ἄλλης
1490 1078 1709 1150 ἀγωγῆς
1732 1078 1829 1132 τοῦ
1856 1078 1968 1149 βίου

388 1169 486 1242 τὴν
523 1168 847 1240 ἐπιμέλειαν
883 1169 1338 1241 ἀναδεδεγμένοις.
1372 1169 1499 1224 Ἐπὶ
1524 1170 1733 1235 τούτοις
1767 1169 1970 1225 ἅπασιν

390 1260 551 1326 εἴτις
582 1254 829 1334 ἀκριϐῶς
855 1260 1093 1328 ἐξετάζοι
1113 1262 1238 1325 τοὺς
1252 1260 1361 1314 τῶν
1385 1260 1630 1316 παλαιιῖιν
1652 1259 1820 1333 βίους,
1844 1262 1973 1335 περ)⁸

386 1347 462 1406 ὧν
481 1352 578 1407 τὸν
591 1353 751 1422 λόγον
777 1353 1095 1423 ποιούμεθα,
1109 1354 1259 1428 γνῴη
1274 1356 1339 1410 ἂν
1360 1356 1555 1420 αὐτοὺς
1580 1358 1637 1410 ὲν
1654 1357 1848 1429 ἀρχαῖς
1873 1356 1974 1427 μὲν

388 1446 488 1522 τῆς
521 1444 744 1517 ἡλικίας
774 1447 1312 1519 παιδοποιουμένους,
1339 1447 1531 1502 θᾶττον
1548 1447 1605 1502 δὲ
1638 1449 1973 1519 ἀνασχόντας

389 1535 483 1588 καὶ
521 1535 1041 1607 ἀποπεπαυμένους.
1086 1538 1401 1610 Γέγραπται
1440 1538 1552 1611 γάρ
1591 1539 1673 1593 ὃτι
1721 1557 1739 1590 ι
1763 1538 1972 1610 Εύηρέ-

386 1639 590 1697 στησεν
633 1625 805 1698 Ἑνὼχ
842 1627 922 1699 τῷ
970 1629 1110 1702 Θεῷ,
1158 1630 1296 1702 μετά
1335 1630 1397 1684 τὸ
1434 1630 1692 1701 γεννῆσαι
1734 1630 1823 1683 τὸν
1853 1632 1975 1684 Μα-

389 1716 653 1782 θουσαλα,
687 1738 706 1770 ι
753 1719 998 1791 ἀκριϐῶς
1021 1720 1163 1776 οὕτω
1196 1722 1292 1795 τῆς
1319 1721 1539 1793 Γραφῆς
1584 1722 1721 1793 μετά
1757 1720 1850 1776 τὸν
1878 1721 1971 1775 τοῦ

391 1812 584 1876 παιδὸς
623 1812 877 1883 γέννησιν
924 1814 1346 1886 εὐηρεστηκέναι
1385 1814 1462 1886 τῷ
1493 1815 1614 1886 θεῷ
1655 1814 1746 1869 τὸν
1782 1815 1971 1887 δηλού-

2072 614 2298 686 scipulis
2332 610 2631 667 Salvatoris
2656 609 2868 680 aliquos
2892 611 3145 664 novimus
3176 609 3426 664 libertate
3453 611 3646 666 volun-

2069 706 2198 761 tatis
2238 718 2480 769 aversos,
2529 717 2560 756 α
2605 708 2757 756 recto
2788 700 3095 757 aberrasse.
3134 698 3316 755 Causa
3365 701 3532 772 igitur
3574 705 3645 757 oh

2071 811 2232 866 quam
2267 796 2366 851 viri
2397 794 2571 850 sancti
2629 792 2825 863 priscis
2878 790 3216 861 temporibus
3265 806 3464 863 magno
3516 808 3644 847 cum

2071 887 2253 943 studio
2298 886 2500 941 liberos
2547 883 2918 954 susciperent,
2957 882 3169 938 reddita
3198 893 3326 939 est:
3368 900 3490 956 qua:
3531 901 3643 941 non

2071 979 2306 1050 amplius
2339 978 2394 1033 in
2419 977 2578 1033 nobis
2609 977 2788 1033 locum
2822 976 3023 1030 habere
3052 974 3282 1030 dicenda
3304 985 3408 1033 est.
3432 977 3645 1049 Quippe

2071 1086 2195 1125 cum
2216 1112 2230 1136 ,
2260 1070 2369 1123 Deo
2403 1067 2636 1132 favente,
2668 1083 2761 1140 per
2795 1066 3163 1138 evangelicam
3203 1064 3503 1126 Salvatoris
3540 1085 3642 1123 no-

2072 1164 2174 1221 stri
2218 1161 2546 1229 doctrinam,
2581 1160 3009 1216 innumerabiles
3046 1167 3235 1231 gentes
3261 1202 3275 1225 ,
3307 1167 3360 1215 et
3392 1162 3641 1232 populos,

2072 1254 2128 1309 in
2160 1252 2411 1316 urbibus,
2441 1260 2494 1308 et
2526 1251 2861 1324 regionibus.
2884 1258 2937 1305 et
2968 1251 3115 1322 agris
3144 1251 3306 1306 liceat
3336 1251 3496 1307 nobis
3520 1266 3647 1307 ocu-
3751 1288 3760 1300 .

2071 1346 2141 1401 lis
2166 1345 2397 1409 intueri,
2430 1343 2620 1399 eodem
2657 1342 2839 1397 animo
2872 1342 3224 1408 festinantes,
3265 1348 3320 1398 et
3359 1343 3423 1397 ad
3456 1352 3645 1398 saneta
3736 1368 3747 1381 κ

2073 1439 2402 1508 evangelij
2429 1436 2691 1492 doctrina:
2712 1442 2979 1507 praecepta
3005 1443 3416 1499 concurrentes,
3446 1437 3650 1508 quibus

2074 1531 2293 1600 quidem
2318 1529 2451 1584 satis
2478 1543 2751 1599 superque
2789 1527 2892 1589 sit,
2936 1527 2980 1581 si
3010 1527 3266 1582 doctores
3294 1541 3357 1582 ac
3392 1528 3650 1597 praedica-

2073 1632 2222 1679 tores
2276 1621 2443 1676 divini
2474 1621 2622 1676 verbi
2652 1620 2909 1676 omnibus
2968 1629 3022 1676 et
3068 1620 3194 1674 vita:
3246 1621 3483 1676 vinculis
3514 1664 3528 1688 ,
3594 1630 3649 1677 et

2075 1713 2535 1771 sollicitudinibus
2598 1713 2859 1775 liberati.
2931 1712 3144 1783 possint
3200 1710 3469 1768 sulllcere.
3552 1711 3648 1769 llis

2075 1818 2253 1863 autem
2303 1807 2438 1878 ipsis
2494 1804 2732 1861 maxime
2810 1805 2865 1860 in
2933 1804 3264 1876 prmscntia,
3329 1814 3390 1859 ut
3453 1804 3647 1859 melio-

390 1905 918 1977 μενονίστορούσης,
951 1907 1042 1960 καὶ
1069 1907 1253 1961 οὐκέτι
1277 1908 1336 1975 ἐξ
1363 1908 1573 1963 ἐκείνου
1600 1909 1796 1972 παῖδας
1820 1909 1968 1981 αύτῷ

2070 1899 2221 1956 ribus
2274 1897 2472 1954 studiis
2508 1903 2700 1951 vacent
2736 1895 2967 1951 liberius
2994 1936 3009 1960 ,
3058 1895 3342 1965 seiunctus
3365 1910 3394 1949 a
3421 1909 3480 1951 re
3512 1910 3648 1950 uxo-

386 1994 643 2064 γενέσθαι
695 1995 1098 2069 μαρτυρούσης.
1132 1997 1242 2052 Kal.
1283 1998 1404 2052 Νῶε
1452 1997 1537 2065 δὲ,
1576 1999 1860 2072 ἄνθρωπος
1890 2000 1970 2055 δί-

386 2101 543 2161 καιος
562 2127 578 2150 ,
615 2085 758 2157 μετά
790 2087 890 2159 τὴν
924 2087 1031 2142 τῶν
1058 2087 1272 2142 παίδων
1289 2087 1498 2155 γένεσιν
1531 2089 1688 2161 μόνος
1729 2090 1825 2145 σὺν
1857 2091 1970 2153 τοῖς

383 2156 609 2242 σίκείοις
650 2178 712 2232 έν
742 2180 811 2251 τῇ
845 2156 963 2233 *τῶν
1003 2178 1096 2233 ἐπὶ
1137 2179 1238 2251 γῆς
1281 2156 1544 2237 ἁπάντων⁷
1559 2180 1734 2254 φθορᾷ
1768 2181 1969 2237 διασω-

384 2268 533 2335 θεὶς,
572 2271 852 2335 πλείστοις
896 2271 1034 2343 μετά
1069 2269 1242 2324 ταῦτα
1284 2270 1528 2336 ἐπιϐιοὺς
1568 2271 1766 2339 ἔτεσιν,
1809 2272 1968 2325 οὐδα-

383 2362 507 2431 μῶς
550 2363 834 2431 εἰσάγεται
874 2361 1070 2425 παῖδας
1107 2362 1467 2433 κτησάμενος.
1521 2363 1753 2433 Λέγεται
1791 2364 1847 2418 δὲ
1876 2362 1969 2419 καὶ

377 2453 410 2506 ό
458 2453 685 2518 Ἰσαὰκ,
740 2455 805 2507 ὲκ
853 2455 984 2525 μιᾶς
1006 2452 1251 2525 γαμετῆς
1297 2452 1514 2526 διδύμου
1573 2455 1741 2527 γονῆς
1788 2457 1973 2530 πατὴρ

380 2537 656 2605 γεγονὼς,
715 2538 876 2611 μέχρι
918 2540 1107 2594 τούτου
1154 2540 1347 2613 στῆσαι
1392 2542 1491 2615 τὴν
1540 2542 1677 2616 πρὸς
1720 2545 1970 2619 γαμετὴν

375 2628 625 2699 ὁμιλίαν.
666 2632 778 2685 Καὶ
820 2634 851 2686 ό
880 2632 1105 2704 Ἰωσὴφ,
1142 2634 1237 2686 καὶ
1277 2632 1452 2689 ταῦτα
1492 2636 1624 2709 παρ’
1653 2637 1971 2708 Αἰγυπτίοις

374 2721 481 2785 τὰς
520 2721 811 2794 διατριϐὰς
854 2725 1258 2797 πεποιημένος,
1307 2727 1368 2780 ού
1407 2727 1573 2783 πλείω
1621 2729 1714 2784 δύο
1765 2730 1970 2786 παίδων

375 2812 626 2895 κατέστη
662 2816 866 2888 πατὴρ,
893 2817 1025 2887 μίαν
1056 2818 1155 2890 τὴν
1183 2816 1391 2873 τούτων
1421 2820 1636 2893 μητέρα
1678 2823 1966 2896 ἀγόμενος.

375 2905 493 2959 Καὶ
537 2906 705 2971 αὐτός
734 2924 799 2978 γε
826 2908 1066 2982 Μωῦσῆς
1102 2911 1131 2965 ὃ
1160 2928 1221 2995 τε
1254 2912 1449 2967 τούτου
1491 2912 1721 2985 ἀδελφὸς
1758 2914 1970 2987 ’Δαρὼν

375 2997 489 3069 πρὸ
521 2998 627 3069 μὲν
657 2999 757 3070 τῆς
785 2998 877 3053 τοῦ
906 2999 1041 3055 Θεοῦ
1077 3003 1394 3073 ἐπιφανείας
1422 3004 1760 3078 ἱστοροῦνται
1784 3007 1970 3061 παιδο-

373 3092 785 3163 πεποιημὲνοι’
823 3092 958 3164 μετά
1004 3094 1060 3148 δὲ
1090 3095 1215 3160 τοὺς
1264 3095 1440 3162 Θείους
1466 3099 1747 3171 χρησμοὺς
1787 3099 1968 3155 οὐκέτι

372 3184 533 3239 εστιν
580 3184 770 3266 αὐτοῖς
816 3186 1011 3251 παῖδας
1044 3188 1225 3259 εὑρεῖν
1256 3190 1706 3261 γεγεννημένους.
1752 3191 1819 3244 Τί
1864 3194 1967 3266 χρὴ

2068 1991 2150 2044 ria
2182 1989 2362 2045 victus
2388 1988 2693 2054 adamatur,
2728 1987 2894 2043 veluti
2922 1987 3010 2054 iis,
3042 1987 3137 2062 qui
3167 1986 3351 2041 divina
3385 1998 3438 2042 et
3464 1987 3648 2041 incor-

2066 2096 2232 2153 porea
2292 2080 2481 2137 sobole
2541 2078 2935 2151 propaganda,
2991 2081 3242 2151 occupati
3305 2086 3687 2161 teneanturg

2067 2183 2122 2230 et
2169 2189 2277 2228 non
2333 2173 2529 2239 unius,
2592 2188 2768 2244 neque
2833 2171 3069 2228 duorum
3142 2173 3477 2238 liberorum,
3551 2175 3647 2231 sed

2068 2262 2363 2317 acervatim
2389 2261 2807 2318 innumerabilis
2837 2261 3203 2318 multitudinis
3240 2262 3646 2328 educationem,

2068 2362 2423 2426 sanctamque
2474 2354 2819 2425 disciplinam
2850 2393 2868 2421 ,
2924 2370 2988 2410 ac
3027 2356 3253 2426 reliquae
3296 2353 3652 2412 instituenda:

2070 2446 2194 2500 vita:
2257 2460 2447 2500 curam
2517 2446 2882 2516 susceperint.
2950 2444 3292 2502 Postremum
3361 2446 3646 2511 omnium,

2066 2537 2172 2608 33
2191 2538 2235 2594 si
2258 2539 2381 2609 quis
2408 2538 2717 2609 priscorum
2738 2539 2956 2593 illorum
2988 2540 3151 2603 vitas,
3178 2540 3246 2595 de
3275 2539 3476 2610 quibus
3500 2557 3648 2594 nunc

2058 2626 2367 2701 loquimur,
2403 2630 2693 2701 diligenter
2736 2631 2982 2703 exploret
3016 2649 3029 2686 :
3078 2632 3320 2686 inveniet
3364 2647 3459 2687 eos
3491 2631 3648 2689 initio

2067 2722 2287 2793 quidem
2321 2722 2518 2788 aetatis,
2550 2722 2724 2777 soboli
2748 2722 3029 2793 augendae,
3059 2724 3425 2796 coniugioque
3458 2739 3651 2779 vacan—

2067 2821 2197 2879 tes,
2242 2823 2453 2870 mature
2501 2824 2685 2871 autem
2734 2815 3073 2872 abstinentes
3126 2823 3289 2888 atque
3341 2827 3643 2875 cessantes.

2070 2906 2347 2977 Scriptum
2395 2914 2477 2963 est
2510 2907 2653 2963 enim
2702 2907 2767 2973 “,
2812 2908 2957 2979 quod
2994 2909 3262 2980 placuerit
3307 2909 3495 2965 Enoch
3537 2910 3647 2967 Deo

2069 3008 2357 3072 postquam
2405 2999 2592 3071 genuit
2644 2998 2967 3056 Mathusala.
3017 2999 3120 3056 Ubi
3158 3000 3439 3073 Scriptura
3488 3003 3648 3075 plane

2066 3098 2192 3160 post
2218 3090 2458 3161 genitum
2492 3089 2684 3155 filium,
2719 3089 2830 3147 Deo
2882 3092 3155 3162 placuisse
3215 3094 3399 3159 illum,
3442 3093 3510 3150 de
3536 3111 3646 3167 quo

2072 3181 2336 3251 loquitur,
2369 3189 2655 3247 memorat,
2693 3197 2871 3253 neque
2895 3182 2971 3237 illi
2998 3185 3228 3253 posthac
3260 3186 3402 3242 alios
3435 3188 3648 3259 genitos

371 3276 563 3346 λέγειν
610 3258 742 3347 περὶ
780 3276 1140 3349 Μελχισεδὲκ;
1183 3273 1246 3333 οὗ
1297 3258 1548 3348 καθάπαξ
1600 3282 1660 3336 οὐ
1708 3258 1967 3348 nefa

2070 3271 2213 3328 filios
2243 3274 2444 3343 prodit.
2473 3271 2588 3329 Noe
2617 3289 2835 3345 quoque
2865 3275 2949 3330 vir
2968 3276 3154 3345 justus
3185 3288 3306 3348 post
3339 3258 3648 3352 susceptio-

373 3368 560 3437 γένος,
586 3368 651 3421 οὗ
684 3367 901 3441 διαδοχὴ
934 3371 1183 3443 φέρεται·
1212 3373 1322 3426 οὐδ’
1361 3374 1535 3445 Ἰησοῦ
1567 3373 1659 3429 τοῦ
1689 3374 1967 3440 Μωῦσέως

370 3458 661 3532 διαδόχου,
704 3460 825 3514 οὐδὲ
876 3461 1139 3517 πλείστων
1180 3465 1355 3519 ἀλλων
1387 3467 1703 3538 προφητῶν.
1764 3469 1968 3539 Ζητου-

377 3554 568 3624 μένοις
600 3553 662 3606 δὲ
699 3554 801 3624 τῆς
830 3554 971 3608 κατά
1004 3555 1096 3608 τὸν
1130 3556 1379 3628 ’Δύραάμ
1418 3558 1513 3612 καὶ
1544 3557 1739 3613 Ἰακὼὸ
1779 3560 1967 3613 παιδο-

376 3644 567 3707 ποιίας
597 3647 658 3697 ὲν
682 3645 891 3717 ἑτέροις
924 3646 1014 3699 τὸν
1045 3647 1199 3716 λόγον
1234 3647 1574 3720 σχολαίτερον
1618 3650 1967 3707 ἀποδεδώκα-

379 3750 503 3803 μεν,
541 3734 603 3788 ὲν
643 3729 728 3799 οἷς
764 3736 893 3809 περὶ
944 3736 1042 3807 τῆς
1090 3737 1199 3790 τῶν
1240 3737 1409 3793 πάλαι
1450 3737 1710 3810 θεοφιλῶν
1757 3740 1966 3815 ἀνδρῶν

377 3826 737 3899 πολυγαμίας
773 3845 833 3880 τε
873 3828 967 3881 καὶ
1009 3828 1361 3896 πολυπαιδίας
1392 3831 1763 3904 διειλήφαμεν,
1807 3835 1892 3905 ἐφ’
1929 3836 1967 3890 ἃ

376 3921 473 3975 καὶ
500 3920 601 3973 νῦν
624 3922 752 3985 τοὺς
775 3919 1092 3992 φιλομαθεῖς
1119 3922 1532 3997 ἀναπέμπομεν,
1563 3924 1814 3981 τοσοῦτον
1846 3928 1965 3983 ἐπι-

380 4012 786 4085 σημηνάμενοι,
807 4012 889 4065 ὅτι
918 4014 1009 4066 καὶ
1038 4013 1179 4069 κατὰ
1199 4017 1325 4081 τοὺς
1346 4017 1444 4088 τῆς
1460 4017 1669 4089 Καινῆς
1690 4020 1964 4093 Διαθήκης

376 4106 603 4177 νόμους,
629 4105 692 4158 οὑ
724 4106 957 4177 πάμπαν
991 4106 1447 4178 ἀπηγόρευταιτά
1473 4110 1573 4180 τῆς
1598 4111 1961 4177 παιδοποιίας,

377 4197 516 4250 ἀλλὰ
544 4198 652 4251 κάν
670 4197 846 4269 τούτῳ
872 4198 941 4252 τὰ
964 4200 1318 4273 παραπλήσια
1339 4204 1453 4266 τοῖς
1474 4203 1638 4258 πάλαι
1662 4203 1962 4274 Θεοφιλέσιν

377 4288 751 4345 διατέτακται.
802 4292 1052 4364 ιΧρῆναι
1095 4293 1202 4366 γάρ
1256 4312 1419 4365 φησιν
1461 4295 1669 4366 ὁλόγος
1715 4296 1804 4351 τὸν
1844 4298 1964 4352 ὲπί-

2071 3380 2195 3419 nem
2242 3365 2561 3428 liberorum,
2610 3366 2761 3422 solus
2815 3381 2939 3421 cum
3000 3368 3226 3434 familia,
3282 3385 3406 3424 cum
3438 3373 3647 3444 reliqua

2070 3458 2253 3512 omnia
2293 3473 2635 3529 quaecunque
2665 3468 2847 3513 essent
2870 3459 2923 3513 in
2952 3461 3456 3530 terra,periissent,
3495 3464 3648 3520 inco-

2070 3550 2234 3604 lumis
2277 3560 2669 3616 conservatus,
2721 3552 2972 3622 plurimis
3020 3554 3250 3623 posthac
3310 3556 3648 3625 superfuisse

2068 3641 2229 3697 annis
2263 3641 2582 3707 inducitur,
2636 3658 2812 3714 neque
2865 3651 3048 3699 tamen
3105 3661 3339 3716 usquam
3392 3650 3648 3720 genuisse

2068 3733 2206 3789 alios
2241 3732 2400 3789 filios.
2435 3733 2645 3789 Dicitur
2680 3744 2732 3789 et
2764 3735 2913 3791 Isaac
2952 3744 3243 3807 postquam
3274 3755 3339 3792 ex
3371 3756 3477 3794 una
3512 3756 3647 3796 uxo—

2069 3839 2128 3880 re
2162 3826 2390 3895 gemina:
2416 3827 2587 3898 prolis
2616 3835 2768 3897 pater
2795 3826 2978 3884 factus
3005 3835 3111 3893 est,
3143 3828 3377 3885 desiisse
3400 3845 3524 3885 cum
3555 3831 3646 3886 illa

2066 3931 2450 3972 consuescere.
2477 3917 2541 3972 Et
2568 3917 2789 3989 Ioseph,
2820 3933 2943 3972 cum
2972 3922 3273 3991 prmsertim
3304 3920 3445 3992 apud
3477 3921 3648 3995 Egy-

2066 4009 2208 4079 plios
2241 4019 2486 4065 versatus
2524 4010 2616 4075 sit,
2650 4027 2755 4067 non
2785 4013 2906 4082 plus
2940 4027 3103 4082 quam
3142 4014 3377 4069 duorum
3410 4014 3642 4073 filiorum

2065 4109 2221 4171 pater
2271 4102 2547 4158 exstitisse
2608 4102 2902 4168 invenitur,
2947 4121 3181 4177 quorum
3220 4114 3447 4163 matrem
3480 4123 3644 4162 unam

2066 4191 2330 4247 duntaxat
2366 4194 2419 4248 in
2455 4196 2803 4251 matrimonio
2829 4196 3098 4252 habuerit.
3124 4197 3243 4269 lpse
3273 4200 3436 4254 etiam
3465 4199 3643 4256 Moses

2064 4293 2225 4354 atque
2258 4286 2380 4356 ejus
2411 4285 2580 4343 frater
2601 4289 2807 4353 Aaron,
2833 4295 3122 4359 antequam
3158 4290 3293 4361 ipsis
3315 4290 3458 4347 Deus
3484 4307 3643 4364 appa-

382 4399 586 4435 mmv
649 4381 932 4451 γεγονέναι
1006 4387 1133 4455 μιᾶς
1204 4386 1459 4455 γυναικὸς
1514 4387 1699 4460 ἄνδρα.
1741 4408 1759 4440 ι
1817 4388 1962 4462 Πλὴν

2069 4377 2258 4441 ruerit,
2294 4376 2434 4433 ﬁlios
2471 4378 2727 4449 genuisse
2765 4389 3168 4450 memorantur;
3218 4392 3507 4455 postquam
3539 4401 3642 4441 au-

380 4471 516 4526 ἀλλά
547 4474 664 4535 τοῖς
713 4473 1029 4544 ἱερωμένοις
1071 4477 1163 4529 καὶ
1208 4477 1336 4548 περὶ
1368 4479 1468 4551 τὴν
1507 4478 1598 4531 τοῦ
1634 4478 1769 4533 Θεοῦ
1800 4478 1963 4551 θερα-

2069 4478 2171 4526 tem
2196 4470 2381 4525 divina
2417 4471 2638 4525 oracula
2666 4474 2995 4542 acceperint,
3027 4489 3134 4527 non
3167 4476 3401 4545 amplius
3427 4477 3640 4547 genitos

382 4563 541 4618 πείαν
590 4564 1007 4635 ἀσχολουμένοις
1058 4567 1270 4637 ἀνέχειν
1322 4569 1508 4623 λοιπὸν
1565 4572 1705 4640 σφᾶς
1764 4572 1961 4635 αὐτοὺς

2069 4561 2134 4617 ab
2175 4561 2286 4617 illis
2320 4561 2460 4618 ﬁlios
2490 4561 2759 4619 invenias.
2796 4561 2936 4629 Quid
2980 4579 3143 4634 porro
3178 4565 3246 4621 de
3282 4565 3639 4624 Melchisedec

380 4659 655 4730 προσήκει
701 4655 802 4726 τῆς
853 4659 1096 4730 γαμικῆς
1143 4660 1377 4731 ὁμιλίας.
1433 4662 1587 4715 Ὅσοι
1632 4662 1687 4715 δὲ
1736 4663 1810 4734 μὴ
1856 4663 1956 4735 τῆς

2069 4662 2144 4710 est
2170 4655 2484 4721 dicendum,
2513 4656 2673 4727 cujus
2702 4656 2926 4711 omnino
2961 4672 3072 4710 non
3108 4656 3272 4723 filius,
3302 4676 3410 4714 non
3442 4674 3637 4732 genus,

379 4749 652 4820 τοσαύτης
714 4747 970 4818 ἠξίωνται
1038 4752 1378 4823 ἱερουργίας,
1439 4753 1647 4818 τούτοις
1706 4755 1735 4807 ό
1806 4754 1962 4823 λόγος

2069 4764 2171 4804 non
2224 4748 2504 4805 successio
2558 4747 2825 4805 refertur?
2873 4767 3049 4824 neque
3099 4754 3227 4808 item
3256 4751 3407 4817 Jesu,
3454 4754 3638 4824 quiin

375 4841 682 4911 καθυφίησι
730 4843 1009 4914 μονονουχὶ
1058 4842 1355 4917 διαρρήδην
1405 4846 1608 4901 ἅπασιν
1651 4845 1956 4918 κηρύττων,

2069 4845 2229 4901 Hosis
2261 4846 2441 4901 locum
2466 4846 2756 4912 successit,
2786 4863 2964 4919 neque
3002 4836 3361 4919 plu-rimorum
3404 4847 3635 4905 aliorum

374 4936 459 4988 ὅτι
506 4935 573 5006 δὴ
633 4953 652 4985 ι
690 4935 882 5005 Τίμιος
927 4936 955 4990 ὁ
1001 4935 1177 5007 γάμος
1237 4937 1330 4990 καὶ
1382 4940 1415 5009 ἠ
1458 4938 1613 5010 κοίτη
1670 4938 1953 5009 ἀμίαντος,

2069 4937 2466 5008 prophetarum.
2520 4936 2657 4992 Cum
2709 4945 2889 4993 autem
2924 4939 2990 4995 de
3034 4938 3331 5003 Abraham,
3383 4947 3437 4995 et
3464 4939 3635 4997 Jacob

376 5031 616 5099 τῄρνους
650 5028 707 5082 δὲ
756 5029 849 5082 καὶ
889 5030 1109 5101 μοιχοὺς
1132 5033 1309 5101 κρινεῖ
1352 5033 1380 5085 ό
1404 5032 1555 5096 Θεός.
1582 5052 1600 5085 ι
1639 5030 1822 5087 Ταῦτα
1859 5031 1957 5103 μὲν

2069 5029 2230 5100 [ιυαξιοί
2265 5029 2458 5093 soleat,
2503 5030 2595 5100 qui
2628 5030 2978 5102 multiplicem
3013 5032 3255 5086 subolem
3299 5048 3638 5107 propagave-

372 5115 469 5173 οὖν
506 5122 587 5183 είς
614 5119 714 5191 τὴν
741 5118 964 5192 πρώτην
990 5123 1124 5192 ἡμῖν
1156 5121 1395 5194 είρήσθω
1423 5123 1711 5195 πρότασιν.

2069 5130 2210 5188 runt,
2250 5124 2379 5179 alibi
2411 5138 2514 5179 nos
2543 5124 2779 5180 otiosius
2819 5125 3050 5195 hujusce
3078 5127 3157 5181 rei
3204 5127 3475 5183 rationem
3510 5131 3634 5186 red—

371 5210 620 5267 didimus
656 5230 669 5266 :
701 5211 793 5266 ubi
826 5210 893 5266 de
917 5219 1233 5267 sanctorum
1266 5222 1502 5269 veterum
1536 5215 1776 5270 virorum
1806 5214 2089 5286 multiplici
2109 5214 2364 5287 conjugio
2384 5215 2779 5288 multiplicique
2802 5216 2989 5272 sobole
3007 5214 3387 5275 disseruimus.
3408 5218 3489 5274 Ad
3513 5237 3634 5292 qua:

370 5302 583 5374 scripta
601 5310 793 5360 nostra
809 5306 860 5359 in
880 5307 1133 5376 praesenti
1160 5309 1438 5365 studiosos
1460 5310 1693 5368 lectores
1711 5312 2055 5376 remittimus,
2074 5312 2176 5367 hoc
2203 5327 2370 5367 unum
2396 5311 2771 5378 admonentes,
2805 5328 2872 5368 ne
2894 5310 3032 5368 Novi
3057 5313 3280 5385 quidem
3297 5314 3631 5372 Testamenli

371 5398 608 5470 legibus,
638 5416 760 5470 quae
786 5400 852 5455 ad
888 5404 1289 5473 susceptionem
1320 5406 1617 5462 liberorum
1648 5409 1940 5480 pertinent,
1974 5409 2199 5465 omnino
2246 5409 2518 5474 interdici,
2554 5409 2648 5466 sed
2682 5411 2736 5464 in
2799 5410 2904 5465 hoc
2950 5426 3167 5483 quoque
3225 5411 3291 5468 iis
3339 5421 3632 5469 consenta-

368 5506 502 5553 nea,
542 5507 666 5562 qua:
689 5492 757 5548 de
782 5493 977 5563 priscis
1006 5495 1113 5551 illis
1152 5498 1358 5556 sanctis
1384 5499 1515 5557 viris
1549 5508 1938 5569 memorantur,
1976 5503 2225 5558 instituta
2255 5503 2463 5560 haberi.
2496 5521 2514 5554 ι
2544 5499 2807 5573 Oportere
2830 5503 2999 5571 enim,
3048 5524 3067 5557 ι
3105 5506 3237 5560 dicit
3305 5521 3486 5561 sermo
3550 5505 3632 5562 di-

366 5592 537 5643 vinus
565 5590 632 5653 ",
671 5606 691 5640 ι
731 5590 1048 5660 episcopum
1107 5593 1274 5649 unius
1305 5596 1493 5651 uxoris
1529 5596 1704 5652 virum
1734 5612 1876 5655 esse.
1903 5619 1940 5651 -ι
1976 5597 2365 5657 Verumtamen
2419 5616 2539 5664 eos,
2564 5599 2654 5670 qui
2680 5601 2880 5656 sacrati
2909 5603 3041 5668 sint,
3081 5610 3243 5672 atque
3303 5603 3357 5656 in
3401 5599 3495 5657 Dei
3525 5602 3628 5657 mi-

367 5680 603 5736 nisterio
655 5680 919 5751 cultuque
945 5684 1219 5754 occupati,
1251 5689 1531 5743 continere
1555 5688 1813 5760 deinceps
1835 5691 2045 5762 seipsos
2074 5707 2103 5746 a
2133 5691 2464 5748 commercio
2498 5691 2684 5750 uxoris
2716 5691 2871 5748 decet
2900 5712 2912 5747 :
2970 5695 3070 5762 qui
3140 5701 3321 5747 autem
3385 5705 3497 5749 non
3560 5689 3628 5748 ad

448 5857 495 5894 “
524 5857 666 5917 Cen.
718 5879 741 5914 ι
770 5902 785 5929 ,
824 5860 915 5917 24.
995 5863 1036 5894 ⁸⁸
1068 5860 1083 5915 l
1114 5861 1252 5917 Tim.
1287 5881 1367 5931 ιιι,
1399 5866 1452 5921 2.
