4056 6418
534 404 605 461 83

1201 399 1469 457 EUSEBII
1506 395 1984 456 CESARIENSIS
2020 391 2139 449 OPP

2240 388 2392 445 uas
2416 384 2486 445 η.
2524 421 2594 431 -
2629 355 3143 442 aromatum.“

3719 373 3785 426 84

537 529 750 578 tantum
796 522 1060 592 assumpti
1109 521 1220 576 sint
1270 521 1563 578 sacerdotii
1609 533 1830 580 munus,
1880 515 1951 570 iis
2000 512 2143 567 idem
2215 522 2396 564 sermo
2450 506 2670 561 divinus
2725 502 2990 573 indulget,
3053 512 3118 553 ac
3163 488 3556 592 propemodum
3606 486 3782 592 palam

538 617 806 674 omnibus
827 578 1108 689 praedicat,
1144 615 1292 687 quod
1325 617 1514 686 utique
1548 634 1566 666 ι
1608 578 1928 669 honorabile
1957 607 2028 664 sit
2056 601 2393 672 coniugium,
2423 606 2476 653 et
2512 607 2668 653 torus
2698 594 3099 658 immaculatus,
3152 586 3511 643 fornicatores
3530 586 3587 636 et
3635 578 3776 633 adul-

538 728 688 770 teros
724 687 1076 787 iudicaturus
1110 713 1182 769 sit
1211 712 1353 769 Deus
1386 714 1449 767 ⁸⁸.
1486 732 1505 766 ι
1546 711 1670 766 Haec
1708 710 1890 779 itaque
1920 702 2081 759 nobis
2111 698 2179 753 ad
2208 696 2435 768 primam
2470 694 2863 750 dubitationem
2892 690 3034 745 dicta
3061 687 3192 742 sint.

1094 821 1203 894 34
1235 820 1463 877 CAPUT
1502 819 1571 874 x.

542 926 663 983 utra
713 917 777 971 de
808 933 972 971 causa
1000 933 1103 969 non
1148 916 1225 969 ita
1254 914 1424 977 nobis,
1457 911 1892 982 quemadmodum
1932 908 2122 983 priscis

2240 899 2348 983 Τίξςι
2402 899 2562 974 λόγῳ
2604 893 2832 983 abnatat
2884 890 3028 971 ἡμῖν

621 987 895 1043 incendere
931 997 978 1040 et
1036 987 1341 1054 sacriﬁcare
1378 986 1483 1038 Deo
1515 984 1785 1036 terrestria
1811 982 2124 1051 permissum

618 1069 717 1113 est.

622 1168 732 1226 Sed
766 1185 866 1225 cur
905 1184 1015 1224 non
1056 1183 1270 1223 summo
1302 1166 1432 1232 Deo,
1476 1165 1579 1236 ipsi
1614 1179 1828 1235 qu0que
1870 1160 2126 1216 animalia

554 1263 948 1324 sacrificemus,
980 1277 1104 1316 cum
1139 1268 1350 1315 veteres
1396 1259 1475 1314 illi
1520 1258 1613 1312 Dei
1648 1264 1939 1321 amatores,
1989 1268 2127 1323 quo-

554 1368 675 1408 rum
719 1369 820 1408 nos
851 1352 1108 1423 pietatem
1158 1350 1361 1405 imitari
1402 1350 1657 1414 dicimus,
1686 1347 1792 1401 hoc
1844 1343 2127 1411 factitave-

556 1448 686 1511 rint,
739 1447 864 1500 talis
914 1462 943 1499 a
987 1446 1147 1500 nobis
1208 1445 1348 1498 ratio
1380 1442 1658 1499 reddatur.
1698 1439 1783 1506 De
1816 1439 1936 1509 ipso
1977 1437 2126 1491 cultu

554 1555 714 1610 quem
754 1547 967 1594 veteres
992 1547 1046 1593 et
1079 1537 1242 1609 primi
1265 1536 1511 1591 homines
1535 1535 1732 1589 divina:
1757 1540 1963 1589 naturae
1983 1529 2130 1585 exhi-

554 1634 766 1694 berent.
804 1647 911 1685 non
948 1631 1091 1685 idem
1122 1629 1269 1701 quod
1297 1628 1505 1684 Graacis
1542 1624 1720 1682 visum
1751 1633 1855 1691 est,
1898 1632 1953 1681 et
1982 1623 2129 1695 quod

556 1727 611 1779 in
638 1724 813 1780 sacris
844 1723 1195 1778 Hebraeorum
1231 1722 1387 1777 libris
1416 1720 1711 1776 invenitur.
1745 1717 1878 1773 Nam
1908 1716 1985 1772 illi
2011 1717 2133 1788 qui-

555 1819 678 1872 dem
731 1822 1060 1887 putaverunt
1103 1814 1310 1886 primos
1340 1812 1609 1879 homines,
1644 1810 1853 1865 nullum
1902 1822 2130 1879 prorsus

556 1907 808 1961 animalis
839 1922 1032 1978 genus,
1062 1921 1239 1975 neque
1271 1903 1601 1967 sacriﬁcare,
1632 1916 1811 1972 neque
1837 1897 2131 1955 incendere

556 2000 750 2054 solitos
783 1999 909 2065 diis,
938 1998 1032 2055 sed
1056 2015 1151 2054 eos
1183 1998 1286 2055 soli
1326 2007 1380 2053 et
1406 1996 1633 2067 reliquis
1662 1995 1786 2051 coeli
1834 1992 2128 2057 sideribus,

556 2093 647 2147 ubi
693 2092 865 2147 viride
920 2106 1166 2162 gramen,
1198 2100 1252 2146 et
1292 2090 1450 2161 quasi
1490 2087 1757 2159 quasdam
1794 2084 2133 2142 fecundioris

2150 811 2199 869 Α

2762 798 3155 858 ΚΕΦΑΛΑΙΟΝ
3192 798 3251 851 I'.

3073 888 3285 957 ὁμοίως
3336 882 3460 957 τοῖς
3515 879 3791 957 παλαιοῖς

2295 950 2867 1037 θυμιᾷϊκῖιῖθύειν
2909 950 2993 1027 ἶῷ
3041 950 3161 1024 Θὲῷ
3200 950 3273 1011 τά
3308 954 3493 1025 γεώδη
3536 950 3792 1022 παραῶ

2293 1038 2478 1091 δοται.

2296 1154 2432 1226 Περὶ
2470 1152 2527 1206 δὲ
2563 1150 2659 1205 τοῦ
2704 1150 2778 1221 μὴ
2816 1146 3103 1212 ζωοθυτεῖν
3146 1143 3292 1215 ἡμᾶς
3325 1138 3405 1211 τῷ
3444 1138 3537 1190 ἐπὶ
3573 1135 3794 1191 πάντων

2225 1246 2364 1317 Θεῷ,
2399 1245 2507 1301 τῶν
2538 1244 2704 1298 πάλαι
2733 1240 2991 1310 θεοφιλῶν
3019 1236 3249 1309 ἀνδρῶν,
3273 1228 3347 1288 ὧν
3369 1233 3433 1304 δή
3459 1245 3638 1317 φαμεν
3653 1228 3794 1282 κατά

2228 1315 2387 1410 ζῆλον
2449 1335 2795 1400 θεοσεϐείας,
2849 1331 3008 1386 τοῦτο
3062 1326 3474 1399 πεποιηκότων,
3522 1315 3679 1384 οὗτος
3735 1318 3794 1386 ἐξ

2227 1433 2261 1502 ἡ
2271 1430 2387 1502 μῶν
2432 1427 2721 1501 ἀποδοθείη
2770 1426 2836 1482 ἂν
2876 1428 2906 1479 ό
2931 1425 3107 1494 λόγος.
3160 1422 3275 1492 Οὐχ
3322 1419 3511 1491 ὥσπερ
3539 1415 3796 1486 Ἕλλησιν

2228 1522 2540 1595 ἐνομίζετο,
2588 1522 2682 1575 καὶ
2721 1522 2835 1583 τοῖς
2872 1515 3135 1590 Ἐϐραίων
3189 1514 3355 1584 ἱεροῖς
3398 1510 3576 1580 λόγοις
3623 1505 3800 1561 ταύτά

2228 1613 2392 1678 δοκεῖ,
2440 1611 2569 1683 περὶ
2609 1610 2710 1681 τῆς
2739 1609 2848 1663 τῶν
2882 1608 3047 1663 πάλαι
3075 1606 3169 1660 καὶ
3199 1602 3430 1677 πρώτων
3465 1599 3674 1672 ἀνδρῶν
3709 1597 3800 1652 θε-

2232 1703 2464 1777 ραπείας
2511 1702 2604 1757 τοῦ
2641 1698 2819 1756 Θείου.
2868 1700 2932 1754 Οἱ
2975 1698 3073 1770 μὲν
3118 1696 3321 1767 ἔφασαν
3375 1693 3449 1765 μὴ
3494 1690 3643 1744 θύειν
3670 1689 3802 1754 τοὺς

2232 1796 2530 1869 προτέρους
2558 1794 2724 1867 μηδὲν
2760 1791 2936 1847 ὁτιοῦν
2958 1791 3066 1845 τῶν
3092 1786 3264 1855 ζώων,
3296 1784 3430 1858 μηδὲ
3456 1783 3658 1855 θομιᾷν
3685 1783 3802 1845 τοῖς

2233 1890 2396 1954 θεοῖς,
2423 1888 2535 1942 ἀλλ’
2564 1887 2699 1959 ἡλίῳ
2729 1886 2851 1957 μὲν,
2884 1886 2978 1939 καὶ
3014 1885 3125 1947 τοῖς
3156 1882 3277 1936 κατ’
3300 1876 3529 1951 οὐρανὸν
3553 1876 3802 1948 ἄστροις,

2231 1981 2393 2052 χλόην
2444 1981 2537 2033 καὶ
2582 1978 2746 2033 οἱονεί
2800 1992 2924 2031 τινα
2967 1973 3066 2046 τῆς
3116 1972 3339 2044 γονίμου
3379 1968 3593 2041 φύσεως
3639 1964 3804 2038 χνοῦν

2232 2077 2354 2137 ταῖς
2384 2072 2569 2145 χερσὶν
2597 2069 2926 2142 ἀραμένους,
2954 2068 3090 2120 πόαν
3114 2080 3175 2117 τε
3208 2065 3302 2117 καὶ
3330 2061 3503 2134 φύλλα
3530 2059 3626 2115 καὶ⁸
3647 2058 3807 2133 ῥίζας

558 2193 767 2239 natura:
808 2184 1135 2254 quisquilias
1178 2184 1431 2237 manibus
1473 2180 1845 2247 sustulissent,
1906 2178 2130 2234 herbam

2240 2165 2547 2219 κατακαίειν
2592 2161 2726 2233 πυρί
2745 2178 2759 2191 ⁸
2807 2160 2996 2232 πόρρω
3024 2158 3083 2213 δὲ
3109 2155 3456 2229 παρανομίας
3482 2151 3807 2214 ἐλαύνοντας

559 2292 685 2331 cum
715 2276 863 2331 foliis
909 2286 964 2331 et
1007 2275 1286 2330 radicibus
1320 2274 1432 2344 igni
1475 2273 1818 2327 comburere.
1853 2268 2131 2324 Posterio-

559 2384 650 2424 res
679 2377 861 2422 autem
887 2367 1136 2422 homines
1166 2366 1356 2436 procul
1384 2381 1415 2419 a
1438 2372 1551 2419 tam
1580 2370 1732 2419 recto
1759 2362 2011 2416 instituto
2038 2360 2135 2415 ab-

539 2466 829 2533 .errantes,
866 2458 1106 2515 foedasse
1153 2473 1280 2512 aras
1314 2457 1633 2511 animalium
1668 2454 1930 2510 caedibus.
1960 2450 2135 2507 Porro

561 2553 666 2607 hoc
691 2567 815 2609 esse
840 2552 1065 2621 impium
1088 2560 1142 2607 et
1162 2551 1449 2622 iujustum,
1479 2557 1535 2605 et
1554 2562 1824 2620 nusquam
1848 2546 1960 2601 Deo
1988 2560 2139 2601 acce-

560 2655 713 2715 ptum
748 2644 1099 2701 sacrificium.
1132 2643 1268 2697 Nam
1307 2644 1593 2699 brutorum
1635 2641 1872 2696 animam
1902 2639 2037 2694 nihil
2067 2639 2137 2694 ab

556 2738 843 2823 hominum
862 2736 1113 2791 rationali
1136 2737 1316 2791 anima
1338 2735 1572 2791 diﬁ‘erre.
1600 2736 1940 2804 Quapropter
1972 2731 2136 2787 caedis

522 2904 528 2909 ⁴
563 2829 906 2886 accusandos
950 2844 1074 2885 esse
1114 2843 1232 2892 eos,
1277 2828 1370 2899 qui
1425 2826 1682 2882 animalia
1739 2823 2133 2887 sacriﬁcarent,

563 2921 821 2976 dicebant
852 2941 865 2977 :
894 2935 1002 2975 non
1034 2934 1193 2975 secus
1221 2934 1287 2973 ac
1315 2918 1361 2973 si
1394 2917 1604 2982 eadem,
1639 2916 1963 2985 similisque,
1995 2923 2049 2970 ct
2080 2914 2138 2969 in

566 3014 787 3069 homine
826 3021 880 3067 et
923 3013 976 3066 in
1009 3012 1170 3066 bruto
1200 3009 1381 3064 anima
1411 3010 1633 3064 inesset.
1667 3006 1733 3060 Et
1770 3007 1893 3062 talis
1919 3006 2138 3076 quidem

564 3107 634 3162 d‘e
650 3106 889 3175 antiquis
911 3104 1225 3159 hominibus
1242 3102 1428 3171 opinio
1446 3102 1759 3157 Graecorum
1783 3107 1980 3154 exstat.
2011 3098 2141 3166 Qua:

567 3208 748 3254 autem
790 3199 843 3250 in
872 3196 1093 3268 scriptis
1126 3194 1479 3251 Hebraaorum
1513 3194 1733 3265 legitur,
1761 3207 1870 3247 non
1897 3192 2041 3248 talis.
2068 3191 2139 3246 ll-

528 3290 677 3369 ‘lico
711 3288 857 3345 enim
890 3287 1065 3343 laetos
1118 3287 1325 3358 primos
1365 3287 1651 3352 homines,
1700 3296 1760 3342 ut
1805 3286 2041 3357 primum
2085 3286 2142 3340 in

565 3381 678 3435 vita
717 3379 1087 3442 constiterint,
1128 3379 1447 3435 animalium
1490 3379 1776 3435 sacriﬁciis
1818 3378 1928 3434 Deo
1970 3379 2142 3432 hono-

567 3486 686 3527 rem
706 3471 1022 3527 exhibuisse
1049 3479 1464 3527 commemorat.
1497 3470 1639 3524 Dicit
1668 3470 1852 3541 itaque
1878 3489 1891 3525 :
1925 3488 1943 3521 ι
1974 3468 2039 3522 Ει
2064 3467 2144 3523 fa-

568 3571 716 3617 ctum
760 3571 844 3617 est
896 3571 1021 3633 post
1065 3563 1203 3627 dies,
1249 3572 1309 3618 ut
1344 3562 1562 3618 oﬁerret
1592 3563 1728 3617 Cain
1770 3562 1838 3617 de
1871 3561 2143 3618 fructibus

570 3661 729 3709 terra:
759 3654 1089 3710 sacriﬁcium
1116 3652 1368 3709 Domino.
1401 3651 1541 3708 Tum
1580 3652 1713 3709 Abel
1764 3653 1881 3723 ipse
1927 3668 2145 3723 quoque

568 3747 767 3801 obtulit
791 3745 858 3801 de
891 3745 1272 3818 primogenitis
1309 3745 1493 3800 ovium
1524 3758 1771 3801 suarum.
1803 3742 1871 3797 Et
1904 3744 2145 3814 respexit

571 3834 714 3893 Deus
742 3836 811 3891 ad
835 3836 992 3903 Abel,
1022 3848 1075 3892 et
1115 3835 1185 3890 ad
1214 3851 1447 3891 munera
1479 3835 1648 3891 illius.
1695 3834 1777 3889 Ad
1824 3834 1961 3889 Cain
1995 3849 2142 3899 vero,

569 3939 625 3985 et
663 3928 729 3984 ad
760 3928 1032 3984 sacriﬁcia
1070 3928 1192 3999 ejus
1223 3945 1335 3985 non
1374 3927 1607 3984 attendit
1635 3928 1699 3981 ¹⁷.
1744 3947 1763 3980 ι
1802 3925 1905 3981 Ubi
1939 3926 2052 3996 jam
2080 3925 2147 3980 il—

568 4021 664 4077 lud
689 4020 1064 4076 considerabis
1093 4020 1240 4091 quod
1273 4020 1386 4077 Deo
1415 4020 1688 4090 acceptior
1716 4019 1898 4074 dictus
1927 4019 2020 4082 sit,
2052 4016 2147 4088 qui

570 4115 831 4170 animalia
863 4112 1272 4177 sacriﬁcaverit,
1303 4128 1467 4183 quam
1498 4114 1547 4167 is
1574 4112 1668 4182 qui
1702 4114 1773 4166 ab
1815 4126 1947 4183 agro
1975 4111 2149 4167 sacri-

571 4208 756 4263 tlcium
785 4207 1068 4262 obtulerit.
1104 4205 1282 4261 Etiam
1305 4204 1420 4260 Noe
1449 4205 1702 4276 protinus
1723 4203 1791 4258 de
1819 4203 2033 4257 cunctis
2055 4218 2150 4273 pe-

536 4286 540 4290 Δ
570 4300 795 4356 coribus
833 4298 1074 4365 mundis,
1110 4307 1164 4354 et
1207 4299 1274 4354 de
1303 4299 1517 4354 cunctis
1545 4297 1860 4352 volucribus
1908 4297 2148 4362 mundis,

570 4393 767 4447 obtulit
812 4390 1211 4462 perfectissima
1243 4405 1472 4445 munera
1504 4404 1670 4459 super
1702 4390 1912 4444 altare:
1951 4388 2151 4442 odora-

570 4494 769 4555 tusque
820 4494 904 4539 est
948 4481 1214 4538 Dominus
1255 4483 1478 4537 odorem
1529 4482 1836 4537 suavitatis.
1873 4481 2150 4536 Abraham

571 4590 793 4646 quoque
821 4572 1142 4628 sacriﬁcans
1175 4572 1514 4628 describitur
1544 4591 1557 4627 :
1592 4580 1672 4637 ut,
1703 4572 1751 4627 si
1777 4573 1974 4627 divina:
2000 4570 2152 4625 Scri-

571 4666 1135 4738 pturaetestimonium
1157 4666 1460 4735 sequimur,
1507 4666 1743 4735 primum
1774 4666 2014 4720 omnium
2044 4663 2151 4735 35

2170 3520 2216 3580 C

2233 2260 2359 2323 τοὺς
2395 2257 2531 2330 μετά
2565 2255 2738 2310 ταῦτα
2770 2252 3114 2324 ἀνθρώπους,
3158 2248 3385 2322 αἱμάξαι
3417 2247 3544 2311 τοὺς
3588 2244 3808 2317 βωμοὺς

2236 2351 2390 2418 ζώων
2447 2351 2686 2420 σφαγαῖς
2731 2346 2828 2419 (i).
2882 2341 3034 2402 Εἶναι
3076 2343 3136 2397 δὲ
3184 2340 3389 2411 ταύτην
3429 2338 3667 2403 ἀνόσιον,
3713 2334 3809 2390 καὶ

2235 2445 2439 2512 ἄδικον,
2457 2443 2550 2500 καὶ
2569 2441 2818 2513 οὐδαμῶς
2841 2439 2959 2512 Θεῷ
2979 2435 3248 2509 προσφιλῆ
3270 2433 3478 2488 θυσίαν.
3492 2429 3675 2503 Μηδὲν
3694 2426 3813 2501 γὰρ’

2236 2540 2334 2611 τῆς
2367 2538 2473 2593 τῶν
2502 2534 2805 2609 ἀνθρώπων
2852 2532 3072 2603 λογικῆς
3112 2528 3288 2600 ψυχῆς
3319 2526 3419 2598 τὴν
3442 2524 3549 2579 τῶν
3595 2521 3810 2591 ἀλόγων

2235 2630 2538 2702 διαφέρειν·
2593 2628 2675 2681 διὸ
2713 2625 2808 2681 καὶ
2853 2626 3014 2695 φόνου
3042 2621 3195 2694 δίκην
3227 2617 3446 2689 ὑπέχειν
3487 2614 3635 2680 ἀξιον
3679 2611 3812 2675 τοὺς

2239 2720 2643 2789 ζωοθυτοῦντας
2685 2718 2941 2790 ἔφασκον,
2989 2715 3066 2779 ὡς
3106 2712 3208 2783 τῆς
3260 2709 3426 2781 αὐτῆς
3461 2707 3576 2761 ’καὶ
3615 2704 3811 2778 ὁμοίας

2237 2816 2294 2869 ἔν
2320 2833 2377 2868 τε
2410 2811 2506 2869 ἀνθ
2516 2811 2683 2885 ρώπῳ
2717 2809 2812 2864 καὶ
2843 2810 2900 2863 ὲν
2919 2806 2996 2878 τῷ
3022 2805 3199 2876 ἀλόγῳ
3226 2800 3349 2873 ζώῳ
3366 2799 3544 2871 ψυχῆς
3570 2799 3811 2868 ἐνυπαρ-

2238 2908 2457 2980 χούσης.
2506 2904 2644 2959 Ἀλλ’
2692 2903 2723 2955 ὁ
2763 2901 2862 2973 μὲν
2908 2899 3018 2954 τῶν
3066 2896 3335 2968 Ἐλλήνων
3382 2894 3511 2968 περὶ
3547 2889 3657 2944 τῶν
3699 2907 3808 2944 πα-

2239 2998 2405 3053 λαιῶν
2445 2997 2603 3066 λόγος
2640 2992 2847 3048 τοιόσδε
2879 3008 2962 3055 τις
2999 2984 3068 3063 ἦν
3090 3005 3105 3019 ·
3149 2989 3179 3042 ὁ
3213 2986 3270 3041 δέ
3296 3002 3362 3056 γε
3400 2985 3501 3056 τῆς
3539 2981 3809 3055 Ἐὁραίων

2239 3090 2461 3164 Γραφῆς
2501 3088 2562 3142 ού
2610 3084 2865 3147 τοιοῦτος.
2919 3082 3060 3144 Τοὺς
3084 3077 3194 3151 γάρ
3235 3094 3318 3131 τοι
3360 3074 3608 3147 πρώτους
3648 3071 3813 3134 εὐθὺς

2240 3161 2562 3254 γενομένους
2596 3175 2915 3251 ἀνθρώπους
2961 3172 3077 3244 ἅμα
3096 3174 3163 3243 τῇ
3194 3168 3384 3243 πρώτῃ
3412 3166 3669 3221 συστάσει
3718 3161 3813 3218 τοῦ

2244 3275 2361 3347 βίου
2389 3273 2599 3336 θυσίαις
2620 3272 2738 3333 ταῖς
2761 3267 2866 3321 ἀπὸ
2892 3264 3045 3331 ζώων
3073 3262 3297 3334 τιμῆσαι
3323 3259 3384 3312 τὸ
3406 3259 3560 3312 Θεῖον
3588 3257 3812 3329 ἱστορεῖ.

2243 3368 2405 3437 Λέγει
2447 3364 2492 3418 δ’
2538 3360 2653 3419 οὖν’
2704 3381 2724 3415 ι
2750 3361 2860 3417 Καὶ
2910 3356 3126 3426 ἐγένετο
3161 3352 3277 3426 μεθ’
3315 3350 3566 3423 ἡμέρας,
3613 3349 3818 3421 ἧνεγκε

2243 3461 2383 3514 Κάῖν
2420 3455 2675 3512 ἀπὸ.τῶν
2714 3452 2942 3527 καρπῶν
2981 3450 3080 3519 τῆς
3115 3447 3219 3519 γῆς
3262 3443 3453 3499 θυσίαν
3486 3439 3566 3513 τῷ
3597 3438 3814 3511 Κυρίῳ·

2245 3550 2341 3603 καὶ
2372 3546 2540 3602 Ἀὁελ
2576 3545 2775 3617 ἧνεγκε
2819 3542 2915 3596 καὶ
2960 3538 3122 3600 αὐτὸς
3171 3535 3277 3589 ἀπὸ
3315 3533 3423 3588 τῶν
3456 3528 3820 3604 πρωτοτόκων

2243 3641 2352 3697 τῶν
2383 3638 2670 3712 προϐάτων
2697 3633 2883 3690 αὐτοῦ.
2928 3631 3040 3685 Καὶ
3068 3629 3276 3683 ὲπεῖδεν
3309 3628 3337 3679 ὁ
3365 3624 3499 3689 Θεδς
3534 3623 3627 3676 ἐπὶ
3652 3618 3823 3712 ’Δϐελ

2245 3735 2340 3789 καὶ
2382 3711 2473 3786 tat
2514 3733 2627 3793 τοῖς
2662 3726 2854 3798 δώροις
2898 3720 3102 3777 αὐτοῦ’
3142 3720 3235 3773 ἐπὶ
3278 3718 3337 3773 δὲ
3377 3716 3517 3771 um
3558 3713 3653 3767 καὶ
3693 3711 3822 3774 ταῖς

2247 3826 2459 3889 θυσίαις
2483 3820 2648 3877 αὐτοῦ
2680 3820 2741 3874 ού
2766 3816 3088 3891 προσέσχεν.
3124 3832 3143 3869 ι
3184 3810 3354 3865 Ἔνθα
3378 3808 3443 3881 δὴ
3481 3806 3820 3878 ἐπιστήσεις,

2246 3921 2322 3985 ὠς
2363 3918 2561 3992 μᾶλλον
2610 3917 2640 3970 ό
2680 3911 3024 3983 ζωοθυτήσας
3073 3905 3366 3968 ἀπόδεκτος
3413 3902 3627 3992 εἴρηται

2246 4013 2338 4067 τὸν
2366 3989 2492 4065 ἀπὸ
2544 4009 2648 4082 γῆς
2696 4003 3118 4079 προσαγαγόντα
3167 3998 3245 4069 τῷ
3283 3995 3403 4067 Θεῷ
3449 3995 3549 4066 τὴν
3606 3989 3820 4046 θυσίαν.

2249 4106 2361 4160 Καὶ
2407 4103 2531 4157 Νῶε
2570 4101 2627 4154 δὲ
2667 4099 2827 4164 εὐθὺς
2869 4097 2978 4153 ἀπὸ
3025 4093 3244 4149 πάντων
3295 4088 3403 4143 τῶν
3447 4083 3663 4158 κτηνῶν
3710 4082 3824 4137 τῶν

2250 4196 2507 4270 καθαρῶν
2524 4237 2540 4263 ,
2582 4194 2679 4249 καὶ
2717 4195 2826 4248 ἀπὸ
2872 4191 3087 4245 πάντων
3131 4185 3239 4240 τῶν
3288 4179 3505 4253 πτηνῶν
3562 4177 3672 4232 τῶν
3716 4193 3817 4232 κα-

2251 4268 2431 4363 θαρῶν
2494 4290 2791 4361 ἀνήνεγκεν
2852 4277 3255 4351 ὁλοκαρπώσεις
3294 4276 3388 4328 ἐπὶ
3423 4273 3496 4363 τδγ
3528 4268 3827 4363 ﬂuctuari}:-

2253 4356 2390 4457 ριον,
2436 4383 2529 4435 καὶ
2566 4356 2858 4449 ώσφράνθη
2907 4371 3109 4443 Κύριος
3157 4366 3332 4439 ὀσμὴν
3363 4362 3618 4457 εὐωδίας.
3661 4356 3828 4457 ΪΑλλά

2252 4449 2346 4529 καὶ
2382 4471 2631 4545 Ἀϐραὰμ
2665 4467 2832 4529 θύσας
2873 4464 3282 4535 ἀναγέγραπται
3306 4474 3319 4487 ·
3349 4450 3687 4545 ῶστε,κατά
3723 4449 3825 4545 την

2251 4570 2351 4641 τῆς
2377 4543 2526 4628 θείας
2542 4560 2765 4635 Γραφῆς
2812 4554 3136 4629 μαρτυρίαν,
3156 4544 3698 4641 πρώτην,ἁπάντων⁵
3721 4543 3825 4641 τὴν

2252 4631 2342 4715 διά
2375 4657 2527 4723 ζώων
2565 4631 2754 4707 θυσίαν
2778 4644 3155 4716 ὲπινενοῆσθαι
3187 4643 3297 4705 τοῖς
3332 4637 3497 4692 πάλαι
3530 4631 3823 4703 θεοφιλέσι.

570 4776 636 4814 ex
660 4760 989 4815 animalibus
1037 4758 1389 4823 sacriﬁcium,
1425 4758 1624 4828 priscis
1652 4756 1764 4812 Deo
1798 4758 1988 4812 amicis
2020 4757 2139 4812 viris

2255 4751 2457 4807 Τούτου
2488 4748 2546 4802 δὲ
2564 4746 2656 4800 τὸν
2688 4740 2944 4813 λογισμὸν
2972 4736 3210 4811 ἡγοῦμαι
3237 4729 3374 4786 εἶναι
3393 4730 3452 4783 ού
3474 4729 3565 4828 trav
3590 4726 3829 4828 τυγόντα

570 4851 938 4922 excogitatum
961 4848 1154 4915 fuisse,
1181 4864 1283 4905 nos
1316 4848 1500 4903 dicere
1527 4854 1792 4917 oporteat.
1826 4847 1997 4913 Quam
2022 4862 2139 4902 sant

2258 4845 2365 4899 οὐδ’
2392 4837 2745 4913 ἀνθρωπίνως
2774 4830 3148 4903 κεκινημένον,
3171 4826 3313 4881 κατὰ
3342 4823 3493 4877 θείαν
3513 4820 3557 4873 δ’
3583 4819 3828 4874 ἐπίνοιαν

569 4943 1025 5013 excogitationem
1055 4951 1260 4998 temere
1291 4942 1590 5006 exstitisse,
1622 4948 1717 4995 aut
1738 4940 1973 4994 humano
1999 4955 2139 4995 more

2257 4912 2714 5007 ὑποϐεϐλημένον.
2763 4926 2980 4997 Ἐπειδὴ
3011 4923 3120 4995 γὰρ
3143 4920 3347 4990 ἑώρων,
3505 4914 3596 4968 τὸν

570 5044 837 5103 exortam,
862 5035 1165 5107 putandum
1200 5051 1314 5091 non
1341 5042 1446 5100 est,
1476 5034 1568 5090 sed
1597 5034 1782 5088 divino
1807 5034 1984 5104 potius
2011 5042 2139 5090 nutu

2258 5002 2633 5093 εὐσεϐεῖς-καὶ
2676 5022 2794 5094 Θεῷ
2834 5013 3326 5092 προσῳκειωμένοι,
3374 5010 3502 5080 θείῳ
3539 5024 3608 5107 τε
3651 5002 3826 5107 1-]ch-

572 5133 927 5190 insinuatam.
961 5131 1172 5188 Etenim
1208 5147 1331 5186 cum
1361 5145 1573 5186 morum
1599 5130 1889 5185 sanctitate
1923 5137 2149 5200 praesta-

2262 5144 2391 5200 ματι
2418 5124 2516 5188 τὰς
2536 5118 2712 5194 ψυχὰς
2745 5110 3162 5185 πεφωτισμένοι,
3198 5103 3435 5180 μεγάλης
3458 5101 3637 5164 αὐτοῖς
3665 5098 3830 5200 θερα-

574 5234 715 5292 rent,
748 5224 967 5297 Deoque
997 5224 1213 5297 penitus
1242 5223 1444 5279 addicti
1470 5230 1674 5285 essent,
1708 5230 1760 5277 et
1791 5222 1863 5276 ob
1889 5192 2007 5277 eam
2033 5237 2139 5276 rem

2257 5192 2418 5287 πείας
2449 5192 2559 5273 δεῖν
2602 5192 2681 5281 είς
2710 5210 3081 5280 ἀποκάθαρσιν
3111 5204 3218 5258 τῶν
3257 5199 3490 5297 θνητῶν.
3506 5192 3831 5297 πλημμελη-

565 5320 732 5392 quasi
765 5283 952 5373 divino
976 5283 1183 5388 épiritu
1226 5315 1481 5371 illustrati
1523 5283 1787 5379 viderent,
1822 5328 2018 5385 magno
2042 5313 2139 5368 sibi

2262 5283 2468 5389 μάτων,
2502 5312 2694 5382 λύτρον
2739 5307 2839 5377 τῆς
2874 5300 3053 5357 αὐτῶν
3099 5295 3389 5392 σωτηρίας,
3420 5289 3499 5391 τῶ
3540 5288 3663 5392 καὶ,
3681 5283 3830 5356 ζωῆς

565 5429 704 5482 opus
731 5426 857 5467 esse
882 5409 1170 5481 obsequio,
1196 5409 1242 5465 si
1275 5424 1375 5465 sua
1403 5408 1645 5479 ipsorum
1685 5408 1918 5461 humana
1951 5403 2139 5461 delicta

2256 5375 2350 5458 καὶ
2390 5375 2565 5472 ψυχῆς
2605 5375 2833 5470 ’χορηγῶ
2883 5384 3327 5463 προσοφείλεσθαι
3354 5380 3604 5455 ἡγοῦντο·
3638 5375 3831 5482 ἔπειτα

567 5507 782 5563 diluere
806 5507 1046 5561 vellent:
1080 5503 1316 5576 pretium
1366 5518 1466 5575 pro
1497 5503 1673 5559 salute
1710 5517 1808 5558 sua
1838 5503 1909 5566 ei,
1945 5500 2039 5572 qui
2069 5502 2150 5555 vi—

640 5659 684 5691 "
723 5660 888 5717 Hebr.
923 5677 1044 5724 xm,
1088 5661 1141 5714 4.
1223 5662 1264 5692 ¹⁷
1294 5659 1431 5715 Gen.
1479 5676 1552 5723 tv,
1589 5658 1710 5715 5-5.

2262 5468 2429 5571 μηδὲν
2463 5468 2707 5570 κρεῖττον
2757 5489 2852 5548 καὶ
2894 5485 3214 5561 τιμιώτερον
3257 5481 3357 5554 τῆς
3395 5474 3599 5538 οἰκείας
3649 5468 3829 5546 ψυχῆς

647 5842 722 5911 (Ι)
768 5841 906 5899 Sunt
936 5845 1050 5900 haec
1075 5842 1359 5913 desutnpta
1389 5858 1418 5898 e
1450 5842 1626 5911 primo
1655 5840 1794 5897 libro
1827 5836 2112 5909 Pcrpliyrii

2240 5831 2287 5895 pl
2321 5830 2559 5900 ἀποχης
