4056 6418
390 320 463 378 85
1301 318 1960 380 DEMONSTRATIOMS
1989 319 2448 379 EVANGELICAE
2481 321 2608 377 LIB.
2642 321 2683 378 1.
3598 323 3667 375 86

396 438 685 513 καθιεροῦν
733 443 977 515 ἔχοντες,
1024 445 1145 500 ἀντὶ
1186 445 1393 516 ταύτης
1433 445 1573 510 τέως
1619 446 1715 518 τὴν
1759 446 1847 500 διὰ
1884 445 1983 501 τῶν

2094 454 2205 500 tam
2239 455 2399 516 atque
2419 447 2657 499 animam
2690 445 3033 515 praebuisset,
3054 461 3113 501 se
3138 443 3336 501 debere
3358 445 3623 515 putabant
3647 466 3664 501 ε

396 533 610 602 ἀλόγων
648 532 808 597 ζώων
851 537 1129 608 προσῆγον
1157 536 1367 601 θυσίαν,
1399 536 1498 608 τῆς
1522 536 1671 607 σφῶν
1698 537 1876 608 ψυχῆς
1904 539 1983 592 ἀν-

2099 536 2195 592 sed
2226 552 2349 592 cum
2364 537 2501 592 nihil
2525 537 2873 607 prestantius
2916 546 3010 591 aut
3035 538 3330 608 pretiosius
3356 537 3533 591 anima
3569 554 3667 594 sua

401 625 602 695 τίψυχα
645 626 1151 699 προσ-κομίζοντες⁸
1178 627 1331 682 οὐδὲν
1361 627 1503 681 κατὰ
1548 626 1704 682 τοῦτο
1739 629 1998 701 πλημμε-

400 715 537 780 λεῖν,
560 718 670 771 οὐδ’
704 719 914 774 ἀδικεῖν
945 720 1079 792 ήγού
1088 738 1258 793 μενοι,
1283 722 1364 774 ὅτι
1402 718 1540 792 μηδὲ
1567 724 1633 793 τῇ
1659 721 1767 775 τῶν
1789 721 1998 794 ἀνθρὼ-

400 826 524 863 πων
567 809 762 882 λογικῇ
816 814 913 877 καὶ
955 814 1115 884 νοερᾷ
1164 813 1392 885 δυνάμει
1438 814 1825 886 παραπλησίαν
1856 811 1993 869 εἶναι

398 900 501 973 τὴν
530 902 710 974 ψυχὴν
732 903 841 956 τῶν
866 904 1074 973 ἀλόγων
1097 905 1461 971 ἐπαιδεύοντο,
1480 906 1589 960 οὐδ’
1618 906 1746 961 ἄλλο
1772 925 1824 961 τι
1856 903 1994 962 εἶναι

400 996 576 1067 αὐτὴν
606 995 639 1067 ἢ
682 996 742 1049 τὸ
769 990 910 1067 αἷμα
939 997 1116 1051 αὐτῶν
1146 998 1549 1069 μεμαθηκότες,
1574 999 1668 1052 καὶ
1701 997 1799 1073 τὴν
1827 1002 1885 1055 ὲν
1916 998 1995 1070 τῷ

400 1088 597 1159 αἵματι
657 1088 899 1160 ζωτικὴν
953 1088 1201 1160 δύναμιν,
1256 1090 1285 1143 δ
1343 1091 1438 1143 καὶ
1488 1090 1748 1162 παρέχειν
1797 1090 1995 1155 αὐτοὺς

400 1179 599 1251 ὥσπερ
617 1178 800 1251 ψυχὴν
822 1181 943 1235 ἀντὶ
970 1181 1146 1252 ψυχῆς
1170 1182 1540 1253 ἀναφέροντας
1562 1183 1638 1255 τῷ
1658 1182 1795 1254 Θεῷ.
1823 1182 1995 1236 Τοῦτο

397 1270 458 1327 δὲ
500 1271 638 1326 αὐτὸ
689 1273 894 1344 Μωσῆς
942 1273 1238 1341 λευκότατά
1289 1293 1391 1329 που
1444 1276 1719 1346 διασαφεῖ,
1779 1274 1991 1344 λέγων’

405 1381 427 1415 ι
470 1364 639 1435 Ψυχὴ
687 1365 868 1436 πάσης
921 1366 1117 1438 σαρκὸς
1168 1361 1307 1437 αἷμα
1349 1367 1515 1421 αὐτοῦ
1560 1369 1698 1429 ἐστι,
1744 1368 1840 1421 καὶ
1883 1365 1994 1435 ἐγὼ

398 1452 615 1513 δέδωκα
661 1456 791 1525 ύμῖν
837 1456 899 1509 τὸ
932 1451 1070 1527 αἷμα
1105 1458 1198 1511 ἐπὶ
1228 1457 1322 1511 τοῦ
1369 1458 1777 1530 θυσιαστηρίου,
1811 1458 1993 1525 ἐξιλά-

399 1547 632 1603 σκεσθαι
668 1547 800 1619 περὶ
826 1547 933 1601 τῶν
961 1548 1243 1621 ἁμαρτιῶν
1294 1550 1322 1603 ύ
1332 1549 1470 1621 μῶν.
1498 1550 1572 1604 Τὸ
1596 1550 1705 1622 γὰρ
1734 1545 1871 1622 αἷμα
1899 1552 1995 1605 αὐ-

399 1636 512 1689 τῶν
560 1636 688 1689 ἀντὶ
728 1636 909 1708 ψυχῆς
950 1637 1270 1703 ὲξιλὰσεται.
1306 1638 1406 1692 Διὰ
1456 1638 1612 1692 τοῦτο
1643 1640 1838 1710 εἴρηκα
1881 1642 1993 1703 τοῖς

398 1730 538 1791 υἱοῖς
596 1728 857 1801 Ἰσραήλ⁶
911 1730 1067 1783 Πᾶσα
1124 1730 1270 1802 ψυχὴ
1328 1731 1389 1797 ἐξ
1450 1731 1603 1802 ὑμῶν
1650 1732 1711 1784 οὐ
1758 1731 1991 1801 φάγεται

2096 629 2381 695 haberent,
2410 629 2555 701 quod
2577 629 2845 694 dicarent,
2874 645 2974 701 pro
3000 630 3102 685 hac
3130 630 3348 685 interim
3378 631 3666 686 brutorum

2096 720 2412 775 animalium
2438 721 2605 776 vitam
2630 718 2948 784 offerebant,
2974 722 3047 775 ita
3077 736 3189 776 suae
3208 722 3451 791 ipsorum
3475 723 3669 776 animae

2095 810 2428 866 sacriﬁcium
2459 812 2594 867 illud
2623 818 3005 883 comparantes
3034 831 3048 865 :
3081 827 3257 881 neque
3278 827 3336 867 se
3361 813 3415 867 in
3440 813 3543 867 hoc
3574 821 3668 867 aut

2095 897 2431 970 delinquere,
2454 909 2546 955 aut
2569 901 2773 971 injuste
2798 901 2976 958 facere
2998 900 3444 957 arbitrabantur:
3467 903 3668 974 quippe

2095 990 2197 1060 qui
2218 990 2500 1045 hominum
2546 991 2859 1059 rationalis,
2890 998 3053 1061 atque
3083 991 3436 1062 intelligentia
3467 994 3665 1063 praedi-

2095 1089 2164 1136 tte
2205 1082 2402 1137 anima:
2454 1082 2767 1153 neutiquam
2813 1082 3046 1137 similem
3104 1081 3390 1138 hrutorum
3431 1084 3665 1138 animam

2094 1190 2217 1230 esse
2239 1174 2581 1241 didicissent,
2603 1190 2780 1245 neque
2794 1173 2941 1229 aliud
2960 1173 3250 1245 quicquam
3273 1190 3436 1245 quam
3451 1175 3664 1230 illorum

2096 1269 2436 1339 sanguinem,
2480 1268 2806 1340 vitalemque
2836 1269 2891 1323 in
2932 1283 2998 1324 eo
3029 1268 3136 1322 vim
3172 1282 3296 1324 esse
3319 1283 3462 1335 eam,
3491 1269 3665 1324 edocti

2093 1368 2297 1423 essent,
2326 1359 2540 1430 hocque
2566 1376 2733 1414 unum
2770 1360 3010 1430 praebere
3035 1376 3094 1416 se
3109 1360 3266 1431 quasi
3295 1361 3532 1416 animam
3558 1359 3667 1416 Deo

2095 1463 2194 1518 pro
2224 1448 2405 1508 anima
2436 1447 2745 1504 otferentes.
2773 1448 2887 1504 Hoc
2915 1457 3096 1505 autem
3132 1451 3310 1519 ipsum
3334 1449 3510 1505 Moses
3531 1464 3669 1521 quo-

2093 1538 2219 1593 dam
2254 1540 2375 1594 loco
2403 1539 2722 1610 planissime
2745 1540 2969 1607 indicat,
3000 1541 3092 1596 ubi
3126 1541 3203 1595 ait
3236 1560 3250 1595 :
3284 1560 3302 1591 ι
3334 1542 3527 1596 Anima
3549 1557 3669 1595 om-

2094 1629 2182 1684 nis
2213 1629 2400 1685 carnis
2438 1630 2663 1700 sanguis
2701 1630 2820 1700 ejus
2851 1638 2957 1695 est,
2997 1640 3051 1687 et
3083 1647 3185 1702 ego
3216 1632 3339 1688 dedi
3362 1633 3518 1688 vobis
3547 1648 3672 1689 sano

2095 1720 2313 1790 guinem
2362 1720 2418 1774 in
2459 1720 2617 1776 altari
2651 1720 2719 1775 ad
2768 1720 3097 1792 expiandum
3130 1736 3230 1791 pro
3284 1723 3523 1791 peccatis
3575 1739 3670 1778 ve-

398 1813 563 1889 αἷμα.
613 1838 632 1872 ι
679 1820 925 1891 Πρόσχες
966 1820 1095 1890 γοῦν
1142 1822 1417 1895 ἐπιμελῶς
1456 1824 1513 1877 ὲν
1560 1823 1794 1888 τούτοις,
1841 1825 1983 1889 ὅπως

2093 1814 2224 1869 stris
2257 1832 2273 1869 :
2307 1814 2530 1884 sanguis
2570 1815 2713 1870 enim
2741 1829 2930 1871 eorum
2959 1830 3058 1885 pro
3083 1816 3264 1870 anima
3294 1817 3553 1886 expiabit.
3584 1816 3671 1872 ld-

398 1908 620 1979 εῖρηται
652 1910 736 1974 τὸ,
778 1928 796 1961 ι
854 1910 995 1980 Ἐγὼ
1034 1912 1243 1966 δέδωκα
1278 1914 1407 1984 ὑμῖν
1452 1915 1545 1967 ἐπὶ
1574 1913 1667 1967 τοῦ
1698 1913 1989 1985 θυσιαστη-

394 2000 519 2072 ρίου
571 2000 955 2065 ἐξιλάσκεσθαι
999 2004 1128 2075 περὶ
1170 2003 1279 2057 τῶν
1319 2004 1506 2075 ψυχῶν
1543 2004 1727 2079 ὑμῶν·
1774 2006 1836 2059 τὸ
1879 2005 1989 2079 γάρ

396 2086 537 2163 αἷμα
567 2094 693 2145 ἀντὶ
721 2095 822 2166 τῆς
848 2096 1028 2167 ψυχῆς
1067 2095 1388 2163 ἐξιλάσεται.
1433 2116 1450 2148 ι
1504 2096 1698 2167 Σαφῶς
1718 2097 1827 2171 γὰρ
1869 2098 1990 2152 ἀντὶ

394 2185 496 2256 τῆς
526 2186 885 2257 ἀνθρωπίνης
910 2188 1088 2260 ψυχῆς
1119 2189 1181 2241 τὸ
1208 2188 1318 2242 τῶν
1353 2189 1801 2261 σφαγιαζομένων
1836 2188 1989 2256 ζώων

390 2272 538 2348 αἷμά
565 2296 736 2350 φησιν
781 2278 1182 2346 ἐξιλάσκεσθαι.
1215 2281 1386 2335 Τοῦτο
1421 2281 1476 2333 δὲ
1514 2282 1645 2335 αὐτὸ
1679 2282 1774 2337 καὶ
1803 2282 1831 2334 ό
1862 2283 1990 2355 περὶ

389 2371 504 2423 τῶν
533 2370 742 2424 θυσιῶν
783 2372 947 2443 νόμος
974 2373 1263 2427 ὑποϐάλλει
1286 2376 1426 2428 νοεῖν
1453 2374 1535 2446 τῷ
1559 2375 1989 2449 τεθεωρημένως

391 2462 716 2516 σκοποῦντι.
753 2465 939 2518 Πάντα
977 2464 1107 2535 γοῦν
1140 2466 1234 2519 τὸν
1279 2465 1475 2519 θύοντα
1504 2466 1603 2530 τὰς
1646 2470 1831 2540 χεῖρας
1871 2470 1989 2520 ὲπι-

388 2550 617 2607 ϐάλλειν
650 2553 980 2622 προστάττει
1021 2557 1087 2626 τῇ
1124 2555 1334 2627 κεφαλῇ
1365 2555 1460 2610 τοῦ
1499 2558 1785 2628 θυομένου,
1822 2574 1988 2628 προσ-

388 2641 652 2713 κομίζειν
684 2643 743 2697 δὲ
777 2644 838 2698 τὸ
868 2643 1008 2710 ζῶον
1039 2644 1117 2717 τῷ
1149 2646 1286 2719 ἱερεῖ
1306 2648 1406 2719 τῆς
1442 2648 1681 2719 κεφαλῆς
1710 2650 1985 2720 ἐχόμενον,

387 2735 601 2791 ὡσανεὶ
632 2736 777 2808 ὑπὲρ
815 2737 914 2807 τῆς
948 2736 1144 2792 ἑαυτοῦ
1172 2739 1416 2810 κεφαλῆς
1439 2741 1501 2794 τὸ
1533 2743 1730 2813 ἱερεῖον
1755 2741 1990 2811 προσφέ-

392 2843 581 2903 ροντα.
629 2829 796 2898 Λέγει
843 2829 889 2883 δ’
935 2826 1028 2886 οὖν
1073 2831 1160 2902 ἐφ’
1194 2834 1426 2905 ἑκάστῳ·
1466 2852 1485 2885 ι
1538 2831 1806 2906 Προσάξει
1857 2835 1990 2888 αὐτὸ

388 2919 576 2974 ἔναντι
616 2920 848 2993 Κυρίου,
879 2923 975 2976 καὶ
1017 2923 1273 2996 ἐπιθήσει
1317 2924 1416 2990 τὰς
1456 2928 1646 2998 χεῖρας
1692 2925 1856 2981 αὑτοῦ
1898 2926 1990 2979 ἐπὶ

383 3012 492 3085 τὴν
527 3014 779 3084 κεφαλὴν
821 3014 915 3069 τοῦ
968 3014 1166 3088 δώρου.
1207 3037 1227 3069 ι
1276 3019 1391 3071 Καὶ
1418 3017 1592 3082 οὕτως
1623 3020 1708 3088 ἐφ’
1758 3019 1987 3073 ἑκάστου

384 3107 698 3178 τετήρηται
725 3105 985 3177 θύματος,
1015 3108 1270 3180 οὐδεμιᾶς
1301 3108 1492 3175 θυσίας
1522 3109 1696 3175 ἄλλως
1725 3112 1990 3183 ἀναφερο-

392 3197 588 3269 μένης·
623 3197 704 3251 Δι’
738 3191 814 3251 ὧν
845 3201 875 3253 ὁ
917 3198 1096 3269 λόγος,
1126 3201 1208 3255 ὅτι
1247 3200 1312 3273 δή
1345 3202 1614 3274 ἀντίψυχα
1660 3203 1764 3274 τῆς
1807 3204 1988 3258 αὐτῶν

383 3290 573 3361 ψυχῆς
601 3292 913 3362 προσήγετο
930 3291 1000 3345 τὰ
1021 3291 1437 3364 ζωοθυτούμενα
1456 3312 1470 3325 ·
1505 3297 1535 3348 ὁ
1573 3294 1629 3348 δὲ
1649 3295 1755 3349 τῶν
1776 3295 1988 3365 ἀλόγων

388 3381 550 3448 ζώων
592 3382 656 3435 τὸ
682 3377 825 3454 αἷμα
851 3382 955 3455 τὴν
986 3383 1163 3456 ψυχήν
1193 3381 1333 3440 εἶναι
1365 3384 1583 3451 διδάξας
1614 3385 1862 3457 οὐδαμῶς
1902 3386 1988 3439 λο-

385 3475 555 3546 γικῆς
587 3476 686 3528 καὶ
714 3478 906 3547 νοερᾶς
937 3476 1123 3540 οὐσίας
1154 3477 1355 3547 ὁμοίως
1381 3480 1497 3542 τοῖς
1515 3476 1824 3549 ἀνθρώποις
1855 3493 1985 3548 μετ-

390 3566 536 3638 έχειν
566 3566 712 3621 αὐτά
740 3567 1095 3639 παρίστησιψ
1144 3562 1281 3622 εἶναι
1332 3568 1441 3641 γὰρ
1470 3568 1647 3623 αὐτῶν
1671 3570 1769 3640 τὴν
1799 3569 1988 3622 σύστα-

390 3674 475 3711 σιν
509 3657 572 3723 ἐξ
604 3658 743 3732 ὕλης
777 3660 871 3713 καὶ
905 3662 1192 3731 σωμάτων,
1219 3662 1331 3724 τοῖς
1356 3660 1466 3715 ἀπὸ
1505 3661 1606 3732 γῆς
1640 3660 1984 3733 βλαστήμασι

388 3749 485 3803 καὶ
529 3751 725 3817 φυτοῖς
775 3750 1179 3821 παραπλησίαν.
1228 3752 1342 3804 Ἑνὶ
1371 3752 1416 3805 δ’
1456 3747 1550 3805 οὖν
1587 3751 1735 3823 λόγῳ
1769 3752 1928 3806 πάλιν
1955 3753 1983 3804 ό

388 3838 604 3909 Μωσῆς
644 3856 780 3910 φησι
822 3840 914 3893 τὸν
948 3841 1081 3894 Θεὸν
1129 3845 1333 3898 εἰπεῖν’
1382 3863 1400 3894 ι
1437 3844 1861 3917 Βλαστησάτωή
1910 3847 1984 3918 γῆ

393 3927 632 4003 βοτάνην
660 3930 878 4002 χόρτου,
913 3935 1134 4003 σπεῖρον
1181 3935 1402 4007 σπέρμα
1441 3937 1536 3989 καὶ
1580 3935 1741 4003 ξύλον
1783 3939 1981 4010 κάρπι-

395 4035 518 4095 μον.
552 4039 571 4071 ι
610 4022 723 4074 Καὶ
756 4018 912 4086 αὖθις
942 4024 1359 4097 παραπλησίως’
1402 4045 1422 4078 ι
1476 4028 1822 4098 Ἐξαγαγέτω
1850 4032 1884 4100 ὴ
1908 4029 1979 4101 γῆ

387 4112 722 4183 τετράποδα,
765 4115 860 4167 καὶ
902 4115 1137 4187 ἑρπετὰ,
1182 4119 1276 4171 καὶ
1326 4118 1491 4191 θηρία
1540 4121 1641 4191 τῆς
1687 4122 1790 4192 γῆς
1840 4121 1981 4177 κατὰ

388 4203 567 4273 γένος.
616 4221 635 4255 ι
678 4204 840 4257 Ὥστε
865 4207 1172 4279 ὁμοιογενῆ,
1203 4209 1299 4263 καὶ
1335 4211 1572 4284 όμοφυῆ,
1598 4213 1693 4266 καὶ
1721 4213 1981 4285 ὀμοούσια

388 4291 532 4351 εἶναι
563 4296 817 4367 ἡγεῖσθαι
849 4302 962 4364 τοῖς
991 4301 1099 4354 ἀπὸ
1130 4302 1234 4373 γῆς
1278 4302 1622 4375 βλαστήμασι
1651 4305 1742 4359 καὶ
1792 4311 1979 4377 φυτοῖς

385 4387 456 4442 τὰ
483 4387 695 4457 ἄλογα·
729 4388 811 4441 διὸ
852 4392 947 4445 καὶ
996 4393 1262 4465 μηδαμῶς
1297 4395 1637 4467 πλημμελεῖν
1672 4397 1800 4462 τοὺς
1840 4397 1976 4463 ζωο-

2092 1907 2239 1961 circo
2272 1906 2385 1961 dixi
2411 1906 2538 1963 ﬁliis
2582 1905 2748 1962 Israel
2780 1926 2794 1961 :
2839 1905 3029 1963 Omnis
3061 1906 3242 1962 anima
3272 1924 3337 1963 ex
3369 1909 3522 1964 vobis
3559 1925 3667 1965 non

2092 1999 2338 2056 comedet
2370 1999 2691 2071 sanguinem
2728 1999 2791 2051 ιθ.
2837 2019 2855 2051 ι
2892 1997 3121 2054 Attende
3156 1999 3322 2070 igitur
3355 1999 3665 2071 diligenter,

2093 2091 2368 2162 quomodo
2408 2091 2464 2145 in
2494 2091 2579 2147 his
2606 2090 2814 2145 dictum
2844 2089 2917 2143 sit
2943 2089 3077 2143 illud
3113 2109 3125 2143 :
3164 2108 3181 2141 ι
3216 2087 3331 2161 Ego
3360 2091 3482 2145 dedi
3514 2093 3669 2148 vobis

2092 2184 2148 2238 in
2178 2183 2337 2238 altari
2361 2184 2584 2255 expiare
2612 2184 2823 2238 animas
2852 2192 3062 2238 vestras
3089 2199 3104 2249 ;
3139 2185 3366 2255 sanguis
3386 2185 3531 2239 enim
3568 2200 3669 2256 pro

2092 2274 2273 2329 anima
2302 2275 2575 2345 piaculum
2604 2275 2728 2330 erit.
2759 2292 2778 2324 ι
2812 2271 2977 2328 Plane
2997 2274 3141 2328 enim
3166 2290 3263 2345 pro
3283 2276 3519 2331 humana
3549 2280 3670 2334 ani-

2092 2380 2201 2429 ma,
2253 2374 2611 2422 mactatorum
2656 2365 2972 2420 animalium
3023 2368 3345 2437 sanguinem
3390 2372 3667 2440 piaculum

2091 2455 2275 2511 oﬁ'erri
2320 2457 2473 2512 dicit.
2516 2456 2631 2511 Hoc
2663 2455 2805 2510 idem
2836 2454 2999 2511 etiam
3032 2455 3121 2508 lex
3160 2457 3228 2512 de
3263 2459 3549 2515 sacriﬁciis
3571 2462 3669 2517 ad-

2091 2559 2276 2607 monet
2320 2551 2753 2621 intelligendum,
2787 2554 2835 2608 si
2884 2555 3008 2624 quis
3059 2556 3220 2609 modo
3269 2554 3669 2613 consideratius

2092 2643 2400 2700 attenderit.
2443 2642 2577 2699 Nam
2608 2646 2773 2715 capiti
2798 2648 3031 2701 victimae
3063 2663 3504 2718 unumquemque
3535 2647 3666 2702 dum

2091 2736 2365 2791 sacriﬁcat
2383 2746 2580 2792 manus
2608 2738 2811 2794 habere
2849 2740 3081 2810 injectas
3115 2742 3366 2810 imperat,
3402 2751 3455 2796 et
3487 2739 3554 2795 ad
3578 2754 3670 2795 sa-

2090 2824 2363 2880 cerdotem
2395 2826 2597 2880 animal
2621 2826 2800 2897 ipsum
2825 2827 3096 2885 adducere
3118 2831 3294 2900 capite
3314 2815 3668 2900 comprehe'n-

2092 2931 2236 2981 sum,
2268 2924 2431 2987 atque
2459 2916 2762 2984 detentum,
2790 2919 2949 2989 quasi
2973 2922 3067 2991 qui
3108 2936 3208 2993 pro
3238 2936 3340 2977 suo
3369 2920 3541 2991 ipsius
3569 2934 3661 2975 ca-

2091 3008 2202 3079 pite
2230 3006 2468 3065 hostiam
2495 3009 2784 3077 exhibeat;
2818 3011 2952 3068 dicit
2984 3014 3149 3085 igitur
3192 3015 3261 3070 de
3295 3028 3664 3085 unoquoque:

2096 3117 2115 3150 ι
2152 3098 2400 3156 Adducet
2438 3100 2570 3156 illud
2597 3107 2725 3157 ante
2772 3100 3085 3170 Dominum,
3117 3112 3171 3160 et
3200 3106 3443 3177 imponet
3468 3120 3666 3162 mantis

2095 3207 2225 3248 snas
2247 3193 2302 3248 in
2335 3201 2500 3265 caput
2544 3198 2791 3254 muneris
2823 3200 2887 3253 η.
2926 3218 2946 3251 ι
2978 3198 3135 3266 Quod
3173 3214 3306 3254 sane
3336 3199 3391 3253 in
3413 3198 3665 3253 omnivi-

2091 3286 2258 3341 ctima
2285 3287 2635 3342 observatum
2663 3298 2769 3355 est,
2818 3306 2941 3346 cum
2992 3292 3151 3345 aliter
3196 3293 3402 3346 nullum
3450 3291 3662 3347 sacriﬁ-

2090 3380 2234 3434 cium
2284 3377 2563 3434 oll‘eratur.
2592 3379 2670 3435 Ex
2702 3383 2903 3453 quibus
2940 3384 3125 3453 utique
3156 3384 3339 3439 verbis
3371 3398 3551 3438 sermo
3579 3382 3665 3437 di-

2088 3471 2249 3525 vinus
2302 3470 2436 3525 illud
2469 3469 2697 3543 intelligi
2748 3475 2884 3539 vult,
2941 3476 3303 3529 humanarum
3355 3476 3661 3529 animarum

2088 3564 2343 3632 pretium,
2385 3581 2507 3635 qua:
2536 3565 3267 3622 sacriﬁcarenturanimalia
3300 3565 3545 3621 exhiberi
3573 3580 3666 3620 so-

2089 3658 2183 3726 lita
2217 3674 2361 3714 esse.
2389 3658 2563 3714 Porro
2585 3664 2891 3731 autemqui
2930 3660 3089 3715 docet
3128 3660 3412 3715 hrutorum
3446 3658 3659 3714 anima-

2086 3751 2217 3807 lium
2248 3755 2594 3824 sanguinem,
2640 3756 2883 3826 ipsorum
2916 3770 3040 3811 esse
3082 3753 3343 3817 animam,
3378 3752 3427 3808 is
3454 3767 3663 3822 nequa-

2083 3860 2247 3914 quam
2272 3860 2337 3901 ea
2371 3862 2495 3903 cum
2528 3848 2783 3902 rationali
2830 3846 2942 3919 36
2974 3855 3138 3917 atque
3168 3845 3501 3915 intelligente
3531 3844 3661 3900 sub.

2086 3937 2308 4000 stantia.
2350 3938 2494 3992 sicut
2539 3937 2786 3994 homines
2823 3938 3209 3994 commercium
3258 3936 3458 3992 habere
3492 3934 3664 4006 signi-

2086 4025 2230 4080 llcat.
2271 4026 2539 4084 Constare
2572 4029 2717 4084 enim
2746 4045 2813 4085 ex
2845 4043 2905 4083 ea
2938 4028 3166 4083 materia
3211 4035 3264 4085 et
3309 4026 3657 4098 corporibus,

2082 4120 2227 4176 sicut
2282 4122 2610 4192 pullulantia
2651 4123 2835 4177 omnia
2867 4122 3172 4193 plantaque
3218 4130 3494 4177 constant.
3537 4120 3661 4177 Uno

2081 4213 2266 4283 itaque
2305 4228 2559 4268 sermone
2590 4229 2784 4269 rursus
2812 4212 2992 4269 Moses
3027 4212 3198 4269 Deum
3235 4231 3392 4271 usum
3424 4214 3657 4281 inducit,

2079 4320 2206 4360 cum
2238 4306 2359 4360 ait:
2404 4323 2423 4358 ι
2464 4305 2744 4362 Germinet
2766 4313 2912 4361 terra
2946 4306 3168 4361 herbam
3208 4305 3340 4362 freni
3386 4306 3658 4361 seminano

2081 4400 2151 4454 tis
2180 4414 2387 4464 semen,
2434 4406 2494 4455 ut
2544 4398 2749 4470 lignum
2781 4397 3123 4454 fructiferum
3169 4401 3237 4453 ὀ.
3280 4419 3297 4450 ι
3353 4398 3418 4452 Et
3466 4398 3652 4453 eadem

385 4476 711 4543 θυτοῦντας.
729 4480 958 4554 Εἴρηται
978 4483 1109 4553 γοῦν
1128 4485 1224 4538 καὶ
1238 4485 1317 4557 τῷ
1337 4486 1481 4553 Νῶε,
1498 4487 1710 4543 ἔδεσθαι
1726 4490 1883 4562 κρέα,
1901 4492 1977 4557 ὡς

2087 4504 2274 4544 rursus
2308 4489 2520 4544 ratione
2551 4509 2563 4542 :
2602 4507 2621 4539 ι
2656 4487 2928 4544 Producat
2968 4495 3111 4544 terra
3153 4488 3556 4560 quadrupedes,
3599 4497 3657 4544 et

385 4569 599 4642 λάχανα
610 4571 956 4643 ἀγροῠ.Ἔως
973 4577 1071 4647 μὲν
1088 4573 1181 4630 οὖν
1200 4577 1411 4632 οὐδέπω
1424 4579 1483 4633 τὸ
1500 4583 1766 4652 κρεῖττον,
1780 4582 1978 4637 οὐδὲτὸ

387 4662 536 4734 μέγα
583 4665 679 4717 καὶ
715 4665 915 4738 τίμιον,
945 4669 1037 4723 καὶ
1061 4668 1361 4741 θεοπρεπὲς
1396 4672 1622 4742 σφάγιον
1654 4676 1835 4747 παρῆν
1878 4677 1973 4730 άν-

384 4752 648 4825 θρὼποις,
667 4759 783 4820 ταῖς
796 4758 885 4812 διὰ
899 4758 1052 4823 ζώων
1068 4760 1278 4826 θυσίαις
1292 4762 1465 4837 λύτρα
1474 4764 1572 4835 τῆς
1588 4765 1792 4820 ἑαυτῶν
1804 4767 1968 4839 ζωῆς,

384 4847 481 4900 καὶ
510 4847 783 4920 ἀντίψυχα
809 4851 909 4922 τῆς
936 4852 1141 4917 οἰκείας
1179 4854 1392 4924 φύσεως
1424 4860 1806 4929 προσηκόντως
1833 4862 1971 4913 ἀπο-

381 4938 585 4994 διδόναι
617 4942 758 5012 χρῆν
787 4942 865 5013 τῷ
886 4942 1035 5016 Θεῷο
1064 4946 1140 5011 ὡς
1168 4948 1260 5001 καὶ
1296 4947 1563 5021 ἔπραττον
1584 4952 1633 5004 οί
1663 4951 1829 5005 πάλαι
1855 4951 1972 5005 θεο-

384 5032 582 5103 φιλεῖς,
608 5033 804 5103 σεμνόν
835 5052 885 5089 τι
913 5036 1006 5090 καὶ
1040 5037 1283 5108 θεοφιλὲς
1306 5040 1401 5094 καὶ
1433 5040 1575 5112 μέγα
1605 5043 1798 5114 ίερεῖον
1822 5042 1970 5115 ἥξειν

385 5124 518 5178 ποτὲ
544 5126 625 5188 εἰς
652 5124 973 5198 ἀνθρώπους
997 5129 1074 5202 τῷ
1098 5131 1228 5203 θείῳ
1253 5133 1531 5205 Πνεύματι
1555 5135 1964 5207 προειληφότες,

383 5216 445 5268 τὸ
470 5216 565 5269 τοῦ
606 5218 812 5283 παντὸς
843 5221 1138 5295 καθάρσιον
1160 5224 1387 5297 κόσμου,
1413 5220 1474 5281 οὗ
1503 5229 1597 5281 καὶ
1623 5227 1693 5281 τὰ
1721 5228 1964 5301 σύμϐολα

383 5305 522 5372 τέως
554 5309 824 5365 ἐπιτελεῖν
863 5312 1058 5379 αὐτοὺς
1090 5318 1374 5389 προφήτας
1406 5317 1586 5383 ὄντας,
1621 5320 1715 5373 καὶ
1742 5319 1803 5373 τὸ
1838 5319 1965 5391 μέλ-

384 5395 474 5449 λον
520 5397 743 5455 ἔσεσθαι
786 5406 1283 5476 προτυπουμὲνουςο
1340 5407 1525 5480 ἐπειδὴ
1570 5409 1627 5462 δὲ
1663 5409 1723 5462 τὸ
1761 5409 1963 5482 τέλειον

384 5489 591 5561 παρῆν,
621 5494 733 5555 τοῖς
774 5492 884 5547 τῶν
927 5496 1221 5568 προφητῶν
1254 5498 1563 5563 ἀκολούθως
1601 5499 1957 5572 θεσπίσμασι,

384 5578 631 5635 πέπαυτο
666 5582 733 5635 τὰ
769 5584 963 5655 πρῶτα
1005 5587 1100 5641 καὶ
1142 5587 1332 5643 λέλυτο
1369 5590 1713 5663 παραχρῆμα
1737 5591 1825 5646 διὰ
1864 5593 1961 5663 τῆς

2085 4580 2301 4651 rcptilia
2328 4620 2343 4645 ,
2389 4588 2444 4636 et
2491 4580 2699 4637 bestias
2732 4589 2893 4637 terra:
2940 4583 3237 4652 generatim
3267 4582 3335 4634 ἰ.
3371 4599 3391 4633 ι
3434 4580 3503 4634 Ut
3530 4595 3651 4635 om-

2082 4673 2214 4729 nino
2261 4674 2506 4745 ejusdem
2553 4681 2607 4729 et
2648 4674 2863 4745 generis
2905 4681 2960 4729 et
2990 4682 3197 4728 natura:
3227 4681 3280 4727 et
3330 4673 3654 4729 substantiae

2078 4765 2237 4820 bruta
2263 4781 2387 4822 esse
2415 4765 2707 4822 dicendum
2737 4766 2828 4832 sit,
2861 4766 3019 4836 cujus
3048 4772 3101 4821 et
3139 4763 3502 4834 germinantia
3532 4780 3653 4818 om-

2076 4860 2167 4913 nia
2219 4866 2273 4914 et
2337 4859 2535 4927 plantae
2578 4866 2726 4914 sunt.
2794 4857 3029 4913 Proinde
3076 4858 3398 4917 neutiquam
3443 4872 3652 4927 errare,

2074 4949 2169 5020 qui
2219 4951 2474 5006 animalia
2518 4952 2849 5008 sacrificant.
2891 4950 3100 5004 Dictum
3149 4948 3315 5019 igitur
3357 4956 3441 5005 est
3482 4950 3652 5007 etiam

2073 5042 2204 5111 Noe,
2237 5051 2297 5099 ut
2318 5046 2625 5101 comederet
2646 5059 2861 5111 carnes,
2885 5043 3043 5113 quasi
3068 5041 3216 5096 olera
3249 5044 3386 5113 agri.
3414 5042 3655 5100 Proinde

2071 5135 2200 5191 dum
2234 5136 2383 5192 nulla
2412 5137 2779 5207 praestantior,
2813 5149 2990 5203 neque
3014 5135 3210 5203 major,
3243 5153 3418 5206 neque
3445 5135 3652 5207 pretio-

2070 5229 2204 5293 sior,
2248 5244 2425 5300 neque
2455 5226 2568 5286 Deo
2616 5226 3029 5283 convenientior
3078 5227 3299 5282 victima
3333 5229 3647 5284 hominibus

2074 5320 2263 5377 aderat
2293 5340 2307 5375 :
2340 5320 2609 5376 sacriﬁcia
2648 5319 2870 5374 interim
2910 5334 2977 5374 ex
3012 5320 3365 5385 animalibus,
3398 5336 3497 5392 pro
3543 5335 3643 5376 sua

2072 5410 2317 5482 ipsorum
2352 5411 2462 5466 vita
2495 5409 2830 5475 redimenda,
2861 5417 2916 5466 et
2943 5409 3216 5482 quoddam
3244 5414 3401 5482 quasi
3434 5420 3648 5471 natura

2071 5503 2304 5573 propriae
2350 5502 2651 5556 animatum
2678 5504 2935 5572 pretium,
2971 5505 3074 5577 ipsi
3114 5505 3224 5561 Deo
3255 5505 3484 5561 reddere
3522 5506 3647 5560 illos

2070 5593 2455 5649 convenienter
2497 5594 2783 5662 oportebat
2831 5615 2845 5651 :
2894 5595 3036 5651 sicut
3079 5598 3243 5652 etiam
3295 5595 3389 5651 Dei
3434 5603 3645 5654 veteres

455 5759 501 5793 ⁸³
544 5759 720 5818 chit.
758 5777 867 5818 vvit
894 5803 910 5831 ,
972 5764 1155 5831 11,12.
1234 5768 1274 5802 "
1304 5765 1473 5824 Levit.
1534 5784 1617 5835 ιιι,
1655 5768 1707 5833 5,
1738 5769 1790 5836 8,
1828 5768 1919 5838 13‘;
1959 5786 1983 5825 ιε

2087 5796 2116 5837 +,
2148 5769 2236 5837 94',
2261 5769 2348 5839 29,
2384 5770 2473 5827 53.
2551 5772 2595 5804 ²⁰
2627 5770 2760 5829 Gen.
2794 5790 2830 5841 ι,
2866 5773 2948 5827 11.
3028 5775 3069 5806 ἰ
3102 5773 3235 5831 ibid.
3268 5774 3359 5831 ΞΟ.
