3978 6414
568 299 641 353 87
1202 302 1471 360 EUSEBII
1511 304 1990 363 CESARIENSIS
2026 305 2177 361 OPP.
2221 303 2405 361 PARS
2441 302 2510 361 ll.
2551 335 2622 345 —
2658 279 3153 360 APOLOGETICA:
3717 299 3777 357 88

568 415 733 470 amici
760 427 814 472 et
851 420 1090 476 cultores
1120 420 1411 488 faciebant,
1434 424 1528 494 qui
1568 426 1928 482 venerabilem
1949 441 2135 497 quam-

2241 424 2334 478 τοῦ
2376 425 2681 497 κρείττονος
2704 423 2796 477 καὶ
2828 421 3061 495 ἁληθοῦς
3093 418 3383 492 ίερουγίας.
3414 408 3574 480 οὗτος
3600 417 3641 470 δ’
3669 413 3729 489 ἦν
3755 424 3779 474 6

569 502 716 571 dam,
764 505 981 577 Deoque
1009 520 1309 580 acceptam,
1338 522 1391 569 et
1436 530 1685 595 magnam
1717 514 1971 579 hostiam,
2007 532 2140 572 ven-
2188 573 2196 580 ,

571 603 748 651 turam
782 598 911 652 olim
960 601 1029 655 ad
1075 602 1346 669 homines,
1382 605 1567 661 divino
1608 608 1884 664 indicante
1919 610 2136 679 spiritu,

568 692 723 739 tanto
758 695 885 744 ante
925 690 1251 759 didicerant,
1288 712 1410 767 quae
1456 699 1621 753 totius
1663 699 1851 754 mundi
1902 701 2141 772 expiatio

567 777 858 835 exsisteret
894 799 906 835 :
934 783 1091 851 cujus
1122 787 1283 841 etiam
1313 791 1466 860 signa
1488 791 1731 861 qumdam
1760 798 1814 846 et
1855 800 2011 848 notas
2035 793 2139 863 ipsi

568 868 775 925 interea
820 873 1034 930 obirent
1080 888 1243 949 atque
1289 884 1611 951 perﬁcerent
1652 905 1667 939 :
1711 884 1912 955 quippe
1949 886 2043 956 qni
2084 894 2139 942 el

569 960 847 1028 propheta:
884 974 1090 1031 essent,
1122 976 1177 1021 et
1197 969 1336 1039 ejus,
1368 973 1511 1042 quod
1537 973 1777 1028 futurum
1802 984 2142 1045 exspectare-

566 1062 676 1114 tur,
710 1054 936 1124 ﬁguram
966 1061 1020 1114 in
1054 1077 1114 1115 se
1139 1064 1410 1132 quandam
1445 1074 1570 1122 ante
1594 1075 1860 1137 gerentes.
1905 1068 2004 1124 Ubi
2041 1085 2140 1124 au-

568 1150 677 1197 tem
710 1146 855 1215 quod
898 1151 1199 1219 perfectum
1244 1165 1363 1211 erat
1399 1157 1637 1222 advenit,
1681 1161 2137 1231 quemadmodum

571 1237 829 1293 vaticinia
864 1244 1250 1312 preplietarum
1297 1249 1680 1318 prmdixerant,
1714 1256 1898 1322 priora
1924 1255 2015 1308 illa
2043 1254 2139 1311 de-

568 1328 800 1395 sierunt,
836 1342 889 1387 et
916 1339 1295 1404 praestantiore
1335 1344 1652 1413 verioreque
1688 1344 1958 1400 sacriﬁcio
1991 1345 2138 1401 illico

567 1422 781 1478 sublata
805 1433 953 1480 sunt.
977 1426 1078 1482 llic
1107 1439 1287 1488 autem
1317 1433 1418 1489 fuit
1441 1434 1694 1493 Christus
1715 1436 1833 1501 Dei,
1862 1438 1910 1493 is
1931 1437 1998 1494 de
2030 1454 2138 1509 quo

566 1514 889 1586 antiquitus,
927 1534 957 1573 a
987 1521 1179 1591 primis
1219 1541 1392 1597 usque
1423 1529 1759 1598 temporibus
1787 1530 1991 1585 dictum
2028 1539 2134 1597 est,

564 1605 709 1672 quod
748 1608 815 1662 ad
844 1608 1094 1667 homines
1133 1625 1280 1671 esset
1325 1625 1609 1685 venturus,
1639 1628 1800 1690 atque
1838 1622 2013 1676 instar
2043 1636 2137 1693 pe-

565 1699 721 1753 cudis
764 1716 864 1769 pro
910 1710 1026 1759 toto
1073 1722 1275 1775 genere
1317 1708 1560 1767 humano
1602 1712 2041 1776 interﬁciendus,
2075 1720 2135 1767 ut

566 1787 707 1856 apud
738 1786 932 1844 Isaiam
966 1795 1287 1865 prophetam
1318 1799 1581 1869 scripturn
1612 1801 1860 1872 legimus,
1889 1802 1981 1857 ubi
2010 1802 2087 1857 ait
2118 1820 2131 1854 :

570 1900 588 1931 ι
619 1879 771 1936 Sicut
798 1883 915 1939 ovis
937 1884 1003 1938 ad
1024 1887 1351 1944 occisionem
1375 1890 1575 1948 ductus
1594 1898 1699 1958 est,
1724 1902 1780 1947 et
1801 1893 1944 1947 sicut
1961 1907 2135 1963 agnus

563 1987 748 2027 coram
771 1975 1031 2032 tondente
1062 1978 1333 2034 obmutuit
1360 1984 1423 2033 η.
1457 1980 1587 2036 item
1627 1981 1759 2036 dicit
1789 2002 1804 2039 :
1830 2000 1849 2032 ι
1877 1981 1978 2038 Hic
2010 1998 2135 2052 pec-

559 2073 683 2119 cata
712 2073 901 2121 nostra
936 2065 1062 2130 fert,
1096 2076 1150 2124 et
1180 2085 1279 2139 pro
1308 2071 1467 2126 nobis
1497 2073 1549 2125 in
1580 2072 1768 2128 dolore
1788 2080 1873 2128 est
1901 2093 1914 2128 :
1948 2081 2002 2128 et
2032 2089 2134 2130 nos

564 2157 936 2225 reputavimus
972 2174 1096 2213 eum
1126 2175 1249 2216 esse
1286 2161 1342 2216 in
1381 2163 1584 2227 labore,
1613 2172 1668 2220 et
1709 2163 1763 2218 in
1794 2163 1971 2234 plaga,
2005 2166 2135 2219 etin

563 2246 888 2303 aﬁlictione:
929 2250 1046 2319 ipse
1087 2259 1268 2306 autem
1311 2252 1626 2309 vulneratus
1646 2261 1730 2309 est
1759 2261 1982 2325 propter
2007 2270 2136 2325 pee-

562 2347 682 2393 cata
710 2349 922 2405 nostra,
964 2350 1017 2398 et
1061 2344 1183 2398 tulit
1223 2346 1535 2417 languorem
1565 2357 1785 2417 propter
1820 2346 2134 2417 iniquitates

560 2443 778 2489 nostras
814 2454 828 2487 :
861 2433 1146 2504 disciplina
1182 2438 1335 2507 pacis
1364 2448 1564 2495 nostra:
1586 2455 1750 2510 super
1776 2457 1898 2495 eum
1927 2458 1940 2493 :
1965 2442 2135 2498 livore

557 2524 680 2593 ejus
724 2540 826 2581 nos
866 2529 1042 2583 sanati
1091 2545 1303 2594 sumus,
1347 2539 1401 2586 et
1437 2529 1701 2588 Dominus
1735 2532 1961 2587 tradidit
2006 2548 2131 2589 eum

557 2618 796 2686 peccatis
824 2622 1028 2676 nostris
1056 2639 1070 2675 :
1097 2622 1214 2693 ipse
1244 2623 1386 2679 enim
1418 2633 1698 2694 peccatum
1723 2640 1832 2679 non
1858 2623 2007 2693 fecit,
2035 2641 2134 2681 ne-

557 2724 664 2778 que
704 2709 959 2767 inventus
999 2718 1083 2767 est
1128 2712 1287 2768 dolus
1332 2713 1388 2766 in
1416 2728 1512 2769 ore
1548 2713 1689 2784 ejus.
1727 2733 1745 2766 ι
1784 2712 1995 2769 Similia
2022 2714 2129 2780 his,

558 2801 683 2857 item
711 2803 756 2835 "
776 2801 1040 2859 Jeremias
1058 2805 1195 2861 alter
1226 2805 1575 2861 Hebraeorum
1612 2806 1875 2877 propheta
1908 2806 2133 2862 inducta

557 2909 789 2962 persona
818 2894 1022 2951 Christi
1068 2896 1247 2965 palam
1279 2898 1528 2951 enuntiat
1569 2896 1758 2953 dicens
1796 2916 1815 2950 ι
1850 2897 1963 2968 Ego
1991 2899 2133 2953 sicut

556 3002 730 3056 agnus
760 2987 1047 3050 innocens,
1071 2989 1165 3057 qui
1196 2990 1429 3043 ducatur
1459 2990 1527 3044 ad
1549 2990 1969 3046 sacriﬁcandum
1999 2993 2064 3046 “.
2104 3012 2123 3045 ι

2241 515 2473 586 Χριστὸς
2506 513 2598 568 τοῦ
2638 512 2793 578 Θεοῦ,
2829 512 3034 566 ἄνωθεν
3059 512 3122 563 ἐκ
3148 508 3391 563 παλαιῶν
3422 508 3621 579 χρόνων
3649 508 3779 577 ἥξειν

2241 606 2319 667 είς
2351 604 2688 674 ἀνθρώπους,
2713 605 2806 658 καὶ
2828 603 3097 675 προϐάτου
3123 601 3279 672 δίκην
3305 601 3445 671 ὑπὲρ
3471 601 3657 664 παντὸς
3692 602 3777 654 τοῦ

2239 694 2347 748 τῶν
2386 694 2686 766 ἀνθρώπων
2723 694 2910 765 γένους
2949 692 3323 764 σφαγήσεσθαι
3373 692 3780 762 προαγορεύομε-

2240 803 2355 850 ver
2460 804 2592 858 φησι
2631 786 2756 860 περὶ
2796 783 2956 840 αὐτοῦ
2998 784 3219 847 Ἠσαίας
3243 784 3272 836 ὁ
3314 783 3610 854 προφήτης·
3643 800 3661 832 ι
3706 782 3779 845 Ὠς

2239 879 2509 951 πρόϐατον
2547 880 2639 932 ἐπὶ
2678 879 2888 949 σφαγὴν
2929 877 3091 950 ήχθη,
3122 876 3214 930 καὶ
3262 877 3340 938 ὡς
3369 872 3537 945 ἀμνὸς
3565 874 3780 929 ἐναντίον

2238 971 2331 1025 τοῦ
2358 971 2631 1043 κείροντος
2670 970 2902 1040 ἄφωνος.
2956 989 2974 1021 ι
3012 969 3119 1021 Καὶ
3143 966 3403 1033 ἐπιλέγειο
3445 983 3463 1016 ι
3508 956 3669 1029 Οὗτος
3696 965 3782 1030 τὰς

2241 1064 2512 1136 ἁμαρτίας
2543 1063 2698 1135 ἡμῶν
2728 1064 2902 1134 φέρει,
2935 1063 3026 1115 καὶ
3059 1060 3188 1132 περὶ
3217 1056 3375 1129 ἡμῶν
3407 1057 3677 1109 ὀδυνᾶται·
3702 1059 3782 1111 καὶ

2237 1159 2399 1227 ἡμεῖς
2423 1154 2784 1225 ἐλογισάμεθα
2814 1154 2972 1209 αὑτὸν
2992 1148 3128 1205 εἶναι
3150 1153 3206 1203 ἐν
3237 1149 3383 1219 πόνῳ
3404 1147 3497 1201 καὶ
3518 1150 3573 1202 ἐν
3597 1147 3783 1219 πληγῇ,

2238 1249 2332 1302 καὶ
2382 1249 2439 1302 ἐν
2494 1246 2768 1300 κακώσει·
2812 1246 2971 1308 αὐτὸς
3022 1244 3077 1297 δὲ
3125 1239 3531 1315 ἐτρωματίσθη
3576 1238 3657 1292 διὰ
3698 1238 3784 1306 τὰς

2240 1340 2517 1412 ἁμαρτίας
2559 1337 2735 1410 ήμῶν,
2778 1337 2871 1392 καὶ
2913 1334 3314 1408 μεμαλάκισται
3339 1330 3427 1385 διὰ
3458 1330 3557 1393 τὰς
3583 1330 3785 1401 ἀνομίας

2236 1433 2413 1507 ήμῶν.
2451 1432 2674 1486 Παιδεία
2701 1431 2921 1505 εἰρήνης
2950 1427 3104 1499 ἡμῶν
3133 1428 3218 1479 ἐπ’
3246 1423 3442 1478 αὐτόν·
3477 1421 3555 1494 τῷ
3582 1423 3785 1494 μώλωπι

2237 1526 2401 1581 αὑτοῦ
2439 1526 2599 1596 ἡμεῖς
2635 1523 2885 1595 ίάθημεν,
2920 1521 3014 1573 καὶ
3048 1518 3249 1590 Κύριος
3291 1513 3605 1587 παρέδωκεν
3645 1514 3786 1570 αὑτὸν

2237 1622 2354 1682 ταῖς
2413 1617 2710 1689 ἁμαρτίαις
2762 1614 2949 1685 ἡμῶν·
2996 1611 3157 1674 αὐτὸς
3212 1610 3320 1681 γὰρ
3376 1607 3648 1678 ἁμαρτίαν
3697 1606 3787 1659 οὐκ

2238 1712 2514 1781 ἐποίησεν,
2540 1709 2649 1763 οὐδ’
2679 1706 2872 1779 εὑρέθη
2912 1705 3062 1768 δόλος
3084 1706 3141 1757 ἐν
3175 1701 3251 1775 τῷ
3296 1701 3524 1771 στόματι
3556 1696 3726 1752 αὐτοῦ.
3765 1716 3781 1749 ι

2237 1803 2318 1856 Τὰ
2365 1803 2525 1874 ὃμοια
2571 1800 2780 1863 τούτοις
2827 1799 2920 1853 καὶ
2978 1796 3242 1867 Ἱερεμίας
3293 1792 3483 1865 ἕτερος
3544 1789 3790 1861 Ἐϐραίων

2238 1898 2521 1969 προφήτης
2552 1895 2644 1947 ἐπὶ
2688 1889 2975 1964 προσώπου
3006 1890 3098 1944 τοῦ
3138 1885 3376 1961 Χριστοῦ
3412 1885 3686 1953 ἐπιφωνεῖ,
3713 1880 3789 1935 λέ-

2235 2006 2347 2057 γων
2361 2006 2374 2018 ·
2397 2006 2415 2039 ι
2449 1987 2590 2056 Ἐγὼ
2608 1985 2683 2048 ὼς
2705 1985 2888 2057 ἀρνίον
2907 1985 3109 2038 ἄκακον
3125 1982 3393 2052 ἀγόμενον
3411 1976 3506 2031 τοῦ
3529 1975 3783 2031 θύεσθαι.»

2249 2078 2735 2150 Ἐπισφραγίζεται
2761 2076 2859 2140 τὰς
2886 2075 3089 2129 τούτων
3125 2074 3461 2146 προρρήσεις
3502 2070 3740 2140 Ἰωάννης
3761 2069 3787 2121 6

2236 2168 2543 2236 Βαπτιστὴς
2579 2167 2673 2220 καὶ
2714 2166 2806 2219 ἐπὶ
2852 2166 2951 2237 τῆς
2982 2164 3074 2219 τοῦ
3108 2164 3362 2235 Σωτῆρος
3410 2161 3567 2234 ήμῶν
3605 2161 3789 2227 ἐπιφα-

2234 2261 2399 2324 νείας.
2443 2257 2585 2312 Ἰδὼν
2612 2258 2721 2329 γὰρ
2753 2258 2936 2321 αὑτὸν,
2977 2258 3071 2312 καὶ
3098 2259 3211 2321 τοῖς
3246 2254 3513 2327 παροῦσιν
3541 2252 3791 2318 ἐπιδείξας

2234 2351 2309 2415 ὡς
2345 2350 2452 2421 ἄρα
2492 2350 2655 2413 αὐτὸς
2694 2349 2778 2421 εἴη
2828 2351 2858 2402 ό
2895 2348 3391 2419 προφητευόμενος,
3423 2342 3786 2416 ἐπεφώνησεν

2239 2460 2258 2494 ι
2293 2442 2396 2495 Ἴδε
2425 2441 2646 2512 όὰμνὸς
2677 2439 2771 2493 τοῦ
2800 2438 2935 2492 Θεοῦ
2956 2478 2971 2502 ,
2999 2440 3027 2490 ὁ
3062 2437 3230 2509 αἴρων
3269 2437 3371 2509 τὴν
3398 2435 3667 2507 ἁμαρτίαν
3706 2431 3788 2487 τοῦ

2233 2533 2460 2604 κόσμου.
2504 2551 2524 2583 ι
2557 2533 2685 2585 Ὅτε
2712 2531 2888 2585 τοίνυν
2915 2529 3054 2584 κατὰ
3078 2528 3175 2594 τὰς
3199 2528 3306 2584 τῶν
3344 2525 3635 2600 προφητῶν
3662 2543 3791 2597 μαρ-

2231 2625 2423 2697 τυρίας
2454 2623 2682 2697 εὓρηται
2706 2622 2767 2674 τὸ
2801 2620 2943 2692 μέγα
2976 2622 3071 2674 καὶ
3097 2619 3274 2691 τίμιον
3305 2618 3506 2688 λύτρον
3548 2615 3792 2671 Ἰουδαίων

2231 2718 2365 2789 ὁμοῦ
2400 2717 2492 2771 καὶ
2533 2716 2820 2787 Ἑλλήνων,
2853 2714 2913 2767 τὸ
2953 2713 3047 2767 τοῦ
3087 2713 3288 2778 παντὸς
3342 2712 3550 2782 κόσμου
3604 2708 3793 2776 καθάρ-

2234 2826 2368 2874 σιον,
2396 2809 2610 2863 πάντων
2632 2808 2932 2879 ἀνθρώπων
2960 2806 3267 2877 ἀντίψυχον,
3301 2804 3364 2859 τὸ
3392 2805 3572 2875 πάσης
3594 2800 3792 2873 κηλίδος

2232 2902 2323 2956 καὶ
2361 2901 2635 2972 ἁμαρτίας
2666 2900 2905 2971 καθαρὸν
2934 2900 3147 2968 ίερεῖον,
3179 2900 3208 2951 ὁ
3237 2897 3409 2968 ἀμνὸς
3434 2895 3527 2950 τοῦ
3559 2892 3709 2958 Θεοῦ,
3737 2891 3792 2946 τὸ

2232 2991 2474 3060 θεοφιλὲς
2530 2990 2623 3043 καὶ
2685 2990 2845 3055 ἁγνὸν
2897 2986 3185 3059 πρόϐατον,
3226 2987 3289 3041 τὸ
3336 2983 3792 3059 προφητευόμενον

554 3078 663 3149 37
694 3077 912 3133 Claudit
960 3079 1157 3134 horum
1202 3079 1586 3150 praedictiones
1632 3082 1792 3152 quasi
1824 3082 2039 3153 signum
2061 3084 2130 3141 iis

2235 3083 2435 3156 ἀρνίον,
2475 3077 2535 3137 οῦ
2569 3081 2657 3136 διὰ
2688 3083 2786 3153 τῆς
2819 3082 3001 3135 ἐνθέου
3036 3081 3129 3134 καὶ
3163 3080 3433 3152 μυστικῆς
3463 3075 3792 3139 διδασκαλίας

555 3171 877 3241 imprimens
905 3169 1147 3228 Joannes
1208 3172 1474 3247 Baptista,
1523 3176 1580 3230 in
1629 3176 1801 3244 ipsius
1831 3176 2129 3233 Salvatoris

2235 3175 2432 3239 πάντες
2465 3177 2623 3245 ήμεῖς
2660 3176 2708 3227 οἱ
2741 3174 2799 3240 ἐξ
2834 3172 3001 3226 ἐθνῶν
3034 3172 3131 3245 τὴν
3171 3173 3363 3241 ἄφεσιν
3395 3170 3503 3224 τῶν
3532 3167 3792 3240 προτέρων

558 3264 729 3319 nostri
763 3264 1020 3319 adventu.
1054 3266 1190 3320 Cum
1221 3267 1366 3321 enim
1391 3267 1544 3320 illum
1588 3268 1836 3333 vidisset,
1867 3270 2007 3324 etiis
2033 3269 2129 3339 qui

558 3357 783 3412 aderant
837 3358 1133 3413 indicasset
1164 3378 1177 3412 :
1209 3367 1268 3414 ut
1292 3359 1544 3416 videlicet
1580 3362 1697 3430 ipse
1725 3369 1894 3426 esset,
1924 3361 1992 3417 de
2018 3376 2129 3431 quo

558 3450 832 3520 prophetae
888 3451 1262 3520 loquerentur,
1312 3453 1675 3507 acclamavit:
1724 3471 1744 3504 ι
1781 3452 1923 3507 Ecce
1956 3468 2130 3523 agnus

557 3539 679 3606 Dei,
709 3541 802 3611 qui
831 3542 973 3596 tollit
998 3552 1284 3613 peccatum
1335 3542 1523 3598 mundi
1554 3545 1620 3598 ⁸⁸.
1649 3562 1668 3596 ι
1706 3543 1936 3610 Quando
1965 3544 2132 3614 igitur
2167 3534 2175 3542 ’

558 3631 859 3687 secundum
920 3632 1238 3687 testimonia
1280 3634 1668 3703 prephetarum
1718 3635 1999 3690 inventum
2047 3642 2131 3690 est

557 3738 836 3795 maguum,
871 3726 1161 3795 magnique
1189 3726 1573 3781 aastimandum
1626 3742 1726 3797 pro
1774 3727 2127 3792 redimendis,

557 3822 613 3869 et
631 3813 835 3871 Iudaeis
865 3818 1073 3886 pariter
1100 3824 1156 3874 et
1186 3816 1390 3875 Graecis
1424 3819 1682 3888 pretium,
1720 3817 1853 3871 illud
1880 3817 2132 3874 videlicet

558 3921 660 3977 pro
681 3913 795 3961 toto
832 3907 1038 3961 mundo
1060 3908 1357 3978 piaculum,
1391 3908 1522 3963 illud
1556 3924 1654 3979 pro
1684 3908 1866 3961 anima
1900 3916 2130 3963 cuncto-
2163 3952 2168 3958 .

557 4016 678 4055 rum
720 4000 1003 4055 hominum
1030 4001 1361 4057 sacriﬁcium
1388 4041 1403 4066 ,
1442 4001 1535 4055 illa
1582 4017 1682 4072 pro
1718 4003 1864 4057 omni
1892 4002 2128 4067 macula,

556 4100 610 4145 et
638 4101 861 4162 peccato
876 4094 1172 4163 purissima
1207 4093 1385 4150 hostia
1413 4109 1428 4145 :
1465 4094 1555 4149 ille
1584 4094 1774 4165 utique
1806 4109 1979 4165 agnus
2014 4092 2128 4159 Dei,

556 4183 650 4237 illa
680 4182 790 4239 Deo
820 4193 1044 4254 accepta
1071 4224 1087 4249 ,
1120 4192 1174 4240 et
1207 4185 1572 4241 mundissima
1609 4185 1728 4240 ovis
1759 4201 1771 4235 :
1816 4185 1907 4239 ille
1933 4200 2128 4256 agnus,

555 4275 625 4332 de
663 4292 772 4347 quo
793 4277 1071 4347 prophetae
1090 4284 1200 4332 tam
1232 4278 1399 4332 multa
1429 4277 1707 4342 dixerunt,
1735 4293 1833 4348 per
1860 4278 2020 4347 cujus
2044 4277 2130 4333 di-

554 4368 737 4425 vinam
795 4384 859 4424 ac
889 4370 1175 4440 mysticam
1214 4368 1520 4424 doctrinam
1564 4384 1753 4423 omnes
1788 4384 1911 4431 nos,
1945 4369 2038 4439 qui
2062 4368 2130 4424 de

2233 3267 2641 3338 ἁμαρτημάτων
2669 3264 2971 3336 εύράμεθα,
2997 3264 3076 3318 διὸ
3100 3265 3195 3317 καὶ
3235 3262 3505 3317 Ἰουδαίων
3531 3262 3577 3314 οί
3609 3259 3683 3323 είς
3708 3256 3793 3311 αύ-

2230 3363 2319 3415 τὸν
2351 3360 2639 3431 ἠλπικότες
2669 3358 2947 3430 ἐλεύθεροι
2967 3357 3067 3428 τῆς
3095 3357 3338 3420 Μωσέως
3362 3354 3609 3425 ἀφίενται
3634 3348 3791 3404 κατά·

2233 3473 2352 3528 ρας,
2388 3454 2611 3515 εἰκότως
2642 3452 2739 3524 τὴν
2768 3451 2864 3505 τοῦ
2908 3451 3157 3522 σώματος
3189 3449 3353 3504 αὑτοῦ
3392 3449 3489 3502 καὶ
3520 3445 3610 3500 τοῦ
3639 3444 3791 3514 αἵμα-

2227 3565 2321 3611 τος
2352 3549 2450 3617 τὴν
2482 3546 2788 3616 ὑπόμνησιν
2814 3544 3084 3617 ὁσημέραι
3130 3540 3527 3605 ἐπιτελοῦντες,
3568 3537 3658 3592 καὶ
3701 3533 3793 3605 τῆς

2231 3639 2538 3712 κρείττονος
2582 3636 2615 3710 ἢ
2656 3636 2799 3692 κατὰ
2835 3637 2962 3698 τοὺς
3003 3633 3263 3697 παλαιοὺς
3294 3631 3489 3695 θυσίας
3519 3645 3575 3682 τε
3606 3627 3696 3680 καὶ
3724 3626 3791 3676 ίε-

2236 3734 2490 3806 ρουργίας
2528 3732 2843 3803 ἠξιωμένοι,
2882 3731 2980 3782 οὐκ
3017 3728 3093 3782 ἔθ’
3136 3729 3281 3782 ὅσιον
3318 3722 3600 3796 ήγούμεθα
3636 3734 3793 3774 κατα-

2232 3826 2455 3879 πίπτειν
2482 3824 2574 3877 ἐπὶ
2605 3822 2675 3876 τὰ
2700 3822 2894 3893 πρῶτα
2925 3821 3018 3874 καλ⁵
3041 3818 3241 3888 ἀσθενῆ
3273 3818 3532 3887 στοιχεῖα,
3570 3806 3797 3882 σύμϐολα

2232 3919 2326 3972 καὶ
2358 3917 2590 3978 εἰκόνας,
2620 3914 2732 3968 ἀλλ’
2754 3916 2855 3968 οὐκ
2879 3913 3048 3983 αὐτὴν
3075 3910 3328 3982 ἀλήθειαν
3356 3904 3691 3977 περιέχοντα.
3714 3898 3797 3952 Ei-

2232 4012 2404 4075 κότως
2432 4009 2488 4063 δέ
2512 4010 2607 4063 καὶ
2634 4008 2812 4062 αὐτῶν
2852 4007 3121 4062 Ἰουδαίων
3152 4006 3202 4058 οἱ
3235 4005 3314 4068 εἰς
3338 4003 3430 4057 τὸν
3458 3998 3683 4073 Χριστὸν
3707 3992 3794 4048 τοῦ

2233 4102 2368 4155 Θεοῦ
2407 4101 2905 4171 καταπεφευγότες,
2946 4101 2994 4153 εἰ
3040 4103 3233 4170 μηκέτι
3269 4096 3374 4150 τῶν
3406 4093 3650 4155 Μωσέως
3688 4090 3795 4142 ἐπι-

2235 4193 2549 4265 στρέφοιντο
2572 4192 3066 4265 παραγγελμάτων,
3094 4187 3235 4243 κατὰ
3262 4187 3361 4257 τὴν
3385 4184 3595 4255 Καινὴν
3613 4177 3794 4246 Διαθή-

2233 4305 2335 4359 κην
2367 4286 2626 4357 βιοῦντες,
2659 4284 2757 4352 τῆς
2790 4283 2895 4336 ὑπὸ
2926 4280 3169 4343 Μωσέως
3203 4276 3516 4349 ὡρισμένης
3559 4268 3707 4331 ἐκτὸς
3734 4265 3795 4359 αν

2233 4374 2341 4432 εἶεν
2382 4378 2624 4448 κατάρας
2645 4391 2658 4405 ·
2703 4374 2799 4428 ἅτε
2832 4372 2895 4445 δὴ
2930 4370 3103 4442 ἀμνοῦ
3132 4367 3224 4423 τοῦ
3262 4364 3397 4420 Θεοῦ
3425 4365 3487 4419 ού
3523 4362 3673 4435 μόνον
3702 4355 3794 4427 τὴν

556 4462 812 4533 gentibus
860 4462 1126 4532 assumpti
1174 4477 1404 4526 sumus,
1458 4460 1840 4516 remissionem
1886 4462 2130 4530 priorum

2235 4471 2508 4542 ἁμαρτίαν
2531 4447 2624 4521 τοῦ
2656 4467 2882 4537 κόσμου,
2913 4463 3048 4517 ἀλλὰ
3069 4464 3161 4516 καὶ
3191 4460 3289 4531 τὴν
3318 4460 3375 4512 ἐν
3404 4460 3470 4528 τῇ
3501 4447 3793 4542 παραϐάσει

555 4561 903 4624 peccatorum
952 4554 1282 4617 invenimus,
1337 4569 1403 4608 ex
1452 4570 1561 4624 quo
1615 4553 1778 4608 etiam
1818 4551 2131 4608 Iudaeorum

553 4646 867 4717 quicunque
890 4645 945 4699 in
981 4645 1073 4700 illo
1103 4660 1254 4715 spem
1286 4644 1596 4708 habuerint,
1625 4661 1656 4697 a
1685 4643 1851 4699 Mosis
1875 4661 2131 4700 exsecra-

554 4740 704 4792 tione
725 4738 1050 4801 liberantur,
1084 4736 1280 4791 merito
1308 4750 1461 4800 sane,
1513 4737 1733 4807 quando
1756 4737 1901 4793 illius
1924 4754 2132 4794 memo-

555 4828 717 4893 riam,
752 4829 1110 4900 corporisque
1169 4827 1415 4897 ejusdem
1458 4835 1511 4883 et
1568 4829 1851 4898 sanguinis
1876 4830 2133 4884 recorda-

556 4920 761 4973 tionem
797 4920 1044 4990 quotidie
1067 4920 1366 4986 celebrant,
1386 4926 1440 4974 et
1470 4919 1538 4973 ad
1566 4920 1725 4990 longe
1754 4924 2127 4992 praestantius,

553 5016 609 5060 et
660 5006 1010 5071 sacriﬁcium,
1052 5016 1108 5064 et
1145 5024 1346 5064 munus
1378 5009 1645 5078 assumpti
1673 5018 1834 5078 sunt,
1874 5027 2036 5082 quam
2065 5012 2132 5066 il-

554 5097 646 5151 lud
680 5097 960 5167 antiquius
984 5097 1164 5154 fuerit.
1191 5098 1419 5167 Quando
1441 5101 1605 5172 igitur
1627 5103 1809 5157 omnia
1833 5101 1908 5157 ita
1940 5119 1999 5159 se
2033 5103 2132 5157 ha-

553 5191 705 5256 bent,
736 5208 840 5246 non
865 5193 1097 5261 amplius
1153 5193 1236 5249 fas
1281 5210 1403 5251 esse
1447 5201 1700 5266 putamus
1737 5195 1793 5249 in
1827 5196 2001 5266 prima
2040 5196 2131 5250 illa

552 5294 607 5339 et
635 5283 848 5339 inﬁrma
875 5286 1141 5340 elementa
1163 5288 1426 5353 recidere,
1457 5304 1577 5360 qua:
1603 5291 1784 5358 utique
1800 5290 1952 5359 signa
1982 5304 2129 5358 qua:-

553 5379 702 5442 dam,
749 5388 805 5434 et
854 5377 1138 5449 imagines,
1194 5395 1304 5433 non
1356 5383 1530 5451 ipsam
1581 5382 1863 5437 veritatem
1894 5382 2129 5451 comple-

556 5479 802 5526 ctuntur.
829 5470 1022 5527 Merito
1054 5479 1232 5527 autem
1272 5474 1516 5545 ipsorum
1562 5489 1777 5544 quoque
1811 5470 2126 5527 Judaaornm

555 5565 870 5635 quicunque
923 5563 991 5619 ad
1023 5564 1301 5622 Christum
1348 5565 1442 5622 Dei
1477 5566 1837 5637 confugiunt:
1887 5565 1934 5619 si
1968 5564 2127 5618 modo

630 5743 675 5776 τ’
708 5742 809 5797 lsa.
838 5759 958 5810 mu,
990 5744 1039 5798 7.
1121 5744 1164 5776 ³³
1196 5742 1331 5799 ibid.
1370 5742 1483 5798 4-9.

2234 4538 2620 4624 τῶν-Μωσέως
2666 4559 2893 4614 ἐντολῶν
2921 4556 3163 4625 κατάραν
3197 4553 3275 4615 εἰς
3318 4549 3480 4603 αὑτὸν
3521 4538 3790 4613 ἀνειληφό-

2234 4667 2345 4713 τος.
2381 4648 2605 4716 Γέγονεν
2631 4642 2722 4700 οὖν
2758 4648 2787 4699 ό
2820 4646 2989 4717 ἁμνὸς
3015 4642 3106 4698 τοῦ
3150 4641 3285 4695 Θεοῦ
3316 4641 3407 4694 καὶ¹
3434 4633 3673 4709 ἁμαρτία
3706 4628 3791 4683 καὶ

2235 4739 2478 4811 κατάρα*
2508 4737 2750 4808 ἁμαρτία
2783 4735 2882 4807 μὲν
2913 4735 3054 4806 ὑπὲρ
3080 4732 3188 4786 τῶν
3216 4726 3555 4803 ἁμαρτωλῶν
3588 4720 3677 4776 τοῦ
3710 4716 3793 4772 κό-

2236 4847 2397 4902 σμου,
2431 4827 2643 4900 κατάρα
2665 4826 2708 4879 δ’
2737 4828 2879 4899 ὑπὲρ
2903 4825 3009 4879 τῶν
3040 4823 3384 4895 ἐμμενόντων
3417 4822 3551 4873 πᾶσι
3573 4817 3681 4876 τοῖς
3703 4812 3788 4902 ὲτέ

2234 4901 2639 4994 γεγραμμένοις
2692 4922 2751 4975 ἐν
2807 4918 2887 4991 τῷ
2932 4917 3176 4979 Μωσέως
3229 4914 3397 4986 νόμῳ.
3443 4912 3533 4965 Διό
3574 4919 3730 4977 φησιν
3764 4901 3792 4954 ὁ

2244 5014 2563 5077 Ἀπόστολος
2588 5032 2603 5047 ·
2633 5033 2651 5066 ‹
2671 5012 2902 5086 Χριστὸς
2928 5011 3075 5081 ἡμᾶς
3100 5006 3429 5079 ἐξηγόρασεν
3455 5005 3520 5058 ἐκ
3550 5000 3647 5071 τῆς
3668 5008 3791 5051 κατ-

2231 5105 2369 5176 άρας
2403 5103 2497 5158 τοῦ
2533 5104 2719 5176 νόμου,
2767 5102 3056 5173 γενόμενος
3102 5097 3241 5168 ὑπὲρ
3279 5095 3434 5167 ἡμῶν
3494 5089 3719 5161 κατάρα.
3767 5100 3786 5136 ι

2233 5198 2363 5261 Καὶ,
2400 5217 2417 5249 ι
2464 5196 2568 5251 Τὸν
2613 5197 2688 5268 μὴ
2717 5196 2910 5264 γνόντα
2953 5190 3244 5264 ἁμαρτίαν,
3278 5188 3417 5258 ὑπὲρ
3445 5184 3597 5257 ἡμῶν
3625 5182 3792 5277 ἁὲμαρί

2234 5288 2355 5341 τίαν
2394 5287 2636 5358 ἐποίησε.
2688 5306 2706 5339 ι
2742 5287 2806 5339 Τί
2833 5285 2941 5354 γὰρ
2980 5285 3078 5337 οὐκ
3123 5280 3311 5353 ἔμελλε
3340 5278 3583 5348 γίνεσθαι
3622 5270 3679 5325 τὸ
3703 5270 3789 5358 τοῦ

2236 5380 2441 5451 κόσμου
2484 5356 2798 5450 καθάρσιον,
2838 5377 2898 5428 τὸ
2926 5374 3032 5428 τῶν
3060 5371 3393 5446 ἁμαρτωλῶν
3435 5368 3732 5437 ἀντίψυχον,
3763 5356 3791 5411 ὃ

2234 5470 2298 5542 δὴ
2320 5472 2414 5525 καὶ
2441 5471 2517 5535 ὡς
2546 5470 2813 5543 πρόϐατον
2846 5468 2939 5520 ἐπὶ
2970 5465 3181 5537 σφαγὴν
3211 5463 3372 5536 ἤχθη,
3403 5461 3495 5517 καὶ
3520 5459 3592 5522 ὡς
3618 5451 3790 5543 ἀρνίον

2235 5562 2501 5633 ἀγόμενον
2545 5561 2635 5615 τοῦ
2679 5558 2921 5625 θύεσθαι,
2954 5558 3125 5613 ταῦτὰ
3168 5572 3228 5609 τε
3273 5556 3446 5610 πάντα
3476 5550 3613 5623 ὑπὲρ
3643 5542 3790 5618 ήμῶν

1564 5745 1607 5775 ⁸³
1636 5742 1746 5798 Jcr.
1787 5759 1875 5810 XI,
1916 5742 2001 5799 {9.
2078 5739 2305 5797 "Joan.
2332 5756 2369 5806 ι,
2401 5738 2492 5795 29.
