4056 6418
203 384 260 444 ιι)
1108 352 1770 443 DEMONSTBATIONIS

1872 375 2275 435 VANGELICE
2322 374 2453 432 LIB.
2493 374 2539 434 ἰ.
3378 372 3457 432 90

204 503 284 559 καὶ
301 502 365 559 δι’
393 501 577 574 ἡμᾶςς
611 502 780 557 Ὅθεν
812 503 863 557 oi
891 503 989 573 μὲν
1017 502 1235 557 παλαιοὶ
1259 504 1353 557 καὶ
1377 502 1642 572 θεοφιλεῖς
1675 501 1769 556 ἁν-

1872 516 1976 556 non
2010 499 2245 570 amplius
2292 496 2360 552 de
2393 494 2561 552 Hosis
2589 494 2877 567 praeceptis
2935 492 3154 549 solliciti
3194 491 3324 556 sint,
3359 490 3456 546 sed

201 595 307 667 δρες
324 595 569 662 εἰκότως,
597 596 841 668 ἀπουσία
856 594 966 649 τῶν
991 595 1334 667 κρειττόνων,
1355 597 1467 658 τοῖς
1484 612 1545 646 συ
1555 593 1771 665 μϐόλοις

205 690 559 758 προτανεῖχον.
602 688 694 750 Ὦς
719 687 815 741 καὶ
838 688 996 740 τοῦτο
1023 687 1155 740 αὐτὸ
1175 689 1203 739 ὁ
1225 686 1415 757 Σωτὴρ
1441 685 1601 758 ἡμῶν
1623 685 1770 741 διδά-

204 795 329 841 σκει,
359 777 567 846 λέγων·
614 798 632 830 ι
686 778 880 832 Πολλοὶ
909 779 1179 851 προφῆται
1215 778 1305 832 καὶ
1337 778 1534 831 δίκαιοι
1574 776 1771 830 ἐπεθύ-

203 888 369 941 μησαν
418 871 546 925 ἰδεῖν
589 871 627 925 ἂ
673 871 832 940 ὑμεῖς
880 870 1125 941 βλέπετε,
1173 871 1268 925 καὶ
1303 871 1403 923 οὐκ
1450 865 1587 922 εἶδον
1607 887 1620 899 ·
1677 868 1771 922 καὶ

197 963 418 1017 ἀκοῦσαι
443 962 480 1016 ἃ
509 964 666 1033 ὑμεῖς
688 963 941 1028 ἀκούετε,
984 965 1076 1017 καὶ
1100 962 1199 1016 οὐκ
1223 962 1481 1033 ἦκουσαν.
1518 980 1536 1012 ι
1581 960 1771 1031 Ἡμεῖς

194 1057 269 1115 δὲ.
307 1054 372 1108 τά
414 1052 592 1125 άληθῆ
618 1055 712 1108 καὶ
740 1055 849 1111 τῶν
889 1056 1108 1109 εἰκόνων
1141 1054 1209 1109 τά
1243 1054 1524 1127 ἀρχέτυπα
1555 1052 1642 1106 διά
1669 1053 1772 1124 τῆς

197 1144 603 1220 μυστηριώδους
629 1147 935 1217 οἰκονομίας
959 1146 1050 1200 τοῦ
1089 1147 1325 1217 Χριστοῦ
1355 1145 1767 1218 παρειληφότες,

194 1240 286 1295 οὒκ
312 1238 391 1289 ἔτι
411 1237 524 1290 τῶν
554 1236 798 1291 παλαιῶν
818 1238 1139 1309 δεησόμεθα.
1184 1239 1361 1302 Μόνος
1387 1238 1434 1292 δ’
1467 1234 1559 1291 οὖν
1607 1237 1771 1301 αὐτὸς

194 1332 293 1384 τῶν
321 1328 544 1382 πώποτε
585 1329 754 1398 Λόγος
794 1329 867 1385 ὢν
890 1330 1047 1393 Θεοῦ,
1082 1332 1431 1403 προκόσμιος,
1465 1334 1558 1386 καί
1586 1332 1772 1403 ἀρχιε-

196 1427 312 1497 ρεὺς
353 1424 541 1492 πάσης
583 1423 775 1495 νοερᾶς
820 1423 913 1476 καὶ
967 1422 1190 1493 λογικῆς
1244 1405 1491 1488 κτίσεως,
1521 1424 1610 1477 τὸν
1638 1425 1770 1494 ἡμῖν

192 1514 516 1587 ὁμοιοπαθῆ,
547 1508 635 1567 οἶα
675 1514 942 1585 πρόϐατον
976 1515 1070 1568 καὶ
1116 1515 1285 1585 ἀμνὸν
1324 1515 1390 1569 ἑκ
1430 1517 1528 1587 τῆς
1560 1514 1770 1588 ἀνθρώ-

197 1624 303 1659 πων
331 1604 611 1676 ἀφορίσας
638 1605 855 1677 ἀγέλης,
880 1605 1052 1678 τούτῳ
1081 1622 1140 1658 τε
1179 1604 1491 1678 ἐπιγράψας
1517 1606 1615 1669 τὰς
1644 1606 1772 1660 πάν·

194 1713 292 1749 των
318 1693 483 1765 ἡμῶν
515 1694 812 1765 ἁμαρτίας,
849 1695 943 1748 καὶ
979 1694 1077 1767 τὴν
1104 1695 1348 1768 κατάραν
1375 1712 1438 1765 γε
1467 1694 1636 1766 αὐτῷ,
1670 1696 1769 1766 τὴν

192 1790 245 1841 ἐν
284 1787 363 1858 τῷ
412 1786 662 1849 Μωσέως
724 1786 872 1857 νόμῳ
922 1788 1452 1861 προστετιμημὲιην,
1501 1787 1769 1861 περιάψας

195 1881 300 1949 (ὅτι
332 1852 398 1950 δὴ
430 1877 676 1940 Μωσέως
699 1852 1041 1943 άνετιπόντοςο
1079 1898 1098 1931 ι
1146 1852 1584 1951 Ἐπικατάρατος·
1605 1852 1713 1945 ad;
1740 1882 1771 1934 ό
1800 1852 1843 1909 Β

193 1972 544 2045 κρεμάμενος
592 1971 687 2025 ὲπὶ
727 1970 882 2035 ξύλου
920 1991 938 2023 ι
964 1970 1006 2043 ),
1036 1972 1193 2026 τοῦτο
1216 1972 1480 2026 πέπονθεν
1513 1973 1674 2037 αὐτὸς
1702 1973 1772 2027 δι’

196 2062 334 2134 ἡμᾶς
386 2061 685 2132 γενόμενος
730 2062 870 2132 ὑπὲρ
919 2062 1075 2134 ἡμῶν
1127 2064 1373 2135 κατάρα⁸
1425 2065 1519 2117 καὶ
1561 2063 1626 2133 δὴ
1675 2064 1770 2118 καὶ

196 2154 465 2226 ἁμαρτίαν
508 2153 673 2233 αὐτὸν
710 2152 776 2206 δι’
812 2154 966 2224 ἡμᾶς
1001 2154 1266 2226 ποιήσας’
1317 2172 1335 2205 ι
1379 2154 1504 2208 ἐπεὶ
1560 2154 1651 2207 τὸν
1694 2152 1772 2226 μὴ

195 2248 381 2317 γνόντα
422 2247 727 2319 ἁμαρτίαν,
758 2247 899 2319 ὑπὲρ
942 2246 1098 2319 ήμῶν
1141 2248 1414 2320 ἁμαρτίαν
1465 2248 1707 2320 ἐποίησε,
1746 2267 1766 2301 ι

196 2340 365 2404 πάσας
412 2357 473 2393 τε
509 2339 657 2410 αὐτῷ
695 2340 763 2394 δι’
795 2341 944 2412 ἡμᾶς
977 2340 1079 2404 τὰς
1112 2343 1242 2413 ἡμῖν
1281 2341 1668 2414 ὲπηρτημένας
1698 2358 1775 2397 τι·

197 2434 405 2505 μωρίας
434 2433 667 2498 ἐπιθεὶς,
709 2433 883 2505 δεσμὰ
922 2436 1017 2488 καὶ
1047 2435 1269 2507 ἀτιμίας
1312 2438 1407 2490 καὶ
1434 2435 1640 2508 ὕϐρεις,
1677 2436 1776 2506 μάο

196 2526 378 2594 στιγάς
425 2542 489 2580 τε
535 2528 631 2581 καὶ
678 2524 943 2592 ἐκτύπους
974 2528 1208 2599 πληγάς,
1259 2529 1353 2582 καὶ
1387 2529 1479 2582 ἐπὶ
1520 2530 1685 2583 πᾶσιν
1711 2528 1775 2582 τὸ

193 2617 287 2688 τῆς
312 2619 568 2691 κατάρας
602 2620 883 2691 τρόπαιον.
918 2618 1073 2675 Μετὰ
1101 2621 1166 2693 δὴ
1198 2621 1376 2675 πάντα
1409 2615 1519 2675 οἷόν
1548 2639 1601 2675 τι
1643 2620 1774 2675 θαυ-

200 2711 386 2781 μάσιον
418 2710 594 2781 θῦμα,
624 2711 721 2766 καὶ
759 2711 987 2781 σφάγιον
1019 2710 1297 2783 ἐξαίρετον
1324 2712 1401 2783 τῷ
1432 2713 1605 2785 Πατρὶ
1641 2713 1772 2768 καλε

196 2802 611 2874 λιερησάμενος,
668 2803 809 2877 ὑπὲρ
840 2804 940 2874 τῆς
988 2803 1248 2857 ἁπάντων
1296 2804 1453 2876 ἡμῶν
1501 2805 1772 2877 ἀνήνεγκε

198 2893 489 2965 σωτηρίας,
539 2894 760 2967 μνήμην
796 2895 890 2951 καὶ
929 2897 1060 2968 ημῖν
1089 2896 1383 2967 παραδοὺς,
1418 2897 1538 2952 ἀντί⁸
1585 2898 1775 2963 θυσίας

194 2986 266 3057 τῷ
291 2985 413 3058 Θεῷ
457 2986 724 3058 διηνεκῶς
763 2988 1111 3061 προσφέρειν.
1146 2988 1318 3042 Τοῦτο
1355 2990 1451 3042 καὶ
1479 2990 1773 3062 προφητῶν

195 3082 220 3135 ό
247 3080 553 3152 θαυμάσιος
587 3080 751 3135 Δαὸὶδ
782 3080 910 3153 θείῳ
938 3080 1219 3152 Πνεύματι
1248 3080 1311 3133 τὸ
1347 3080 1540 3152 μέλλον
1583 3082 1775 3154 προλα-

195 3171 297 3227 ϐὼν
334 3173 652 3239 ἐθέσπισεν,
694 3172 897 3227 εἰπών’
946 3192 965 3226 ι
1016 3173 1333 3243 ’Υπομένων
1376 3172 1644 3243 ὑπέμεινα
1682 3173 1773 3227 τὸν
1800 3197 1844 3255 C

195 3265 414 3337 Κύριον,
445 3264 545 3319 καὶ
586 3263 855 3336 προσέσχε
900 3280 1019 3337 μοι’
1065 3266 1161 3321 καὶ
1200 3265 1488 3335 είσήκουσε
1516 3264 1619 3335 τῆς
1658 3264 1772 3337 δεη-

196 3354 325 3420 σεὼς
355 3373 488 3426 μου,
519 3357 614 3410 καὶ
646 3356 914 3427 ἀνήνεγκέ
948 3374 1017 3427 με
1047 3358 1111 3409 ὲκ
1138 3355 1356 3410 λάκκων
1376 3356 1770 3428 ταλαιπωρίας,

195 3449 279 3501 καὶ
320 3447 432 3501 ἀπὸ
467 3447 642 3519 πηλοῦ
679 3447 855 3512 ίλύος’
891 3449 985 3502 καὶ
1017 3447 1244 3522 ἔστησεν
1285 3448 1379 3501 ἐπὶ
1411 3448 1616 3520 πέτραν
1648 3449 1773 3514 τοὺς

195 3539 354 3602 πόδας
389 3556 518 3609 μου,
542 3538 837 3594 κατεύθυνε
863 3538 932 3593 τά
960 3538 1274 3610 διαδήματα
1305 3555 1429 3609 μου,
1464 3538 1558 3592 καὶ
1588 3539 1774 3593 ἐνέϐα-

193 3626 277 3682 λεν
302 3624 397 3693 ἐἰς
434 3629 501 3682 τὸ
541 3630 717 3701 στόμα
768 3646 869 3700 μου
914 3624 1066 3699 ᾆσμα
1110 3628 1315 3692 καινὸν,
1349 3627 1516 3699 ὕμνον
1546 3628 1625 3700 τῷ
1652 3628 1774 3701 Θεῷ

194 3719 364 3791 ἡμῶν.
403 3739 424 3772 ι
456 3721 571 3773 Καὶ
603 3720 655 3773 τί
688 3721 750 3774 τὸ
784 3718 970 3774 καινὸν
996 3715 1150 3791 ᾆσμα
1181 3719 1459 3791 τυγχάνει,
1496 3721 1770 3792 διασαφεῖ,

194 3811 361 3881 λέγων
392 3812 524 3884 ἑξῆς
546 3830 562 3847 σ
601 3831 620 3864 ι
659 3812 860 3867 Θυσίαν
883 3812 978 3866 καὶ
1007 3812 1322 3884 προσφοράν
1353 3812 1455 3867 οὐκ
1477 3812 1770 3886 ἠθέλησας,

199 3904 351 3975 σῶμα
388 3905 449 3959 δὲ
488 3905 802 3976 κατηρτίσω
856 3920 984 3975 μοι’
1036 3903 1464 3976 ὁλοκαυτώματα
1509 3906 1604 3959 καὶ
1645 3906 1774 3978 περὶ

198 3998 468 4069 ἁμαρτίας
510 3999 612 4052 οὐκ
657 3997 978 4067 ηὑδόκησας.
1035 3998 1168 4051 Τότε
1215 3994 1404 4052 εἷπον
1454 3998 1585 4052 Ἰδοὺ
1628 3999 1768 4070 ἥκω.

210 4091 292 4143 Ἐν
342 4091 595 4161 κεφαλίδι
650 4089 854 4160 βιϐλίου
900 4090 1211 4163 γέγραπται
1240 4113 1247 4120 ·
1275 4091 1403 4162 περὶ
1452 4091 1624 4162 ἐμοῦ,
1676 4092 1772 4146 τοῦ

201 4185 435 4255 ποιῆσαι,
490 4184 520 4237 ό
577 4183 729 4251 Θεὸς,
785 4183 849 4236 τὸ
900 4182 1111 4254 θέλημά
1150 4199 1264 4237 σου.
1339 4183 1684 4256 Ἐϐουλήθην.
1744 4204 1767 4238 ι

200 4273 307 4328 Καὶ
361 4271 641 4341 ἐπιλέγειν
709 4290 728 4323 ι
804 4270 1262 4342 Εύηγγελισάμην
1313 4269 1662 4341 δικαιοσύνην
1714 4271 1772 4325 ὲν

213 4360 500 4433 Ἐκκλησία
538 4358 768 4431 μεγάλῃ.
801 4378 819 4411 ι
861 4359 1152 4431 Ἀντικρυς
1184 4360 1303 4413 ἀντὶ
1339 4359 1446 4413 τῶν
1476 4358 1643 4417 πάλαι
1674 4359 1772 4413 θυ-

203 4451 325 4504 σιῶν
378 4455 475 4506 καὶ
524 4451 991 4524 ὁλοκαυτωμάτων
1041 4452 1140 4523 τὴν
1184 4451 1449 4525 ἔνσαρκον
1502 4453 1596 4507 τοῦ
1636 4454 1773 4525 Χρι-

1878 593 1953 644 ita
1974 590 2180 652 vivant,
2215 595 2274 642 ut
2326 585 2465 642 Novi
2498 585 2834 642 Testamenti
2878 586 3021 640 ratio
3074 584 3274 640 docet:
3307 582 3483 645 eam,‘.

1872 697 1995 753 qua:
2033 697 2062 735 a
2098 680 2245 737 Mose
2274 679 2495 736 deﬁnita
2538 685 2643 741 est,
2677 677 3107 732 exsecrationem
3131 675 3407 731 evaserint
3436 688 3455 728 :

1872 774 2075 845 quippe
2105 788 2227 828 cum
2262 772 2450 844 Agnus
2472 769 2565 825 Dei
2590 784 2700 825 non
2730 771 2906 826 solum
2925 777 3205 839 peccatum
3241 764 3455 820 mundi.

1873 866 1968 923 sed
1992 867 2154 922 etiam
2199 881 2319 921 eam
2341 864 2801 927 exsecrationem,
2830 877 2952 933 quae
2984 861 3053 915 iis
3080 860 3328 923 debetur,
3360 856 3456 928 qui

1873 968 2065 1014 contra
2082 957 2249 1013 Mosis
2267 957 2438 1028 legem
2467 955 2671 1027 aliquid
2687 954 3089 1016 commiserint,
3128 954 3184 1005 in
3211 951 3454 1022 seipsum

1874 1050 2161 1123 receperit.
2195 1047 2397 1104 Factus
2437 1049 2603 1120 igitur
2629 1057 2715 1104 est
2756 1048 2849 1102 Dei
2881 1048 3068 1117 Agnus
3096 1051 3150 1099 et
3170 1050 3455 1115 peccatum

1872 1153 1925 1201 et
1978 1145 2302 1200 exsecratio.
2337 1141 2633 1198 Peccatum
2673 1140 2893 1211 quidem
2947 1153 3047 1209 pro
3079 1136 3457 1208 peccatoribus

1872 1235 2038 1305 hujus
2073 1235 2262 1289 mundi
2293 1252 2306 1288 :
2343 1233 2655 1290 exsecratio
2680 1239 2862 1287 autem
2893 1246 2995 1301 pro
3033 1229 3101 1285 iis
3138 1226 3232 1298 qui
3265 1228 3459 1282 nolunt

1873 1343 1904 1382 a
1949 1328 2155 1398 scripto
2189 1326 2325 1398 legis
2378 1326 2632 1383 Mosaicae
2678 1322 2957 1379 recedere.
3000 1320 3270 1389 Quocirca
3322 1318 3459 1375 dicit

1869 1419 2165 1491 Apostolus
2190 1438 2203 1474 :
2241 1438 2261 1472 ι
2293 1419 2552 1475 Christus
2582 1434 2686 1475 nos
2716 1415 2947 1471 redemit
2983 1414 3051 1470 ab
3081 1412 3461 1469 exsecratione

1872 1512 2030 1583 legis.
2056 1510 2233 1568 factus
2258 1528 2359 1584 pro
2385 1512 2546 1567 nobis
2571 1510 2883 1566 exsecratio
2912 1510 2981 1563 “.
3015 1528 3035 1561 ι
3064 1504 3198 1562 Item
3226 1521 3239 1557 :
3270 1524 3289 1557 ι
3317 1502 3457 1559 Eum

1870 1602 1964 1673 qui
1996 1617 2108 1658 non
2139 1608 2368 1658 neverat
2397 1612 2705 1673 peccatum,
2762 1614 2864 1671 pro
2897 1598 3059 1654 nobis
3102 1597 3235 1654 fecit
3263 1610 3460 1666 pecca-

1870 1702 1985 1749 tum
2013 1695 2082 1749 ¹⁷.
2122 1712 2143 1748 ι
2175 1693 2317 1761 Quid
2344 1694 2490 1750 enim
2513 1709 2627 1750 nou
2652 1693 2874 1750 futurus
2903 1690 3008 1746 fuit
3032 1692 3103 1756 is,
3133 1690 3229 1762 qui
3263 1687 3456 1743 mundi

1871 1788 2146 1859 piaculum
2180 1787 2358 1844 factus
2386 1787 2511 1843 est?
2558 1789 2606 1843 is
2635 1786 2729 1857 qui
2753 1801 2854 1857 pro
2880 1793 3230 1856 peccatorum
3273 1782 3457 1838 anima

1872 1879 2149 1951 pretium?
2184 1881 2278 1950 qui
2316 1889 2575 1949 tanquam
2616 1879 2737 1935 ovis
2784 1877 2852 1934 ad
2886 1878 3225 1933 occisionem
3252 1875 3454 1931 ductus

1870 1970 1993 2027 est?
2038 1970 2132 2040 qui
2166 1971 2512 2027 existimatus
2561 1976 2647 2027 est
2692 1971 2835 2026 sicut
2868 1985 3066 2043 agnus,
3096 1970 3188 2040 qui
3222 1968 3459 2024 ducatur

1872 2063 1940 2118 ad
1974 2062 2439 2120 sacriﬁcandum?
2466 2071 2630 2133 atque
2658 2062 2844 2117 omnia
2874 2061 3022 2126 haec,
3057 2069 3112 2116 et
3152 2075 3252 2132 pro
3271 2058 3454 2126 nobis,

1870 2162 1927 2211 et
1963 2164 2188 2227 propter
2218 2170 2340 2210 nos.
2385 2152 2466 2208 Ex
2496 2168 2607 2225 quo
2652 2153 2872 2224 quidem
2905 2153 3073 2223 prisci
3096 2151 3197 2219 illi,
3237 2150 3458 2223 Deoque

1872 2246 2011 2318 grati
2040 2247 2180 2312 viri,
2217 2261 2343 2302 cum
2375 2245 2755 2317 praestantiora
2799 2260 2908 2300 non
2940 2244 3224 2308 baberent,
3258 2242 3456 2301 merito

1872 2335 2029 2406 signa
2053 2336 2171 2407 ipsa
2205 2335 2579 2393 attendebant.
2619 2335 2732 2407 38
2759 2332 2895 2389 Nam
2939 2334 3102 2389 etiam
3134 2334 3237 2388 hoc
3270 2332 3451 2403 ipsum

1874 2425 2124 2482 Salvator
2147 2435 2334 2483 noster
2360 2428 2540 2495 docet,
2573 2445 2700 2484 cum
2749 2426 2827 2482 ait
2863 2444 2878 2481 :
2914 2443 2933 2476 ι
2967 2424 3120 2479 Multi
3174 2424 3457 2496 prophetae

1872 2528 1926 2576 et
1951 2519 2086 2590 justi
2115 2520 2402 2590 cupierunt
2434 2521 2639 2587 videre,
2695 2534 2817 2590 quae
2861 2534 2960 2574 vos
2991 2516 3224 2581 videtis,
3261 2524 3317 2571 et
3343 2530 3455 2573 nou

1872 2612 2163 2669 viderunt:
2220 2623 2275 2669 et
2322 2613 2534 2680 audire,
2566 2626 2689 2684 quae
2746 2626 2845 2668 vos
2882 2610 3107 2676 auditis,
3136 2618 3192 2666 et
3215 2624 3324 2664 non
3355 2622 3458 2663 au-

1871 2707 2092 2763 dierunt
2117 2709 2182 2762 “.
2205 2727 2225 2759 ι
2269 2707 2336 2762 At
2362 2722 2483 2775 nos,
2527 2706 2619 2778 qui
2651 2720 2719 2762 ea
2777 2719 2901 2776 quae
2945 2718 3073 2760 vera
3104 2708 3255 2770 sunt,
3287 2707 3451 2772 atque

1874 2799 1992 2870 ipsa
2047 2800 2345 2870 imaginum
2413 2798 2684 2870 principia
2757 2812 2856 2869 per
2920 2794 3179 2852 refertam
3241 2793 3458 2865 magnis

1874 2888 2150 2960 mysteriis
2180 2888 2645 2960 dispensationem
2701 2887 2906 2943 Christi
2939 2885 3279 2956 accepimus,
3334 2899 3448 2939 non

1874 2982 2110 3051 amplius
2150 2996 2235 3047 ea,
2294 2996 2417 3053 quae
2465 2990 2651 3037 vetera
2693 2979 2835 3036 facta
2856 2986 3007 3043 sunt,
3052 2977 3453 3034 desideramus.

1878 3072 2042 3129 Solus
2070 3075 2237 3145 igitur
2266 3075 2384 3144 ipse
2433 3089 2625 3130 eorum
2653 3073 2897 3128 omnium
2932 3071 3025 3142 qui
3060 3083 3302 3140 unquam
3336 3066 3458 3123 fuco

1873 3166 2007 3229 riut,
2039 3181 2163 3221 cum
2210 3166 2284 3219 sit
2337 3164 2431 3220 Dei
2466 3163 2730 3228 Verbum,
2774 3164 2892 3234 ipso
2920 3161 3201 3232 antiquius
3227 3158 3454 3224 mundo,

1873 3256 2229 3329 pontifexque
2260 3256 2441 3312 omnis
2466 3256 2686 3312 ratione
2737 3263 2905 3324 atque
2928 3252 3286 3322 intelligentia
3319 3265 3459 3322 pra)-

1873 3347 2004 3402 ditae
2031 3355 2320 3411 creatum,
2356 3361 2483 3400 eum
2540 3347 2632 3415 qui
2678 3347 2886 3401 nostris
2931 3344 3153 3399 casibus
3183 3350 3331 3399 esset
3356 3342 3460 3399 oh—

1873 3439 2093 3506 uoxius,
2141 3439 2298 3509 quasi
2348 3452 2505 3494 ovem
2567 3445 2663 3492 aut
2691 3452 2893 3508 agnum
2926 3436 2995 3491 ab
3027 3435 3342 3491 hominibus
3370 3448 3461 3490 se-

1871 3544 2125 3600 gregans,
2194 3536 2251 3584 et
2297 3528 2426 3584 huic
2479 3536 2671 3583 nostra
2697 3528 2943 3583 omnium
2993 3526 3277 3581 ascribens
3328 3539 3459 3595 pce-

1873 3626 1995 3674 cata
2024 3660 2038 3685 ,
2099 3619 2386 3690 eidemque
2439 3618 2896 3682 exsecrationem,
2929 3631 3051 3686 qua:
3079 3615 3297 3669 mulctae
3331 3614 3456 3669 loco

1872 3714 1928 3774 in
1991 3714 2108 3784 lege
2154 3712 2321 3770 Hosis
2378 3710 2636 3782 adjuncta
2684 3718 2772 3767 est
2819 3712 3130 3780 imponens,
3186 3706 3459 3778 siquidem

1872 3808 1994 3878 ipso
2049 3804 2199 3861 Mose
2256 3804 2637 3875 proloqueute,
2670 3820 2691 3856 ι
2724 3801 3079 3859 exsecrabilis
3133 3800 3314 3854 omnis
3363 3811 3461 3867 qut

1874 3899 2072 3971 pendet
2129 3898 2184 3953 in
2227 3899 2374 3969 ligno
2397 3897 2517 3963 ",i
2573 3897 2679 3951 hoc
2746 3895 2928 3966 ipsum
2980 3890 3225 3963 pertulit,
3281 3890 3459 3946 factus

1872 4000 2093 4064 propter
2114 4008 2215 4048 nos
2246 3994 2361 4064 ipse
2387 4007 2486 4063 pro
2524 3990 2684 4046 nobis
2711 3988 3019 4046 exsecratio
3044 4006 3057 4043 :
3089 3985 3182 4057 qui
3215 3986 3458 4057 seipsum

1872 4099 2090 4154 quoque
2125 4092 2346 4155 propter
2385 4099 2487 4140 nos
2539 4089 2822 4152 peccatum
2885 4079 3066 4134 facere
3097 4093 3208 4133 nou
3248 4078 3490 4137 veritus.

1871 4183 1955 4232 est
1976 4194 1988 4230 :
2011 4175 2450 4245 quandoquidem
2474 4194 2493 4226 ι
2519 4189 2667 4241 eum,
2694 4179 2787 4243 qui
2819 4178 3104 4241 peccatum
3141 4184 3251 4224 non
3281 4168 3456 4232 novit,

1872 4285 1971 4340 pro
2000 4269 2158 4323 nobis
2179 4278 2463 4338 peccatum
2486 4267 2685 4331 eﬂ‘ecit,
2715 4266 3048 4334 reidemque
3078 4270 3298 4334 propter
3329 4275 3454 4324 nos,

1872 4361 2056 4416 omnia
2116 4373 2457 4430 quaecunque
2506 4356 2668 4412 nobis
2721 4354 3130 4426 impendebant,
3186 4350 3457 4423 supplicia

1874 4454 2167 4524 imposuit,
2201 4452 2440 4517 vincula,
2462 4449 2690 4521 probra,
2726 4447 3113 4511 contumelias,
3133 4445 3366 4516 ﬂagella,
3399 4454 3457 4498 et

204 4541 322 4594 στοίῦ
374 4542 696 4614 παρουσίαν,
745 4542 839 4596 καὶ
894 4541 956 4595 τὸ
992 4535 1351 4612 καταρτισθὲν
1398 4541 1562 4598 αὐτοῦ
1613 4542 1771 4613 σῶμα

1875 4561 1999 4601 cum
2033 4546 2140 4609 his,
2198 4544 2424 4599 verbera
2484 4540 2793 4597 deformia:
2828 4548 3275 4611 postremumque
3334 4550 3455 4590 om-

204 4634 616 4706 προσενηνέχθαι
677 4632 755 4704 τῷ
814 4632 933 4707 Θεῷ
987 4632 1227 4698 διδάξας,
1291 4632 1449 4686 τοῦτό
1502 4650 1561 4688 τε
1634 4633 1767 4689 αὐτὸ

204 4724 269 4795 τῇ
338 4724 501 4778 αὐτοῦ
579 4724 872 4796 Ἐκκλησία
916 4723 1346 4793 εὐαγγελίζεται,
1388 4724 1465 4790 ὡς
1505 4724 1572 4779 ἂν
1627 4726 1770 4797 μέγα

210 4820 495 4890 μυστήριον
575 4822 632 4874 ὲν
702 4820 951 4890 κεφαλίδι
1025 4818 1230 4890 βιϐλίου
1314 4821 1382 4893 τῇ
1453 4822 1766 4891 προφητικῇ

207 4914 349 4984 ςρωνῇ
375 4930 800 4987 προαναπεφωνη
809 4916 987 4985 μένον.
1020 4914 1223 4970 Τούτου
1249 4914 1383 4985 δῆτα
1404 4913 1499 4969 τοῦ
1530 4914 1769 4985 θύματος

207 4999 298 5071 τὴν
329 5005 541 5078 μνήμην
582 5004 676 5058 ἐπὶ
726 5006 1005 5078 τραπέζης
1044 5006 1281 5060 ἐκτελεῖν
1324 5003 1412 5059 διὰ
1454 5005 1763 5077 συμϐόλων,

260 5058 272 5071 .
329 5056 343 5073 .
416 5056 532 5078 ..νν.-
742 5056 1003 5078 τντηπν..

180 5056 296 5153 ἓτπῦ
312 5112 370 5148 τε
391 5095 636 5168 σώματος
658 5097 822 5152 αὑτοῦ
846 5100 941 5155 καὶ
963 5097 1056 5152 τοῦ
1082 5099 1350 5170 σωτηρίου
1372 5100 1602 5170 αἵματος
1624 5098 1766 5153 κατά

171 5255 179 5263 ‘
208 5181 431 5256 θεσμοὺς
457 5191 556 5261 τῆς
585 5192 793 5262 Καινῆς
831 5191 1105 5264 Διαθήκης
1134 5192 1552 5265 παρειληφότες,
1602 5192 1766 5246 πάλιν

208 5275 308 5330 ὑπὸ
328 5280 418 5333 τοῦ
439 5283 717 5353 προφήτου
743 5282 908 5338 Δαῦὶδ
923 5282 1285 5353 παιδευόμεθα
1307 5283 1504 5353 λέγειν·
1537 5301 1555 5335 ι
1591 5282 1767 5337 Ἦτοί-

210 5384 381 5436 μασας
422 5374 649 5429 ἐνώπιόν
685 5392 785 5445 μου
817 5375 1096 5448 τράπεζαν
1126 5376 1188 5443 ἐξ
1218 5376 1466 5441 ἐναντίας
1508 5376 1617 5431 τῶν
1655 5376 1768 5430 θλι-

207 5459 402 5519 6όντων
430 5485 514 5538 με.
576 5468 863 5531 Ἐλίπανας
912 5471 969 5522 ἐν
1019 5468 1183 5543 ἐλαίῳ
1213 5470 1313 5542 τὴν
1360 5469 1606 5541 κεφαλήν
1639 5486 1761 5540 μου,

210 5556 299 5608 καὶ
328 5557 388 5609 τὸ
420 5560 674 5633 ποτήριόν
726 5578 820 5615 σου
872 5561 1140 5632 μεθύσκον
1176 5579 1245 5633 με
1280 5562 1357 5626 ὡς
1396 5561 1706 5635 κράτιστον.
1742 5580 1762 5614 ι

209 5648 504 5722 Διιρρήδην
533 5651 665 5721 γοῦν
690 5654 748 5707 ὲν
774 5653 983 5717 τούτοις
1011 5653 1106 5708 καὶ⁸
1134 5653 1197 5708 τὸ
1219 5652 1476 5725 μυστικὸν
1500 5652 1764 5724 σημαίνε-

1869 4638 2043 4701 nium,
2096 4636 2275 4707 ipsum
2321 4632 2716 4690 exsecrationis
2749 4631 3072 4701 trophzeum.
3102 4629 3288 4699 Itaque
3327 4637 3457 4698 post

1870 4731 2076 4793 omnia,
2106 4729 2265 4799 quasi
2289 4726 2595 4783 mirabilem
2622 4726 2896 4798 quandam
2943 4725 3251 4787 victimam,
3278 4720 3454 4776 sacri-

1873 4822 2165 4892 liciumque
2193 4820 2454 4876 eximium
2485 4818 2627 4889 patri
2686 4832 2789 4876 suo
2840 4824 3102 4887 operatus
3131 4828 3230 4883 pro
3262 4822 3456 4868 nostra

1871 4912 2113 4968 omnium
2154 4913 2333 4966 salute
2393 4910 2612 4976 obtulit,
2665 4908 2896 4978 ejusque
2925 4906 3001 4961 rei
3034 4904 3349 4958 memoriam
3392 4911 3454 4957 ut

1872 5021 1973 5061 nos
2029 5004 2132 5074 ipsi
2182 5003 2294 5059 Deo
2316 5018 2415 5075 pro
2470 5002 2742 5059 sacriﬁcio
2796 5000 3154 5062 otl‘erremus,
3190 4996 3449 5052 instituit.

1872 5100 1988 5156 lloc
2012 5100 2178 5155 etiam
2215 5098 2602 5169 prephetarum
2635 5094 2947 5167 praecipuus
2967 5090 3157 5155 David,
3189 5092 3282 5161 qui
3304 5089 3450 5161 quod

1873 5191 2117 5248 futurum
2143 5198 2263 5246 erat
2299 5189 2509 5262 Spiritu
2560 5189 2748 5244 divino
2781 5184 3095 5256 providerat
3117 5184 3456 5238 vaticinatus

1872 5292 1976 5348 est,
2005 5283 2098 5338 ubi
2131 5282 2207 5337 ait
2236 5301 2251 5338 :
2276 5300 2296 5334 ι
2327 5281 2663 5353 Exspectans
2716 5275 3029 5347 exspectavi
3064 5274 3374 5339 Dominum,
3400 5285 3459 5329 et

1873 5374 2109 5430 intendit
2136 5375 2304 5430 mihi:
2336 5383 2391 5429 et
2417 5371 2694 5429 exaudivit
2717 5385 2932 5441 precem
2965 5384 3163 5434 meam,
3194 5378 3247 5424 et
3268 5375 3454 5423 sustu~

1873 5468 1937 5523 lit
1961 5483 2047 5523 me
2075 5468 2142 5523 de
2174 5468 2296 5523 lacu
2328 5467 2563 5522 miseriae
2591 5472 2647 5520 et
2674 5464 2742 5520 de
2800 5465 2916 5518 luto
2951 5462 3141 5518 faecis:
3172 5469 3226 5516 et
3260 5470 3454 5515 statuit

1874 5573 2038 5629 supra
2065 5566 2274 5629 petram
2294 5557 2460 5628 pedes
2506 5570 2680 5621 meos,
2714 5562 2769 5611 et
2799 5554 2998 5610 direxit
3025 5567 3250 5625 gressus
3273 5567 3449 5607 meos.

1874 5659 1928 5707 et
1957 5651 2187 5709 immisit
2240 5651 2299 5707 in
2327 5664 2390 5706 os
2412 5662 2595 5707 meum
2640 5647 2931 5707 Canticum
2980 5659 3204 5711 novum,
3233 5658 3451 5699 carmen

281 5825 326 5858 ³⁸
356 5825 465 5884 Gal.
496 5848 577 5899 ιιι,
610 5832 690 5887 15.
769 5834 813 5866 ²⁷
843 5832 886 5887 ll
908 5833 1033 5892 Cor.
1063 5850 1111 5903 ν,
1131 5834 1218 5888 21.
1299 5831 1509 5888 "-Luc.
1540 5848 1592 5900 Χ,
1622 5830 1711 5887 2L

1872 5830 2027 5889 Deut.
2059 5846 2173 5899 xxi,
2203 5833 2289 5888 25.
