4056 6418
574 379 636 436 91
1230 374 1500 432 EUSEBII
1531 375 2014 432 CIESARIENSIS
2049 375 2201 432 OPP.
2242 374 2423 430 PARS
2460 373 2526 429 II.
2563 403 2633 413 —
2669 369 3167 427 APOLOGETICA.
3749 369 3814 426 9‘2

579 496 689 552 Deo
719 503 906 551 nostro
929 493 995 548 ⁸ο.
1031 513 1048 546 ι
1083 493 1239 560 Quod
1270 510 1435 564 porro
1482 495 1552 550 sit
1593 494 1698 549 hoc
1753 511 1951 550 novum
1975 496 2148 550 canti-

2248 511 2338 546 ται
2380 493 2607 564 χρίσμα,
2656 491 2752 544 καὶ
2791 491 2858 543 τὰ
2899 488 3073 560 σεμνὰ
3113 488 3212 560 τῆς
3261 457 3504 559 Χριστοῦ
3545 489 3812 561 τραπέξης

575 603 705 644 cum
755 587 996 642 declarat
1047 585 1308 656 deinceps
1367 587 1459 642 ubi
1509 588 1619 640 ait:
1649 607 1667 638 ι
1700 586 2044 641 Sacriﬁcium
2097 593 2151 642 et

575 681 906 734 oblationem
939 679 1184 742 noluisti,
1219 694 1422 748 corpus
1464 689 1642 734 autem
1681 677 2148 749 periceistimihi:

577 771 899 825 holocausta
927 779 980 824 et
1021 785 1118 839 pro
1146 781 1370 839 peccato
1391 785 1499 823 non
1534 771 1776 840 probasti
1805 787 1820 835 ;
1855 778 1987 823 tunc
2014 767 2152 833 dixi,

575 876 706 915 ecce
729 861 905 918 venio.
933 861 989 912 In
1009 861 1184 929 capite
1203 860 1324 914 libri
1356 863 1622 930 scriptum
1654 869 1738 916 est
1770 861 1836 916 de
1855 876 1960 923 me,
1996 868 2055 914 ut
2074 860 2155 913 fa-

575 967 774 1016 cerem,
802 951 962 1016 Deus,
990 953 1322 1008 voluntatem
1355 961 1523 1019 tuam,
1556 954 1699 1008 volui
1736 954 1800 1017 ³²,
1835 972 1851 1003 ι
1885 960 1939 1008 et
1960 952 2153 1022 adjun-

574 1043 655 1114 git
689 1059 702 1096 :
744 1063 761 1094 ι
793 1044 1125 1097 Annuntiavi
1155 1044 1424 1112 justitiam
1460 1045 1512 1098 in
1546 1045 1786 1100 Ecclesia
1817 1059 2012 1114 magna
2039 1045 2105 1097 ”.
2129 1063 2147 1095 ι

576 1135 670 1191 Sic
701 1138 860 1206 plane
891 1136 1093 1192 docens
1111 1152 1207 1205 pro
1235 1137 1473 1206 antiquis
1507 1137 1792 1192 sacrificiis
1831 1137 2156 1192 etbolocau-

577 1229 699 1288 stis,
731 1228 934 1283 Christi
987 1229 1276 1282 adventum
1311 1244 1408 1298 per
1453 1229 1882 1297 assninptionem
1930 1226 2154 1281 humani

575 1318 687 1387 39
715 1319 984 1388 corporis.
1015 1319 1243 1388 ejusque
1268 1333 1469 1387 corpus
1499 1317 1821 1388 perfectum,
1859 1316 1970 1371 Deo
2001 1319 2157 1372 obla-

575 1417 692 1463 tum
725 1425 846 1465 esse
874 1429 886 1464 :
915 1409 1203 1479 ipsumque
1237 1409 1340 1464 hoc
1361 1409 1618 1464 Ecclesia
1647 1424 1761 1464 sua
1786 1410 2000 1463 nuntiat
2027 1424 2154 1464 cum

575 1499 772 1570 gaudio
803 1507 1062 1568 tanquam
1108 1500 1299 1570 ingens
1344 1500 1682 1571 mysterium,
1727 1498 1872 1569 quod
1919 1500 2156 1568 prophe-

575 1589 686 1642 tica
711 1605 844 1645 voce
875 1590 930 1644 in
962 1591 1139 1660 capite
1185 1589 1306 1644 libri
1345 1590 1683 1660 pr0positum
1725 1604 2156 1660 expressumque

575 1682 666 1737 sit.
685 1681 822 1736 Cum
849 1697 978 1751 ergo
1003 1683 1166 1752 hujus
1197 1682 1454 1737 sacriﬁcii
1478 1681 1798 1737 memoriam
1830 1683 1999 1753 signis
2029 1682 2152 1753 qui-

574 1773 805 1829 busdam
846 1774 902 1828 in
948 1790 1138 1830 mensa
1170 1775 1576 1838 celebrandam,
1621 1775 1978 1844 corporisque
2020 1773 2152 1828 item

2252 585 2486 655 θύματα,
2513 583 2581 636 δι’
2613 575 2686 635 ὧν
2718 581 3146 652 καλλιεροῦντες,
3175 580 3274 644 τὰς
3302 579 3565 650 ἀναίμους
3608 581 3702 634 καὶ
3733 581 3817 634 λο-

2250 677 2412 746 γικὰς
2467 675 2614 746 αὐτῷ
2643 692 2700 728 τε
2730 675 3016 745 προσηνεῖς
3043 671 3232 735 Θυσίας
3257 671 3348 725 διὰ
3378 673 3574 736 παντὸς
3599 672 3713 742 βίου
3744 673 3818 744 τῷ

2251 765 2344 818 ἔπί
2377 765 2590 817 πάντων
2624 763 2946 834 προσφέρειν
2971 760 3088 831 Θεῷ
3125 761 3210 814 διὰ
3244 761 3337 813 τοῦ
3371 761 3587 814 πάντων
3617 761 3822 815 ἀνωτά-

2253 873 2346 908 του
2377 855 2674 926 ἀρχιερέως
2696 854 2860 908 αὐτοῦ
2887 854 3258 925 δεδιδάγμεθα.
3289 853 3457 906 Τοῦτο
3487 853 3542 906 δὲ
3576 852 3708 905 αὐτὸ
3729 855 3819 908 καὶ

2269 947 2493 1010 Ἡσαΐας
2542 949 2570 999 ὁ
2634 945 2805 1016 μέγας
2854 947 3138 1017 προφήτης
3197 943 3522 1015 θαυμαστῶς
3563 942 3641 1013 τῷ
3693 942 3818 1015 θείῳ

2255 1037 2531 1107 Πνεύματι
2563 1037 2811 1108 προέγνω
2837 1053 2896 1088 τε
2937 1036 3030 1088 καί
3082 1033 3520 1106 προανεφὼνησε,
3565 1034 3728 1102 Λέγει
3774 1033 3828 1089 δ”

2253 1125 2344 1182 οὖν
2375 1123 2474 1182 ὧδε
2503 1130 2596 1182 καί
2636 1129 2818 1193 αὐτός·
2859 1148 2878 1179 ‹
2913 1129 3082 1200 Κύριε
3113 1130 3141 1180 ὁ
3165 1126 3294 1190 Θεός
3329 1143 3452 1196 μου,
3497 1123 3707 1190 δοξάσω
3737 1140 3817 1189 σε,

2255 1222 2481 1292 ὑμνήσω
2501 1221 2564 1274 τὸ
2587 1220 2756 1292 ὄνομα
2791 1237 2904 1284 σου,
2931 1223 3012 1273 ὅτι
3048 1219 3306 1289 ἐποίησας
3357 1217 3642 1288 θαυμαστά
3682 1217 3823 1288 πρά-

2253 1320 2461 1384 γματα.
2499 1333 2516 1364 ι
2546 1313 2662 1380 Καὶ,
2682 1313 2801 1365 τίνα
2839 1312 3014 1366 ταῦτα
3035 1311 3109 1374 ὡς
3139 1309 3350 1380 ἀληθῶς
3381 1309 3678 1380 θαυμάσια,
3705 1307 3821 1361 δια-

2256 1406 2437 1473 σαφεῖ,
2482 1403 2654 1472 λέγων
2689 1403 2844 1475 ἑξῆς·
2886 1423 2903 1455 ι
2936 1404 3152 1474 Ποιήσει
3194 1401 3396 1473 Κύριος
3426 1399 3654 1454 Σαϐαὼθ
3689 1401 3822 1454 πᾶσι

2252 1499 2366 1560 τοῖς
2387 1497 2582 1550 ἔθνεσι·
2619 1497 2830 1550 πίονται
2859 1494 3218 1567 εὐφροσύνην,
3267 1495 3481 1547 πίονται
3510 1489 3672 1556 οἶνον,
3699 1491 3821 1565 χρί-

2256 1606 2437 1643 σονται
2466 1588 2632 1660 μύρον
2662 1590 2718 1641 ἔν
2745 1587 2823 1658 τῷ
2842 1589 2956 1659 δρει
2976 1587 3165 1658 τούτῳ.
3193 1585 3438 1658 Παράδος
3459 1585 3628 1639 ταῦτα
3644 1586 3825 1641 πάντα

2253 1683 2364 1744 τοῖς
2387 1680 2612 1734 ἔθνεσιν·
2643 1683 2676 1751 ή
2707 1679 2815 1750 γὰρ
2847 1679 3010 1751 βουλὴ
3031 1679 3168 1751 αὐτη
3201 1680 3294 1731 ἐπὶ
3319 1678 3494 1731 πάντα
3515 1679 3583 1732 τὰ
3616 1677 3766 1747 ἔθνη.
3800 1695 3820 1730 ι

2254 1772 2490 1827 Τοιαῦτά
2519 1791 2641 1826 τινα
2665 1769 2732 1844 ἦν
2773 1773 2866 1826 καὶ
2896 1771 2968 1825 τά
3015 1771 3234 1825 Ἡσαΐου
3263 1771 3558 1842 θαυμάσια,
3598 1769 3826 1833 εὐωδίας

576 1867 743 1932 illius,
790 1867 1158 1937 salutarisque
1205 1867 1507 1938 sanguinis,
1549 1873 1608 1921 ut
1658 1868 1785 1921 novi
1817 1865 2148 1922 Testamenti

2251 1864 2461 1935 ἀγαθῆς
2484 1865 2576 1918 καὶ
2608 1863 2792 1936 μύρων
2820 1865 3016 1934 χρίσιν,
3043 1865 3105 1916 οὐ
3135 1862 3212 1934 τῷ
3257 1863 3491 1935 Ἰσραήλ,
3517 1861 3652 1916 ἀλλὰ
3684 1863 3824 1915 πᾶσι

576 1959 893 2016 institutum
926 1959 1111 2024 habet,
1138 1960 1510 2028 acceperimus
1543 1979 1556 2014 :
1584 1974 1801 2014 rursum
1830 1973 1858 2013 a
1890 1959 2152 2030 propheta

577 2046 748 2104 David
790 2051 1116 2106 instruiinur
1168 2049 1236 2104 ad
1285 2049 1576 2105 dicendum
1615 2069 1670 2104 ε(
1696 2050 1908 2105 Parasti
1938 2051 1994 2105 in
2019 2067 2155 2106 con-

577 2150 769 2210 spectu
820 2156 942 2197 meo
989 2157 1232 2197 mensam
1283 2150 1477 2197 contra
1515 2158 1611 2198 eos
1635 2143 1726 2212 qui
1758 2142 1999 2213 amigunt
2042 2158 2148 2198 me.

575 2232 780 2304 Pingue
805 2232 980 2290 fecisti
1033 2235 1090 2288 in
1137 2235 1257 2290 oleo
1305 2241 1469 2303 caput
1511 2249 1713 2297 meum,
1747 2240 1800 2288 et
1839 2235 1978 2288 calix
2025 2242 2151 2288 tuus

577 2325 859 2380 inebrians
894 2340 1056 2395 quam
1097 2324 1666 2396 prastantissimns”.
1703 2343 1722 2376 ›
1757 2323 1942 2378 Palam
1987 2325 2152 2395 igitur

577 2415 632 2468 in
665 2415 748 2471 his
778 2417 1060 2487 mysticam
1103 2417 1372 2488 signiﬁcat
1402 2417 1736 2479 unctionem,
1767 2425 1820 2470 et
1867 2416 2150 2471 horrorem

575 2503 854 2558 aﬁ'erentia
887 2521 1090 2560 mensa
1111 2507 1315 2562 Christi
1348 2507 1640 2572 sacriﬁcia,
1675 2508 1873 2576 quibus
1921 2523 2153 2576 operan-

575 2602 682 2661 tes,
715 2595 1028 2652 incruentas
1056 2604 1112 2652 et
1143 2598 1438 2653 rationales
1470 2597 1627 2668 eique
1659 2613 1855 2654 suaves
1879 2599 2147 2664 victimas,

575 2686 632 2740 in
681 2693 792 2741 tota
830 2688 937 2742 vita
974 2703 1230 2758 supremo
1275 2687 1384 2744 Deo
1429 2688 1647 2752 oﬁ‘erre,
1690 2704 1788 2760 per
1831 2689 2155 2744 eminentis-

575 2776 772 2832 simum
829 2780 1073 2834 omnium
1130 2779 1301 2848 ipsius
1356 2777 1689 2849 pontiﬁcem,
1715 2778 1895 2833 edocti
1936 2794 2150 2834 sumus.

578 2864 689 2919 IIoc
726 2867 902 2934 ipsum
935 2881 1167 2936 magnus
1189 2882 1410 2936 quoque
1437 2866 1699 2935 propheta
1729 2865 1897 2921 Isaias
1924 2867 2150 2922 mirabi-

575 2955 702 3010 liter
729 2956 914 3011 divino
952 2955 1156 3026 Spiritu
1185 2957 1460 3012 indicante
1480 2960 1740 3029 providit,
1769 2965 1824 3014 et
1857 2968 2150 3028 antequam

575 3047 730 3102 ﬁeret
778 3048 1131 3117 pradieavit;
1161 3049 1294 3103 dicit
1323 3049 1488 3119 igitur
1519 3051 1598 3105 sic
1631 3069 1646 3105 :
1688 3068 1706 3100 ι
1749 3049 1974 3105 Domine
2005 3049 2150 3106 Deus

576 3151 751 3200 meus,
794 3136 1110 3206 gloriﬁcabo
1160 3145 1236 3203 te,
1284 3138 1518 3193 laudabo
1559 3155 1758 3195 nomen
1801 3145 1978 3205 tuum,
2011 3156 2149 3210 quo-

575 3227 720 3281 niam
763 3227 937 3284 fecisti
962 3245 1051 3285 res
1078 3230 1357 3289 mirabiles
1375 3232 1442 3286 “.
1484 3252 1505 3285 ι
1541 3231 1607 3285 Et
1636 3249 1882 3303 quanam
1915 3233 1997 3288 ha
2037 3235 2148 3289 sint

570 3335 662 3376 res
713 3321 1022 3386 mirabiles,
1082 3324 1243 3393 plane
1290 3324 1549 3395 deinceps
1605 3327 1846 3381 ostendit
1894 3326 2084 3382 dicens
2130 3345 2144 3380 :

576 3430 595 3462 α
627 3408 812 3465 Faciet
835 3410 1100 3469 Dominus
1132 3413 1370 3469 Sabaoth
1406 3417 1716 3471 convivium
1739 3416 1992 3472 omnibus
2017 3433 2149 3488 gen-

570 3504 717 3559 tihus
755 3523 767 3558 :
800 3504 986 3560 bibent
1014 3506 1273 3573 latitiam,
1307 3507 1491 3566 bibent
1514 3509 1734 3565 vinum:
1757 3520 2026 3579 ungentur
2047 3527 2152 3564 un-

569 3605 772 3666 guento
789 3595 842 3648 in
863 3604 1045 3652 monte
1066 3597 1189 3664 illo;
1207 3597 1358 3652 trade
1379 3598 1493 3652 hac
1511 3600 1691 3652 omnia
1714 3600 1981 3669 gentibus.
2012 3600 2153 3655 Con-

569 3688 750 3741 silium
793 3687 936 3742 enim
977 3688 1080 3743 hoc
1122 3690 1178 3742 in
1222 3704 1412 3744 omnes
1442 3699 1630 3760 gentes
1655 3692 1721 3746 3".
1759 3711 1776 3743 ο
1811 3690 2139 3760 Hujusmodi

567 3792 702 3832 sane
758 3786 914 3832 erant
967 3778 1118 3834 Isaia
1167 3778 1460 3842 mirabilia,
1496 3795 1618 3850 qua
1661 3781 1816 3836 bona
1857 3781 2144 3851 cujusdam

569 3867 900 3939 fragrantia,
933 3871 1303 3940 unguentique
1333 3871 1664 3935 unctionem,
1695 3888 1802 3926 non
1832 3871 2016 3935 Israel,
2047 3871 2145 3928 sed

568 3961 826 4017 omnibus
851 3963 1105 4032 gentibus
1129 3962 1520 4032 promittebant
1548 3981 1562 4017 :
1591 3979 1656 4017 ex
1681 3978 1789 4034 quo
1814 3979 1925 4018 non
1953 3963 2146 4020 imme-

540 4057 676 4112 .rito
735 4063 955 4126 propter
1018 4058 1283 4127 unguenti
1338 4057 1651 4112 unctionem
1705 4056 2143 4113 Christianorum

571 4147 990 4218 appellationem
1047 4156 1356 4203 consecuta
1411 4155 1559 4212 sunt,
1621 4147 1717 4204 sed
1768 4148 1880 4203 vini
1926 4165 2142 4220 quoque

569 4237 810 4292 Iatitiam
864 4238 1114 4308 gentibus
1161 4238 1496 4292 vaticinatur
1533 4238 1588 4292 in
1622 4253 1709 4302 eo,
1755 4238 1889 4293 Novi
1949 4239 2144 4294 Testa-

570 4329 758 4393 menti,
788 4329 933 4398 quod
972 4343 1003 4382 a
1045 4328 1266 4383 Christo
1317 4327 1602 4382 conditum
1648 4334 1761 4393 est,
1795 4330 2139 4401 mysterium,

568 4421 904 4476 subobscure
963 4420 1322 4492 signiﬁcans:
1357 4420 1504 4492 quod
1562 4435 1696 4476 sane
1750 4421 1893 4491 apud
1948 4436 2140 4478 omnes

2250 1958 2362 2020 τοῖς
2393 1956 2599 2009 ἔθνεσιν
2633 1955 3092 2026 ἐπαγγελλόμεναο
3127 1955 3248 2008 ὅθεν
3292 1954 3515 2018 εἰκότως
3547 1953 3698 2025 παρά
3725 1953 3824 2024 τὴν

2250 2052 2344 2104 τοῦ
2398 2051 2567 2124 μύρου
2626 2051 2802 2123 χρίσιν
2848 2052 2940 2105 καὶ
2989 2050 3087 2120 τῆς
3125 2049 3466 2122 Χριστιανῶν
3512 2050 3825 2119 ἠξιώθησαν

2251 2143 2641 2215 προσηγορίας.
2679 2142 2839 2195 Ἀλλά
2865 2143 2960 2196 καὶ
2991 2142 3133 2196 οἴνου
3167 2144 3278 2204 τοῖς
3313 2141 3517 2195 ἔθνεσιν
3557 2141 3828 2214 εὐφροσύ-

2251 2252 2349 2307 νην
2389 2235 2655 2300 θεσπίζει,
2687 2235 2749 2286 τὸ
2792 2234 2890 2305 τῆς
2917 2233 3121 2303 Καινῆς
3147 2233 3239 2286 τοῦ
3275 2231 3508 2304 Χριστοῦ
3546 2233 3828 2304 Διαθήκης

2254 2327 2549 2398 μυστήριον
2589 2325 2974 2396 αἰνιττόμενος,
3018 2324 3047 2377 ὃ
3095 2323 3246 2395 παρά
3281 2325 3411 2376 πᾶσι
3452 2326 3563 2387 τοῖς
3610 2323 3824 2376 ἔθνεσιν

2251 2418 2492 2489 ἐναργῶς
2520 2417 2660 2472 κατά
2693 2418 2782 2472 τὸν
2813 2417 3052 2488 παρόντα
3082 2416 3270 2487 καιρὸν
3303 2414 3623 2469 ὲκτελεῖται.
3669 2414 3822 2468 Ταύ-

2248 2529 2346 2575 τας
2369 2512 2426 2564 δὲ
2461 2511 2621 2564 πάλιν
2645 2509 2743 2572 τὰς
2778 2509 3121 2579 ἀσωμάτους,
3167 2508 3260 2560 καί
3298 2505 3489 2576 νοερὰς
3519 2505 3708 2568 θυσίας
3749 2504 3826 2558 τὰ

2250 2602 2561 2674 προφητικά
2626 2600 2883 2672 κηρύττει
2934 2599 3110 2668 λόγια,
3176 2591 3279 2651 ὧδέ
3329 2615 3404 2668 πη
3471 2596 3821 2667 περιέχονω·

2255 2713 2274 2746 ι
2310 2693 2479 2746 Θῦσον
2513 2691 2589 2763 τῷ
2639 2691 2758 2762 Θεῷ
2802 2690 2991 2744 θυσίαν
3045 2687 3321 2752 αἰνέσεως,
3355 2688 3448 2741 καὶ
3500 2687 3694 2752 ἀπόδος
3738 2688 3826 2759 τῷ

2261 2784 2499 2854 ’Υψίστῳ
2525 2783 2624 2846 τὰς
2648 2782 2812 2852 εὐχάς
2834 2799 2950 2845 σου,
2990 2782 3085 2835 καὶ
3111 2780 3429 2834 ὲπικάλεσαί
3465 2797 3530 2851 με
3557 2782 3613 2833 ὲν
3636 2781 3825 2853 ήμέρᾳ

2249 2874 2499 2945 θλίψεως,
2537 2876 2632 2929 καὶ
2673 2873 2961 2945 ὲξελοῦμαί
2992 2892 3074 2938 σε,
3105 2875 3196 2927 καὶ
3237 2871 3480 2938 δοξάσεις
3514 2892 3600 2944 με.
3635 2893 3654 2927 ι
3705 2876 3825 2928 Καὶ

2249 2966 2409 3020 πάλιν
2427 2984 2440 2997 ο
2477 2985 2496 3018 ί
2535 2968 2803 3038 Ἐπαρσις
2827 2965 2935 3018 τῶν
2969 2965 3166 3036 χειρῶν
3187 2982 3285 3035 μου
3303 2965 3459 3018 θυσία
3480 2967 3758 3036 έσπερινή.
3797 2985 3820 3017 ν

2249 3058 2360 3112 Καὶ
2387 3053 2561 3120 αὖθις·
2608 3075 2626 3108 ι
2673 3056 2842 3110 Θυσία
2883 3055 2962 3126 τῷ
3002 3056 3120 3128 Θεῷ
3165 3056 3380 3127 πνεῦμα
3422 3055 3827 3130 συντετριμμέ-

2249 3166 2361 3203 νον.
2396 3168 2414 3200 ι
2447 3147 2630 3202 Ταῦτα
2657 3148 2721 3219 δὴ
2743 3145 2839 3202 οὖν
2869 3148 3064 3214 πάντα,
3111 3147 3172 3213 ἐξ
3203 3147 3394 3212 αἰῶνος
3419 3147 3826 3218 τεθεσπισμένα

2249 3241 2336 3294 διὰ
2361 3240 2462 3311 τῆς
2484 3239 2844 3310 εὐαγγελικῆς
2875 3239 2968 3293 τοῦ
2992 3239 3242 3310 Σωτῆρος
3264 3239 3420 3309 ήμῶν
3446 3237 3824 3302 διδασκαλίας,

2249 3330 2389 3385 κατά
2420 3332 2510 3383 τὸν
2543 3331 2784 3400 παρόντα
2829 3330 3019 3402 καιρὸν
3049 3331 3183 3403 πρὸς
3225 3331 3478 3384 ἁπάντων
3509 3331 3617 3384 τῶν
3645 3330 3832 3384 ἐθνῶν

2246 3422 2565 3484 ὲκτελείται,
2593 3422 2848 3494 ἀληθείας
2875 3422 3355 3494 ἔπιμαρτυρούσης
3386 3426 3452 3494 τῇ
3502 3425 3820 3496 προφητικῇ

2248 3517 2417 3584 φωνῇ,
2441 3509 2606 3586 δι’ἦς,
2641 3513 2739 3576 τάς
2767 3513 2907 3568 κατὰ
2923 3499 3164 3568 ’Μωῦσέα
3195 3513 3380 3578 θυσίας
3399 3515 3428 3566 ό
3459 3513 3588 3577 Θεὸς
3618 3531 3827 3586 παραι-

2245 3605 2567 3676 τησάμενος,
2594 3605 2656 3658 τὸ
2695 3605 2885 3676 μέλλον
2923 3604 3141 3658 ἔσεσθαι
3167 3605 3287 3658 καθ’
3326 3607 3471 3676 ἡμᾶς
3498 3607 3695 3669 αὐτοὺς
3726 3605 3826 3659 θε-

2249 3693 2456 3758 σπίζει,
2509 3695 2720 3763 λέγων⁸
2778 3713 2796 3746 ι
2844 3695 2988 3747 Διάτι
3043 3694 3152 3748 ἀπὸ
3201 3693 3472 3747 ἀνατολῶν
3522 3694 3670 3763 ἡλίου
3719 3695 3823 3748 καὶ

2249 3785 2410 3856 μέχρι
2463 3785 2681 3856 δυσμῶν
2735 3786 2797 3840 τὸ
2847 3785 3018 3857 δνομά
3074 3803 3175 3858 μου
3225 3785 3533 3850 δεδόξασται
3595 3788 3653 3839 ὲν
3701 3789 3823 3850 τοῖς

2246 3876 2442 3942 ἔθνεσι,
2480 3879 2574 3932 καὶ
2607 3880 2664 3931 ὲν
2698 3880 2861 3932 παντί
2904 3879 3054 3950 τόπῳ
3088 3878 3335 3950 θυμίαμα
3369 3879 3697 3948 προσάγεται
3733 3879 3822 3949 τῷ

2244 3968 2463 4039 ὀνόματί
2494 3986 2616 4040 μου,
2650 3971 2743 4023 καὶ
2780 3969 2939 4024 θυσία
2967 3969 3200 4041 καθαρά.
3239 3989 3257 4020 ι
3291 3969 3499 4040 Θύομεν
3525 3969 3661 4040 δῆτα
3703 3986 3822 4023 τοι-

2243 4058 2445 4131 γαροῦν
2467 4059 2546 4131 τῷ
2571 4061 2662 4113 ἔπί
2685 4061 2901 4114 πάντων
2932 4059 3049 4131 Θεῷ
3078 4059 3264 4113 θυσίαν
3291 4059 3546 4124 αἰνέσεως
3563 4077 3577 4092 ·
3611 4059 3819 4131 θύομεν

2241 4151 2302 4204 τὸ
2328 4150 2528 4216 ἔνθεον,
2555 4152 2648 4206 καὶ
2691 4151 2906 4223 σεμνὸν,
2938 4152 3031 4206 καὶ
3067 4152 3386 4222 ἰεροπρεπὲς
3413 4151 3580 4223 θῦμα⁶
3611 4152 3822 4223 θύομεν

2241 4243 2444 4308 καινῶς
2475 4244 2617 4298 κατά
2646 4244 2743 4315 τὴν
2776 4243 2981 4315 Καινήν
3008 4242 3280 4314 Διαθήκην
3313 4244 3409 4314 τήν
3439 4243 3684 4316 καθαρὰν
3719 4243 3820 4298 θυ-

2245 4334 2382 4387 σίαν.
2434 4354 2454 4387 ι
2489 4334 2658 4388 Θυσία
2686 4334 2742 4386 δὲ
2771 4333 2848 4404 τῷ
2875 4333 2993 4406 Θεῷ
3036 4333 3252 4405 πνεῦμα
3288 4335 3744 4405 συντετριμμένον
3784 4353 3809 4388 ι

2241 4424 2488 4496 εἴρηται·
2534 4444 2552 4478 ι
2586 4425 2811 4495 καρδίαν
2852 4425 2995 4493 γοῦν
3023 4425 3490 4498 συντετριμμένην
3518 4426 3612 4479 καὶ
3645 4441 3812 4480 τεταο

567 4523 756 4583 gentes
797 4513 853 4568 in
888 4513 1142 4584 prasenti
1185 4521 1432 4584 tempore
1479 4515 1765 4584 perspicue
1809 4513 2135 4569 celebratur.

2248 4514 2580 4585 mwwpéwjv
2624 4517 2652 4567 ό
2679 4513 2811 4578 Θεὸς
2842 4515 2941 4569 οὐκ
2987 4514 3350 4582 ἔξουδενὼσει.
3397 4535 3414 4568 ο
3448 4518 3557 4570 Καὶ
3600 4515 3664 4588 δὴ
3710 4517 3814 4571 καὶ

566 4606 738 4662 Porro
763 4607 864 4661 has
889 4621 1081 4662 rursus
1117 4607 1469 4677 incorporeas
1492 4606 1956 4678 intelligentiaque
1995 4621 2138 4676 pra-

564 4698 710 4755 ditas
741 4699 948 4753 hostias
983 4699 1298 4768 prephetica
1329 4699 1587 4753 nuntiant
1610 4699 1854 4758 oracula.
1888 4699 1969 4754 sic
1999 4715 2137 4769 quo-

565 4792 690 4844 dam
723 4792 842 4845 loco
869 4790 1166 4844 habentia:
1207 4810 1225 4841 ‹
1261 4790 1484 4845 Immola
1514 4790 1623 4846 Deo
1658 4790 1986 4846 sacriﬁcium
2020 4791 2138 4846 lau-

565 4882 671 4940 dis.
695 4889 749 4936 et
790 4881 955 4936 redde
997 4881 1278 4938 Altissimo
1308 4891 1432 4938 vota
1479 4895 1588 4947 tua,
1621 4892 1672 4938 et
1714 4883 1905 4938 invoca
1950 4899 2036 4938 me
2077 4884 2135 4939 in

561 4974 652 5029 die
706 4974 1098 5039 tribulationis,
1160 4982 1216 5030 et
1282 4991 1470 5030 eruam
1539 4984 1624 5041 te,
1697 4985 1754 5031 et
1802 4975 2136 5047 gloriﬁcabis

563 5082 651 5121 me
665 5067 732 5122 ³⁸.
775 5087 795 5119 ι
831 5067 896 5120 Et
921 5085 1146 5124 rursus:
1177 5087 1195 5119 ι
1234 5068 1475 5124 Elevatio
1502 5085 1760 5122 manuum
1790 5084 2030 5123 mearum
2049 5086 2142 5125 sa-

561 5156 828 5211 oriﬁcium
857 5159 1302 5226 vespertinum".
1339 5177 1358 5210 ι
1386 5158 1517 5212 Item
1545 5159 1710 5213 alibi:
1747 5177 1764 5210 ι
1799 5156 2137 5212 Sacriﬁcium

562 5245 695 5314 Deo,
727 5249 951 5317 spiritus
976 5250 1320 5306 contritus”.
1346 5270 1363 5302 ι
1392 5249 1517 5305 Hac
1534 5250 1697 5321 igitur
1711 5250 2049 5320 omnia,qua
2067 5250 2137 5305 ab

562 5338 717 5392 imtio
742 5339 1004 5398 divinitus
1036 5342 1293 5412 pradicta
1331 5351 1484 5409 sunt,
1513 5342 1567 5396 in
1606 5342 1860 5412 praesenti
1892 5350 2137 5412 tempore

558 5446 656 5501 per
696 5433 1062 5502 evangelicam
1105 5433 1406 5490 Salvatoris
1453 5434 1628 5489 nostri
1679 5435 1984 5488 doctrinam
2017 5433 2127 5504 40

559 5525 630 5579 ab
661 5525 915 5583 omnibus
947 5527 1202 5597 gentibus
1229 5527 1596 5591 celebrantur,
1645 5525 1971 5597 pr0phetica
2003 5528 2124 5581 voci

629 5619 676 5652 ³⁸
699 5618 847 5676 Psal.
889 5638 1089 5684 χχιιι,
1124 5623 1243 5678 2-4.
1319 5623 1362 5654 ³¹
1415 5622 1552 5677 Ibid.
1585 5622 1702 5676 7-9.
1782 5622 1824 5654 ³²
1855 5621 1993 5676 Ibid.
2030 5624 2116 5677 IO.

2271 5621 2414 5679 Psal.
2475 5638 2614 5691 xm,
2649 5622 2702 5680 5.

2245 4607 2522 4678 θυμιῶμεν
2567 4606 2626 4659 τὸ
2669 4596 3000 4678 προφητικὸν
3042 4606 3312 4678 θυμίαμα,
3363 4608 3420 4660 ὲν
3453 4609 3615 4661 παντὶ
3657 4607 3814 4678 τόπῳ

2243 4698 2698 4772 προσκομίζοντες
2728 4699 2874 4770 αὐτῷ
2905 4699 2994 4751 τὸν
3035 4697 3206 4770 εὐώδη
3249 4699 3458 4770 καρπὸν
3499 4699 3598 4770 τῆς
3629 4716 3809 4754 πανα-

2247 4795 2398 4866 ρέτου
2437 4791 2732 4860 θεολογίας,
2771 4791 2859 4844 διὰ
2904 4790 3012 4844 τῶν
3047 4791 3182 4864 πρὸς
3205 4792 3366 4845 αὐτὸν
3397 4791 3570 4862 εὐχῶν
3598 4791 3808 4862 ἀναφέ-

2245 4901 2445 4956 ροντες.
2481 4882 2650 4936 Τοῦτό
2687 4900 2769 4936 τοι
2811 4882 2903 4936 καὶ
2945 4882 3099 4948 ἄλλος
3147 4882 3385 4936 διδάσκει
3424 4884 3729 4955 προφήτης,
3774 4885 3807 4937 ὁ

2243 4975 2442 5046 φήσαςο
2472 4993 2491 5025 ι
2516 4973 2803 5045 Γενηθήτω
2824 4973 3146 5045 ήπροσευχή
3177 4989 3276 5043 μου
3303 4972 3378 5036 ὡς
3405 4971 3654 5044 θυμίαμα
3677 4970 3807 5027 ὲνώ-

2239 5067 2359 5120 πιόν
2390 5083 2504 5119 σου.
2545 5085 2565 5119 ι
2596 5064 2803 5119 Οὐκοῦν
2831 5066 2925 5118 καὶ
2953 5063 3171 5134 θύομεν,
3200 5065 3292 5118 καὶ
3325 5063 3608 5135 θυμιῶμεν
3627 5081 3641 5094 ⁶
3679 5065 3806 5119 τοτὲ

2240 5159 2337 5230 μὲν
2364 5158 2461 5229 τήν
2489 5159 2706 5231 μνήμην
2733 5157 2826 5212 τοῦ
2855 5157 3088 5230 μεγάλου
3113 5156 3369 5226 θύματος,
3404 5155 3546 5210 κατά
3565 5155 3636 5208 τὰ
3664 5155 3804 5227 πρὸς

2233 5250 2396 5305 αὐτοῦ
2425 5250 2794 5323 παραδοθέντα
2829 5251 3100 5321 μυστήρια
3141 5246 3534 5312 ἐπιτελοῦντες,
3571 5247 3668 5300 καὶ
3703 5248 3803 5314 τὴν

2235 5343 2375 5413 ὑπὲρ
2405 5342 2676 5414 σωτηρίας
2699 5341 2854 5413 ήμῶν
2883 5340 3228 5411 εὐχαριστίαν
3255 5339 3321 5392 δι’
3345 5337 3584 5391 εὐσεϐῶν
3614 5337 3803 5408 ὕμνων

2233 5452 2290 5487 τε
2323 5435 2416 5488 καί
2456 5435 2628 5505 εὐχῶν
2655 5434 2733 5507 τῷ
2769 5433 2888 5504 Θεῷ
2922 5429 3397 5504 προσκομίζοντεςο
3431 5429 3552 5483 τοτὲ
3575 5429 3630 5482 δὲ
3658 5430 3801 5498 σφᾶς

2231 5527 2429 5590 αὐτοὺς
2460 5528 2655 5598 eum)
2675 5526 3052 5597 καθιεροῦντες
3083 5524 3248 5594 αὐτῷ,
3279 5525 3371 5578 καὶ
3389 5521 3539 5594 τῷγε
3556 5523 3802 5592 ἀρχιερεῖ

2832 5623 2877 5655 ³⁸
2915 5619 3016 5678 lsa.
3057 5637 3189 5688 xxv,
3219 5621 3270 5674 I.
3375 5621 3419 5653 ³³
3469 5617 3602 5675 Ibid.
3677 5617 3796 5673 6,7.

559 5690 601 5722 "‘
647 5691 791 5746 Psal.
835 5709 960 5746 xm
985 5733 999 5756 ,
1038 5695 1220 5766 ΝΛΞ.
1297 5696 1339 5726 ³⁷
1372 5694 1516 5750 Psal.
1555 5707 1678 5755 ch,
1721 5693 1776 5747 2.
1851 5694 1895 5725 ³⁸
1919 5691 2062 5747 Psal.
2093 5710 2145 5754 ι..
2179 5693 2231 5747 9.

633 5788 711 5858 (I)
735 5785 898 5843 Forte
933 5790 1213 5858 legendum
1253 5788 1405 5851 ὅλους
1429 5790 1509 5843 vel
1539 5787 1694 5850 ὅλως.
1728 5787 1882 5842 Eutr.
1925 5787 2162 5843 PATBOL.
