4056 6418
248 349 311 407 93
590 385 598 392 -
1163 349 1817 408 DEMONSTRATIONIS
1853 347 2310 404 ΕνΑΝοΕιῐςιΕ
2353 342 2480 404 LIB.
2516 345 2583 404 Il.
3401 352 3470 406 91

247 465 394 522 αὖτοῦ
424 465 610 536 Λόγῳ,
643 466 803 540 αὑτῷ
861 468 1072 536 σώματι
1114 467 1208 522 καὶ
1249 468 1392 538 ψυχῇ
1431 467 1796 538 ἀνακείμενοι.
1825 478 1849 532 Α

1865 465 2274 532 _testimonium
2326 463 2583 518 afferente
2633 465 2898 528 veritate;
2927 478 3023 534 per
3071 479 3234 534 quam
3281 480 3467 522 vocem

245 559 327 611 Διὸ
358 555 529 624 πάσης
568 555 668 624 μὲν
700 557 1094 628 αἰσχρουργίας
1131 557 1192 609 τὸ
1219 557 1375 627 σῶμα
1408 559 1671 628 ἄχραντον
1707 558 1800 609 καὶ

1905 557 2070 618 Deus,
2122 555 2375 610 Mosaicis
2422 554 2637 624 rejectis
2685 556 3004 621 sacriﬁciis,
3037 557 3181 626 quod
3227 558 3470 618 futurum

243 651 482 718 ἀμίαντον
505 646 655 717 αὑτῷ
675 647 969 716 φυλάττειν
991 648 1284 719 ἀσκοῦμεν,
1308 648 1504 711 παντὸς
1519 649 1574 702 δὲ
1598 649 1800 714 πάθους

1903 657 2017 704 erat
2041 657 2286 702 nostrum
2320 647 2562 716 ipsorum
2588 646 2918 709 institutum,
2950 648 3209 705 divinitus
3233 657 3470 716 nuntiat,

240 741 327 796 καὶ
357 740 565 811 κηλῖδος
597 740 826 812 ἁπάσης
867 742 966 813 τῆς
1000 743 1104 796 ἀπὸ
1149 742 1345 806 κακίας
1388 743 1800 814 κεκαθαρμένην

1903 738 2090 792 dicens
2121 756 2134 791 :
2170 755 2189 788 ι
2227 736 2493 802 Quoniam
2527 735 2598 789 ab
2642 746 2762 815 ortu
2798 736 2930 790 solis
2981 754 3154 808 usque
3198 739 3262 793 ad
3311 755 3471 796 occa-

235 832 326 903 τὴν
345 832 576 884 διάνοιαν
597 831 755 901 αὐτῷ
786 833 1242 903 προσκομίςομεν,
1265 834 1541 903 λογισμοῖς
1568 851 1626 886 τε
1654 834 1801 886 ἀδια-

1903 846 2047 893 sum,
2087 844 2282 883 nomen
2314 842 2491 882 meum
2521 826 2882 896 gloriﬁcatum
2907 838 2992 882 est
3023 831 3076 882 in
3113 830 3384 899 gentibus,
3416 839 3470 886 et

237 922 470 986 πτώτοις,
501 923 597 975 καὶ
624 923 871 976 διαθέσει
919 925 1283 996 ἀνυποκρίτῳ,
1316 925 1547 996 δόγμασί
1583 943 1640 977 τε
1668 925 1801 992 ἀλη-

1904 923 1958 976 in
2013 923 2161 974 omni
2209 921 2329 973 loco
2378 920 2660 974 incensum
2705 918 2930 973 oﬁ‘ertur
2978 921 3184 974 nomini
3230 937 3370 987 meo,
3414 931 3469 978 et

236 1013 370 1076 θείας
401 1012 741 1084 εὐσεϐοῦμεν
786 1015 966 1067 αὐτόν.
1031 1015 1262 1086 Ἀρεστέι
1296 1016 1403 1088 γὰρ
1448 1014 1592 1085 αὑτῴ
1628 1014 1798 1068 ταῦτα

1902 1012 2082 1064 hostia
2122 1009 2324 1063 munda
2354 1009 2420 1062 ”.
2468 1027 2489 1060 ι
2537 1006 2922 1064 Sacriﬁcamus
2970 1011 3134 1080 igitur
3170 1010 3280 1065 Deo
3305 1013 3460 1067 altis-

235 1099 357 1158 εἶναι
388 1103 586 1174 μᾶλλον
619 1104 656 1176 ἢ
711 1103 914 1158 θυσιῶν
961 1104 1160 1175 πλῆθος
1193 1105 1404 1174 αἵματι,
1455 1106 1545 1157 καὶ
1583 1101 1796 1173 καπνῷ,

1902 1105 2042 1158 simo
2076 1104 2400 1159 sacriﬁcium
2434 1103 2610 1157 laudis
2637 1119 2649 1153 :
2684 1102 3053 1158 sacriﬁcamus
3085 1102 3196 1158 Deo
3219 1105 3461 1174 plenum,

233 1196 314 1248 καὶ
339 1195 580 1258 srviant;
613 1194 1071 1264 ἐπιτελουμένων,
1103 1195 1528 1265 πεπαιδεύμεθα.

1900 1203 1953 1249 et
1978 1195 2256 1250 horrorem
2286 1194 2547 1258 aﬁerens,
2570 1201 2623 1248 et
2651 1201 3059 1249 sacrosanctum
3113 1194 3465 1262 sacriﬁcium,

232 1285 592 1341 sacriﬁcamus
625 1302 777 1341 novo
844 1303 1023 1352 more,
1091 1288 1388 1342 secundum
1456 1285 1664 1342 Novum
1703 1285 2130 1351 Testamentum,
2187 1286 2417 1340 hostiam
2488 1285 2766 1340 mundam.
2819 1285 2889 1338 At
2951 1285 3276 1340 sacriﬁcium
3333 1285 3468 1350 Deo,

230 1383 438 1451 spiritus
461 1383 749 1436 contritus
776 1365 956 1438 dictus
1016 1389 1146 1437 est:
1186 1399 1281 1438 cor
1329 1385 1495 1455 igitur
1539 1384 1837 1438 contritum
1875 1391 1930 1436 et
1997 1382 2340 1437 humiliatum
2384 1381 2527 1436 Deus
2575 1395 2683 1434 non
2730 1380 3013 1450 despiciet.
3038 1380 3266 1451 Jamque
3301 1382 3469 1437 etiam

228 1474 552 1533 incendimus
614 1477 1000 1546 propheticum
1057 1477 1210 1532 illum
1257 1479 1478 1534 odorem
1533 1480 1589 1534 in
1639 1480 1788 1533 omni
1827 1479 1967 1543 loco,
1995 1485 2051 1533 et
2097 1476 2376 1532 oﬁ‘erimus
2424 1476 2474 1531 ei
2523 1476 2660 1531 bene
2739 1477 2971 1532 olentem
3009 1477 3248 1532 fructum
3314 1478 3465 1532 omni

227 1571 408 1625 virtute
444 1569 792 1625 abundantis
834 1569 1137 1640 theologia,
1185 1569 1288 1624 hoc
1339 1571 1524 1635 ipsum
1580 1568 1923 1624 orationibus
1979 1568 2047 1624 ad
2099 1584 2223 1624 eum
2289 1567 2511 1623 directis
2574 1565 2835 1622 facientes
2904 1567 3061 1634 Quod
3101 1584 3232 1624 sane
3285 1570 3467 1640 ipsum

225 1665 352 1720 alius
370 1681 588 1734 quoque
622 1664 793 1720 docet
823 1665 1104 1734 propheta,
1127 1664 1218 1734 qui
1245 1663 1322 1718 ait
1371 1681 1384 1718 :
1439 1681 1458 1715 ι
1505 1661 1624 1716 Fiat
1669 1663 1844 1718 oratio
1883 1677 2002 1720 mea
2050 1663 2191 1720 sicut
2242 1663 2524 1718 incensum
2569 1661 2623 1715 in
2679 1673 2974 1732 conspectu
3001 1664 3177 1719 tuo“.
3218 1682 3240 1716 ι
3295 1663 3465 1737 Igitur

226 1757 668 1839 etsacriﬁcamus
698 1765 756 1812 et
788 1756 1150 1822 incendimus,
1184 1758 1316 1812 alias
1373 1756 1590 1826 quidem
1656 1756 1974 1811 memoriam
2024 1758 2204 1828 magni
2247 1757 2392 1812 illius
2455 1756 2730 1819 sacriﬁcii,
2764 1755 3060 1810 secundum
3098 1771 3183 1820 ea,
3231 1771 3353 1828 quae
3381 1759 3456 1815 ab

226 1855 331 1924 ipso
368 1853 569 1908 tradita
629 1860 792 1918 sunt,
843 1852 1096 1925 mysteria
1147 1851 1506 1915 celebrantes,
1538 1858 1592 1906 et
1629 1851 1833 1922 gratias
1871 1851 1981 1906 Deo
2043 1869 2142 1922 pro
2195 1853 2370 1908 salute
2415 1860 2601 1906 nostra
2630 1858 2874 1920 agentes,
2942 1849 3334 1921 religiososque
3359 1851 3464 1923 hy-

226 1959 368 1998 mnos
408 1952 464 2000 et
522 1946 818 2001 orationes
862 1954 1082 2000 sanctas
1119 1946 1194 2000 illi
1246 1944 1533 2000 oﬁerentes
1581 1963 1594 1998 :
1654 1946 1787 2001 alias
1826 1947 2078 2016 nosipsos
2136 1954 2280 2002 totos
2350 1947 2399 2000 ei
2445 1950 2848 2010 consecrantes,
2915 1943 3142 2014 ejusque
3194 1945 3463 2016 pontiﬁci,

222 2039 312 2110 ipsi
361 2041 548 2111 utique
600 2043 801 2107 verbo,
856 2057 1108 2112 corpore,
1169 2041 1457 2110 animoque
1509 2038 1773 2096 dicantes.
1814 2040 2048 2097 Proinde
2116 2041 2186 2096 ab
2253 2041 2401 2096 omni
2431 2040 2789 2096 obscoenitate
2826 2053 3025 2109 corpus
3067 2039 3331 2094 intactum
3371 2049 3457 2095 at-

221 2148 314 2202 que
356 2133 789 2191 immaculatum
837 2137 1011 2192 eidem
1059 2150 1380 2191 conservare
1426 2135 1730 2200 studemus,
1773 2138 2028 2209 omnique
2057 2137 2274 2206 affectu,
2325 2148 2486 2209 atque
2548 2136 2696 2190 omni
2763 2134 3024 2198 fmditate,
3073 2151 3194 2206 qua:
3229 2150 3260 2189 a
3301 2136 3464 2190 mali-

223 2224 284 2278 tia
309 2224 1036 2299 proﬁciscatur,purgatam
1079 2237 1310 2283 mentem
1356 2229 1435 2283 illi
1477 2229 1772 2295 reddimus,
1817 2231 2347 2302 cogitationibusque
2395 2229 2646 2294 sinceris,
2715 2238 2768 2283 et
2837 2227 3121 2283 aﬁ‘ectione
3159 2245 3268 2283 non
3312 2227 3458 2297 ﬁcta,

223 2321 554 2391 veritatisque
598 2323 850 2379 decretis
887 2324 1035 2378 illum
1082 2325 1330 2380 colimus.
1368 2323 1534 2378 Grata
1563 2327 1706 2380 enim
1751 2327 1826 2380 illi
1870 2328 1981 2382 haec
2017 2344 2138 2384 esse
2175 2329 2346 2400 magis
2413 2343 2577 2400 quam
2623 2327 2925 2384 hostiarum
2969 2341 3224 2400 magnum
3271 2341 3440 2383 nume

222 2429 346 2478 rum,
366 2430 598 2485 quarum
637 2419 901 2489 sanguine
921 2429 973 2474 et
999 2418 1148 2474 fumo
1175 2427 1228 2474 et
1258 2420 1448 2475 nidore
1468 2436 1774 2491 operemur,
1815 2423 1993 2478 edocti
2033 2441 2242 2481 sumus.

284 2568 324 2602 ³⁸
352 2567 583 2627 Ilalach.
639 2586 680 2637 l,
715 2570 803 2627 H.
879 2571 926 2603 “
956 2570 1097 2626 Psal.
1127 2587 1262 2634 cu,
1303 2570 1354 2624 2.

1291 2846 2378 3098 ΕΥΣΕΒΙΟΥ

1379 3203 1609 3288 ΤΟΥ
1692 3168 2292 3289 mmemor

658 3393 1840 3529 ΕΥΑΓΓΕΛΙΚΗΣ
1921 3391 3014 3532 ΑΠΟΔΕΙΞΕΩΣ

1300 3634 1738 3722 ΒΙΒΛΙΟΝ
1801 3632 2373 3723 ΔΕΥΤΕΡΟΝ

939 3899 1694 4155 EUSEBiI
1802 3993 2719 4150 PAMPHILI

505 4286 2002 4422 DEMONSTRATIONIS
2098 4272 3155 4421 EVANGELICIE

1281 4545 1639 4631 LIBER
1712 4541 2368 4632 SECUNDUS.

225 4801 391 4878 ny:
459 4806 775 4859 ENEL‘TIN
857 4807 959 4859 EN
1010 4806 1134 4878 ΫΤῼ
1185 4807 1504 4878 aermna
1580 4801 1827 4878 ινιτ-ι

1836 4804 1850 4856 ι
1895 4800 2749 4878 41__.u@§_!éV§QNI_IN
2783 4803 3438 4878 summamad

277 4874 659 4929 ΓΡΑΜΜΑΤΙ
686 4879 822 4930 ΤΗΣ
848 4877 1018 4930 ΠΕΡΙ
1049 4870 1191 4928 ΤΟΥ
1209 4878 1292 4928 ΣΩ
1308 4870 1540 4931 ΤΗΡΟΣ
1565 4877 1774 4933 ΗΜΩΝ

1918 4870 1940 4875 ⁷
1973 4870 2488 4927 ῈγΑΝοΕιιοΑῑ
2536 4874 2636 4928 DE
2679 4875 3108 4931 SALVATORE
3151 4877 3439 4937 NOSTRO

276 4946 803 5001 ΕΥΑΓΓΕΛΙΚΗΣ
822 4947 1301 5000 ΑΠΟΔΕΙΞΕΩΣ.

1132 4947 1301 4999 ἷΕΩΣ.
1980 4939 2734 5000 DEMONSTRATIONIS.

219 5053 545 5138 ΠΙξῼ-ΨΜῙ-
557 5058 684 5110 Ὅτι
694 5056 779 5126 μὴ
801 5059 882 5123 ὡς
895 5056 1116 5138 ἔτυχε-νς
1129 5057 1283 5138 μηδέ
1292 5057 1489 5138 μάτην
1509 5059 1611 5123 τὰς
1633 5059 1768 5127 παρ’

1871 5059 2163 5138 Ρῐιοοιζιι,
2189 5091 2259 5138 -_——
2283 5060 2437 5126 Quod
2473 5077 2575 5138 non
2610 5078 2758 5121 casu,
2801 5073 3179 5138 nequeAtemere
3225 5070 3432 5138 ρνοριιε.

287 5127 568 5206 ξιξόραίοιςι
584 5129 951 5196 προφητικὰς
969 5128 1222 5194 βίϐλους
1249 5129 1344 5182 διὰ
1359 5128 1558 5196 πάσης
1579 5142 1767 5184 σπου‹

1943 5131 2444 5186 ιὶευεἨεὸτωονιιηι
2476 5131 2660 5196 libros,
2686 5136 2826 5187 omni
2854 5127 3027 5188 studio
3055 5127 3332 5206 campi-exi.
3355 5157 3446 5193 su-

275 5196 378 5266 ὸῆς
405 5198 780 5268 περιέπομεν.
1947 5221 2084 5258 mus.

217 5286 352 5362 KEflt.
398 5293 474 5344 A'.
528 5291 725 5356 Ὅπως
745 5291 816 5362 τξι
851 5291 1221 5360 χρηστότερα
1265 5291 1395 5358 περὶ
1438 5291 1605 5361 ἡμῶν
1649 5293 1767 5348 τῶν

1872 5295 2024 5351 CAP.
2068 5295 2111 5351 Ι.
2155 5296 2610 5362 Quemadmodum
2655 5297 2874 5351 meliora
2913 5297 2977 5354 de
3017 5301 3165 5356 nobis
3213 5307 3444 5358 externis

275 5360 627 5438 ωλοςεύλωγ
658 5360 850 5438 ἐςθνῶν
876 5362 1276 5431 προλαϐόντες
1310 5364 1364 5415 οἱ
1391 5360 1527 5431 παρ’
1559 5363 1766 5433 αὐτοῖς

1943 5360 2192 5437 gentibus
2213 5365 2482 5438 Prophetw
2513 5368 2726 5424 illorum
2777 5378 2897 5425 ante
2926 5371 3185 5427 venientes
3227 5374 3444 5430 nuntia-

275 5432 559 5500 προερῆται
581 5431 932 5499 ἐκήρυττον.
1741 5431 1751 5433 “

547 5451 559 5484 ι
581 5431 932 5499 ἐκήρυττον.
1741 5431 1751 5433 “
1943 5431 2149 5493 iterum.

216 5527 274 5591 af.
316 5524 441 5576 Ἀπὸ
469 5523 578 5591 τῆς
611 5523 937 5590 Γενέσεως.

635 5523 937 5590 ”⁴ενέσεως.
1871 5529 1925 5584 1.
1958 5527 2001 5581 Α
2036 5526 2237 5583 Genesi.

214 5590 280 5650 β’.
322 5594 445 5647 Ἀπὸ
475 5590 588 5663 τῆς
613 5593 823 5660 αὐτῆς.

673 5593 823 5660 ἃτῆς.
1867 5598 1920 5652 2.
1965 5599 2042 5650 Ab
2073 5601 2275 5655 eadem.

219 5666 275 5733 τ.
315 5664 438 5717 Ἀπὸ
477 5665 588 5733 τῆς
624 5663 833 5732 αὐτῆς.

671 5663 833 5732 ὐτῆς.
1867 5669 1919 5722 5.
1967 5667 2041 5721 Ab
2071 5668 2273 5723 eadem.

217 5701 270 5783 δ’.
316 5735 439 5788 Ἀπὸ
467 5701 579 5789 tog
600 5701 1074 5802 Δευτέὶονομίου.

1867 5701 1919 5722 υ.
1967 5701 2040 5721 ιιυ
2071 5701 2274 5723 οιιιοῠησο

857 5736 1074 5802 νομίου.
1868 5741 1918 5791 lt.
1963 5742 2002 5789 Α
2040 5738 2459 5796 Deuteronomto.

215 5805 266 5855 ε’.
307 5804 428 5860 Ἀπὸ
459 5805 563 5860 τοῦ
596 5812 684 5860 κα¹
714 5805 979 5875 ψαλμοῦ.

771 5805 979 5875 αλμοῦ.
1864 5807 1917 5863 5.
1958 5807 2000 5861 Α
2037 5825 2124 5864 stu
2147 5810 2373 5878 psalmo.
