4056 6418
175 357 244 412 ’97
1098 339 1332 398 DEMON
1341 332 1746 393 STRATIONIS
1783 326 2241 386 EVANGELIC/E
2279 323 2407 383 LIB.
2433 324 2495 380 11.
3356 318 3426 378 98

189 473 421 543 μετεῖναι
451 468 664 537 ἔφασαν
693 463 804 520 τῶν
839 465 964 535 παρ’
996 462 1178 526 αὐτοῖς
1211 458 1572 530 ἀναγράπτων
1595 458 1760 524 ἐπαγ-

1866 449 2066 506 fellam.
2103 445 2370 514 Quoniam
2420 442 2586 514 igitur
2619 441 2799 497 dicere
2828 439 3024 502 solent,
3061 453 3247 494 earum
3295 453 3426 507 pro-

181 563 412 633 γελιῶνο
465 559 645 614 αὐτῶν
676 558 787 630 γὰρ
832 557 925 611 καὶ
964 557 1089 618 τοὺς
1132 555 1410 626 προφήτας
1455 549 1755 620 γεγονέναι,

183 655 366 717 αὐτοῖς
395 651 492 707 καὶ
535 649 793 724 Χριστὸν,
823 647 881 700 ὃν
913 646 976 716 δὴ
1019 645 1168 714 φίλον
1212 641 1502 698 ἀποκαλεῖν
1531 640 1760 710 Σωτῆρα

183 749 278 802 καὶ
303 743 582 816 λυτρωτὴν
615 739 1008 813 κηρύττεσθαι·
1045 739 1225 800 αὐτοῖς
1254 737 1344 788 xui.
1389 734 1488 796 τάς
1519 731 1758 802 ἀναγρά-

184 853 350 898 πτους
390 833 711 902 ὑποσχέσεις
752 828 1053 900 προσδοκᾷν
1102 823 1566 895 ἀποδοθήσεσθαι·
1610 820 1760 891 ἡμᾶς

179 926 240 982 δι
265 925 553 996 περιττοὺς
580 922 782 975 τούτων
816 918 1106 990 ὑπάρχειν,
1138 911 1225 970 οἷα
1254 914 1314 968 τὸ
1345 913 1500 983 γένος
1532 908 1762 978 ἀλλοφύ-

180 1017 307 1080 λους
329 1016 511 1078 ὄντας,
550 1009 630 1077 οἷς
661 1012 729 1066 τὰ
758 1012 1000 1084 χείριστα
1043 1008 1129 1062 διὰ
1172 1006 1362 1061 πασῶν
1390 1004 1496 1057 τῶν
1548 1017 1760 1072 προφη-

178 1108 345 1166 τειῶν
371 1105 739 1170 θεσπίζεσθαι.
770 1104 912 1174 Πρὸς
953 1102 1018 1172 δὴ
1050 1096 1141 1153 οὖν
1171 1098 1362 1162 ταῦτα,
1391 1097 1544 1167 φέρε,
1580 1093 1636 1159 ἐξ
1666 1092 1764 1145 uti-

176 1201 291 1257 Ιτῶν
332 1199 443 1253 τῶν
473 1200 604 1269 παρ’
634 1198 812 1259 αὐτοῖς
845 1191 1194 1265 προφητικῶν
1243 1189 1438 1260 βίϐλων
1485 1187 1583 1258 τὴν
1629 1183 1764 1254 πρὸς

175 1295 384 1357 αὐτοὺς
411 1293 712 1360 ἀπάντησιν
763 1284 1132 1358 ποιησώμεθα.
1171 1284 1242 1336 Τὸ
1304 1283 1401 1353 μὲν
1445 1275 1538 1334 οὖν
1582 1280 1762 1340 αὐτοῖς

182 1381 528 1454 ἐπηγγέλθαι
555 1379 644 1431 τὸν
669 1376 902 1447 Χριστὸν
929 1373 1022 1427 τοῦ
1042 1371 1200 1437 Θεοῦ,
1231 1371 1325 1424 xui.
1350 1370 1448 1439 τὴν
1476 1367 1654 1436 ἄφιξιν
1677 1365 1765 1419 αύ-

181 1474 278 1529 ⁴τοῦ
319 1474 593 1546 λύτρωσιν
626 1470 704 1541 τῷ
745 1467 960 1538 Ἰσραὴλ
1009 1464 1314 1537 κηρύττειν,
1353 1461 1460 1515 οὐδ’
1489 1460 1553 1514 ἂν
1604 1461 1763 1530 ἡμεῖς

183 1563 448 1637 ἀρνηθείη
457 1579 574 1632 μεν,
595 1557 1032 1630 ὁμολογουμένως
1051 1553 1136 1606 διὰ
1153 1555 1327 1622 πάσης
1353 1549 1529 1606 αὐτῶν
1544 1549 1765 1619 Γραφῆς

495 1653 682 1706 τούτου
701 1648 1099 1722 παρισταμένου
1115 1663 1127 1675 ·
1145 1645 1235 1698 τοῦ
1255 1661 1316 1713 γε
1337 1643 1439 1714 μὴν
1457 1639 1764 1695 ἀποκλείειν

182 1749 252 1803 τὰ
267 1747 395 1818 ἔθνη
435 1745 544 1797 τῶν
566 1743 658 1796 ἐπὶ
682 1741 760 1813 τῷ
792 1739 1008 1813 Χριστῷ
1041 1734 1494 1808 προσδοκωμένων
1524 1730 1760 1799 ἀγαθῶν,

1861 542 2208 603 missionum,
2246 553 2366 608 quae
2398 538 2450 590 in
2482 535 2599 590 suis
2630 535 2872 604 ipsorum
2905 531 3059 587 libris
3107 538 3292 602 aperte
3326 531 3425 585 de-

1861 635 2075 705 scripta:
2108 633 2394 695 habentur,
2425 629 2578 682 nullo
2602 625 2762 680 modo
2791 642 2890 680 nos
2930 639 3050 680 esse
3075 623 3377 693 participes
3408 641 3422 677 :

1861 740 1992 780 suos
2047 725 2190 778 enim
2241 722 2410 777 fuisse
2457 720 2773 791 prophetas,
2826 717 2930 771 sibi
2984 716 3116 784 ipsis
3145 714 3424 769 Christum

1861 816 2124 880 nuntiari,
2162 829 2319 885 quem
2356 813 2588 866 libenter
2620 818 2672 866 et
2704 809 3043 862 Salvatorem
3088 816 3142 861 et
3191 803 3426 860 Redem-

1861 917 2071 981 ptorem
2099 914 2294 961 vocant
2324 926 2336 959 :
2371 905 2473 961 sibi
2503 903 2639 974 ipsis
2670 900 3066 972 promissiones
3112 898 3254 959 i-llas,
3286 911 3427 967 quas

1863 1007 2048 1070 aperte
2105 995 2410 1066 descriptas
2463 994 2680 1059 habent,
2731 989 3062 1046 exhibendas
3111 996 3271 1057 atque
3305 985 3430 1041 red-

1865 1089 2072 1146 dendas
2089 1086 2422 1158 exspectari:
2444 1101 2542 1139 nos
2564 1094 2740 1138 autem
2762 1083 2910 1152 justo
2935 1082 3176 1150 ipsorum
3200 1091 3429 1132 numero

1864 1193 2298 1250 supervacaneos
2329 1178 2607 1241 accedere,
2648 1184 2834 1246 utpote
2876 1174 2967 1242 qui
3011 1186 3206 1242 genere
3256 1170 3431 1225 simus

1863 1273 2102 1334 diverso,
2153 1280 2208 1325 et
2243 1271 2442 1340 quibus
2497 1270 2654 1340 quasi
2713 1277 2974 1328 externis,
3031 1263 3322 1318 deterrima
3374 1265 3430 1316 in

1864 1364 2118 1419 omnibus
2149 1361 2451 1432 prophetiis
2483 1375 2747 1430 responsa
2790 1360 2900 1412 sint
2957 1376 2972 1412 :
3013 1356 3124 1426 jam
3161 1371 3308 1410 nunc
3344 1355 3434 1410 hia

1864 1456 2079 1511 obviam
2113 1471 2176 1510 ex
2204 1455 2445 1524 ipsorum
2480 1452 2813 1523 propheticis
2842 1451 2998 1504 libris
3033 1464 3244 1505 eamus.
3274 1447 3434 1513 Quod

1865 1548 2030 1618 igitur
2065 1547 2206 1616 apud
2244 1546 2362 1600 illos
2406 1546 2734 1614 promissum
2773 1550 2971 1607 exstet,
2995 1540 3272 1595 Christum
3309 1538 3430 1602 Dei,

1863 1638 2093 1708 ejusque
2146 1637 2433 1691 adventum
2483 1635 2910 1706 redemptionem
2957 1632 3123 1688 Israel
3154 1631 3428 1694 nuntiare,

1865 1732 2157 1786 inficiaturi
2189 1747 2257 1786 ne
2291 1746 2393 1786 nos
2416 1731 2634 1800 quidem
2671 1745 2861 1785 sumus
2889 1748 2903 1784 :
2936 1729 3135 1798 quippe
3163 1740 3284 1781 cum
3305 1725 3432 1780 abs;

179 1801 330 1894 ῶσάν
357 1801 507 1910 μόνῳ
537 1837 613 1907 τῷ
643 1801 879 1905 Ἰσραὴλ,
901 1801 1019 1901 οὐχὶ
1034 1801 1096 1881 δὲ.
1120 1828 1212 1880 xui.
1238 1801 1346 1889 τοῖς
1363 1825 1566 1877 ἔθνεσιν
1590 1824 1760 1892 ἐπηγ-

1866 1838 1974 1893 que
2006 1823 2380 1876 controversia
2443 1822 2498 1875 in
2542 1822 2796 1876 omnibus
2827 1821 3042 1874 illorum
3073 1819 3294 1889 scriptis
3327 1818 3442 1872 hoc

182 1930 486 2000 γελμένων,
507 1926 688 1979 οὐκέτι
713 1925 914 1978 δίκαιον
944 1920 1122 1980 αὐτοῖς
1159 1916 1475 1986 συγχωρεῖν,
1496 1911 1645 1983 παρά
1665 1910 1759 1981 τὴν

187 2023 293 2074 τῶν
319 2021 482 2074 θείων
513 2017 743 2090 Γραφῶν
771 2015 926 2068 τοῦτο
954 2013 1215 2081 φάσκουσι
1249 2007 1569 2079 μαρτυρίαν.

1867 1914 2043 1984 palam
2100 1913 2332 1966 inveniri
2373 1919 2587 1967 constet
2629 1931 2642 1966 :
2697 1919 2757 1965 ut
2797 1919 2978 1965 autem
3021 1917 3210 1979 gentes
3239 1908 3308 1962 ab
3340 1907 3430 1970 iis,

1869 2020 1990 2075 quae
2039 2005 2092 2059 in
2146 2004 2367 2060 Christo
2413 2011 2802 2074 exspectantur
2858 2003 3038 2066 bonis,
3088 2000 3428 2055 excludant:

191 2113 344 2184 quasi
373 2112 443 2164 ab
482 2111 554 2165 iis
583 2124 706 2179 quae
744 2106 838 2161 uni
863 2104 1050 2166 Israel,
1081 2117 1188 2156 non
1215 2107 1393 2153 autem
1424 2098 1586 2152 etiam
1621 2095 1874 2168 gentibus
1936 2098 2205 2168 promissa
2251 2097 2383 2161 sint,
2449 2112 2558 2150 non
2620 2096 2747 2150 item
2801 2109 2954 2165 mque
3004 2094 3260 2163 justeque
3323 2092 3435 2148 illis

187 2215 274 2262 est
297 2201 708 2260 concedendum
761 2218 776 2254 :

713 2286 1107 2344 ΚΕΦΑΛΑΙΟΝ
1143 2285 1222 2338 Λ’.

200 2389 386 2454 Ὅπως
415 2387 488 2440 τὰ
519 2386 887 2454 χρηστότερα
928 2377 1057 2454 περὶ
1079 2375 1243 2454 ἡμῶν
1270 2372 1768 2454 τῶνίάλλοφύίῖων

267 2441 459 2512 ἐθτῖῶν
505 2441 906 2522 ἦοξλαϐόνὶες
955 2441 1012 2501 οἱ
1052 2441 1185 2514 πάρ’
1229 2441 1430 2510 αὐτοῖς
1475 2441 1766 2511 προφῆται

263 2529 449 2595 ὲκήρυ
456 2542 614 2578 ττον.

253 2621 478 2694 Πρῶτον
503 2612 618 2679 οῦν,
647 2614 938 2684 ἐπειδήπερ
967 2609 1118 2664 αὐτοὶ
1138 2607 1236 2669 τὰς
1265 2605 1404 2676 ὑπὲρ
1423 2603 1600 2657 αὐτῶν
1629 2620 1765 2674 χρη-

191 2712 449 2783 στοτέρας
477 2706 660 2779 φωνάς
686 2702 1037 2772 ἀναλέγεσθαι
1064 2699 1302 2762 εἰώθασι,
1329 2698 1422 2750 καὶ
1446 2696 1649 2758 ταύτας
1674 2695 1760 2748 διὰ

190 2803 460 2876 στόματος
511 2795 1012 2868 ἀπομνημονεύειν,
1071 2787 1526 2860 ἀντιπαραθῶμεν
1579 2787 1761 2849 αὐτοῖς

183 2897 284 2958 τὰς
307 2893 439 2966 περὶ
468 2891 579 2945 τῶν
618 2887 786 2940 ἐθνῶν
815 2885 874 2949 ἐξ
901 2883 1078 2951 αὐτῶν
1106 2881 1216 2934 τῶν
1249 2877 1595 2954 προφητειῶν
1627 2877 1763 2929 ἀπο-

183 2985 400 3049 δείξεις,
430 2977 804 3052 παριστῶσας,
825 2975 899 3039 ὡς
929 2976 1034 3046 ἄρα
1066 2971 1254 3044 μυρίαι
1283 2973 1404 3024 ὅσαι
1431 2968 1761 3039 προρρήσεις

187 3073 365 3143 ἀγαθά
401 3069 505 3120 καὶ
526 3068 768 3139 σωτήρια
799 3067 929 3118 πᾶσι
960 3066 1072 3127 τοῖς
1107 3061 1311 3114 ἔθνεσιν
1341 3057 1644 3122 ἐθέσπιζον,
1669 3057 1762 3108 καὶ

186 3165 259 3228 ὡς
285 3163 394 3217 οὐδ’
427 3163 607 3222 ἄλλως
657 3159 889 3226 ἔφασκον
933 3151 1451 3224 ἀποτελεσθήσεσθαι
1482 3150 1548 3202 τὰ
1594 3149 1766 3220 ἐπηγ-

188 3253 424 3324 γελμένα
451 3252 567 3314 τοῖς
613 3248 817 3301 ἔθνεσιν
849 3246 882 3317 ἢ
921 3245 1006 3297 διά
1052 3243 1214 3314 μόνης
1263 3241 1361 3311 τῆς
1404 3238 1497 3292 τοῦ
1531 3237 1764 3310 Χριστοῦ

191 3345 517 3417 παρουσίας.
553 3342 853 3411 Στήσαντες
881 3337 938 3391 δέ
977 3335 1205 3389 ἐνταῦθα
1236 3334 1326 3387 τὸν
1369 3333 1544 3401 λόγον,
1571 3330 1765 3383 ἀποδε-

191 3435 426 3506 δειχὰτες
452 3432 519 3486 ἂν
542 3430 754 3500 εἴημεν,
782 3430 856 3492 ὡς
874 3429 935 3481 ού
968 3427 1164 3500 μᾶλλον
1190 3427 1410 3487 ἐκείνοις
1436 3423 1598 3494 φάναι
1628 3421 1766 3492 χρῆν

189 3530 222 3600 ἢ
246 3531 379 3599 ἡμῖν
408 3526 511 3597 τὴν
543 3525 634 3577 ἐπὶ
661 3523 750 3576 τὸν
772 3519 1002 3590 Χριστὸν
1029 3518 1121 3572 τοῦ
1151 3515 1285 3570 Θεοῦ
1313 3514 1636 3587 προσδοκίαν
1668 3515 1768 3584 ἀρ-

198 3619 430 3690 μόττειν.
494 3613 802 3685 ’ἰσορρόπου
852 3610 909 3662 δὲ
951 3607 1222 3670 Ἰουδαίοις
1263 3605 1358 3658 xui.
1407 3603 1628 3674 Ἕλλησι
1667 3603 1766 3673 τῆς

194 3709 296 3762 τῶν
327 3705 757 3779 ἐπηγγελμένων
799 3701 1008 3764 ἐλπίδος
1052 3698 1475 3768 ἀποδειχθείσης,
1521 3695 1594 3758 ὡς
1626 3693 1768 3747 κατά

193 3802 346 3857 τοῦτο
383 3800 552 3872 μηδὲν
598 3798 705 3850 τῶν
743 3798 807 3848 ἐκ
841 3792 1137 3866 περιτομῆς
1177 3791 1454 3844 λείπεσθαι
1495 3790 1619 3851 τοὺς
1659 3787 1767 3840 ἀπὸ

195 3895 297 3949 τῶν
321 3893 496 3946 ἐθνῶν
519 3890 609 3943 διά
632 3885 864 3959 Χριστοῦ
901 3883 1330 3954 σωθησομένους,
1353 3882 1418 3934 ἐκ
1450 3878 1766 3949 περιουσίας

199 3985 320 4056 ἑξῆς
352 3983 669 4053 ἐλέγξομεν,
709 3980 782 4042 ὡς
818 3978 910 4030 ἐπὶ
938 3974 1030 4030 τοῦ
1075 3973 1311 4047 Χριστοῦ
1347 3973 1637 4046 παρουσίᾳ,
1671 3969 1766 4023 xui.

198 4082 261 4149 τῇ
289 4075 393 4130 τῶν
423 4073 596 4128 ἐθνῶν
638 4071 848 4141 κλήσει,
875 4071 1188 4122 ἀπόπτωσιν
1225 4065 1458 4136 παντελῆ
1492 4065 1586 4116 xui.
1631 4064 1767 4116 ἀπο-

205 4170 352 4241 ϐολὴν
382 4168 478 4222 τοῦ
515 4167 713 4228 παντὸς
755 4161 1017 4216 Ἰουδαίων
1055 4161 1238 4224 ἔθνους
1267 4159 1337 4212 τὰ
1365 4159 1481 4212 θεῖα
1527 4173 1766 4227 προανα-

201 4266 361 4331 φωνεῖ
401 4262 580 4328 λόγια,
615 4259 837 4328 βραχέσι
864 4256 1042 4327 μόνοις
1084 4253 1261 4308 αὐτῶν
1299 4251 1391 4305 καὶ
1435 4247 1650 4321 ἀριθμῷ
1675 4247 1770 4317 λη-

206 4358 346 4417 πτοίς
378 4355 446 4406 τά
493 4352 830 4423 χρηστότερα
871 4348 1211 4410 θεσπίζοντα,
1255 4344 1350 4397 xui.
1390 4342 1466 4405 ὡς
1505 4341 1767 4393 ἁλώσεται

831 2205 1012 2267 utpote
1041 2210 1162 2249 eum
1194 2193 1296 2247 hoc
1329 2192 1405 2245 illi
1436 2199 1632 2262 praeter
1665 2190 1974 2245 divinorum
2001 2190 2263 2245 librorum
2288 2189 2667 2245 auctoritatem
2696 2186 2924 2255 jactent.

2424 2279 2535 2352 44
2566 2276 2793 2333 CAPUT
2829 2275 2871 2333 1.

1869 2370 2322 2438 Quemadmodum
2369 2370 2589 2424 meliora
2637 2367 2700 2420 de
2744 2367 2891 2438 nobis
2925 2367 3153 2438 externis
3195 2363 3435 2433 gentibus

1966 2440 2242 2509 Propheta:
2268 2441 2483 2494 illorum
2509 2449 2630 2493 ante
2655 2437 2910 2492 venientes
2941 2435 3333 2490 nuntiaverunt.

1936 2596 2182 2652 Primum
2233 2597 2416 2667 igitur,
2469 2596 2729 2668 quoniam
2775 2610 2876 2666 pro
2926 2593 3123 2665 seipsis
3179 2592 3434 2646 meliores

1865 2689 2331 2761 optabilioresque
2358 2703 2518 2743 voces
2536 2688 2798 2756 colligere
2827 2687 3024 2749 solent,
3061 2692 3114 2740 et
3143 2699 3237 2739 eas
3292 2683 3434 2737 assi-

1866 2782 1973 2838 due
2002 2783 2305 2852 crebroque
2358 2781 2589 2850 jactare,
2622 2781 2774 2835 hisce
2797 2795 3143 2849 opponamus
3169 2795 3286 2843 eas,
3316 2795 3437 2849 qua!

1866 2875 1925 2930 in
1956 2876 2175 2929 illorum
2207 2873 2507 2944 prophetiis
2539 2880 2756 2927 exstant
2801 2871 2869 2926 de
2909 2871 3160 2941 gentibus
3208 2871 3436 2925 demon-

1865 2971 2180 3030 strationes,
2240 2981 2361 3037 quae
2419 2965 2595 3035 palam
2646 2972 2979 3034 proponunt,
3017 2963 3437 3017 innumerabilia

1865 3077 1984 3118 esse
2003 3060 2282 3122 vaticinia,
2307 3058 2506 3128 quibus
2533 3058 2674 3111 bona
2694 3069 2747 3112 et
2781 3057 3040 3110 salutaria
3071 3056 3285 3110 cunctis
3307 3071 3431 3126 gen-

1866 3153 2014 3208 tibus
2044 3151 2228 3206 l‘utura
2272 3150 2598 3204 nuntientur
2633 3166 2648 3202 :
2696 3163 2795 3202 nec
2843 3148 3001 3202 aliter
3045 3146 3300 3201 dicantur
3349 3163 3436 3212 ea,

1865 3259 1986 3316 quae
2016 3243 2267 3313 gentibus
2309 3241 2578 3310 promissa
2624 3248 2773 3303 sunt,
2824 3238 3030 3292 exitum
3075 3253 3218 3301 esse,
3271 3252 3437 3306 quam

1866 3353 1962 3408 per
1991 3351 2160 3390 unum
2204 3333 2406 3388 Christi
2438 3333 2729 3387 adventum
2765 3331 3040 3384 habitura.
3088 3330 3260 3397 Quem
3313 3329 3440 3399 qui-

1865 3429 1985 3484 dem
2044 3427 2223 3482 locum
2277 3425 2368 3480 ubi
2426 3424 2658 3478 dieeudo
2697 3423 3119 3485 absolverimus,
3157 3431 3269 3475 tum
3301 3421 3435 3475 illud

1866 3519 2025 3573 nobis
2055 3513 2544 3571 demonstrandum
2584 3513 2708 3576 erit,
2742 3527 2850 3566 non
2880 3513 2990 3566 illis
3025 3513 3220 3581 magis,
3249 3513 3437 3565 dicen-

1867 3610 1994 3664 dum
2025 3624 2168 3671 esse,
2191 3605 2658 3678 exspectationem
2709 3603 2917 3659 Christi
2971 3603 3064 3658 Dei
3118 3603 3435 3666 eonirenire,

1866 3716 2029 3772 quam
2082 3701 2264 3754 nobis.
2314 3697 2414 3754 Ubi
2460 3713 2589 3752 vero
2641 3713 2764 3767 spes
2817 3695 3237 3766 promissorum,
3291 3698 3438 3764 paris

1866 3793 2126 3848 momenti
2156 3797 2210 3847 et
2238 3789 2441 3846 ludatis
2473 3798 2527 3844 et
2557 3787 2762 3843 Graecis
2793 3796 3016 3842 ostensa
3053 3786 3241 3850 fuerit,
3272 3787 3439 3857 quod-

1867 3901 1973 3955 que
2003 3885 2057 3938 in
2101 3884 2225 3948 hoc,
2261 3883 2327 3936 iis
2373 3886 2470 3951 qui
2519 3896 2585 3935 ex
2637 3878 3074 3934 Circumcisione
3119 3878 3436 3934 assumendi

1868 3977 1998 4039 sint,
2033 3977 2168 4030 nihil
2200 3976 2236 4028 ii
2268 3974 2360 4044 qui
2398 3989 2461 4028 ex
2505 3972 2757 4043 gentibus
2804 3971 3033 4025 salutem
3090 3979 3435 4041 exspectant,

1868 4067 1979 4122 sint
2017 4066 2334 4121 concessuri
2370 4085 2383 4119 :
2419 4073 2530 4118 tum
2579 4065 2632 4118 in
2683 4065 2770 4126 iis,
2819 4079 2937 4133 qua:
2968 4072 3265 4132 sequentur
3308 4063 3439 4118 ube-

1866 4159 2006 4225 rius,
2038 4166 2093 4213 et
2121 4159 2277 4226 quasi
2308 4158 2462 4226 copia
2500 4157 2733 4226 quadam
2765 4155 3004 4226 provecti
3034 4155 3437 4210 demonstrabi-

1867 4268 2010 4316 mus,
2033 4249 2488 4322 quemadmodum
2521 4249 2574 4301 in
2614 4249 2846 4303 adventu
2898 4247 3124 4312 Christi,
3173 4249 3439 4316 gentium-

1868 4357 1974 4413 que
2023 4341 2328 4404 voeatione,
2381 4353 2635 4394 casuram
2706 4338 2922 4407 penitus
2963 4344 3244 4406 totamque
3298 4335 3434 4404 abji-

209 4446 376 4498 αὑτῶν
399 4447 433 4516 ή
462 4445 616 4506 πόλις
644 4441 792 4512 αὐτῷ
814 4440 971 4513 ἱερῷο
1004 4441 1178 4493 πάντα
1204 4453 1262 4489 τε
1291 4435 1360 4488 τά
1391 4434 1562 4505 σεμνὰ
1585 4431 1765 4485 καθαι-

1870 4434 2114 4491 ciendam
2136 4448 2257 4488 esse
2271 4431 2298 4485 J
2307 4431 2583 4484 udaeorum
2609 4430 2906 4489 nationem,
2928 4428 3111 4481 divina
3135 4427 3438 4496 praedicunt

215 4536 528 4608 τεθήσεσθαι
566 4534 842 4606 δηλοῦντα,
881 4533 918 4586 ἀ
950 4533 1042 4586 καὶ
1086 4530 1263 4601 ἔργοις
1307 4528 1511 4598 πέφηνε
1539 4523 1770 4594 δεδηλω-

214 4631 361 4700 μένα.
386 4629 514 4692 Πῶς
551 4628 593 4680 δ’
625 4627 712 4696 ὑφ’
744 4627 801 4679 ἓν
834 4626 926 4678 xu‘t
969 4623 1112 4677 κατά
1142 4622 1203 4675 τὸ
1246 4621 1376 4674 αὐτὸ
1409 4620 1501 4672 ἐπὶ
1532 4618 1630 4687 τῆς
1676 4615 1768 4668 τοῦ

212 4722 435 4793 Χριστοῦ
468 4719 764 4791 παρουσίας
792 4717 1057 4789 λύτρωσιν
1091 4713 1274 4768 κακῶν
1298 4711 1375 4782 τῷ
1413 4710 1648 4781 Ἰσραὴλ,
1678 4707 1769 4761 xui.

125 4801 141 4819 .
214 4818 420 4884 ἀγαθῶν
449 4815 765 4875 ἀπόλαυσιν,
793 4811 1026 4883 ἔμπαλίν
1049 4827 1107 4863 τε
1136 4807 1386 4878 στέρησιν
1414 4804 1651 4872 ἀγαθῶν,
1676 4803 1770 4856 καὶ

217 4908 518 4961 ἀπόπτωσιν
562 4906 660 4975 τῆς
707 4903 801 4957 τοῦ
834 4901 968 4956 Θεοῦ
1019 4898 1296 4962 εὐσεϐείας
1333 4897 1675 4961 θεσπίζουσιν
1720 4897 1768 4949 oi

220 5000 344 5069 [spei
365 5002 532 5068 λόγοι,
560 4999 699 5052 κατά
730 4997 819 5050 τὸν
863 4997 1204 5070 προσήκοντα
1238 4991 1427 5063 καιρὸν
1468 4988 1770 5060 διευκρινή-

224 5106 390 5160 σομεν.
427 5089 576 5154 Τέως
613 5089 668 5142 δὲ
693 5088 933 5156 ἐπίωμεν
979 5087 1072 5138 ἐπὶ
1098 5085 1158 5137 τὸ
1203 5083 1436 5156 πρῶτον,
1462 5081 1613 5148 ὀλίγα
1646 5079 1768 5133 τινά

224 5184 296 5244 εἰς
327 5182 590 5246 ἀπόδειξιν
623 5181 732 5234 τῶν
767 5178 1068 5250 εἰρημένων
1097 5175 1203 5229 ἀπὸ
1241 5175 1446 5245 μυρίων
1469 5173 1606 5225 ὅσων
1637 5187 1770 5242 προ-

226 5276 439 5346 φητειῶν
470 5273 878 5344 ἀναλεξάμενοι.
917 5271 1067 5324 Ἐπεὶ
1102 5268 1277 5322 τοίνυν
1306 5266 1454 5319 αὐτοὶ
1484 5265 1611 5334 περὶ
1647 5265 1771 5317 ἐαυ-

227 5367 322 5420 τῶν
374 5367 739 5440 χρηστοτέρας
801 5363 1136 5435 προφητείας
1192 5357 1586 5432 προϐάλλεσθαι
1638 5357 1770 5428 ἡμῖν

229 5457 490 5522 εἰώθασιν,
541 5456 688 5508 ὼσάν
741 5455 922 5518 αὐτοῖς
986 5453 1166 5522 μόνοις
1219 5448 1608 5520 ὑπεσχημένων
1661 5446 1771 5499 τῶν

231 5553 495 5622 προῦπηργ
505 5547 700 5618 μένων,
728 5545 845 5617 ῶρα
868 5545 961 5598 xui.
992 5547 1138 5615 ἡμᾶς
1169 5541 1650 5613 ἀντιπαραγαγεῖν,
1676 5538 1771 5590 καὶ

232 5643 497 5698 ἀντιθεῖναι
527 5644 709 5704 αὐτοῖς
747 5640 843 5703 τὰς
877 5640 1004 5710 περὶ
1045 5638 1154 5691 τῶν
1207 5636 1376 5691 ἐθνῶν
1419 5633 1767 5701 ἐπαγγελίας,

234 5726 320 5788 ὧδέ
344 5752 452 5798 πως
482 5735 633 5805 παρὰ
667 5734 780 5795 τοῖς
804 5729 980 5785 αὐτῶν
1011 5731 1315 5800 προφήταις
1340 5725 1662 5796 φερομένας.

1871 4530 2092 4585 oracula
2123 4548 2137 4584 :
2169 4536 2222 4582 et
2269 4526 2411 4597 quod
2446 4525 2634 4597 paucis
2665 4526 2928 4580 duntaxat
2964 4525 3230 4593 ipsorum,
3282 4533 3335 4577 et
3367 4523 3438 4576 la-

1871 4621 1973 4676 cile
2023 4617 2477 4679 numerabilibus,
2539 4619 2764 4672 meliora
2813 4616 2904 4668 illa
2939 4618 3290 4684 promittunt,
3324 4614 3470 4668 illo;

1870 4726 2101 4780 rumque
2151 4712 2341 4765 urbem
2399 4708 2732 4780 significant,
2768 4722 2875 4761 una
2909 4723 3033 4761 cum
3079 4707 3283 4775 templo
3314 4721 3436 4760 esse

1871 4802 2212 4873 capiendam,
2274 4810 2582 4870 cunctaque
2627 4799 2718 4853 illa
2772 4800 3096 4855 severiorem
3149 4797 3435 4866 quemdam

1869 4894 2202 4964 postulantia
2229 4893 2460 4956 cultum,
2489 4890 2802 4946 auferenda.
2833 4889 2988 4955 Quod
3013 4887 3231 4958 quidem
3259 4888 3435 4956 ipsum

1867 4985 1979 5055 jam
2014 4985 2193 5054 reipsa
2219 4999 2344 5038 vere
2361 4983 2676 5054 praedictum
2703 4982 2871 5036 fuisse
2886 4987 3127 5049 apparet.
3153 4977 3440 5045 Quomodo

1873 5091 2002 5130 vero
2036 5091 2142 5128 una
2187 5074 2488 5144 eademque
2533 5074 2750 5127 ratione
2801 5073 2853 5124 in
2912 5071 3032 5138 ipso
3090 5068 3296 5123 Christi
3350 5070 3442 5124 ad-

1869 5175 2058 5228 ventu,
2105 5165 2478 5220 liberationem
2513 5180 2542 5218 a
2573 5164 2732 5218 malis
2778 5161 2882 5231 ipsi
2913 5160 3100 5225 Israel,
3134 5161 3437 5215 bonorum-

1870 5273 1977 5328 que
2031 5257 2457 5327 perceptionem,
2489 5264 2543 5310 et
2588 5269 2782 5309 rursus
2809 5253 3080 5306 bonorum
3130 5252 3434 5321 ademptio-

1871 5365 2017 5413 nem,
2071 5350 2394 5420 ruinamque
2440 5348 2718 5417 religionis
2765 5346 3027 5409 futuram,
3076 5342 3226 5398 Libri
3262 5340 3436 5396 sancti

1872 5441 2199 5513 signiﬁcent,
2255 5449 2354 5497 Suo
2397 5450 2639 5511 tempore
2672 5440 2893 5508 planum
2946 5437 3228 5491 faciemus.
3281 5432 3439 5487 Nunc

1873 5542 2051 5590 autem
2097 5535 2162 5589 ad
2205 5536 2440 5606 primum
2479 5542 2837 5598 revertemur,
2892 5531 2939 5586 si
2984 5543 3158 5600 pauca
3189 5527 3436 5597 quaedam

1871 5640 1939 5681 ex
1991 5626 2478 5682 innumerabilibus
2523 5624 2848 5694 prophetiis,
2891 5621 2960 5676 ad
3011 5615 3437 5676 demonstranda

1873 5737 1957 5786 ea,
1988 5735 2107 5791 quae
2150 5718 2296 5774 dicta
2345 5728 2492 5784 sunt,
2542 5717 2941 5788 collegerimus.
2981 5713 3245 5779 Quoniam
3276 5709 3439 5778 igitur

233 5844 334 5898 eas,
364 5847 480 5906 qua
514 5831 766 5888 meliores
796 5826 1065 5883 habentur
1083 5824 1150 5881 de
1188 5822 1385 5895 seipsis
1413 5819 1750 5893 prophetias,
1789 5815 1949 5874 nobis
2005 5815 2181 5872 solent
2214 5813 2475 5885 objieere,
2513 5823 2770 5883 tanquam
2805 5811 2862 5877 ii,
2891 5809 2983 5880 qui
3013 5823 3095 5873 ea,
3138 5819 3257 5876 qua:
3281 5812 3438 5856 ante-
