4056 6418
608 278 684 334 99

1257 279 1527 338 EUSEBII
1564 281 2046 343 CAESARIENSIS
2080 288 2234 347 OPP.
2275 290 2453 350 PARS
2490 291 2559 351 ll.
2584 324 2653 335 -—-
2690 292 3187 385 APOLOGE'I‘ICQ.

3759 306 3854 362 100

614 392 881 449 cesserint
901 393 1161 450 benencia
1184 396 1288 451 soli
1315 401 1677 470 susceperint,
1704 408 1919 473 tempus
1937 405 2051 474 jam
2075 417 2181 473 est,
2210 416 2403 464 contra
2421 410 2545 468 illos
2562 412 2854 478 adducere,
2876 415 3091 486 illisque
3144 431 3420 487 opponere
3435 433 3520 485 ea,
3560 436 3690 491 qua:
3722 421 3853 493 ipsis

613 499 831 555 quoque
858 485 1114 555 gentibus
1139 489 1410 559 promissa
1437 501 1588 558 sunt,
1612 510 1734 565 qua:
1756 496 2011 553 videlicet
2035 501 2178 569 apud
2211 501 2501 573 prophetas
2538 505 2780 576 ipsorum
2818 508 3088 563 feruntur.
3141 485 3257 563 Hoc
3286 519 3469 567 autem
3514 485 3603 567 sic
3635 485 3750 570 lict;

611 618 854 718 εξ.ῐέ
874 619 1990 718 Regii-:9eiefﬂaiirr_€ewicntu:
2007 642 2163 701 σεπιεε

2283 640 2361 693 A'.
2576 639 2713 718 τῆς-
2730 641 3053 718 Γειεέσεως.
3099 677 3168 718 :—
3207 647 3301 718 Ὡς
3334 641 3880 718 εὐλογηθήσονται¹

682 700 859 756 terrae,
874 691 930 745 in
949 691 1158 746 modum
1177 694 1402 748 similem
1426 698 1794 766 appellationis
1818 691 2108 757 Abraham.

684 885 936 959 Dixitque
967 887 1227 947 Dominus
1262 910 1279 948 :
1321 910 1344 945 ι
1392 891 1512 949 Non
1548 895 1737 951 celabo
1772 912 1876 969 ego
1909 888 2184 953 Abraham

608 990 840 1047 puerum
889 993 1065 1035 meum
1090 1019 1106 1045 ,
1136 996 1259 1052 quae
1296 981 1520 1042 faciam.
1554 984 1650 1040 Est
1688 998 1866 1043 autem
1909 988 2182 1045 Abraham

613 1062 832 1120 futurus
865 1064 921 1119 in
946 1074 1162 1136 gentem
1194 1084 1442 1141 magnam
1484 1081 1539 1128 et
1584 1076 1831 1133 multam.
1872 1076 1936 1131 Et
1963 1078 2185 1133 benedi-

604 1163 805 1209 centur
836 1155 889 1210 in
908 1171 973 1212 eo
991 1172 1178 1214 omnes
1197 1170 1385 1231 gentes
1418 1172 1578 1220 terra:
1594 1166 1658 1221 “.
1685 1186 1704 1219 ι
1726 1166 2011 1223 Occultum
2041 1172 2183 1226 mul-

608 1254 804 1317 tosque
827 1248 1000 1304 latens
1026 1255 1342 1323 mysterium
1369 1296 1385 1322 ,
1428 1271 1539 1312 non
1585 1273 1644 1314 se
1676 1261 2078 1318 occultaturum
2106 1264 2182 1318 ait

600 1340 924 1405 oraculum,
954 1342 1055 1397 sed
1110 1344 1287 1399 amico
1324 1345 1418 1402 Dei
1462 1348 1850 1408 indicaturum.
1892 1353 1952 1408 ld
1996 1364 2176 1411 autem

601 1438 725 1485 erat
752 1430 820 1487 de
857 1431 1235 1491 benedictione
1262 1438 1504 1492 omnium
1534 1442 1774 1511 gentium
1800 1483 1816 1507 ,
1856 1446 2001 1515 quod
2049 1447 2176 1501 olim

601 1521 825 1591 quidem
855 1522 1077 1590 latebat,
1099 1540 1163 1581 eo
1179 1526 1325 1597 quod
1354 1528 1582 1585 Abrahae
1604 1534 1939 1602 temporibus
1988 1550 2178 1591 omnes

599 1620 792 1684 gentes
843 1613 1067 1671 infando
1119 1619 1526 1688 superstitionis
1573 1638 1762 1680 errore
1808 1632 2174 1683 tenerentur:

599 1719 749 1761 nunc
780 1714 958 1762 autem
1007 1709 1061 1764 id
1114 1710 1168 1764 in
1213 1721 1461 1789 apertum
1501 1714 1746 1784 prodiit,
1779 1732 1903 1771 cum
1946 1718 2050 1772 illae
2084 1734 2180 1788 per

592 1797 970 1868 evangelicam
1003 1798 1303 1859 Salvatoris
1345 1807 1518 1861 nostri
1556 1806 1862 1862 doctrinam
1893 1850 1909 1876 ,
1942 1812 2175 1865 eundem

589 1902 725 1943 cum
755 1889 1070 1947 Abrahamo
1093 1894 1262 1949 divini
1292 1897 1476 1952 cultus
1506 1898 1668 1953 ritum
1700 1908 2001 1966 servantes,
2023 1902 2174 1972 ejus-

2358 709 2602 788 ad‘éﬂm
2639 709 2749 780 τῆς
2783 711 2896 780 γῆς
2924 714 3022 788 ἐπὶ
3053 714 3131 780 τῷ
3158 709 3344 786 ὁμοΖῳ
3368 709 3563 786 τρόὰῲ
3596 709 3707 787 τῆς
3744 720 3878 788 τοῦ,

2370 780 2613 850 Ἀϐραὰμ
2640 786 3068 852 προσηγορίας.

2368 896 2425 948 '0
2476 895 2533 949 δὲ
2585 894 2787 968 Κύριος
2820 892 3004 952 εἶπεν·
3041 915 3060 949 ι
3102 899 3176 954 Οὐ
3231 900 3304 972 μὴ
3336 902 3528 974 κρύψω
3576 903 3685 973 ἐγὼ
3744 903 3853 960 ἀπὸ

2295 985 2545 1059 Ἀϐραὰμ
2573 986 2667 1040 τοῦ
2702 986 2888 1051 παιδός
2922 1005 3042 1058 μου,
3075 988 3112 1043 ἃ
3138 988 3255 1061 ἐγὼ,
3280 992 3438 1046 ποιῶ.
3484 992 3734 1065 Ἀδραάμ
3763 992 3883 1083 Υι·ξ

2279 1078 2505 1148 νόμενος
2540 1077 2692 1132 ἔσται
2719 1081 2799 1143 είς
2830 1078 2981 1144 ἔθνος
3017 1079 3158 1151 μέγα
3191 1083 3285 1136 καὶ
3320 1083 3451 1138 πολύ
3471 1102 3484 1115 ·
3519 1086 3614 1139 καὶ
3640 1077 3883 1142 ὲνευλοᾮ

2281 1169 2608 1243 γηθήσονται
2635 1173 2693 1225 ὲν
2725 1170 2873 1242 αὐτῷ
2902 1173 3078 1228 πάντα
3106 1175 3173 1229 τὰ
3205 1175 3331 1247 ἔθνη
3358 1178 3456 1249 τῆς
3480 1177 3604 1248 γῆς.
3645 1198 3665 1231 ι
3698 1179 3851 1252 Κρύο

2282 1280 2401 1333 φιον
2426 1264 2521 1317 καὶ
2552 1263 2772 1333 λεληθὸς
2794 1266 2920 1328 τοὺς
2944 1267 3169 1331 πολλοὺς
3192 1269 3488 1340 μυστήριον
3520 1269 3594 1342 μὴ
3623 1270 3853 1342 κρύψειν

2279 1356 2445 1425 φησὶν
2473 1358 2501 1408 ὁ
2519 1356 2783 1427 χρησμὸς,
2812 1357 3180 1428 ἀπκαλύψειν
3205 1360 3261 1412 δὲ
3291 1359 3369 1430 τῷ
3398 1358 3649 1430 θεοφιλεῖ.
3680 1360 3853 1419 Τοῦτο

2280 1446 2337 1499 δὲ
2363 1442 2432 1519 ἦν
2473 1448 2535 1500 τὸ
2581 1449 2709 1520 περὶ
2739 1448 2840 1518 τῆς
2885 1450 2991 1503 τῶν
3037 1451 3205 1505 ἐθνῶν
3238 1454 3491 1509 ἁπάντων
3520 1456 3792 1525 εὐλογίας,
3821 1458 3851 1512 δ

2279 1537 2448 1591 πάλαι
2494 1539 2591 1609 μὲν
2642 1540 2936 1614 κέκρυπτο,
2978 1544 3065 1597 διὰ
3112 1543 3172 1598 τὸ
3216 1544 3392 1600 πάντα
3433 1547 3501 1600 τὰ
3542 1547 3666 1621 ἔθνη
3706 1552 3850 1605 κατὰ

2278 1632 2401 1693 τοὺς
2430 1629 2522 1683 τοῦ
2569 1632 2815 1704 Ἀϐραὰμ
2846 1634 3066 1706 χρόνους
3092 1635 3285 1707 ἀφάτῳ
3317 1636 3492 1710 πλάνῃ
3522 1637 3850 1712 δεισιδαιμο-

2279 1720 2395 1784 νίας
2423 1724 2811 1794 κεκρατῆσθαιο
2843 1726 2960 1780 νυνὶ
3002 1727 3059 1780 δὲ
3103 1726 3258 1781 τοῦτο
3304 1729 3425 1783 καθ’
3461 1732 3609 1802 ἡμᾶς
3641 1731 3850 1787 ἀναπέ-

2279 1828 2492 1880 φανται,
2529 1814 2614 1866 ὅτε
2639 1815 2727 1869 διὰ
2757 1816 2855 1887 τῆς
2882 1816 2974 1871 τοῦ
3011 1818 3262 1891 Σωτῆρος
3298 1821 3455 1891 ἡμῶν
3488 1822 3852 1896 εὐαγγελικῆς

2277 1902 2619 1970 διδασκαλίας
2649 1906 2739 1959 τὸν
2770 1908 2933 1961 αὐτὸν
2954 1907 3033 1979 τῷ
3069 1910 3319 1982 Ἀϐραὰμ
3350 1911 3703 1968 θεοσεϐοῦντα
3721 1916 3852 1987 τρό-

592 1979 719 2036 dem
773 1997 900 2036 cum
950 1984 1045 2038 illo
1100 1985 1502 2045 benedictionis
1540 1991 1842 2061 participes
1876 1994 2163 2048 exsistunt.

2273 2011 2371 2047 πον
2394 1997 2502 2067 τῆς,
2518 1995 2636 2067 ἴσης
2670 1998 2819 2069 αὐτῷ
2846 2000 3063 2071 μετέχει
3089 1979 3355 2070 εὐλογίας.
3387 2004 3507 2056 ’Ότι
3529 2005 3573 2058 δ’
3602 2005 3700 2077 οὐχ
3729 1979 3848 2062 οἷόν

592 2068 1065 2136 Quemadmodum
1088 2090 1219 2131 vero
1241 2074 1356 2132 ﬁeri
1387 2078 1536 2133 nullo
1560 2080 1724 2134 modo
1753 2090 1938 2150 posset
1964 2122 1978 2146 ,
2015 2091 2075 2138 ut
2100 2100 2168 2140 ex

591 2161 809 2234 legibus
844 2179 875 2219 a
915 2164 1065 2223 Mose
1105 2167 1339 2238 positis,
1389 2178 1581 2239 gentes
1636 2172 1907 2229 universa:
1956 2175 2169 2231 vivendi

590 2266 840 2307 normam
869 2254 1200 2326 acciperent,
1234 2258 1551 2329 plenissime
1579 2261 1719 2337 libro
1751 2265 2032 2335 superiore
2055 2268 2170 2324 dis-

591 2342 868 2399 seruimus
897 2384 912 2409 ,
942 2359 1011 2400 ne
1038 2347 1164 2416 quis
1193 2346 1333 2404 forte
1361 2349 1673 2419 suspicetur
1705 2351 1772 2407 de
1804 2352 2048 2421 advenis,
2073 2358 2169 2427 qui

591 2434 735 2504 apud
773 2432 995 2492 Judmos
1027 2438 1337 2509 degebant,
1366 2439 1500 2494 illud
1530 2439 1702 2498 fuisse
1737 2445 2010 2514 prolatum
2041 2462 2169 2502 ora-

586 2523 792 2578 culum.
826 2522 1012 2596 ltaque
1052 2541 1176 2581 cum
1218 2528 1273 2582 in
1320 2530 1512 2585 eodem
1543 2534 1955 2601 probaverimus
1978 2579 1993 2602 ,
2020 2539 2165 2606 quod

586 2616 657 2672 iis
686 2619 818 2673 solis
841 2657 859 2683 ,
880 2623 972 2689 qui
1001 2635 1099 2689 per
1122 2618 1397 2675 Christum
1437 2620 1504 2677 de
1537 2626 1751 2681 cunctis
1784 2627 2039 2697 gentibus
2070 2645 2163 2685 as-

587 2718 879 2763 sumantur
903 2748 920 2775 ,
946 2710 1260 2766 benedictio
1281 2712 1526 2766 omnium
1558 2716 1798 2784 gentium
1829 2717 2058 2773 Abrahae
2081 2719 2163 2773 di-

586 2799 797 2854 vinitus
840 2802 1050 2855 reddita
1087 2844 1101 2867 ,
1142 2808 1436 2861 convenire
1476 2809 1651 2876 possit
1687 2826 1700 2861 :
1739 2808 2019 2865 studiosos
2072 2811 2159 2866 le-

583 2898 770 2945 ctores
799 2906 863 2946 ex
889 2892 994 2946 hoc
1024 2893 1146 2948 loco
1174 2934 1189 2961 ,
1226 2896 1295 2949 ad
1326 2897 1418 2951 illa
1448 2898 1797 2953 remittimus.

584 3000 652 3056 11.
686 3002 765 3055 Ab
791 3002 1022 3058 eadem.-
1041 3004 1552 3071 -Quemadmodum
1586 3009 1951 3068 benedicentur
1982 3030 2159 3069 omnes

654 3084 828 3153 gentes
867 3085 1020 3153 terrfe
1053 3077 1107 3128 in
1133 3094 1193 3131 eo
1226 3080 1419 3133 semine
1449 3120 1466 3149 ,
1499 3080 1635 3150 quod
1663 3096 2061 3153 progressurum
2083 3094 2161 3140 est

652 3143 718 3196 de
748 3144 926 3198 subole
961 3143 1140 3199 Isaac.

651 3256 918 3312 Dominus
948 3267 1126 3314 autem
1162 3259 1229 3314 ad
1276 3257 1428 3318 Isaac
1475 3264 1815 3336 respondens
1836 3307 1853 3335 ,
1893 3277 2017 3340 post
2049 3272 2154 3326 alia

579 3347 745 3402 etiam
807 3348 921 3403 haec
973 3351 1105 3405 dicit
1143 3370 1156 3406 :
1198 3369 1218 3403 ι
1277 3355 1344 3408 Et
1392 3356 1729 3415 conﬁrmabo
1770 3360 2156 3432 jusjurandum
2183 3339 2227 3397 Ω

580 3455 761 3494 meum
807 3440 1035 3497 Abrahae
1078 3445 1220 3513 patri
1275 3452 1408 3513 tuo,
1444 3455 1501 3502 et
1552 3450 1922 3521 multiplicabo
1970 3471 2157 3511 semen

580 3536 761 3594 tuum,
785 3529 925 3584 sicut
952 3532 1140 3587 stellas
1167 3533 1313 3599 cmli,
1337 3543 1394 3589 et
1419 3535 1559 3591 dabo
1595 3540 1789 3593 semini
1825 3550 1918 3596 tuo
1940 3559 2157 3599 omnem

578 3626 785 3674 terram
821 3619 963 3675 hanc
985 3661 1002 3686 ,
1033 3630 1086 3677 et
1116 3623 1510 3680 benedicentur
1534 3627 1588 3682 in
1615 3631 1820 3685 semine
1846 3640 1943 3688 tuo
1965 3648 2155 3691 omnes

576 3718 769 3781 gentes
800 3720 957 3766 terra:
972 3710 1039 3769 δ’.
1066 3731 1085 3764 ι
1107 3712 1371 3771 Dominus
1399 3728 1453 3772 et
1489 3715 1742 3774 Salvator
1766 3734 1951 3778 noster
1966 3722 2151 3790 Jesus,

578 3804 673 3873 qui
696 3801 951 3860 Christus
974 3815 1059 3862 est
1086 3804 1181 3863 Dei
1208 3848 1224 3873 ,
1255 3824 1324 3864 ex
1365 3811 1573 3866 semine
1603 3810 1755 3867 lsaac
1788 3823 1954 3870 natus
1979 3823 2032 3869 et
2067 3831 2155 3868 ra-

578 3896 726 3952 tione
771 3896 996 3952 humani
1040 3902 1289 3970 corporis
1313 3941 1329 3967 ,
1366 3901 1422 3956 in
1464 3919 1574 3974 quo
1609 3906 1866 3961 omnibus
1898 3908 2151 3977 gentibus

576 3995 740 4044 terra!
772 3989 1111 4045 benedicitur
1133 4031 1148 4057 ,
1176 4008 1298 4063 qua:
1318 3995 1387 4049 ab
1410 3995 1503 4049 illo
1531 4012 1874 4053 communem
1906 4000 2151 4056 universi

577 4077 746 4134 Deum
776 4082 984 4137 edoctae
1018 4092 1169 4149 sunt,
1203 4085 1623 4160 didiceruntque
1654 4089 1803 4155 item,
1840 4088 1931 4145 Dei
1960 4092 2150 4147 amicis

575 4176 713 4231 viris
734 4177 1076 4236 benedicere.
1108 4181 1187 4236 Ex
1217 4199 1325 4253 quo
1362 4186 1606 4241 vicissim
1637 4186 1772 4257 ipsis
1807 4206 2023 4259 quoque
2057 4192 2150 4247 be-

575 4269 855 4325 nedicitur
883 4312 899 4336 ,
930 4282 1050 4343 quae
1078 4273 1136 4328 in
1177 4275 1281 4332 hoc
1320 4278 1571 4333 videlicet
1613 4279 1846 4334 eundem
1879 4296 2003 4335 cum
2036 4283 2104 4337 iis
2130 4325 2149 4345 .

574 4362 775 4432 quibus
822 4364 954 4434 ipsae.
1004 4365 1423 4433 benedixerint,
1473 4369 1866 4428 benedictionis
1911 4373 2146 4429 fructum

575 4456 918 4526 percipiunt,
954 4459 1410 4527 quemadmodum
1463 4460 1561 4517 Dei
1614 4462 1680 4517 ad
1726 4463 2001 4519 Abraham
2064 4482 2149 4520 re-

574 4561 840 4619 sponsum
897 4549 1090 4607 habet:
1121 4574 1139 4603 ι
1177 4550 1282 4618 Qui
1310 4554 1406 4608 tibi
1428 4554 1782 4622 benedicunt,
1821 4558 1903 4613 eis
1927 4556 2149 4612 benedi-

572 4646 723 4694 ctum
758 4645 861 4696 est.
903 4660 924 4694 ι

2173 4708 2223 4764 ο

568 4791 685 4873 ω
722 4791 809 4849 Ill.
845 4795 923 4848 Ab
959 4796 1269 4873 eadem.__—'
1303 4799 1381 4854 De
1426 4801 1669 4873 plurimis
1693 4800 1938 4873 gentibus
1964 4843 1979 4864 ,
2012 4820 2139 4873 gen-

642 4866 877 4942 tiumque
893 4866 1309 4942 collectionibus,
1333 4866 1449 4939 qud:
1465 4887 1528 4925 ea:
1547 4866 1718 4924 Iaculi
1736 4866 2139 4942 constituentur,

636 4937 875 5006 quanwis
906 4937 1023 4991 sola
1051 4938 1283 4994 Judaica
1313 4937 1436 5011 gens
1466 4942 1530 4994 ab
1556 4958 1614 4995 eo
1643 4944 1879 5010 profecta
1904 4946 1995 4998 sit.

640 5127 787 5182 Dixit
820 5138 1003 5185 autem
1059 5131 1135 5186 illi
1183 5132 1376 5189 Deus:
1419 5132 1660 5205 (constat
1713 5140 1893 5187 autem
1935 5132 2140 5186 dixisse

564 5221 756 5293 Iacob)
775 5240 793 5273 ι
830 5221 942 5294 Ego
959 5223 1220 5281 Dominus
1249 5227 1424 5295 Deus;
1443 5241 1633 5281 cresce
1658 5234 1713 5281 et
1738 5225 2098 5294 multiplicare
2122 5243 2136 5278 :

2271 2103 2330 2140 τε
2374 2083 2440 2158 ἦν
2483 2089 2627 2142 κατὰ
2672 2089 2769 2162 τὴν
2811 2093 3053 2158 Μωσέως
3103 2094 3421 2164 νομοθεσίαν
3468 2097 3847 2156 πολιτεύεσθαι

2270 2178 2446 2231 πάντα
2487 2179 2555 2232 τὰ
2579 2179 2727 2251 ἔθνη,
2771 2181 3119 2254 πληρέστατα
3151 2187 3209 2238 ὲν
3245 2184 3321 2256 τῷ
3348 2187 3456 2255 πρὸ
3491 2188 3680 2242 τούτου
3709 2207 3849 2260 συτι

2268 2270 2554 2342 γράμματι
2581 2270 2955 2343 διειλήφαμεν,
2990 2274 3066 2338 ὡς
3099 2275 3164 2329 ἂν
3199 2277 3271 2347 μή
3316 2293 3396 2340 τις
3425 2277 3681 2332 ὑπολάϐοι
3714 2282 3849 2353 περὶ

2269 2360 2374 2414 τῶν
2400 2362 2549 2432 παρὰ
2588 2362 2858 2428 Ἰουδαίοις
2888 2365 3243 2436 προσηλύτων
3273 2368 3522 2439 εἰρῆσθαι
3550 2370 3611 2423 τὸ
3638 2370 3844 2441 λόγιον.

2279 2451 2367 2505 Ἐν
2404 2452 2583 2525 ταύτῷ
2611 2454 2666 2508 δὲ
2706 2459 3086 2529 συστήσαντες,
3116 2460 3196 2512 ὅτι
3228 2461 3407 2530 μόνοις
3442 2465 3553 2525 τοῖς
3578 2462 3666 2517 διὰ
3704 2465 3849 2539 Χρι-

2268 2544 2393 2598 στοῦ
2437 2545 2497 2610 ἐξ
2532 2548 2787 2602 ἁπάντων
2832 2551 2943 2604 τῶν
2984 2552 3153 2605 ἐθνῶν
3195 2554 3495 2625 ὲφαρμόξοι
3529 2554 3660 2627 ἂνή
3704 2557 3848 2630 πρὸς

2263 2637 2355 2692 τόν
2395 2638 2639 2711 Ἀϐραὰμ
2683 2642 3034 2698 θεσπισθείσα
3080 2646 3205 2719 περὶ
3252 2647 3469 2701 πάντων
3515 2648 3622 2701 τῶν
3671 2649 3845 2705 ἐθνῶν

2264 2731 2501 2801 εὐλογία,
2529 2734 2654 2799 τοὺς
2679 2734 2995 2806 φιλομαθεῖς
3018 2737 3102 2789 ἐπ’
3134 2738 3317 2791 ἐκεῖνα
3344 2737 3436 2791 καὶ
3461 2736 3554 2794 νῦν
3585 2738 3841 2811 ἀναπέμ-

2262 2821 2457 2895 ψομεν.

2261 3027 2337 3083 B'.
2372 3030 2503 3084 Ἀπὸ
2525 3027 2637 3098 τῆς
2656 3028 2865 3097 αὐτῆς.
2886 3058 2957 3071 --
2981 3030 3079 3096 Ὠς
3096 3026 3612 3097 εὐλογηθήσονται
3634 3028 3845 3084 πάντα

2334 3099 2404 3169 τὰ
2428 3100 2572 3169 ἔθνη
2598 3099 2705 3167 τῆς
2727 3101 2838 3168 γῆς
2863 3101 2962 3154 ἐπὶ
2985 3100 3065 3165 τῷ
3090 3099 3586 3168 προελευσομένφ
3607 3100 3679 3154 ἐκ
3704 3099 3839 3155 δια-

2330 3168 2519 3239 δοχῆς
2546 3169 2652 3224 τοῦ
2703 3171 2897 3227 Ἰσαὰκ
2928 3172 3239 3240 σπέρματι.

2272 3280 2330 3333 Ὀ
2357 3279 2414 3333 δὲ
2442 3278 2645 3352 Κύριος
2669 3279 2747 3351 τῷ
2783 3279 2968 3335 Ἰσαὰκ
2997 3282 3354 3352 χρηματίζων
3384 3281 3498 3353 μεθ’
3524 3280 3709 3350 ἕτερα,
3739 3281 3839 3335 καὶ

2257 3372 2433 3427 ταῦτὰ
2458 3388 2652 3442 φησιν·
2694 3391 2713 3422 ι
2758 3373 2868 3426 Καὶ
2900 3373 3081 3442 στήσω
3125 3373 3216 3426 τὸν
3248 3374 3410 3447 ὅρκον
3444 3390 3545 3444 μου
3583 3371 3843 3447 Ἀϐραὰμ

2257 3464 2335 3536 τῷ
2367 3464 2530 3537 πατρί
2561 3482 2675 3527 σου,
2710 3465 2803 3517 καὶ
2832 3463 3084 3537 πληθυνῶ
3111 3464 3171 3518 τὸ
3213 3465 3436 3536 σπέρμα
3465 3482 3580 3527 σου,
3607 3462 3683 3529 ὡς
3706 3467 3840 3530 τοὺς

2256 3554 2489 3627 ἀστέρας
2538 3554 2632 3607 τοῦ
2674 3554 2921 3625 οὐρανοῦ,
2970 3556 3063 3609 καὶ
3099 3552 3254 3608 δώσω
3294 3554 3371 3624 τῷ
3422 3554 3696 3627 σπέρματί
3737 3572 3838 3610 σου

2255 3650 2432 3703 πᾶσαν
2462 3647 2559 3720 τὴν
2589 3649 2692 3719 γῆν
2723 3647 2926 3718 ταύτην
2947 3664 2962 3679 ⁶
2998 3649 3094 3702 καὶ
3117 3646 3640 3719 ὲνευλογηθήσονται
3670 3649 3732 3702 ἐν
3754 3648 3837 3720 τῷ

2256 3739 2529 3811 σπέρματί
2572 3756 2664 3793 σου
2699 3740 2875 3793 πάντα
2916 3738 2986 3792 τὰ
3031 3738 3157 3809 ἔθνη
3189 3740 3286 3811 τῆς
3325 3740 3447 3810 γῆς.
3481 3758 3501 3791 ι
3550 3740 3606 3793 '0
3634 3739 3837 3812 Σωτὴρ

2253 3831 2348 3883 καὶ
2398 3829 2601 3901 Κύριος
2655 3828 2811 3900 ἡμῶν
2852 3828 3055 3900 Ἰησοῦς
3101 3832 3129 3883 ὁ
3179 3829 3412 3901 Χριστὸς
3454 3828 3545 3882 τοῦ
3591 3829 3728 3883 Θεοῦ
3763 3832 3837 3884 ὲκ

2254 3922 2563 3993 σπέρματος
2602 3921 2785 3974 Ἰσαὰκ
2805 3921 2995 3990 γέγονε
3018 3921 3077 3974 τὸ
3099 3920 3236 3974 κατὰ
3268 3920 3465 3990 σάρκα,
3497 3923 3554 3975 ὲν
3648 3921 3835 3976 πάντα

2251 4015 2318 4068 τὰ
2351 4014 2475 4086 ἔθνη
2508 4014 2607 4085 τῆς
2635 4012 2737 4083 γῆς
2776 4014 3095 4081 εὐλογεῖται,
3141 4012 3377 4083 μαθόντα
3418 4012 3483 4065 δι’
3523 4012 3688 4066 αὐτοῦ
3734 4015 3834 4070 τὸν

2250 4110 2357 4162 τῶν
2402 4109 2538 4163 ὅλων
2581 4107 2735 4171 Θεὸν,
2779 4106 2872 4160 καὶ
2921 4104 3279 4158 παιδευθέντα
3331 4103 3493 4157 πάλιν
3539 4103 3605 4157 δι’
3657 4105 3829 4159 αὐτοῦ

2247 4200 2374 4265 τοὺς
2406 4200 2669 4269 θεοφιλεῖς
2700 4199 2898 4271 ἄνδρας
2929 4198 3188 4266 εὐλογεῖν.
3233 4196 3324 4250 Διὸ
3354 4198 3449 4250 καὶ
3480 4196 3832 4266 ἀντευλογεῖ-

2247 4310 2335 4346 ται
2387 4294 2486 4362 τῆς
2539 4292 2659 4363 ἴσης
2699 4295 2809 4354 τοῖς
2862 4292 2954 4343 ὑπ’
3005 4290 3181 4342 αὐτῶν
3224 4290 3635 4359 εὐλογουμένοις
3681 4290 3830 4343 ἀπο-

2247 4383 2477 4438 λαύοντα
2508 4382 2777 4452 εὐλογίας,
2816 4381 2956 4435 κατὰ
2989 4382 3080 4434 τὸν
3120 4382 3365 4452 φήσαντα
3394 4379 3487 4433 τοῦ
3520 4379 3653 4433 Θεοῦ
3683 4380 3829 4452 πρὸς

2246 4478 2337 4531 τὸν
2377 4475 2624 4549 Ἀϐραὰμ
2655 4474 2844 4543 λόγον’
2885 4493 2904 4527 ι
2955 4475 3021 4527 Οἱ
3063 4471 3410 4542 εὐλογοῦντες
3455 4489 3513 4526 σε
3559 4471 3826 4543 εὐλόγην-

2246 4587 2357 4624 ται.
2397 4588 2415 4621 ι

2244 4792 2317 4844 Γ’.
2380 4788 2511 4842 Ἇπύ
2564 4785 2673 4855 τῆς
2711 4786 2918 4853 αὐτῆς.
2949 4819 3019 4829 --
3060 4787 3201 4855 Περὶ
3245 4786 3548 4840 πλείστων
3596 4785 3821 4854 ἐθνῶν,

2312 4860 2410 4913 καὶ
2448 4858 2811 4927 συναγωγῶν
2840 4857 3049 4923 ἐθνῶν,
3097 4856 3216 4911 τῶν
3250 4857 3318 4919 ἐξ
3356 4855 3557 4927 Ἰακὼϐ
3583 4872 3823 4923 συστη-

2312 4925 2626 4999 σομένων(
2650 4925 2840 4982 καίτοι
2871 4930 3063 4998 μόνου
3099 4927 3205 4981 τοῦ
3260 4925 3552 4982 Ἰουδαίων
3595 4927 3821 4997 ἔθνους

2309 5001 2378 5066 ἐξ
2412 4999 2596 5054 αὐτοῦ
2628 4999 3126 5067 προεληλυθότος.

2310 5120 2475 5179 Εἶπεν
2505 5124 2561 5176 δὲ
2594 5123 2740 5193 αὐτῷ
2772 5123 2800 5174 ὁ
2824 5122 2955 5185 Θεὸς
2994 5119 3167 5193 (δῆλον
3205 5119 3280 5184 δὲ,
3315 5118 3395 5171 ὅτι
3440 5116 3518 5188 τῷ
3566 5114 3814 5183 Ἰακὼ6)⁶

2242 5238 2260 5269 ι
2314 5216 2455 5287 Ἐγὼ
2488 5216 2689 5288 Κύριος
2732 5217 2761 5268 ὁ
2798 5213 2967 5277 Θεός·
3020 5212 3247 5279 αὐξάνου
3280 5210 3375 5264 καὶ
3418 5208 3686 5278 πληθύνου
3727 5207 3819 5269 είς

566 5325 757 5385 gentes
779 5324 833 5370 et
861 5320 1311 5390 congregationes
1330 5320 1571 5390 gentium
1587 5334 1655 5373 ex
1674 5326 1727 5372 te
1746 5327 1907 5373 erunt
1927 5316 1991 5370 “.
2018 5336 2038 5369 ι
2060 5315 2140 5371 Ex

2266 5310 2386 5381 θνη,
2427 5312 2522 5364 καὶ
2554 5308 2863 5377 συναγωγαἺ⁵
2889 5305 3056 5360 ἐθνῶν
3099 5306 3165 5357 ὲκ
3197 5303 3289 5357 σοῦ
3322 5302 3553 5356 ἔσονται.
3595 5318 3613 5351 ι
3650 5298 3816 5354 Κατὰ

563 5422 637 5464 eo
666 5407 884 5479 quidem
916 5412 1065 5481 quod
1093 5421 1319 5483 apparet
1346 5453 1361 5474 ,
1392 5427 1456 5467 ac
1484 5411 1834 5482 perspicuum
1861 5416 1946 5466 est
1977 5449 1994 5475 ,
2028 5424 2139 5464 una

2240 5405 2339 5476 μὲν
2366 5404 2427 5458 τὸ
2465 5401 2759 5475 προφανὲς,
2793 5400 2850 5453 ἓν
2881 5399 3029 5463 ἔθνος
3076 5398 3234 5469 μόνον
3276 5396 3338 5449 τὸ
3384 5393 3651 5448 Ἰουδαίων
3696 5390 3815 5445 ἀπὸ

566 5501 833 5556 duntaxat
877 5501 1105 5559 Judaica
1136 5482 1280 5576 ﬁgens
1323 5505 1393 5559 ah
1427 5502 1596 5558 Jacoh
1626 5502 1858 5559 exstitit.
1888 5500 2135 5567 Quonam

2267 5496 2328 5551 οὗ
2365 5495 2556 5551 Ἰακὼϐ
2590 5494 2842 5564 συνέστη.
2877 5491 3000 5556 Πῶς
3038 5486 3130 5545 οὖν
3175 5488 3425 5562 ἀληθεύοι
3457 5486 3523 5540 ἂν
3569 5482 3815 5576 πληθυνζ

566 5592 732 5649 modo
768 5593 934 5664 igitur
969 5567 1175 5651 verum.
1199 5596 1273 5653 sit
1323 5596 1604 5652 oraculum
1625 5635 1642 5661 ,
1703 5593 1852 5665 quod
1907 5607 2137 5650 numero

2268 5583 2398 5648 ικῶς
2439 5582 2612 5653 λέγων
2655 5585 2685 5637 ὁ
2730 5580 3006 5654 χρησμὸς;
3049 5580 3201 5634 Ἐπεὶ
3244 5578 3302 5634 δὲ
3344 5579 3373 5633 ὁ
3423 5573 3655 5649 Χριστὸς
3705 5567 3814 5631 ωδ

638 5748 684 5782 δι
715 5748 852 5807 Gen.
894 5765 1067 5817 xvru,
1125 5750 1316 5807 l7-18.
1394 5751 1436 5782 δ’
1468 5748 1604 5805 Gen.
1670 5764 1835 5819 xxvr,
1883 5747 1999 5804 5-4.
2076 5745 2163 5797 “1

2273 5785 2284 5799 .
2317 5759 2481 5810 xxxv,
2516 5741 2602 5798 ll.
