4056 6418
281 222 372 281 lOl

1162 199 1820 298 DEMONSTRATIONIS
1858 243 2316 305 EVANGELICE
2347 249 2477 306 LIB.
2516 251 2580 308 ιι.

3436 261 3534 314 ﬁt)?

271 340 425 400 Θεοῦ.
453 340 521 394 ὲκ
563 339 884 413 σπέρματος
918 347 1108 403 Ἰακὼϐ
1142 353 1452 423 γενόμενος,
1489 355 1687 421 πολλάς
1738 375 1829 412 συν

1928 421 1931 428 _
1960 359 2325 420 multitudinis
2359 367 2531 420 utitur
2559 368 2582 420 ?
2616 377 2903 439 postquam
2939 369 3106 441 igitur
3134 369 3388 428 Christus
3415 371 3531 429 Dei.

276 432 495 501 αγωγάς
528 432 699 487 ὲθνῶν
736 435 828 488 διὰ
857 438 955 508 τῆς
978 442 1358 516 ,εὐαγγελικῆς
1397 450 1560 503 αὐτοῦ
1599 455 1829 525 συνεκρό

1954 454 2048 524 qui
2099 470 2167 509 ex
2211 457 2419 514 semine
2468 458 2639 513 Jacob
2672 469 2834 516 natus
2867 470 2988 526 est,
3039 463 3240 517 multos
3287 465 3532 533 gentium

271 538 402 591 τησε
435 522 806 590 διδασκαλίας,
840 530 1066 595 είκότως
1102 536 1182 597 εἰς
1226 537 1411 600 αὑτὸν,
1449 543 1539 594 καὶ
1581 544 1648 596 δι’
1687 522 1829 598 αὐτοὶ

1954 556 2254 603 conventus
2299 566 2398 619 per
2449 552 2816 622 evangelicam
2868 569 3023 608 suam
3075 556 3364 610 constituit
3402 555 3530 610 doce

269 613 337 666 τὰ
370 613 470 683 τῆς
503 620 843 687 προφητείας
878 622 1064 687 τέλους
1103 627 1398 700 τετύχηκεν
1569 636 1828 708 πρότερον

1951 639 2171 698 trinam.
2205 642 2399 695 merito
2430 643 2483 696 in
2507 660 2574 698 eo
2599 684 2613 708 ,
2643 653 2697 699 et
2725 660 2821 714 per
2845 660 3004 712 eum;
3039 662 3159 717 quae
3191 649 3256 701 ad
3291 648 3530 718 prOphe-

269 705 366 758 καὶ
392 705 632 766 εἰσαῦθις
656 708 736 763 ἔτι
766 711 963 780 μᾶλλον
986 713 1250 780 τεύξεται.

263 927 340 981 Δν.
382 926 518 981 Ἂπὸ
545 929 654 1012 τοΑῦ
677 932 1156 1012 ρευτερονομίου.
1175 967 1247 1012 —_
1266 939 1534 1012 Δήλωᾳις
1556 943 1665 1012 τῆς
1698 946 1848 1000 κατὰ

590 1000 742 1056 Θεὸν
775 1000 1156 1074 εὺςεροοίὺνης
1176 1005 1295 1062 τῶν
1321 1000 1528 1067 ἐθνῶνξ

339 1132 363 1167 ε
389 1115 766 1188 Εὐφράνθητε,
784 1119 1021 1191 οὐρανοὶ,
1035 1121 1152 1193 ἅμα
1166 1123 1333 1194 αὐτῷ,
1353 1125 1446 1178 καὶ
1471 1131 1846 1201 προσκυνησά-

253 1224 443 1262 τωσαν
491 1211 640 1282 αὐτῷ
689 1213 889 1277 πάντες
933 1215 1038 1267 υἱοὶ⁵
1092 1215 1255 1269 Θεοῦ*
1294 1217 1649 1290 εὐφράνθητε,
1693 1221 1842 1294 ἔθνη,

256 1303 404 1373 μετὰ
428 1303 526 1356 τοῦ
553 1304 683 1357 λαοῦ
706 1305 890 1371 αὑτοῦ,
921 1309 1015 1362 καὶ
1040 1310 1472 1380 ἐνισχυσάτωσαν
1493 1314 1690 1378 αὐτοὺς
1719 1316 1846 1369 πάν-

251 1409 346 1457 τες
363 1395 588 1463 ἄγγελοι
612 1397 766 1451 Θεοῦ.
782 1418 798 1448 ι
820 1400 962 1453 ’Δντὶ
980 1400 1093 1465 τοῦ,
1120 1420 1138 1452 ‹
1170 1402 1844 1477 Εὐφράνθητε,ἕθνη,μετὰ

250 1485 350 1539 τοῦ
367 1486 502 1540 λαοῦ
519 1488 706 1552 αὐτοῦ,
733 1510 751 1541 ι
784 1493 811 1543 ὁ
841 1493 1117 1558 Ἀκύλαςοι
1141 1495 1486 1564 Ἐνοπήσατε,
1510 1498 1690 1568 φησὶν,
1716 1499 1840 1572 ἔθνη

257 1577 397 1646 μετὰ
426 1577 522 1631 τοῦ
554 1578 682 1632 λαοῦ
718 1581 882 1635 αὐτοῦ
902 1599 915 1610 ·
944 1603 962 1636 ι
984 1584 1077 1636 καὶ
1100 1584 1405 1639 Θεοδοτίων·
1427 1604 1446 1637 ι
1471 1586 1839 1656 Ἀγαλλιᾶσθε,

253 1666 405 1738 ἔθνη,
447 1667 580 1732 λαὸς
605 1671 790 1723 αὐτοῦ.
829 1691 848 1724 ι

1951 729 2080 784 tiam
2114 733 2425 800 pertinent,
2473 735 2585 804 jam
2641 746 2767 791 ante
2809 737 3014 791 exitum
3066 739 3440 806 invenerunt,
3474 749 3528 796 et

1950 821 2178 891 posthac
2209 822 2334 876 item
2363 826 2537 896 magis
2563 827 2860 882 invenient.

1947 931 2039 989 Ν.
2072 935 2115 989 Α
2146 933 2570 993 Deuteronomio.
2609 970 2677 1014 —-_-
2724 940 3025 1014 Declaratio
3061 941 3258 997 lwtitia:
3284 947 3516 1014 gentium

2476 1011 2761 1063 secundum
2801 1011 2988 1066 Deum.

2024 1133 2044 1166 ι
2089 1113 2408 1185 Laetamini,
2467 1121 2591 1174 mali
2620 1162 2636 1186 ,
2686 1137 2808 1177 cum
2855 1139 2960 1188 eo,
3013 1133 3067 1179 et
3118 1126 3344 1182 adorent
3393 1144 3518 1184 eum

1945 1219 2137 1263 omnes
2159 1209 2249 1263 lilii
2286 1209 2375 1264 Dei
2404 1230 2416 1264 :
2444 1211 2722 1279 laetamini,
2754 1224 2961 1282 gentes,
2988 1230 3110 1268 cum
3142 1219 3340 1286 populo
3373 1219 3518 1286 ejus,

1945 1303 1998 1350 et
2027 1296 2190 1352 fortes
2219 1298 2454 1354 eﬂiciant
2499 1317 2593 1356 eos
2627 1318 2816 1358 omnes
2849 1305 3025 1374 angeli
3057 1307 3259 1374 ejus“.
3283 1326 3301 1357 ι
3324 1305 3430 1360 Pro
3451 1322 3519 1362 eo

1945 1399 2122 1444 autem
2157 1391 2301 1459 quod
2324 1403 2445 1447 est:
2485 1413 2502 1444 ι
2544 1393 2822 1449 Lmtamini
2845 1436 2859 1459 ,
2897 1405 3085 1468 gentes
3111 1438 3125 1460 ,
3157 1413 3279 1451 cum
3318 1398 3520 1468 populo

1943 1481 2084 1550 ejus,
2119 1501 2136 1534 ι
2162 1484 2391 1553 Aquila,
2428 1505 2445 1537 ι
2479 1487 2884 1554 Vociferamini,
2919 1489 3116 1558 inquit,
3150 1498 3357 1559 gentes,
3389 1507 3514 1545 cum

1942 1572 2144 1640 pOpulo
2172 1575 2324 1643 ejus;
2351 1596 2370 1628 ι
2403 1584 2456 1631 et
2487 1575 2851 1647 Theodotion,
2916 1579 3246 1645 «Exsultate,
3281 1592 3468 1652 gentes
3494 1621 3513 1648 .

1943 1665 2177 1734 populus
2198 1664 2338 1734 ejus.
2371 1686 2390 1718 ι

253 1777 330 1832 Ε’.
371 1779 519 1856 ξΑπό
542 1781 671 1856 ἑτοῦ
721 1783 979 1856 ψαλμοῦ
1015 1791 1125 1856 νίζ’.
1170 1815 1239 1825 --
1275 1785 1369 1852 Ὠς
1408 1787 1526 1840 τῶν
1566 1790 1829 1856 περάτων

1938 1773 2001 1829 ν.
2058 1779 2100 1830 Α
2151 1780 2356 1846 psalmo
2390 1797 2505 1856 xxt.
2548 1813 2616 1823 —-
2655 1782 2808 1848 Quod
2846 1794 3199 1856 extremorum
3238 1792 3424 1847 terrm,
3459 1794 3512 1839 et

324 1847 437 1928 Ξῆς
491 1847 762 1928 γῆςν-κὰὶ
786 1847 927 1928 Δι’ὧνζ
957 1854 1147 1928 ἐθνῶν
1180 1847 1460 1928 άπέίνίων
1498 1847 1832 1928 “ﬁt”???

319 1920 496 1994 ἔσεαι
543 1921 694 1987 πρὸς
737 1923 844 1974 τὸν
895 1924 1061 1988 Θεὸν,
1109 1924 1282 1994 γενεά
1324 1944 1387 1979 τε
1431 1920 1687 1991 ἥξουσα,
1735 1920 1831 1984 καὶ

319 1991 478 2055 λαὸς
505 1994 1022 2070 ,τεχθησόμενος
1062 1991 1176 2064 τὴν
1213 1997 1400 2050 αὐτοῦ
1441 1997 1836 2070 δικαιοσύνην

319 2059 768 2130 παραλήψεται.

331 2191 352 2225 σ
395 2175 841 2246 Μνησθήσονται,
857 2175 951 2230 καὶ
969 2179 1606 2253 ὲπιστραφήσονταιπρὸς
1629 2183 1834 2256 Κύριον

251 2266 430 2320 πάντα
463 2267 533 2320 τά
568 2267 782 2338 πέρατα
810 2269 910 2338 τῆς
937 2270 1060 2339 γῆς,
1093 2271 1187 2324 καὶ
1213 2275 1678 2344 προσκυνήσουσιν
1701 2275 1833 2329 ἐνώ-

247 2372 373 2408 πιον
426 2355 595 2410 αὑτοῦ
646 2358 818 2410 πᾶσαι
862 2358 919 2410 αἱ
965 2361 1190 2428 πατριαὶ
1227 2360 1336 2413 τῶν
1371 2362 1574 2416 ἐθνῶν
1612 2365 1693 2417 ὅτι
1735 2367 1830 2419 τοῦ

247 2447 515 2518 Κυρίουή
552 2447 817 2517 βασιλεία,
858 2450 951 2503 καὶ
989 2452 1150 2515 αὐτὸς
1172 2451 1418 2516 δεσπόζει
1455 2454 1560 2506 τῶν
1590 2455 1776 2509 ἐθνῶν.
1804 2476 1823 2508 ι

244 2537 357 2592 Καὶ
377 2537 510 2608 ἑξῆς
538 2539 818 2608 ἐπιλέγειν
860 2559 878 2590 ι
928 2541 1480 2613 Ἀναγγελήσεταιτῷ
1513 2545 1698 2615 Κυρίῳ
1747 2563 1830 2614 γε·

242 2629 341 2686 νιὰ
388 2632 424 2700 ἠ
462 2630 758 2702 ἐρχομένη,
799 2633 892 2685 καὶ
938 2632 1292 2700 άναγγελοῦσι
1340 2634 1440 2702 τὴν
1487 2635 1828 2710 δικαιοσύνην

245 2723 408 2778 αὐτοῦ
437 2723 557 2794 λαῷ
579 2724 658 2794 τῷ
683 2725 1083 2797 τεχθησομένῳ,
1115 2727 1172 2780 ὃν
1213 2727 1465 2798 ἐποίησεν
1489 2729 1516 2780 ό
1549 2729 1771 2800 Κύριος.
1803 2751 1822 2784 ι

246 2815 396 2886 Σαφῆ
429 2815 628 2882 ταῦτα,
666 2817 772 2869 οὐδ’
807 2817 1100 2889 ἑρμηνείας
1126 2818 1374 2889 δεόμενα.

247 2929 335 2994 εἶ’.
369 2929 502 2982 Ἀπὸ
531 2928 640 3001 τοῦ
668 2929 914 3001 ψαᾷμοῦ
949 2936 1061 2998 μςε.
1086 2961 1155 2970 -
1182 2931 1506 3001 Εὐσεϐείας
1531 2932 1680 3001 ὁμοῦ
1725 2936 1824 2988 καὶ

311 3000 718 3066 σωφροσύνης
745 3000 1069 3068 ἐπαγγελία
1111 2999 1228 3064 τοῖς
1268 3000 1490 3068 ἔθνεσι,
1539 2999 1638 3056 καί
1678 3005 1826 3060 Θεοῦ

299 3069 601 3132 ,βασιλεία
629 3069 724 3123 ἐπὶ
754 3069 825 3123 τὰ
855 3070 1020 3139 ἔθνη.

309 3183 496 3236 Πάντα
517 3185 585 3237 τά
597 3183 747 3254 ἔθνη,
771 3186 1069 3255 κροτήσατε
1083 3186 1289 3256 χεῖρας,
1304 3187 1601 3254 άλαλάξατε
1617 3189 1694 3260 τῷ
1707 3189 1825 3261 Θεῷ

244 3275 298 3327 ἐν
327 3278 479 3346 φωνῇ
512 3274 884 3344 ἀγαλλιάσεως
907 3293 920 3307 ο
954 3277 1036 3330 ὃτι
1069 3277 1274 3348 Κύριος
1303 3277 1542 3348 ὕψιστος,
1572 3281 1823 3354 φοϐερὸς,

245 3367 495 3436 βασιλεὺς
519 3368 695 3437 μέγας
723 3369 816 3420 ἐπὶ
851 3371 1030 3422 πᾶσαν
1065 3371 1163 3441 τὴν
1199 3370 1322 3441 γῆν.
1356 3391 1374 3423 ι
1411 3372 1519 3424 Καὶ
1549 3373 1674 3443 ἑξῆς
1707 3375 1825 3426 ἐπι-

238 3455 419 3525 λέγει·
461 3477 482 3509 ι
520 3459 642 3510 Ὅτι
685 3458 934 3528 βασιλεὺς
971 3462 1149 3531 πάσης
1178 3461 1278 3531 τῆς
1315 3462 1419 3532 γῆς
1464 3463 1493 3514 ὁ
1526 3463 1676 3526 Θεὸς,
1718 3465 1823 3534 ψά-

240 3549 364 3604 λατε
398 3550 660 3615 συνετῶς.
709 3552 1085 3606 Ἐϐασίλευσεν
1111 3556 1138 3607 ὁ
1168 3555 1300 3618 Θεὸς
1333 3556 1426 3609 ἐπὶ
1467 3555 1536 3608 τά
1575 3555 1722 3628 ἔθνη.
1765 3557 1823 3610 '0

238 3641 367 3706 Θεὸς
419 3643 654 3714 κάθηται
705 3643 799 3696 ἐπὶ
845 3644 1036 3716 θρόνου
1085 3647 1240 3714 ἁγίου
1289 3647 1474 3700 αὑτοῦ.
1533 3648 1824 3720 Ἄρχοντες

239 3734 379 3788 λαῶν
428 3736 777 3808 συνήχθησαν
829 3738 968 3808 μετὰ
1008 3739 1100 3792 τοῦ
1143 3738 1278 3792 Θεοῦ
1331 3740 1601 3811 Ἀϐραάμ.
1642 3758 1659 3790 ι
1711 3743 1823 3795 Καὶ⁵

241 3828 408 3882 ταῦτα
442 3830 616 3899 σαφῆ,
648 3830 742 3882 καὶ
768 3831 875 3884 οὐδ’
903 3832 1196 3904 ἑρμηνείας
1222 3833 1474 3904 δεόμενα.

243 3942 312 3997 Ζ’.
356 3941 502 3996 Ἀπὸ
533 3943 782 4012 ψαλμοῦ
811 3951 928 4012 mf.
963 3977 1032 3986 -—-
1056 3945 1325 4012 Δήλωσις
1361 3946 1669 4012 εὐσεϐείας
1704 3944 1822 3999 τῶν

927 4014 1134 4070 ἐθνῶν.

316 4147 336 4181 ι
373 4128 488 4182 Οὐκ
518 4127 665 4183 ἐστιν
693 4130 876 4201 ὅμοιός
920 4148 1000 4184 σοι
1041 4131 1100 4184 ἐν
1143 4130 1304 4194 θεοῖς,
1339 4130 1532 4201 Κύριε,
1575 4130 1670 4183 καὶ
1720 4129 1820 4184 οὐκ

243 4217 351 4273 εστι
375 4219 522 4274 κατὰ
567 4221 705 4292 ἔργα
738 4238 852 4275 σου.
889 4223 1073 4276 Πάντα
1106 4222 1173 4276 τά
1206 4223 1331 4294 ἔθνη
1385 4223 1486 4275 ὅσα
1532 4221 1814 4290 ἐποίησας,

247 4312 445 4384 ἥξουσι,
476 4313 572 4366 καὶ
602 4315 1068 4385 προσκυνήσουσιν
1099 4313 1332 4367 ἐνώπιόν
1359 4331 1473 4379 σου,
1503 4312 1696 4383 Κύριε,
1723 4312 1817 4366 κα)⁸

2007 1861 2313 1924 cun_clarum
2339 1855 2564 1920 gentium
2599 1856 2868 1906 convenio
2897 1863 2997 1908 erit
3026 1856 3094 1908 ad
3133 1855 3290 1908 Deum
3317 1896 3331 1917 ,
3360 1873 3514 1924 gene—

2006 1920 2503 2003 ratioqueoventura,
2532 1932 2578 1976 et
2600 1925 2822 1992 populus
2849 1928 2938 1994 qui
2959 1936 3226 1990 nascetur,
3238 1920 3511 1996 justitiam

2003 2006 2121 2059 ejus
2141 2001 2379 2060 accipiet.

2009 2198 2030 2231 ι
2071 2171 2514 2236 Reniiniscentur
2538 2191 2650 2252 ,ει
2681 2192 3067 2241 convertentur
3107 2187 3176 2243 ad
3219 2187 3508 2244 Dominum

1933 2271 2172 2326 universi
2200 2272 2335 2328 ﬁnes
2361 2283 2538 2336 terrae,
2564 2277 2946 2330 et-adorabunt
2978 2278 3033 2334 in
3054 2288 3352 2351 conspectu
3385 2283 3506 2349 ejus

1932 2363 2201 2418 universa:
2225 2362 2439 2418 familiae
2467 2366 2706 2432 gentium
2735 2387 2749 2422 :
2781 2366 3049 2433 Quoniam
3082 2368 3292 2424 Domini
3314 2380 3396 2425 est
3418 2389 3506 2426 re-

1932 2468 2096 2522 gnum
2129 2492 2144 2516 ,
2181 2462 2235 2508 et
2277 2454 2395 2524 ipse
2437 2455 2810 2510 dominabitur
2857 2459 2913 2512 in
2958 2461 3210 2528 gentibus
3260 2461 3304 2492 "
3330 2501 3345 2525 ,
3387 2481 3406 2513 ι
3442 2477 3508 2517 ac

1931 2544 2190 2615 deinceps
2215 2547 2459 2617 adjnngit
2492 2568 2506 2602 :
2549 2566 2568 2600 ι
2606 2549 3042 2606 Annuntiabitur
3076 2551 3304 2607 Domino
3335 2568 3506 2625 gene-

1929 2638 2071 2689 ratio
2107 2645 2335 2690 ventura
2361 2677 2376 2701 ,
2424 2646 2477 2692 et
2513 2640 2919 2694 annuntiabunt
2945 2641 3213 2709 justitiam
3251 2644 3372 2708 ejus
3408 2659 3506 2712 po-

1929 2727 2080 2796 pulo,
2115 2727 2204 2796 qui
2238 2736 2518 2792 nascetur,
2543 2746 2704 2799 quem
2739 2730 2867 2785 fecit
2897 2730 3158 2787 Dominus
3188 2733 3253 2784 “.
3287 2750 3310 2786 ο
3336 2731 3504 2789 Plana

1929 2828 2058 2874 sunt
2089 2820 2203 2874 hate
2233 2860 2249 2884 ,
2283 2829 2337 2876 et
2365 2822 2568 2876 nullius
2602 2823 3068 2893 interpretationis
3109 2826 3426 2895 indigentia.

1929 2932 2018 2988 Vl.
2057 2934 2100 2986 Α
2149 2937 2356 3002 psalmo
2400 2952 2545 2991 xm.
2597 2967 2668 2977 —
2713 2939 2937 2993 Pie'atis
2970 2941 3166 3005 pariter
3208 2950 3257 2993 et
3305 2941 3507 2996 latitia

2035 3006 2313 3075 promissio
2338 3007 2578 3076 gentibus
2604 3048 2620 3073 ,
2655 3019 2702 3062 et
2747 3007 2844 3063 Dei
2875 3026 3088 3080 regnum
3115 3011 3167 3063 in
3199 3020 3394 3081 gentes.

2004 3200 2023 3233 ‹
2061 3180 2264 3238 Omnes
2294 3189 2480 3253 gentes
2524 3183 2766 3252 plaudite
2799 3183 3050 3240 manibus
3073 3226 3089 3250 ,
3118 3186 3349 3254 jubilate
3390 3185 3503 3242 Deo

1924 3275 1981 3329 in
2007 3291 2141 3329 voce
2161 3275 2568 3338 exsultationis,
2602 3277 2859 3346 quoniam
2894 3276 3155 3331 Dominus
3177 3279 3499 3344 altissimus,

1921 3367 2182 3422 tesribilis
2207 3406 2222 3430 ,
2262 3383 2356 3421 rex
2387 3382 2615 3436 magnus
2661 3383 2826 3437 super
2857 3383 3073 3422 omnem
3125 3377 3321 3422 terram
3344 3368 3386 3400 ⁸⁷
3417 3409 3432 3429 ,
3472 3385 3496 3421 e

1922 3473 1987 3511 ac
2009 3459 2264 3528 deinceps
2282 3459 2561 3529 adjungit:
2587 3476 2604 3508 ι
2629 3456 2894 3524 Quoniam
2915 3473 3003 3512 rex
3023 3459 3200 3512 omnis
3215 3457 3322 3530 47
3342 3469 3502 3515 ιρι-τω

1923 3549 2088 3612 Deus,
2111 3551 2324 3621 psallite
2348 3551 2642 3620 sapienter.
2663 3549 2927 3620 Regnavit
2946 3549 3085 3605 Deus
3108 3567 3270 3620 super
3284 3564 3495 3622 gentes.

1923 3639 2068 3696 Deus
2123 3641 2276 3696 sedet
2312 3657 2476 3710 super
2509 3642 2638 3696 sede
2682 3649 2867 3696 sam-ta
2910 3657 3008 3696 sua
3058 3641 3337 3710 Principes
3402 3659 3500 3712 po-

1921 3734 2172 3802 pulorum
2201 3743 2710 3787 conveneruntcum
2745 3731 2854 3786 Deo
2871 3732 3141 3786 Abraham
3165 3733 3230 3784 ".
3255 3754 3273 3785 ι
3299 3730 3363 3786 Ει
3384 3734 3498 3788 haec

1922 3825 2052 3880 item
2083 3826 2238 3896 plana
2269 3866 2284 3889 ,
2317 3842 2418 3880 nec
2449 3824 2917 3895 interpretationis
2943 3825 3258 3895 indigentia.

1921 3934 2034 3991 Vll.
2091 3937 2132 3989 Α
2162 3937 2366 4005 psalmo
2399 3951 2594 3990 Lxxxv.
2632 3965 2702 4016 ξτ-
2750 3934 3056 3988 Declaratio
3106 3934 3321 4003 pietatis
3367 3949 3494 4005 gen-

2631 4015 2786 4060 tium.

1996 4140 2016 4173 ι
2053 4121 2169 4176 Non
2200 4129 2285 4176 est
2316 4122 2514 4176 similis
2551 4121 2647 4175 tibi
2676 4121 2732 4174 in
2763 4119 2888 4183 diis,
2917 4119 3164 4181 Domine,
3185 4126 3240 4174 et
3273 4133 3381 4173 non
3404 4125 3490 4174 est

1921 4212 2224 4266 secundum
2249 4227 2415 4281 opera
2447 4221 2558 4266 tua.
2590 4211 2794 4267 Omnes
2822 4218 3009 4282 gentes
3027 4223 3382 4280 quascunque
3407 4207 3487 4262 fe-

1919 4306 2068 4368 cisti,
2101 4307 2343 4370 venient,
2388 4317 2443 4360 et
2484 4307 2790 4362 adorabunt
2829 4321 3012 4361 coram
3054 4314 3126 4368 te,
3160 4303 3407 4366 Domine,
3437 4312 3492 4358 et

247 4401 518 4468 ὼξάσουσι
553 4404 615 4458 τὺ
641 4405 812 4476 ὄνομά
851 4423 944 4458 σου
969 4423 982 4435 ο
1011 4407 1092 4460 ὅτι
1123 4406 1292 4477 μέγας
1319 4402 1370 4459 εί
1400 4406 1486 4470 σὺ,
1521 4405 1615 4458 καὶ
1645 4402 1813 4457 ποιῶν

1928 4397 2298 4468 gloriﬁcabunt
2321 4413 2519 4453 nomen
2552 4405 2705 4452 tuum
2741 4397 3036 4466 :quoniam
3060 4409 3290 4465 magnus
3322 4409 3382 4448 es
3404 4400 3485 4457 tu,

251 4492 548 4563 θαυμάσια·
584 4495 648 4548 σὺ
679 4491 730 4548 εἷ
759 4495 938 4559 όΘεὺς
973 4495 1152 4566 μόνος.
1197 4515 1215 4548 ι
1259 4494 1488 4560 Ὁμοίως
1521 4495 1616 4548 καὶ⁵
1643 4493 1814 4547 ταῦτα

1928 4500 1970 4546 at
1987 4491 2194 4546 faciens
2221 4491 2488 4545 mirabilia
2519 4511 2532 4546 :
2564 4499 2621 4545 tu
2648 4505 2709 4545 es
2735 4489 2876 4546 Deus
2904 4490 3055 4545 solus
3075 4489 3140 4545 δ’.
3162 4507 3182 4540 ι
3216 4485 3340 4541 Ητιξο
3358 4485 3492 4541 item

254 4586 407 4654 σαφῆ.

254 4700 326 4752 ην.
369 4700 512 4755 Ἀπὸ
546 4700 654 4754 τοῦ
700 4700 968 4770 ψαλμοῦ.
1003 4705 1103 4767 ιβ’.
1141 4732 1211 4740 —
1253 4699 1522 4765 Δήλωσις
1572 4697 1815 4770 πάντων

316 4770 428 4823 τῶν
453 4770 646 4824 ἐθνῶν
670 4767 986 4837 εὖσεϐείαςι
1020 4771 1118 4824 καὶ
1160 4770 1424 4839 ᾅσματος
1452 4769 1683 4832 καινοῦ,
1716 4767 1814 4821 καὶ

309 4841 626 4906 βασιλείας
657 4842 824 4904 Θεοῦ,
852 4842 949 4893 καί
977 4840 1328 4910 οἰκουμένης
1355 4841 1738 4908 κατόρθωσις.

322 4951 339 4982 ι
379 4934 576 5004 ᾊσατε
592 4931 670 5002 τῷ
703 4933 891 5004 Κυρίῳ
916 4929 1064 5004 ᾆσμα
1089 4933 1294 4994 καινὸν,
1325 4932 1496 5003 ᾇσατε
1517 4929 1594 5000 τῷ
1624 4928 1814 5000 Κυρίῳ

260 5025 392 5076 πᾶσα
419 5027 451 5096 ἡ
485 5026 577 5096 γῆ.
617 5025 819 5096 ’ᾼσατε
837 5025 914 5095 τῷ
943 5026 1154 5097 Κυρίῳ,
1183 5025 1509 5097 εὐλογήσατε
1541 5022 1602 5075 τὸ
1646 5021 1816 5091 ὄνομα

261 5114 428 5179 αὑτοῦ,
447 5116 869 5185 εὐαγγελίσασθε
899 5117 1112 5188 ἡμέραν
1146 5115 1204 5182 ἐξ
1236 5115 1447 5188 ἡμέρας
1468 5115 1527 5167 τὸ
1551 5115 1816 5185 σωτήριον

260 5206 436 5259 αὐτοῦ’
463 5209 819 5276 ἀναγγείλατε
854 5211 911 5260 ὲν
953 5212 1061 5273 τοῖς
1100 5207 1279 5261 ἔθνεσι
1303 5208 1401 5277 τὴν
1441 5206 1594 5272 δόξαν
1627 5203 1812 5268 αὑτοῦ,

261 5297 311 5348 ἓν
339 5301 463 5354 πᾶσι
499 5304 613 5365 τοῖς
661 5301 809 5365 λαοῖς
849 5300 919 5354 τά
960 5301 1238 5373 θαυμάσια.
1281 5298 1478 5352 αὐτοῦ·
1519 5299 1599 5351 ὃτι
1641 5297 1812 5368 μέγας

262 5385 444 5459 Κύριος
469 5391 564 5444 καὶ
591 5391 798 5455 αἰνετδς
839 5391 1044 5462 σφόδρα
1063 5407 1075 5420 ·
1124 5389 1354 5461 φοϐερός
1383 5391 1528 5442 ἐστιν
1556 5387 1647 5439 ἐπὶ
1679 5385 1810 5440 πάν-

257 5488 346 5540 τας
387 5481 508 5543 τοὺς
559 5479 734 5545 θεούς.
787 5501 804 5533 ι
842 5483 948 5536 Καὶ
997 5482 1273 5548 ἐπιλέγειο
1327 5499 1346 5532 ι
1409 5478 1698 5540 Ἐνέγκατε
1735 5484 1816 5553 τῷ

323 5593 544 5652 “Deut.
575 5613 751 5654 χχιιι.
776 5598 864 5656 43.
941 5600 984 5630 ⁸⁸
1016 5598 1164 5654 Psal.
1193 5613 1307 5663 xxi,
1339 5595 1530 5653 28-29.
1610 5596 1656 5629 “
1691 5593 1825 5658 Ibid.
1853 5601 1940 5656 32.

273 5674 459 5734 uuv,
490 5665 644 5722 8-10.
718 5668 765 5700 '°
790 5665 934 5724 Psal.
958 5682 1079 5734 xcv,
1109 5666 1163 5725 5.

1913 4600 2023 4640 non
2056 4584 2238 4639 minus
2269 4583 2554 4654 perspicua
2583 4590 2731 4638 sunt.

1915 4695 2049 4770 VIII.
2076 4695 2120 4748 Α
2152 4696 2356 4770 psalmo
2387 4711 2521 4770 xcv.
2543 4726 2613 4736 —
2645 4695 2949 4770 Declaratio
2978 4692 3212 4770 omnium
3255 4690 3486 4770 gentium

1989 4760 2221 4836 pietatis,
2255 4777 2303 4820 et
2331 4767 2544 4828 cantici,
2584 4777 2633 4820 et
2681 4765 3056 4836 intelligentiw,
3103 4771 3150 4816 et
3191 4762 3334 4830 regni
3367 4760 3484 4824 Dei,

1989 4847 2038 4891 et
2062 4836 2202 4890 orbis
2229 4847 2383 4890 terra'
2413 4837 2687 4891 correctio.

1993 4947 2010 4978 ι
2048 4928 2278 4984 Cantate
2309 4927 2542 4984 Domino
2567 4929 2838 4984 canticum
2869 4941 3092 4990 novum,
3134 4931 3348 4979 cantate
3378 4921 3484 4976 Do-

1917 5019 2067 5075 mino
2098 5021 2278 5077 omnis
2303 5029 2471 5077 terra.
2505 5020 2735 5077 Caritate
2797 5020 3046 5082 Domino,
3081 5026 3135 5072 et
3181 5014 3483 5071 benedicite

1917 5113 2124 5166 nomini
2173 5114 2315 5182 ejus,
2363 5114 2685 5168 annuntiate
2742 5112 2809 5167 de
2844 5111 2930 5166 die
2983 5110 3037 5163 in
3072 5109 3212 5162 diem
3246 5108 3484 5162 salutare

1918 5204 2060 5274 ejus,
2096 5207 2420 5262 annuntiate
2447 5207 2501 5261 in
2541 5205 2794 5276 gentibus
2831 5203 3056 5273 gloriam
3092 5201 3233 5272 ejus,
3281 5201 3336 5254 in
3369 5215 3485 5254 om-

1919 5296 2081 5352 nibus
2111 5297 2328 5367 populis
2353 5297 2624 5351 mirabilia
2655 5295 2774 5366 ejus
2801 5312 2812 5347 :
2836 5295 3094 5366 quoniam
3126 5305 3356 5362 magnus
3379 5286 3486 5342 Do-

1921 5389 2145 5455 minus,
2183 5397 2239 5446 et
2291 5389 2579 5444 laudabilis
2637 5388 2832 5442 valde:
2868 5385 3130 5440 terribilis
3186 5389 3270 5437 est
3319 5393 3485 5449 super

1919 5497 2111 5537 omnes
2137 5480 2270 5538 deos
2297 5483 2343 5525 0°
2368 5500 2382 5544 ;
2423 5500 2441 5532 ι
2469 5487 2522 5535 et
2549 5479 2794 5546 adjungit
2823 5495 2836 5532 :
2876 5498 2894 5530 ι
2925 5477 3125 5532 All'erte
3157 5471 3386 5529 Domino
3406 5468 3485 5526 ia-

2049 5601 2275 5658 "Psal.
2335 5616 2479 5661 ηνι,
2542 5600 2664 5654 2-5.
2767 5595 3154 5652 "ibid.810.
3263 5590 3306 5621 “
3333 5586 3476 5644 I’sal.
