3978 6414
219 350 312 410 ίθθ

1106 351 1756 409 DEMONSTRATIONIS
1792 352 2253 412 EVANGELICE
2290 355 2418 411 LIB.
2456 358 2523 413 ll.

3338 361 3435 414 HO

215 470 329 534 κτός
361 487 483 541 μου,
521 468 880 542 προσεδέξατο
909 470 1071 524 αὑτὸν
1114 474 1147 542 ή
1198 471 1342 543 ψυχή
1384 483 1505 542 μου.
1559 471 1746 525 Ἔδωκε

1876 473 2095 529 admisit
2146 489 2270 530 eum
2307 474 2450 546 apud
2494 490 2553 530 se
2601 476 2779 530 anima
2820 474 3130 531 meazdedi
3184 476 3434 547 spiritum

214 560 498 632 τδι-Μῦμά
544 579 646 631 μου
690 563 777 613 ἐπ’
823 563 1006 626 αὐτὸν,
1056 565 1150 617 καὶ
1196 565 1378 635 κρίσιν
1422 567 1533 627 τοῖς
1566 564 1769 617 ἔθνεσιν

213 655 411 720 ἐξοίσει.
444 655 519 707 Οὐ
544 654 822 725 κεκράξει,
854 654 973 707 οὑδὲ
994 657 1203 726 ἀνήσει,
1235 656 1355 710 οὐδὲ
1372 655 1767 727 ἀκουσθήσεται

211 747 350 817 {Emi}
372 746 518 815 φωνὴ
551 746 737 799 αὐτοῦ·
780 746 1020 816 κάλαμον
1053 747 1505 817 συντεθλασμένον
1549 749 1610 800 οὐ
1634 765 1765 801 κατ-

208 839 355 901 εάξει,
412 839 508 890 καὶ
535 837 685 891 λίνον
718 838 1015 908 τυφόμενον
1046 838 1107 890 ού
1141 838 1341 902 σϐέσει,
1383 837 1494 890 ἀλλ’
1525 840 1604 901 εἰς
1634 838 1765 909 ἀλή-

206 930 336 983 θειαν
363 928 561 994 ἐξοίσει
617 930 817 1000 κρίσιν·
842 929 1169 1000 ἀναλάμψει,
1198 932 1291 982 καὶ
1339 930 1399 982 οὐ
1429 929 1763 1001 θραυσθήσε-

202 1040 300 1083 ται,
325 1023 427 1084 ἕως
458 1022 527 1093 θῇ
561 1023 654 1074 ἐπὶ
683 1023 784 1091 τῆς
811 1022 914 1091 γῆς
945 1022 1146 1092 κρίσιν·
1184 1022 1276 1075 καὶ
1308 1023 1400 1074 ἐπὶ
1428 1021 1504 1091 τῷ
1541 1022 1764 1093 ὀνόματι

201 1112 347 1167 αὖτοῦ
385 1112 512 1183 ἔθνη
556 1113 850 1166 ἐλπιοῦσιν.
895 1132 913 1164 ι
944 1114 1052 1166 Καὶ
1083 1114 1209 1183 ἑξῆς
1237 1113 1474 1181 ἐπιλέγει
1504 1128 1515 1138 ·
1555 1132 1573 1164 ι
1624 1112 1764 1181 Ἐγὼ

200 1205 383 1275 Κύριος
410 1207 440 1257 ὁ
466 1204 603 1267 Θεὸς
638 1205 875 1258 ἐκάλεσά
908 1222 965 1257 σε
1011 1206 1067 1257 ἐν
1118 1205 1450 1275 δικαιοσύνῃ,
1494 1205 1587 1257 καὶ
1629 1222 1763 1275 κρα-

196 1298 330 1367 τήσω
356 1296 453 1366 τῆς
482 1297 669 1367 χειρός
704 1314 820 1363 σου,
851 1299 944 1351 καὶ
973 1298 1238 1367 ἐνισχύσω
1276 1313 1354 1350 σε·
1380 1297 1471 1350 καὶ
1499 1293 1676 1349 ἔδωκά
1701 1314 1759 1349 σε

195 1392 264 1452 εἰς
286 1389 551 1459 διαθήκην
578 1390 788 1458 γένους,
821 1392 899 1452 εἰς
928 1391 1042 1459 φῶς
1087 1389 1274 1453 ἐθνῶν,
1315 1388 1519 1452 ἀνοῖξαι
1564 1386 1762 1457 ὀφθαλ-

193 1480 311 1549 μοὺς
337 1479 580 1547 τυφλῶν,
628 1481 914 1549 ἐξαγαγεῖν
961 1483 1024 1534 ἐκ
1064 1481 1276 1552 δεσμῶν
1323 1481 1632 1553 δεδεμένους
1664 1482 1759 1535 καὶ

187 1570 243 1635 ἐξ
261 1568 404 1622 οῖκου
442 1569 697 1641 φυλακῆς
730 1571 1072 1642 καθημένους
1114 1574 1172 1625 ἐν
1221 1573 1415 1634 σκότει,
1468 1571 1607 1641 Ἐγὼ
1643 1573 1756 1626 Κύ-

189 1676 293 1731 ριος
315 1663 343 1713 ὁ
369 1660 525 1726 Θεὸς,
556 1662 716 1716 τοῦτό
753 1681 853 1734 μου
892 1665 1040 1717 ἐστὶν
1085 1664 1277 1735 ὄνομα,
1308 1664 1406 1736 τὴν
1448 1664 1602 1729 δόξαν
1655 1684 1753 1738 μου

187 1750 344 1823 ἑτέρῳ
369 1753 431 1804 οὐ
454 1752 637 1817 δώσω,
663 1755 783 1808 οὐδὲ
813 1755 912 1818 τὰς
941 1756 1140 1827 ἀρετάς
1177 1773 1277 1826 μου
1321 1758 1434 1819 τοῖς
1480 1756 1752 1825 γλυπτοῖς·

1871 582 2049 622 meum
2091 583 2256 639 super
2302 583 2450 632 eum,
2485 575 2538 622 ct
2556 567 2820 637 judicium
2862 570 3117 640 gentibus
3150 562 3432 643 proferet:

1870 672 1978 711 non
2017 659 2295 722 clamabit,
2323 675 2500 729 neque
2517 660 2775 723 remittet,
2799 677 2975 732 neque
3009 662 3263 717 audietur
3299 661 3435 717 foris

1868 764 1971 803 vox
1998 750 2118 818 ejus
2151 768 2165 804 :
2216 751 2485 805 calamum
2534 752 3009 808 collabefactatum
3050 771 3159 809 non
3192 754 3432 825 franget,

1868 847 1921 894 et
1948 840 2150 910 lignum
2180 840 2452 911 fumigans
2487 858 2596 897 non
2621 844 2951 913 exstinguet.
2987 847 3079 901 sed
3118 848 3170 900 in
3200 848 3467 901 veritates

1867 930 2108 1000 proferet
2135 931 2402 1001 judicium
2439 952 2452 987 ι
2486 935 2874 1003 resplendebit,
2902 944 2955 990 et
2987 952 3091 990 non
3127 937 3426 1010 frangetur,

1865 1020 2037 1077 donec
2065 1029 2232 1093 ponat
2266 1023 2320 1077 in
2363 1033 2508 1078 terra
2540 1024 2809 1093 judicium
2838 1045 2850 1080 :
2880 1036 2935 1080 et
2969 1029 3022 1081 in
3067 1029 3289 1083 nomine
3311 1033 3432 1101 ejus

1863 1123 2053 1184 gentes
2096 1116 2452 1185 sperabunt"
2475 1134 2491 1182 ;
2517 1135 2535 1167 ι
2571 1131 2635 1170 ac
2664 1116 2918 1187 deinceps
2948 1117 3192 1189 adjungit
3222 1140 3235 1174 :
3269 1141 3287 1172 ι
3316 1121 3431 1192 Ego

1865 1203 2128 1260 Dominus
2163 1207 2305 1261 Deus
2350 1207 2541 1261 vocavi
2580 1215 2633 1260 te
2663 1208 2718 1262 in
2757 1209 2992 1279 justitia,
3028 1218 3083 1265 et
3116 1213 3429 1282 apprehen-

1863 1292 1987 1346 dam
2024 1308 2244 1346 manum
2285 1304 2452 1357 tuam,
2486 1302 2539 1348 et
2569 1294 2906 1349 conﬁrmabo
2937 1304 3014 1367 te,
3037 1305 3093 1352 et
3113 1298 3236 1352 dedi
3287 1307 3339 1355 te
3372 1301 3427 1355 in

1864 1394 2250 1441 testamentum
2284 1385 2388 1457 52
2419 1388 2667 1458 generis,
2715 1388 2770 1441 in
2813 1388 2989 1443 lucem
3036 1391 3315 1454 gentium.
3370 1401 3431 1447 ut

1862 1477 2105 1546 aperires
2138 1478 2329 1532 oculos
2375 1494 2664 1543 caecorum,
2703 1488 2755 1533 et
2793 1478 2861 1534 de
2902 1479 3133 1535 vinculis
3163 1480 3428 1538 educeres

1859 1569 2090 1634 vinctos,
2122 1578 2177 1623 et
2203 1570 2269 1623 de
2292 1569 2454 1624 domo
2481 1570 2740 1633 carceris,
2778 1572 3026 1627 sedentes
3062 1574 3114 1628 in
3148 1575 3424 1635 tenebris.

1860 1659 1972 1732 Ego
2007 1661 2266 1716 Dominus
2289 1660 2453 1725 Deus,
2482 1665 2585 1717 hoc
2615 1680 2795 1718 meum
2827 1675 2910 1720 est
2936 1681 3150 1734 nomen,
3191 1668 3423 1739 gloriam

1859 1767 2032 1805 meam
2060 1752 2213 1806 alteri
2246 1768 2355 1806 non
2382 1751 2542 1817 dabo,
2563 1769 2739 1824 neque
2760 1756 2987 1811 virtutes
3014 1773 3163 1812 meas
3194 1760 3420 1829 sculpti-

185 1841 247 1893 τά
285 1842 375 1894 ἀπ’
416 1844 621 1914 ἀρχῆς,
663 1844 771 1898 ἰδοὺ
812 1845 999 1915 ἧκασι·
1044 1846 1205 1900 καινὰ
1248 1847 1284 1901 ἃ
1327 1845 1420 1901 νῦν
1450 1846 1746 1915 ἀναγγελῶ,

1856 1845 2020 1911 libus,
2046 1862 2165 1916 quae
2191 1848 2258 1901 ab
2288 1847 2442 1902 initio
2464 1860 2638 1917 erant,
2672 1866 2801 1907 ecce
2822 1860 3119 1907 venerunt:
3144 1867 3282 1907 nova
3305 1869 3427 1925 quae

188 1934 270 1986 καὶ
303 1934 406 2006 πρὸ
431 1935 530 1989 τοῦ
561 1937 877 2005 ἀναγγεῖλαι
906 1938 1141 2010 ἐδηλώθη
1171 1941 1316 2009 ὑμῖν.
1365 1959 1383 1991 ι

188 2129 301 2180 KA'.
347 2129 490 2184 Ἀπὸ
522 2133 632 2204 τοῦ
675 2133 882 2186 αὑτοῦ.
923 2166 993 2174 --
1034 2134 1303 2202 Δήλωσις
1344 2137 1602 2204 Χριστοῦ
1645 2138 1744 2192 καὶ

478 2202 770 2271 γενέσεως
796 2204 893 2256 καὶ
923 2205 1194 2271 κλήσεως
1226 2202 1433 2261 ἐθνῶν.

250 2334 267 2365 ι
297 2315 598 2369 Ἀκούσατέ
621 2335 742 2387 μου,
777 2319 950 2388 νῆσοι,
1001 2322 1093 2373 καὶ
1129 2321 1443 2391 προσέχετε,
1469 2322 1616 2394 ἔθνη·
1648 2326 1747 2379 Διὰ

183 2408 355 2477 χρόνου
396 2408 602 2461 πολλοῦ
650 2412 926 2482 στήσεται,
972 2413 1119 2481 λέγει
1159 2414 1380 2486 Κύριος·
1431 2417 1495 2470 ἐκ
1542 2419 1747 2483 κοιλίας

186 2498 371 2569 μητρός
423 2518 529 2570 μου
577 2502 801 2556 ἐκάλεσε
861 2506 921 2557 τὸ
968 2506 1139 2576 ὄνομά
1190 2523 1291 2577 μου
1340 2508 1416 2571 ὡς
1473 2510 1745 2582 μάχαιραν

182 2588 359 2655 ὀξεῖαν,
393 2595 489 2645 καὶ
522 2594 631 2647 ὑπὸ
660 2594 757 2666 τὴν
788 2597 993 2668 σκέπην
1016 2597 1115 2668 τῆς
1143 2597 1324 2670 χειρὸς
1349 2600 1512 2654 αὑτοῦ
1543 2602 1745 2675 ἔκρυψέ

188 2699 264 2753 με·
294 2684 456 2755 ἔθηκέ
489 2704 563 2757 με
592 2687 666 2749 ὼς
695 2687 844 2756 βέλος
880 2688 1150 2751 ἐκλεκτὸν,
1184 2692 1274 2742 καὶ
1306 2691 1364 2743 ἐν
1401 2694 1467 2762 τῇ
1501 2695 1745 2766 φαρέτρα

189 2777 337 2830 αὐτοῦ
365 2779 645 2832 ἐσκέπασέ
666 2797 752 2850 με.
783 2780 1144 2848 Καὶὲπιλέγει
1172 2781 1316 2852 ἑξῆς·
1346 2803 1363 2832 ι
1385 2782 1511 2837 Ἰδοὺ
1541 2785 1746 2840 δέδωκά

182 2885 235 2922 σε
264 2871 337 2934 εἰς
362 2871 633 2941 διαθήκην
663 2872 870 2939 γένους,
905 2874 983 2935 εἰς
1016 2873 1131 2941 φῶς
1170 2873 1338 2927 ἐθνῶν
1378 2871 1515 2929 εἷναί
1563 2894 1620 2930 σε
1664 2881 1744 2943 εἰς

184 2963 436 3032 σωτηρίαν
466 2962 578 3025 ἕως
600 2963 827 3032 ἐσχάτου
856 2964 954 3033 τῆς
982 2964 1106 3034 γῆς.
1148 2984 1165 3017 ι
1238 2960 1245 2965 ⁸

182 3161 293 3215 ΚΒ.
342 3160 496 3217 Ἀπὸ
516 3163 621 3217 τοῦ
645 3161 851 3216 αὐτοῦ.
882 3194 951 3202 -
986 3164 1242 3231 Χριστοῦ
1272 3165 1606 3232 παρουσίας
1637 3165 1743 3235 δή-

519 3258 726 3320 λωσις,
755 3254 855 3307 καὶ
882 3254 1154 3322 κλήσεως
1177 3254 1387 3308 ἐθνῶν.

244 3385 261 3416 ι
293 3366 446 3419 Οὕτω
479 3366 629 3434 λέγει
658 3366 882 3437 Κύριος,
907 3368 935 3418 ὁ
967 3367 1271 3438 ῥυσάμενός
1296 3385 1355 3421 σε
1395 3368 1424 3420 ὁ
1465 3368 1596 3433 Θεὸς
1641 3370 1742 3422 Ἰσ-

182 3457 318 3527 ραήλ·
370 3458 665 3527 Ἀγιάσατε
712 3458 802 3510 τὸν
852 3459 1175 3528 φαυλίζοντα
1205 3460 1304 3530 τὴν
1334 3459 1511 3531 ψυχὴν
1552 3459 1739 3523 αὐτοῦ,

178 3548 257 3600 τὸν
288 3549 708 3620 βδελυσσόμενον
744 3550 849 3603 ὑπὸ
891 3551 999 3602 τῶν
1042 3549 1240 3603 δούλων
1291 3550 1398 3603 τῶν
1442 3551 1735 3621 ἀρχόντων·

179 3639 396 3709 βασιλεῖς
437 3642 666 3710 ὄψονται
693 3642 876 3705 αὐτὸν,
908 3643 1001 3694 καὶ
1028 3642 1419 3714 ἀναστήσονται
1452 3644 1736 3714 ἄρχοντες,

177 3734 259 3786 καὶ
278 3735 742 3806 προσκυνήσουσιν
769 3733 936 3803 αὐτῷ,
966 3754 983 3784 ›
1006 3735 1098 3786 καὶ
1120 3734 1346 3804 τᾶἐξῆς·
1368 3730 1449 3797 οἷς
1472 3735 1733 3804 ἐπιλέγει·

181 3840 198 3872 ι
230 3823 412 3894 Καιρῷ
427 3823 606 3893 δεκτῷ
626 3825 905 3893 ἐπήκουσά
933 3840 1047 3887 σου,
1066 3825 1160 3877 καὶ
1176 3825 1233 3876 ὲν
1256 3826 1437 3896 ἡμέρα
1467 3827 1740 3898 σωτηρίας

178 3914 435 3985 ἐϐοήθησά
460 3932 561 3967 σοι·
593 3915 686 3967 καὶ
719 3914 895 3968 ἔδωκά
924 3932 980 3967 σε
1026 3916 1105 3977 εὶς
1135 3914 1399 3987 διαθήκην
1427 3915 1615 3979 ἐθνῶν,
1644 3916 1739 3970 τοῦ

176 4007 502 4076 καταστῆσαι
532 4008 630 4076 τὴν
656 4007 780 4077 γῆν,
811 4008 907 4061 καὶ
934 4006 1337 4079 κληρονομῆσαι
1380 4008 1740 4079 κληρονομίας

178 4100 425 4168 ἐρήμους,
484 4099 707 4167 λέγοντα
742 4102 857 4161 τοῖς
902 4102 958 4152 ἐν
1013 4099 1248 4170 δεσμοῖς,
1309 4100 1602 4166 Ἐξέλθετε·
1644 4101 1739 4154 καὶ

176 4191 274 4249 τοῖς
290 4191 345 4242 ἐν
373 4190 455 4260 τῷ
488 4189 664 4242 σκότει
696 4188 1160 4260 ἀνακαλυφθῆναι·
1186 4190 1276 4242 καὶ
1306 4190 1362 4242 ἐν
1391 4191 1592 4253 πάσαις
1620 4194 1740 4254 ταῖς

175 4280 299 4345 ὁδοῖς
329 4282 781 4354 βοσκηθήσονται,
835 4285 930 4335 καὶ
974 4285 1030 4335 ἐν
1080 4284 1282 4346 πάσαις
1328 4286 1445 4345 ταῖς
1472 4282 1677 4353 τρίϐοις
1703 4285 1737 4354 ή

176 4375 301 4446 νομὴ
337 4374 540 4429 αὐτῶν.
574 4376 647 4429 Οὐ
692 4374 1036 4428 πεινάσουσιν
1056 4415 1070 4438 ,
1106 4375 1225 4428 οὐδὲ
1250 4374 1586 4444 διψήσουσιν,
1616 4375 1737 4427 οὐδὲ

178 4465 387 4531 πατάξει
416 4468 613 4530 αὐτοὺς
638 4466 877 4531 καύσων,
900 4466 1020 4519 οὐδέ
1041 4466 1211 4537 ἥλιος,
1234 4466 1348 4520 ἀλλ’
1377 4468 1406 4518 ὁ
1434 4464 1600 4518 ἐλεῶν
1632 4483 1737 4519 πα-

1851 1954 1996 1993 nunc
2016 1941 2299 2005 annuntio,
2323 1948 2610 2012 antequam
2635 1944 3019 2008 nuntiaverim,
3044 1943 3279 1998 indicata
3297 1953 3427 2001 sunt

1848 2030 2005 2086 vobis
2022 2031 2087 2084 ⁷³.
2124 2052 2142 2083 ι

1851 2145 1990 2201 XX].
2039 2148 2115 2202 Ab
2166 2147 2474 2202 eodem.—
2513 2146 2819 2201 Declaratio
2868 2148 3066 2204 Christi
3109 2160 3220 2202 tum
3272 2155 3422 2204 ortus

2273 2228 2383 2271 tum
2419 2219 2704 2272 vocationis
2744 2219 2996 2289 gentium.

1927 2351 1946 2383 ι
1975 2332 2174 2387 Audite
2223 2346 2330 2394 me,
2373 2331 2588 2393 insulae,
2639 2338 2694 2385 et
2732 2331 3013 2394 attendite,
3061 2340 3292 2402 gentes:
3325 2346 3424 2403 per

1852 2433 2063 2493 tempus
2092 2424 2319 2478 multum
2348 2424 2634 2487 consistet,
2666 2421 2797 2477 dicit
2831 2422 3093 2477 Dominus
3121 2443 3134 2477 :
3166 2425 3233 2479 ab
3264 2434 3421 2479 utero

1850 2518 2045 2571 matris
2091 2531 2226 2570 mea:
2274 2515 2487 2569 vocavit
2529 2530 2729 2569 nomen
2782 2530 2982 2577 meum,
3026 2524 3077 2569 et
3122 2516 3305 2585 posuit
3356 2529 3420 2571 οδ

1850 2625 2030 2664 meum
2077 2609 2236 2679 quasi
2272 2607 2512 2679 gladium
2563 2613 2808 2669 acutum,
2854 2613 2906 2661 et
2955 2607 3058 2661 sub
3106 2615 3421 2678 tegumenta

1850 2716 2047 2755 manus
2070 2714 2183 2753 sua:
2217 2697 2511 2753 occultavit
2553 2711 2639 2749 me
2669 2716 2681 2750 :
2714 2697 2895 2765 posuit
2939 2713 3024 2752 me
3065 2698 3221 2768 quasi
3251 2698 3422 2769 sagit-

1849 2798 1957 2844 tam
1999 2792 2250 2853 eleCtam,
2300 2798 2353 2843 et
2390 2789 2443 2842 in
2478 2789 2735 2859 pharetra
2782 2803 2880 2843 sua
2912 2789 3150 2858 protexit
3186 2803 3272 2842 me
3291 2788 3359 2842 ".
3390 2805 3413 2841 ο

1848 2879 1913 2933 Et
1947 2879 2191 2949 adjungit
2225 2878 2517 2947 deinceps:
2547 2896 2566 2927 ι
2598 2876 2737 2930 Ecce
2779 2875 2900 2929 dedi
2934 2881 2987 2929 te
3026 2874 3081 2928 in
3121 2881 3419 2930 testamen-

1846 2982 1959 3026 tum
1994 2971 2230 3042 generis,
2277 2969 2331 3023 in
2362 2969 2535 3023 lucem
2564 2967 2827 3038 gentium,
2856 2972 2916 3018 ut
2962 2965 3040 3021 sis
3070 2965 3126 3019 in
3161 2966 3411 3029 salutem,

1848 3078 2021 3132 usque
2050 3061 2115 3115 ad
2143 3071 2443 3116 extremum
2469 3060 2711 3113 terrae".
2748 3058 2779 3109 ι’

1770 3202 1811 3258 C
1845 3176 2011 3231 XXII.
2068 3176 2145 3229 Ab
2196 3171 2737 3258 eodenc._7-.Cltris‘ti
2794 3171 3043 3226 adventus
3098 3169 3416 3241 signiﬁcatio

2209 3256 2257 3299 ct
2282 3244 2567 3298 vocationis
2588 3245 2842 3312 gentium.

1922 3380 1940 3411 ι
1975 3358 2065 3413 Sic
2095 3358 2221 3414 dicit
2246 3356 2531 3423 Dominus,
2560 3357 2652 3426 qui
2680 3356 2928 3410 liberavit
2961 3362 3014 3409 te
3037 3352 3185 3408 Deus
3209 3352 3414 3423 Israel;

1845 3453 2180 3509 sanctilicate
2218 3465 2341 3505 eum
2389 3449 2481 3519 qui
2536 3448 2760 3519 negligit
2801 3448 3038 3501 animam
3083 3447 3263 3511 su'am,
3318 3444 3413 3515 qui

1844 3544 2226 3601 abominabilis
2254 3555 2340 3599 est
2364 3543 2640 3612 gentibus,
2672 3542 2849 3596 servis
2876 3540 3187 3611 principum
3215 3558 3229 3594 :
3256 3553 3418 3610 reges

1843 3637 2106 3692 videbunt
2131 3652 2281 3699 eum,
2332 3642 2386 3689 et
2422 3641 2649 3703 surgent
2689 3633 2986 3703 principes,
3019 3640 3074 3685 et
3104 3631 3416 3685 adorabunt

1842 3742 1964 3783 eum
1988 3726 2035 3757 ⁷⁸
2080 3746 2098 3778 ι
2166 3734 2219 3780 et
2276 3738 2398 3794 qua:
2446 3733 2785 3792 sequuntur;
2856 3722 3057 3791 quibus
3120 3721 3409 3794 adjungit:

1848 3837 1866 3869 ι
1899 3817 2164 3888 Tempore
2204 3823 2430 3886 accepto
2477 3814 2658 3869 audivi
2693 3822 2765 3879 te,
2797 3821 2850 3868 et
2888 3815 2943 3867 in
2966 3814 3053 3868 die
3092 3814 3285 3869 salutis
3310 3813 3413 3867 ari-

1838 3912 1955 3980 juvi
1987 3919 2083 3966 te:
2116 3920 2170 3965 et
2217 3909 2342 3965 dedi
2387 3916 2442 3963 te
2494 3907 2550 3961 in
2596 3914 2980 3961 testamentmn
3036 3906 3300 3974 gentium,
3352 3910 3415 3957 ut

1842 4006 2204 4059 constitueres
2221 4011 2447 4065 terram,
2467 4011 2517 4057 et
2531 4000 2948 4069 consequereris
2964 3996 3310 4052 barreditates
3326 3995 3414 4051 de-

1843 4107 2041 4159 sertas,
2084 4103 2138 4150 et
2180 4096 2394 4150 diceres
2420 4094 2489 4148 iis
2525 4093 2619 4163 qui
2671 4092 2724 4145 in
2760 4090 2995 4145 vinculis
3025 4095 3177 4152 sunt,
3219 4089 3403 4143 exite;

1841 4200 1895 4244 et
1922 4189 1989 4243 iis
2020 4189 2112 4257 qui
2144 4187 2202 4241 in
2233 4186 2495 4247 tenebris,
2529 4194 2589 4238 ut
2622 4185 2678 4237 in
2717 4183 2892 4236 lucem
2935 4178 3200 4249 prodeant
3229 4196 3242 4232 :
3270 4188 3324 4232 et
3354 4179 3411 4234 in

1841 4279 2095 4333 omnibus
2119 4277 2223 4332 viis
2254 4283 2571 4347 pascentur,
2610 4281 2664 4328 et
2694 4273 2750 4360 in
2784 4272 3042 4325 omnibus
3066 4269 3276 4324 semitis
3308 4282 3407 4337 pa-

1841 4373 1947 4428 stio
1997 4386 2219 4438 eorum;
2278 4386 2387 4425 non
2440 4370 2680 4425 esurient
2737 4383 2915 4437 neque
2974 4366 3183 4428 sitient,
3231 4378 3411 4447 neque

1838 4463 2107 4533 percutiet
2134 4477 2229 4517 eos
2258 4469 2446 4524 aestus,
2489 4473 2664 4528 neque
2696 4458 2799 4521 sol,
2841 4455 2935 4513 sed
2968 4457 3060 4527 qui
3093 4455 3407 4518 miseretur,

182 4557 474 4626 ρακαλέσει,
504 4560 597 4612 καὶ
626 4558 716 4612 διὰ
759 4559 948 4629 πηγῶν
995 4558 1202 4612 ὑδάτων
1240 4558 1356 4622 ἄξει
1391 4558 1605 4622 αὐτούς·
1640 4560 1734 4611 κα)⁸

1853 4555 2215 4611 :onsolabitur
2241 4573 2254 4608 :
2282 4561 2337 4608 et
2357 4568 2455 4623 per
2485 4550 2664 4605 fontes
2701 4563 2967 4620 aquarum
3005 4547 3166 4602 ducet
3205 4559 3323 4608 eos,
3352 4553 3407 4599 et

180 4646 314 4720 θήσω
354 4652 466 4703 πᾶν
510 4652 633 4722 ὅρος
679 4652 758 4714 εἰς
813 4650 928 4704 ὁδὸν
976 4652 1071 4703 καὶ
1101 4654 1281 4703 πᾶσαν
1309 4650 1498 4721 τρίϐον
1536 4653 1614 4714 είς
1646 4650 1735 4720 βό-

182 4760 352 4815 σκημα
390 4745 588 4807 αὐτοῖς.
650 4745 778 4798 Ἰδοὺ
815 4738 958 4797 οὗτοι
1002 4744 1283 4816 πόρρωθεν
1326 4745 1567 4815 ἥξουσιν,
1594 4739 1737 4799 οὗτοι

182 4832 277 4886 ἀπὸ
317 4835 491 4907 βορρᾶ
528 4836 619 4888 καὶ
662 4834 951 4906 θαλάσσης,
991 4836 1140 4889 ἄλλοι
1183 4835 1239 4890 δὲ
1273 4836 1337 4889 ἐκ
1361 4836 1466 4905 γῆς
1487 4834 1732 4906 Περσῶν.

181 4924 536 4999 Εὐφράνθητε,
575 4929 811 5000 οὐρανοὶ,
837 4930 929 4982 καὶ
960 4927 1304 4997 ἀγαλλιάσθω
1332 4930 1365 4999 ή
1403 4928 1493 5015 γῆ.
1544 4928 1737 4998 Ῥηξά-

179 5033 342 5071 τωσαν
374 5019 443 5072 τὰ
471 5020 571 5092 ὄρη
601 5019 956 5091 εὐφροσύνην,
990 5021 1071 5072 ὅτι
1105 5020 1334 5091 ἠλέησεν
1383 5018 1585 5090 Κύριος
1644 5018 1734 5071 τὸν

182 5107 292 5162 λαὸν
317 5109 501 5174 αὐτοῦ,
532 5113 626 5165 καὶ
669 5110 794 5174 τοὺς
819 5111 1108 5175 ταπεινοὺς
1128 5110 1222 5163 τοῦ
1245 5109 1375 5165 λαοῦ
1407 5109 1569 5163 αὑτοῦ
1598 5127 1736 5182 παρ-

181 5199 443 5256 εκάλεσεν.
481 5220 501 5252 ι

182 5311 296 5367 KI".
334 5315 444 5370 Τοῦ
474 5316 681 5370 αὐτοῦ.
713 5347 783 5357 -
807 5317 1080 5386 Δήλωσις
1100 5317 1356 5385 Χριστοῦ
1383 5316 1479 5368 καὶ
1510 5314 1731 5382 κλῆσις

839 5387 1048 5442 ἐθνῶν.

248 5518 265 5550 ι
302 5502 598 5574 Προσέχετε
629 5505 737 5567 τοῖς
763 5502 895 5557 ὠσὶν
925 5503 1099 5573 ὑμῶν,
1133 5504 1227 5556 καὶ
1258 5498 1728 5570 ἐπακολουθήσατε

181 5592 288 5658 ταῖς
329 5594 464 5657 ὁδοῖς
524 5611 643 5664 μου·
703 5593 1042 5647 ἐπακούσατέ
1092 5610 1215 5663 μου,
1265 5592 1359 5644 καὶ
1405 5591 1627 5661 ζήσεται
1674 5592 1732 5644 ἐν

1841 4662 2038 4719 ponam
2080 4660 2295 4701 omnem
2342 4652 2578 4697 montem
2607 4641 2661 4697 in
2694 4641 2857 4706 viam,
2888 4646 2943 4694 et
2970 4651 3186 4693 omnem
3238 4636 3407 4691 semi-

1840 4748 1947 4793 tam
1980 4740 2035 4792 in
2070 4738 2327 4808 pabulum
2355 4737 2435 4791 eis
2462 4754 2475 4789 :
2501 4733 2642 4789 Ecce
2674 4734 2728 4787 hi
2756 4731 2827 4793 de
2844 4729 3160 4801 longinquis
3189 4727 3408 4782 venient

1841 4831 1918 4884 illi
1946 4830 2014 4884 ab
2054 4830 2309 4899 aquilone
2339 4834 2394 4881 et
2438 4826 2598 4888 mari,
2626 4825 2718 4879 alii
2756 4839 2887 4880 vero
2928 4837 2994 4877 ex
3036 4827 3184 4875 terra
3211 4818 3409 4873 Persa-

1839 4935 1985 4975 rum.
2043 4917 2353 4980 Ltetamini,
2398 4916 2544 4978 caeli,
2593 4923 2647 4970 et
2691 4913 2926 4969 exsultet
2991 4918 3158 4965 terra.
3211 4906 3411 4962 Erum-

1838 5020 1969 5084 pant
2026 5018 2241 5066 montes
2288 5011 2344 5064 in
2394 5010 2659 5067 lmtitiam.
2705 5005 2964 5076 quoniam
3012 5003 3274 5058 misertus
3325 5011 3411 5055 est

1838 5103 2101 5159 Dominus
2128 5102 2312 5175 populi
2342 5102 2449 5167 sui,
2491 5108 2545 5156 et
2576 5098 2809 5154 humiles
2854 5096 3039 5167 populi
3078 5095 3164 5150 sui
3205 5108 3411 5149 conso-

1838 5198 1983 5251 latus
2013 5204 2098 5252 est
2117 5197 2185 5250 ’⁷.
2219 5215 2237 5248 ι

1839 5311 1943 5382 53
1970 5296 2155 5364 XXIII.
2190 5308 2268 5362 Ab
2292 5309 2490 5382 eodem.
2509 5305 2898 5382 -οεςιαταιίο
2927 5304 3150 5367 Christi,
3180 5311 3231 5358 et
3263 5319 3412 5357 voca-

1937 5386 1941 5390 ’
2448 5378 2517 5431 tio
2547 5377 2796 5447 gentium.

1914 5516 1932 5549 ι
1971 5494 2245 5550 Attendite
2298 5492 2521 5548 auribus
2572 5491 2790 5553 vestris,
2854 5499 2909 5545 et
2960 5488 3240 5545 sectamini
3292 5488 3413 5540 vias

1838 5598 2009 5655 meas,
2042 5596 2096 5642 et
2128 5585 2311 5643 audiet
2337 5593 2520 5649 me,.et
2556 5586 2699 5638 vivet
2724 5585 2778 5637 in
2803 5583 2963 5639 bonis
2990 5582 3173 5637 anima
3204 5569 3411 5648 vestra,

240 5771 283 5804 τ’
318 5769 420 5828 lsa.
458 5787 590 5838 xui,
620 5771 736 5829 1-4.
816 5771 862 5805 ⁷⁸
885 5769 1022 5828 ibid.
1052 5769 1256 5835 6-9.,"
1280 5766 1387 5825 lsa.
1415 5783 1563 5835 χιιι,
1600 5768 1719 5823 1-2.

1876 5767 2008 5825 ibid.
2038 5765 2095 5823 6.
2171 5766 2216 5801 υ
2252 5766 2383 5827 ibi],
2419 5766 2470 5821 τ.
2529 5767 2603 5835 ,ττ
2632 5763 2765 5823 ibid.
2794 5763 2942 5820 8-15.
