  <div class='ocr_page' id='page_1' title='image "/cluster/home/n/w/nwhite01/storage/ocr_20150623/22/hvd.32044073501140/063.png"; bbox 0 0 3978 6414; ppageno 0'>
   <div class='ocr_carea' id='block_1_1' title="bbox 589 352 683 409">
    <p class='ocr_par' dir='ltr' id='par_1_1' title="bbox 589 352 683 409">
     <span class='ocr_line' id='line_1_1' title="bbox 589 352 683 409; baseline -0.021 0"><span class='ocrx_word' id='word_1_1' title='bbox 589 352 683 409; x_wconf 73' lang='lat' dir='ltr'><strong>Ml</strong></span> 
     </span>
    </p>
   </div>
   <div class='ocr_carea' id='block_1_2' title="bbox 1251 348 3815 409">
    <p class='ocr_par' dir='ltr' id='par_1_2' title="bbox 1251 348 3815 409">
     <span class='ocr_line' id='line_1_2' title="bbox 1251 348 3815 409; baseline 0.001 -4"><span class='ocrx_word' id='word_1_2' title='bbox 1251 351 1515 407; x_wconf 81' lang='lat' dir='ltr'><strong>EUSEBII</strong></span> <span class='ocrx_word' id='word_1_3' title='bbox 1557 351 2032 407; x_wconf 73' lang='lat' dir='ltr'><strong>C.~ES\R|ENSIS</strong></span> <span class='ocrx_word' id='word_1_4' title='bbox 2067 352 2215 408; x_wconf 77' lang='lat' dir='ltr'><strong>OPP.</strong></span> <span class='ocrx_word' id='word_1_5' title='bbox 2259 348 2440 404; x_wconf 77' lang='lat' dir='ltr'><strong>PARS</strong></span> <span class='ocrx_word' id='word_1_6' title='bbox 2474 348 2539 406; x_wconf 77' lang='grc' dir='ltr'>Π.</span> <span class='ocrx_word' id='word_1_7' title='bbox 2573 380 2637 390; x_wconf 88' lang='grc'><strong>-</strong></span> <span class='ocrx_word' id='word_1_8' title='bbox 2677 350 3174 406; x_wconf 69' lang='lat' dir='ltr'><strong>APOLOGETICA.</strong></span> <span class='ocrx_word' id='word_1_9' title='bbox 3726 354 3815 409; x_wconf 70' lang='grc' dir='ltr'>ΗΞ</span> 
     </span>
    </p>
   </div>
   <div class='ocr_carea' id='block_1_3' title="bbox 584 456 2137 547">
    <p class='ocr_par' dir='ltr' id='par_1_3' title="bbox 584 456 2137 543">
     <span class='ocr_line' id='line_1_3' title="bbox 584 456 2137 543; baseline 0.001 -17"><span class='ocrx_word' id='word_1_10' title='bbox 584 483 638 526; x_wconf 85' lang='lat' dir='ltr'><strong>et</strong></span> <span class='ocrx_word' id='word_1_11' title='bbox 671 472 896 525; x_wconf 77' lang='lat' dir='ltr'><strong>condam</strong></span> <span class='ocrx_word' id='word_1_12' title='bbox 932 456 1094 525; x_wconf 15' lang='lat' dir='ltr'><strong>‘vohis</strong></span> <span class='ocrx_word' id='word_1_13' title='bbox 1127 468 1533 525; x_wconf 80' lang='lat' dir='ltr'><strong>Testamentum</strong></span> <span class='ocrx_word' id='word_1_14' title='bbox 1570 474 1982 543; x_wconf 87' lang='lat' dir='ltr'><strong>sempiternum,</strong></span> <span class='ocrx_word' id='word_1_15' title='bbox 2023 490 2137 529; x_wconf 87' lang='lat' dir='ltr'><strong>san-</strong></span> 
     </span>
    </p>
   </div>
   <div class='ocr_carea' id='block_1_4' title="bbox 2239 456 3813 547">
    <p class='ocr_par' dir='ltr' id='par_1_4' title="bbox 2252 471 3813 547">
     <span class='ocr_line' id='line_1_4' title="bbox 2252 471 3813 547; baseline 0.003 -22"><span class='ocrx_word' id='word_1_16' title='bbox 2252 473 2474 542; x_wconf 84' lang='grc' dir='ltr'>ἀγαθοίς</span> <span class='ocrx_word' id='word_1_17' title='bbox 2505 474 2536 544; x_wconf 76' lang='grc' dir='ltr'><strong>ἡ</strong></span> <span class='ocrx_word' id='word_1_18' title='bbox 2568 471 2714 543; x_wconf 73' lang='grc' dir='ltr'>ψυχὴ</span> <span class='ocrx_word' id='word_1_19' title='bbox 2735 472 2909 543; x_wconf 84' lang='grc' dir='ltr'>ὑμῶν,</span> <span class='ocrx_word' id='word_1_20' title='bbox 2942 474 3035 527; x_wconf 76' lang='grc' dir='ltr'>καὶ</span> <span class='ocrx_word' id='word_1_21' title='bbox 3057 472 3391 544; x_wconf 78' lang='grc' dir='ltr'>διαθήσομαι</span> <span class='ocrx_word' id='word_1_22' title='bbox 3415 471 3545 542; x_wconf 79' lang='grc' dir='ltr'>ὑμῖν</span> <span class='ocrx_word' id='word_1_23' title='bbox 3565 471 3813 547; x_wconf 75' lang='grc' dir='ltr'><strong>διαθήκην</strong></span> 
     </span>
    </p>
   </div>
   <div class='ocr_carea' id='block_1_5' title="bbox 586 565 2149 638">
    <p class='ocr_par' dir='ltr' id='par_1_5' title="bbox 586 565 2149 638">
     <span class='ocr_line' id='line_1_5' title="bbox 586 565 2149 638; baseline 0.001 -19"><span class='ocrx_word' id='word_1_24' title='bbox 586 573 672 619; x_wconf 91' lang='lat' dir='ltr'><strong>cta</strong></span> <span class='ocrx_word' id='word_1_25' title='bbox 699 565 865 620; x_wconf 75' lang='lat' dir='ltr'><strong>David</strong></span> <span class='ocrx_word' id='word_1_26' title='bbox 899 565 1093 620; x_wconf 85' lang='lat' dir='ltr'><strong>ﬁdelia.</strong></span> <span class='ocrx_word' id='word_1_27' title='bbox 1133 566 1271 621; x_wconf 82' lang='lat' dir='ltr'><strong>Ecce</strong></span> <span class='ocrx_word' id='word_1_28' title='bbox 1301 567 1669 621; x_wconf 85' lang='lat' dir='ltr'><strong>testimonium</strong></span> <span class='ocrx_word' id='word_1_29' title='bbox 1728 567 1981 638; x_wconf 75' lang='lat' dir='ltr'><strong>gentibus</strong></span> <span class='ocrx_word' id='word_1_30' title='bbox 2025 566 2149 623; x_wconf 87' lang='lat' dir='ltr'><strong>dedi</strong></span> 
     </span>
    </p>
   </div>
   <div class='ocr_carea' id='block_1_6' title="bbox 584 656 2150 728">
    <p class='ocr_par' dir='ltr' id='par_1_6' title="bbox 584 656 2150 728">
     <span class='ocr_line' id='line_1_6' title="bbox 584 656 2150 728; baseline 0.001 -18"><span class='ocrx_word' id='word_1_31' title='bbox 584 672 729 723; x_wconf 87' lang='lat' dir='ltr'><strong>eum,</strong></span> <span class='ocrx_word' id='word_1_32' title='bbox 770 656 1070 726; x_wconf 86' lang='lat' dir='ltr'><strong>principem</strong></span> <span class='ocrx_word' id='word_1_33' title='bbox 1119 666 1173 711; x_wconf 85' lang='lat' dir='ltr'><strong>et</strong></span> <span class='ocrx_word' id='word_1_34' title='bbox 1223 658 1576 727; x_wconf 78' lang='lat' dir='ltr'><strong>imperantem</strong></span> <span class='ocrx_word' id='word_1_35' title='bbox 1635 658 1902 728; x_wconf 78' lang='lat' dir='ltr'><strong>gentibus.</strong></span> <span class='ocrx_word' id='word_1_36' title='bbox 1950 656 2150 714; x_wconf 84' lang='lat' dir='ltr'><strong>Gentes</strong></span> 
     </span>
    </p>
   </div>
   <div class='ocr_carea' id='block_1_7' title="bbox 576 746 2148 818">
    <p class='ocr_par' dir='ltr' id='par_1_7' title="bbox 576 746 2148 818">
     <span class='ocr_line' id='line_1_7' title="bbox 576 746 2148 818; baseline 0 -17"><span class='ocrx_word' id='word_1_37' title='bbox 576 746 703 817; x_wconf 70' lang='lat' dir='ltr'><strong>quae</strong></span> <span class='ocrx_word' id='word_1_38' title='bbox 737 761 844 801; x_wconf 76' lang='lat' dir='ltr'><strong>non</strong></span> <span class='ocrx_word' id='word_1_39' title='bbox 876 756 1143 801; x_wconf 81' lang='lat' dir='ltr'><strong>noverunt</strong></span> <span class='ocrx_word' id='word_1_40' title='bbox 1173 756 1245 810; x_wconf 87' lang='lat' dir='ltr'><strong>te,</strong></span> <span class='ocrx_word' id='word_1_41' title='bbox 1280 749 1612 802; x_wconf 89' lang='lat' dir='ltr'><strong>invocabunt</strong></span> <span class='ocrx_word' id='word_1_42' title='bbox 1636 755 1688 802; x_wconf 89' lang='lat' dir='ltr'><strong>te</strong></span> <span class='ocrx_word' id='word_1_43' title='bbox 1720 768 1732 802; x_wconf 88' lang='lat'><strong>:</strong></span> <span class='ocrx_word' id='word_1_44' title='bbox 1768 756 1822 803; x_wconf 89' lang='lat' dir='ltr'><strong>et</strong></span> <span class='ocrx_word' id='word_1_45' title='bbox 1852 750 2032 818; x_wconf 87' lang='lat' dir='ltr'><strong>populi</strong></span> <span class='ocrx_word' id='word_1_46' title='bbox 2058 750 2148 818; x_wconf 87' lang='lat' dir='ltr'><strong>qui</strong></span> 
     </span>
    </p>
   </div>
   <div class='ocr_carea' id='block_1_8' title="bbox 583 838 2148 911">
    <p class='ocr_par' dir='ltr' id='par_1_8' title="bbox 583 838 2148 911">
     <span class='ocr_line' id='line_1_8' title="bbox 583 838 2148 911; baseline 0.001 -19"><span class='ocrx_word' id='word_1_47' title='bbox 583 838 835 894; x_wconf 79' lang='lat' dir='ltr'><strong>nesciunt</strong></span> <span class='ocrx_word' id='word_1_48' title='bbox 886 845 958 900; x_wconf 86' lang='lat' dir='ltr'><strong>te,</strong></span> <span class='ocrx_word' id='word_1_49' title='bbox 1006 840 1072 891; x_wconf 88' lang='lat' dir='ltr'><strong>ad</strong></span> <span class='ocrx_word' id='word_1_50' title='bbox 1129 848 1179 893; x_wconf 89' lang='lat' dir='ltr'><strong>te</strong></span> <span class='ocrx_word' id='word_1_51' title='bbox 1228 840 1541 910; x_wconf 84' lang='lat' dir='ltr'><strong>confugient</strong></span> <span class='ocrx_word' id='word_1_52' title='bbox 1585 850 1806 911; x_wconf 82' lang='lat' dir='ltr'><strong>propter</strong></span> <span class='ocrx_word' id='word_1_53' title='bbox 1863 841 2148 896; x_wconf 56' lang='lat' dir='ltr'><strong>Deniinum</strong></span> 
     </span>
    </p>
   </div>
   <div class='ocr_carea' id='block_1_9' title="bbox 583 928 2150 1002">
    <p class='ocr_par' dir='ltr' id='par_1_9' title="bbox 583 928 2150 1002">
     <span class='ocr_line' id='line_1_9' title="bbox 583 928 2150 1002; baseline 0.001 -19"><span class='ocrx_word' id='word_1_54' title='bbox 583 928 747 983; x_wconf 89' lang='lat' dir='ltr'><strong>Deum</strong></span> <span class='ocrx_word' id='word_1_55' title='bbox 785 937 960 993; x_wconf 89' lang='lat' dir='ltr'><strong>tuum,</strong></span> <span class='ocrx_word' id='word_1_56' title='bbox 988 940 1238 984; x_wconf 86' lang='lat' dir='ltr'><strong>sanctum</strong></span> <span class='ocrx_word' id='word_1_57' title='bbox 1276 940 1430 985; x_wconf 90' lang='lat' dir='ltr'><strong>tuum</strong></span> <span class='ocrx_word' id='word_1_58' title='bbox 1467 930 1652 998; x_wconf 85' lang='lat' dir='ltr'><strong>Israel,</strong></span> <span class='ocrx_word' id='word_1_59' title='bbox 1684 935 1938 1002; x_wconf 85' lang='lat' dir='ltr'><strong>quoniam</strong></span> <span class='ocrx_word' id='word_1_60' title='bbox 1984 933 2150 1001; x_wconf 82' lang='lat' dir='ltr'><strong>glori-</strong></span> 
     </span>
    </p>
   </div>
   <div class='ocr_carea' id='block_1_10' title="bbox 582 1020 2148 1093">
    <p class='ocr_par' dir='ltr' id='par_1_10' title="bbox 582 1020 2148 1093">
     <span class='ocr_line' id='line_1_10' title="bbox 582 1020 2148 1093; baseline 0.005 -22"><span class='ocrx_word' id='word_1_61' title='bbox 582 1020 762 1073; x_wconf 85' lang='lat' dir='ltr'><strong>ﬁcavit</strong></span> <span class='ocrx_word' id='word_1_62' title='bbox 787 1020 909 1074; x_wconf 72' lang='lat' dir='ltr'><strong>te.&quot;</strong></span> <span class='ocrx_word' id='word_1_63' title='bbox 934 1040 952 1071; x_wconf 69' lang='grc' dir='ltr'><strong>ι</strong></span> <span class='ocrx_word' id='word_1_64' title='bbox 972 1020 1200 1084; x_wconf 82' lang='lat' dir='ltr'><strong>Quando</strong></span> <span class='ocrx_word' id='word_1_65' title='bbox 1228 1036 1359 1091; x_wconf 84' lang='lat' dir='ltr'><strong>ergo</strong></span> <span class='ocrx_word' id='word_1_66' title='bbox 1389 1022 1457 1075; x_wconf 91' lang='lat' dir='ltr'><strong>ab</strong></span> <span class='ocrx_word' id='word_1_67' title='bbox 1490 1022 1576 1077; x_wconf 91' lang='lat' dir='ltr'><strong>his</strong></span> <span class='ocrx_word' id='word_1_68' title='bbox 1608 1039 1823 1093; x_wconf 70' lang='lat' dir='ltr'><strong>quoque</strong></span> <span class='ocrx_word' id='word_1_69' title='bbox 1856 1024 2148 1079; x_wconf 81' lang='lat' dir='ltr'><strong>didicimus</strong></span> 
     </span>
    </p>
   </div>
   <div class='ocr_carea' id='block_1_11' title="bbox 579 1109 2146 1183">
    <p class='ocr_par' dir='ltr' id='par_1_11' title="bbox 579 1109 2146 1183">
     <span class='ocr_line' id='line_1_11' title="bbox 579 1109 2146 1183; baseline 0.004 -18"><span class='ocrx_word' id='word_1_70' title='bbox 579 1109 781 1167; x_wconf 89' lang='lat' dir='ltr'><strong>Christi</strong></span> <span class='ocrx_word' id='word_1_71' title='bbox 833 1112 1122 1167; x_wconf 87' lang='lat' dir='ltr'><strong>adventum</strong></span> <span class='ocrx_word' id='word_1_72' title='bbox 1165 1113 1481 1183; x_wconf 69' lang='lat' dir='ltr'><strong>prmparari,</strong></span> <span class='ocrx_word' id='word_1_73' title='bbox 1519 1124 1577 1168; x_wconf 91' lang='lat' dir='ltr'><strong>ut</strong></span> <span class='ocrx_word' id='word_1_74' title='bbox 1610 1131 1716 1170; x_wconf 91' lang='lat' dir='ltr'><strong>non</strong></span> <span class='ocrx_word' id='word_1_75' title='bbox 1760 1117 1891 1172; x_wconf 83' lang='lat' dir='ltr'><strong>solis</strong></span> <span class='ocrx_word' id='word_1_76' title='bbox 1923 1115 2146 1180; x_wconf 67' lang='lat' dir='ltr'><strong>Judaeis,</strong></span> 
     </span>
    </p>
   </div>
   <div class='ocr_carea' id='block_1_12' title="bbox 582 1204 2147 1279">
    <p class='ocr_par' dir='ltr' id='par_1_12' title="bbox 582 1204 2147 1279">
     <span class='ocr_line' id='line_1_12' title="bbox 582 1204 2147 1279; baseline 0.003 -21"><span class='ocrx_word' id='word_1_77' title='bbox 582 1204 676 1258; x_wconf 90' lang='lat' dir='ltr'><strong>sed</strong></span> <span class='ocrx_word' id='word_1_78' title='bbox 714 1205 969 1259; x_wconf 90' lang='lat' dir='ltr'><strong>omnibus</strong></span> <span class='ocrx_word' id='word_1_79' title='bbox 1008 1205 1260 1275; x_wconf 82' lang='lat' dir='ltr'><strong>gentibus</strong></span> <span class='ocrx_word' id='word_1_80' title='bbox 1292 1207 1548 1263; x_wconf 89' lang='lat' dir='ltr'><strong>salutaris</strong></span> <span class='ocrx_word' id='word_1_81' title='bbox 1583 1208 1721 1261; x_wconf 89' lang='lat' dir='ltr'><strong>foret</strong></span> <span class='ocrx_word' id='word_1_82' title='bbox 1754 1227 1765 1262; x_wconf 93' lang='lat'>:</span> <span class='ocrx_word' id='word_1_83' title='bbox 1799 1226 1895 1279; x_wconf 88' lang='lat' dir='ltr'><strong>age</strong></span> <span class='ocrx_word' id='word_1_84' title='bbox 1926 1210 2147 1264; x_wconf 88' lang='lat' dir='ltr'><strong>tertium</strong></span> 
     </span>
    </p>
   </div>
   <div class='ocr_carea' id='block_1_13' title="bbox 580 1296 2145 1367">
    <p class='ocr_par' dir='ltr' id='par_1_13' title="bbox 580 1296 2145 1367">
     <span class='ocr_line' id='line_1_13' title="bbox 580 1296 2145 1367; baseline 0.004 -18"><span class='ocrx_word' id='word_1_85' title='bbox 580 1310 796 1366; x_wconf 91' lang='lat' dir='ltr'><strong>quoque</strong></span> <span class='ocrx_word' id='word_1_86' title='bbox 824 1296 952 1350; x_wconf 88' lang='lat' dir='ltr'><strong>illud</strong></span> <span class='ocrx_word' id='word_1_87' title='bbox 975 1296 1348 1360; x_wconf 85' lang='lat' dir='ltr'><strong>ostendamus,</strong></span> <span class='ocrx_word' id='word_1_88' title='bbox 1364 1298 1818 1367; x_wconf 86' lang='lat' dir='ltr'><strong>quemadmodum</strong></span> <span class='ocrx_word' id='word_1_89' title='bbox 1840 1301 1892 1353; x_wconf 84' lang='lat' dir='ltr'><strong>i‘n</strong></span> <span class='ocrx_word' id='word_1_90' title='bbox 1915 1302 2145 1356; x_wconf 88' lang='lat' dir='ltr'><strong>adventu</strong></span> 
     </span>
    </p>
   </div>
   <div class='ocr_carea' id='block_1_14' title="bbox 580 1386 2146 1461">
    <p class='ocr_par' dir='ltr' id='par_1_14' title="bbox 580 1386 2146 1461">
     <span class='ocr_line' id='line_1_14' title="bbox 580 1386 2146 1461; baseline 0.004 -21"><span class='ocrx_word' id='word_1_91' title='bbox 580 1386 721 1456; x_wconf 87' lang='lat' dir='ltr'><strong>ejus,</strong></span> <span class='ocrx_word' id='word_1_92' title='bbox 753 1402 860 1441; x_wconf 91' lang='lat' dir='ltr'><strong>non</strong></span> <span class='ocrx_word' id='word_1_93' title='bbox 912 1388 1087 1442; x_wconf 90' lang='lat' dir='ltr'><strong>solum</strong></span> <span class='ocrx_word' id='word_1_94' title='bbox 1137 1389 1361 1442; x_wconf 88' lang='lat' dir='ltr'><strong>meliora</strong></span> <span class='ocrx_word' id='word_1_95' title='bbox 1399 1390 1651 1459; x_wconf 77' lang='lat' dir='ltr'><strong>gentibus</strong></span> <span class='ocrx_word' id='word_1_96' title='bbox 1708 1406 1802 1460; x_wconf 86' lang='lat' dir='ltr'><strong>per</strong></span> <span class='ocrx_word' id='word_1_97' title='bbox 1850 1390 2146 1461; x_wconf 82' lang='lat' dir='ltr'><strong>Prophetas</strong></span> 
     </span>
    </p>
   </div>
   <div class='ocr_carea' id='block_1_15' title="bbox 580 1479 2148 1553">
    <p class='ocr_par' dir='ltr' id='par_1_15' title="bbox 580 1479 2148 1553">
     <span class='ocr_line' id='line_1_15' title="bbox 580 1479 2148 1553; baseline 0.004 -20"><span class='ocrx_word' id='word_1_98' title='bbox 580 1480 994 1543; x_wconf 86' lang='lat' dir='ltr'><strong>nuntiabantur,</strong></span> <span class='ocrx_word' id='word_1_99' title='bbox 1043 1479 1138 1535; x_wconf 84' lang='lat' dir='ltr'><strong>sed</strong></span> <span class='ocrx_word' id='word_1_100' title='bbox 1179 1482 1339 1534; x_wconf 89' lang='lat' dir='ltr'><strong>etiam</strong></span> <span class='ocrx_word' id='word_1_101' title='bbox 1385 1482 1450 1537; x_wconf 92' lang='lat' dir='ltr'><strong>iis</strong></span> <span class='ocrx_word' id='word_1_102' title='bbox 1480 1482 1573 1553; x_wconf 88' lang='lat' dir='ltr'><strong>qui</strong></span> <span class='ocrx_word' id='word_1_103' title='bbox 1621 1499 1687 1538; x_wconf 84' lang='lat' dir='ltr'><strong>ex</strong></span> <span class='ocrx_word' id='word_1_104' title='bbox 1732 1486 2148 1540; x_wconf 87' lang='lat' dir='ltr'><strong>circumcisione</strong></span> 
     </span>
    </p>
   </div>
   <div class='ocr_carea' id='block_1_16' title="bbox 580 1569 2147 1646">
    <p class='ocr_par' dir='ltr' id='par_1_16' title="bbox 580 1569 2147 1646">
     <span class='ocr_line' id='line_1_16' title="bbox 580 1569 2147 1646; baseline 0.002 -19"><span class='ocrx_word' id='word_1_105' title='bbox 580 1579 709 1628; x_wconf 89' lang='lat' dir='ltr'><strong>sunt</strong></span> <span class='ocrx_word' id='word_1_106' title='bbox 755 1572 1048 1625; x_wconf 89' lang='lat' dir='ltr'><strong>contraria.</strong></span> <span class='ocrx_word' id='word_1_107' title='bbox 1107 1569 1386 1641; x_wconf 83' lang='lat' dir='ltr'><strong>Siquidem</strong></span> <span class='ocrx_word' id='word_1_108' title='bbox 1442 1574 1599 1643; x_wconf 78' lang='lat' dir='ltr'><strong>plane,</strong></span> <span class='ocrx_word' id='word_1_109' title='bbox 1656 1577 1893 1638; x_wconf 86' lang='lat' dir='ltr'><strong>ruinam,</strong></span> <span class='ocrx_word' id='word_1_110' title='bbox 1922 1582 1976 1630; x_wconf 90' lang='lat' dir='ltr'><strong>et</strong></span> <span class='ocrx_word' id='word_1_111' title='bbox 2010 1575 2147 1646; x_wconf 85' lang='lat' dir='ltr'><strong>reje-</strong></span> 
     </span>
    </p>
   </div>
   <div class='ocr_carea' id='block_1_17' title="bbox 579 1662 2146 1736">
    <p class='ocr_par' dir='ltr' id='par_1_17' title="bbox 579 1662 2146 1736">
     <span class='ocr_line' id='line_1_17' title="bbox 579 1662 2146 1736; baseline 0.001 -19"><span class='ocrx_word' id='word_1_112' title='bbox 579 1664 811 1718; x_wconf 89' lang='lat' dir='ltr'><strong>ctionem</strong></span> <span class='ocrx_word' id='word_1_113' title='bbox 866 1662 1104 1727; x_wconf 76' lang='lat' dir='ltr'><strong>Judaicae</strong></span> <span class='ocrx_word' id='word_1_114' title='bbox 1153 1663 1328 1733; x_wconf 81' lang='lat' dir='ltr'><strong>gentis</strong></span> <span class='ocrx_word' id='word_1_115' title='bbox 1387 1664 1904 1736; x_wconf 86' lang='lat' dir='ltr'><strong>futuram,propter</strong></span> <span class='ocrx_word' id='word_1_116' title='bbox 1957 1681 2146 1721; x_wconf 91' lang='lat' dir='ltr'><strong>eorum</strong></span> 
     </span>
    </p>
   </div>
   <div class='ocr_carea' id='block_1_18' title="bbox 577 1749 2143 1826">
    <p class='ocr_par' dir='ltr' id='par_1_18' title="bbox 577 1749 2143 1826">
     <span class='ocr_line' id='line_1_18' title="bbox 577 1749 2143 1826; baseline 0.003 -20"><span class='ocrx_word' id='word_1_117' title='bbox 577 1766 705 1822; x_wconf 87' lang='lat' dir='ltr'><strong>erga</strong></span> <span class='ocrx_word' id='word_1_118' title='bbox 732 1749 1013 1806; x_wconf 87' lang='lat' dir='ltr'><strong>Christum</strong></span> <span class='ocrx_word' id='word_1_119' title='bbox 1071 1751 1532 1820; x_wconf 85' lang='lat' dir='ltr'><strong>incredulitatem,</strong></span> <span class='ocrx_word' id='word_1_120' title='bbox 1565 1756 1789 1810; x_wconf 89' lang='lat' dir='ltr'><strong>oracula</strong></span> <span class='ocrx_word' id='word_1_121' title='bbox 1838 1771 1958 1826; x_wconf 70' lang='lat' dir='ltr'><strong>quae</strong></span> <span class='ocrx_word' id='word_1_122' title='bbox 2000 1756 2143 1826; x_wconf 89' lang='lat' dir='ltr'><strong>apud</strong></span> 
     </span>
    </p>
   </div>
   <div class='ocr_carea' id='block_1_19' title="bbox 577 1841 2141 1918">
    <p class='ocr_par' dir='ltr' id='par_1_19' title="bbox 577 1841 2141 1918">
     <span class='ocr_line' id='line_1_19' title="bbox 577 1841 2141 1918; baseline 0.004 -22"><span class='ocrx_word' id='word_1_123' title='bbox 577 1842 728 1912; x_wconf 88' lang='lat' dir='ltr'><strong>ipsos</strong></span> <span class='ocrx_word' id='word_1_124' title='bbox 760 1841 1047 1909; x_wconf 83' lang='lat' dir='ltr'><strong>habentur,</strong></span> <span class='ocrx_word' id='word_1_125' title='bbox 1078 1844 1432 1911; x_wconf 87' lang='lat' dir='ltr'><strong>pronuntiant</strong></span> <span class='ocrx_word' id='word_1_126' title='bbox 1468 1865 1481 1900; x_wconf 90' lang='lat'><strong>:</strong></span> <span class='ocrx_word' id='word_1_127' title='bbox 1515 1854 1575 1900; x_wconf 93' lang='lat' dir='ltr'><strong>ut</strong></span> <span class='ocrx_word' id='word_1_128' title='bbox 1599 1847 1711 1916; x_wconf 89' lang='lat' dir='ltr'><strong>jam</strong></span> <span class='ocrx_word' id='word_1_129' title='bbox 1755 1862 1865 1901; x_wconf 90' lang='lat' dir='ltr'><strong>non</strong></span> <span class='ocrx_word' id='word_1_130' title='bbox 1905 1848 2141 1918; x_wconf 69' lang='lat' dir='ltr'><strong>aequales</strong></span> 
     </span>
    </p>
   </div>
   <div class='ocr_carea' id='block_1_20' title="bbox 577 1934 2142 2006">
    <p class='ocr_par' dir='ltr' id='par_1_20' title="bbox 577 1934 2142 2006">
     <span class='ocr_line' id='line_1_20' title="bbox 577 1934 2142 2006; baseline 0.004 -19"><span class='ocrx_word' id='word_1_131' title='bbox 577 1949 679 1989; x_wconf 90' lang='lat' dir='ltr'><strong>nos</strong></span> <span class='ocrx_word' id='word_1_132' title='bbox 711 1934 812 1995; x_wconf 85' lang='lat' dir='ltr'><strong>eis,</strong></span> <span class='ocrx_word' id='word_1_133' title='bbox 844 1935 940 1990; x_wconf 91' lang='lat' dir='ltr'><strong>sed</strong></span> <span class='ocrx_word' id='word_1_134' title='bbox 969 1936 1127 1989; x_wconf 89' lang='lat' dir='ltr'><strong>etiam</strong></span> <span class='ocrx_word' id='word_1_135' title='bbox 1160 1936 1317 2006; x_wconf 89' lang='lat' dir='ltr'><strong>longe</strong></span> <span class='ocrx_word' id='word_1_136' title='bbox 1357 1938 1668 2006; x_wconf 85' lang='lat' dir='ltr'><strong>superiores</strong></span> <span class='ocrx_word' id='word_1_137' title='bbox 1705 1937 2004 1992; x_wconf 89' lang='lat' dir='ltr'><strong>videamur.</strong></span> <span class='ocrx_word' id='word_1_138' title='bbox 2027 1938 2142 1993; x_wconf 80' lang='lat' dir='ltr'><strong>Cae-</strong></span> 
     </span>
    </p>
   </div>
   <div class='ocr_carea' id='block_1_21' title="bbox 575 2027 2139 2098">
    <p class='ocr_par' dir='ltr' id='par_1_21' title="bbox 575 2027 2139 2098">
     <span class='ocr_line' id='line_1_21' title="bbox 575 2027 2139 2098; baseline 0.003 -17"><span class='ocrx_word' id='word_1_139' title='bbox 575 2034 754 2081; x_wconf 89' lang='lat' dir='ltr'><strong>terum</strong></span> <span class='ocrx_word' id='word_1_140' title='bbox 792 2042 937 2080; x_wconf 88' lang='lat' dir='ltr'><strong>nunc</strong></span> <span class='ocrx_word' id='word_1_141' title='bbox 976 2042 1192 2096; x_wconf 88' lang='lat' dir='ltr'><strong>quoque</strong></span> <span class='ocrx_word' id='word_1_142' title='bbox 1218 2034 1341 2080; x_wconf 89' lang='lat' dir='ltr'><strong>utar</strong></span> <span class='ocrx_word' id='word_1_143' title='bbox 1371 2027 1535 2082; x_wconf 90' lang='lat' dir='ltr'><strong>nudis</strong></span> <span class='ocrx_word' id='word_1_144' title='bbox 1563 2027 1953 2098; x_wconf 88' lang='lat' dir='ltr'><strong>Prophetarum</strong></span> <span class='ocrx_word' id='word_1_145' title='bbox 1985 2029 2139 2095; x_wconf 70' lang='lat' dir='ltr'><strong>leuis,</strong></span> 
     </span>
    </p>
   </div>
   <div class='ocr_carea' id='block_1_22' title="bbox 575 2118 2143 2191">
    <p class='ocr_par' dir='ltr' id='par_1_22' title="bbox 575 2118 2143 2191">
     <span class='ocr_line' id='line_1_22' title="bbox 575 2118 2143 2191; baseline 0.003 -18"><span class='ocrx_word' id='word_1_146' title='bbox 575 2133 678 2175; x_wconf 90' lang='lat' dir='ltr'><strong>nec</strong></span> <span class='ocrx_word' id='word_1_147' title='bbox 704 2134 769 2174; x_wconf 90' lang='lat' dir='ltr'><strong>ea</strong></span> <span class='ocrx_word' id='word_1_148' title='bbox 801 2120 912 2173; x_wconf 90' lang='lat' dir='ltr'><strong>ullo</strong></span> <span class='ocrx_word' id='word_1_149' title='bbox 956 2119 1120 2173; x_wconf 90' lang='lat' dir='ltr'><strong>modo</strong></span> <span class='ocrx_word' id='word_1_150' title='bbox 1150 2118 1576 2188; x_wconf 87' lang='lat' dir='ltr'><strong>contemplabor,</strong></span> <span class='ocrx_word' id='word_1_151' title='bbox 1612 2135 1735 2174; x_wconf 89' lang='lat' dir='ltr'><strong>cum</strong></span> <span class='ocrx_word' id='word_1_152' title='bbox 1791 2131 2010 2191; x_wconf 85' lang='lat' dir='ltr'><strong>propter</strong></span> <span class='ocrx_word' id='word_1_153' title='bbox 2049 2138 2143 2177; x_wconf 85' lang='lat' dir='ltr'><strong>eo-</strong></span> 
     </span>
    </p>
   </div>
   <div class='ocr_carea' id='block_1_23' title="bbox 574 2210 2138 2280">
    <p class='ocr_par' dir='ltr' id='par_1_23' title="bbox 574 2210 2138 2280">
     <span class='ocr_line' id='line_1_23' title="bbox 574 2210 2138 2280; baseline 0.001 -14"><span class='ocrx_word' id='word_1_154' title='bbox 574 2211 821 2266; x_wconf 85' lang='lat' dir='ltr'><strong>rumdem</strong></span> <span class='ocrx_word' id='word_1_155' title='bbox 865 2210 1330 2280; x_wconf 88' lang='lat' dir='ltr'><strong>perspicuitatem,</strong></span> <span class='ocrx_word' id='word_1_156' title='bbox 1369 2216 1484 2262; x_wconf 91' lang='lat' dir='ltr'><strong>tum</strong></span> <span class='ocrx_word' id='word_1_157' title='bbox 1536 2210 1678 2280; x_wconf 91' lang='lat' dir='ltr'><strong>quod</strong></span> <span class='ocrx_word' id='word_1_158' title='bbox 1718 2211 1971 2267; x_wconf 89' lang='lat' dir='ltr'><strong>liberiore</strong></span> <span class='ocrx_word' id='word_1_159' title='bbox 2008 2215 2138 2278; x_wconf 91' lang='lat' dir='ltr'><strong>otio,</strong></span> 
     </span>
    </p>
   </div>
   <div class='ocr_carea' id='block_1_24' title="bbox 574 2302 2138 2375">
    <p class='ocr_par' dir='ltr' id='par_1_24' title="bbox 574 2302 2138 2375">
     <span class='ocr_line' id='line_1_24' title="bbox 574 2302 2138 2375; baseline 0.001 -18"><span class='ocrx_word' id='word_1_160' title='bbox 574 2303 943 2375; x_wconf 87' lang='lat' dir='ltr'><strong>plenissimam</strong></span> <span class='ocrx_word' id='word_1_161' title='bbox 994 2317 1183 2357; x_wconf 89' lang='lat' dir='ltr'><strong>eorum</strong></span> <span class='ocrx_word' id='word_1_162' title='bbox 1229 2302 1624 2371; x_wconf 78' lang='lat' dir='ltr'><strong>expositionem</strong></span> <span class='ocrx_word' id='word_1_163' title='bbox 1683 2302 1881 2358; x_wconf 85' lang='lat' dir='ltr'><strong>edituri</strong></span> <span class='ocrx_word' id='word_1_164' title='bbox 1929 2320 2138 2361; x_wconf 91' lang='lat' dir='ltr'><strong>sumus.</strong></span> 
     </span>
    </p>
   </div>
   <div class='ocr_carea' id='block_1_25' title="bbox 1177 2411 1539 2467">
    <p class='ocr_par' dir='ltr' id='par_1_25' title="bbox 1177 2411 1539 2467">
     <span class='ocr_line' id='line_1_25' title="bbox 1177 2411 1539 2467; baseline -0.006 0"><span class='ocrx_word' id='word_1_165' title='bbox 1177 2411 1405 2467; x_wconf 77' lang='lat' dir='ltr'><strong>CAPUT</strong></span> <span class='ocrx_word' id='word_1_166' title='bbox 1454 2412 1539 2467; x_wconf 86' lang='grc' dir='ltr'>Ιῐῐ.</span> 
     </span>
    </p>
   </div>
   <div class='ocr_carea' id='block_1_26' title="bbox 575 2523 2141 2597">
    <p class='ocr_par' dir='ltr' id='par_1_26' title="bbox 575 2523 2141 2597">
     <span class='ocr_line' id='line_1_26' title="bbox 575 2523 2141 2597; baseline 0.001 -20"><span class='ocrx_word' id='word_1_167' title='bbox 575 2523 1027 2593; x_wconf 81' lang='lat' dir='ltr'><strong>Quemadmodum</strong></span> <span class='ocrx_word' id='word_1_168' title='bbox 1059 2526 1109 2578; x_wconf 85' lang='lat' dir='ltr'><strong>in</strong></span> <span class='ocrx_word' id='word_1_169' title='bbox 1142 2527 1408 2579; x_wconf 82' lang='lat' dir='ltr'><strong>vocatione</strong></span> <span class='ocrx_word' id='word_1_170' title='bbox 1435 2527 1688 2597; x_wconf 82' lang='lat' dir='ltr'><strong>gentium,</strong></span> <span class='ocrx_word' id='word_1_171' title='bbox 1723 2543 1838 2596; x_wconf 76' lang='lat' dir='ltr'><strong>quw</strong></span> <span class='ocrx_word' id='word_1_172' title='bbox 1865 2541 1956 2593; x_wconf 83' lang='lat' dir='ltr'><strong>per</strong></span> <span class='ocrx_word' id='word_1_173' title='bbox 1986 2525 2141 2581; x_wconf 83' lang='lat' dir='ltr'><strong>Chri-</strong></span> 
     </span>
    </p>
   </div>
   <div class='ocr_carea' id='block_1_27' title="bbox 643 2619 2141 2692">
    <p class='ocr_par' dir='ltr' id='par_1_27' title="bbox 643 2619 2141 2692">
     <span class='ocr_line' id='line_1_27' title="bbox 643 2619 2141 2692; baseline 0 -17"><span class='ocrx_word' id='word_1_174' title='bbox 643 2632 781 2676; x_wconf 81' lang='lat' dir='ltr'><strong>stum</strong></span> <span class='ocrx_word' id='word_1_175' title='bbox 809 2619 1051 2690; x_wconf 77' lang='lat' dir='ltr'><strong>facienda</strong></span> <span class='ocrx_word' id='word_1_176' title='bbox 1078 2632 1214 2681; x_wconf 84' lang='lat' dir='ltr'><strong>erat,</strong></span> <span class='ocrx_word' id='word_1_177' title='bbox 1244 2620 1555 2676; x_wconf 73' lang='lat' dir='ltr'><strong>Judworum</strong></span> <span class='ocrx_word' id='word_1_178' title='bbox 1598 2631 1798 2692; x_wconf 82' lang='lat' dir='ltr'><strong>gentem</strong></span> <span class='ocrx_word' id='word_1_179' title='bbox 1828 2640 1858 2675; x_wconf 92' lang='lat' dir='ltr'><strong>a</strong></span> <span class='ocrx_word' id='word_1_180' title='bbox 1890 2623 1995 2675; x_wconf 83' lang='lat' dir='ltr'><strong>ritu</strong></span> <span class='ocrx_word' id='word_1_181' title='bbox 2027 2638 2141 2691; x_wconf 86' lang='lat' dir='ltr'><strong>pro-</strong></span> 
     </span>
    </p>
   </div>
   <div class='ocr_carea' id='block_1_28' title="bbox 638 2708 1713 2779">
    <p class='ocr_par' dir='ltr' id='par_1_28' title="bbox 638 2708 1713 2779">
     <span class='ocr_line' id='line_1_28' title="bbox 638 2708 1713 2779; baseline 0.004 -20"><span class='ocrx_word' id='word_1_182' title='bbox 638 2710 776 2776; x_wconf 86' lang='lat' dir='ltr'><strong>prio,</strong></span> <span class='ocrx_word' id='word_1_183' title='bbox 812 2709 1053 2778; x_wconf 83' lang='lat' dir='ltr'><strong>cultuque</strong></span> <span class='ocrx_word' id='word_1_184' title='bbox 1088 2708 1184 2762; x_wconf 85' lang='lat' dir='ltr'><strong>Dei</strong></span> <span class='ocrx_word' id='word_1_185' title='bbox 1206 2709 1391 2764; x_wconf 86' lang='lat' dir='ltr'><strong>cadere</strong></span> <span class='ocrx_word' id='word_1_186' title='bbox 1421 2711 1713 2779; x_wconf 77' lang='lat' dir='ltr'><strong>oportebat.</strong></span> 
     </span>
    </p>
   </div>
   <div class='ocr_carea' id='block_1_29' title="bbox 572 2818 2137 2892">
    <p class='ocr_par' dir='ltr' id='par_1_29' title="bbox 572 2818 2137 2892">
     <span class='ocr_line' id='line_1_29' title="bbox 572 2818 2137 2892; baseline 0.002 -19"><span class='ocrx_word' id='word_1_187' title='bbox 572 2818 757 2892; x_wconf 55' lang='lat' dir='ltr'><strong>XXIV,</strong></span> <span class='ocrx_word' id='word_1_188' title='bbox 796 2821 874 2872; x_wconf 76' lang='lat' dir='ltr'><strong>Ab</strong></span> <span class='ocrx_word' id='word_1_189' title='bbox 897 2820 1146 2874; x_wconf 84' lang='lat' dir='ltr'><strong>Jeremia.</strong></span> <span class='ocrx_word' id='word_1_190' title='bbox 1179 2853 1245 2862; x_wconf 97' lang='lat'><strong><em>—</em></strong></span> <span class='ocrx_word' id='word_1_191' title='bbox 1272 2821 1574 2875; x_wconf 82' lang='lat' dir='ltr'><strong>Declaratio</strong></span> <span class='ocrx_word' id='word_1_192' title='bbox 1627 2823 1923 2889; x_wconf 83' lang='lat' dir='ltr'><strong>rejectionis</strong></span> <span class='ocrx_word' id='word_1_193' title='bbox 1971 2824 2137 2892; x_wconf 80' lang='lat' dir='ltr'><strong>gentis</strong></span> 
     </span>
    </p>
   </div>
   <div class='ocr_carea' id='block_1_30' title="bbox 640 2888 1993 2961">
    <p class='ocr_par' dir='ltr' id='par_1_30' title="bbox 640 2888 1993 2961">
     <span class='ocr_line' id='line_1_30' title="bbox 640 2888 1993 2961; baseline 0.001 -18"><span class='ocrx_word' id='word_1_194' title='bbox 640 2888 973 2955; x_wconf 66' lang='lat' dir='ltr'><strong>Juda’orum,</strong></span> <span class='ocrx_word' id='word_1_195' title='bbox 998 2901 1045 2944; x_wconf 88' lang='lat' dir='ltr'><strong>et</strong></span> <span class='ocrx_word' id='word_1_196' title='bbox 1068 2892 1364 2959; x_wconf 81' lang='lat' dir='ltr'><strong>adoptionis</strong></span> <span class='ocrx_word' id='word_1_197' title='bbox 1397 2893 1627 2961; x_wconf 83' lang='lat' dir='ltr'><strong>gentium</strong></span> <span class='ocrx_word' id='word_1_198' title='bbox 1655 2888 1767 2945; x_wconf 77' lang='lat' dir='ltr'><strong>loco</strong></span> <span class='ocrx_word' id='word_1_199' title='bbox 1793 2888 1993 2946; x_wconf 50' lang='lat' dir='ltr'><strong>eorum:</strong></span> 
     </span>
    </p>
   </div>
   <div class='ocr_carea' id='block_1_31' title="bbox 647 3016 2133 3109">
    <p class='ocr_par' dir='ltr' id='par_1_31' title="bbox 647 3016 2133 3109">
     <span class='ocr_line' id='line_1_31' title="bbox 647 3016 2133 3109; baseline 0.004 -16"><span class='ocrx_word' id='word_1_200' title='bbox 647 3060 666 3093; x_wconf 75' lang='grc' dir='ltr'><strong>ι</strong></span> <span class='ocrx_word' id='word_1_201' title='bbox 709 3042 834 3097; x_wconf 67' lang='grc' dir='ltr'>Ιίωο</span> <span class='ocrx_word' id='word_1_202' title='bbox 877 3043 1010 3096; x_wconf 91' lang='lat' dir='ltr'><strong>dicit</strong></span> <span class='ocrx_word' id='word_1_203' title='bbox 1045 3016 1309 3099; x_wconf 81' lang='lat' dir='ltr'><strong>Dominus</strong></span> <span class='ocrx_word' id='word_1_204' title='bbox 1341 3062 1354 3098; x_wconf 90' lang='lat'>:</span> <span class='ocrx_word' id='word_1_205' title='bbox 1393 3042 1544 3099; x_wconf 80' lang='lat' dir='ltr'><strong>State</strong></span> <span class='ocrx_word' id='word_1_206' title='bbox 1592 3046 1646 3099; x_wconf 93' lang='lat' dir='ltr'><strong>in</strong></span> <span class='ocrx_word' id='word_1_207' title='bbox 1688 3046 1810 3108; x_wconf 79' lang='lat' dir='ltr'><strong>viis,</strong></span> <span class='ocrx_word' id='word_1_208' title='bbox 1848 3054 1902 3099; x_wconf 86' lang='lat' dir='ltr'><strong>et</strong></span> <span class='ocrx_word' id='word_1_209' title='bbox 1936 3045 2133 3109; x_wconf 86' lang='lat' dir='ltr'><strong>videte,</strong></span> 
     </span>
    </p>
   </div>
   <div class='ocr_carea' id='block_1_32' title="bbox 568 3132 2205 3229">
    <p class='ocr_par' dir='ltr' id='par_1_32' title="bbox 568 3132 2205 3229">
     <span class='ocr_line' id='line_1_32' title="bbox 568 3132 2205 3229; baseline 0.001 -41"><span class='ocrx_word' id='word_1_210' title='bbox 568 3144 624 3189; x_wconf 85' lang='lat' dir='ltr'><strong>ct</strong></span> <span class='ocrx_word' id='word_1_211' title='bbox 674 3141 862 3203; x_wconf 83' lang='lat' dir='ltr'><strong>rogate</strong></span> <span class='ocrx_word' id='word_1_212' title='bbox 907 3134 1129 3190; x_wconf 86' lang='lat' dir='ltr'><strong>semitas</strong></span> <span class='ocrx_word' id='word_1_213' title='bbox 1164 3132 1379 3188; x_wconf 90' lang='lat' dir='ltr'><strong>Domini</strong></span> <span class='ocrx_word' id='word_1_214' title='bbox 1433 3137 1826 3205; x_wconf 85' lang='lat' dir='ltr'><strong>sempiternas,</strong></span> <span class='ocrx_word' id='word_1_215' title='bbox 1877 3144 1929 3190; x_wconf 88' lang='lat' dir='ltr'><strong>et</strong></span> <span class='ocrx_word' id='word_1_216' title='bbox 1961 3135 2137 3191; x_wconf 86' lang='lat' dir='ltr'><strong>videte</strong></span> <span class='ocrx_word' id='word_1_217' title='bbox 2165 3173 2205 3229; x_wconf 65' lang='grc' dir='ltr'><strong>ϐ</strong></span> 
     </span>
    </p>
   </div>
   <div class='ocr_carea' id='block_1_33' title="bbox 569 3228 2138 3296">
    <p class='ocr_par' dir='ltr' id='par_1_33' title="bbox 569 3228 2138 3296">
     <span class='ocr_line' id='line_1_33' title="bbox 569 3228 2138 3296; baseline 0.001 -17"><span class='ocrx_word' id='word_1_218' title='bbox 569 3241 817 3296; x_wconf 78' lang='lat' dir='ltr'><strong>quaenam</strong></span> <span class='ocrx_word' id='word_1_219' title='bbox 869 3228 937 3281; x_wconf 89' lang='lat' dir='ltr'><strong>sit</strong></span> <span class='ocrx_word' id='word_1_220' title='bbox 976 3229 1063 3282; x_wconf 91' lang='lat' dir='ltr'><strong>via</strong></span> <span class='ocrx_word' id='word_1_221' title='bbox 1111 3230 1273 3292; x_wconf 88' lang='lat' dir='ltr'><strong>bona,</strong></span> <span class='ocrx_word' id='word_1_222' title='bbox 1310 3237 1364 3283; x_wconf 88' lang='lat' dir='ltr'><strong>et</strong></span> <span class='ocrx_word' id='word_1_223' title='bbox 1402 3228 1674 3283; x_wconf 81' lang='lat' dir='ltr'><strong>ambulate</strong></span> <span class='ocrx_word' id='word_1_224' title='bbox 1709 3229 1760 3281; x_wconf 88' lang='lat' dir='ltr'><strong>in</strong></span> <span class='ocrx_word' id='word_1_225' title='bbox 1790 3243 1871 3292; x_wconf 90' lang='lat' dir='ltr'><strong>ea,</strong></span> <span class='ocrx_word' id='word_1_226' title='bbox 1905 3239 1956 3282; x_wconf 92' lang='lat' dir='ltr'><strong>et</strong></span> <span class='ocrx_word' id='word_1_227' title='bbox 1988 3229 2138 3281; x_wconf 88' lang='lat' dir='ltr'><strong>invc-</strong></span> 
     </span>
    </p>
   </div>
   <div class='ocr_carea' id='block_1_34' title="bbox 566 3314 2135 3386">
    <p class='ocr_par' dir='ltr' id='par_1_34' title="bbox 566 3314 2135 3386">
     <span class='ocr_line' id='line_1_34' title="bbox 566 3314 2135 3386; baseline 0.001 -18"><span class='ocrx_word' id='word_1_228' title='bbox 566 3315 733 3370; x_wconf 85' lang='lat' dir='ltr'><strong>nietis</strong></span> <span class='ocrx_word' id='word_1_229' title='bbox 789 3317 1162 3386; x_wconf 79' lang='lat' dir='ltr'><strong>purgationem</strong></span> <span class='ocrx_word' id='word_1_230' title='bbox 1217 3317 1414 3373; x_wconf 89' lang='lat' dir='ltr'><strong>animis</strong></span> <span class='ocrx_word' id='word_1_231' title='bbox 1461 3316 1675 3371; x_wconf 88' lang='lat' dir='ltr'><strong>vestris.</strong></span> <span class='ocrx_word' id='word_1_232' title='bbox 1721 3314 1785 3368; x_wconf 85' lang='lat' dir='ltr'><strong>Et</strong></span> <span class='ocrx_word' id='word_1_233' title='bbox 1841 3315 2135 3370; x_wconf 83' lang='lat' dir='ltr'><strong>dixerunt:</strong></span> 
     </span>
    </p>
   </div>
   <div class='ocr_carea' id='block_1_35' title="bbox 568 3406 2140 3477">
    <p class='ocr_par' dir='ltr' id='par_1_35' title="bbox 568 3406 2140 3477">
     <span class='ocr_line' id='line_1_35' title="bbox 568 3406 2140 3477; baseline -0.004 -12"><span class='ocrx_word' id='word_1_234' title='bbox 568 3421 679 3465; x_wconf 69' lang='lat' dir='ltr'><strong>non</strong></span> <span class='ocrx_word' id='word_1_235' title='bbox 736 3407 1155 3463; x_wconf 72' lang='lat' dir='ltr'><strong>ambulabimus.</strong></span> <span class='ocrx_word' id='word_1_236' title='bbox 1204 3408 1473 3464; x_wconf 86' lang='lat' dir='ltr'><strong>Constitui</strong></span> <span class='ocrx_word' id='word_1_237' title='bbox 1524 3423 1688 3477; x_wconf 87' lang='lat' dir='ltr'><strong>super</strong></span> <span class='ocrx_word' id='word_1_238' title='bbox 1741 3423 1838 3462; x_wconf 85' lang='lat' dir='ltr'><strong>vos</strong></span> <span class='ocrx_word' id='word_1_239' title='bbox 1893 3406 2140 3476; x_wconf 88' lang='lat' dir='ltr'><strong>specula-</strong></span> 
     </span>
    </p>
   </div>
   <div class='ocr_carea' id='block_1_36' title="bbox 568 3497 2136 3567">
    <p class='ocr_par' dir='ltr' id='par_1_36' title="bbox 568 3497 2136 3567">
     <span class='ocr_line' id='line_1_36' title="bbox 568 3497 2136 3567; baseline -0.001 -12"><span class='ocrx_word' id='word_1_240' title='bbox 568 3505 737 3561; x_wconf 76' lang='lat' dir='ltr'><strong>tores,</strong></span> <span class='ocrx_word' id='word_1_241' title='bbox 771 3499 955 3555; x_wconf 86' lang='lat' dir='ltr'><strong>audite</strong></span> <span class='ocrx_word' id='word_1_242' title='bbox 987 3516 1173 3556; x_wconf 86' lang='lat' dir='ltr'><strong>vocem</strong></span> <span class='ocrx_word' id='word_1_243' title='bbox 1199 3502 1368 3567; x_wconf 65' lang='lat' dir='ltr'><strong>tubae;</strong></span> <span class='ocrx_word' id='word_1_244' title='bbox 1401 3510 1454 3556; x_wconf 91' lang='lat' dir='ltr'><strong>et</strong></span> <span class='ocrx_word' id='word_1_245' title='bbox 1483 3501 1738 3557; x_wconf 79' lang='lat' dir='ltr'><strong>dixerunt</strong></span> <span class='ocrx_word' id='word_1_246' title='bbox 1768 3519 1781 3554; x_wconf 91' lang='lat'>:</span> <span class='ocrx_word' id='word_1_247' title='bbox 1815 3515 1922 3553; x_wconf 87' lang='lat' dir='ltr'><strong>non</strong></span> <span class='ocrx_word' id='word_1_248' title='bbox 1950 3497 2136 3554; x_wconf 85' lang='lat' dir='ltr'><strong>audie-</strong></span> 
     </span>
    </p>
   </div>
   <div class='ocr_carea' id='block_1_37' title="bbox 568 3590 2136 3664">
    <p class='ocr_par' dir='ltr' id='par_1_37' title="bbox 568 3590 2136 3664">
     <span class='ocr_line' id='line_1_37' title="bbox 568 3590 2136 3664; baseline 0 -21"><span class='ocrx_word' id='word_1_249' title='bbox 568 3605 713 3645; x_wconf 85' lang='lat' dir='ltr'><strong>mus.</strong></span> <span class='ocrx_word' id='word_1_250' title='bbox 749 3590 858 3662; x_wconf 68' lang='grc'><strong>54</strong></span> <span class='ocrx_word' id='word_1_251' title='bbox 895 3590 1104 3647; x_wconf 87' lang='lat' dir='ltr'><strong>Idcirco</strong></span> <span class='ocrx_word' id='word_1_252' title='bbox 1142 3593 1433 3648; x_wconf 89' lang='lat' dir='ltr'><strong>audierunt</strong></span> <span class='ocrx_word' id='word_1_253' title='bbox 1461 3600 1670 3664; x_wconf 85' lang='lat' dir='ltr'><strong>gentes,</strong></span> <span class='ocrx_word' id='word_1_254' title='bbox 1696 3599 1751 3645; x_wconf 87' lang='lat' dir='ltr'><strong>ct</strong></span> <span class='ocrx_word' id='word_1_255' title='bbox 1779 3591 1871 3661; x_wconf 91' lang='lat' dir='ltr'><strong>qui</strong></span> <span class='ocrx_word' id='word_1_256' title='bbox 1905 3596 2136 3660; x_wconf 85' lang='lat' dir='ltr'><strong>pascunt</strong></span> 
     </span>
    </p>
   </div>
   <div class='ocr_carea' id='block_1_38' title="bbox 565 3682 1101 3751">
    <p class='ocr_par' dir='ltr' id='par_1_38' title="bbox 565 3682 1101 3751">
     <span class='ocr_line' id='line_1_38' title="bbox 565 3682 1101 3751; baseline 0.004 -18"><span class='ocrx_word' id='word_1_257' title='bbox 565 3695 760 3751; x_wconf 81' lang='lat' dir='ltr'><strong>greges</strong></span> <span class='ocrx_word' id='word_1_258' title='bbox 790 3682 844 3734; x_wconf 92' lang='lat' dir='ltr'><strong>in</strong></span> <span class='ocrx_word' id='word_1_259' title='bbox 871 3682 971 3737; x_wconf 88' lang='lat' dir='ltr'><strong>eis.</strong></span> <span class='ocrx_word' id='word_1_260' title='bbox 999 3682 1101 3737; x_wconf 74' lang='grc'>⁷⁸.»</span> 
     </span>
    </p>
   </div>
   <div class='ocr_carea' id='block_1_39' title="bbox 566 3791 2132 3866">
    <p class='ocr_par' dir='ltr' id='par_1_39' title="bbox 566 3791 2132 3866">
     <span class='ocr_line' id='line_1_39' title="bbox 566 3791 2132 3866; baseline 0 -19"><span class='ocrx_word' id='word_1_261' title='bbox 566 3791 733 3853; x_wconf 74' lang='lat' dir='ltr'><strong>XXV.</strong></span> <span class='ocrx_word' id='word_1_262' title='bbox 774 3793 1171 3866; x_wconf 74' lang='lat' dir='ltr'><strong>Ab_eodem.—-—</strong></span> <span class='ocrx_word' id='word_1_263' title='bbox 1195 3794 1417 3849; x_wconf 80' lang='lat' dir='ltr'><strong>Pietatis</strong></span> <span class='ocrx_word' id='word_1_264' title='bbox 1458 3798 1689 3866; x_wconf 79' lang='lat' dir='ltr'><strong>gentium</strong></span> <span class='ocrx_word' id='word_1_265' title='bbox 1737 3795 2048 3857; x_wconf 78' lang='lat' dir='ltr'><strong>declaratio,</strong></span> <span class='ocrx_word' id='word_1_266' title='bbox 2082 3805 2132 3848; x_wconf 87' lang='lat' dir='ltr'><strong>et</strong></span> 
     </span>
    </p>
   </div>
   <div class='ocr_carea' id='block_1_40' title="bbox 635 3862 2132 3937">
    <p class='ocr_par' dir='ltr' id='par_1_40' title="bbox 635 3862 2132 3937">
     <span class='ocr_line' id='line_1_40' title="bbox 635 3862 2132 3937; baseline 0.001 -20"><span class='ocrx_word' id='word_1_267' title='bbox 635 3866 804 3934; x_wconf 80' lang='lat' dir='ltr'><strong>gemis</strong></span> <span class='ocrx_word' id='word_1_268' title='bbox 836 3862 1081 3919; x_wconf 74' lang='lat' dir='ltr'><strong>.Iudaicw</strong></span> <span class='ocrx_word' id='word_1_269' title='bbox 1116 3866 1403 3937; x_wconf 75' lang='lat' dir='ltr'><strong>impietatis</strong></span> <span class='ocrx_word' id='word_1_270' title='bbox 1449 3862 1738 3937; x_wconf 75' lang='lat' dir='ltr'><strong>accusatio.</strong></span> <span class='ocrx_word' id='word_1_271' title='bbox 1769 3875 1817 3920; x_wconf 88' lang='lat' dir='ltr'><strong>et</strong></span> <span class='ocrx_word' id='word_1_272' title='bbox 1860 3866 2132 3937; x_wconf 78' lang='lat' dir='ltr'><strong>prwdictio</strong></span> 
     </span>
    </p>
   </div>
   <div class='ocr_carea' id='block_1_41' title="bbox 639 3935 2131 4006">
    <p class='ocr_par' dir='ltr' id='par_1_41' title="bbox 639 3935 2131 4006">
     <span class='ocr_line' id='line_1_41' title="bbox 639 3935 2131 4006; baseline 0 -19"><span class='ocrx_word' id='word_1_273' title='bbox 639 3937 920 3999; x_wconf 84' lang='lat' dir='ltr'><strong>malorum,</strong></span> <span class='ocrx_word' id='word_1_274' title='bbox 964 3952 1080 4006; x_wconf 66' lang='lat' dir='ltr'><strong>quae</strong></span> <span class='ocrx_word' id='word_1_275' title='bbox 1124 3944 1242 4005; x_wconf 76' lang='lat' dir='ltr'><strong>post</strong></span> <span class='ocrx_word' id='word_1_276' title='bbox 1288 3935 1487 3991; x_wconf 82' lang='lat' dir='ltr'><strong>Christi</strong></span> <span class='ocrx_word' id='word_1_277' title='bbox 1548 3935 1828 3990; x_wconf 78' lang='lat' dir='ltr'><strong>adventum</strong></span> <span class='ocrx_word' id='word_1_278' title='bbox 1862 3935 2131 3990; x_wconf 36' lang='lat' dir='ltr'><strong>&#39;invasura</strong></span> 
     </span>
    </p>
   </div>
   <div class='ocr_carea' id='block_1_42' title="bbox 623 4014 919 4080">
    <p class='ocr_par' dir='ltr' id='par_1_42' title="bbox 623 4014 919 4080">
     <span class='ocr_line' id='line_1_42' title="bbox 623 4014 919 4080; baseline 0.024 -28"><span class='ocrx_word' id='word_1_279' title='bbox 623 4014 785 4058; x_wconf 68' lang='lat' dir='ltr'><strong>erant</strong></span> <span class='ocrx_word' id='word_1_280' title='bbox 812 4022 919 4080; x_wconf 69' lang='lat' dir='ltr'><strong>eos.</strong></span> 
     </span>
    </p>
   </div>
   <div class='ocr_carea' id='block_1_43' title="bbox 636 4116 2132 4185">
    <p class='ocr_par' dir='ltr' id='par_1_43' title="bbox 636 4116 2132 4185">
     <span class='ocr_line' id='line_1_43' title="bbox 636 4116 2132 4185; baseline 0.002 -16"><span class='ocrx_word' id='word_1_281' title='bbox 636 4136 658 4169; x_wconf 74' lang='grc' dir='ltr'><strong>ι</strong></span> <span class='ocrx_word' id='word_1_282' title='bbox 692 4117 940 4183; x_wconf 85' lang='lat' dir='ltr'><strong>Domine,</strong></span> <span class='ocrx_word' id='word_1_283' title='bbox 974 4116 1231 4174; x_wconf 75' lang='lat' dir='ltr'><strong>fortitudo</strong></span> <span class='ocrx_word' id='word_1_284' title='bbox 1265 4133 1405 4181; x_wconf 85' lang='lat' dir='ltr'><strong>mea,</strong></span> <span class='ocrx_word' id='word_1_285' title='bbox 1438 4126 1492 4174; x_wconf 90' lang='lat' dir='ltr'><strong>et</strong></span> <span class='ocrx_word' id='word_1_286' title='bbox 1533 4118 1799 4174; x_wconf 80' lang='lat' dir='ltr'><strong>auxilium</strong></span> <span class='ocrx_word' id='word_1_287' title='bbox 1844 4134 2045 4185; x_wconf 90' lang='lat' dir='ltr'><strong>meum,</strong></span> <span class='ocrx_word' id='word_1_288' title='bbox 2076 4126 2132 4173; x_wconf 91' lang='lat' dir='ltr'><strong>et</strong></span> 
     </span>
    </p>
   </div>
   <div class='ocr_carea' id='block_1_44' title="bbox 562 4209 2131 4282">
    <p class='ocr_par' dir='ltr' id='par_1_44' title="bbox 562 4209 2131 4282">
     <span class='ocr_line' id='line_1_44' title="bbox 562 4209 2131 4282; baseline 0.001 -17"><span class='ocrx_word' id='word_1_289' title='bbox 562 4209 834 4282; x_wconf 82' lang='lat' dir='ltr'><strong>refugium</strong></span> <span class='ocrx_word' id='word_1_290' title='bbox 875 4227 1053 4267; x_wconf 86' lang='lat' dir='ltr'><strong>meum</strong></span> <span class='ocrx_word' id='word_1_291' title='bbox 1084 4214 1138 4267; x_wconf 89' lang='lat' dir='ltr'><strong>in</strong></span> <span class='ocrx_word' id='word_1_292' title='bbox 1171 4212 1259 4267; x_wconf 88' lang='lat' dir='ltr'><strong>die</strong></span> <span class='ocrx_word' id='word_1_293' title='bbox 1290 4212 1580 4267; x_wconf 91' lang='lat' dir='ltr'><strong>malorum.</strong></span> <span class='ocrx_word' id='word_1_294' title='bbox 1607 4210 1687 4266; x_wconf 83' lang='lat' dir='ltr'><strong>Ad</strong></span> <span class='ocrx_word' id='word_1_295' title='bbox 1730 4218 1781 4266; x_wconf 90' lang='lat' dir='ltr'><strong>te</strong></span> <span class='ocrx_word' id='word_1_296' title='bbox 1823 4218 2013 4282; x_wconf 82' lang='lat' dir='ltr'><strong>gentes</strong></span> <span class='ocrx_word' id='word_1_297' title='bbox 2039 4227 2131 4267; x_wconf 85' lang='lat' dir='ltr'><strong>ve-</strong></span> 
     </span>
    </p>
   </div>
   <div class='ocr_carea' id='block_1_45' title="bbox 558 4299 2131 4374">
    <p class='ocr_par' dir='ltr' id='par_1_45' title="bbox 558 4299 2131 4374">
     <span class='ocr_line' id='line_1_45' title="bbox 558 4299 2131 4374; baseline 0.001 -19"><span class='ocrx_word' id='word_1_298' title='bbox 558 4302 735 4365; x_wconf 67' lang='lat' dir='ltr'><strong>nient,</strong></span> <span class='ocrx_word' id='word_1_299' title='bbox 762 4301 829 4357; x_wconf 89' lang='lat' dir='ltr'><strong>ab</strong></span> <span class='ocrx_word' id='word_1_300' title='bbox 856 4312 1098 4357; x_wconf 73' lang='lat' dir='ltr'><strong>extremo</strong></span> <span class='ocrx_word' id='word_1_301' title='bbox 1126 4310 1310 4363; x_wconf 63' lang='lat' dir='ltr'><strong>terrae,</strong></span> <span class='ocrx_word' id='word_1_302' title='bbox 1338 4311 1390 4356; x_wconf 91' lang='lat' dir='ltr'><strong>et</strong></span> <span class='ocrx_word' id='word_1_303' title='bbox 1420 4301 1602 4356; x_wconf 88' lang='lat' dir='ltr'><strong>dicent</strong></span> <span class='ocrx_word' id='word_1_304' title='bbox 1630 4316 1643 4352; x_wconf 90' lang='lat'><strong>:</strong></span> <span class='ocrx_word' id='word_1_305' title='bbox 1682 4299 1815 4355; x_wconf 85' lang='lat' dir='ltr'><strong>Vere</strong></span> <span class='ocrx_word' id='word_1_306' title='bbox 1844 4301 1979 4355; x_wconf 86' lang='lat' dir='ltr'><strong>falsa</strong></span> <span class='ocrx_word' id='word_1_307' title='bbox 2001 4317 2131 4374; x_wconf 85' lang='lat' dir='ltr'><strong>pos-</strong></span> 
     </span>
    </p>
   </div>
   <div class='ocr_carea' id='block_1_46' title="bbox 560 4395 2128 4465">
    <p class='ocr_par' dir='ltr' id='par_1_46' title="bbox 560 4395 2128 4465">
     <span class='ocr_line' id='line_1_46' title="bbox 560 4395 2128 4465; baseline 0.001 -13"><span class='ocrx_word' id='word_1_308' title='bbox 560 4396 823 4452; x_wconf 79' lang='lat' dir='ltr'><strong>sederunt</strong></span> <span class='ocrx_word' id='word_1_309' title='bbox 853 4404 1035 4465; x_wconf 85' lang='lat' dir='ltr'><strong>patres</strong></span> <span class='ocrx_word' id='word_1_310' title='bbox 1066 4395 1240 4452; x_wconf 85' lang='lat' dir='ltr'><strong>nostri</strong></span> <span class='ocrx_word' id='word_1_311' title='bbox 1272 4395 1585 4462; x_wconf 90' lang='lat' dir='ltr'><strong>simulacra,</strong></span> <span class='ocrx_word' id='word_1_312' title='bbox 1618 4404 1672 4450; x_wconf 91' lang='lat' dir='ltr'><strong>et</strong></span> <span class='ocrx_word' id='word_1_313' title='bbox 1707 4410 1817 4450; x_wconf 87' lang='lat' dir='ltr'><strong>non</strong></span> <span class='ocrx_word' id='word_1_314' title='bbox 1848 4404 1930 4451; x_wconf 87' lang='lat' dir='ltr'><strong>est</strong></span> <span class='ocrx_word' id='word_1_315' title='bbox 1954 4396 2009 4452; x_wconf 90' lang='lat' dir='ltr'><strong>in</strong></span> <span class='ocrx_word' id='word_1_316' title='bbox 2047 4398 2128 4455; x_wconf 89' lang='lat' dir='ltr'><strong>eis</strong></span> 
     </span>
    </p>
   </div>
   <div class='ocr_carea' id='block_1_47' title="bbox 2253 561 3814 634">
    <p class='ocr_par' dir='ltr' id='par_1_47' title="bbox 2253 561 3814 634">
     <span class='ocr_line' id='line_1_47' title="bbox 2253 561 3814 634; baseline 0.001 -17"><span class='ocrx_word' id='word_1_317' title='bbox 2253 564 2486 626; x_wconf 82' lang='grc' dir='ltr'>αἰώνιον,</span> <span class='ocrx_word' id='word_1_318' title='bbox 2532 562 2600 617; x_wconf 82' lang='grc' dir='ltr'>τὰ</span> <span class='ocrx_word' id='word_1_319' title='bbox 2643 564 2764 615; x_wconf 84' lang='grc' dir='ltr'>ὅσια</span> <span class='ocrx_word' id='word_1_320' title='bbox 2795 563 2955 616; x_wconf 69' lang='grc' dir='ltr'>Δαεὶδ</span> <span class='ocrx_word' id='word_1_321' title='bbox 2980 564 3046 616; x_wconf 82' lang='grc' dir='ltr'><strong>τά</strong></span> <span class='ocrx_word' id='word_1_322' title='bbox 3097 564 3286 617; x_wconf 79' lang='grc' dir='ltr'>πιστά.</span> <span class='ocrx_word' id='word_1_323' title='bbox 3341 561 3475 615; x_wconf 73' lang='grc' dir='ltr'>Ἰδοὺ</span> <span class='ocrx_word' id='word_1_324' title='bbox 3531 565 3814 634; x_wconf 81' lang='grc' dir='ltr'>μαρτύριον</span> 
     </span>
    </p>
   </div>
   <div class='ocr_carea' id='block_1_48' title="bbox 2251 653 3816 726">
    <p class='ocr_par' dir='ltr' id='par_1_48' title="bbox 2251 653 3816 726">
     <span class='ocr_line' id='line_1_48' title="bbox 2251 653 3816 726; baseline 0.001 -18"><span class='ocrx_word' id='word_1_325' title='bbox 2251 655 2424 709; x_wconf 67' lang='grc' dir='ltr'>ἔθνεσι</span> <span class='ocrx_word' id='word_1_326' title='bbox 2444 654 2652 707; x_wconf 76' lang='grc' dir='ltr'>δέδωκα</span> <span class='ocrx_word' id='word_1_327' title='bbox 2678 653 2856 714; x_wconf 74' lang='grc' dir='ltr'>αὑτὸν,</span> <span class='ocrx_word' id='word_1_328' title='bbox 2881 654 3113 725; x_wconf 83' lang='grc' dir='ltr'>ἄρχοντα</span> <span class='ocrx_word' id='word_1_329' title='bbox 3137 655 3228 708; x_wconf 75' lang='grc' dir='ltr'><strong>καὶ</strong></span> <span class='ocrx_word' id='word_1_330' title='bbox 3248 655 3667 726; x_wconf 76' lang='grc' dir='ltr'>προστάσσοντα</span> <span class='ocrx_word' id='word_1_331' title='bbox 3688 655 3816 709; x_wconf 66' lang='grc' dir='ltr'>ἔθνει</span> 
     </span>
    </p>
   </div>
   <div class='ocr_carea' id='block_1_49' title="bbox 2254 744 3815 817">
    <p class='ocr_par' dir='ltr' id='par_1_49' title="bbox 2254 744 3815 817">
     <span class='ocr_line' id='line_1_49' title="bbox 2254 744 3815 817; baseline -0.001 -17"><span class='ocrx_word' id='word_1_332' title='bbox 2254 764 2353 800; x_wconf 87' lang='grc' dir='ltr'>σιν.</span> <span class='ocrx_word' id='word_1_333' title='bbox 2379 746 2544 817; x_wconf 83' lang='grc' dir='ltr'>Ἐθνη</span> <span class='ocrx_word' id='word_1_334' title='bbox 2583 745 2617 799; x_wconf 76' lang='grc' dir='ltr'>ἃ</span> <span class='ocrx_word' id='word_1_335' title='bbox 2644 747 2744 798; x_wconf 77' lang='grc' dir='ltr'><strong>οὐκ</strong></span> <span class='ocrx_word' id='word_1_336' title='bbox 2785 746 2984 799; x_wconf 78' lang='grc' dir='ltr'>οἶδασίν</span> <span class='ocrx_word' id='word_1_337' title='bbox 3026 763 3104 811; x_wconf 90' lang='grc' dir='ltr'><strong>σε,</strong></span> <span class='ocrx_word' id='word_1_338' title='bbox 3154 744 3581 798; x_wconf 81' lang='grc' dir='ltr'>ὲπικαλέσονταί</span> <span class='ocrx_word' id='word_1_339' title='bbox 3619 761 3698 808; x_wconf 86' lang='grc' dir='ltr'><strong>σε,</strong></span> <span class='ocrx_word' id='word_1_340' title='bbox 3730 748 3815 799; x_wconf 69' lang='grc' dir='ltr'><strong>καὶ</strong></span> 
     </span>
    </p>
   </div>
   <div class='ocr_carea' id='block_1_50' title="bbox 2250 836 3812 905">
    <p class='ocr_par' dir='ltr' id='par_1_50' title="bbox 2250 836 3812 905">
     <span class='ocr_line' id='line_1_50' title="bbox 2250 836 3812 905; baseline 0.001 -16"><span class='ocrx_word' id='word_1_341' title='bbox 2250 837 2366 891; x_wconf 76' lang='grc' dir='ltr'>λαοὶ</span> <span class='ocrx_word' id='word_1_342' title='bbox 2418 838 2466 891; x_wconf 84' lang='grc' dir='ltr'>οἳ</span> <span class='ocrx_word' id='word_1_343' title='bbox 2512 838 2611 891; x_wconf 84' lang='grc' dir='ltr'><strong>οὐκ</strong></span> <span class='ocrx_word' id='word_1_344' title='bbox 2652 838 2966 891; x_wconf 77' lang='grc' dir='ltr'>ἐπίστανταί</span> <span class='ocrx_word' id='word_1_345' title='bbox 3014 839 3092 902; x_wconf 84' lang='grc' dir='ltr'>σε’,</span> <span class='ocrx_word' id='word_1_346' title='bbox 3129 839 3217 890; x_wconf 72' lang='grc' dir='ltr'>ἐπὶ</span> <span class='ocrx_word' id='word_1_347' title='bbox 3261 837 3323 889; x_wconf 81' lang='grc' dir='ltr'>σὲ</span> <span class='ocrx_word' id='word_1_348' title='bbox 3372 836 3812 905; x_wconf 77' lang='grc' dir='ltr'>καταφεύξονται,</span> 
     </span>
    </p>
   </div>
   <div class='ocr_carea' id='block_1_51' title="bbox 2249 926 3814 1000">
    <p class='ocr_par' dir='ltr' id='par_1_51' title="bbox 2249 926 3814 1000">
     <span class='ocr_line' id='line_1_51' title="bbox 2249 926 3814 1000; baseline 0.001 -20"><span class='ocrx_word' id='word_1_349' title='bbox 2249 928 2411 981; x_wconf 74' lang='grc' dir='ltr'>ἕνεκα</span> <span class='ocrx_word' id='word_1_350' title='bbox 2454 928 2656 1000; x_wconf 80' lang='grc' dir='ltr'>Κυρίου</span> <span class='ocrx_word' id='word_1_351' title='bbox 2687 928 2778 980; x_wconf 72' lang='grc' dir='ltr'>τοῦ</span> <span class='ocrx_word' id='word_1_352' title='bbox 2810 928 2942 981; x_wconf 82' lang='grc' dir='ltr'>Θεοῦ</span> <span class='ocrx_word' id='word_1_353' title='bbox 2985 926 3073 980; x_wconf 79' lang='grc' dir='ltr'>τοῦ</span> <span class='ocrx_word' id='word_1_354' title='bbox 3108 928 3265 994; x_wconf 81' lang='grc' dir='ltr'>ἁγίου</span> <span class='ocrx_word' id='word_1_355' title='bbox 3305 943 3404 979; x_wconf 89' lang='grc' dir='ltr'><strong>σου</strong></span> <span class='ocrx_word' id='word_1_356' title='bbox 3454 926 3692 997; x_wconf 78' lang='grc' dir='ltr'>Ἰσραὴλ,</span> <span class='ocrx_word' id='word_1_357' title='bbox 3741 930 3814 981; x_wconf 81' lang='grc' dir='ltr'>ὅτι</span> 
     </span>
    </p>
   </div>
   <div class='ocr_carea' id='block_1_52' title="bbox 2249 1015 3814 1089">
    <p class='ocr_par' dir='ltr' id='par_1_52' title="bbox 2249 1015 3814 1089">
     <span class='ocr_line' id='line_1_52' title="bbox 2249 1015 3814 1089; baseline -0.001 -17"><span class='ocrx_word' id='word_1_358' title='bbox 2249 1020 2497 1084; x_wconf 78' lang='grc' dir='ltr'>ἐδόξασεν</span> <span class='ocrx_word' id='word_1_359' title='bbox 2529 1037 2611 1073; x_wconf 92' lang='grc' dir='ltr'><strong>σε.</strong></span> <span class='ocrx_word' id='word_1_360' title='bbox 2652 1039 2668 1071; x_wconf 79' lang='grc' dir='ltr'><strong>ι</strong></span> <span class='ocrx_word' id='word_1_361' title='bbox 2707 1021 2815 1073; x_wconf 70' lang='grc' dir='ltr'>Καὶ</span> <span class='ocrx_word' id='word_1_362' title='bbox 2844 1019 2931 1072; x_wconf 74' lang='grc' dir='ltr'>διὰ</span> <span class='ocrx_word' id='word_1_363' title='bbox 2961 1019 3161 1073; x_wconf 86' lang='grc' dir='ltr'>τούτων</span> <span class='ocrx_word' id='word_1_364' title='bbox 3188 1015 3281 1072; x_wconf 78' lang='grc' dir='ltr'><strong>οὖν</strong></span> <span class='ocrx_word' id='word_1_365' title='bbox 3316 1018 3721 1089; x_wconf 78' lang='grc' dir='ltr'><strong>μεμαθηκότες,</strong></span> <span class='ocrx_word' id='word_1_366' title='bbox 3747 1020 3814 1083; x_wconf 83' lang='grc' dir='ltr'><strong>ὡς</strong></span> 
     </span>
    </p>
   </div>
   <div class='ocr_carea' id='block_1_53' title="bbox 2249 1108 3814 1182">
    <p class='ocr_par' dir='ltr' id='par_1_53' title="bbox 2249 1108 3814 1182">
     <span class='ocr_line' id='line_1_53' title="bbox 2249 1108 3814 1182; baseline 0.001 -19"><span class='ocrx_word' id='word_1_367' title='bbox 2249 1111 2402 1182; x_wconf 75' lang='grc' dir='ltr'>ἡτοῦ</span> <span class='ocrx_word' id='word_1_368' title='bbox 2434 1111 2669 1182; x_wconf 81' lang='grc' dir='ltr'>Χριστοῦ</span> <span class='ocrx_word' id='word_1_369' title='bbox 2704 1112 2972 1181; x_wconf 80' lang='grc' dir='ltr'>παρουσία</span> <span class='ocrx_word' id='word_1_370' title='bbox 3022 1112 3082 1164; x_wconf 81' lang='grc' dir='ltr'><strong>οὐ</strong></span> <span class='ocrx_word' id='word_1_371' title='bbox 3121 1111 3303 1182; x_wconf 86' lang='grc' dir='ltr'>μόνοις</span> <span class='ocrx_word' id='word_1_372' title='bbox 3354 1108 3654 1174; x_wconf 80' lang='grc' dir='ltr'>Ἰουδαίοις,</span> <span class='ocrx_word' id='word_1_373' title='bbox 3691 1109 3814 1165; x_wconf 83' lang='grc' dir='ltr'><strong>ἀλλά</strong></span> 
     </span>
    </p>
   </div>
   <div class='ocr_carea' id='block_1_54' title="bbox 2249 1201 3812 1274">
    <p class='ocr_par' dir='ltr' id='par_1_54' title="bbox 2249 1201 3812 1274">
     <span class='ocr_line' id='line_1_54' title="bbox 2249 1201 3812 1274; baseline 0.001 -20"><span class='ocrx_word' id='word_1_374' title='bbox 2249 1201 2342 1254; x_wconf 83' lang='grc' dir='ltr'><strong>καὶ</strong></span> <span class='ocrx_word' id='word_1_375' title='bbox 2371 1203 2504 1254; x_wconf 78' lang='grc' dir='ltr'>πᾶσι</span> <span class='ocrx_word' id='word_1_376' title='bbox 2535 1203 2646 1265; x_wconf 82' lang='grc' dir='ltr'>τοῖς</span> <span class='ocrx_word' id='word_1_377' title='bbox 2673 1201 2845 1255; x_wconf 74' lang='grc' dir='ltr'>ἔθνεσι</span> <span class='ocrx_word' id='word_1_378' title='bbox 2880 1203 3145 1274; x_wconf 79' lang='grc' dir='ltr'>σωτήριος</span> <span class='ocrx_word' id='word_1_379' title='bbox 3185 1202 3411 1255; x_wconf 73' lang='grc' dir='ltr'>ἔσεσθαι</span> <span class='ocrx_word' id='word_1_380' title='bbox 3455 1202 3812 1273; x_wconf 79' lang='grc' dir='ltr'>προηυτρεπί-</span> 
     </span>
    </p>
   </div>
   <div class='ocr_carea' id='block_1_55' title="bbox 2248 1291 3813 1363">
    <p class='ocr_par' dir='ltr' id='par_1_55' title="bbox 2248 1291 3813 1363">
     <span class='ocr_line' id='line_1_55' title="bbox 2248 1291 3813 1363; baseline 0.002 -19"><span class='ocrx_word' id='word_1_381' title='bbox 2248 1291 2389 1356; x_wconf 77' lang='grc' dir='ltr'>ζετο,</span> <span class='ocrx_word' id='word_1_382' title='bbox 2432 1292 2563 1362; x_wconf 78' lang='grc' dir='ltr'>φέρε</span> <span class='ocrx_word' id='word_1_383' title='bbox 2608 1292 2793 1345; x_wconf 77' lang='grc' dir='ltr'>καὶτὸ</span> <span class='ocrx_word' id='word_1_384' title='bbox 2836 1294 3016 1363; x_wconf 86' lang='grc' dir='ltr'>τρίτον</span> <span class='ocrx_word' id='word_1_385' title='bbox 3048 1293 3449 1363; x_wconf 80' lang='grc' dir='ltr'>ἀποδείξωμεν,</span> <span class='ocrx_word' id='word_1_386' title='bbox 3495 1292 3645 1355; x_wconf 82' lang='grc' dir='ltr'>ὅπως</span> <span class='ocrx_word' id='word_1_387' title='bbox 3685 1294 3813 1347; x_wconf 71' lang='grc' dir='ltr'>κατὰ</span> 
     </span>
    </p>
   </div>
   <div class='ocr_carea' id='block_1_56' title="bbox 2246 1383 3813 1455">
    <p class='ocr_par' dir='ltr' id='par_1_56' title="bbox 2246 1383 3813 1455">
     <span class='ocr_line' id='line_1_56' title="bbox 2246 1383 3813 1455; baseline 0 -20"><span class='ocrx_word' id='word_1_388' title='bbox 2246 1384 2370 1446; x_wconf 76' lang='grc' dir='ltr'>τοὺς</span> <span class='ocrx_word' id='word_1_389' title='bbox 2401 1383 2498 1453; x_wconf 88' lang='grc' dir='ltr'><strong>τῆς</strong></span> <span class='ocrx_word' id='word_1_390' title='bbox 2521 1383 2833 1451; x_wconf 77' lang='grc' dir='ltr'>ἐπιφανείας</span> <span class='ocrx_word' id='word_1_391' title='bbox 2861 1384 3022 1438; x_wconf 78' lang='grc' dir='ltr'>αὐτοῦ</span> <span class='ocrx_word' id='word_1_392' title='bbox 3056 1385 3277 1455; x_wconf 86' lang='grc' dir='ltr'>χρόνους</span> <span class='ocrx_word' id='word_1_393' title='bbox 3301 1384 3364 1436; x_wconf 81' lang='grc' dir='ltr'><strong>οὐ</strong></span> <span class='ocrx_word' id='word_1_394' title='bbox 3397 1384 3564 1453; x_wconf 86' lang='grc' dir='ltr'>μόνον</span> <span class='ocrx_word' id='word_1_395' title='bbox 3594 1384 3660 1435; x_wconf 78' lang='grc' dir='ltr'>τὰ</span> <span class='ocrx_word' id='word_1_396' title='bbox 3691 1402 3813 1455; x_wconf 80' lang='grc' dir='ltr'>χρη-</span> 
     </span>
    </p>
   </div>
   <div class='ocr_carea' id='block_1_57' title="bbox 2250 1473 3811 1546">
    <p class='ocr_par' dir='ltr' id='par_1_57' title="bbox 2250 1473 3811 1546">
     <span class='ocr_line' id='line_1_57' title="bbox 2250 1473 3811 1546; baseline 0.001 -19"><span class='ocrx_word' id='word_1_397' title='bbox 2250 1475 2473 1545; x_wconf 83' lang='grc' dir='ltr'>στότερα</span> <span class='ocrx_word' id='word_1_398' title='bbox 2503 1478 2615 1537; x_wconf 84' lang='grc' dir='ltr'>τοῖς</span> <span class='ocrx_word' id='word_1_399' title='bbox 2660 1474 2834 1527; x_wconf 77' lang='grc' dir='ltr'>ἔθνεσι</span> <span class='ocrx_word' id='word_1_400' title='bbox 2869 1474 3293 1546; x_wconf 81' lang='grc' dir='ltr'>προεφητεύετο,</span> <span class='ocrx_word' id='word_1_401' title='bbox 3324 1473 3468 1526; x_wconf 85' lang='grc' dir='ltr'>ἀλλὰ</span> <span class='ocrx_word' id='word_1_402' title='bbox 3497 1473 3592 1527; x_wconf 79' lang='grc' dir='ltr'>καὶ</span> <span class='ocrx_word' id='word_1_403' title='bbox 3626 1477 3729 1538; x_wconf 69' lang='grc' dir='ltr'>τοῖς</span> <span class='ocrx_word' id='word_1_404' title='bbox 3755 1477 3811 1529; x_wconf 81' lang='grc' dir='ltr'>ἐκ</span> 
     </span>
    </p>
   </div>
   <div class='ocr_carea' id='block_1_58' title="bbox 2249 1567 3810 1641">
    <p class='ocr_par' dir='ltr' id='par_1_58' title="bbox 2249 1567 3810 1641">
     <span class='ocr_line' id='line_1_58' title="bbox 2249 1567 3810 1641; baseline -0.001 -20"><span class='ocrx_word' id='word_1_405' title='bbox 2249 1569 2544 1641; x_wconf 83' lang='grc' dir='ltr'>περιτομῆς</span> <span class='ocrx_word' id='word_1_406' title='bbox 2576 1568 2643 1621; x_wconf 86' lang='grc' dir='ltr'><strong>τά</strong></span> <span class='ocrx_word' id='word_1_407' title='bbox 2681 1569 2918 1622; x_wconf 79' lang='grc' dir='ltr'>ἐναντία.</span> <span class='ocrx_word' id='word_1_408' title='bbox 2970 1569 3271 1640; x_wconf 76' lang='grc' dir='ltr'>Διαρρήδην</span> <span class='ocrx_word' id='word_1_409' title='bbox 3320 1567 3460 1636; x_wconf 79' lang='grc' dir='ltr'>γοῦν</span> <span class='ocrx_word' id='word_1_410' title='bbox 3506 1568 3810 1621; x_wconf 80' lang='grc' dir='ltr'>ἀπόπτωσιν</span> 
     </span>
    </p>
   </div>
   <div class='ocr_carea' id='block_1_59' title="bbox 2246 1659 3813 1731">
    <p class='ocr_par' dir='ltr' id='par_1_59' title="bbox 2246 1659 3813 1731">
     <span class='ocr_line' id='line_1_59' title="bbox 2246 1659 3813 1731; baseline -0.001 -17"><span class='ocrx_word' id='word_1_411' title='bbox 2246 1660 2338 1714; x_wconf 72' lang='grc' dir='ltr'><strong>καὶ</strong></span> <span class='ocrx_word' id='word_1_412' title='bbox 2359 1659 2625 1731; x_wconf 80' lang='grc' dir='ltr'>ἀποϐολὴν</span> <span class='ocrx_word' id='word_1_413' title='bbox 2656 1660 2746 1713; x_wconf 79' lang='grc' dir='ltr'>τοῦ</span> <span class='ocrx_word' id='word_1_414' title='bbox 2785 1660 3048 1713; x_wconf 82' lang='grc' dir='ltr'>Ἰουδαίων</span> <span class='ocrx_word' id='word_1_415' title='bbox 3078 1660 3280 1723; x_wconf 78' lang='grc' dir='ltr'>ἔθνους,</span> <span class='ocrx_word' id='word_1_416' title='bbox 3308 1659 3399 1713; x_wconf 68' lang='grc' dir='ltr'>διὰ</span> <span class='ocrx_word' id='word_1_417' title='bbox 3441 1659 3546 1729; x_wconf 83' lang='grc' dir='ltr'><strong>τὴν</strong></span> <span class='ocrx_word' id='word_1_418' title='bbox 3582 1661 3659 1723; x_wconf 88' lang='grc' dir='ltr'>εἱς</span> <span class='ocrx_word' id='word_1_419' title='bbox 3691 1661 3813 1731; x_wconf 80' lang='grc' dir='ltr'>Χρι-</span> 
     </span>
    </p>
   </div>
   <div class='ocr_carea' id='block_1_60' title="bbox 2250 1750 3811 1821">
    <p class='ocr_par' dir='ltr' id='par_1_60' title="bbox 2250 1750 3811 1821">
     <span class='ocr_line' id='line_1_60' title="bbox 2250 1750 3811 1821; baseline 0.001 -18"><span class='ocrx_word' id='word_1_420' title='bbox 2250 1751 2371 1804; x_wconf 78' lang='grc' dir='ltr'>στὸν</span> <span class='ocrx_word' id='word_1_421' title='bbox 2398 1752 2652 1804; x_wconf 79' lang='grc' dir='ltr'>ἀπιστίαν</span> <span class='ocrx_word' id='word_1_422' title='bbox 2692 1750 2889 1815; x_wconf 81' lang='grc' dir='ltr'>αὐτῶν,</span> <span class='ocrx_word' id='word_1_423' title='bbox 2921 1750 3155 1815; x_wconf 82' lang='grc' dir='ltr'>ἔσεσθαι,</span> <span class='ocrx_word' id='word_1_424' title='bbox 3176 1751 3245 1804; x_wconf 75' lang='grc' dir='ltr'>τὰ</span> <span class='ocrx_word' id='word_1_425' title='bbox 3277 1750 3413 1821; x_wconf 82' lang='grc' dir='ltr'>παρ’</span> <span class='ocrx_word' id='word_1_426' title='bbox 3454 1751 3640 1812; x_wconf 81' lang='grc' dir='ltr'>αὐτοῖς</span> <span class='ocrx_word' id='word_1_427' title='bbox 3667 1750 3811 1818; x_wconf 82' lang='grc' dir='ltr'>λόγια</span> 
     </span>
    </p>
   </div>
   <div class='ocr_carea' id='block_1_61' title="bbox 2176 1828 3811 1915">
    <p class='ocr_par' dir='ltr' id='par_1_61' title="bbox 2176 1828 3811 1915">
     <span class='ocr_line' id='line_1_61' title="bbox 2176 1828 3811 1915; baseline -0.001 -18"><span class='ocrx_word' id='word_1_428' title='bbox 2176 1828 2214 1881; x_wconf 76' lang='grc' dir='ltr'><strong>Β</strong></span> <span class='ocrx_word' id='word_1_429' title='bbox 2244 1842 2623 1915; x_wconf 81' lang='grc' dir='ltr'>προαγορεύει,</span> <span class='ocrx_word' id='word_1_430' title='bbox 2653 1842 2727 1906; x_wconf 88' lang='grc' dir='ltr'><strong>ώς</strong></span> <span class='ocrx_word' id='word_1_431' title='bbox 2755 1843 2947 1913; x_wconf 78' lang='grc' dir='ltr'>μηκέτι</span> <span class='ocrx_word' id='word_1_432' title='bbox 2979 1842 3123 1906; x_wconf 78' lang='grc' dir='ltr'>ἴσους</span> <span class='ocrx_word' id='word_1_433' title='bbox 3150 1843 3298 1913; x_wconf 80' lang='grc' dir='ltr'>ἡμᾶς</span> <span class='ocrx_word' id='word_1_434' title='bbox 3329 1844 3541 1904; x_wconf 80' lang='grc' dir='ltr'>αὐτοῖς,</span> <span class='ocrx_word' id='word_1_435' title='bbox 3569 1840 3700 1894; x_wconf 87' lang='grc' dir='ltr'>ἀλλὰ</span> <span class='ocrx_word' id='word_1_436' title='bbox 3725 1842 3811 1895; x_wconf 69' lang='grc' dir='ltr'>καὶ</span> 
     </span>
    </p>
   </div>
   <div class='ocr_carea' id='block_1_62' title="bbox 2244 1932 3810 2005">
    <p class='ocr_par' dir='ltr' id='par_1_62' title="bbox 2244 1932 3810 2005">
     <span class='ocr_line' id='line_1_62' title="bbox 2244 1932 3810 2005; baseline -0.001 -18"><span class='ocrx_word' id='word_1_437' title='bbox 2244 1933 2519 2005; x_wconf 84' lang='grc' dir='ltr'>κρείττους</span> <span class='ocrx_word' id='word_1_438' title='bbox 2565 1932 2742 1985; x_wconf 83' lang='grc' dir='ltr'>αὐτῶν</span> <span class='ocrx_word' id='word_1_439' title='bbox 2783 1936 2846 1986; x_wconf 84' lang='grc' dir='ltr'>ὲκ</span> <span class='ocrx_word' id='word_1_440' title='bbox 2894 1933 3205 2004; x_wconf 88' lang='grc' dir='ltr'>περιουσίας</span> <span class='ocrx_word' id='word_1_441' title='bbox 3252 1932 3671 2001; x_wconf 77' lang='grc' dir='ltr'>ἀναφαίνεσθαι.</span> <span class='ocrx_word' id='word_1_442' title='bbox 3710 1934 3810 1986; x_wconf 70' lang='grc' dir='ltr'>Καὶ</span> 
     </span>
    </p>
   </div>
   <div class='ocr_carea' id='block_1_63' title="bbox 2242 2022 3811 2095">
    <p class='ocr_par' dir='ltr' id='par_1_63' title="bbox 2242 2022 3811 2095">
     <span class='ocr_line' id='line_1_63' title="bbox 2242 2022 3811 2095; baseline -0.001 -17"><span class='ocrx_word' id='word_1_443' title='bbox 2242 2023 2334 2078; x_wconf 77' lang='grc' dir='ltr'>νῦν</span> <span class='ocrx_word' id='word_1_444' title='bbox 2354 2024 2413 2078; x_wconf 83' lang='grc' dir='ltr'>δὲ</span> <span class='ocrx_word' id='word_1_445' title='bbox 2443 2024 2714 2095; x_wconf 75' lang='grc' dir='ltr'>χρήσομαι</span> <span class='ocrx_word' id='word_1_446' title='bbox 2743 2023 2923 2093; x_wconf 79' lang='grc' dir='ltr'>ψιλαῖς</span> <span class='ocrx_word' id='word_1_447' title='bbox 2954 2026 3074 2086; x_wconf 87' lang='grc' dir='ltr'>ταῖς</span> <span class='ocrx_word' id='word_1_448' title='bbox 3103 2022 3210 2076; x_wconf 88' lang='grc' dir='ltr'><strong>τῶν</strong></span> <span class='ocrx_word' id='word_1_449' title='bbox 3238 2022 3542 2095; x_wconf 79' lang='grc' dir='ltr'>προφητῶν</span> <span class='ocrx_word' id='word_1_450' title='bbox 3582 2023 3811 2095; x_wconf 80' lang='grc' dir='ltr'>παραθέ-</span> 
     </span>
    </p>
   </div>
   <div class='ocr_carea' id='block_1_64' title="bbox 2243 2112 3808 2188">
    <p class='ocr_par' dir='ltr' id='par_1_64' title="bbox 2243 2112 3808 2188">
     <span class='ocr_line' id='line_1_64' title="bbox 2243 2112 3808 2188; baseline -0.001 -17"><span class='ocrx_word' id='word_1_451' title='bbox 2243 2134 2380 2181; x_wconf 77' lang='grc' dir='ltr'>σεσι,</span> <span class='ocrx_word' id='word_1_452' title='bbox 2421 2116 2539 2188; x_wconf 81' lang='grc' dir='ltr'>δίχα</span> <span class='ocrx_word' id='word_1_453' title='bbox 2568 2118 2747 2187; x_wconf 81' lang='grc' dir='ltr'>πάσης</span> <span class='ocrx_word' id='word_1_454' title='bbox 2786 2117 2885 2183; x_wconf 86' lang='grc' dir='ltr'><strong>τῆς</strong></span> <span class='ocrx_word' id='word_1_455' title='bbox 2916 2118 2994 2178; x_wconf 87' lang='grc' dir='ltr'>εἰς</span> <span class='ocrx_word' id='word_1_456' title='bbox 3036 2115 3205 2179; x_wconf 83' lang='grc' dir='ltr'>αὐτὰς</span> <span class='ocrx_word' id='word_1_457' title='bbox 3248 2115 3510 2186; x_wconf 84' lang='grc' dir='ltr'>θεωρίας,</span> <span class='ocrx_word' id='word_1_458' title='bbox 3551 2112 3640 2168; x_wconf 84' lang='grc' dir='ltr'><strong>διά</strong></span> <span class='ocrx_word' id='word_1_459' title='bbox 3663 2131 3720 2167; x_wconf 83' lang='grc' dir='ltr'><strong>τε</strong></span> <span class='ocrx_word' id='word_1_460' title='bbox 3752 2115 3808 2169; x_wconf 79' lang='grc' dir='ltr'><strong>τὸ</strong></span> 
     </span>
    </p>
   </div>
   <div class='ocr_carea' id='block_1_65' title="bbox 2243 2204 3809 2280">
    <p class='ocr_par' dir='ltr' id='par_1_65' title="bbox 2243 2204 3809 2280">
     <span class='ocr_line' id='line_1_65' title="bbox 2243 2204 3809 2280; baseline -0.003 -19"><span class='ocrx_word' id='word_1_461' title='bbox 2243 2208 2407 2277; x_wconf 80' lang='grc' dir='ltr'>σαφὲς</span> <span class='ocrx_word' id='word_1_462' title='bbox 2437 2206 2635 2280; x_wconf 81' lang='grc' dir='ltr'>αὐτῶν,</span> <span class='ocrx_word' id='word_1_463' title='bbox 2677 2207 2770 2261; x_wconf 70' lang='grc' dir='ltr'><strong>καὶ</strong></span> <span class='ocrx_word' id='word_1_464' title='bbox 2799 2207 2885 2259; x_wconf 83' lang='grc' dir='ltr'><strong>διὰ</strong></span> <span class='ocrx_word' id='word_1_465' title='bbox 2930 2206 2989 2258; x_wconf 85' lang='grc' dir='ltr'><strong>τὸ</strong></span> <span class='ocrx_word' id='word_1_466' title='bbox 3038 2205 3250 2275; x_wconf 84' lang='grc' dir='ltr'>μέλλειν</span> <span class='ocrx_word' id='word_1_467' title='bbox 3298 2206 3395 2258; x_wconf 75' lang='grc' dir='ltr'>ἐπὶ</span> <span class='ocrx_word' id='word_1_468' title='bbox 3442 2204 3641 2275; x_wconf 79' lang='grc' dir='ltr'>σχολῆς</span> <span class='ocrx_word' id='word_1_469' title='bbox 3683 2204 3809 2277; x_wconf 81' lang='grc' dir='ltr'>πλη-</span> 
     </span>
    </p>
   </div>
   <div class='ocr_carea' id='block_1_66' title="bbox 2244 2296 3508 2372">
    <p class='ocr_par' dir='ltr' id='par_1_66' title="bbox 2244 2296 3508 2372">
     <span class='ocr_line' id='line_1_66' title="bbox 2244 2296 3508 2372; baseline -0.001 -20"><span class='ocrx_word' id='word_1_470' title='bbox 2244 2299 2505 2372; x_wconf 82' lang='grc' dir='ltr'>ρεστάτην</span> <span class='ocrx_word' id='word_1_471' title='bbox 2538 2297 2715 2352; x_wconf 82' lang='grc' dir='ltr'>αὐτῶν</span> <span class='ocrx_word' id='word_1_472' title='bbox 2750 2296 3076 2368; x_wconf 84' lang='grc' dir='ltr'>ποιήσασθαι</span> <span class='ocrx_word' id='word_1_473' title='bbox 3106 2297 3200 2367; x_wconf 81' lang='grc' dir='ltr'>τὴν</span> <span class='ocrx_word' id='word_1_474' title='bbox 3233 2296 3508 2360; x_wconf 74' lang='grc' dir='ltr'>ἐξέτασιν.</span> 
     </span>
    </p>
   </div>
   <div class='ocr_carea' id='block_1_67' title="bbox 2767 2410 3281 2463">
    <p class='ocr_par' dir='ltr' id='par_1_67' title="bbox 2767 2410 3281 2463">
     <span class='ocr_line' id='line_1_67' title="bbox 2767 2410 3281 2463; baseline -0.002 0"><span class='ocrx_word' id='word_1_475' title='bbox 2767 2410 3159 2463; x_wconf 81' lang='grc' dir='ltr'><strong>ΚΕΦΑΛΑΙΟΝ</strong></span> <span class='ocrx_word' id='word_1_476' title='bbox 3209 2410 3281 2462; x_wconf 85' lang='grc' dir='ltr'><strong>Γ’.</strong></span> 
     </span>
    </p>
   </div>
   <div class='ocr_carea' id='block_1_68' title="bbox 2245 2522 3805 2592">
    <p class='ocr_par' dir='ltr' id='par_1_68' title="bbox 2245 2522 3805 2592">
     <span class='ocr_line' id='line_1_68' title="bbox 2245 2522 3805 2592; baseline -0.001 -14"><span class='ocrx_word' id='word_1_477' title='bbox 2245 2525 2434 2590; x_wconf 77' lang='grc' dir='ltr'>Ὅπως</span> <span class='ocrx_word' id='word_1_478' title='bbox 2463 2524 2557 2577; x_wconf 75' lang='grc' dir='ltr'><strong>ἐπὶ</strong></span> <span class='ocrx_word' id='word_1_479' title='bbox 2590 2525 2662 2592; x_wconf 73' lang='grc' dir='ltr'>τῇ</span> <span class='ocrx_word' id='word_1_480' title='bbox 2687 2523 2803 2576; x_wconf 81' lang='grc' dir='ltr'><strong>τῶν</strong></span> <span class='ocrx_word' id='word_1_481' title='bbox 2833 2522 3022 2576; x_wconf 78' lang='grc' dir='ltr'>ἐθνῶν</span> <span class='ocrx_word' id='word_1_482' title='bbox 3049 2523 3287 2591; x_wconf 75' lang='grc' dir='ltr'>κλήσει,</span> <span class='ocrx_word' id='word_1_483' title='bbox 3315 2523 3393 2592; x_wconf 75' lang='grc' dir='ltr'>τῇ</span> <span class='ocrx_word' id='word_1_484' title='bbox 3418 2523 3517 2577; x_wconf 81' lang='grc' dir='ltr'>διὰ</span> <span class='ocrx_word' id='word_1_485' title='bbox 3549 2522 3653 2576; x_wconf 85' lang='grc' dir='ltr'>τοῦ</span> <span class='ocrx_word' id='word_1_486' title='bbox 3684 2524 3805 2591; x_wconf 76' lang='grc' dir='ltr'>Χρι-</span> 
     </span>
    </p>
   </div>
   <div class='ocr_carea' id='block_1_69' title="bbox 2309 2616 3801 2687">
    <p class='ocr_par' dir='ltr' id='par_1_69' title="bbox 2309 2616 3801 2687">
     <span class='ocr_line' id='line_1_69' title="bbox 2309 2616 3801 2687; baseline -0.001 -15"><span class='ocrx_word' id='word_1_487' title='bbox 2309 2617 2458 2672; x_wconf 87' lang='grc' dir='ltr'>στοῦ</span> <span class='ocrx_word' id='word_1_488' title='bbox 2511 2617 2819 2687; x_wconf 75' lang='grc' dir='ltr'>γενομένῃ,</span> <span class='ocrx_word' id='word_1_489' title='bbox 2859 2617 3205 2682; x_wconf 79' lang='grc' dir='ltr'>ἀπόπτωσις</span> <span class='ocrx_word' id='word_1_490' title='bbox 3247 2616 3515 2686; x_wconf 75' lang='grc' dir='ltr'>ἔμελλεν</span> <span class='ocrx_word' id='word_1_491' title='bbox 3545 2616 3801 2679; x_wconf 76' lang='grc' dir='ltr'>ἔσεσθαι,</span> 
     </span>
    </p>
   </div>
   <div class='ocr_carea' id='block_1_70' title="bbox 2309 2706 3745 2779">
    <p class='ocr_par' dir='ltr' id='par_1_70' title="bbox 2309 2706 3745 2779">
     <span class='ocr_line' id='line_1_70' title="bbox 2309 2706 3745 2779; baseline -0.001 -15"><span class='ocrx_word' id='word_1_492' title='bbox 2309 2709 2418 2779; x_wconf 79' lang='grc' dir='ltr'><strong>τῆς</strong></span> <span class='ocrx_word' id='word_1_493' title='bbox 2448 2710 2595 2764; x_wconf 83' lang='grc' dir='ltr'>κατὰ</span> <span class='ocrx_word' id='word_1_494' title='bbox 2619 2709 2767 2763; x_wconf 85' lang='grc' dir='ltr'><strong>Θεόν</strong></span> <span class='ocrx_word' id='word_1_495' title='bbox 2798 2709 3102 2775; x_wconf 80' lang='grc' dir='ltr'>εὐσεϐείας</span> <span class='ocrx_word' id='word_1_496' title='bbox 3133 2706 3213 2774; x_wconf 83' lang='grc' dir='ltr'>τῷ</span> <span class='ocrx_word' id='word_1_497' title='bbox 3248 2708 3549 2763; x_wconf 79' lang='grc' dir='ltr'>Ἰουδαίων</span> <span class='ocrx_word' id='word_1_498' title='bbox 3574 2709 3745 2763; x_wconf 81' lang='grc' dir='ltr'>ἔθνει.</span> 
     </span>
    </p>
   </div>
   <div class='ocr_carea' id='block_1_71' title="bbox 2239 2814 3800 2886">
    <p class='ocr_par' dir='ltr' id='par_1_71' title="bbox 2239 2814 3800 2886">
     <span class='ocr_line' id='line_1_71' title="bbox 2239 2814 3800 2886; baseline -0.001 -16"><span class='ocrx_word' id='word_1_499' title='bbox 2239 2818 2362 2872; x_wconf 83' lang='lat' dir='ltr'><strong>KA&#39;.</strong></span> <span class='ocrx_word' id='word_1_500' title='bbox 2398 2818 2529 2871; x_wconf 81' lang='grc' dir='ltr'><strong>Ἀπὸ</strong></span> <span class='ocrx_word' id='word_1_501' title='bbox 2546 2818 2648 2870; x_wconf 82' lang='grc' dir='ltr'>τοῦ</span> <span class='ocrx_word' id='word_1_502' title='bbox 2683 2818 2970 2886; x_wconf 82' lang='grc' dir='ltr'>Ἰερεμίου.</span> <span class='ocrx_word' id='word_1_503' title='bbox 2996 2850 3065 2860; x_wconf 92' lang='grc'><strong><em>-</em></strong></span> <span class='ocrx_word' id='word_1_504' title='bbox 3083 2816 3352 2883; x_wconf 76' lang='grc' dir='ltr'>Δήλωσις</span> <span class='ocrx_word' id='word_1_505' title='bbox 3368 2815 3680 2886; x_wconf 73' lang='grc' dir='ltr'>ἀρνήσεως</span> <span class='ocrx_word' id='word_1_506' title='bbox 3703 2814 3800 2886; x_wconf 70' lang='grc' dir='ltr'>ταῦ</span> 
     </span>
    </p>
   </div>
   <div class='ocr_carea' id='block_1_72' title="bbox 2320 2883 3799 2955">
    <p class='ocr_par' dir='ltr' id='par_1_72' title="bbox 2320 2883 3799 2955">
     <span class='ocr_line' id='line_1_72' title="bbox 2320 2883 3799 2955; baseline -0.003 -15"><span class='ocrx_word' id='word_1_507' title='bbox 2320 2887 2621 2940; x_wconf 78' lang='grc' dir='ltr'>Ἰουδαίων</span> <span class='ocrx_word' id='word_1_508' title='bbox 2649 2883 2879 2952; x_wconf 65' lang='grc' dir='ltr'>ἔθνους,</span> <span class='ocrx_word' id='word_1_509' title='bbox 2908 2888 3005 2941; x_wconf 78' lang='grc' dir='ltr'>καὶ</span> <span class='ocrx_word' id='word_1_510' title='bbox 3031 2886 3141 2955; x_wconf 82' lang='grc' dir='ltr'><strong>τῆς</strong></span> <span class='ocrx_word' id='word_1_511' title='bbox 3172 2887 3297 2941; x_wconf 76' lang='grc' dir='ltr'>ἀντ’</span> <span class='ocrx_word' id='word_1_512' title='bbox 3321 2883 3526 2941; x_wconf 70' lang='grc' dir='ltr'>αὐτῶν</span> <span class='ocrx_word' id='word_1_513' title='bbox 3547 2883 3799 2951; x_wconf 72' lang='grc' dir='ltr'>εἰσποιή-</span> 
     </span>
    </p>
   </div>
   <div class='ocr_carea' id='block_1_73' title="bbox 2308 2957 2855 3023">
    <p class='ocr_par' dir='ltr' id='par_1_73' title="bbox 2308 2957 2855 3023">
     <span class='ocr_line' id='line_1_73' title="bbox 2308 2957 2855 3023; baseline -0.005 -12"><span class='ocrx_word' id='word_1_514' title='bbox 2308 2974 2462 3023; x_wconf 83' lang='grc' dir='ltr'>σεως</span> <span class='ocrx_word' id='word_1_515' title='bbox 2499 2958 2616 3009; x_wconf 83' lang='grc' dir='ltr'><strong>τῶν</strong></span> <span class='ocrx_word' id='word_1_516' title='bbox 2646 2957 2855 3010; x_wconf 79' lang='grc' dir='ltr'>ἐθνῶν.</span> 
     </span>
    </p>
   </div>
   <div class='ocr_carea' id='block_1_74' title="bbox 2313 3045 3795 3117">
    <p class='ocr_par' dir='ltr' id='par_1_74' title="bbox 2313 3045 3795 3117">
     <span class='ocr_line' id='line_1_74' title="bbox 2313 3045 3795 3117; baseline -0.003 -16"><span class='ocrx_word' id='word_1_517' title='bbox 2313 3069 2331 3101; x_wconf 76' lang='grc' dir='ltr'><strong>ι</strong></span> <span class='ocrx_word' id='word_1_518' title='bbox 2361 3048 2495 3101; x_wconf 85' lang='grc' dir='ltr'><strong>Τάδε</strong></span> <span class='ocrx_word' id='word_1_519' title='bbox 2525 3048 2669 3115; x_wconf 79' lang='grc' dir='ltr'>λέγει</span> <span class='ocrx_word' id='word_1_520' title='bbox 2694 3046 2913 3116; x_wconf 87' lang='grc' dir='ltr'>Κύριος·</span> <span class='ocrx_word' id='word_1_521' title='bbox 2947 3046 3112 3117; x_wconf 83' lang='grc' dir='ltr'>Στῆτε</span> <span class='ocrx_word' id='word_1_522' title='bbox 3145 3049 3201 3099; x_wconf 81' lang='grc' dir='ltr'>ὲν</span> <span class='ocrx_word' id='word_1_523' title='bbox 3221 3049 3342 3111; x_wconf 84' lang='grc' dir='ltr'>ταῖς</span> <span class='ocrx_word' id='word_1_524' title='bbox 3364 3047 3623 3111; x_wconf 78' lang='grc' dir='ltr'>όδοῖς,κα“ι</span> <span class='ocrx_word' id='word_1_525' title='bbox 3649 3045 3795 3107; x_wconf 78' lang='grc' dir='ltr'>ἴδετε,</span> 
     </span>
    </p>
   </div>
   <div class='ocr_carea' id='block_1_75' title="bbox 2239 3137 3796 3210">
    <p class='ocr_par' dir='ltr' id='par_1_75' title="bbox 2239 3137 3796 3210">
     <span class='ocr_line' id='line_1_75' title="bbox 2239 3137 3796 3210; baseline -0.004 -16"><span class='ocrx_word' id='word_1_526' title='bbox 2239 3142 2332 3195; x_wconf 75' lang='grc' dir='ltr'>καὶ</span> <span class='ocrx_word' id='word_1_527' title='bbox 2370 3140 2681 3210; x_wconf 75' lang='grc' dir='ltr'>ἐρωτήσατε</span> <span class='ocrx_word' id='word_1_528' title='bbox 2724 3138 2940 3209; x_wconf 75' lang='grc' dir='ltr'>τρίϐους</span> <span class='ocrx_word' id='word_1_529' title='bbox 2984 3139 3185 3210; x_wconf 86' lang='grc' dir='ltr'>Κυρίου</span> <span class='ocrx_word' id='word_1_530' title='bbox 3227 3138 3505 3202; x_wconf 84' lang='grc' dir='ltr'>αἰωνίους·</span> <span class='ocrx_word' id='word_1_531' title='bbox 3542 3138 3635 3190; x_wconf 71' lang='grc' dir='ltr'><strong>καὶ</strong></span> <span class='ocrx_word' id='word_1_532' title='bbox 3668 3137 3796 3190; x_wconf 84' lang='grc' dir='ltr'>ίδετε</span> 
     </span>
    </p>
   </div>
   <div class='ocr_carea' id='block_1_76' title="bbox 2240 3229 3796 3302">
    <p class='ocr_par' dir='ltr' id='par_1_76' title="bbox 2240 3229 3796 3302">
     <span class='ocr_line' id='line_1_76' title="bbox 2240 3229 3796 3302; baseline -0.003 -17"><span class='ocrx_word' id='word_1_533' title='bbox 2240 3232 2366 3286; x_wconf 87' lang='grc' dir='ltr'>ποία</span> <span class='ocrx_word' id='word_1_534' title='bbox 2399 3232 2544 3284; x_wconf 72' lang='grc' dir='ltr'>ἐστὶν</span> <span class='ocrx_word' id='word_1_535' title='bbox 2587 3232 2620 3301; x_wconf 80' lang='grc' dir='ltr'>ἡ</span> <span class='ocrx_word' id='word_1_536' title='bbox 2661 3230 2777 3293; x_wconf 84' lang='grc' dir='ltr'>ὁδὸς</span> <span class='ocrx_word' id='word_1_537' title='bbox 2810 3232 2842 3302; x_wconf 74' lang='grc' dir='ltr'>ἡ</span> <span class='ocrx_word' id='word_1_538' title='bbox 2890 3229 3087 3300; x_wconf 82' lang='grc' dir='ltr'>ἀγαθὴ,</span> <span class='ocrx_word' id='word_1_539' title='bbox 3118 3229 3210 3282; x_wconf 82' lang='grc' dir='ltr'>καὶ</span> <span class='ocrx_word' id='word_1_540' title='bbox 3253 3230 3505 3301; x_wconf 79' lang='grc' dir='ltr'>βαδίζετε</span> <span class='ocrx_word' id='word_1_541' title='bbox 3550 3232 3608 3282; x_wconf 80' lang='grc' dir='ltr'>ἐν</span> <span class='ocrx_word' id='word_1_542' title='bbox 3646 3230 3796 3299; x_wconf 79' lang='grc' dir='ltr'>αὐτῇ,</span> 
     </span>
    </p>
   </div>
   <div class='ocr_carea' id='block_1_77' title="bbox 2237 3317 3793 3395">
    <p class='ocr_par' dir='ltr' id='par_1_77' title="bbox 2237 3317 3793 3395">
     <span class='ocr_line' id='line_1_77' title="bbox 2237 3317 3793 3395; baseline -0.004 -17"><span class='ocrx_word' id='word_1_543' title='bbox 2237 3324 2332 3378; x_wconf 73' lang='grc' dir='ltr'><strong>καὶ</strong></span> <span class='ocrx_word' id='word_1_544' title='bbox 2360 3325 2620 3395; x_wconf 77' lang='grc' dir='ltr'>εὑρήσετε</span> <span class='ocrx_word' id='word_1_545' title='bbox 2649 3322 2909 3391; x_wconf 82' lang='grc' dir='ltr'>ἁγνισμὸν</span> <span class='ocrx_word' id='word_1_546' title='bbox 2930 3324 3047 3385; x_wconf 82' lang='grc' dir='ltr'>ταῖς</span> <span class='ocrx_word' id='word_1_547' title='bbox 3067 3322 3266 3393; x_wconf 81' lang='grc' dir='ltr'>ψυχαῖς</span> <span class='ocrx_word' id='word_1_548' title='bbox 3288 3322 3466 3393; x_wconf 82' lang='grc' dir='ltr'>ὑμῶν.</span> <span class='ocrx_word' id='word_1_549' title='bbox 3497 3324 3606 3376; x_wconf 73' lang='grc' dir='ltr'>Καὶ</span> <span class='ocrx_word' id='word_1_550' title='bbox 3626 3317 3793 3374; x_wconf 75' lang='grc' dir='ltr'>εἴπανο</span> 
     </span>
    </p>
   </div>
   <div class='ocr_carea' id='block_1_78' title="bbox 2236 3411 3792 3485">
    <p class='ocr_par' dir='ltr' id='par_1_78' title="bbox 2236 3411 3792 3485">
     <span class='ocr_line' id='line_1_78' title="bbox 2236 3411 3792 3485; baseline -0.005 -15"><span class='ocrx_word' id='word_1_551' title='bbox 2236 3415 2310 3470; x_wconf 81' lang='grc' dir='ltr'><strong>Οὐ</strong></span> <span class='ocrx_word' id='word_1_552' title='bbox 2372 3413 2766 3485; x_wconf 84' lang='grc' dir='ltr'>πορευσόμεθα.</span> <span class='ocrx_word' id='word_1_553' title='bbox 2822 3412 3151 3466; x_wconf 80' lang='grc' dir='ltr'>Καθέστακα</span> <span class='ocrx_word' id='word_1_554' title='bbox 3202 3414 3286 3482; x_wconf 75' lang='grc' dir='ltr'><strong>ἐφ’</strong></span> <span class='ocrx_word' id='word_1_555' title='bbox 3340 3415 3492 3484; x_wconf 81' lang='grc' dir='ltr'>ὑμᾶς</span> <span class='ocrx_word' id='word_1_556' title='bbox 3549 3411 3792 3475; x_wconf 83' lang='grc' dir='ltr'>σκοποὺς,</span> 
     </span>
    </p>
   </div>
   <div class='ocr_carea' id='block_1_79' title="bbox 2234 3501 3795 3578">
    <p class='ocr_par' dir='ltr' id='par_1_79' title="bbox 2234 3501 3795 3578">
     <span class='ocr_line' id='line_1_79' title="bbox 2234 3501 3795 3578; baseline -0.004 -17"><span class='ocrx_word' id='word_1_557' title='bbox 2234 3507 2503 3562; x_wconf 89' lang='grc' dir='ltr'>ἀκούσατε</span> <span class='ocrx_word' id='word_1_558' title='bbox 2531 3508 2628 3578; x_wconf 86' lang='grc' dir='ltr'><strong>τῆς</strong></span> <span class='ocrx_word' id='word_1_559' title='bbox 2651 3506 2832 3576; x_wconf 81' lang='grc' dir='ltr'>φωνῆς</span> <span class='ocrx_word' id='word_1_560' title='bbox 2859 3506 2961 3576; x_wconf 87' lang='grc' dir='ltr'><strong>τῆς</strong></span> <span class='ocrx_word' id='word_1_561' title='bbox 2988 3506 3306 3575; x_wconf 84' lang='grc' dir='ltr'>σάλπιγγος,</span> <span class='ocrx_word' id='word_1_562' title='bbox 3337 3506 3437 3559; x_wconf 76' lang='grc' dir='ltr'><strong>καὶ</strong></span> <span class='ocrx_word' id='word_1_563' title='bbox 3466 3501 3624 3558; x_wconf 78' lang='grc' dir='ltr'>εἶπαν</span> <span class='ocrx_word' id='word_1_564' title='bbox 3643 3520 3656 3534; x_wconf 75' lang='grc' dir='ltr'><strong><em>ο</em></strong></span> <span class='ocrx_word' id='word_1_565' title='bbox 3689 3504 3795 3555; x_wconf 79' lang='grc' dir='ltr'>Οὐκ</span> 
     </span>
    </p>
   </div>
   <div class='ocr_carea' id='block_1_80' title="bbox 2233 3595 3793 3668">
    <p class='ocr_par' dir='ltr' id='par_1_80' title="bbox 2233 3595 3793 3668">
     <span class='ocr_line' id='line_1_80' title="bbox 2233 3595 3793 3668; baseline -0.004 -17"><span class='ocrx_word' id='word_1_566' title='bbox 2233 3596 2594 3667; x_wconf 90' lang='grc' dir='ltr'>ἀκουσόμεθα.</span> <span class='ocrx_word' id='word_1_567' title='bbox 2623 3595 2721 3648; x_wconf 85' lang='grc' dir='ltr'>Διά</span> <span class='ocrx_word' id='word_1_568' title='bbox 2755 3596 2910 3649; x_wconf 78' lang='grc' dir='ltr'>τοῦτο</span> <span class='ocrx_word' id='word_1_569' title='bbox 2934 3596 3168 3666; x_wconf 74' lang='grc' dir='ltr'>ἥκουσαν</span> <span class='ocrx_word' id='word_1_570' title='bbox 3195 3596 3264 3650; x_wconf 75' lang='grc' dir='ltr'>τὰ</span> <span class='ocrx_word' id='word_1_571' title='bbox 3295 3596 3448 3668; x_wconf 77' lang='grc' dir='ltr'>ἔθνη,</span> <span class='ocrx_word' id='word_1_572' title='bbox 3482 3596 3575 3649; x_wconf 74' lang='grc' dir='ltr'><strong>καὶ</strong></span> <span class='ocrx_word' id='word_1_573' title='bbox 3604 3595 3653 3647; x_wconf 81' lang='lat' dir='ltr'><strong>oi</strong></span> <span class='ocrx_word' id='word_1_574' title='bbox 3680 3609 3793 3646; x_wconf 88' lang='grc' dir='ltr'>ποι-</span> 
     </span>
    </p>
   </div>
   <div class='ocr_carea' id='block_1_81' title="bbox 2238 3689 3218 3760">
    <p class='ocr_par' dir='ltr' id='par_1_81' title="bbox 2238 3689 3218 3760">
     <span class='ocr_line' id='line_1_81' title="bbox 2238 3689 3218 3760; baseline -0.007 -15"><span class='ocrx_word' id='word_1_575' title='bbox 2238 3689 2517 3760; x_wconf 82' lang='grc' dir='ltr'>μαίνοντες</span> <span class='ocrx_word' id='word_1_576' title='bbox 2539 3689 2606 3743; x_wconf 75' lang='grc' dir='ltr'><strong>τὰ</strong></span> <span class='ocrx_word' id='word_1_577' title='bbox 2632 3690 2856 3759; x_wconf 87' lang='grc' dir='ltr'>ποίμνια</span> <span class='ocrx_word' id='word_1_578' title='bbox 2882 3689 2938 3742; x_wconf 79' lang='grc' dir='ltr'>ἐν</span> <span class='ocrx_word' id='word_1_579' title='bbox 2965 3689 3166 3750; x_wconf 79' lang='grc' dir='ltr'>αὐτοῖς.</span> <span class='ocrx_word' id='word_1_580' title='bbox 3200 3708 3218 3738; x_wconf 72' lang='grc' dir='ltr'><strong>ι</strong></span> 
     </span>
    </p>
   </div>
   <div class='ocr_carea' id='block_1_82' title="bbox 2233 3799 3789 3869">
    <p class='ocr_par' dir='ltr' id='par_1_82' title="bbox 2233 3799 3789 3869">
     <span class='ocr_line' id='line_1_82' title="bbox 2233 3799 3789 3869; baseline -0.003 -14"><span class='ocrx_word' id='word_1_581' title='bbox 2233 3803 2361 3855; x_wconf 83' lang='lat' dir='ltr'><strong>KE&#39;.</strong></span> <span class='ocrx_word' id='word_1_582' title='bbox 2401 3800 2530 3854; x_wconf 79' lang='grc' dir='ltr'><strong>Ἀπὸ</strong></span> <span class='ocrx_word' id='word_1_583' title='bbox 2555 3800 2661 3855; x_wconf 86' lang='grc' dir='ltr'>τοῦ</span> <span class='ocrx_word' id='word_1_584' title='bbox 2683 3801 2972 3854; x_wconf 83' lang='grc' dir='ltr'>αὐτοῦ.--</span> <span class='ocrx_word' id='word_1_585' title='bbox 2988 3801 3102 3869; x_wconf 83' lang='grc' dir='ltr'>Τῆς</span> <span class='ocrx_word' id='word_1_586' title='bbox 3135 3800 3254 3853; x_wconf 83' lang='grc' dir='ltr'><strong>τῶν</strong></span> <span class='ocrx_word' id='word_1_587' title='bbox 3273 3801 3466 3854; x_wconf 83' lang='grc' dir='ltr'>ἐθνῶν</span> <span class='ocrx_word' id='word_1_588' title='bbox 3493 3799 3789 3864; x_wconf 79' lang='grc' dir='ltr'>εὐσεϐείας</span> 
     </span>
    </p>
   </div>
   <div class='ocr_carea' id='block_1_83' title="bbox 2300 3869 3789 3939">
    <p class='ocr_par' dir='ltr' id='par_1_83' title="bbox 2300 3869 3789 3939">
     <span class='ocr_line' id='line_1_83' title="bbox 2300 3869 3789 3939; baseline -0.001 -16"><span class='ocrx_word' id='word_1_589' title='bbox 2300 3871 2585 3939; x_wconf 79' lang='grc' dir='ltr'>δήλωσις,</span> <span class='ocrx_word' id='word_1_590' title='bbox 2613 3870 2712 3924; x_wconf 79' lang='grc' dir='ltr'>καὶ</span> <span class='ocrx_word' id='word_1_591' title='bbox 2738 3870 2849 3939; x_wconf 81' lang='grc' dir='ltr'><strong>τῆς</strong></span> <span class='ocrx_word' id='word_1_592' title='bbox 2872 3871 2975 3923; x_wconf 87' lang='grc' dir='ltr'>τοῦ</span> <span class='ocrx_word' id='word_1_593' title='bbox 3011 3869 3300 3924; x_wconf 77' lang='grc' dir='ltr'>Ἰουδαίων</span> <span class='ocrx_word' id='word_1_594' title='bbox 3320 3874 3538 3936; x_wconf 60' lang='grc' dir='ltr'>ἔννους</span> <span class='ocrx_word' id='word_1_595' title='bbox 3575 3870 3789 3939; x_wconf 63' lang='lat' dir='ltr'><strong>ducas:</strong></span> 
     </span>
    </p>
   </div>
   <div class='ocr_carea' id='block_1_84' title="bbox 2301 3936 3790 4010">
    <p class='ocr_par' dir='ltr' id='par_1_84' title="bbox 2301 3936 3790 4010">
     <span class='ocr_line' id='line_1_84' title="bbox 2301 3936 3790 4010; baseline -0.001 -16"><span class='ocrx_word' id='word_1_596' title='bbox 2301 3936 2460 4006; x_wconf 68' lang='grc' dir='ltr'>ὄεῖας</span> <span class='ocrx_word' id='word_1_597' title='bbox 2475 3936 2810 4010; x_wconf 64' lang='grc' dir='ltr'>κάτηγορίαζ</span> <span class='ocrx_word' id='word_1_598' title='bbox 2828 3936 3164 4009; x_wconf 77' lang='grc' dir='ltr'>Πρόρῤησις</span> <span class='ocrx_word' id='word_1_599' title='bbox 3185 3939 3251 3992; x_wconf 85' lang='grc' dir='ltr'>δὲ</span> <span class='ocrx_word' id='word_1_600' title='bbox 3265 3939 3382 3993; x_wconf 82' lang='grc' dir='ltr'><strong>τῶν</strong></span> <span class='ocrx_word' id='word_1_601' title='bbox 3398 3940 3549 4009; x_wconf 80' lang='grc' dir='ltr'>μετὰ</span> <span class='ocrx_word' id='word_1_602' title='bbox 3562 3939 3673 4005; x_wconf 78' lang='grc' dir='ltr'>τὴν</span> <span class='ocrx_word' id='word_1_603' title='bbox 3692 3936 3790 4010; x_wconf 62' lang='lat' dir='ltr'><strong>(of)</strong></span> 
     </span>
    </p>
   </div>
   <div class='ocr_carea' id='block_1_85' title="bbox 2301 4007 3786 4079">
    <p class='ocr_par' dir='ltr' id='par_1_85' title="bbox 2301 4007 3786 4079">
     <span class='ocr_line' id='line_1_85' title="bbox 2301 4007 3786 4079; baseline -0.002 -15"><span class='ocrx_word' id='word_1_604' title='bbox 2301 4011 2554 4079; x_wconf 77' lang='grc' dir='ltr'>Χριστοῦ</span> <span class='ocrx_word' id='word_1_605' title='bbox 2570 4007 2906 4079; x_wconf 71' lang='grc' dir='ltr'>παρουσίαν</span> <span class='ocrx_word' id='word_1_606' title='bbox 2912 4007 3320 4079; x_wconf 78' lang='grc' dir='ltr'>μετελθόντων</span> <span class='ocrx_word' id='word_1_607' title='bbox 3337 4007 3561 4076; x_wconf 77' lang='grc' dir='ltr'>αὐτοὺς</span> <span class='ocrx_word' id='word_1_608' title='bbox 3576 4007 3786 4063; x_wconf 80' lang='grc' dir='ltr'>κακῶν.</span> 
     </span>
    </p>
   </div>
   <div class='ocr_carea' id='block_1_86' title="bbox 2306 4122 3787 4197">
    <p class='ocr_par' dir='ltr' id='par_1_86' title="bbox 2306 4122 3787 4197">
     <span class='ocr_line' id='line_1_86' title="bbox 2306 4122 3787 4197; baseline -0.002 -21"><span class='ocrx_word' id='word_1_609' title='bbox 2306 4146 2323 4176; x_wconf 74' lang='grc' dir='ltr'><strong>ι</strong></span> <span class='ocrx_word' id='word_1_610' title='bbox 2358 4125 2550 4197; x_wconf 84' lang='grc' dir='ltr'>Κύριε,</span> <span class='ocrx_word' id='word_1_611' title='bbox 2597 4125 2748 4195; x_wconf 83' lang='grc' dir='ltr'>ἰσχύς</span> <span class='ocrx_word' id='word_1_612' title='bbox 2793 4142 2894 4196; x_wconf 88' lang='grc' dir='ltr'><strong>μου</strong></span> <span class='ocrx_word' id='word_1_613' title='bbox 2937 4123 3031 4176; x_wconf 58' lang='grc' dir='ltr'><strong>καί⁵</strong></span> <span class='ocrx_word' id='word_1_614' title='bbox 3074 4122 3291 4194; x_wconf 82' lang='grc' dir='ltr'>βοήθειά</span> <span class='ocrx_word' id='word_1_615' title='bbox 3333 4141 3458 4194; x_wconf 87' lang='grc' dir='ltr'>μου,</span> <span class='ocrx_word' id='word_1_616' title='bbox 3503 4123 3596 4176; x_wconf 74' lang='grc' dir='ltr'><strong>καὶ</strong></span> <span class='ocrx_word' id='word_1_617' title='bbox 3627 4137 3787 4175; x_wconf 84' lang='grc' dir='ltr'>κατα-</span> 
     </span>
    </p>
   </div>
   <div class='ocr_carea' id='block_1_87' title="bbox 2230 4211 3787 4289">
    <p class='ocr_par' dir='ltr' id='par_1_87' title="bbox 2230 4211 3787 4289">
     <span class='ocr_line' id='line_1_87' title="bbox 2230 4211 3787 4289; baseline -0.004 -19"><span class='ocrx_word' id='word_1_618' title='bbox 2230 4218 2373 4289; x_wconf 81' lang='grc' dir='ltr'>φυγή</span> <span class='ocrx_word' id='word_1_619' title='bbox 2408 4234 2508 4288; x_wconf 87' lang='grc' dir='ltr'><strong>μου</strong></span> <span class='ocrx_word' id='word_1_620' title='bbox 2539 4218 2595 4269; x_wconf 81' lang='grc' dir='ltr'>ὲν</span> <span class='ocrx_word' id='word_1_621' title='bbox 2617 4216 2799 4287; x_wconf 70' lang='grc' dir='ltr'>ἡμέρᾳ</span> <span class='ocrx_word' id='word_1_622' title='bbox 2827 4215 3032 4278; x_wconf 85' lang='grc' dir='ltr'>κακῶν,</span> <span class='ocrx_word' id='word_1_623' title='bbox 3059 4215 3194 4285; x_wconf 85' lang='grc' dir='ltr'>πρὸς</span> <span class='ocrx_word' id='word_1_624' title='bbox 3230 4216 3286 4268; x_wconf 84' lang='grc' dir='ltr'><strong>σὲ</strong></span> <span class='ocrx_word' id='word_1_625' title='bbox 3309 4214 3435 4286; x_wconf 78' lang='grc' dir='ltr'>ἔθνη</span> <span class='ocrx_word' id='word_1_626' title='bbox 3463 4216 3678 4287; x_wconf 72' lang='grc' dir='ltr'>ἥξουσιν</span> <span class='ocrx_word' id='word_1_627' title='bbox 3697 4211 3787 4265; x_wconf 82' lang='grc' dir='ltr'>ἀπ’</span> 
     </span>
    </p>
   </div>
   <div class='ocr_carea' id='block_1_88' title="bbox 2228 4307 3787 4380">
    <p class='ocr_par' dir='ltr' id='par_1_88' title="bbox 2228 4307 3787 4380">
     <span class='ocr_line' id='line_1_88' title="bbox 2228 4307 3787 4380; baseline -0.004 -18"><span class='ocrx_word' id='word_1_628' title='bbox 2228 4310 2454 4380; x_wconf 78' lang='grc' dir='ltr'>ἐσχάτου</span> <span class='ocrx_word' id='word_1_629' title='bbox 2494 4310 2592 4379; x_wconf 83' lang='grc' dir='ltr'><strong>τῆς</strong></span> <span class='ocrx_word' id='word_1_630' title='bbox 2620 4309 2746 4378; x_wconf 89' lang='grc' dir='ltr'>γῆς,</span> <span class='ocrx_word' id='word_1_631' title='bbox 2774 4308 2868 4361; x_wconf 73' lang='grc' dir='ltr'>καὶ</span> <span class='ocrx_word' id='word_1_632' title='bbox 2890 4308 3122 4379; x_wconf 75' lang='grc' dir='ltr'>ἐροῦσινο</span> <span class='ocrx_word' id='word_1_633' title='bbox 3173 4309 3260 4371; x_wconf 88' lang='grc' dir='ltr'>Ὠς</span> <span class='ocrx_word' id='word_1_634' title='bbox 3292 4307 3459 4379; x_wconf 70' lang='grc' dir='ltr'>ψευδῆ</span> <span class='ocrx_word' id='word_1_635' title='bbox 3503 4308 3787 4378; x_wconf 77' lang='grc' dir='ltr'>ἐκτήσαντο</span> 
     </span>
    </p>
   </div>
   <div class='ocr_carea' id='block_1_89' title="bbox 2229 4396 3787 4471">
    <p class='ocr_par' dir='ltr' id='par_1_89' title="bbox 2229 4396 3787 4471">
     <span class='ocr_line' id='line_1_89' title="bbox 2229 4396 3787 4471; baseline -0.004 -18"><span class='ocrx_word' id='word_1_636' title='bbox 2229 4402 2277 4454; x_wconf 86' lang='grc' dir='ltr'>οἱ</span> <span class='ocrx_word' id='word_1_637' title='bbox 2317 4400 2553 4471; x_wconf 83' lang='grc' dir='ltr'>πατέρες</span> <span class='ocrx_word' id='word_1_638' title='bbox 2601 4398 2756 4470; x_wconf 83' lang='grc' dir='ltr'>ἡμῶν</span> <span class='ocrx_word' id='word_1_639' title='bbox 2793 4398 3006 4461; x_wconf 83' lang='grc' dir='ltr'>εἴδωλα,</span> <span class='ocrx_word' id='word_1_640' title='bbox 3046 4399 3139 4452; x_wconf 73' lang='grc' dir='ltr'><strong>καὶ</strong></span> <span class='ocrx_word' id='word_1_641' title='bbox 3182 4399 3281 4452; x_wconf 87' lang='grc' dir='ltr'><strong>οὐκ</strong></span> <span class='ocrx_word' id='word_1_642' title='bbox 3324 4399 3473 4453; x_wconf 75' lang='grc' dir='ltr'>ἔστιν</span> <span class='ocrx_word' id='word_1_643' title='bbox 3522 4399 3579 4451; x_wconf 84' lang='grc' dir='ltr'>ὲν</span> <span class='ocrx_word' id='word_1_644' title='bbox 3615 4396 3787 4457; x_wconf 78' lang='grc' dir='ltr'>αὐτοῖς</span> 
     </span>
    </p>
   </div>
   <div class='ocr_carea' id='block_1_90' title="bbox 560 4482 2137 4573">
    <p class='ocr_par' dir='ltr' id='par_1_90' title="bbox 560 4483 2127 4548">
     <span class='ocr_line' id='line_1_90' title="bbox 560 4483 2127 4548; baseline 0.003 -9"><span class='ocrx_word' id='word_1_645' title='bbox 560 4485 771 4540; x_wconf 86' lang='lat' dir='ltr'><strong>utilitas</strong></span> <span class='ocrx_word' id='word_1_646' title='bbox 802 4503 816 4540; x_wconf 88' lang='lat'><strong>:</strong></span> <span class='ocrx_word' id='word_1_647' title='bbox 855 4485 903 4540; x_wconf 84' lang='lat' dir='ltr'><strong>si</strong></span> <span class='ocrx_word' id='word_1_648' title='bbox 944 4483 1107 4540; x_wconf 89' lang='lat' dir='ltr'><strong>faciet</strong></span> <span class='ocrx_word' id='word_1_649' title='bbox 1136 4486 1241 4542; x_wconf 79' lang='lat' dir='ltr'><strong>sibi</strong></span> <span class='ocrx_word' id='word_1_650' title='bbox 1264 4484 1432 4540; x_wconf 77' lang='lat' dir='ltr'><strong>homo</strong></span> <span class='ocrx_word' id='word_1_651' title='bbox 1464 4486 1615 4548; x_wconf 85' lang='lat' dir='ltr'><strong>deos,</strong></span> <span class='ocrx_word' id='word_1_652' title='bbox 1653 4494 1707 4541; x_wconf 90' lang='lat' dir='ltr'><strong>et</strong></span> <span class='ocrx_word' id='word_1_653' title='bbox 1748 4487 1802 4541; x_wconf 85' lang='lat' dir='ltr'><strong>hi</strong></span> <span class='ocrx_word' id='word_1_654' title='bbox 1850 4502 1959 4542; x_wconf 90' lang='lat' dir='ltr'><strong>non</strong></span> <span class='ocrx_word' id='word_1_655' title='bbox 1998 4497 2127 4543; x_wconf 88' lang='lat' dir='ltr'><strong>sunt</strong></span> 
     </span>
    </p>
   </div>
   <div class='ocr_carea' id='block_1_91' title="bbox 2239 4482 3785 4573">
    <p class='ocr_par' dir='ltr' id='par_1_91' title="bbox 2239 4482 3785 4562">
     <span class='ocr_line' id='line_1_91' title="bbox 2239 4482 3785 4562; baseline -0.004 -18"><span class='ocrx_word' id='word_1_656' title='bbox 2239 4491 2482 4561; x_wconf 77' lang='grc' dir='ltr'>ὠφέλεια·</span> <span class='ocrx_word' id='word_1_657' title='bbox 2518 4492 2567 4543; x_wconf 87' lang='grc' dir='ltr'><strong>εί</strong></span> <span class='ocrx_word' id='word_1_658' title='bbox 2602 4492 2814 4562; x_wconf 84' lang='grc' dir='ltr'>ποιήσει</span> <span class='ocrx_word' id='word_1_659' title='bbox 2841 4489 3013 4560; x_wconf 79' lang='grc' dir='ltr'>ἑαυτῷ</span> <span class='ocrx_word' id='word_1_660' title='bbox 3035 4488 3318 4562; x_wconf 74' lang='grc' dir='ltr'>ἄνθρωπος</span> <span class='ocrx_word' id='word_1_661' title='bbox 3337 4490 3513 4556; x_wconf 84' lang='grc' dir='ltr'>θεοὺς,</span> <span class='ocrx_word' id='word_1_662' title='bbox 3537 4488 3630 4542; x_wconf 79' lang='grc' dir='ltr'>καὶ</span> <span class='ocrx_word' id='word_1_663' title='bbox 3651 4482 3785 4540; x_wconf 74' lang='grc' dir='ltr'>οὗτοι</span> 
     </span>
    </p>
   </div>
   <div class='ocr_carea' id='block_1_92' title="bbox 560 4574 2125 4647">
    <p class='ocr_par' dir='ltr' id='par_1_92' title="bbox 560 4574 2125 4647">
     <span class='ocr_line' id='line_1_92' title="bbox 560 4574 2125 4647; baseline 0.001 -15"><span class='ocrx_word' id='word_1_664' title='bbox 560 4577 658 4633; x_wconf 89' lang='lat' dir='ltr'><strong>dii.</strong></span> <span class='ocrx_word' id='word_1_665' title='bbox 682 4574 891 4632; x_wconf 88' lang='lat' dir='ltr'><strong>Idcirco</strong></span> <span class='ocrx_word' id='word_1_666' title='bbox 932 4592 1034 4647; x_wconf 85' lang='lat' dir='ltr'><strong>ego</strong></span> <span class='ocrx_word' id='word_1_667' title='bbox 1058 4578 1340 4633; x_wconf 83' lang='lat' dir='ltr'><strong>ostendam</strong></span> <span class='ocrx_word' id='word_1_668' title='bbox 1371 4579 1451 4634; x_wconf 90' lang='lat' dir='ltr'><strong>eis</strong></span> <span class='ocrx_word' id='word_1_669' title='bbox 1484 4578 1537 4631; x_wconf 92' lang='lat' dir='ltr'><strong>in</strong></span> <span class='ocrx_word' id='word_1_670' title='bbox 1573 4585 1815 4647; x_wconf 89' lang='lat' dir='ltr'><strong>tempore</strong></span> <span class='ocrx_word' id='word_1_671' title='bbox 1848 4579 1996 4633; x_wconf 81' lang='lat' dir='ltr'><strong>hoc:</strong></span> <span class='ocrx_word' id='word_1_672' title='bbox 2024 4595 2125 4634; x_wconf 87' lang='lat' dir='ltr'><strong>no-</strong></span> 
     </span>
    </p>
   </div>
   <div class='ocr_carea' id='block_1_93' title="bbox 560 4670 2124 4739">
    <p class='ocr_par' dir='ltr' id='par_1_93' title="bbox 560 4670 2124 4739">
     <span class='ocr_line' id='line_1_93' title="bbox 560 4670 2124 4739; baseline 0.001 -14"><span class='ocrx_word' id='word_1_673' title='bbox 560 4682 673 4733; x_wconf 82' lang='lat' dir='ltr'><strong>tam</strong></span> <span class='ocrx_word' id='word_1_674' title='bbox 714 4670 912 4726; x_wconf 85' lang='lat' dir='ltr'><strong>faciam</strong></span> <span class='ocrx_word' id='word_1_675' title='bbox 953 4670 1034 4726; x_wconf 89' lang='lat' dir='ltr'><strong>eis</strong></span> <span class='ocrx_word' id='word_1_676' title='bbox 1080 4685 1299 4725; x_wconf 90' lang='lat' dir='ltr'><strong>manum</strong></span> <span class='ocrx_word' id='word_1_677' title='bbox 1331 4687 1526 4734; x_wconf 90' lang='lat' dir='ltr'><strong>meam,</strong></span> <span class='ocrx_word' id='word_1_678' title='bbox 1559 4681 1613 4725; x_wconf 89' lang='lat' dir='ltr'><strong>et</strong></span> <span class='ocrx_word' id='word_1_679' title='bbox 1646 4671 1896 4726; x_wconf 90' lang='lat' dir='ltr'><strong>virtutem</strong></span> <span class='ocrx_word' id='word_1_680' title='bbox 1927 4687 2124 4739; x_wconf 90' lang='lat' dir='ltr'><strong>meam,</strong></span> 
     </span>
    </p>
   </div>
   <div class='ocr_carea' id='block_1_94' title="bbox 552 4760 2125 4835">
    <p class='ocr_par' dir='ltr' id='par_1_94' title="bbox 552 4760 2125 4835">
     <span class='ocr_line' id='line_1_94' title="bbox 552 4760 2125 4835; baseline -0.002 -16"><span class='ocrx_word' id='word_1_681' title='bbox 552 4772 615 4819; x_wconf 83' lang='lat' dir='ltr'><strong>et</strong></span> <span class='ocrx_word' id='word_1_682' title='bbox 637 4770 988 4835; x_wconf 85' lang='lat' dir='ltr'><strong>cognoscent,</strong></span> <span class='ocrx_word' id='word_1_683' title='bbox 1017 4761 1162 4833; x_wconf 91' lang='lat' dir='ltr'><strong>quod</strong></span> <span class='ocrx_word' id='word_1_684' title='bbox 1206 4776 1403 4818; x_wconf 88' lang='lat' dir='ltr'><strong>nomen</strong></span> <span class='ocrx_word' id='word_1_685' title='bbox 1441 4762 1579 4815; x_wconf 86' lang='lat' dir='ltr'><strong>mihi</strong></span> <span class='ocrx_word' id='word_1_686' title='bbox 1611 4760 1892 4819; x_wconf 87' lang='lat' dir='ltr'><strong>Dominus.</strong></span> <span class='ocrx_word' id='word_1_687' title='bbox 1924 4761 2125 4817; x_wconf 86' lang='lat' dir='ltr'><strong>Pecca-</strong></span> 
     </span>
    </p>
   </div>
   <div class='ocr_carea' id='block_1_95' title="bbox 559 4854 2125 4927">
    <p class='ocr_par' dir='ltr' id='par_1_95' title="bbox 559 4854 2125 4927">
     <span class='ocr_line' id='line_1_95' title="bbox 559 4854 2125 4927; baseline 0.001 -18"><span class='ocrx_word' id='word_1_688' title='bbox 559 4863 675 4909; x_wconf 89' lang='lat' dir='ltr'><strong>tum</strong></span> <span class='ocrx_word' id='word_1_689' title='bbox 713 4854 853 4911; x_wconf 84' lang='lat' dir='ltr'><strong>Juda</strong></span> <span class='ocrx_word' id='word_1_690' title='bbox 886 4855 1150 4927; x_wconf 85' lang='lat' dir='ltr'><strong>scriptum</strong></span> <span class='ocrx_word' id='word_1_691' title='bbox 1185 4862 1269 4912; x_wconf 90' lang='lat' dir='ltr'><strong>est</strong></span> <span class='ocrx_word' id='word_1_692' title='bbox 1304 4858 1444 4927; x_wconf 80' lang='lat' dir='ltr'><strong>style</strong></span> <span class='ocrx_word' id='word_1_693' title='bbox 1479 4855 1656 4911; x_wconf 88' lang='lat' dir='ltr'><strong>ferreo</strong></span> <span class='ocrx_word' id='word_1_694' title='bbox 1686 4857 1739 4911; x_wconf 87' lang='lat' dir='ltr'><strong>in</strong></span> <span class='ocrx_word' id='word_1_695' title='bbox 1773 4872 1950 4927; x_wconf 89' lang='lat' dir='ltr'><strong>ungue</strong></span> <span class='ocrx_word' id='word_1_696' title='bbox 1991 4856 2125 4911; x_wconf 90' lang='lat' dir='ltr'><strong>ada-</strong></span> 
     </span>
    </p>
   </div>
   <div class='ocr_carea' id='block_1_96' title="bbox 558 4946 2117 5016">
    <p class='ocr_par' dir='ltr' id='par_1_96' title="bbox 558 4946 2117 5016">
     <span class='ocr_line' id='line_1_96' title="bbox 558 4946 2117 5016; baseline 0.001 -17"><span class='ocrx_word' id='word_1_697' title='bbox 558 4946 825 5011; x_wconf 85' lang='lat' dir='ltr'><strong>mantino,</strong></span> <span class='ocrx_word' id='word_1_698' title='bbox 860 4954 1140 5002; x_wconf 79' lang='lat' dir='ltr'><strong>exaratum</strong></span> <span class='ocrx_word' id='word_1_699' title='bbox 1180 4962 1344 5016; x_wconf 91' lang='lat' dir='ltr'><strong>super</strong></span> <span class='ocrx_word' id='word_1_700' title='bbox 1377 4946 1663 5002; x_wconf 84' lang='lat' dir='ltr'><strong>latitudine</strong></span> <span class='ocrx_word' id='word_1_701' title='bbox 1697 4947 1878 5003; x_wconf 91' lang='lat' dir='ltr'><strong>cordis</strong></span> <span class='ocrx_word' id='word_1_702' title='bbox 1906 4963 2117 5002; x_wconf 88' lang='lat' dir='ltr'><strong>eorum.</strong></span> 
     </span>
    </p>
   </div>
   <div class='ocr_carea' id='block_1_97' title="bbox 558 5034 2124 5112">
    <p class='ocr_par' dir='ltr' id='par_1_97' title="bbox 558 5034 2124 5112">
     <span class='ocr_line' id='line_1_97' title="bbox 558 5034 2124 5112; baseline 0.003 -22"><span class='ocrx_word' id='word_1_703' title='bbox 558 5034 695 5091; x_wconf 86' lang='lat' dir='ltr'><strong>Cum</strong></span> <span class='ocrx_word' id='word_1_704' title='bbox 723 5039 1004 5093; x_wconf 84' lang='lat' dir='ltr'><strong>recordata</strong></span> <span class='ocrx_word' id='word_1_705' title='bbox 1036 5039 1235 5094; x_wconf 80' lang='lat' dir='ltr'><strong>fuerint</strong></span> <span class='ocrx_word' id='word_1_706' title='bbox 1262 5053 1483 5094; x_wconf 87' lang='lat' dir='ltr'><strong>nemora</strong></span> <span class='ocrx_word' id='word_1_707' title='bbox 1517 5053 1703 5093; x_wconf 89' lang='lat' dir='ltr'><strong>eorum</strong></span> <span class='ocrx_word' id='word_1_708' title='bbox 1738 5039 1791 5094; x_wconf 91' lang='lat' dir='ltr'><strong>in</strong></span> <span class='ocrx_word' id='word_1_709' title='bbox 1824 5040 1970 5112; x_wconf 90' lang='lat' dir='ltr'><strong>ligno</strong></span> <span class='ocrx_word' id='word_1_710' title='bbox 1991 5056 2124 5095; x_wconf 88' lang='lat' dir='ltr'><strong>con-</strong></span> 
     </span>
    </p>
   </div>
   <div class='ocr_carea' id='block_1_98' title="bbox 558 5128 2120 5204">
    <p class='ocr_par' dir='ltr' id='par_1_98' title="bbox 558 5128 2120 5204">
     <span class='ocr_line' id='line_1_98' title="bbox 558 5128 2120 5204; baseline 0.002 -22"><span class='ocrx_word' id='word_1_711' title='bbox 558 5128 749 5193; x_wconf 87' lang='lat' dir='ltr'><strong>denso,</strong></span> <span class='ocrx_word' id='word_1_712' title='bbox 779 5138 834 5185; x_wconf 89' lang='lat' dir='ltr'><strong>et</strong></span> <span class='ocrx_word' id='word_1_713' title='bbox 866 5130 922 5184; x_wconf 92' lang='lat' dir='ltr'><strong>in</strong></span> <span class='ocrx_word' id='word_1_714' title='bbox 955 5132 1186 5186; x_wconf 90' lang='lat' dir='ltr'><strong>collibus</strong></span> <span class='ocrx_word' id='word_1_715' title='bbox 1207 5131 1456 5193; x_wconf 78' lang='lat' dir='ltr'><strong>excelsis,</strong></span> <span class='ocrx_word' id='word_1_716' title='bbox 1478 5141 1531 5185; x_wconf 89' lang='lat' dir='ltr'><strong>et</strong></span> <span class='ocrx_word' id='word_1_717' title='bbox 1562 5132 1856 5198; x_wconf 88' lang='lat' dir='ltr'><strong>montibus,</strong></span> <span class='ocrx_word' id='word_1_718' title='bbox 1882 5133 1935 5186; x_wconf 91' lang='lat' dir='ltr'><strong>in</strong></span> <span class='ocrx_word' id='word_1_719' title='bbox 1970 5148 2120 5204; x_wconf 88' lang='lat' dir='ltr'><strong>agro.</strong></span> 
     </span>
    </p>
   </div>
   <div class='ocr_carea' id='block_1_99' title="bbox 556 5219 2122 5294">
    <p class='ocr_par' dir='ltr' id='par_1_99' title="bbox 556 5219 2122 5294">
     <span class='ocr_line' id='line_1_99' title="bbox 556 5219 2122 5294; baseline 0.001 -19"><span class='ocrx_word' id='word_1_720' title='bbox 556 5219 951 5279; x_wconf 81' lang='lat' dir='ltr'><strong>Fortitudinem</strong></span> <span class='ocrx_word' id='word_1_721' title='bbox 992 5231 1161 5287; x_wconf 89' lang='lat' dir='ltr'><strong>tuam,</strong></span> <span class='ocrx_word' id='word_1_722' title='bbox 1190 5231 1242 5279; x_wconf 89' lang='lat' dir='ltr'><strong>et</strong></span> <span class='ocrx_word' id='word_1_723' title='bbox 1274 5224 1560 5279; x_wconf 87' lang='lat' dir='ltr'><strong>thesauros</strong></span> <span class='ocrx_word' id='word_1_724' title='bbox 1602 5230 1727 5279; x_wconf 90' lang='lat' dir='ltr'><strong>tuos</strong></span> <span class='ocrx_word' id='word_1_725' title='bbox 1764 5226 1819 5280; x_wconf 91' lang='lat' dir='ltr'><strong>in</strong></span> <span class='ocrx_word' id='word_1_726' title='bbox 1862 5225 2122 5294; x_wconf 82' lang='lat' dir='ltr'><strong>direptio-</strong></span> 
     </span>
    </p>
   </div>
   <div class='ocr_carea' id='block_1_100' title="bbox 557 5314 2119 5389">
    <p class='ocr_par' dir='ltr' id='par_1_100' title="bbox 557 5314 2119 5389">
     <span class='ocr_line' id='line_1_100' title="bbox 557 5314 2119 5389; baseline 0.001 -19"><span class='ocrx_word' id='word_1_727' title='bbox 557 5330 681 5370; x_wconf 89' lang='lat' dir='ltr'><strong>nem</strong></span> <span class='ocrx_word' id='word_1_728' title='bbox 727 5314 889 5381; x_wconf 85' lang='lat' dir='ltr'><strong>dabo,</strong></span> <span class='ocrx_word' id='word_1_729' title='bbox 921 5325 975 5371; x_wconf 91' lang='lat' dir='ltr'><strong>et</strong></span> <span class='ocrx_word' id='word_1_730' title='bbox 1004 5319 1218 5372; x_wconf 79' lang='lat' dir='ltr'><strong>excelsa</strong></span> <span class='ocrx_word' id='word_1_731' title='bbox 1264 5326 1378 5381; x_wconf 90' lang='lat' dir='ltr'><strong>tua,</strong></span> <span class='ocrx_word' id='word_1_732' title='bbox 1408 5325 1631 5389; x_wconf 88' lang='lat' dir='ltr'><strong>propter</strong></span> <span class='ocrx_word' id='word_1_733' title='bbox 1662 5325 1881 5388; x_wconf 88' lang='lat' dir='ltr'><strong>peccata</strong></span> <span class='ocrx_word' id='word_1_734' title='bbox 1914 5327 2027 5380; x_wconf 87' lang='lat' dir='ltr'><strong>tua,</strong></span> <span class='ocrx_word' id='word_1_735' title='bbox 2064 5317 2119 5371; x_wconf 90' lang='lat' dir='ltr'><strong>in</strong></span> 
     </span>
    </p>
   </div>
   <div class='ocr_carea' id='block_1_101' title="bbox 477 5408 2121 5481">
    <p class='ocr_par' dir='ltr' id='par_1_101' title="bbox 477 5408 2121 5481">
     <span class='ocr_line' id='line_1_101' title="bbox 477 5408 2121 5481; baseline 0 -19"><span class='ocrx_word' id='word_1_736' title='bbox 477 5420 509 5479; x_wconf 56' lang='lat'><strong>:5</strong></span> <span class='ocrx_word' id='word_1_737' title='bbox 554 5409 809 5464; x_wconf 86' lang='lat' dir='ltr'><strong>omnibus</strong></span> <span class='ocrx_word' id='word_1_738' title='bbox 866 5408 1065 5464; x_wconf 86' lang='lat' dir='ltr'><strong>ﬁnibus</strong></span> <span class='ocrx_word' id='word_1_739' title='bbox 1116 5412 1223 5465; x_wconf 90' lang='lat' dir='ltr'><strong>tuis</strong></span> <span class='ocrx_word' id='word_1_740' title='bbox 1254 5430 1266 5465; x_wconf 90' lang='lat'>:</span> <span class='ocrx_word' id='word_1_741' title='bbox 1298 5420 1354 5465; x_wconf 91' lang='lat' dir='ltr'><strong>et</strong></span> <span class='ocrx_word' id='word_1_742' title='bbox 1390 5410 1714 5481; x_wconf 87' lang='lat' dir='ltr'><strong>relinqueris</strong></span> <span class='ocrx_word' id='word_1_743' title='bbox 1765 5411 1901 5474; x_wconf 91' lang='lat' dir='ltr'><strong>sola,</strong></span> <span class='ocrx_word' id='word_1_744' title='bbox 1926 5415 1979 5464; x_wconf 89' lang='lat' dir='ltr'><strong>et</strong></span> <span class='ocrx_word' id='word_1_745' title='bbox 2014 5409 2121 5463; x_wconf 78' lang='lat' dir='ltr'><strong>bu-</strong></span> 
     </span>
    </p>
   </div>
   <div class='ocr_carea' id='block_1_102' title="bbox 488 5482 2121 5572">
    <p class='ocr_par' dir='ltr' id='par_1_102' title="bbox 488 5482 2121 5572">
     <span class='ocr_line' id='line_1_102' title="bbox 488 5482 2121 5572; baseline 0.002 -19"><span class='ocrx_word' id='word_1_746' title='bbox 488 5482 499 5531; x_wconf 79' lang='grc'><strong>’·</strong></span> <span class='ocrx_word' id='word_1_747' title='bbox 554 5499 852 5555; x_wconf 87' lang='lat' dir='ltr'><strong>miliaberis</strong></span> <span class='ocrx_word' id='word_1_748' title='bbox 904 5500 972 5553; x_wconf 88' lang='lat' dir='ltr'><strong>ab</strong></span> <span class='ocrx_word' id='word_1_749' title='bbox 1024 5500 1333 5557; x_wconf 69' lang='lat' dir='ltr'><strong>haereditate</strong></span> <span class='ocrx_word' id='word_1_750' title='bbox 1386 5510 1498 5567; x_wconf 83' lang='lat' dir='ltr'><strong>tua,</strong></span> <span class='ocrx_word' id='word_1_751' title='bbox 1541 5518 1705 5572; x_wconf 83' lang='lat' dir='ltr'><strong>quam</strong></span> <span class='ocrx_word' id='word_1_752' title='bbox 1742 5502 1866 5556; x_wconf 83' lang='lat' dir='ltr'><strong>dedi</strong></span> <span class='ocrx_word' id='word_1_753' title='bbox 1898 5501 2017 5566; x_wconf 90' lang='lat' dir='ltr'><strong>tibi,</strong></span> <span class='ocrx_word' id='word_1_754' title='bbox 2070 5512 2121 5556; x_wconf 88' lang='lat' dir='ltr'><strong>et</strong></span> 
     </span>
    </p>
   </div>
   <div class='ocr_carea' id='block_1_103' title="bbox 555 5590 2119 5661">
    <p class='ocr_par' dir='ltr' id='par_1_103' title="bbox 555 5590 2119 5661">
     <span class='ocr_line' id='line_1_103' title="bbox 555 5590 2119 5661; baseline 0.001 -16"><span class='ocrx_word' id='word_1_755' title='bbox 555 5590 760 5645; x_wconf 81' lang='lat' dir='ltr'><strong>servire</strong></span> <span class='ocrx_word' id='word_1_756' title='bbox 792 5598 843 5643; x_wconf 88' lang='lat' dir='ltr'><strong>te</strong></span> <span class='ocrx_word' id='word_1_757' title='bbox 876 5590 1068 5644; x_wconf 89' lang='lat' dir='ltr'><strong>faciam</strong></span> <span class='ocrx_word' id='word_1_758' title='bbox 1103 5590 1337 5646; x_wconf 89' lang='lat' dir='ltr'><strong>inimicis</strong></span> <span class='ocrx_word' id='word_1_759' title='bbox 1370 5593 1476 5647; x_wconf 83' lang='lat' dir='ltr'><strong>tuis</strong></span> <span class='ocrx_word' id='word_1_760' title='bbox 1517 5592 1568 5645; x_wconf 89' lang='lat' dir='ltr'><strong>iu</strong></span> <span class='ocrx_word' id='word_1_761' title='bbox 1610 5600 1774 5657; x_wconf 86' lang='lat' dir='ltr'><strong>terra,</strong></span> <span class='ocrx_word' id='word_1_762' title='bbox 1809 5606 1971 5661; x_wconf 89' lang='lat' dir='ltr'><strong>quam</strong></span> <span class='ocrx_word' id='word_1_763' title='bbox 2012 5607 2119 5646; x_wconf 91' lang='lat' dir='ltr'><strong>non</strong></span> 
     </span>
    </p>
   </div>
   <div class='ocr_carea' id='block_1_104' title="bbox 622 5764 1627 5833">
    <p class='ocr_par' dir='ltr' id='par_1_104' title="bbox 622 5764 1627 5833">
     <span class='ocr_line' id='line_1_104' title="bbox 622 5764 1627 5833; baseline 0.002 -14"><span class='ocrx_word' id='word_1_764' title='bbox 622 5766 668 5798; x_wconf 79' lang='grc'><strong>’⁸</strong></span> <span class='ocrx_word' id='word_1_765' title='bbox 692 5764 796 5821; x_wconf 89' lang='lat' dir='ltr'><strong>lsa.</strong></span> <span class='ocrx_word' id='word_1_766' title='bbox 827 5782 913 5833; x_wconf 73' lang='grc' dir='ltr'>ιγ,</span> <span class='ocrx_word' id='word_1_767' title='bbox 945 5767 1063 5821; x_wconf 68' lang='grc'><strong>55.</strong></span> <span class='ocrx_word' id='word_1_768' title='bbox 1141 5767 1186 5798; x_wconf 77' lang='grc' dir='ltr'><strong>τ’</strong></span> <span class='ocrx_word' id='word_1_769' title='bbox 1206 5764 1316 5822; x_wconf 75' lang='lat' dir='ltr'><strong>Jer.</strong></span> <span class='ocrx_word' id='word_1_770' title='bbox 1340 5783 1415 5833; x_wconf 78' lang='lat' dir='ltr'><strong>vr,</strong></span> <span class='ocrx_word' id='word_1_771' title='bbox 1444 5765 1627 5821; x_wconf 66' lang='lat' dir='ltr'><strong>H3118.</strong></span> 
     </span>
    </p>
   </div>
   <div class='ocr_carea' id='block_1_105' title="bbox 2232 4577 3784 4652">
    <p class='ocr_par' dir='ltr' id='par_1_105' title="bbox 2232 4577 3784 4652">
     <span class='ocr_line' id='line_1_105' title="bbox 2232 4577 3784 4652; baseline -0.003 -14"><span class='ocrx_word' id='word_1_772' title='bbox 2232 4585 2331 4638; x_wconf 84' lang='grc' dir='ltr'><strong>οὐκ</strong></span> <span class='ocrx_word' id='word_1_773' title='bbox 2361 4584 2465 4636; x_wconf 72' lang='grc' dir='ltr'>εἰσὶ</span> <span class='ocrx_word' id='word_1_774' title='bbox 2493 4582 2624 4639; x_wconf 88' lang='grc' dir='ltr'>θεοί.</span> <span class='ocrx_word' id='word_1_775' title='bbox 2662 4583 2758 4635; x_wconf 71' lang='grc' dir='ltr'><strong>Διὰ</strong></span> <span class='ocrx_word' id='word_1_776' title='bbox 2782 4582 2941 4635; x_wconf 78' lang='grc' dir='ltr'>τοῦτο</span> <span class='ocrx_word' id='word_1_777' title='bbox 2971 4583 3077 4636; x_wconf 82' lang='grc' dir='ltr'>ἰδοὺ</span> <span class='ocrx_word' id='word_1_778' title='bbox 3111 4582 3221 4652; x_wconf 74' lang='grc' dir='ltr'>ἐγὼ</span> <span class='ocrx_word' id='word_1_779' title='bbox 3246 4583 3402 4650; x_wconf 81' lang='grc' dir='ltr'>δείξω</span> <span class='ocrx_word' id='word_1_780' title='bbox 3424 4585 3604 4645; x_wconf 84' lang='grc' dir='ltr'>αὐτοῖς</span> <span class='ocrx_word' id='word_1_781' title='bbox 3638 4582 3693 4634; x_wconf 81' lang='grc' dir='ltr'>ὲν</span> <span class='ocrx_word' id='word_1_782' title='bbox 3712 4577 3784 4648; x_wconf 79' lang='grc' dir='ltr'>τῷ</span> 
     </span>
    </p>
   </div>
   <div class='ocr_carea' id='block_1_106' title="bbox 2233 4665 3783 4744">
    <p class='ocr_par' dir='ltr' id='par_1_106' title="bbox 2233 4665 3783 4744">
     <span class='ocr_line' id='line_1_106' title="bbox 2233 4665 3783 4744; baseline -0.003 -20"><span class='ocrx_word' id='word_1_783' title='bbox 2233 4670 2408 4743; x_wconf 82' lang='grc' dir='ltr'>καιρῷ</span> <span class='ocrx_word' id='word_1_784' title='bbox 2435 4671 2629 4742; x_wconf 83' lang='grc' dir='ltr'>τούτῳ,</span> <span class='ocrx_word' id='word_1_785' title='bbox 2669 4672 2884 4742; x_wconf 85' lang='grc' dir='ltr'>γνωριῶ</span> <span class='ocrx_word' id='word_1_786' title='bbox 2918 4673 3098 4737; x_wconf 84' lang='grc' dir='ltr'>αὐτοῖς</span> <span class='ocrx_word' id='word_1_787' title='bbox 3122 4671 3218 4743; x_wconf 85' lang='grc' dir='ltr'>τὴν</span> <span class='ocrx_word' id='word_1_788' title='bbox 3247 4673 3403 4744; x_wconf 86' lang='grc' dir='ltr'>χεῖρά</span> <span class='ocrx_word' id='word_1_789' title='bbox 3445 4690 3543 4744; x_wconf 91' lang='grc' dir='ltr'><strong>μου</strong></span> <span class='ocrx_word' id='word_1_790' title='bbox 3579 4670 3670 4723; x_wconf 75' lang='grc' dir='ltr'>καὶ</span> <span class='ocrx_word' id='word_1_791' title='bbox 3692 4665 3783 4739; x_wconf 82' lang='grc' dir='ltr'><strong>τὴν</strong></span> 
     </span>
    </p>
   </div>
   <div class='ocr_carea' id='block_1_107' title="bbox 2229 4760 3778 4833">
    <p class='ocr_par' dir='ltr' id='par_1_107' title="bbox 2229 4760 3778 4833">
     <span class='ocr_line' id='line_1_107' title="bbox 2229 4760 3778 4833; baseline -0.004 -18"><span class='ocrx_word' id='word_1_792' title='bbox 2229 4762 2456 4833; x_wconf 89' lang='grc' dir='ltr'>δύναμίν</span> <span class='ocrx_word' id='word_1_793' title='bbox 2483 4778 2613 4833; x_wconf 85' lang='grc' dir='ltr'>μου·</span> <span class='ocrx_word' id='word_1_794' title='bbox 2644 4763 2737 4815; x_wconf 75' lang='grc' dir='ltr'><strong>καὶ</strong></span> <span class='ocrx_word' id='word_1_795' title='bbox 2770 4761 3087 4831; x_wconf 82' lang='grc' dir='ltr'>γνώσονται,</span> <span class='ocrx_word' id='word_1_796' title='bbox 3125 4764 3208 4816; x_wconf 77' lang='grc' dir='ltr'><strong>ὅτι</strong></span> <span class='ocrx_word' id='word_1_797' title='bbox 3237 4763 3405 4833; x_wconf 83' lang='grc' dir='ltr'>όνομά</span> <span class='ocrx_word' id='word_1_798' title='bbox 3437 4781 3526 4833; x_wconf 83' lang='grc' dir='ltr'><strong>μοι</strong></span> <span class='ocrx_word' id='word_1_799' title='bbox 3568 4760 3778 4831; x_wconf 89' lang='grc' dir='ltr'>Κύριος.</span> 
     </span>
    </p>
   </div>
   <div class='ocr_carea' id='block_1_108' title="bbox 2241 4844 3779 4928">
    <p class='ocr_par' dir='ltr' id='par_1_108' title="bbox 2241 4844 3779 4928">
     <span class='ocr_line' id='line_1_108' title="bbox 2241 4844 3779 4928; baseline -0.004 -21"><span class='ocrx_word' id='word_1_800' title='bbox 2241 4855 2511 4926; x_wconf 79' lang='grc' dir='ltr'>Ἀμαρτία</span> <span class='ocrx_word' id='word_1_801' title='bbox 2575 4855 2745 4909; x_wconf 83' lang='grc' dir='ltr'>Ἰούδα</span> <span class='ocrx_word' id='word_1_802' title='bbox 2799 4844 3167 4928; x_wconf 75' lang='grc' dir='ltr'>ἐγγέγραπται</span> <span class='ocrx_word' id='word_1_803' title='bbox 3212 4859 3269 4909; x_wconf 85' lang='grc' dir='ltr'>ὲν</span> <span class='ocrx_word' id='word_1_804' title='bbox 3312 4859 3497 4928; x_wconf 79' lang='grc' dir='ltr'>γραφῇ</span> <span class='ocrx_word' id='word_1_805' title='bbox 3541 4856 3596 4907; x_wconf 85' lang='grc' dir='ltr'>ὲν</span> <span class='ocrx_word' id='word_1_806' title='bbox 3640 4852 3779 4919; x_wconf 86' lang='grc' dir='ltr'>όνυχι</span> 
     </span>
    </p>
   </div>
   <div class='ocr_carea' id='block_1_109' title="bbox 2227 4941 3780 5018">
    <p class='ocr_par' dir='ltr' id='par_1_109' title="bbox 2227 4941 3780 5018">
     <span class='ocr_line' id='line_1_109' title="bbox 2227 4941 3780 5018; baseline 0.002 -20"><span class='ocrx_word' id='word_1_807' title='bbox 2227 4945 2592 5016; x_wconf 86' lang='grc' dir='ltr'>ἀδαμαντίνῳ,</span> <span class='ocrx_word' id='word_1_808' title='bbox 2643 4946 3090 5018; x_wconf 81' lang='grc' dir='ltr'>ὲγκεκολαμμένη</span> <span class='ocrx_word' id='word_1_809' title='bbox 3145 4946 3238 5000; x_wconf 76' lang='grc' dir='ltr'><strong>ἐπὶ</strong></span> <span class='ocrx_word' id='word_1_810' title='bbox 3283 4945 3377 4999; x_wconf 82' lang='grc' dir='ltr'>τοῦ</span> <span class='ocrx_word' id='word_1_811' title='bbox 3427 4945 3649 5018; x_wconf 87' lang='grc' dir='ltr'>στήθους</span> <span class='ocrx_word' id='word_1_812' title='bbox 3689 4941 3780 5011; x_wconf 85' lang='grc' dir='ltr'><strong>τῆς</strong></span> 
     </span>
    </p>
   </div>
   <div class='ocr_carea' id='block_1_110' title="bbox 2233 5030 3778 5110">
    <p class='ocr_par' dir='ltr' id='par_1_110' title="bbox 2233 5030 3778 5110">
     <span class='ocr_line' id='line_1_110' title="bbox 2233 5030 3778 5110; baseline -0.005 -20"><span class='ocrx_word' id='word_1_813' title='bbox 2233 5037 2458 5110; x_wconf 81' lang='grc' dir='ltr'>καρδίας</span> <span class='ocrx_word' id='word_1_814' title='bbox 2485 5038 2683 5103; x_wconf 76' lang='grc' dir='ltr'>αὐτῶν,</span> <span class='ocrx_word' id='word_1_815' title='bbox 2708 5040 2870 5110; x_wconf 80' lang='grc' dir='ltr'>ἡνίκα</span> <span class='ocrx_word' id='word_1_816' title='bbox 2906 5038 2971 5091; x_wconf 82' lang='grc' dir='ltr'>ἂν</span> <span class='ocrx_word' id='word_1_817' title='bbox 3008 5038 3313 5110; x_wconf 87' lang='grc' dir='ltr'>μνησθῶσιν</span> <span class='ocrx_word' id='word_1_818' title='bbox 3345 5038 3412 5092; x_wconf 79' lang='grc' dir='ltr'>τὰ</span> <span class='ocrx_word' id='word_1_819' title='bbox 3439 5039 3572 5108; x_wconf 83' lang='grc' dir='ltr'>ἄλση</span> <span class='ocrx_word' id='word_1_820' title='bbox 3611 5030 3778 5088; x_wconf 80' lang='grc' dir='ltr'>αὐτῶν</span> 
     </span>
    </p>
   </div>
   <div class='ocr_carea' id='block_1_111' title="bbox 2229 5121 3778 5201">
    <p class='ocr_par' dir='ltr' id='par_1_111' title="bbox 2229 5121 3778 5201">
     <span class='ocr_line' id='line_1_111' title="bbox 2229 5121 3778 5201; baseline -0.003 -20"><span class='ocrx_word' id='word_1_821' title='bbox 2229 5130 2322 5181; x_wconf 79' lang='grc' dir='ltr'><strong>ἐπὶ</strong></span> <span class='ocrx_word' id='word_1_822' title='bbox 2365 5128 2520 5194; x_wconf 80' lang='grc' dir='ltr'>ξύλου</span> <span class='ocrx_word' id='word_1_823' title='bbox 2570 5129 2773 5193; x_wconf 82' lang='grc' dir='ltr'>δασέως</span> <span class='ocrx_word' id='word_1_824' title='bbox 2823 5131 2915 5182; x_wconf 73' lang='grc' dir='ltr'><strong>καὶ</strong></span> <span class='ocrx_word' id='word_1_825' title='bbox 2964 5130 3053 5182; x_wconf 76' lang='grc' dir='ltr'>ἐπὶ</span> <span class='ocrx_word' id='word_1_826' title='bbox 3098 5129 3297 5199; x_wconf 84' lang='grc' dir='ltr'>βουνῶν</span> <span class='ocrx_word' id='word_1_827' title='bbox 3347 5129 3649 5201; x_wconf 82' lang='grc' dir='ltr'>μετεώρων,</span> <span class='ocrx_word' id='word_1_828' title='bbox 3690 5121 3778 5177; x_wconf 73' lang='grc' dir='ltr'><strong>καὶ</strong></span> 
     </span>
    </p>
   </div>
   <div class='ocr_carea' id='block_1_112' title="bbox 2227 5215 3778 5296">
    <p class='ocr_par' dir='ltr' id='par_1_112' title="bbox 2227 5215 3778 5296">
     <span class='ocr_line' id='line_1_112' title="bbox 2227 5215 3778 5296; baseline -0.001 -19"><span class='ocrx_word' id='word_1_829' title='bbox 2227 5224 2396 5296; x_wconf 81' lang='grc' dir='ltr'>ὀρέων</span> <span class='ocrx_word' id='word_1_830' title='bbox 2440 5226 2496 5277; x_wconf 79' lang='grc' dir='ltr'>ὲν</span> <span class='ocrx_word' id='word_1_831' title='bbox 2534 5223 2708 5295; x_wconf 83' lang='grc' dir='ltr'>ἀγρῷ.</span> <span class='ocrx_word' id='word_1_832' title='bbox 2769 5223 2939 5293; x_wconf 74' lang='grc' dir='ltr'>’ἰσχύν</span> <span class='ocrx_word' id='word_1_833' title='bbox 2978 5239 3068 5275; x_wconf 90' lang='grc' dir='ltr'><strong>σου</strong></span> <span class='ocrx_word' id='word_1_834' title='bbox 3110 5223 3202 5276; x_wconf 77' lang='grc' dir='ltr'>καὶ</span> <span class='ocrx_word' id='word_1_835' title='bbox 3242 5222 3547 5295; x_wconf 88' lang='grc' dir='ltr'>θησαυρούς</span> <span class='ocrx_word' id='word_1_836' title='bbox 3581 5235 3669 5272; x_wconf 85' lang='grc' dir='ltr'><strong>σου</strong></span> <span class='ocrx_word' id='word_1_837' title='bbox 3704 5215 3778 5275; x_wconf 81' lang='grc' dir='ltr'>είς</span> 
     </span>
    </p>
   </div>
   <div class='ocr_carea' id='block_1_113' title="bbox 2228 5308 3777 5390">
    <p class='ocr_par' dir='ltr' id='par_1_113' title="bbox 2228 5308 3777 5390">
     <span class='ocr_line' id='line_1_113' title="bbox 2228 5308 3777 5390; baseline -0.008 -20"><span class='ocrx_word' id='word_1_838' title='bbox 2228 5317 2504 5390; x_wconf 85' lang='grc' dir='ltr'>προνομὴν</span> <span class='ocrx_word' id='word_1_839' title='bbox 2525 5316 2699 5377; x_wconf 88' lang='grc' dir='ltr'>δώσω,</span> <span class='ocrx_word' id='word_1_840' title='bbox 2724 5317 2815 5369; x_wconf 76' lang='grc' dir='ltr'>καὶ</span> <span class='ocrx_word' id='word_1_841' title='bbox 2841 5315 2906 5368; x_wconf 85' lang='grc' dir='ltr'><strong>τὰ</strong></span> <span class='ocrx_word' id='word_1_842' title='bbox 2946 5313 3125 5385; x_wconf 69' lang='grc' dir='ltr'>ὑψηλά</span> <span class='ocrx_word' id='word_1_843' title='bbox 3165 5330 3258 5367; x_wconf 89' lang='grc' dir='ltr'><strong>σου</strong></span> <span class='ocrx_word' id='word_1_844' title='bbox 3281 5313 3368 5368; x_wconf 82' lang='grc' dir='ltr'>διὰ</span> <span class='ocrx_word' id='word_1_845' title='bbox 3396 5315 3492 5377; x_wconf 85' lang='grc' dir='ltr'>τὰς</span> <span class='ocrx_word' id='word_1_846' title='bbox 3522 5308 3777 5384; x_wconf 83' lang='grc' dir='ltr'>ἁμαρτίας</span> 
     </span>
    </p>
   </div>
   <div class='ocr_carea' id='block_1_114' title="bbox 2228 5401 3775 5479">
    <p class='ocr_par' dir='ltr' id='par_1_114' title="bbox 2228 5401 3775 5479">
     <span class='ocr_line' id='line_1_114' title="bbox 2228 5401 3775 5479; baseline -0.006 -18"><span class='ocrx_word' id='word_1_847' title='bbox 2228 5426 2321 5461; x_wconf 83' lang='grc' dir='ltr'><strong>σου</strong></span> <span class='ocrx_word' id='word_1_848' title='bbox 2355 5409 2451 5472; x_wconf 80' lang='grc' dir='ltr'>τὰς</span> <span class='ocrx_word' id='word_1_849' title='bbox 2477 5410 2534 5462; x_wconf 82' lang='grc' dir='ltr'><strong>ἐν</strong></span> <span class='ocrx_word' id='word_1_850' title='bbox 2570 5411 2701 5462; x_wconf 81' lang='grc' dir='ltr'>πᾶσι</span> <span class='ocrx_word' id='word_1_851' title='bbox 2730 5411 2840 5471; x_wconf 82' lang='grc' dir='ltr'>τοῖς</span> <span class='ocrx_word' id='word_1_852' title='bbox 2866 5407 3032 5479; x_wconf 81' lang='grc' dir='ltr'>ὁρίοις</span> <span class='ocrx_word' id='word_1_853' title='bbox 3061 5424 3153 5459; x_wconf 88' lang='grc' dir='ltr'><strong>σου</strong></span> <span class='ocrx_word' id='word_1_854' title='bbox 3173 5423 3188 5435; x_wconf 90' lang='grc'><strong>·</strong></span> <span class='ocrx_word' id='word_1_855' title='bbox 3218 5408 3311 5460; x_wconf 77' lang='grc' dir='ltr'>καὶ</span> <span class='ocrx_word' id='word_1_856' title='bbox 3349 5406 3595 5478; x_wconf 82' lang='grc' dir='ltr'>ἀφεθήσῃ</span> <span class='ocrx_word' id='word_1_857' title='bbox 3626 5401 3775 5472; x_wconf 76' lang='grc' dir='ltr'>μόνη,</span> 
     </span>
    </p>
   </div>
   <div class='ocr_carea' id='block_1_115' title="bbox 2227 5491 3777 5571">
    <p class='ocr_par' dir='ltr' id='par_1_115' title="bbox 2227 5491 3777 5571">
     <span class='ocr_line' id='line_1_115' title="bbox 2227 5491 3777 5571; baseline -0.008 -18"><span class='ocrx_word' id='word_1_858' title='bbox 2227 5501 2319 5553; x_wconf 73' lang='grc' dir='ltr'>καὶ</span> <span class='ocrx_word' id='word_1_859' title='bbox 2341 5498 2720 5571; x_wconf 83' lang='grc' dir='ltr'>ταπεινωθήσῃ</span> <span class='ocrx_word' id='word_1_860' title='bbox 2741 5498 2846 5552; x_wconf 86' lang='grc' dir='ltr'><strong>ἀπὸ</strong></span> <span class='ocrx_word' id='word_1_861' title='bbox 2867 5498 2967 5568; x_wconf 87' lang='grc' dir='ltr'><strong>τῆς</strong></span> <span class='ocrx_word' id='word_1_862' title='bbox 2993 5496 3353 5568; x_wconf 87' lang='grc' dir='ltr'>κληρονομίας</span> <span class='ocrx_word' id='word_1_863' title='bbox 3372 5514 3488 5563; x_wconf 91' lang='grc' dir='ltr'>σου,</span> <span class='ocrx_word' id='word_1_864' title='bbox 3521 5491 3585 5567; x_wconf 85' lang='grc' dir='ltr'>ἦς</span> <span class='ocrx_word' id='word_1_865' title='bbox 3613 5492 3777 5545; x_wconf 80' lang='grc' dir='ltr'>ἐδωκὰ</span> 
     </span>
    </p>
   </div>
   <div class='ocr_carea' id='block_1_116' title="bbox 2228 5582 3772 5663">
    <p class='ocr_par' dir='ltr' id='par_1_116' title="bbox 2228 5582 3772 5663">
     <span class='ocr_line' id='line_1_116' title="bbox 2228 5582 3772 5663; baseline -0.001 -18"><span class='ocrx_word' id='word_1_866' title='bbox 2228 5609 2339 5645; x_wconf 87' lang='grc' dir='ltr'>σοι·</span> <span class='ocrx_word' id='word_1_867' title='bbox 2378 5593 2470 5645; x_wconf 79' lang='grc' dir='ltr'><strong>καὶ</strong></span> <span class='ocrx_word' id='word_1_868' title='bbox 2505 5589 2895 5647; x_wconf 88' lang='grc' dir='ltr'>καταδουλώσω</span> <span class='ocrx_word' id='word_1_869' title='bbox 2928 5608 2986 5643; x_wconf 87' lang='grc' dir='ltr'><strong>σε</strong></span> <span class='ocrx_word' id='word_1_870' title='bbox 3023 5593 3136 5655; x_wconf 85' lang='grc' dir='ltr'>τοῖς</span> <span class='ocrx_word' id='word_1_871' title='bbox 3160 5592 3373 5663; x_wconf 74' lang='grc' dir='ltr'>ἐχθροῖς</span> <span class='ocrx_word' id='word_1_872' title='bbox 3405 5608 3499 5646; x_wconf 88' lang='grc' dir='ltr'><strong>σου</strong></span> <span class='ocrx_word' id='word_1_873' title='bbox 3536 5592 3591 5643; x_wconf 83' lang='grc' dir='ltr'>ἐν</span> <span class='ocrx_word' id='word_1_874' title='bbox 3616 5588 3678 5656; x_wconf 77' lang='grc' dir='ltr'>τῇ</span> <span class='ocrx_word' id='word_1_875' title='bbox 3711 5582 3772 5651; x_wconf 76' lang='grc' dir='ltr'>γῇ</span> 
     </span>
    </p>
   </div>
  </div>
