4056 6418
531 336 634 392 H5

1196 338 1464 395 EUSEBII
1500 340 1976 399 CESARIENSIS
2013 344 2162 400 OPP.
2203 342 2386 398 PARS
2421 341 2486 396 ll.
2525 371 2595 385 -—
2630 322 3153 399 APOLOGETICA.‘

3658 337 3763 395 H6

529 430 716 505 XXIX.
756 451 794 504 Α
829 450 1198 526 Μαίαείιίαυ-
1226 453 1502 509 Recusntio
1530 458 1694 525 gentis
1721 456 1997 520 Judaicw,
2043 474 2082 513 et

2192 457 2319 511 K67.
2371 457 2503 510 Ἀπὸ
2534 457 2639 510 τοῦ
2671 452 3457 526 Μαλαχίουρ-Παραίτησις
3482 451 3587 505 τοῦ
3628 454 3757 526 Ἰου-

597 523 885 590 corporalis
930 524 1159 591 ipsorum
1195 539 1257 577 est.
1304 526 1407 593 lege
1451 523 1613 583 Musis
1654 529 1980 584 adorationis
2010 547 2091 582 re—

595 593 771 668 iectio,
799 594 1073 668 spiritunli
1115 595 1411 649 introducta
1458 598 1508 649 in
1542 615 1715 652 omnes
1746 610 1917 668 gentes
1960 600 2089 653 ado-

597 664 799 716 ratione
831 678 920 730 per
945 661 1233 719 Christum.

597 815 705 887 56
732 836 750 867 ι
778 816 896 871 Non
920 825 1003 873 est
1020 832 1137 871 mea
1165 820 1478 874 voluntasin
1498 821 2090 886 vobis,dicitDominus

526 909 894 979 omnipotens,
918 915 972 963 et
1000 909 1328 964 sacriﬁcium
1358 927 1463 964 non
1496 913 1787 982 suscipiam
1816 914 1881 969 de
1911 917 2087 969 mani-

528 1002 629 1056 bus
653 1001 847 1056 vestris
873 1019 887 1067 ;
923 1004 1178 1072 quoniam
1209 1001 1276 1054 ab
1301 1009 1422 1055 ortu
1448 1004 1599 1067 solis,
1623 1014 1676 1059 et
1709 1022 1879 1075 usque
1902 1007 1968 1061 ad
1998 1022 2090 1061 oc—

526 1108 736 1157 casum,
766 1110 964 1149 nomen
999 1110 1176 1150 meum
1212 1094 1568 1164 gloriﬁcatum
1603 1107 1685 1153 cst
1711 1100 1762 1152 in
1791 1100 2041 1170 gentibus
2072 1122 2084 1154 :

525 1193 579 1240 et
601 1186 654 1239 in
688 1187 835 1239 omni
859 1187 976 1240 loco
1018 1185 1299 1241 incensum
1330 1186 1553 1243 oll‘ertur
1586 1191 1792 1244 nomini
1841 1208 1994 1254 meo,
2034 1201 2089 1248 et

529 1278 707 1333 hostia
743 1278 939 1331 munda
973 1298 986 1331 :
1018 1279 1271 1348 quoniam
1302 1295 1553 1349 magnum
1585 1297 1780 1337 nomen
1825 1299 1999 1337 memn
2032 1285 2085 1338 in

526 1370 798 1437 gentibus,
817 1370 947 1422 dicit
982 1368 1241 1424 Dominus
1264 1370 1624 1442 omnipotens,
1651 1388 1747 1427 vos
1764 1383 1940 1428 autem
1965 1390 2087 1444 pro-

527 1460 721 1515 fanatis
750 1461 880 1514 illud
907 1460 971 1513 ⁸⁸.
1015 1480 1034 1513 ›

527 1570 689 1649 XX},
732 1572 1014 1649 Ab_ls_aia.
1056 1604 1124 1613 -—-
1151 1574 1393 1649 Iudaica:
1420 1577 1584 1649 gentis
1618 1579 1771 1631 ruina
1796 1620 1811 1638 .
1851 1579 2084 1649 verbique

595 1642 710 1718 Dei,
731 1652 778 1718 et
813 1644 936 1713 legis
965 1661 1125 1718 nocte
1169 1646 1387 1718 ejusque
1421 1642 1615 1700 'domus
1663 1651 1945 1718 divulgatio
1968 1642 2010 1710 ,’
2036 1658 2083 1702 et

594 1713 803 1781 pietatis
836 1715 1065 1766 omnium
1097 1713 1326 1783 gentium
1354 1715 1662 1772 declaratio.

598 1907 617 1938 ι
660 1888 1014 1960 Relinquetur
1042 1892 1148 1946 ﬁlia
1182 1892 1311 1948 Sion
1338 1892 1785 1950 utumbraculum
1819 1896 1870 1949 in
1902 1897 2078 1957 vinea,

523 1988 577 2034 et
603 1982 744 2035 sicut
775 1982 1046 2038 fructuum
1078 1985 1326 2041 custodia
1374 1986 1429 2040 in
1476 1988 1852 2041 cucumerarin
1877 2027 1890 2049 .
1939 1988 2081 2042 sicut

524 2073 718 2130 civitas
779 2076 830 2128 in
879 2076 1161 2132 obsidione
1206 2079 1290 2145 ⁸⁸;
1334 2098 1353 2130 ι
1393 2094 1455 2133 ac
1486 2079 1741 2149 deinceps
1796 2079 2074 2150 adjungit:

523 2166 805 2231 Quomodo
835 2170 973 2222 facta
1007 2178 1090 2223 est
1126 2171 1382 2225 meretrix
1411 2170 1602 2225 civitas
1626 2171 1795 2226 ﬁdelis
1827 2170 1991 2225 Sion?
2025 2171 2078 2225 in

521 2272 628 2326 qua
653 2259 864 2327 justitia
915 2276 1164 2316 somnum
1208 2264 1350 2331 cepit
1395 2264 1447 2317 in
1474 2277 1559 2329 ea,
1596 2278 1739 2317 nunc
1788 2272 1966 2317 autem
1996 2262 2081 2315 in-

524 2349 840 2406 terfectores
871 2353 934 2405 ⁸⁸.
985 2371 1003 2403 ι
1060 2351 1126 2406 Et
1176 2353 1243 2407 ad
1293 2354 1451 2410 hare:
1493 2374 1511 2406 ι
1558 2352 1730 2409 Erunt
1761 2356 1903 2409 enim
1941 2354 2081 2409 sicut

523 2438 860 2496 terebinthus
891 2442 1116 2510 ahjectis
1165 2442 1330 2508 foliis,
1363 2453 1416 2499 et
1455 2446 1597 2499 sicut
1650 2444 1841 2499 hortus
1884 2458 2078 2512 aquam

524 2542 631 2583 non
673 2529 897 2584 habens.
932 2529 997 2584 Et
1033 2532 1136 2585 erit
1178 2530 1443 2587 fortitudo
1484 2547 1670 2588 eorum
1695 2575 1711 2599 ,
1768 2541 1827 2586 ut
1882 2532 2079 2602 stipula

522 2627 747 2690 stuppae,
791 2631 844 2676 et
874 2631 1114 2691 quaestus
1157 2637 1345 2677 eorum
1368 2663 1383 2687 ,
1428 2630 1489 2677 ut
1530 2623 1778 2679 scintillae
1816 2624 1996 2695 ignis;
2028 2631 2081 2679 et

522 2711 906 2767 comburentur
936 2712 1141 2781 iniqui,
1190 2720 1244 2768 et
1296 2721 1607 2782 peccatores
1638 2715 1834 2777 simul,
1883 2723 1938 2770 et
1970 2730 2079 2769 non

520 2803 624 2858 crit
649 2803 743 2874 qui
764 2802 1071 2872 exstinguat
1099 2803 1165 2856 ⁸⁷.
1206 2823 1224 2854 ι
1252 2802 1346 2859 His
1363 2805 1616 2859 omnibus
1645 2806 1887 2876 adjungit
1910 2824 1924 2860 :
1963 2825 1978 2858 ι
2016 2806 2079 2860 Et

521 2894 623 2948 erit
648 2896 703 2948 in
734 2894 1047 2950 novissimis
1075 2893 1267 2949 diebus
1297 2895 1618 2951 manifestus
1641 2911 1797 2951 mons
1828 2894 2076 2960 Domini,

521 2995 573 3039 et
601 2984 796 3040 domus
830 2984 919 3039 Dei
955 2985 1011 3038 in
1038 2985 1265 3039 summis
1287 2985 1570 3050 montium,
1595 2994 1648 3040 et
1672 2987 1962 3042 extolletur
1988 3003 2080 3043 su-

520 3088 615 3143 per
653 3074 838 3126 colles.
890 3071 956 3123 Et
1002 3072 1218 3126 venient
1269 3071 1334 3125 ad
1364 3089 1486 3128 eum
1527 3089 1718 3131 omnes
1762 3084 1984 3146 gentes:
2025 3086 2079 3131 et

521 3165 678 3218 ibunt
703 3171 889 3232 gentes
921 3163 1101 3216 multa;
1127 3170 1180 3216 et
1204 3163 1388 3218 dicent
1414 3184 1425 3218 :
1457 3163 1678 3231 Venite,
1723 3169 2083 3226 ascendamus

521 3253 575 3307 in
620 3261 859 3307 montem
917 3251 1131 3307 Domini
1183 3263 1236 3308 et
1277 3255 1331 3308 in
1374 3256 1593 3310 domum
1629 3257 1724 3313 Del
1772 3259 1978 3315 Iacob:
2030 3269 2084 3315 et

520 3345 863 3400 annuntiahit
892 3345 1051 3400 nobis
1084 3348 1226 3400 viam
1274 3363 1425 3402 suam
1445 3389 1460 3411 ,
1503 3359 1557 3404 et
1585 3352 2001 3409 -ambulabimus
2030 3356 2083 3408 in

518 3454 603 3493 ea.
634 3437 770 3493 Nam
819 3440 886 3495 de
920 3438 1050 3494 Sion
1083 3441 1249 3495 exibit
1278 3443 1383 3505 lex,
1415 3449 1468 3496 et
1504 3442 1726 3497 verbum
1780 3442 1989 3500 Domini
2018 3447 2084 3500 de

514 3514 815 3586 ‘Jerusalem
846 3549 859 3586 :
891 3540 943 3586 et
970 3532 1238 3601 judicablt
1268 3534 1409 3587 inter
1439 3542 1624 3603 gentes
1651 3535 1714 3588 ⁸⁸.
1762 3554 1777 3586 ι

520 3727 708 3784 XXXI.
750 3731 828 3782 Ab
863 3732 1059 3787 eodem.
1089 3762 1159 3772 -—
1189 3732 1433 3785 Sublatio
1456 3732 1639 3800 gloria:
1658 3733 1836 3802 populi
1866 3733 2082 3787 Judteo-

592 3816 733 3862 rum,
761 3813 811 3853 et
842 3805 1071 3870 gentium
1126 3803 1390 3856 conversio
1442 3820 1474 3855 α
1503 3804 1908 3858 simulacrorum
1940 3804 2082 3856 cultu

591 3870 643 3922 in
664 3871 825 3924 Deum
857 3873 1106 3929 universi.
1127 3883 1172 3926 et
1204 3872 1267 3926 de
1282 3872 1602 3927 desolatione
1620 3871 1655 3925 .1
1660 3874 1966 3926 udaicarum
1992 3891 2072 3926 ur-

588 3939 754 4002 bium,
779 3952 828 3994 et
858 3942 920 3995 de
949 3942 1315 3996 incredulitate
1341 3958 1518 3995 eorum
1544 3958 1668 4014 erga
1706 3943 1888 3996 Deum.

593 4156 614 4187 ι
651 4134 775 4192 Haec
827 4138 958 4194 dicit
988 4139 1247 4195 Dominus
1281 4139 1517 4194 Sabaoth
1547 4160 1560 4194 :
1599 4140 1664 4194 Et
1687 4141 1792 4195 erit
1815 4141 2083 4211 quemad-

520 4228 741 4285 modum
770 4231 818 4286 si
846 4232 970 4301 quis
995 4233 1215 4304 colligat
1245 4233 1446 4302 Spieam
1472 4235 1524 4287 in
1543 4232 1787 4287 convalle
1814 4231 2008 4298 solida,
2029 4241 2084 4287 et

517 4320 702 4376 relicta
733 4321 786 4374 in
809 4335 872 4375 ea
903 4321 974 4375 sit
1000 4322 1223 4393 stipula,
1255 4332 1347 4376 aut
1372 4330 1629 4393 tanquam
1659 4323 1705 4378 si
1734 4323 1913 4377 bacca:
1932 4323 2085 4377 olivae

517 4409 639 4465 dua:
663 4411 747 4465 vel
785 4420 896 4467 tres
924 4414 980 4467 in
1013 4428 1228 4468 summo
1258 4414 1593 4480 sublimium,
1627 4416 1711 4470 vel
1744 4426 1978 4487 quatuor
1998 4417 2082 4471 vel

2262 528 2444 581 δαίων
2464 527 2695 601 fatove,
2728 529 2822 601 καὶ
2844 518 2951 601 ἶῆς
2975 525 3120 601 κατᾲ
3142 518 3251 601 τοις.
3287 518 3539 587 Μωσέως
3567 525 3748 601 ἴόιιοξ

2262 595 2600 665 σωματικῆς
2632 591 2825 651 αὐτῶν
2859 591 3178 663 θρησκείας
3216 591 3488 665 ἄρνησις,
3522 591 3630 658 τῆς
3661 592 3755 645 διὸ

2259 661 2513 734 Χριστοῦ
2542 661 2688 720 πᾶσι
2717 665 2839 731 τοῖς
2879 661 3078 719 ἔθνεσι
3110 661 3545 729 παραδοθείσης
3576 677 3744 715 πνευ-

2258 735 2516 805 ματικῆς
2547 737 2844 802 λατρείας.

2266 847 2283 879 ι
2331 830 2442 881 Οὐκ
2495 827 2607 879 ἐστι
2658 844 2757 897 μου
2809 826 3018 896 θέλημα
3076 826 3132 876 ὲν
3182 827 3327 893 ἡμῖν,
3375 821 3521 890 λέγει
3554 821 3755 892 Κύριος

2191 919 2608 989 παντοκράτωρ,
2662 918 2753 971 ml
2797 917 2985 970 θυσίαν
3034 916 3092 968 οὐ
3141 912 3501 986 προσδέξομαι
3547 913 3610 965 ἐκ
3648 913 3754 965 τῶν

2189 1010 2383 1080 χειρῶν
2416 1009 2601 1079 ὑμῶν·
2642 1009 2774 1061 διότι
2820 1009 2913 1060 ἀπ’
2949 1005 3215 1061 ἀνατολῶν
3260 1004 3411 1073 ἡλίου
3452 1004 3545 1056 ml
3592 1003 3754 1075 μέχρι

2186 1100 2404 1171 δυσμῶν
2442 1101 2502 1152 τὸ
2533 1099 2701 1171 ὄνομά
2734 1117 2831 1169 μου
2860 1097 3166 1163 δεδόξασται
3203 1098 3259 1148 ὲν
3290 1097 3401 1157 τοῖς
3437 1093 3631 1157 ἔθνεσι,
3659 1095 3755 1147 καὶ

2187 1195 2244 1246 ἐν
2299 1192 2460 1246 παντὶ
2507 1193 2657 1261 τόπῳ
2714 1189 2962 1261 θυμίαμα
3020 1189 3349 1261 προσάγεται
3407 1186 3485 1257 τῷ
3533 1186 3756 1258 ὀνόματί

2190 1302 2312 1354 μου,
2340 1285 2434 1336 καὶ
2467 1283 2625 1337 θυσία
2660 1281 2875 1354 καθαρά
2897 1298 2909 1310 ·
2947 1280 3079 1333 διότι
3111 1278 3250 1350 μέγα
3281 1277 3340 1332 τὸ
3366 1277 3538 1351 ὄνομά
3566 1296 3665 1348 μου
3695 1280 3754 1331 ὲν

2186 1376 2293 1435 τοῖς
2337 1374 2530 1437 ἔθνεσι,
2580 1373 2728 1441 λέγει
2768 1371 2962 1443 Κύριος
3009 1371 3439 1443 παντοκράτωρο
3497 1372 3653 1442 ὑμεῖς
3697 1372 3754 1425 ἃ

2188 1462 2477 1533 βεδηλοῦτε
2516 1464 2660 1517 αὑτό,
2707 1485 2725 1515 ›

2183 1579 2262 1629 Λν.
2319 1577 2447 1630 Ἀπὸ
2497 1578 2601 1630 τοῦ
2644 1578 2901 1630 Ἡσαΐου.
2930 1607 2995 1616 --
3033 1576 3143 1631 Τοῦ
3202 1576 3493 1631 Ἰουδαίων
3540 1576 3757 1643 ἔθνους

2253 1648 2586 1712 ἀπόπτωσις
2619 1647 2802 1716 λόγου
2845 1664 2909 1700 τε
2949 1647 3117 1711 Θεοῦ,
3165 1647 3262 1699 καὶ
3294 1648 3479 1716 νόμου
3521 1645 3751 1716 καινοῦ,

2253 1717 2421 1769 οἴκου
2476 1734 2538 1769 τε
2582 1714 2765 1770 αὑτοῦ
2812 1716 3175 1785 φανέρωσις,
3235 1716 3335 1769 καὶ
3364 1714 3515 1770 τῶν
3564 1715 3754 1770 ἐθνῶν

2117 1808 2155 1861 Β
2255 1785 2533 1839 ἁπάντων
2558 1787 2865 1853 εὐσεϐείας
2895 1787 3175 1852 δήλωσις.

2257 1896 2276 1929 ι
2312 1876 2895 1948 Ἐγκαταλειφθὴσεται
2940 1879 2973 1947 ἡ
3006 1875 3256 1947 θυγάτηρ
3282 1875 3419 1930 Σιὼν
3457 1876 3533 1940 ὡς
3579 1876 3754 1948 σκηνὴ

2181 1969 2237 2020 ὲν
2269 1965 2567 2037 ἀμπελῶνι,
2616 1967 2708 2019 ml
2748 1967 2823 2029 ὡς
2853 1966 3292 2038 ὀπωροφυλάκιον
3325 1968 3382 2018 ὲν
3417 1966 3749 2037 σικυηράτῳ,

2179 2060 2252 2122 ὡς
2285 2057 2435 2119 πόλις
2464 2057 2913 2129 πολιορκουμένη.
2952 2078 2970 2109 ι
3001 2059 3111 2110 Kal
3152 2056 3280 2127 ἑξῆς
3312 2057 3581 2126 ἐπιλέγει·
3629 2058 3753 2123 Πῶς

2182 2149 2393 2216 ἐγένετο
2432 2148 2603 2218 πόρνη
2647 2148 2795 2210 πόλις
2844 2146 3007 2218 πιστὴ
3052 2146 3225 2212 Eadm;
3266 2150 3323 2200 ἐν
3442 2147 3752 2219 δικαιοσύνη

2180 2240 2440 2310 ἐκοιμήθη
2474 2242 2529 2292 ὲν
2555 2240 2714 2309 αὐτῇ,
2747 2239 2840 2293 νῦν
2857 2239 2909 2292 δὲ
2928 2237 3192 2308 φονευται.
3228 2260 3246 2290 ι
3267 2240 3376 2293 Καὶ
3406 2241 3496 2293 ἐπὶ
3523 2241 3750 2305 τούτοις·

2186 2346 2204 2378 ι
2230 2329 2478 2381 Ἔσονται
2503 2328 2609 2398 γὰρ
2631 2328 2705 2390 ὡς
2729 2345 2786 2381 τε
2797 2327 3035 2399 ρέ6ινθος
3059 2328 3455 2398 ἀποϐεϐληκυῖα
3470 2330 3535 2382 τὰ
3560 2330 3748 2398 φύλλα,

2181 2419 2273 2470 καὶ
2304 2417 2377 2479 ὡς
2408 2418 2730 2488 παράδεισος
2754 2418 2895 2489 ὕδωρ
2923 2418 2998 2489 μὴ
3025 2419 3182 2488 ἔχων.
3217 2418 3327 2471 Καὶ
3355 2417 3505 2471 ἔσται
3540 2421 3572 2491 ἡ
3602 2422 3752 2491 ἰσχὺς

2181 2508 2358 2560 αὐτῶν
2395 2507 2469 2569 ὡς
2504 2508 2722 2578 καλάμη
2758 2510 3045 2574 στυππίου,
3088 2510 3178 2562 καὶ
3216 2510 3270 2562 αἰ
3301 2509 3549 2581 ἐργασίαι
3576 2512 3751 2565 αὐτῶν

2180 2598 2255 2662 ὡς
2294 2599 2585 2670 σπινθῆρες
2631 2601 2821 2672 πυρὸς,
2855 2601 2948 2653 ml
3000 2601 3502 2672 κατακαυθήσονται
3545 2605 3593 2655 οἱ
3632 2605 3752 2659 ἄνο-

2185 2708 2292 2761 μοι,
2319 2692 2412 2743 καὶ
2441 2692 2489 2743 οἱ
2524 2691 2829 2762 ἁμαρτωλοὶ
2863 2692 2993 2761 ἆμα,
3016 2694 3107 2745 ml
3122 2693 3220 2745 οὐκ
3247 2693 3397 2746 ἔσται
3420 2695 3447 2746 ὁ
3477 2694 3703 2748 σϐέσων.
3726 2714 3744 2745 ι

2182 2782 2398 2845 Τούτοις
2436 2783 2635 2836 ἅπασιν
2681 2782 2949 2851 ἐπιλέγειν
2975 2802 2992 2832 ι
3022 2785 3129 2835 Kal
3161 2783 3312 2836 ἔσται
3340 2786 3397 2837 ὲν
3426 2787 3545 2848 ταῖς
3585 2786 3746 2854 ἐσχά-

2181 2889 2300 2935 ταις
2339 2872 2575 2943 ἡμέραις
2614 2871 2854 2942 ὲμιρανὲς
2898 2871 2959 2923 τὸ
3005 2871 3128 2942 ὅρος
3159 2872 3385 2943 Κυρίου,
3414 2874 3509 2927 καὶ
3548 2875 3577 2926 ό
3605 2868 3750 2938 οἷκος

2181 2963 2272 3016 τού
2324 2963 2457 3016 Θεοῦ
2500 2962 2586 3016 ἐπ’
2635 2963 2817 3033 ἄκρων
2869 2962 2974 3014 τῶν
3020 2962 3210 3034 ὀρέων,
3267 2964 3360 3017 καὶ
3407 2963 3749 3034 ὑψωθήσεται

2185 3055 2437 3127 ὑπεράνω
2482 3055 2588 3108 τῶν
2632 3054 2854 3124 βουνῶν.
2899 3056 3009 3108 Kal
3035 3055 3253 3125 ἥξουσιν
3289 3058 3372 3109 ἐπ’
3411 3057 3542 3109 αὐτὸ
3575 3057 3752 3113 πάντα

2108 3155 2150 3211 c
2182 3146 2253 3199 τὰ
2280 3145 2403 3217 ἔθνη
2424 3163 2437 3176 ·
2483 3148 2575 3200 ml
2606 3145 2961 3217 πορεύσονται
3004 3146 3129 3217 ἔθνη
3164 3146 3352 3208 πολλὰ,
3384 3148 3479 3201 καὶ
3499 3149 3746 3220 ἐροῦσινο

2186 3238 2370 3301 Δεῦτε,
2401 3239 2493 3292 ml
2518 3238 2808 3308 ἀναδῶμεν
2837 3240 2916 3302 είς
2939 3239 2998 3290 τὸ
3022 3239 3145 3310 ὅρος
3170 3239 3260 3292 τοῦ
3293 3241 3519 3312 Κυρίου,
3554 3243 3645 3294 ml.
3673 3244 3752 3306 εἰς

2185 3331 2275 3384 τὸν
2311 3327 2453 3385 οἷκον
2481 3331 2572 3384 τοῦ
2594 3330 2728 3384 Θεοῦ
2763 3329 2955 3384 Ἰακώό
2980 3348 2991 3361 ’
3033 3333 3127 3385 καὶ
3168 3334 3455 3401 ἀναγγελεῖ
3493 3335 3622 3405 ἡμῖν
3652 3336 3754 3406 τὴν

2184 3422 2300 3474 ὁδὸν
2352 3422 2549 3486 αὐτοῦ,
2605 3423 2698 3475 καὶ
2756 3422 3131 3493 πορευσόμεθα
3180 3425 3237 3476 ὲν
3280 3425 3436 3495 αὐτῇ.
3493 3426 3589 3479 Ἐκ
3644 3426 3756 3499 γὰρ

2185 3512 2321 3566 Σιὼν
2343 3512 2678 3577 ἐξελεύσεται
2713 3513 2895 3583 νόμος,
2929 3514 3022 3566 ml
3048 3513 3203 3581 λόγος
3223 3515 3429 3585 Κυρίου
3455 3516 3512 3583 ἐξ
3553 3517 3751 3589 Ἰερου-

2112 3620 2115 3623 ·
2187 3604 2386 3675 σαλὴμ.
2417 3607 2506 3658 καὶ
2536 3607 2709 3677 κρινεῖ
2735 3603 2837 3657 ἀνὰ
2871 3606 3035 3675 μέσον
3057 3606 3163 3660 τῶν
3184 3606 3374 3660 ἐθνῶν.
3402 3626 3420 3658 ι

2184 3715 2306 3767 AA’.
2337 3717 2489 3786 una
2533 3715 2647 3786 _toz7
2686 3717 2892 3786 αὐτοῦ.
2924 3749 2992 3757 -
3017 3718 3367 3786 Καθαίρεσις
3414 3716 3525 3786 τῆς
3565 3717 3754 3785 δόξης

2255 3785 2359 3857 τοῦ
2402 3784 2703 3857 Ἰουδαίων
2728 3785 2903 3849 λαοῦ,
2939 3787 3035 3840 καὶ
3068 3788 3104 3857 ᾐ
3134 3785 3251 3857 τῶι·
3277 3784 3615 3857 ἐθνῶνάπὸί
3641 3784 3755 3857 τῆς

2252 3854 3098 3923 εὶδωλολατρείαςἐπιστροφὴ
3131 3855 3275 3922 πρὸς
3311 3856 3417 3910 τὸν
3443 3857 3560 3910 τῶν
3593 3854 3758 3910 ὅλων

2257 3923 2423 3984 Θεὸν,
2466 3924 2537 3977 τά
2566 3941 2629 3977 τε
2661 3926 2792 3992 περὶ
2833 3924 2943 3993 τῆς
2979 3926 3222 3995 ἐρημίας
3256 3926 3373 3978 τῶν
3408 3926 3757 3980 Ἰουδαϊκῶν·

2254 3995 2507 4080 πολεων,
2551 3995 2644 4047 καὶ
2689 3996 2819 4063 περὶ
2854 3995 2965 4063 τῆς
3001 4000 3088 4061 εὶς
3130 3995 3236 4049 τὸν
3279 3995 3427 4049 Θεὸν
3467 3997 3757 4063 ἀπιστίας

2258 4080 2473 4116 auctor.

2260 4172 2278 4204 ι
2308 4154 2443 4207 Τάδε
2488 4154 2634 4224 λέγει
2681 4155 2881 4225 Κύριος
2905 4154 3162 4207 Σαϐαὼθ·
3211 4154 3307 4207 καὶ
3343 4153 3494 4207 ἔσται
3536 4155 3593 4206 ὂν
3630 4155 3759 4226 τρό-

2185 4260 2283 4297 πον
2326 4247 2417 4299 ἒάν
2461 4264 2542 4310 τις
2583 4247 2860 4317 συναγάγῃ
2905 4247 3103 4314 στάχυν
3144 4246 3201 4297 ἐν
3245 4246 3488 4317 φάραγγι
3534 4248 3752 4317 στερεᾷ,

2186 4339 2279 4392 καὶ
2307 4338 2635 4408 καταλειφθῇ
2673 4341 2729 4389 ὲν
2759 4339 2894 4408 αύτῇ
2922 4336 3165 4407 καλάμη,
3198 4336 3230 4407 ἦ
3263 4337 3338 4400 ὼς
3366 4336 3540 4409 ρῶγες
3568 4336 3755 4400 ἐλαίας

2185 4429 2278 4482 δύο
2324 4430 2356 4497 ἢ
2400 4433 2548 4500 τρεῖς
2600 4430 2684 4480 ἐπ’
2730 4430 2901 4499 ἄκρου
2961 4427 3287 4499 μετεώρων,
3337 4428 3370 4494 ἢ
3417 4428 3677 4498 τέσσαρες
3716 4428 3753 4499 ἢ

517 4502 761 4571 quinque
795 4504 847 4557 in
882 4505 1047 4560 ramis
1087 4520 1274 4559 eorum
1306 4508 1508 4562 relictae
1536 4506 1758 4563 fuerint.
1793 4508 1917 4563 Haec
1950 4510 2082 4564 dicit

2184 4520 2347 4573 πέντε
2386 4518 2614 4571 ἐπὶτῶν
2653 4519 2859 4574 κλάδων
2909 4519 3088 4573 αὐτῶν
3143 4518 3565 4588 καταλειιρθῶσι.
3613 4519 3752 4572 Τάδε

519 4599 784 4656 Dominus
822 4600 962 4656 Deus
990 4599 1157 4656 Israel
1185 4621 1198 4655 :
1231 4600 1326 4656 Die
1366 4602 1456 4656 illa
1487 4603 1767 4660 conﬁdens
1795 4604 1901 4658 erit
1921 4604 2082 4659 homo

520 4694 577 4746 in
603 4706 691 4755 eo,
714 4692 806 4760 qui
837 4690 940 4761 57
965 4691 1092 4745 fecit
1121 4692 1332 4761 ipsum;
1361 4693 1505 4747 oculi
1525 4704 1702 4749 autem
1724 4694 1846 4769 ejus
1869 4694 1934 4749 ad
1957 4710 2084 4750 san-

518 4788 666 4833 ctum
690 4778 852 4835 lsrael
878 4780 1187 4849 respicient,
1218 4789 1269 4834 et
1293 4796 1399 4835 nou
1425 4781 1696 4837 conﬁdent
1720 4784 1773 4837 in
1800 4784 2082 4847 altaribus,

519 4874 698 4940 neque
746 4873 802 4925 in
827 4872 1081 4942 operibus
1111 4888 1367 4927 manuum
1407 4889 1648 4938 suarum,
1670 4891 1790 4945 quae
1841 4877 2087 4931 fecerunt

519 4965 671 5036 digiti
696 4967 937 5036 ipsorum
970 4988 982 5023 :
1014 4983 1191 5038 neque
1222 4968 1488 5037 aSpicient
1524 4970 1693 5041 ligna,
1725 4980 1779 5025 et
1807 4971 2078 5026 abomina-

524 5057 700 5112 tiones
722 5073 851 5112 suas
899 5059 985 5114 die
1032 5060 1141 5114 illa.
1206 5057 1379 5114 Erunt
1429 5060 1676 5116 civitates
1707 5070 1812 5115 tuze
1840 5062 2044 5117 relictae
2069 5104 2081 5123 .

518 5147 976 5216 quemadmodum
1024 5150 1340 5205 defecerunt
1367 5150 1667 5206 Amor-rhesi
1696 5160 1748 5206 et
1780 5152 1917 5207 Evaei
1949 5168 1977 5205 a
2007 5152 2085 5206 fa-

518 5239 603 5291 cie
633 5238 864 5293 liliorum
898 5242 1080 5306 Israel,
1112 5254 1165 5298 et
1213 5254 1374 5300 erunt
1405 5244 1616 5299 deserta
1649 5264 1660 5297 :
1705 5238 1961 5313 Quoniam
1993 5246 2086 5299 de-

520 5331 741 5386 seruisti
776 5330 941 5387 Deum
973 5334 1305 5392 Salvatnrem
1337 5347 1512 5402 tuum,
1539 5346 1591 5393 et
1636 5336 1847 5390 Domini
1883 5336 1974 5391 Dei
2005 5337 2085 5390 tui

519 5435 626 5475 non
660 5425 973 5480 recordatus
1004 5442 1083 5479 es.
1129 5426 1420 5498 Propterea
1476 5428 1745 5499 plantabis
1796 5427 2087 5498 plantatio-

521 5527 643 5564 nem
684 5513 951 5570 inﬁdelem
981 5536 992 5569 :
1031 5533 1353 5589 quacunque
1386 5532 1565 5576 autem
1600 5522 1687 5576 die
1716 5520 2044 5589 plautaveris
2067 5560 2082 5581 ,

516 5604 805 5672 decipieris
841 5610 905 5659 ⁸³.
951 5628 968 5658 ι

518 5712 691 5766 τευμα
724 5701 946 5753 ἄπιστον
993 5719 1005 5730 ·

2184 4610 2331 4679 λέγει
2376 4610 2577 4681 Κύριος
2624 4614 2650 4663 ὀ
2673 4611 2801 4674 Θεὸς
2828 4610 2921 4664 τοῦ
2965 4612 3197 4682 Ἰσραήλ·
3230 4611 3307 4681 Τῇ
3345 4611 3528 4682 ἡμέρα
3567 4611 3753 4683 ἐκείνῃ

2188 4700 2460 4765 πεποιθὼς
2485 4701 2634 4754 ἕσται
2661 4703 2689 4754 ὁ
2720 4701 3002 4773 ἄνθρωπος
3027 4704 3118 4755 ἐπὶ
3145 4702 3222 4773 τῷ
3254 4703 3534 4774 ποιήσαντι
3568 4703 3749 4755 αὐτόν·

2187 4796 2236 4848 οἱ
2276 4793 2330 4846 δὲ
2367 4793 2633 4865 ὀφθαλμοὶ
2663 4794 2826 4847 αὐτοῦ
2867 4796 2947 4858 εις
2988 4796 3077 4851 τὸν
3118 4795 3268 4864 ἆγιον
3305 4794 3519 4867 Ἰσραὴλ
3552 4794 3749 4865 ἰιμελέ-

2186 4886 2406 4956 ψονται’
2442 4887 2535 4939 καὶ
2567 4887 2626 4940 οὐ
2648 4885 2720 4956 μὴ
2752 4886 3067 4951 πεποιθότες
3100 4882 3231 4940 ὦσιν
3263 4888 3356 4939 ἐπὶ
3384 4890 3498 4950 τοῖς
3528 4886 3753 4957 βωμοῖς,

2189 4975 2308 5031 οὔτε
2343 4978 2434 5030 ἐπὶ
2461 4980 2573 5040 τοῖς
2611 4977 2790 5049 ἔργοις
2823 4978 2931 5031 τῶν
2962 4978 3160 5049 χειρῶν
3193 4978 3393 5045 αὐτῶν,
3429 4977 3464 5032 ἃ
3494 4977 3759 5049 ἐποίησαν

2187 5069 2235 5120 οἱ
2256 5068 2501 5121 δάκτυλοι
2532 5068 2708 5120 αὐτῶν
2728 5085 2741 5097 ’
2773 5070 2867 5122 ml
2910 5070 3009 5123 οὑκ
3039 5070 3258 5138 ὄψονται
3288 5071 3353 5123 τὰ
3379 5071 3593 5140 δένδρα,
3627 5070 3763 5125 οὕτε

2188 5159 2255 5212 τὰ
2298 5159 2640 5231 βδελύγματα
2683 5160 2859 5214 αὐτῶν
2907 5163 2971 5232 τῇ
3022 5162 3203 5233 ἡμέρᾳ
3252 5164 3453 5234 ἐκείνῃ.
3502 5165 3758 5218 Ἔσονται

2189 5252 2246 5304 αἱ
2268 5251 2448 5316 πόλεις
2486 5269 2577 5304 σου
2607 5252 3181 5322 ὲγκαταλελειμμέναι,
3211 5253 3268 5306 ὃν
3297 5256 3491 5325 τρόπον
3525 5255 3757 5322 ἐγκατέ-

2190 5343 2342 5395 λιπον
2387 5345 2436 5396 οἱ
2485 5345 2797 5416 Ἀμορραῖοι
2824 5344 2946 5396 ’καὶ
2984 5345 3033 5395 οἱ
3085 5345 3262 5398 Εὑαῖοι
3307 5345 3412 5397 ἀπὸ
3461 5343 3757 5416 προσώπου

2190 5433 2297 5486 τῶν
2331 5433 2461 5486 υἱῶν
2496 5434 2743 5505 Ἰσραήλ·
2778 5435 2870 5486 ml.
2923 5435 3131 5488 ἔσονται
3160 5434 3354 5505 ἔρημοι
3385 5434 3513 5489 διότι
3560 5437 3763 5504 ἐγκατ-

2193 5523 2375 5588 έλιπες
2407 5525 2496 5576 τὸν
2529 5525 2658 5577 Θεὸν
2711 5524 2801 5578 τὸν
2841 5525 3060 5596 σωτῆρά
3101 5542 3224 5580 σου.
3280 5526 3373 5578 καὶ
3410 5524 3612 5596 Κυρίου
3657 5524 3759 5579 τοῦ

2192 5615 2325 5667 Θεοῦ
2378 5632 2471 5668 σου
2512 5615 2611 5667 οὐκ
2649 5615 2946 5685 ἐμνήσθης.
2994 5614 3091 5668 Διὰ
3128 5613 3285 5668 τοῦτο
3325 5617 3605 5684 φυτεύσεις
3651 5611 3758 5683 φύ-

1066 5705 1128 5773 τῇ
1157 5703 1212 5756 δὲ
1246 5706 1425 5775 ἡμέρᾳ
1546 5705 1610 5759 ἂν
1644 5704 1910 5777 φυτεύσῃς
1965 5705 2302 5780 πλανηθήσῃ.
2340 5726 2358 5758 ι

591 5816 640 5849 ⁸⁸
672 5816 897 5872 Mulach.
930 5846 965 5883 ι,
1008 5820 1189 5887 i0,ll.
1269 5823 1312 5853 ⁵⁸
1344 5823 1441 5877 lsa.
1476 5840 1509 5887 ι,
1546 5824 1576 5875 8
1675 5824 1718 5854 ⁸⁸
1751 5825 1879 5880 ibid.
1919 5827 2005 5879 ﬁll.

2183 5827 2285 5880 ιιι-ι.
2320 5828 2406 5881 ⁵51.
2484 5827 2527 5859 ⁸⁸
2550 5828 2654 5881 lsa.
2688 5843 2748 5893 ιι,
2776 5825 2891 5880 2-4.
2988 5827 3037 5858 ⁸*
3069 5826 3170 5883 lsa.
3198 5840 3330 5890 xv",
3366 5822 3513 5880 5-10.
