4056 6418
574 325 678 385 H9

1241 323 1511 384 EUSEBII
1545 321 2020 382 CESARSENSIS
2055 321 2206 378 OPP.
2243 315 2442 376 PARS.
2469 315 2620 374 ll.—
2657 309 3151 370 APOLOGETICA.

3717 305 3816 359 {20

571 447 794 502 nomine
850 447 1101 512 Domini,
1135 455 1189 505 et
1221 449 1516 505 innitimini
1564 448 1674 503 Deo
1726 455 1955 502 vestro:
2010 461 2122 503 ecce

2245 443 2338 495 καὶ
2365 439 2466 493 οὑκ
2496 437 2642 491 ἐστιν
2671 436 2852 498 αὑτοῖς
2877 432 2990 504 φῶς
3009 450 3024 464 θ
3049 429 3345 486 πεποίθατε
3373 425 3468 482 ἐπὶ
3491 425 3570 498 τῷ
3593 423 3818 494 ὀνόματι

529 562 546 604 ξ
571 557 764 599 Omnes
780 561 874 598 vos
898 545 1072 614 ignem
1098 545 1406 608 incenditis,
1434 543 1805 599 corroboratis
1834 539 2136 597 ﬂammam:

571 635 846 692 ambulate
887 637 1092 692 lumine
1125 637 1268 709 ignis
1311 629 1500 700 veStri,
1534 643 1588 692 et
1603 636 1828 692 'llamma
1857 655 2018 710 quam
2048 654 2138 692 ac-

571 728 855 784 cendistis.
885 727 1113 800 Propter
1137 748 1221 785 me
1272 729 1411 784 facta
1439 738 1568 784 sunt
1599 730 1713 786 haec
1747 731 1922 796 vobis,
1958 730 2012 783 in
2037 731 2138 784 tri-

573 821 722 876 stitia
753 821 1036 876 dormietis
1065 823 1135 888 9',
1166 833 1258 878 pet
1288 839 1408 894 qua:
1431 833 1764 895 sequuntur;
1795 825 1993 896 quibus
2043 823 2139 877 ad-

565 912 748 983 jungit
777 932 790 966 :
821 931 840 962 ε
875 915 1073 970 Audite
1100 929 1204 976 me,
1239 915 1423 970 audite
1462 931 1586 970 me:
1635 915 1870 985 populus
1902 928 2056 968 meus
2084 919 2138 967 et

566 1017 745 1074 reges,
791 1006 856 1060 ad
885 1022 968 1060 me
993 1022 1154 1063 aures
1205 1007 1510 1063 intendite:
1547 1009 1807 1078 quoniam
1855 1005 1940 1062 lex
1983 1021 2016 1060 a
2050 1020 2137 1060 me

566 1095 899 1166 egredietur,
951 1105 1004 1150 et
1029 1097 1293 1165 judicium
1342 1113 1518 1154 meum
1550 1099 1606 1152 in
1641 1099 1822 1152 lumen
1851 1097 2091 1168 gentium
2118 1085 2146 1150 ε’

570 1190 971 1260 appropinquat
1007 1190 1117 1245 cito
1142 1190 1355 1259 justitia
1391 1207 1529 1253 mea,
1559 1199 1615 1243 et
1641 1190 1950 1263 egredietur
1973 1189 2132 1260 quasi

569 1281 660 1336 lux
713 1281 952 1336 salutare
981 1290 1256 1343 meum,et
1281 1275 1350 1335 'in
1392 1281 1673 1336 brachium
1715 1298 1893 1337 meum
1946 1288 2134 1352 gentes

565 1373 864 1442 sperabunt
883 1374 948 1428 ".
998 1394 1018 1424 ι

566 1502 784 1558 XXXV.
812 1503 890 1558 Ab
913 1503 1122 1580 eodem.
1144 1533 1214 1580 -_-
1253 1503 1572 1580 Redargutio
1594 1509 1876 1579 impiarum
1906 1509 2132 1580 injuria-

635 1591 750 1627 rum
793 1577 960 1648 gentis
1011 1573 1277 1638 Judaicw,
1303 1589 1352 1632 et
1386 1573 1876 1648 religionis'eorum
1925 1573 2080 1634 riv'na
2112 1598 2130 1634 :

635 1646 922 1700 rocatiouis
964 1655 1141 1700 autem
1169 1649 1401 1701 omnium
1429 1646 1658 1720 gentium
1683 1651 1996 1721 patefactio.

638 1849 656 1882 ι
686 1830 944 1902 Nunquid
974 1847 1080 1887 non
1117 1834 1340 1888 robusta
1369 1840 1453 1888 est
1482 1849 1676 1889 manus
1695 1821 1903 1888 Domini
1934 1835 2002 1890 ad
2025 1835 2133 1891 sal-
2165 1839 2205 1893 Β

562 1923 845 1979 vandum?
878 1932 972 1978 aut
993 1934 1212 1994 gravata
1244 1935 1326 1981 est
1345 1926 1490 1980 auris
1520 1925 1662 1994 ejus,
1689 1933 1878 1980 utnon
1907 1927 2134 1980 audiat?

559 2015 655 2069 scd
685 2025 904 2086 peccata
932 2024 1115 2071 vestra
1147 2017 1398 2070 dividunt
1444 2017 1584 2072 inter
1615 2033 1712 2072 vos
1745 2025 1800 2073 et
1831 2017 1999 2072 Deum
2027 2059 2042 2083 ,
2079 2029 2135 2074 et

558 2106 669 2177 59
702 2115 922 2178 propter
945 2116 1160 2178 peccata
1190 2117 1392 2173 vestra,
1440 2111 1636 2164 avertit
1685 2110 1875 2166 faciem
1913 2110 2074 2166 "suam
2101 2125 2131 2164 a

556 2196 715 2252 vobis
770 2215 839 2252 ne
883 2198 1228 2254 misereatur.
1255 2197 1445 2254 Manus
1493 2200 1638 2254 enim
1673 2207 1868 2254 vestra:
1918 2199 2131 2256 foedata:

557 2301 688 2350 sunt
739 2295 1024 2365 sanguine,
1057 2303 1110 2348 et
1143 2295 1296 2364 digiti
1332 2295 1495 2350 vestri
1555 2295 1608 2350 in
1666 2295 1947 2366 peccatis:
1985 2295 2129 2350 labia

554 2392 737 2440 autem
769 2396 946 2441 vestra
975 2386 1153 2440 locuta
1191 2393 1319 2441 sunt
1380 2387 1720 2458 iniquitatem
1765 2429 1779 2453 ,
1845 2395 1899 2444 et
1946 2387 2129 2458 lingua

555 2484 735 2530 vestra
768 2475 1088 2544 injustitiam
1121 2477 1416 2530 meditatur
1446 2493 1459 2527 :
1494 2477 1675 2532 nullus
1695 2477 1936 2546 loquitur
1955 2477 2125 2546 justa,

555 2581 734 2638 neque
757 2576 841 2624 est
867 2567 1135 2637 judicium
1169 2585 1354 2624 verum
1391 2585 1403 2620 :
1445 2567 1728 2624 confidunt
1771 2568 1828 2623 in
1865 2569 2042 2633 vanis,
2072 2576 2127 2624 et

553 2658 854 2728 loquuntur
882 2658 1063 2712 inania
1090 2675 1104 2712 :
1137 2658 1395 2728 quoniam
1433 2657 1752 2728 concipiunt
1779 2659 2044 2724 laborem,
2071 2667 2128 2714 et

557 2749 774 2820 pariunt
805 2749 1148 2820 iniquitatem
1177 2769 1190 2804 :
1225 2765 1325 2805 ova
1349 2749 1598 2821 aspidum
1631 2750 1929 2822 fregerunt,
1959 2760 2014 2806 et
2044 2760 2126 2807 te-

553 2846 658 2899 lam
683 2858 895 2899 aranea:
927 2850 1138 2910 texunt,
1161 2850 1214 2898 et
1237 2843 1329 2913 qui
1355 2843 1472 2897 vult
1493 2858 1559 2897 ex
1579 2842 1698 2897 ovis
1725 2857 1914 2897 eorum
1942 2857 2126 2898 come-

551 2935 701 2999 dere,
732 2936 822 2990 ubi
857 2935 1136 3000 contrivit,
1171 2935 1356 2988 lotium
1392 2933 1620 2994 invenit,
1668 2941 1722 2988 et
1764 2933 1818 2986 in
1848 2947 1916 2988 eo
1965 2947 2147 3017 regu-I

554 3031 696 3092 Iuni;
724 3030 830 3082 tela
855 3043 1043 3082 eorum
1076 3043 1183 3082 non
1215 3027 1320 3082 erit
1372 3026 1428 3080 in
1468 3027 1888 3092 vestimentum,
1946 3042 2152 3096 neque-

549 3121 950 3191 operienturex
979 3119 1236 3188 Operibus
1282 3118 1423 3174 suis.
1475 3117 1654 3188 Opera
1701 3118 1848 3172 enim
1889 3133 2078 3174 eorum
2104 3157 2120 3183 ,

548 3216 712 3282 o'pera
743 3211 1070 3282 iniquitatis,
1106 3209 1270 3280 pedes
1294 3219 1474 3265 autem
1511 3225 1721 3278 eorum,
1757 3209 1826 3265 ad
1852 3211 2120 3282 improbi-

547 3314 710 3360 tatem
733 3313 988 3368 currunt,
1016 3303 1228 3358 veloces
1255 3304 1322 3358 ad
1347 3303 1734 3359 effundendum
1761 3305 2117 3376 sanguinem;

543 3403 599 3448 et
627 3395 986 3464 cogitationes
1033 3410 1261 3460 eorum,
1307 3394 1666 3466 cogitationes
1721 3394 2116 3465 insipientium.

543 3490 812 3547 Contritio
843 3499 895 3546 et
922 3489 1143 3544 miseria
1196 3489 1252 3544 ia
1285 3489 1390 3544 viis
1423 3505 1612 3545 eorum
1635 3507 1652 3555 ;
1673 3489 1880 3544 semitae
1927 3503 2116 3544 eorum

542 3583 808 3647 distortae,
843 3598 940 3652 per
989 3598 1126 3652 quas
1164 3591 1471 3648 transeunt,
1505 3591 1560 3640 et
1615 3583 1869 3638 nesciunt
1901 3597 2113 3648 pacem.

541 3674 753 3728 Idcirco
782 3682 1023 3728 amotum
1055 3683 1138 3728 est
1177 3674 1446 3743 judicium
1480 3674 1547 3728 ab
1573 3674 1674 3738 eis,
1719 3679 1773 3729 et
1804 3687 1913 3727 non
1965 3686 2116 3726 com-

543 3767 830 3836 prehcndit
863 3783 958 3823 eos
1005 3767 1241 3838 justitia.
1293 3767 1430 3824 Cum
1482 3779 1862 3838 exspectarent
1911 3769 2111 3832 lucem,

542 3863 698 3916 facta
729 3871 857 3916 sunt
879 3863 962 3917 eis
985 3861 1224 3918 tenebrte
1259 3883 1271 3919 τ
1325 3871 1710 3934 exspectantes
1740 3864 2112 3934 splendorem,

539 3953 597 4007 in
623 3953 958 4009 obscuritate
981 3955 1160 4010 noctis
1185 3955 1636 4024 ambulaverunt;
1668 3971 1835 4010 manu
1860 3957 2112 4026 explora-

537 4045 673 4098 bunt
713 4054 770 4100 ut
812 4047 938 4101 caeci
990 4048 1290 4118 parietem,
1337 4058 1394 4104 et
1423 4049 1579 4120 quasi
1628 4049 1764 4120 ipsis
1810 4051 1952 4106 oculi
2001 4067 2109 4106 non

535 4137 670 4202 sint,
723 4142 1140 4196 contrectabunt
1170 4161 1182 4196 :
1235 4141 1433 4198 cadent
1469 4143 1523 4198 in
1552 4143 1806 4209 meridie,
1841 4145 2002 4216 quasi
2055 4146 2110 4199 in

534 4229 713 4286 media
743 4238 938 4286 nocte:
973 4239 1232 4302 tanquam
1282 4236 1598 4301 morientes,
1653 4237 2028 4309 ingemiscent,
2059 4247 2113 4294 et

536 4323 696 4392 quasi
738 4337 902 4377 ursus
935 4333 989 4378 et
1022 4325 1274 4381 columba
1305 4326 1469 4382 simul
1496 4327 1819 4392 incedent,"
1873 4338 1960 4384 »ει
1990 4344 2111 4400 quae

533 4424 840 4486 sequuntur
919 4434 932 4482 ;
975 4417 1177 4488 quibus
1231 4419 1518 4492 adjungit:
1558 4439 1578 4472 ι
1627 4429 1682 4476 et
1717 4421 1983 4476 timebunt
2013 4423 2106 4494 qui

2252 531 2477 603 Κυρίου,
2515 530 2608 582 καὶ
2631 524 3083 598 ἀντιστηρίσασθε
3119 525 3210 577 ἐπὶ
3237 521 3314 592 τῷ
3334 519 3452 590 Θεῷ
3478 517 3650 589 ὑμῶν.
3686 517 3814 570 Ἰδοὺ

2251 623 2448 685 πάντες
2507 622 2664 692 ὑμεῖς
2715 618 2826 690 πῦρ
2865 616 3048 673 καίετε
3079 616 3172 669 καὶ
3213 611 3573 684 κατισχύσατε
3607 607 3812 678 φλόγα’

2245 712 2542 786 πορεύεσθε
2586 712 2664 782 τῷ
2714 711 2853 780 φωτὶ
2881 709 2976 763 τοῦ
3023 707 3194 780 πυρὸς
3223 705 3398 776 ὑμῶν,
3438 703 3532 757 καὶ
3560 704 3626 772 τῇ
3657 700 3814 770 φλογὶ

2245 801 2280 880 ᾖ
2309 805 2656 872 ὲξεκαύσατε.
2687 805 2763 856 Δι’
2803 802 2904 872 ἐμὲ
2946 799 3160 880 ἐγένετο
3179 797 3350 851 ταῦτα
3381 796 3510 860 ὑμῖν
3529 809 3542 824 ·
3579 796 3636 846 ὲν
3669 789 3813 864 λύπῃ

2241 875 2662 972 κοιμηθήσεσθε,
2679 917 2696 949 ι
2716 897 2812 950 καὶ
2835 895 2904 948 τὰ
2937 893 3078 963 ἑξῆς
3102 875 3182 941 οἷς
3205 882 3495 953 ἐπιλέγει.σ
3519 881 3812 972 Ἀκούσατὲ

2243 970 2368 1065 μου,
2387 970 2654 1048 ἀκούσατέ
2679 1006 2779 1060 μου
2801 1005 2814 1020 ·
2844 986 2969 1050 λαός
2994 1001 3113 1056 μου,
3141 983 3234 1035 καὶ
3254 981 3303 1033 οἱ
3331 970 3731 1050 βασιλεῖς,πρὸς
3745 973 3812 1044 μὲ

2239 1085 2590 1149 ἐνωτίσασθε,
2617 1085 2698 1137 ὅτι
2726 1081 2888 1152 νόμος
2916 1079 3044 1150 παρ’
3079 1073 3212 1146 ἐμοῦ
3243 1067 3598 1137 ἐξελεύσεται,
3641 1067 3736 1120 καὶ
3777 1067 3816 1138 ἠ

2238 1178 2426 1251 κρίσις
2471 1193 2570 1250 μου
2602 1176 2682 1239 εἰς
2704 1173 2818 1244 φῶς
2853 1170 3038 1226 ἐθνῶν.
3087 1165 3324 1235 Ἐγγίζει
3363 1163 3498 1234 ταχὺ
3526 1165 3574 1232 ὴ,
3603 1159 3813 1212 δικαιο-

2241 1271 2378 1342 σύνη
2412 1288 2510 1342 μου
2529 1309 2542 1334 ,
2568 1268 2663 1322 καὶ
2679 1263 3014 1332 ἐξελεύσεται
3046 1259 3120 1324 ὡς
3145 1259 3262 1329 φῶς
3295 1255 3355 1309 τὸ
3383 1252 3646 1326 σωτήριόν
3687 1267 3818 1323 μου,

2236 1366 2333 1420 καὶ
2369 1363 2462 1418 ἐπὶ
2493 1363 2584 1416 τὸν
2619 1358 2876 1432 βραχίονά
2905 1373 3002 1428 μου
3036 1353 3162 1424 ἔθνη
3184 1349 3474 1404 ἐλπιοῦσιν.
3499 1366 3524 1400 ι

2232 1518 2361 1586 ᾼΕνς
2389 1519 2516 1591 _’Ex_
2533 1515 2640 1591 τοῇ
2673 1511 2882 1591 αὑτοῦ.
2901 1507 3405 1591 -τξΕλεγ-χοςξῷν
3421 1502 3818 1591 ἀσεϐημάτων

2309 1585 2418 1642 τοῦ
2443 1585 2561 1662 τῷν
2603 1583 2897 1662 Ἰουδαίων
2926 1577 3162 1662 ἔρῃ-ουρ,
3216 1577 3311 1659 καὶ
3329 1579 3677 1662 dimatant;
3703 1577 3814 1627 αὺ-

2305 1658 2424 1712 τῶν
2450 1654 2562 1723 τῆς
2583 1654 2912 1719 εὐσεϐείας.
2944 1651 3060 1720 Τῆς
3085 1649 3154 1704 δὲ
3174 1648 3290 1702 τῶν
3323 1646 3514 1702 ἐθνῶν
3531 1646 3823 1699 ἁπάντων

2309 1727 2586 1793 κλήσεως
2609 1724 2897 1792 δήλωσις.

2308 1867 2333 1915 ἀ
2374 1863 2463 1934 Μὴ
2485 1863 2604 1932 ούχὶ
2636 1859 2808 1932 ἰσχύει
2827 1862 2860 1932 ἠ
2881 1860 3000 1931 χεὶρ
3029 1858 3236 1930 Κυρίου
3265 1855 3357 1910 τοῦ
3379 1857 3584 1919 σῶσαι,
3618 1854 3652 1926 ἢ
3685 1853 3816 1909 ὲδάα

2238 1973 2363 2030 ρυνε
2380 1956 2440 2008 τὸ
2455 1952 2545 2019 οὖς
2568 1954 2733 2008 αὑτοῦ
2753 1953 2848 2008 τοῦ
2873 1952 2948 2024 μὴ
2973 1950 3202 2004 ἀκοῦσαι
3221 1967 3234 2016 ;
3251 1949 3465 2004 ἀλλάτὰ
3481 1951 3816 2022 ἁμαρτήμα-

2231 2065 2300 2101 τα
2325 2047 2476 2118 ὑμῶν
2507 2047 2766 2116 διίστησιν
2792 2043 2896 2099 ἀνά
2917 2043 3078 2116 μέσον
3099 2043 3251 2114 ὑμῶν
3286 2043 3378 2096 καὶ
3403 2041 3497 2096 τοῦ
3523 2040 3680 2104 Θεοῦ,
3714 2041 3816 2096 καὶ

2234 2141 2322 2194 διὰ
2345 2139 2444 2202 τὰς
2470 2137 2741 2210 ἁμαρτίας
2765 2137 2917 2206 ὑμῶν
2947 2134 3219 2208 ἀπέτρεψε
3243 2135 3304 2187 τὸ
3329 2135 3617 2208 πρόσωπον
3644 2131 3814 2187 αὑτοῦ

2231 2233 2324 2300 ἀφ’
2347 2231 2522 2302 ὑμῶν,
2555 2229 2646 2282 τοῦ
2671 2229 2744 2300 μὴ
2761 2229 2998 2300 ἐλεῆσαι.
3033 2229 3097 2282 Αἱ
3123 2228 3231 2300 γὰρ
3262 2232 3442 2300 χεῖρες
3464 2227 3618 2300 ὑμῶν
3647 2242 3816 2300 μεμο-

2229 2323 2497 2394 λυσμέναι
2525 2323 2738 2390 αἵματι,
2769 2320 2930 2373 καὶοὶ
2952 2319 3204 2374 δάκτυλοι
3228 2319 3384 2390 ὑμῶν
3405 2322 3463 2373 ὲν
3487 2321 3813 2391 ἁμαρτίαις.

2231 2418 2313 2470 Τά
2343 2417 2400 2470 δὲ
2435 2414 2584 2486 χείλη
2620 2413 2771 2486 ὑμῶν
2805 2413 3064 2483 ἐλάλησεν
3095 2414 3353 2485 ἀνομίαν,
3393 2413 3488 2468 καὶ
3523 2416 3556 2485 ἡ
3586 2413 3816 2482 γλῶσσα

2231 2509 2386 2582 ὑμῶν
2418 2508 2632 2563 ἀδικίαν
2665 2507 2880 2580 μελετᾷ·
2915 2507 3089 2568 οὐδεὶς
3113 2505 3264 2560 λαλεῖ
3293 2506 3496 2570 δίκαια,
3525 2506 3634 2560 οὐδ’
3659 2506 3816 2562 ἐστιν

2230 2605 2264 2674 ἡ
2297 2603 2476 2675 κρίσις
2504 2590 2750 2673 ἀληθινήο
2792 2599 3111 2654 πεποίθασιν
3149 2601 3242 2654 ἐπὶ
3278 2599 3546 2670 ματαίοις,
3583 2601 3677 2654 καὶ
3707 2600 3814 2654 λα-

2227 2695 2377 2750 λοῦσι
2416 2694 2565 2748 κενά·
2605 2694 2686 2746 ὃτι
2713 2693 2901 2746 κύουσι
2928 2693 3106 2756 πόνον,
3137 2693 3230 2747 καὶ
3261 2675 3533 2748 τίκτουσιν
3552 2695 3812 2764 ἀνομίανσ

2227 2787 2311 2842 ὠά
2344 2785 2584 2840 ἀσπίδων
2615 2785 2850 2856 gemeam
2873 2825 2887 2849 ,
2923 2787 3015 2837 καὶ
3048 2785 3190 2837 ἱστὸν
3225 2785 3466 2858 ἀράχνης
3498 2786 3807 2854 ὑφαίνουσι,

2226 2879 2321 2932 καὶ
2345 2881 2374 2932 ὁ
2393 2877 2559 2930 θέλων
2578 2877 2684 2930 τῶν
2699 2870 2822 2931 ὠῶν
2841 2877 3016 2931 αὑτῶν
3038 2880 3251 2948 φαγεῖν,
3281 2878 3593 2950 συντρίψας,
3622 2877 3807 2950 οὔριον

2225 2965 2370 3041 εὗρε,
2387 2971 2479 3024 καὶ
2503 2973 2560 3023 ὲν
2582 2969 2728 3040 αύτῷ
2749 2969 3076 3040 βασιλίσκον·
3105 2971 3133 3022 ὁ
3159 2971 3304 3034 mag
3329 2969 3506 3024 αὐτῶν
3527 2971 3628 3025 οὑκ
3652 2971 3807 3026 ἔσται

2227 3063 2306 3126 είς
2345 3063 2574 3132 ἱμάτιον,
2613 3061 2732 3114 οὑδὲ
2783 3062 2855 3134 μὴ
2899 3061 3298 3133 περιϐάλωνται
3332 3063 3440 3116 ἀπὸ
3469 3062 3578 3116 τῶν
3625 3063 3808 3136 ἔργων

2150 3185 2192 3239 C
2227 3153 2427 3208 αὐτῶν.
2457 3153 2538 3206 Τὰ
2561 3153 2669 3225 γὰρ
2695 3153 2832 3224 ἔργα
2860 3155 3038 3206 αὐτῶν
3060 3153 3195 3226 ἔργα
3219 3155 3468 3226 ἀνομίας·
3493 3157 3541 3207 οἱ
3566 3155 3622 3208 δὲ
3642 3155 3806 3221 πόδες

2225 3243 2402 3298 αὑτῶν
2447 3245 2538 3297 ἐπὶ
2579 3245 2840 3316 πονηρίαν
2870 3245 3140 3316 τρέχουσι.
3178 3246 3397 3316 Ταχινοὶ
3421 3246 3608 3317 ἐκχέαι
3634 3241 3804 3316 αἷμα,

2223 3335 2316 3388 καὶ
2343 3337 2391 3388 οί
2423 3334 2759 3406 διαλογισμοὶ
2787 3335 2962 3389 αὐτῶν
2991 3335 3325 3406 διαλογισμοὶ
3363 3335 3629 3406 ἀφρόνων.
3664 3337 3808 3393 Σύν-

2219 3445 2435 3500 τριμμα
2463 3427 2555 3480 κοιλ⁵
2579 3427 2921 3500 ταλαιπωρία
2954 3430 3010 3483 ὲν
3043 3431 3162 3491 ταῖς
3189 3429 3324 3492 ὁδοῖς
3357 3428 3554 3483 αὑτῶν’
3590 3431 3644 3482 αί
3681 3429 3808 3501 τρί-

2221 3521 2304 3574 6οι
2358 3520 2534 3574 αὐτῶν
2577 3521 3025 3593 διεστραμμέναι,
3077 3521 3141 3586 ἀς
3197 3521 3506 3588 διοδεύουσι,
3543 3523 3661 3576 ’καὶ
3699 3523 3808 3577 οὑκ

2217 3613 2420 3668 οἴδασιν
2482 3615 2732 3684 εἰρήνηνο
2786 3613 2876 3666 διὰ
2933 3613 3088 3668 τοῦτο
3141 3614 3352 3685 ἀπέστη
3400 3616 3432 3686 ἡ
3488 3615 3670 3688 κρίσις
3703 3616 3804 3668 ἀπ’

2217 3704 2412 3770 αὑτῶν,
2473 3704 2566 3758 καὶ
2624 3705 2685 3758 οὑ
2745 3705 2819 3776 μὴ
2876 3705 3158 3777 καταλάϐῃ
3214 3705 3409 3769 αὐτοὺς
3459 3704 3800 3777 δικαιοσύνη.

2230 3796 2668 3868 ’Υπομεινάντων
2713 3797 2858 3866 φῶς,
2905 3796 3120 3864 ἐγένετο
3168 3798 3352 3861 αὐτοῖς
3399 3796 3620 3862 σκότος·
3678 3797 3805 3868 μεί-

2214 3907 2404 3952 ναντες
2435 3889 2630 3962 αὐγὴν,
2665 3891 2720 3942 ἐν
2753 3889 2931 3962 ἀωρία
2967 3889 3397 3962 περιεπάτησαν·
3443 3889 3803 3961 ψηλαφήσου-

2217 3999 2299 4036 σιν
2328 3982 2404 4045 ὡς
2429 3981 2618 4050 τυφλοὶ¹
2647 3984 2844 4052 τοῖχον,
2877 3982 2970 4035 καὶ
2993 3981 3067 4046 ὡς
3092 3982 3190 4052 οὐχ
3216 3981 3568 4054 ὑπαρχόντων
3594 3981 3804 4050 ὀφθαλ-

2217 4071 2352 4144 μῶν,
2389 4071 2789 4142 ψηλαφήσουσι·
2835 4069 3126 4124 πεσοῦνται
3160 4073 3216 4122 ὲν
3249 4070 3588 4142 μεσημϐρία,
3625 4071 3702 4136 ὡς
3733 4073 3800 4128 ἐν

2216 4161 2570 4233 μεσονυκτίῳ·
2601 4161 2676 4225 ὡς
2715 4160 3152 4234 ἀποθνήσκοντες
3195 4160 3556 4225 στενάξουσιν·
3585 4162 3660 4227 ὡς
3689 4163 3798 4236 ἄρ·-

2211 4271 2336 4318 κτος
2357 4253 2451 4307 καὶ
2492 4253 2806 4326 περιστερὰ,
2835 4254 2950 4324 ἅμα
2983 4253 3356 4324 πορεύσονται,
3387 4273 3409 4320 ,ι
3431 4255 3523 4308 καὶ
3548 4255 3614 4308 τὰ
3640 4255 3799 4327 ἑξῆς*

2210 4340 2290 4410 οἷς
2329 4346 2604 4414 ἐπιλέγειο
2658 4365 2676 4396 ι
2709 4346 2818 4398 Καὶ
2869 4344 3264 4417 φοϐηθήσονται
3318 4348 3365 4399 οἱ
3412 4345 3521 4400 ἀπὸ
3567 4345 3798 4418 δυσμῶν

2209 4436 2271 4488 τὸ
2299 4435 2468 4507 ὄνομα
2495 4436 2722 4506 Κυρίου,
2749 4437 2842 4489 καὶ
2861 4439 2910 4489 οἰ
2934 4438 3041 4490 ἀπὸ
3065 4437 3335 4492 ἀνατολῶν
3364 4436 3513 4509 ἡλίου
3531 4438 3591 4491 τὸ
3615 4437 3795 4510 ὄνομα

530 4507 604 4562 ab
635 4521 837 4564 occasu
859 4509 1154 4576 exsistunt,
1179 4526 1378 4566 nomen
1408 4509 1646 4574 Domini,
1674 4520 1729 4567 et
1755 4513 1846 4582 qui
1880 4513 1950 4568 ab
1978 4525 2102 4567 ortu

2222 4527 2268 4579 τὸ
2311 4526 2538 4592 ἔνδοξον.
2575 4546 2594 4578 ι
2657 4526 2816 4580 Ἀλλὰ
2846 4527 2954 4600 γάρ
2990 4527 3254 4580 πλείστων
3279 4529 3418 4582 ὅσων
3449 4527 3622 4580 οὑσῶν
3654 4546 3722 4581 πε
3735 4530 3794 4601 pi.

528 4599 689 4669 solis,
716 4616 913 4657 nomen
929 4603 1342 4673 gloriosum'h
1389 4604 1680 4670 Caeterum,
1705 4621 1828 4660 cum
1859 4607 2106 4676 plurimae

525 4693 776 4763 ejusdem
805 4695 1114 4766 argumenti
1148 4696 1260 4751 sint
1287 4697 1603 4767 prophetia,
1632 4698 1962 4754 testimoniis
1995 4700 2108 4757 his-

527 4802 612 4851 ce,
639 4801 762 4858 qua:
808 4787 898 4842 hic
955 4788 1334 4860 apposuimus,
1375 4792 1616 4846 contenti
1645 4792 1854 4848 erimus
1893 4811 1905 4846 :
1943 4800 2107 4864 atque

525 4895 592 4934 ca
611 4894 714 4934 suo
738 4889 984 4951 tempore
1011 4897 1204 4936 rursus
1225 4889 1552 4951 repetentes,
1569 4885 1996 4955 explanabimus.
2023 4884 2110 4941 ln-

527 4978 676 5024 terea
703 4985 853 5036 vero,
885 4971 1107 5041 quando
1137 4973 1204 5028 ad
1239 4973 1462 5028 verbum
1494 4975 1707 5030 abunde
1727 4976 1930 5032 talibus
1951 4977 2108 5033 testi-

527 5061 731 5117 moniis
760 5063 845 5116 usi
869 5079 1081 5128 sumus,
1111 5065 1248 5122 satis
1275 5083 1374 5122 nos
1409 5068 1716 5124 ostendisse
1747 5070 2102 5136 arbitramur,

524 5153 660 5208 nihil
689 5155 924 5225 amplius
946 5173 1110 5228 quam
1129 5159 1369 5230 reliquas
1392 5169 1601 5231 gentes,
1637 5161 1840 5218 habere
1857 5161 2094 5220 Judreos.

524 5243 652 5301 Sive
684 5247 830 5312 enim
863 5249 1010 5306 illius
1034 5251 1195 5307 amici
1232 5251 1324 5308 Dei
1345 5252 1578 5310 Abrahae
1607 5255 2003 5312 benedictionis
2039 5271 2098 5312 se

521 5339 672 5396 solos
720 5340 908 5396 dicunt
936 5359 1061 5399 esse
1083 5346 1396 5416 participes,
1429 5355 1712 5417 propterea
1737 5347 1886 5418 quod
1917 5349 2098 5404 abillo

477 5435 490 5491 ζ
521 5431 635 5484 sint
657 5431 877 5486 oriundi
915 5452 928 5486 :
955 5433 1067 5502 jam
1097 5433 1241 5490 Deus
1269 5437 1449 5506 palam
1473 5439 1750 5507 pollicitus
1778 5448 1883 5504 est,
1919 5443 2096 5509 genti-

517 5519 622 5576 bus
644 5535 861 5591 quoque
900 5537 1084 5592 parem
1127 5539 1236 5579 non
1262 5527 1424 5582 modo
1478 5528 1579 5598 ipsi
1609 5527 1862 5592 Abrahae,
1905 5530 2096 5584 sed'et

517 5617 692 5680 txaac,
737 5622 792 5670 et
842 5613 1012 5671 Jacob
1068 5617 1500 5674 benedictionem
1555 5636 1614 5675 se
1650 5620 2092 5692 impertiturum:

488 5739 498 5808 δ
586 5771 634 5803 ⁸⁵
667 5769 768 5825 lsa.
807 5787 858 5836 ι,
895 5772 1080 5832 Ιὸνὶξ).
1155 5773 1199 5802 9"
1232 5773 1334 5829 lsa.
1363 5790 1436 5832 LI.
1668 5777 1711 5808 97
1737 5775 1842 5833 lsa.
1877 5794 1963 5832 tlx
2003 5777 2136 5832 l-ll.

2205 4619 2306 4690 τῆς
2319 4619 2489 4689 αὐτῆς
2513 4617 2816 4683 ὑποθέσεως
2836 4619 3202 4691 προφητειῶν,
3224 4621 3344 4683 ταῖς
3368 4618 3795 4692 παρατεθεῖσαις

2213 4710 2538 4783 μαρτυρίαις
2579 4709 3048 4782 ἀρκεσθησόμεθα,
3098 4711 3194 4764 καὶ
3231 4709 3373 4764 κατὰ
3412 4711 3600 4782 καιρὸν
3627 4707 3794 4778 αὖθις

2209 4798 2569 4863 ἀναλαϐόντες
2597 4798 3008 4872 ἐξομαλίσομεν·
3056 4801 3346 4872 ἡγούμενοι
3375 4802 3511 4866 τέως
3537 4801 3790 4872 δαψιλέσι

2209 4893 2330 4953 ταῖς
2353 4889 2550 4955 λέξεσι,
2590 4891 2684 4942 καὶ
2705 4891 2824 4952 ταῖς
2852 4889 2960 4943 ἀπὸ
2985 4890 3185 4942 τούτων
3219 4889 3546 4961 μαρτυρίαις
3575 4906 3788 4961 κεχρη-

2211 4981 2382 5052 μένοι,
2428 4980 2625 5045 ἱκανῶς
2667 4981 3062 5051 ἀποδεδειχὲλαι
3095 4981 3259 5053 μηδὲν
3287 4981 3444 5034 πλέον
3475 4981 3615 5050 ἔχειν
3651 4981 3790 5034 Ἰου-

2205 5070 2388 5136 δαίους
2409 5072 2514 5126 τῶν
2537 5071 2736 5126 λοιπῶν
2760 5072 2946 5126 ἐθνῶν.
2971 5072 3094 5124 Εἴτε
3122 5071 3230 5143 γὰρ
3252 5071 3351 5140 τῆς
3378 5069 3472 5123 τοῦ
3503 5070 3788 5140 θεοφιλοῦς

2216 5165 2466 5238 Ἀϐραὰμ
2497 5167 2746 5236 εὐλογίας
2775 5168 2970 5239 μόνους
2999 5168 3195 5230 αὐτούς
3222 5184 3382 5237 φασιν
3412 5161 3553 5220 εἶναι
3585 5184 3788 5222 κοινω-

2205 5263 2348 5326 νοὺς,
2369 5260 2455 5314 διὰ
2475 5259 2534 5312 τὸ
2555 5257 2612 5326 ἐξ
2633 5257 2795 5311 αὑτοῦ
2815 5256 3077 5323 κατάγειν
3097 5255 3156 5307 τὸ
3176 5253 3351 5322 γένος·
3379 5253 3516 5306 ἀλλά
3536 5251 3629 5304 καὶ
3650 5255 3779 5316 τοῖς

2208 5353 2381 5408 ἔθνεσι
2409 5353 2508 5422 τῆς
2540 5351 2660 5421 ἴσης
2687 5349 2764 5419 τῷ
2798 5347 3046 5417 Ἀϐραὰμ
3083 5347 3142 5400 οὑ
3191 5345 3368 5416 μόνον,
3399 5344 3533 5398 ἀλλά
3561 5344 3656 5397 καὶ
3689 5343 3772 5415 τῷ

2205 5444 2412 5511 Ἰσαὰκ,
2459 5445 2552 5496 καὶ
2594 5443 2672 5511 τῷ
2699 5439 2892 5495 Ἰακὼὸ
2929 5438 3181 5507 εὐλογίας
3225 5435 3549 5506 μεταδώσειν
3591 5437 3774 5506 ἐπήγ-

2207 5536 2422 5604 γελται·
2451 5534 2742 5606 διαρρήδην
2783 5531 3234 5601 εὑλογηθήσεσθαι
3265 5531 3466 5601 ὁμοίως
3493 5529 3670 5583 παντά
3699 5529 3776 5584 τὰ

2207 5628 2333 5698 ἔθνη
2367 5625 2659 5698 προειπὼν,
2688 5625 2780 5679 καὶ
2816 5623 2921 5676 ὑπὸ
2955 5623 3082 5696 μίαν
3110 5623 3201 5675 καὶ
3230 5621 3326 5692 τὴν
3357 5621 3527 5690 αὑτῆν
3557 5620 3776 5692 εὐφραι-

2217 5780 2258 5812 ⁹¹¹
2285 5776 2414 5831 ibid.
2448 5773 2540 5828 l9.
