4056 6418
252 257 262 266 ’
315 281 403 338 tet

1198 277 1844 344 DESIONSTRATIONIS
1891 289 2351 347 EVANGFILICAS
2405 292 2533 348 LIB.
2573 292 2638 349 ll.

3432 301 3535 355 {2‘3

312 402 467 471 σύνην
494 400 600 461 τοῖς
627 397 925 471 μακαρίοις
950 398 1042 451 καὶ
1061 398 1327 468 θεοφιλέσι
1348 398 1441 454 καὶ
1467 400 1535 454 τὰ
1560 401 1721 455 λοιπά
1740 402 1843 456 ἔθνι

1966 405 2164 475 quippe
2190 406 2284 476 qui
2316 405 2713 462 benedicendas
2740 422 2863 464 esse
2892 408 3114 475 itidem,
3155 421 3213 467 ut
3242 411 3367 470 illos
3415 430 3535 469 omn
3580 432 3587 437 λ

305 489 749 561 ἀνακαλούμενος,
803 490 945 543 κατὰ
985 490 1065 542 τό·
1110 510 1127 542 ι
1166 491 1515 563 Εὐφράνθητε
1553 493 1677 564 ἔθνη
1724 495 1861 564 μετὰ

305 584 389 637 τοῦ
416 580 538 637 λαοῦ
560 581 747 636 αὐτοῦ·
778 601 798 633 ι
838 583 952 636 καί’
988 602 1005 633 ι
1036 583 1322 654 ’Ἄρχοντες
1350 583 1491 637 λαῶν
1524 585 1862 657 συνήχθησαο

305 670 433 740 μετὰ
454 670 545 723 τοῦ
567 669 703 723 Θεοῦ
742 670 1011 742 Ἀϐραάμ·
1043 690 1061 721 ι
1086 672 1194 724 εἴτε
1217 673 1307 726 ἐπὶ
1332 673 1575 746 βασιλείᾳ
1589 674 1682 727 τοῦ
1704 675 1858 737 Θεοῦ,

297 762 437 815 ώσὰν
463 761 630 815 αὑτοῦ
652 763 938 831 γεγονότες
959 762 1174 833 κλῆρος,
1203 765 1585 834 φρυάττονται,
1612 765 1746 820 ἀλλὰ
1768 765 1861 820 καὶ

297 856 383 907 ἐπὶ
417 854 598 907 πάντα
624 854 693 908 τὰ
726 854 890 908 λοιπὰ
922 854 1048 926 ἔθνη
1090 856 1426 926 βασιλεύσειν
1456 860 1484 911 ὁ
1514 859 1646 923 Θεὸς
1675 860 1862 913 θεσπί-

299 947 468 1012 ζεται·
510 965 529 997 ι
572 946 774 1000 Εἴπατε
815 966 834 997 ι
865 946 994 1017 γὰρ,
1021 947 1202 1018 φησὶν,
1238 967 1257 1000 ι
1286 951 1342 1002 ὲν
1374 953 1483 1014 τοίς
1513 950 1739 1015 ἔθνεσιν,
1778 954 1859 1006 ὅτι

294 1036 496 1110 Κύριος
541 1038 880 1093 ὲδασίλευσε.
911 1058 931 1090 ι
985 1040 1095 1092 Καὶ
1136 1041 1311 1093 πάλιν
1362 1061 1379 1092 ι
1426 1042 1800 1098 Ἐϐασίλευσεν
1832 1047 1860 1098 ό

295 1132 419 1194 Θεὸς
443 1132 546 1185 ἐπὶ
581 1132 761 1185 πάντα
790 1131 859 1184 τὰ
887 1131 1031 1202 ἔθνη·
1070 1132 1177 1185 εἴτε
1214 1134 1306 1187 ὲπί
1337 1133 1396 1186 τὸ
1431 1134 1729 1207 ἱερουργεῖν
1766 1136 1860 1190 καὶ

293 1228 366 1298 τῷ
556 1228 838 1300 λατρεύειν
868 1227 1159 1297 ὲξειλέχθαι
1200 1228 1393 1290 αύτούς
1427 1231 1601 1296 φαῖεν,
1624 1228 1859 1281 δεικτέον

293 1321 363 1383 ὡς
382 1321 473 1373 καὶ
500 1323 617 1384 τοῖς
638 1320 814 1373 ἔθνεσι
836 1321 935 1389 τῆς
958 1321 1078 1391 ἴσης
1097 1321 1125 1372 ό
1152 1319 1305 1388 λόγος
1333 1318 1659 1390 μεταδώσειν
1689 1321 1859 1390 ἐπήγο

292 1412 466 1482 γελται
514 1411 830 1482 θεραπείας,
870 1414 1060 1482 λέγων·
1102 1433 1121 1466 ι
1164 1416 1444 1483 Ἐνέγκατε
1482 1414 1556 1485 τῷ
1587 1415 1771 1486 Κυρίῳ
1801 1416 1857 1469 αί

292 1504 514 1575 πατριαὶ
545 1505 655 1558 τῶν
677 1504 864 1567 ἐθνῶν,
890 1506 1147 1572 ἐνέγκατε
1171 1506 1248 1575 τῷ
1274 1506 1460 1576 Κυρίῳ
1487 1506 1641 1573 δόξαν
1665 1508 1759 1560 καί
1777 1523 1856 1559 τι-

294 1598 411 1666 μήν·
442 1597 625 1667 ἄρατε
662 1596 871 1660 θυσίας,
913 1597 1007 1650 καὶ
1045 1596 1425 1669 εἰσπορεύεσθε
1452 1599 1531 1661 είς
1563 1598 1659 1661 τάς
1688 1597 1857 1661 αὐλὰς

290 1688 464 1741 αὐτοῦ’
501 1709 523 1740 ι
548 1684 631 1751 οἷς
653 1690 745 1742 καὶ
763 1690 823 1742 τὸ
847 1689 994 1761 παρὰ
1025 1689 1100 1760 τῷ
1115 1689 1306 1760 Ἡσαΐᾳ
1328 1688 1577 1759 συνάψεις
1606 1688 1800 1757 λόγιον,
1831 1707 1849 1739 ι

288 1780 343 1834 τὸ
365 1781 573 1851 φῆσαν·
611 1799 629 1832 ι
667 1782 859 1833 Ἔσται
892 1781 1266 1852 θυσιαστήριον
1294 1780 1375 1851 τῷ
1406 1781 1592 1852 Κυρίῳ
1617 1782 1673 1832 ὲν
1704 1779 1856 1851 χώρᾳ

286 1871 587 1941 Αἰγύπτου,
616 1872 713 1926 καὶ
752 1872 1049 1941 γνώσονται
1081 1874 1128 1925 οἰ
1175 1871 1463 1939 Αἰγύπτιοι
1503 1872 1590 1924 τὸν
1628 1871 1851 1943 Κύριον,

287 1964 372 2016 καὶ
402 1965 701 2033 ποιήσουσι
730 1962 935 2026 θυσίας,
961 1963 1054 2015 καί
1083 1961 1321 2026 εὔξονται
1353 1961 1514 2031 εὐχὰς
1542 1961 1620 2032 τῷ
1644 1962 1850 2034 Κυρίῳ,

287 2056 368 2108 καὶ
400 2054 800 2107 ἀποδώσουσιν.
839 2073 859 2105 ›
895 2055 1080 2111 ,Ἔνθα
1122 2055 1213 2107 καὶ
1256 2054 1566 2125 ἐπιστήσεις
1597 2053 1671 2116 ὡς
1700 2053 1854 2115 ἐκτὸς

283 2147 373 2216 τῆς
414 2147 781 2219 Ἰερουσαλήμ
814 2148 905 2200 ἐπὶ
934 2147 1030 2216 τῆς
1069 2145 1338 2214 Αἰγύπτου
1374 2145 1751 2215 θυσιαστήριον
1777 2143 1854 2214 τῷ

285 2239 471 2309 Κυρίῳ
508 2238 896 2308 συστήσεσθαι,
948 2238 1042 2290 καὶ
1089 2237 1269 2290 θύσειν
1311 2236 1494 2289 αὐτόοι
1534 2237 1658 2297 τοὺς
1687 2236 1849 2302 Αἰγυ-

282 2328 484 2391 πτίους,
513 2329 611 2380 καὶ
639 2327 885 2394 εὔξεσθαι
912 2327 1092 2398 εὐχὰς,
1116 2329 1208 2380 καί
1233 2326 1529 2380 ἀποδώσειν
1542 2325 1619 2395 τῷ
1645 2325 1849 2396 Κυρίῳ,

284 2421 704 2491 προφητεύεται.
742 2422 815 2473 υύ
853 2421 1009 2491 μόνον
1053 2420 1107 2472 δὲ
1149 2419 1256 2490 ἄρα
1295 2419 1385 2471 ἐπὶ
1415 2418 1513 2486 τῆς
1554 2417 1848 2483 Αἰγύπτου,

280 2511 407 2563 ἀλλὰ
434 2513 539 2565 καὶ
580 2514 667 2564 ἐπ’
714 2512 884 2581 αὐτῆς
922 2512 1020 2581 τῆς
1059 2510 1289 2579 ἀληθοῦς
1330 2510 1697 2580 Ἰερουσαλὴμ,
1730 2509 1850 2578 ἥτις

281 2605 402 2656 ποτὲ
432 2604 579 2675 αὕτη
611 2608 832 2666 νοεῖται,
874 2604 1050 2656 πάντα
1090 2603 1154 2657 τά
1200 2602 1346 2673 ἔθνη,
1402 2602 1494 2655 καὶ
1529 2602 1679 2654 αὐτοί
1707 2619 1769 2669 γε
1800 2603 1848 2654 οί

280 2695 489 2747 πάντων
526 2695 1069 2765 δεισιδαιμονέστατοι
1115 2694 1396 2762 Αἰγύπτιοι
1441 2694 1537 2763 τὴν
1570 2693 1709 2746 κατὰ
1737 2694 1850 2746 διά-

276 2804 412 2839 νοιαν
458 2787 849 2859 θεωρουμένην
889 2787 1259 2858 σκηνοπηγίαν
1277 2775 1577 2856 οέορτάσειν
1617 2785 1720 2837 ὑπὸ
1750 2785 1848 2854 τῆς

277 2880 618 2950 προφητείας
643 2879 1056 2933 ἀνακαλοῦνται.
1095 2880 1156 2931 Εἰ
1186 2879 1241 2931 δὲ
1269 2879 1363 2931 καὶ
1390 2879 1556 2932 πάλαι
1589 2878 1848 2949 πρότερον

274 2971 506 3041 ἐγενήθη
539 2973 697 3042 μερὶς
723 2970 926 3042 Κυρίου
955 2970 1080 3033 λαὸς
1107 2969 1267 3023 αὑτοῦ
1322 2969 1530 3031 Ἰακὼϐ,
1563 2968 1848 3039 σχοίνισμα

1964 513 2062 551 nes
2073 505 2260 567 gentes
2280 498 2587 568 praedixerit
2610 541 2624 565 ,
2644 506 2698 553 et
2714 501 2816 554 sub
2839 517 3001 556 unam
3040 504 3376 575 eandemque
3404 522 3528 562 cum

1963 588 2134 643 beatis
2158 588 2285 651 illis,
2320 589 2524 660 Deique
2579 591 2770 646 amicis
2802 592 2932 648 viris
2974 595 3235 655 laetitiam,
3288 598 3531 667 reliquas

1962 697 2176 751 quoque
2226 691 2415 752 gentes
2468 683 2657 737 invitet
2690 722 2705 748 ,
2736 684 2890 753 juxta
2937 687 3106 743 illud:
3150 707 3168 740 ι
3226 689 3528 757 Laetamini,

1960 782 2166 843 gentes,
2191 789 2313 827 cum
2332 776 2531 845 populo
2561 780 2681 842 ejus
2710 777 2755 808 ”
2785 796 2797 830 :
2846 797 2864 828 ι
2892 777 2956 832 [at
2979 780 3108 834 illud
3149 801 3161 836 :
3193 801 3210 832 ι
3244 781 3530 853 Principes

1962 864 2280 933 populorum
2313 866 2623 935 congregati
2662 875 2788 920 sunt
2838 883 2963 922 cum
2995 869 3102 925 Deo
3143 871 3455 930 Abraham:
3498 895 3518 926 ι

1961 956 2074 1011 sive
2100 955 2167 1010 de
2194 956 2303 1027 60
2334 972 2502 1027 regno
2533 956 2646 1020 Dei,
2691 960 2848 1028 quasi
2892 962 3039 1017 iilius
3077 961 3205 1019 facti
3261 966 3522 1030 lneredes,

1958 1046 2295 1115 gloriantur:
2322 1048 2435 1116 jam
2468 1050 2521 1102 in
2553 1050 2778 1119 reliquis
2802 1068 3020 1123 quoque
3051 1055 3303 1123 gentibus
3332 1073 3526 1128 regna—

1961 1144 2139 1190 turum
2184 1136 2372 1202 Deum,
2421 1140 2604 1194 divina
2648 1144 2869 1196 oracula
2928 1145 3270 1200 ostendunt:
3306 1167 3323 1197 ι
3349 1141 3545 1204 Dicite-

1957 1230 2125 1292 enim,
2153 1229 2347 1298 inquit,
2397 1230 2450 1283 in
2478 1232 2768 1301 gentibus,
2820 1236 2964 1304 quod
3013 1234 3277 1291 Dominus
3325 1254 3521 1308 regna-

1958 1316 2033 1369 vit
2067 1317 2082 1346 ¹
2120 1337 2167 1371 .›
2212 1317 2275 1370 Et
2305 1333 2498 1375 rursus
2532 1338 2545 1374 :
2594 1338 2613 1371 ι
2669 1320 2937 1392 Regnavit
2970 1324 3112 1379 Deus
3141 1342 3306 1397 super
3335 1343 3525 1384 omnes

1958 1416 2146 1478 gentes
2167 1413 2225 1466 ἐ
2261 1430 2280 1462 ι
2308 1413 2423 1467 sive
2452 1414 2518 1466 ad
2553 1416 2841 1469 sacerdotii
2874 1434 3094 1481 munus,
3128 1428 3182 1473 et
3216 1422 3282 1474 ad
3318 1423 3524 1477 cultum

1960 1500 2068 1555 Deo
2096 1502 2456 1558 exhibendum
2488 1521 2546 1562 se
2565 1507 2769 1563 electos
2792 1510 3067 1575 dictitant,
3092 1511 3524 1568 demonstratum

1956 1594 2091 1660 erit;
2128 1597 2583 1663 quemadmodum
2634 1601 2888 1670 gentibus
2914 1619 3153 1672 quoque,
3185 1606 3393 1674 arquale
3422 1606 3526 1660 mi~

1957 1686 2242 1740 nisterium
2276 1705 2454 1743 sermo
2488 1691 2705 1745 divinus
2736 1709 2796 1748 se
2819 1694 3227 1764 impertiturum
3261 1700 3524 1767 promise-

1957 1778 2047 1839 rit,
2083 1778 2173 1831 ubi
2203 1779 2277 1831 ait
2314 1797 2327 1834 :
2365 1800 2383 1831 ι
2417 1781 2616 1836 Afferte
2666 1782 2893 1839 Domino
2916 1825 2931 1849 ,
2985 1787 3203 1842 familiae
3257 1789 3520 1859 gentium,

1954 1869 2142 1923 afferte
2172 1869 2399 1925 Domino
2434 1874 2660 1942 gloriam
2690 1885 2743 1929 et
2766 1876 3023 1931 honorem
3052 1898 3063 1932 :
3094 1881 3263 1933 tollite
3288 1881 3519 1946 hostias,

1952 1968 2005 2014 et
2030 1960 2377 2030 ingredimini
2410 1965 2462 2017 in
2495 1966 2634 2019 atria
2660 1965 2779 2034 ejus
2813 1968 2832 1999 ³
2868 1987 2880 2021 :
2917 1988 2934 2020 ι
2968 1969 3169 2039 quibus
3193 1971 3357 2024 etiam
3389 1973 3520 2027 illud

1952 2053 2093 2122 apud
2118 2054 2308 2109 lsaiant
2356 2059 2581 2110 oraculu
2609 2076 2637 2109 ιι
2671 2059 2974 2129 adjungere
2996 2063 3219 2131 poteris.
3253 2062 3395 2132 quod
3447 2062 3523 2117 ita

1953 2144 2111 2199 habet
2140 2166 2152 2198 :
2190 2165 2207 2197 ι
2247 2146 2310 2200 Ει
2333 2150 2503 2202 altare
2537 2150 2770 2205 Domino
2810 2154 3033 2207 interra
3076 2156 3315 2227 Egypti,
3350 2166 3401 2211 et
3428 2172 3522 2211 co-

1950 2246 2210 2306 gnoscent
2242 2238 2479 2310 [Egyptii
2528 2241 2833 2306 Dominum,
2886 2253 2939 2299 et
2974 2246 3172 2300 facient
3231 2249 3519 2316 sacriﬁcia,

1930 2332 2001 2382 ‘et
2034 2331 2303 2383 vovebunt
2339 2344 2458 2384 vota
2491 2331 2742 2397 Domino,
2777 2344 2832 2388 et
2857 2336 3084 2390 reddent
3115 2338 3156 2391 ⁸.
3199 2359 3219 2391 ι
3256 2338 3357 2393 Ubi
3391 2341 3519 2393 item

1951 2420 2078 2473 illud
2114 2421 2211 2475 tibi
2235 2420 2338 2475 erit
2366 2423 2827 2477 considerandum
2855 2428 3135 2489 attentius,
3176 2430 3321 2498 quod
3366 2439 3520 2483 extra

1946 2508 2243 2564 Jerusalem
2270 2512 2321 2564 in
2351 2511 2584 2580 {Egypto
2606 2514 2775 2566 altare
2798 2512 3026 2568 Domino
3051 2519 3516 2585 constituendum,

1947 2609 2001 2657 et
2031 2603 2141 2656 illic
2178 2604 2586 2657 sacriticaturos
2612 2602 2924 2674 Egyptios,
2951 2614 3184 2675 votaque
3214 2606 3445 2662 Domino
3467 2619 3521 2663 et

1948 2691 2207 2755 facturos,
2233 2704 2284 2747 et
2309 2692 2620 2747 reddituros
2648 2694 2932 2761 prophetia
2963 2696 3249 2765 signiticet.
3282 2697 3399 2751 Non
3427 2714 3515 2751 er-

1947 2799 2015 2847 go
2037 2785 2090 2837 in
2115 2783 2349 2854 [Egypto
2374 2786 2593 2849 solum,
2631 2787 2722 2841 sed
2760 2788 2812 2839 in
2843 2788 2956 2855 ipsa
3000 2804 3217 2856 quoque
3256 2805 3383 2843 vera
3430 2787 3519 2845 Je-

1947 2875 2208 2937 rusalem,
2268 2890 2606 2944 quaecunque
2653 2893 2715 2931 ea
2765 2879 3115 2948 intelligatur,
3149 2894 3339 2933 omnes
3388 2896 3518 2949 gen-

1950 2972 2054 3030 tes,
2107 2981 2320 3021 necnon
2353 2967 2456 3036 ipsi
2489 2969 2730 3021 onmium
2781 2971 3304 3039 superstitiosissimi
3349 2972 3517 3043 ngy-

275 3064 643 3135 κληρονομίας
682 3062 845 3115 αὑτοῦ
901 3063 1131 3134 Ἰσραὴλ,
1176 3061 1310 3115 ἀλλὰ
1341 3060 1561 3131 ὕστερόν
1602 3078 1730 3113 ποτε
1757 3060 1843 3113 καί

1953 3058 2070 3126 ptii,
2104 3057 2169 3110 ad
2201 3057 2253 3110 id
2275 3060 2416 3126 quod
2450 3076 2512 3113 ex
2544 3063 2835 3124 sententia,
2870 3068 2975 3117 non
3018 3078 3085 3116 ex
3115 3066 3320 3133 scripto
3347 3064 3521 3118 inter-

272 3155 335 3208 τὰ
359 3155 490 3226 ἔθνη
525 3155 704 3207 πάντα
729 3153 805 3224 τῷ
830 3154 1018 3224 Κυρίῳ
1038 3152 1354 3224 δοθήσεσθαι
1384 3152 1580 3222 κλῆρος
1607 3150 1840 3223 εἴρηται,

275 3249 544 3318 φήσαντος
571 3245 721 3316 αύτῴ
744 3245 836 3298 τοῦ
866 3246 1093 3317 Πατρός·
1126 3265 1143 3295 ι
1166 3246 1393 3314 Λίτησαι
1423 3246 1548 3313 παρ’
1571 3243 1723 3314 ἐμοῦ,
1751 3245 1843 3297 καί

272 3338 419 3394 δώσω
460 3358 548 3393 σοι
585 3338 711 3409 ἔθνη
746 3338 839 3409 τὴν
874 3337 1233 3409 κληρονομίαν
1270 3353 1381 3388 σου.
1417 3354 1434 3386 ι
1469 3336 1578 3388 Καὶ
1606 3334 1713 3404 γὰρ
1745 3351 1842 3387 κα-

272 3429 654 3501 τακυριεύσειν
701 3429 761 3480 οὔ
796 3429 893 3498 τῆς
937 3427 1213 3490 Ἰουδαίας,
1262 3426 1373 3480 ἀλλ’
1420 3425 1526 3478 ἀπὸ
1568 3424 1839 3496 θαλάσσης

273 3522 370 3584 ἕως
406 3520 713 3588 θαλάσσης,
749 3519 841 3571 καὶ
871 3519 1120 3591 περάτων
1147 3518 1247 3587 τῆς
1280 3517 1603 3588 οἰκουμένης
1640 3534 1841 3587 προφη-

271 3613 504 3665 τεύεταιο
539 3629 557 3660 ι
588 3609 773 3662 Πάντα
801 3626 859 3662 τε
885 3608 954 3661 τὰ
985 3608 1108 3678 ἔθνη
1140 3608 1509 3660 δουλεύσουσιν
1546 3607 1711 3678 αύτῷ,
1748 3610 1840 3661 καὶ

272 3702 781 3771 ὲνευλογηθήσονται
818 3703 874 3753 ἐν
901 3699 1048 3769 αύτῷ
1079 3702 1247 3753 πᾶσαι
1275 3701 1329 3753 αἱ
1356 3700 1516 3768 φυλαί
1538 3700 1635 3769 τῆς
1661 3700 1779 3769 γῆς.
1813 3720 1832 3750 ι

272 3795 468 3848 Τούτου
497 3794 553 3846 δὲ
582 3788 651 3863 ἦν
685 3793 877 3853 αἴτιον,
910 3791 971 3844 τὸ
1002 3790 1264 3863 γνωρίσαι
1296 3790 1370 3860 (l)
1401 3791 1507 3844 τῶν
1541 3790 1674 3842 ὅλων
1705 3790 1838 3843 Θεὸν

271 3885 357 3937 τὸν
378 3885 650 3955 σωτήριον
672 3880 834 3935 αὐτοῦ
851 3879 1077 3934 ἐνώπιον
1097 3880 1310 3933 πάντων
1325 3880 1430 3932 τῶν
1448 3879 1635 3934 ἐθνῶν.
1668 3880 1836 3951 Σεση-

275 3976 495 4044 μείωται
523 3975 582 4027 δὲ
612 3976 740 4044 ἡμῖν
769 3973 870 4042 ἤδη
895 3974 1154 4044 πρότερον
1184 3973 1244 4025 τὸ
1271 3972 1509 4040 Ἰησοῦς
1536 3972 1725 4043 ὄνομα,
1758 3974 1838 4036 είς

271 4070 360 4140 τὴν
409 4067 685 4137 Ἑλλήνων
735 4065 844 4119 ἀπὸ
894 4068 992 4137 τῆς
1061 4064 1320 4137 Ἐϐραίων
1374 4065 1835 4136 μεταϐαλλόμενον

271 4159 473 4228 φωνῆς,
506 4156 804 4224 Σωτήρων
842 4156 1254 4227 ἑρμηνεύεσθαι,
1302 4155 1377 4220 ὡς
1432 4155 1595 4226 μηδὲν
1653 4155 1835 4226 ἕτερον

271 4244 401 4303 εἶναι
451 4249 515 4301 τὸ
566 4249 867 4316 Σωτήρων
891 4248 996 4301 τοῦ
1022 4248 1170 4302 Θεοῦ
1205 4248 1236 4318 ἢ
1271 4247 1368 4318 τὴν
1422 4246 1516 4301 τοῦ
1586 4247 1835 4317 Σωτῆρος

269 4341 418 4412 ήμῶν
513 4338 688 4411 Ἰησοῦ
764 4339 998 4411 Χριστοῦ
1085 4339 1474 4411 προσηγορίαν.
1554 4340 1835 4410 Μαρτυρεί

1948 3148 2267 3221 pretandum
2298 3150 2389 3213 sit,
2430 3151 2901 3207 tabernaculorum
2958 3155 3201 3219 solenne,
3233 3158 3517 3211 celebrau-

1948 3241 2096 3305 dum,
2127 3242 2445 3297 invitantur.
2468 3244 2621 3308 Quod
2650 3246 2696 3299 si
2721 3245 2847 3298 olim
2876 3246 3048 3299 factus
3073 3255 3157 3301 est
3190 3266 3209 3294 ι
3251 3265 3374 3316 pars
3407 3250 3517 3304 Do.

1947 3330 2079 3384 mini
2105 3333 2336 3401 populus
2355 3333 2474 3400 ejus
2511 3332 2699 3399 Jacob,
2735 3334 3011 3391 funiculus
3043 3337 3371 3393 haereditatis
3394 3340 3514 3410 ejus

1947 3419 2112 3476 Israel
2143 3424 2186 3487 ⁸,
2228 3441 2247 3473 ι
2297 3430 2351 3476 at
2381 3423 2436 3477 in
2470 3433 2748 3493 posterum
2770 3465 2784 3486 ,
2834 3434 3021 3495 gentes
3049 3445 3264 3497 quoque
3296 3446 3508 3487 omnes.

1945 3511 2175 3568 Domino
2206 3516 2261 3567 in
2300 3522 2501 3569 sortem
2527 3531 2648 3569 esse
2674 3517 3011 3581 tribuendas,
3040 3519 3243 3573 dictum
3270 3530 3380 3576 est:
3419 3522 3515 3577 ubi

1943 3603 2193 3659 videlicet
2242 3605 2315 3658 illi
2345 3606 2424 3659 sic
2453 3606 2527 3659 ait
2562 3606 2756 3661 Pater:
2797 3627 2813 3657 ι
2851 3608 3070 3663 Postula
3099 3628 3128 3663 a
3162 3622 3332 3675 Ine,et
3369 3612 3514 3667 dabo

1943 3694 2041 3747 tibi
2095 3703 2283 3764 gentes
2315 3695 2680 3750 haereditatem
2718 3705 2863 3751 tuam
2890 3699 2930 3753 °.
2965 3719 2981 3751 ι
3020 3700 3230 3753 Etenim
3265 3702 3514 3756 domina-

1943 3792 2125 3837 turum
2154 3800 2274 3840 esse
2303 3800 2411 3839 non
2452 3791 2506 3839 in
2536 3784 2721 3841 Judma
2751 3789 2950 3849 solum,
2994 3789 3086 3842 sed
3116 3806 3145 3841 a
3171 3792 3303 3844 mari
3340 3807 3513 3860 usque

1942 3877 2009 3930 ad
2036 3892 2205 3940 mare,
2262 3887 2315 3932 et
2346 3878 2479 3933 fines
2528 3880 2677 3933 orbis
2720 3891 2898 3940 terrae.
2930 3882 3207 3959 prophetia
3239 3884 3436 3937 clamat
3464 3882 3510 3947 ⁷,

1940 3984 2239 4039 omnesque
2272 3970 2350 4023 illi
2381 3979 2569 4041 gentes
2590 3988 2711 4027 esse
2735 3974 3052 4033 serviturus,
3093 3973 3514 4029 benedicendas—

1940 4076 2045 4129 que
2069 4076 2190 4115 esse
2220 4061 2272 4114 in
2294 4077 2358 4116 eo
2383 4078 2573 4118 omnes
2596 4063 2772 4117 tribus
2796 4071 2969 4117 terrae.
2998 4063 3108 4118 llac
3137 4074 3314 4119 autem
3342 4081 3509 4120 causa

1940 4150 2043 4205 hoc
2080 4151 2279 4205 factum
2313 4162 2417 4217 est,
2445 4163 2501 4207 ut
2529 4154 2668 4209 Deus
2697 4156 2937 4210 universi
2970 4156 3025 4209 in
3059 4169 3355 4226 conspectu
3388 4174 3508 4211 om-

1940 4243 2088 4297 nium
2124 4243 2387 4312 gentium,
2452 4246 2691 4301 salutare
2746 4262 2905 4301 suum
2970 4257 3159 4301 notum
3198 4249 3399 4302 faceret
3429 4249 3450 4279 ⁸
3487 4268 3501 4303 :

1938 4350 2039 4390 nos
2068 4334 2325 4403 verojam
2351 4344 2477 4391 ante
2530 4336 2839 4393 notavimus
2872 4354 3067 4392 nomen
3109 4338 3289 4403 Jesus,
3343 4339 3386 4392 si
3436 4354 3501 4394 ex

270 4433 436 4503 τούτῳ
477 4432 570 4484 καὶ
606 4434 635 4484 ὁ
672 4432 894 4502 Συμεὼν
932 4434 988 4484 ὲν
1024 4431 1101 4501 τῷ
1140 4431 1475 4501 Εύαγγελίῳ,
1528 4430 1605 4495 ὃς,
1656 4430 1833 4484 λαϐὼν

1945 4426 2201 4482 llebraica
2234 4427 2416 4498 lingua
2470 4428 2526 4482 in
2578 4427 2819 4483 Graecam
2881 4440 3268 4494 convertatur,
3317 4431 3502 4501 Σωτή-

267 4524 324 4577 τὺ
378 4525 615 4587 παιδίον,
666 4524 823 4576 αὑτὸν
877 4521 940 4592 δὴ
995 4523 1084 4575 τὸν
1152 4522 1377 4593 Ἰησοῦν,
1432 4522 1567 4591 μετὰ
1619 4525 1827 4593 χεῖρας,

268 4615 555 4687 ἐπηύξατο·
602 4631 621 4665 ι
662 4613 772 4667 Νῦν
809 4612 1060 4676 ἀπολύεις
1089 4613 1176 4666 τὸν
1209 4612 1391 4666 δοῦλόν
1423 4631 1536 4678 σου,
1562 4614 1826 4676 Δέσποτα,

266 4708 401 4760 κατὰ
439 4706 502 4759 τὸ
538 4706 689 4777 ῥῆμά
727 4722 835 4766 σου,
866 4706 923 4757 ἐν
976 4705 1197 4775 εἰρήνῃ·
1248 4705 1329 4758 ὅτι
1364 4701 1499 4757 εἶδον
1537 4707 1585 4757 οἱ
1623 4705 1827 4773 ὀφθαλ-

270 4799 354 4866 μοί
391 4816 494 4869 μου
525 4799 584 4850 τὸ
618 4797 881 4868 σωτήριόν
908 4813 1022 4860 σου,
1056 4796 1084 4848 ὃ
1108 4796 1408 4867 ἡτοίμασας
1437 4797 1576 4851 κατὰ
1610 4798 1827 4870 πρόσω-

267 4905 361 4944 πον
393 4891 610 4942 πάντων
634 4888 741 4941 τῶν
773 4887 935 4951 λαῶν,
960 4886 1074 4956 φῶς
1112 4890 1191 4951 είς
1215 4888 1555 4958 ἀποκάλυψιν
1587 4888 1774 4943 ὲθνῶν.
1802 4910 1820 4941 ›

266 4981 400 5033 Αύτὸ
438 4981 564 5051 γοῦν
591 4981 653 5034 τὸ
695 4983 956 5051 σωτήριον
988 4982 1081 5034 καί
1108 4984 1137 5034 ό
1160 4980 1461 5052 Ψαλμῳδὸς
1498 4982 1704 5053 ἐδήλου,
1740 4982 1826 5035 λέ-

267 5088 391 5137 γων’
422 5092 441 5122 ι
477 5072 767 5144 Ἐγνώρισε
804 5075 1003 5144 Κύριος
1032 5074 1092 5126 τὸ
1135 5076 1396 5145 σωτήριον
1428 5073 1589 5126 αὑτοῦ
1614 5114 1628 5137 ,
1670 5076 1824 5128 ἐναν-

267 5161 375 5215 τίον
399 5163 506 5215 τῶν
550 5163 720 5216 ἐθνῶν
746 5165 1060 5235 ἁπεκάλυψε
1098 5165 1195 5236 τὴν
1216 5165 1557 5235 δικαιοσύνην
1588 5165 1774 5218 αὑτοῦ.
1803 5185 1821 5216 ι

268 5247 372 5301 Καὶ
396 5250 534 5303 κατὰ
557 5251 649 5305 τὸν
683 5252 904 5306 Ἡσαΐαν
926 5254 1066 5307 τοῦτ’
1092 5254 1222 5307 αὐτὸ
1246 5254 1307 5307 τὸ
1335 5256 1598 5326 σωτήριον
1630 5256 1827 5318 ἰδόντες

268 5337 461 5403 πάντες
506 5342 780 5412 ἄνθρωποι
801 5384 815 5407 ,
869 5347 1261 5417 προσκυνήσειν
1306 5345 1547 5414 λέγονται
1595 5346 1672 5417 τῷ
1718 5347 1824 5400 τῶν

266 5427 398 5481 ὅλων
429 5431 543 5502 Θεῷ
573 5432 634 5485 τὸ
683 5435 946 5506 σωτήριον
999 5435 1161 5488 αὐτοῦ
1201 5438 1313 5499 τοῖς
1368 5438 1532 5490 πᾶσιν
1580 5437 1824 5506 ἀφθόνως

332 5547 377 5578 ’θ
411 5543 548 5603 Psal.
574 5564 721 5610 sui,
753 5550 836 5604 l0.
934 5556 949 5581 ³
983 5549 1123 5606 Psal.
1159 5566 1283 5615 xcv,
1318 5553 1403 5607 10.

270 5628 431 5678 um,
463 5619 514 5671 9.
594 5618 775 5673 Ῥείη.
804 5636 862 5685 ιι,
922 5630 985 5684 8.
1060 5621 1245 5677 ’Psal.
1282 5638 1426 5687 LXXI,
1466 5624 1518 5682 8.
1563 5625 1646 5689 ll,
1682 5625 1763 5677 l7.

340 5707 415 5775 (ί)
442 5709 791 5765 Desideratur
812 5713 902 5765 τόν
956 5712 1109 5767 Enn.
1147 5713 1318 5768 PATR.

1507 5554 1526 5583 ¹
1551 5553 1692 5607 Psal.
1732 5569 1875 5613 XLVI,
1904 5553 1957 5607 9.

1845 5626 1865 5657 ⁸
1893 5622 2036 5681 Psal.
2070 5641 2233 5691 xcvn,
2264 5625 2317 5678 2.
2386 5626 2406 5656 ’
2435 5624 2564 5692 an,
2593 5643 2651 5688 ιι.
2684 5628 2874 5685 29-52.

1938 4536 2051 4590 ριον
2069 4518 2393 4588 signiﬁcare,
2413 4519 2555 4589 quod
2580 4520 2773 4576 Latine
2790 4521 2992 4575 dicitur
3013 4521 3269 4582 salutare,
3294 4521 3501 4574 utnibil

1933 4611 2079 4665 aliud
2093 4613 2162 4665 sit
2174 4611 2420 4666 Salutare
2432 4611 2527 4666 Dei
2536 4628 2696 4683 quam
2716 4612 3009 4669 Salvatoris
3022 4614 3194 4667 nostri
3210 4611 3334 4668 Jesu
3349 4612 3504 4667 Chri-

1931 4704 2002 4759 sti
2018 4705 2308 4773 appellatio
2333 4724 2346 4759 :
2366 4704 2492 4759 huic
2518 4705 2592 4760 rei
2620 4705 2776 4761 fidem
2797 4708 2925 4762 facit
2943 4706 3161 4762 Simeon
3184 4708 3238 4760 in
3259 4706 3501 4776 Evange-

1929 4796 2022 4858 lio,
2044 4798 2134 4866 qui
2151 4805 2375 4867 accepto
2388 4813 2579 4867 puero,
2608 4798 2725 4868 ipso
2742 4800 2926 4869 utique
2945 4799 3095 4861 Jesu,
3119 4799 3260 4851 intra
3278 4814 3498 4863 manus,

1928 4888 2007 4943 sic
2034 4890 2209 4942 oravit
2244 4906 2258 4941 :
2294 4907 2314 4939 ι
2353 4887 2509 4943 Nunc
2541 4889 2775 4946 dimittis
2803 4906 3017 4945 servum
3045 4898 3217 4951 tuum,
3247 4889 3494 4955 Domine,

1929 4981 2223 5034 secundum
2242 4980 2463 5034 verbum
2497 4988 2648 5035 tuum
2691 4981 2744 5034 in
2768 4997 2930 5050 pace:
2950 4981 3075 5049 quia
3094 4981 3496 5036 videruntoeuli

1923 5070 2026 5140 ει
2064 5072 2172 5124 mei
2220 5068 2469 5125 Salutare
2502 5079 2677 5134 tuum,
2702 5073 2844 5141 quod
2896 5073 3099 5141 parasti
3133 5081 3258 5128 ante
3302 5072 3495 5127 faciem

1924 5165 2163 5217 omnium
2201 5165 2554 5234 populorum,
2596 5164 2776 5218 lumen
2824 5164 2892 5217 ad
2936 5164 3319 5242 revelationem
3364 5180 3499 5235 gen-

1924 5256 2124 5308 tium’.
2168 5274 2185 5306 ι
2239 5254 2352 5310 Hoc
2402 5256 2578 5326 ipsum
2626 5256 2790 5325 igitur
2845 5254 3115 5320 Salutare,
3153 5258 3492 5314 Psalmorum

1923 5364 2139 5418 quoque
2190 5356 2386 5403 auctor
2448 5349 2795 5421 significavit,
2840 5366 2964 5403 cum
3008 5350 3189 5405 dixit:
3237 5369 3257 5402 ι
3293 5349 3490 5404 Notum

1925 5440 2048 5496 fecit
2081 5440 2365 5494 Dominum
2400 5440 2650 5497 Salutare
2682 5458 2862 5507 suum,
2915 5443 2968 5495 in
3018 5452 3315 5513 conspectu
3359 5460 3490 5514 gen:-

2063 5553 2082 5585 '
2114 5553 2255 5609 Psal.
2290 5570 2409 5615 xcv,
2440 5555 2573 5625 77,8.
2649 5556 2794 5612 ‘lsa.
2829 5575 2941 5623 xux,
2985 5560 3071 5625 19,
3099 5558 3188 5614 21.
3288 5557 3485 5615 'lleul.
