3978 6414
446 330 548 386 125

1105 327 1372 384 EUSEBII
1407 331 1881 388 CAESARIENSIS
1917 331 2065 387 OPP.
2107 332 2285 390 PARS
2322 333 2384 390 ll.
2416 365 2488 377 ——
2522 337 3016 399 APOLOGETICA.

3574 349 3675 405 124

440 441 576 496 tium
611 442 866 496 revelavit
914 440 1185 510 justitiam
1226 458 1381 497 suam
1408 443 1472 498 ‘°.
1512 465 1531 497 ο
1572 443 1833 500 Similiter
1862 445 1990 515 apuc‘

2108 451 2525 523 κεχαρισμένῳ·
2576 458 2667 510 καὶ
2698 460 3092 530 προσκυνήσειν
3143 476 3206 530 γε
3255 462 3404 534 αύτῷ
3439 463 3538 518 οὐκ
3580 464 3675 519 ἐπὶ

439 530 631 587 Isaiam
653 548 842 588 omnes
887 532 1156 599 homines,
1177 534 1279 589 hoc
1314 536 1489 605 ipsum
1525 538 1760 593 salutare
1788 539 2004 593 intuen-

440 634 543 687 tes,
577 625 744 680 Deum
786 627 1028 683 universi
1080 628 1342 682 dicuntur
1375 630 1674 694 adoraturi,
1721 631 1814 700 qui
1851 630 2009 685 Salu-

437 725 556 769 tare
589 732 748 771 suum
773 718 1028 773 omnibus
1053 718 1269 773 abunde
1309 720 1382 774 sit
1422 721 1718 790 largiturus
1746 742 1758 776 :
1786 731 1839 776 et
1874 722 2006 776 ado-

440 806 632 869 raturi,
671 822 778 860 non
810 808 866 862 in
905 808 1008 862 hac
1039 808 1285 863 inferiori
1336 809 1661 873 Jerusalem,
1696 828 1815 880 quae
1842 821 1924 867 est
1949 813 2003 866 in

438 896 746 963 Palaestina,
770 899 864 955 sed
890 916 1333 971 unumquemque
1363 918 1427 957 ex
1451 904 1569 957 loco
1594 918 1713 962 suo.
1734 913 1787 957 et
1816 918 2007 959 omnes

436 991 750 1061 quicunque
804 992 914 1047 sint
967 994 1022 1046 in
1080 993 1278 1048 insulis
1318 995 1560 1063 gentium
1592 1015 1603 1049 :
1636 1012 1745 1065 quo
1768 1005 2005 1064 tempore

436 1082 718 1135 oraculum
752 1083 884 1137 illud
914 1082 1073 1137 ﬁnem
1099 1083 1350 1153 accipiet,
1376 1086 1520 1154 quod
1555 1085 1783 1139 allirmat
1814 1101 2004 1140 omnes

439 1170 688 1227 homines
719 1173 974 1228 invocare
1009 1190 1116 1227 non
1144 1175 1378 1245 amplius
1409 1175 1548 1231 Deos
1571 1177 1797 1245 patrios,
1828 1192 2003 1246 neque

437 1265 750 1328 simulacra,
784 1275 880 1320 aut
920 1267 1221 1333 daemonas,
1280 1269 1372 1321 sed
1434 1284 1631 1322 nomen
1693 1270 2004 1336 Domini,et

435 1358 642 1411 servire
684 1357 760 1409 illi
814 1359 917 1412 sub
942 1358 1074 1427 jugo
1111 1374 1240 1423 uno,
1272 1367 1325 1413 et
1358 1359 1433 1412 illi
1463 1375 1492 1412 a
1537 1361 1786 1415 terminis
1820 1360 2001 1414 ﬂumi-

435 1465 564 1502 num
617 1449 907 1519 {Ethiopian
960 1450 1253 1505 rationales
1312 1459 1365 1504 et
1428 1451 1741 1505 incruentas
1795 1452 2001 1506 hostias

431 1554 529 1609 per
560 1538 769 1593 Novum
798 1540 999 1595 Christi
1041 1539 1469 1603 Testamentum,
1495 1557 1602 1593 non
1649 1542 1701 1593 in
1755 1540 2001 1594 inferiori

426 1632 753 1695 Jerusalem,
819 1648 995 1700 neque
1049 1632 1105 1685 in
1137 1648 1202 1687 eo
1232 1632 1375 1701 quod
1434 1632 1488 1686 in
1541 1633 1630 1685 illa
1687 1640 1773 1686 est
1820 1632 1997 1695 altari,

430 1722 524 1776 sed
557 1722 611 1775 in
664 1722 784 1789 ejus
834 1721 1127 1791 AithiOpia:
1160 1723 1377 1786 finibus,
1414 1723 1481 1776 de
1524 1738 1629 1791 qua
1655 1724 1766 1789 jam
1793 1722 1998 1776 dictum

427 1823 533 1874 est,
569 1812 870 1867 oblaturos.
910 1812 1063 1879 Quod
1096 1814 1139 1868 si
1178 1830 1430 1883 magnum
1463 1815 1719 1883 quiddam
1766 1821 1870 1876 est,
1902 1812 1996 1867 Dei

426 1905 685 1974 populum
717 1912 771 1958 et
799 1921 941 1968 esse,
974 1914 1027 1959 et
1063 1888 1297 1970 censeri,
1334 1915 1387 1959 et
1437 1922 1606 1958 unum
1648 1905 1752 1959 hoc
1785 1904 1994 1957 divino-

426 2011 547 2049 rum
582 1999 975 2065 promissorum
1028 1998 1322 2050 maximum
1372 2006 1474 2059 est,
1502 1998 1592 2050 ubi
1631 1997 1700 2051 al)
1733 1998 1851 2065 ipso
1884 1994 1994 2050 Deo

425 2085 493 2141 de
531 2087 599 2142 iis
620 2087 713 2158 qui
736 2088 918 2157 seipso
940 2088 1088 2157 digni
1123 2089 1254 2151 sint,
1284 2086 1490 2142 dicitur
1529 2107 1541 2141 :
1580 2108 1597 2138 (
1636 2087 1741 2141 Ero
1773 2088 1990 2140 illorum

424 2179 590 2243 Deus,
625 2190 679 2234 et
719 2181 819 2250 ipsi
872 2188 1034 2234 erunt
1085 2182 1320 2250 populus
1350 2181 1589 2243 meus“,
1632 2200 1651 2231 ι
1693 2180 1994 2249 meritoque

423 2281 584 2327 antea
612 2272 948 2340 gloriabatur
976 2270 1138 2326 israel
1161 2312 1173 2333 ,
1199 2273 1356 2342 quasi
1389 2273 1480 2341 qui
1525 2272 1674 2326 solus
1697 2270 1789 2324 Dei
1818 2286 1988 2339 popu-

425 2363 511 2419 lus
550 2373 713 2427 esset,
747 2366 848 2419 hoc
893 2381 1112 2435 quoque
1163 2366 1389 2428 bonum,
1425 2372 1539 2417 tum
1568 2379 1691 2416 cum
1725 2363 1791 2416 ad
1821 2377 1993 2431 p0pu-

423 2456 535 2511 lum
568 2456 718 2509 illum
753 2457 1039 2510 advenerit
1064 2455 1347 2518 Dominus,
1385 2456 1639 2526 gentibus
1674 2470 1734 2509 se
1766 2455 1993 2524 largitu-

420 2564 543 2604 rum
574 2549 880 2618 pollicetur,
908 2548 1101 2602 dicens
1128 2568 1140 2601 :
1184 2566 1200 2596 ι
1246 2548 1382 2601 Ecce
1412 2563 1511 2617 ego
1535 2547 1715 2610 venio,
1750 2557 1802 2599 et
1834 2546 1990 2598 habi-

419 2643 549 2696 tabo
581 2642 637 2693 in
673 2640 853 2694 medio
901 2639 1002 2702 tui,
1038 2646 1092 2693 et
1122 2638 1436 2709 confugient
1485 2649 1674 2708 gentes
1709 2639 1892 2691 multa:
1922 2637 1987 2691 ad

419 2730 732 2795 Dominum,
760 2740 813 2785 et
847 2741 1008 2787 erunt
1052 2733 1104 2787 ei
1150 2734 1203 2785 in
1250 2732 1506 2801 pepulum
1530 2733 1592 2785 ¹².
1634 2752 1652 2784 ι
1688 2730 1759 2784 De
1793 2731 1990 2799 quibus

420 2825 554 2879 illud
584 2826 709 2879 item
746 2826 880 2879 satis
920 2836 1041 2893 apte
1082 2827 1300 2881 dicetur
1333 2843 1344 2877 :
1380 2842 1398 2874 ι
1443 2824 1504 2876 Et
1530 2824 1704 2877 dicam
1751 2839 1855 2875 non
1893 2836 1989 2891 po-

419 2919 549 2988 pulo
581 2932 721 2978 meo,
756 2917 991 2986 populus
1038 2931 1191 2969 meus
1221 2931 1282 2969 es
1324 2922 1382 2967 tu
1421 2932 1433 2967 :
1465 2922 1519 2968 et
1549 2914 1664 2983 ipse
1695 2913 1858 2974 dicet,
1882 2912 1988 2967 Do-

418 3009 602 3062 minus
631 3007 774 3061 Deus
804 3022 957 3061 meus
979 3023 1039 3060 es
1062 3015 1117 3059 tu
1137 3007 1203 3058 ’³.
1246 3028 1263 3056 ι
1294 3005 1351 3059 Si
1401 3021 1530 3060 vero
1562 3021 1668 3059 non
1699 3007 1861 3069 alius,
1890 3005 1985 3059 sed

418 3098 537 3167 ipse
576 3105 660 3151 est
718 3095 993 3161 Christus,
1017 3096 1108 3165 qui
1142 3094 1209 3149 de
1264 3095 1448 3148 radice
1492 3094 1647 3150 Jesse
1677 3098 1925 3148 oriturus
1954 3112 1985 3149 a

417 3189 700 3260 prophetis
725 3188 1060 3258 pnedicilur,
1093 3196 1146 3241 et
1192 3187 1294 3240 hoc
1332 3187 1469 3256 ipsis
1497 3201 1715 3257 quoque
1747 3185 1987 3241 Hebrteis

418 3281 650 3337 habetur
704 3280 1090 3341 indubitatum,
1128 3279 1282 3343 adeo,
1320 3288 1379 3331 ut
1435 3278 1587 3333 nullo
1619 3286 1778 3348 pacto
1837 3279 1989 3348 quis-

417 3373 564 3445 piam
587 3373 655 3428 de
696 3372 800 3427 hoc
836 3372 1114 3441 ambigat:
1153 3370 1442 3426 considera
1471 3370 1585 3440 jam
1625 3370 1985 3441 quemadmo-

417 3466 548 3521 dum
597 3465 686 3519 hic
734 3472 1084 3521 surrecturus
1135 3462 1202 3516 ad
1262 3462 1637 3533 imperandum
1700 3478 1808 3517 non
1883 3462 1987 3533 ipsi

417 3556 606 3618 Israel,
660 3556 754 3611 sed
814 3555 1067 3626 gentibus
1118 3555 1294 3624 palam
1337 3554 1409 3608 sit
1471 3553 1671 3618 dictus,
1723 3568 1822 3607 nec
1872 3554 1988 3621 ipse

416 3649 602 3717 Israel,
633 3649 728 3705 sed
758 3658 945 3720 gentes
976 3650 1028 3701 in
1073 3664 1138 3702 eo
1169 3664 1319 3718 spem
1356 3647 1620 3701 habiturae
1657 3646 1816 3701 dictae
1854 3648 1984 3713 sint,

417 3745 618 3816 quippe
645 3744 739 3814 qui
769 3750 915 3798 esset
952 3742 1289 3812 exspectatio
1334 3741 1575 3811 gentium
1606 3759 1619 3794 :
1652 3748 1987 3811 quapropter

415 3846 470 3894 et
488 3838 739 3907 gentibus
780 3834 1406 3905 prolaturusjudicium,
1448 3840 1501 3887 et
1534 3832 1751 3887 futurus
1805 3834 1986 3887 lumen

415 3928 657 4000 gentium
691 3928 947 3981 vaticinio
967 3926 1291 3981 declaretur.
1317 3924 1383 3979 Et
1413 3940 1626 3988 rursus,
1658 3926 1863 3980 dictum
1891 3928 1983 3990 sit,

416 4023 473 4077 in
516 4022 736 4075 nomine
771 4020 892 4089 ejus
921 4027 1110 4090 gentes
1151 4026 1491 4089 speraturas.
1541 4019 1899 4090 eamdemque
1931 4022 1984 4074 in

417 4113 647 4169 salutem
681 4112 866 4165 datum
900 4111 967 4164 iri
1013 4126 1121 4163 non
1170 4110 1301 4165 solis
1332 4108 1559 4172 Judmis,
1596 4110 1690 4166 sed
1732 4112 1986 4167 omnibus

416 4206 753 4266 hominibus.
790 4220 963 4273 usque
1013 4203 1079 4258 ad
1131 4211 1432 4258 extremum
1487 4215 1664 4260 terrae.
1714 4206 1985 4272 Quocirca

416 4305 473 4353 et
502 4297 570 4351 ab
598 4297 711 4357 illo,
744 4296 837 4365 qui
868 4296 1044 4365 ipsum
1090 4296 1257 4359 misit,
1303 4294 1483 4359 Patre,
1516 4299 1721 4354 dictum
1768 4310 1851 4356 est
1883 4302 1934 4357 ei
1958 4284 1983 4360 ἰ

424 4406 444 4439 ι
484 4387 615 4443 Dedi
645 4395 698 4442 te
750 4387 805 4440 in
850 4386 1258 4442 Testamentum
1304 4389 1540 4458 generis,
1575 4390 1682 4460 62
1726 4392 1779 4447 in
1810 4395 1985 4452 lucem

419 4482 684 4554 gentium,
720 4489 777 4534 ut
812 4481 1116 4535 constituas
1147 4489 1372 4544 terram,
1399 4491 1453 4536 et
1484 4487 1842 4555 consequaris
1876 4490 1986 4543 hae-

2111 536 2210 605 τῆς
2241 538 2390 593 κάτω
2428 543 2779 617 Ἰερουσαλὴμ
2818 548 2915 619 τῆς
2960 549 3103 604 κατὰ
3148 551 3247 623 τὴν
3292 554 3672 626 Παλαιστίνην,

2112 627 2224 680 ἀλλ’
2256 629 2481 687 ἕκαστον
2516 638 2580 688 ἐκ
2613 638 2707 690 τοῦ
2736 639 2898 693 τόπου
2936 641 3102 695 αὐτοῦ
3123 682 3138 707 ,
3178 644 3271 698 καὶ
3300 647 3506 709 πάντας
3547 649 3674 711 τοὺς

2110 717 2167 770 ἐν
2191 722 2313 783 ταῖς
2338 726 2518 794 νήσοις
2541 727 2649 781 τῶν
2679 728 2876 784 ἐθνῶν·
2910 732 2997 785 ὅτε
3034 734 3128 787 καὶ
3167 735 3576 809 πληρωθήσεται
3612 739 3674 793 τὸ

2111 811 2320 879 φάσκον
2361 815 2537 884 λόγιον
2585 821 2955 877 ἐπικαλεῖσθαι
2986 826 3192 891 πάντας
3231 829 3545 901 ἀνθρώπους
3572 833 3674 885 οὐκ

2108 903 2189 957 ἔτι
2226 908 2353 971 τοὺς
2387 910 2665 981 πατρῴους
2703 913 2875 979 θεοὺς,
2908 917 3028 970 ούδέ
3071 918 3137 972 τὰ
3174 920 3384 985 εἴδωλα,
3418 923 3513 975 καὶ
3546 924 3672 987 τοὺς

2107 997 2386 1067 δαίμονας,
2416 1002 2551 1056 ἀλλὰ
2569 1004 2630 1057 τὸ
2654 1004 2823 1076 ὄνομα
2854 1008 3082 1077 Κυρίου,
3110 1011 3204 1063 καὶ
3234 1011 3503 1066 δουλεύειν
3524 1014 3674 1084 αὐτῷ

2108 1091 2211 1143 ὑπὸ
2246 1092 2406 1161 ζυγὸν
2436 1095 2561 1161 ἕνα,
2613 1100 2676 1151 ἐκ
2715 1101 2964 1173 περάτων
2992 1120 3050 1155 τε
3083 1104 3342 1173 ποταμῶν
3389 1105 3673 1170 Αἰθιοπίας

2106 1187 2481 1256 προσοίσουσιν
2516 1191 2664 1261 αὐτῷ
2693 1192 2789 1256 τὰς
2821 1195 3041 1263 λογικὰς
3066 1198 3159 1249 καὶ
3193 1198 3452 1268 ἀναίμους
3480 1197 3672 1262 θυσίας

2104 1274 2329 1345 διὰτῆς
2361 1278 2453 1330 τοῦ
2494 1281 2726 1351 Χριστοῦ
2761 1284 2965 1356 Καινῆς
2999 1286 3268 1358 Διαθήκης
3301 1288 3401 1341 οὑκ
3444 1289 3534 1341 ἐπὶ
3572 1289 3672 1360 τῆς

2104 1365 2253 1419 κάτω
2289 1369 2657 1442 Ἰερουσαλὴμ,
2682 1373 2789 1425 οὐδ’
2820 1377 2875 1427 ἐν
2908 1376 2985 1447 τῷ
3023 1377 3158 1447 πρὸς
3182 1378 3352 1449 ταύτῃ
3376 1379 3669 1452 θυσιαστη-

2107 1456 2222 1528 ρίῳ,
2248 1458 2359 1511 ἀλλ’
2403 1462 2461 1512 ἐν
2488 1465 2597 1525 τοῖς
2630 1463 2975 1536 δηλουμένοις
3010 1469 3209 1540 πέρασι
3244 1471 3344 1540 τῆς
3384 1472 3669 1539 Αἰθιοπίας

2104 1549 2615 1623 ἀνενεχθησομένας.
2636 1556 2773 1608 Εἰδέ
2798 1558 2890 1610 καὶ
2917 1560 3056 1629 μέγα
3081 1561 3133 1613 τί
3149 1562 3284 1625 ἐστι,
3301 1561 3427 1615 λαὸν
3449 1560 3586 1617 εἷναί
3608 1581 3668 1620 τε

2101 1642 2194 1694 καὶ
2216 1645 2574 1714 χρηματίζειν
2604 1648 2759 1711 Θεοῦ,
2785 1653 2876 1703 καὶ
2906 1652 2962 1704 ἓν
2998 1669 3061 1720 γε
3084 1652 3238 1706 τοῦτο
3263 1653 3369 1707 τῶν
3397 1657 3670 1725 μεγίστων

2078 1732 2259 1786 ,θείων
2294 1737 2665 1805 ἐπαγγελλιῶν
2703 1742 2976 1811 τυγχάνει,
3005 1743 3065 1795 τὸ
3097 1745 3187 1797 ὑπ’
3220 1746 3383 1800 αὐτοῦ
3416 1747 3669 1816 λέγεσθαι

2101 1823 2228 1892 περί
2271 1823 2379 1878 τῶν
2423 1826 2585 1889 ἀξίων
2618 1828 2810 1881 αὑτοῦ·
2850 1850 2867 1880 ι
2905 1832 3135 1903 Ἔσομαι
3178 1836 3355 1888 αὐτῶν
3398 1836 3546 1900 Θεὸς,
3573 1839 3670 1892 καὶ

2100 1912 2252 1965 αὐτοὶ
2278 1913 2487 1969 ἔσονται
2514 1917 2640 1981 λαός
2658 1937 2757 1990 μου
2778 1938 2791 1952 -
2819 1942 2836 1973 ι
2867 1923 3186 1994 ἐσεμνύνετό
3213 1943 3271 1979 τε
3296 1927 3422 1998 πρὶν
3443 1928 3669 1993 εἰκότως

2101 2007 2128 2056 ὁ
2167 2006 2381 2078 Ἰσραὴλ
2411 2010 2504 2062 ἐπὶ
2533 2010 2609 2081 τῷ
2646 2012 2721 2075 ὠς
2749 2013 2905 2083 μόνος
2930 2016 3055 2079 λαὸς
3092 2016 3167 2070 ῶν
3201 2019 3295 2073 τοῦ
3327 2019 3460 2072 Θεοῦ
3481 2037 3493 2050 ·
3531 2020 3670 2076 ἀλλὰ

2101 2098 2195 2150 καὶ
2226 2099 2380 2154 τοῦτο
2414 2101 2474 2154 τὸ
2522 2105 2755 2172 ἀγαθὸν,
2802 2109 3142 2181 ἐπιδημήσας
3198 2114 3227 2166 ό
3283 2112 3482 2186 Κύριος
3505 2154 3522 2179 ,
3555 2119 3669 2180 τοῖς

2100 2189 2274 2244 ἔθνεσι
2319 2195 2623 2264 χαριεῖσθαι
2665 2198 3030 2271 ὑπισχνεῖται,
3083 2203 3285 2271 λέγων·
3331 2224 3349 2255 ι
3391 2206 3518 2260 Ἰδοὺ
3555 2205 3670 2276 ἐγὼ

2099 2282 2349 2354 ἔρχομαι,
2376 2286 2469 2340 καὶ
2499 2289 2904 2360 κατασκηνώσω
2932 2296 2989 2346 ἐν
3035 2296 3184 2366 μέσῳ
3219 2314 3310 2349 σου
3332 2314 3345 2327 ·
3375 2300 3469 2351 καὶ
3499 2316 3670 2352 κατα-

2100 2376 2383 2446 φεύξονται
2424 2379 2549 2450 ἔθνη
2590 2381 2760 2436 πολλὰ
2788 2384 2881 2436 ἐπὶ
2923 2386 3011 2438 τὸν
3046 2387 3266 2457 Κύριον,
3313 2390 3406 2442 καὶ
3455 2389 3667 2448 ἔσονται

2099 2464 2245 2535 αύτῷ
2293 2470 2372 2530 εἰς
2412 2468 2557 2523 λαόν.
2591 2492 2609 2521 ι
2663 2474 2796 2541 Περὶ
2843 2467 2917 2527 ὧν
2951 2476 3046 2530 καὶ
3092 2479 3322 2549 ἁρμόσει
3370 2479 3663 2548 λέγεσθαι·

2104 2574 2121 2606 ι
2151 2558 2261 2611 Καὶ
2298 2560 2407 2630 ἐρῶ
2462 2561 2539 2632 τῷ
2584 2564 2644 2615 οὐ
2677 2564 2790 2636 λαῷ
2834 2584 2932 2636 μου
2958 2585 2971 2598 σ
3026 2570 3166 2632 Λαός
3219 2588 3320 2642 μου
3349 2568 3397 2625 εἰ
3434 2572 3531 2626 σύ·
3568 2574 3664 2631 καὶ

2097 2652 2257 2714 αὐτὸς
2292 2654 2434 2724 ἐρεῖ·
2471 2656 2671 2727 Κύριος
2701 2661 2730 2711 ὁ
2759 2658 2891 2724 Θεός
2926 2679 3026 2731 μου
3052 2658 3101 2715 εἷ
3143 2663 3229 2716 σύ.
3270 2683 3288 2715 ι
3326 2666 3388 2718 Εἰ
3412 2666 3469 2719 δὲ
3502 2666 3665 2733 αὐτός

2097 2744 2211 2796 ἐστι
2245 2745 2335 2796 καὶ
2364 2746 2472 2798 οὐδ’
2496 2748 2570 2819 (1)
2597 2748 2754 2812 ἄλλος
2789 2751 2817 2802 ὁ
2842 2752 3095 2821 Χριστὸς,
3123 2756 3151 2807 ὁ
3180 2756 3242 2807 ἐκ
3270 2755 3424 2826 ῥίζης
3468 2757 3664 2811 Ἰεσσαὶ

2098 2832 2414 2906 βλαστήσειν
2446 2842 2938 2912 προφητευόμενος,
2966 2844 3060 2897 καὶ
3094 2845 3250 2898 τοῦτό
3279 2864 3340 2915 γε
3372 2848 3465 2900 καί
3484 2849 3664 2912 αὐτοῖς

2107 2925 2375 2997 Ἑϐραίοις
2412 2932 2855 3004 ἀνωμολόγηται,
2890 2936 2965 3000 ὼς
3005 2938 3207 3008 μηδένα
3242 2939 3502 3011 μηδαμῶς
3535 2942 3661 3014 περί

2094 3016 2279 3070 τούτου
2302 3035 2363 3086 γε
2396 3021 2789 3095 ἀμφισϐητεῖν
2821 3028 2922 3097 ὅρα
2960 3029 3107 3093 ὅπως
3130 3031 3221 3082 καὶ
3249 3027 3401 3095 οὗτος
3432 3033 3664 3105 ἀναστή-

2095 3108 2278 3163 σεσθαι
2302 3113 2394 3166 ἐπὶ
2419 3115 2478 3167 τὸ
2511 3117 2697 3189 ἄρχειν
2726 3120 2787 3172 οὐ
2810 3119 2904 3172 τοῦ
2939 3120 3174 3193 Ἰσραὴλ,
3200 3122 3334 3176 ἀλλὰ
3363 3123 3469 3177 τῶν
3492 3123 3662 3179 ἐθνῶν

2015 3218 2057 3272 c
2090 3202 2533 3277 ἀναπεφώνηται,
2562 3211 2630 3263 τά
2656 3228 2715 3262 τε
2741 3211 2867 3282 ἔθνη
2900 3212 3139 3265 ἐλπίσειν
3183 3214 3267 3267 ἐπ’
3311 3215 3458 3286 αὐτῷ
3478 3255 3491 3281 ,
3527 3217 3661 3272 ἀλλά

2088 3296 2185 3366 οὐχ
2212 3297 2239 3349 ὃ
2284 3315 2347 3365 γε
2398 3299 2614 3371 Ἰσραὴλ
2651 3300 2932 3367 λέλεκται,
2968 3304 3261 3375 ἐπειδήπερ
3311 3306 3473 3370 αὐτὸς
3513 3302 3580 3377 ῆν
3625 3309 3659 3379 ὴ

2090 3386 2378 3455 προσδοκία
2422 3388 2527 3442 τῶν
2570 3390 2769 3443 ἐθνῶν·
2809 3391 2890 3445 διὸ
2928 3394 3020 3445 καὶ
3065 3393 3243 3465 κρίσιν
3286 3397 3396 3458 τοῖς
3454 3394 3661 3452 ἔθνεσιν

2088 3476 2314 3541 ἐξοίσειν
2341 3479 2576 3549 λέγεται,
2606 3483 2698 3537 καὶ
2733 3485 2809 3547 εἰς
2848 3484 2963 3554 φῶς
2985 3483 3152 3537 ἐθνῶν
3178 3485 3528 3557 γενήσεσθαν
3565 3488 3661 3543 καὶ

2088 3571 2280 3625 πάλιν·
2322 3594 2340 3624 ι
2378 3575 2499 3628 Ἐπὶ
2554 3576 2631 3647 τῷ
2678 3578 2897 3648 ὀνόματι
2945 3578 3107 3632 αὑτοῦ
3154 3579 3278 3651 ἔθνη
3328 3580 3603 3649 ἐλπιοῦσι,
3633 3603 3654 3638 ι

2088 3665 2183 3718 καὶ
2224 3667 2304 3729 εἰς
2358 3669 2628 3739 σωτηρίαν
2671 3671 2988 3741 δοθήσεσθαι
3037 3673 3098 3724 ού
3150 3672 3328 3743 μόνοις
3361 3674 3660 3742 Ἰουδαίοις,

2087 3755 2225 3809 ἀλλὰ
2275 3758 2369 3809 καὶ
2410 3759 2573 3811 πᾶσιν
2627 3758 2929 3829 ἀνθρώποις
2974 3763 3086 3824 τοῖς
3133 3760 3236 3824 ἐως
3287 3762 3513 3833 ἐσχάτου
3556 3762 3660 3834 τῆς

2088 3847 2222 3916 γῆς·
2254 3847 2334 3900 διὸ
2370 3848 2464 3902 καὶ
2497 3850 2707 3920 εἴρηται
2752 3849 2899 3920 αὐτῷ
2933 3850 3039 3903 ὑπὸ
3069 3849 3168 3903 τοῦ
3204 3852 3659 3922 καταπέμψαντος

2087 3939 2248 3992 αὐτὸν
2277 3940 2522 4011 Πατρός
2576 3962 2593 3991 ι
2628 3941 2844 3994 Ἔδωκὰ
2902 3958 2960 3994 σε
3016 3943 3098 4005 εἰς
3140 3942 3401 4014 διαθήκην
3445 3944 3656 4012 γένους,

2088 4034 2167 4094 είς
2199 4032 2313 4101 φῶς
2355 4031 2545 4095 ἐθνῶν,
2584 4032 2677 4085 τοῦ
2711 4034 3049 4103 καταστῆσαι
3082 4034 3179 4105 τὴν
3225 4035 3350 4104 γῆν,
3385 4036 3478 4089 καὶ
3524 4036 3659 4108 κλη-

2090 4121 2383 4191 ρονομῆσαι
2416 4120 2778 4193 κληρονομίας
2803 4124 3062 4194 ἐρήμους.
3083 4143 3101 4175 ι
3127 4124 3434 4196 Μαρτύριον
3466 4125 3523 4178 δέ
3546 4128 3659 4191 τοῖς

2086 4211 2263 4264 ἔθνεσί
2301 4229 2484 4283 φησιν,
2520 4213 2658 4267 ὥστε
2695 4214 2871 4269 πάντα
2917 4215 2986 4269 τὰ
3028 4215 3155 4286 ἔθνη
3186 4217 3253 4269 τὰ
3286 4218 3554 4288 μηδέποτέ
3602 4236 3658 4275 τι

2086 4304 2215 4376 περὶ
2245 4303 2478 4376 Χριστοῦ
2512 4306 2867 4377 μεμαθηκότα
2886 4348 2902 4372 ,
2966 4308 3160 4376 γνόντα
3192 4309 3289 4379 τὴν
3335 4309 3463 4381 περὶ
3489 4308 3655 4364 αὑτοῦ

2086 4396 2414 4467 οἰκονομίαν,
2440 4398 2533 4451 καὶ
2564 4399 2649 4461 τίς
2683 4394 2750 4469 ἦν
2779 4400 2837 4452 ἐν
2871 4399 3017 4469 αὐτῷ
3048 4400 3296 4471 δύναμις,
3327 4401 3657 4455 ἐπικαλέσα-

2091 4486 2212 4540 σθαι
2252 4486 2442 4549 αύτὸν,
2490 4487 2584 4538 καὶ
2626 4487 2753 4550 τοὺς
2787 4487 2861 4558 μὴ
2918 4487 3083 4541 πάλαι
3135 4487 3398 4560 πρότερον
3451 4487 3658 4551 εἰδότας

418 4575 679 4629 reditates
709 4572 1031 4626 desertas“.
1068 4570 1491 4627 i'l'estimonium
1516 4585 1696 4631 autem
1729 4579 1984 4647 gentibus

2093 4579 2253 4631 αὑτὸν
2278 4578 2437 4642 λαοὺς
2470 4581 2556 4631 ἐπ’
2590 4580 2748 4632 αὑτὸν
2777 4579 3236 4649 καταφεύξασθαι.
3260 4558 3369 4633 Καὶ
3400 4580 3452 4632 τί
3483 4596 3549 4650 με
3576 4578 3659 4633 δεῖ

418 4662 570 4726 dicit,
610 4679 671 4718 ea
708 4661 773 4717 de
811 4677 997 4727 causa,
1046 4670 1105 4714 ut
1152 4678 1342 4717 omnes
1393 4673 1582 4734 gentes
1628 4684 1984 4739 quaecumque

417 4754 485 4809 de
505 4754 726 4810 Christo
752 4752 888 4808 nihil
922 4768 1159 4821 unquam
1200 4753 1511 4816 didicerint,
1539 4756 1629 4810 ubi
1653 4758 1861 4813 ordinis
1895 4776 1985 4813 ra-

415 4843 641 4907 tionem,
677 4858 798 4914 quae
824 4841 890 4895 ad
923 4842 1073 4894 illum
1110 4842 1343 4912 pertinet
1370 4848 1688 4913 agnoverint
1715 4867 1727 4901 :
1758 4857 1811 4904 et
1839 4865 1981 4920 qua:-

417 4948 541 4987 nam
572 4932 628 4986 in
662 4948 727 4986 eo
753 4933 824 4987 sit
856 4932 1049 4995 virtus,
1084 4932 1416 4987 invocatum
1471 4936 1580 4990 sint
1613 4953 1736 4992 eum
1766 4959 1778 4992 :
1809 4949 1865 4995 et
1890 4944 1982 5011 qui

418 5029 575 5075 antea
600 5022 747 5075 illum
780 5023 965 5092 populi
996 5037 1271 5091 nunquam
1300 5022 1550 5089 viderint,
1579 5026 1645 5080 ad
1672 5028 1824 5083 illum
1853 5046 1985 5086 con-

419 5111 664 5181 fugituri.
696 5115 992 5174 Caeterum,
1033 5113 1161 5182 quid
1194 5116 1444 5187 pluribus
1482 5132 1623 5187 opus
1644 5128 1730 5175 est
1755 5120 1985 5179 verbis?

417 5218 542 5257 cum
586 5218 651 5255 ex
682 5202 814 5271 ipsis
848 5204 1183 5273 propheticis
1225 5207 1450 5263 vocibus
1500 5210 1678 5277 liceat,
1706 5219 1821 5267 tum
1844 5232 1983 5285 quas

422 5293 604 5365 posui,
639 5300 751 5346 tum
776 5309 914 5363 quas
946 5296 1069 5363 plus
1110 5298 1208 5351 otii
1235 5308 1428 5355 nactus
1450 5317 1740 5381 exponam,
1776 5322 1897 5376 qua:
1928 5310 1982 5362 in

422 5382 622 5437 divinis
651 5382 805 5437 libris
823 5382 1094 5452 feruntur,
1126 5389 1171 5442 si
1206 5390 1292 5443 cui
1325 5392 1484 5445 modo
1512 5393 1719 5461 placeat
1762 5399 1981 5469 coliige-

416 5492 477 5530 re
514 5474 658 5528 dicta
697 5475 1109 5545 prephetarunz,
1142 5478 1299 5535 facile
1345 5483 1435 5546 iis,
1462 5484 1555 5553 qui
1595 5500 1658 5539 ex
1689 5488 1982 5544 circumci-

416 5569 572 5624 sione
601 5576 731 5621 sunt
784 5567 1062 5623 silentium
1118 5570 1413 5639 imponere,
1451 5574 1722 5646 siquando
1769 5580 1979 5647 jactent

2093 4671 2351 4742 μηκύνειν
2389 4672 2477 4724 τὸν
2519 4671 2709 4740 λόγον,
2743 4672 2915 4744 παρὸν
2955 4672 3013 4735 ἐξ
3046 4672 3222 4726 αὐτῶν
3252 4672 3359 4725 τῶν
3394 4689 3661 4744 προφητι-

2089 4761 2200 4817 κῶν
2223 4762 2438 4827 λέξεων,
2473 4756 2549 4816 ὧν
2580 4782 2638 4816 τε
2670 4763 3086 4835 παρατέθειμαι,
3112 4764 3207 4817 καὶ
3233 4757 3307 4815 ὧν
3339 4764 3431 4817 ἐπί
3462 4761 3658 4835 σχολῆς

2091 4853 2482 4925 μνημονεύσω,
2530 4857 2587 4906 ἐν
2636 4858 2755 4918 ταῖς
2801 4854 2973 4917 θείαις
3029 4854 3340 4925 φερομένων
3382 4854 3423 4905 Γ
3427 4855 3656 4923 ραιραῖς,

2086 4948 2193 5018 ὅτῳ
2226 4948 2376 5017 φίλον
2408 4946 2766 5012 ἀναλέξασθαι
2797 4948 2893 5012 τὰς
2937 4946 3281 5018 προφητικὰς
3318 4945 3522 5014 φωνὰς,
3550 4943 3658 5000 αὖ-

2084 5034 2238 5088 τόθεν
2270 5036 2653 5103 κατασιγάζειν
2688 5037 2811 5099 τοὺς
2863 5038 2928 5089 ἐκ
2971 5036 3302 5109 περιτομῆς,
3350 5035 3655 5104 φάσκοντας

2088 5126 2269 5197 μόνοις
2298 5127 2479 5190 αὐτοῖς
2520 5128 2618 5191 τὰς
2652 5128 2981 5195 ἐπαγγελίας
3018 5127 3111 5181 τοῦ
3140 5127 3273 5180 Θεοῦ
3297 5127 3653 5198 δεδωρῆσθαι,

2085 5218 2230 5287 ἡμᾶς
2250 5216 2326 5281 δὲ,
2353 5219 2478 5281 τοὺς
2499 5217 2605 5270 ἀπὸ
2623 5218 2729 5270 τῶν
2750 5218 2939 5281 ἐθνῶν,
2967 5218 3248 5289 περιττοὺς
3265 5212 3422 5280 εἶναι,
3439 5218 3534 5272 καὶ
3544 5218 3655 5273 τῶν

2086 5306 2245 5360 θείων
2279 5308 2620 5378 ὑποσχέσεων
2668 5307 2979 5378 ἀλλοτρίους
3001 5326 3015 5373 ;
3037 5306 3311 5361 Δέδεικται
3347 5308 3455 5378 γὰρ
3480 5308 3659 5379 ἐμπα-

2083 5398 2187 5461 λιν,
2217 5400 2291 5462 ὡς
2321 5400 2641 5452 τεθέσπιστο
2669 5398 2739 5450 τὰ
2769 5399 2864 5468 μὲν
2909 5398 3035 5469 ἔθνη
3080 5397 3254 5450 πάντα
3283 5399 3381 5468 τῆς
3419 5397 3657 5469 Χριστοῦ

2084 5490 2384 5562 παρουσίας
2415 5490 2762 5556 ἀπολαύσειν,
2794 5492 2860 5544 τὰ
2884 5489 2926 5542 δ’
2961 5488 3226 5543 Ἰουδαίων
3244 5488 3418 5559 πλήθη
3451 5490 3659 5542 ἀποπεσ-

2085 5585 2292 5638 σεῖσθαι
2317 5584 2415 5654 τῆς
2449 5583 2583 5654 πρὸς
2609 5584 2733 5646 τοὺς
2768 5582 2945 5636 αὐτῶν
2978 5582 3275 5652 προγόνους
3306 5580 3656 5649 ἐπαγγελίας,

442 5686 445 5689 ’
501 5682 707 5740 “Psal.
741 5697 908 5746 xcvn,
941 5684 995 5736 2.
1042 5686 1081 5715 ”
1108 5685 1279 5743 Levit.
1324 5707 1473 5751 xxvu.
1503 5692 1601 5761 19.;
1647 5694 1685 5748 ll
1717 5696 1841 5754 Cor.
1870 5714 1946 5764 vt,
1976 5700 2028 5755 6.
2078 5701 2119 5732 ¹²
2158 5701 2384 5756 Zachar.
2422 5716 2479 5767 ιι,
2508 5701 2693 5765 t0,ll.
2738 5699 3101 5767 “Ose.n,“24.
3143 5702 3185 5733 η
3214 5698 3486 5763 lsa.xux,
3509 5696 3567 5762 6,
3593 5698 3654 5755 ε.

492 5798 569 5870 (l)
607 5794 766 5855 οιδκ
796 5800 959 5857 Forte
986 5803 1103 5857 οὐκ.
1138 5799 1296 5862 Enn.
1335 5805 1506 5861 Pnn.
