  <div class='ocr_page' id='page_1' title='image "/cluster/home/n/w/nwhite01/storage/ocr_20150623/22/hvd.32044073501140/070.png"; bbox 0 0 4056 6418; ppageno 0'>
   <div class='ocr_carea' id='block_1_1' title="bbox 225 373 320 434">
    <p class='ocr_par' dir='ltr' id='par_1_1' title="bbox 225 373 320 434">
     <span class='ocr_line' id='line_1_1' title="bbox 225 373 320 434; baseline -0.042 0"><span class='ocrx_word' id='word_1_1' title='bbox 225 373 320 434; x_wconf 66' lang='lat'><strong>{25</strong></span> 
     </span>
    </p>
   </div>
   <div class='ocr_carea' id='block_1_2' title="bbox 1090 344 2497 414">
    <p class='ocr_par' dir='ltr' id='par_1_2' title="bbox 1090 344 2497 414">
     <span class='ocr_line' id='line_1_2' title="bbox 1090 344 2497 414; baseline -0.011 0"><span class='ocrx_word' id='word_1_2' title='bbox 1090 352 1742 414; x_wconf 72' lang='lat' dir='ltr'><strong>DEMONSTBATIONIS</strong></span> <span class='ocrx_word' id='word_1_3' title='bbox 1775 345 2230 407; x_wconf 69' lang='lat' dir='ltr'><strong>EVANGELICAZ</strong></span> <span class='ocrx_word' id='word_1_4' title='bbox 2266 344 2394 400; x_wconf 85' lang='lat' dir='ltr'><strong>LIB.</strong></span> <span class='ocrx_word' id='word_1_5' title='bbox 2436 344 2497 399; x_wconf 93' lang='lat' dir='ltr'><strong>II.</strong></span> 
     </span>
    </p>
   </div>
   <div class='ocr_carea' id='block_1_3' title="bbox 3318 337 3423 393">
    <p class='ocr_par' dir='ltr' id='par_1_3' title="bbox 3318 337 3423 393">
     <span class='ocr_line' id='line_1_3' title="bbox 3318 337 3423 393; baseline 0 0"><span class='ocrx_word' id='word_1_6' title='bbox 3318 337 3423 393; x_wconf 69' lang='grc'><strong>156</strong></span> 
     </span>
    </p>
   </div>
   <div class='ocr_carea' id='block_1_4' title="bbox 222 454 1779 561">
    <p class='ocr_par' dir='ltr' id='par_1_4' title="bbox 222 476 1758 561">
     <span class='ocr_line' id='line_1_4' title="bbox 222 476 1758 561; baseline -0.012 -14"><span class='ocrx_word' id='word_1_7' title='bbox 222 495 303 550; x_wconf 65' lang='grc' dir='ltr'><strong>διὰ</strong></span> <span class='ocrx_word' id='word_1_8' title='bbox 339 489 425 561; x_wconf 74' lang='grc' dir='ltr'>τὴν</span> <span class='ocrx_word' id='word_1_9' title='bbox 475 488 550 551; x_wconf 83' lang='grc' dir='ltr'><strong>είς</strong></span> <span class='ocrx_word' id='word_1_10' title='bbox 593 483 821 557; x_wconf 82' lang='grc' dir='ltr'>Χριστὸν</span> <span class='ocrx_word' id='word_1_11' title='bbox 872 482 1045 537; x_wconf 79' lang='grc' dir='ltr'>αὐτῶν</span> <span class='ocrx_word' id='word_1_12' title='bbox 1078 482 1370 544; x_wconf 81' lang='grc' dir='ltr'><strong>ἀπιστίαν,</strong></span> <span class='ocrx_word' id='word_1_13' title='bbox 1422 478 1659 533; x_wconf 78' lang='grc' dir='ltr'>σπανίων</span> <span class='ocrx_word' id='word_1_14' title='bbox 1700 476 1758 542; x_wconf 81' lang='grc' dir='ltr'>ἐξ</span> 
     </span>
    </p>
   </div>
   <div class='ocr_carea' id='block_1_5' title="bbox 1880 454 3420 561">
    <p class='ocr_par' dir='ltr' id='par_1_5' title="bbox 1880 454 3420 528">
     <span class='ocr_line' id='line_1_5' title="bbox 1880 454 3420 528; baseline -0.012 0"><span class='ocrx_word' id='word_1_15' title='bbox 1880 473 2130 528; x_wconf 76' lang='lat' dir='ltr'><strong>immissa</strong></span> <span class='ocrx_word' id='word_1_16' title='bbox 2151 468 2334 524; x_wconf 87' lang='lat' dir='ltr'><strong>divina</strong></span> <span class='ocrx_word' id='word_1_17' title='bbox 2364 466 2468 521; x_wconf 84' lang='lat' dir='ltr'><strong>sibi</strong></span> <span class='ocrx_word' id='word_1_18' title='bbox 2513 464 2647 521; x_wconf 85' lang='lat' dir='ltr'><strong>solis</strong></span> <span class='ocrx_word' id='word_1_19' title='bbox 2676 461 2912 517; x_wconf 77' lang='lat' dir='ltr'><strong>exhibita</strong></span> <span class='ocrx_word' id='word_1_20' title='bbox 2939 474 3081 526; x_wconf 90' lang='lat' dir='ltr'><strong>esse,</strong></span> <span class='ocrx_word' id='word_1_21' title='bbox 3114 467 3168 514; x_wconf 88' lang='lat' dir='ltr'><strong>et</strong></span> <span class='ocrx_word' id='word_1_22' title='bbox 3192 472 3294 514; x_wconf 89' lang='lat' dir='ltr'><strong>nos</strong></span> <span class='ocrx_word' id='word_1_23' title='bbox 3325 454 3420 527; x_wconf 83' lang='lat' dir='ltr'><strong>qui</strong></span> 
     </span>
    </p>
   </div>
   <div class='ocr_carea' id='block_1_6' title="bbox 226 549 1779 648">
    <p class='ocr_par' dir='ltr' id='par_1_6' title="bbox 226 568 1751 648">
     <span class='ocr_line' id='line_1_6' title="bbox 226 568 1751 648; baseline -0.012 -9"><span class='ocrx_word' id='word_1_24' title='bbox 226 584 384 640; x_wconf 74' lang='grc' dir='ltr'>αὐτῶν</span> <span class='ocrx_word' id='word_1_25' title='bbox 412 582 485 643; x_wconf 86' lang='grc' dir='ltr'><strong>είς</strong></span> <span class='ocrx_word' id='word_1_26' title='bbox 510 579 597 633; x_wconf 85' lang='grc' dir='ltr'><strong>τὸν</strong></span> <span class='ocrx_word' id='word_1_27' title='bbox 624 577 850 648; x_wconf 80' lang='grc' dir='ltr'>Σωτῆρα</span> <span class='ocrx_word' id='word_1_28' title='bbox 878 577 971 630; x_wconf 73' lang='grc' dir='ltr'>καὶ</span> <span class='ocrx_word' id='word_1_29' title='bbox 1011 574 1212 647; x_wconf 81' lang='grc' dir='ltr'>Κύριον</span> <span class='ocrx_word' id='word_1_30' title='bbox 1244 570 1401 644; x_wconf 81' lang='grc' dir='ltr'>ἡμῶν</span> <span class='ocrx_word' id='word_1_31' title='bbox 1431 568 1751 623; x_wconf 79' lang='grc' dir='ltr'>πιστευσάν-</span> 
     </span>
    </p>
   </div>
   <div class='ocr_carea' id='block_1_7' title="bbox 1880 549 3420 648">
    <p class='ocr_par' dir='ltr' id='par_1_7' title="bbox 1880 549 3420 634">
     <span class='ocr_line' id='line_1_7' title="bbox 1880 549 3420 634; baseline -0.01 -14"><span class='ocrx_word' id='word_1_32' title='bbox 1880 566 1918 620; x_wconf 88' lang='lat' dir='ltr'><strong>le</strong></span> <span class='ocrx_word' id='word_1_33' title='bbox 1960 563 2212 634; x_wconf 75' lang='lat' dir='ltr'><strong>gentibus</strong></span> <span class='ocrx_word' id='word_1_34' title='bbox 2269 558 2624 620; x_wconf 84' lang='lat' dir='ltr'><strong>assumimur,</strong></span> <span class='ocrx_word' id='word_1_35' title='bbox 2656 568 3089 623; x_wconf 88' lang='lat' dir='ltr'><strong>supervacaneos</strong></span> <span class='ocrx_word' id='word_1_36' title='bbox 3138 549 3420 612; x_wconf 80' lang='lat' dir='ltr'><strong>accedere,</strong></span> 
     </span>
    </p>
   </div>
   <div class='ocr_carea' id='block_1_8' title="bbox 229 660 1752 741">
    <p class='ocr_par' dir='ltr' id='par_1_8' title="bbox 229 660 1752 741">
     <span class='ocr_line' id='line_1_8' title="bbox 229 660 1752 741; baseline -0.011 -13"><span class='ocrx_word' id='word_1_37' title='bbox 229 694 336 741; x_wconf 78' lang='grc' dir='ltr'>των,</span> <span class='ocrx_word' id='word_1_38' title='bbox 370 674 454 726; x_wconf 80' lang='grc' dir='ltr'><strong>καὶ</strong></span> <span class='ocrx_word' id='word_1_39' title='bbox 482 671 565 723; x_wconf 75' lang='grc' dir='ltr'><strong>διὰ</strong></span> <span class='ocrx_word' id='word_1_40' title='bbox 606 669 755 723; x_wconf 79' lang='grc' dir='ltr'>τοῦτο</span> <span class='ocrx_word' id='word_1_41' title='bbox 784 670 881 739; x_wconf 79' lang='grc' dir='ltr'><strong>τῆς</strong></span> <span class='ocrx_word' id='word_1_42' title='bbox 924 664 1334 736; x_wconf 75' lang='grc' dir='ltr'><strong>ἐπηγγελμένης</strong></span> <span class='ocrx_word' id='word_1_43' title='bbox 1379 660 1752 732; x_wconf 77' lang='grc' dir='ltr'><strong>πνευματικῆς</strong></span> 
     </span>
    </p>
   </div>
   <div class='ocr_carea' id='block_1_9' title="bbox 231 748 1753 837">
    <p class='ocr_par' dir='ltr' id='par_1_9' title="bbox 231 748 1753 837">
     <span class='ocr_line' id='line_1_9' title="bbox 231 748 1753 837; baseline -0.011 -17"><span class='ocrx_word' id='word_1_44' title='bbox 231 763 615 837; x_wconf 79' lang='grc' dir='ltr'>ἀπολυτρώσεως</span> <span class='ocrx_word' id='word_1_45' title='bbox 642 763 706 815; x_wconf 84' lang='grc' dir='ltr'>δι’</span> <span class='ocrx_word' id='word_1_46' title='bbox 736 761 899 815; x_wconf 75' lang='grc' dir='ltr'>αὑτοῦ</span> <span class='ocrx_word' id='word_1_47' title='bbox 932 759 1266 830; x_wconf 78' lang='grc' dir='ltr'>τευξομένων</span> <span class='ocrx_word' id='word_1_48' title='bbox 1288 774 1301 786; x_wconf 91' lang='grc'><strong>·</strong></span> <span class='ocrx_word' id='word_1_49' title='bbox 1344 758 1472 828; x_wconf 75' lang='grc' dir='ltr'>περὶ</span> <span class='ocrx_word' id='word_1_50' title='bbox 1501 748 1574 807; x_wconf 80' lang='grc' dir='ltr'>ὧν</span> <span class='ocrx_word' id='word_1_51' title='bbox 1604 754 1695 807; x_wconf 77' lang='grc' dir='ltr'><strong>καὶ</strong></span> <span class='ocrx_word' id='word_1_52' title='bbox 1725 755 1753 805; x_wconf 91' lang='grc' dir='ltr'><strong>ό</strong></span> 
     </span>
    </p>
   </div>
   <div class='ocr_carea' id='block_1_10' title="bbox 232 844 1755 927">
    <p class='ocr_par' dir='ltr' id='par_1_10' title="bbox 232 844 1755 927">
     <span class='ocr_line' id='line_1_10' title="bbox 232 844 1755 927; baseline -0.011 -17"><span class='ocrx_word' id='word_1_53' title='bbox 232 856 492 927; x_wconf 70' lang='grc' dir='ltr'><strong>θαυμάσιος</strong></span> <span class='ocrx_word' id='word_1_54' title='bbox 522 852 834 915; x_wconf 84' lang='grc' dir='ltr'>Ἀπόστολος</span> <span class='ocrx_word' id='word_1_55' title='bbox 847 851 1221 915; x_wconf 79' lang='grc' dir='ltr'>διδάσκειπου,</span> <span class='ocrx_word' id='word_1_56' title='bbox 1252 848 1424 916; x_wconf 83' lang='grc' dir='ltr'>λέγων</span> <span class='ocrx_word' id='word_1_57' title='bbox 1442 864 1455 875; x_wconf 90' lang='grc'><strong>·</strong></span> <span class='ocrx_word' id='word_1_58' title='bbox 1487 865 1504 896; x_wconf 83' lang='grc' dir='ltr'><strong>ι</strong></span> <span class='ocrx_word' id='word_1_59' title='bbox 1528 844 1755 905; x_wconf 79' lang='grc' dir='ltr'>Ἡσαΐας</span> 
     </span>
    </p>
   </div>
   <div class='ocr_carea' id='block_1_11' title="bbox 229 934 1755 1019">
    <p class='ocr_par' dir='ltr' id='par_1_11' title="bbox 229 934 1755 1019">
     <span class='ocr_line' id='line_1_11' title="bbox 229 934 1755 1019; baseline -0.009 -17"><span class='ocrx_word' id='word_1_60' title='bbox 229 950 277 1002; x_wconf 75' lang='grc' dir='ltr'>δὲ</span> <span class='ocrx_word' id='word_1_61' title='bbox 304 947 573 1019; x_wconf 80' lang='grc' dir='ltr'>κραυγάζει</span> <span class='ocrx_word' id='word_1_62' title='bbox 623 945 760 1016; x_wconf 80' lang='grc' dir='ltr'>ὑπὲρ</span> <span class='ocrx_word' id='word_1_63' title='bbox 796 944 889 996; x_wconf 79' lang='grc' dir='ltr'>τοῦ</span> <span class='ocrx_word' id='word_1_64' title='bbox 934 942 1182 1015; x_wconf 77' lang='grc' dir='ltr'>Ἰσραήλ·</span> <span class='ocrx_word' id='word_1_65' title='bbox 1230 940 1355 993; x_wconf 80' lang='grc' dir='ltr'><strong>Ἐὰν</strong></span> <span class='ocrx_word' id='word_1_66' title='bbox 1463 939 1491 990; x_wconf 81' lang='grc' dir='ltr'>ὁ</span> <span class='ocrx_word' id='word_1_67' title='bbox 1524 935 1755 1010; x_wconf 80' lang='grc' dir='ltr'>ἀριθμὸς</span> 
     </span>
    </p>
   </div>
   <div class='ocr_carea' id='block_1_12' title="bbox 231 1028 1759 1107">
    <p class='ocr_par' dir='ltr' id='par_1_12' title="bbox 231 1028 1759 1107">
     <span class='ocr_line' id='line_1_12' title="bbox 231 1028 1759 1107; baseline -0.009 -14"><span class='ocrx_word' id='word_1_68' title='bbox 231 1041 321 1094; x_wconf 74' lang='grc' dir='ltr'><strong>τῶν</strong></span> <span class='ocrx_word' id='word_1_69' title='bbox 368 1038 488 1091; x_wconf 79' lang='grc' dir='ltr'>υἱῶν</span> <span class='ocrx_word' id='word_1_70' title='bbox 536 1037 749 1107; x_wconf 72' lang='grc' dir='ltr'>Ἰσραὴλ</span> <span class='ocrx_word' id='word_1_71' title='bbox 790 1036 864 1099; x_wconf 83' lang='grc' dir='ltr'><strong>ὡς</strong></span> <span class='ocrx_word' id='word_1_72' title='bbox 919 1037 952 1107; x_wconf 77' lang='grc' dir='ltr'>ἡ</span> <span class='ocrx_word' id='word_1_73' title='bbox 996 1035 1177 1105; x_wconf 86' lang='grc' dir='ltr'>ἄμμος</span> <span class='ocrx_word' id='word_1_74' title='bbox 1222 1034 1318 1103; x_wconf 82' lang='grc' dir='ltr'><strong>τῆς</strong></span> <span class='ocrx_word' id='word_1_75' title='bbox 1355 1031 1648 1099; x_wconf 72' lang='grc' dir='ltr'><strong>θαλάσσης,</strong></span> <span class='ocrx_word' id='word_1_76' title='bbox 1697 1028 1759 1081; x_wconf 83' lang='grc' dir='ltr'>τὸ</span> 
     </span>
    </p>
   </div>
   <div class='ocr_carea' id='block_1_13' title="bbox 233 1123 1749 1202">
    <p class='ocr_par' dir='ltr' id='par_1_13' title="bbox 233 1123 1749 1202">
     <span class='ocr_line' id='line_1_13' title="bbox 233 1123 1749 1202; baseline -0.01 -14"><span class='ocrx_word' id='word_1_77' title='bbox 233 1134 504 1202; x_wconf 73' lang='grc' dir='ltr'><strong>ὑπόλειμμα</strong></span> <span class='ocrx_word' id='word_1_78' title='bbox 535 1130 833 1201; x_wconf 81' lang='grc' dir='ltr'>σωθήσεται</span> <span class='ocrx_word' id='word_1_79' title='bbox 854 1146 867 1159; x_wconf 87' lang='grc'><strong>·</strong></span> <span class='ocrx_word' id='word_1_80' title='bbox 898 1127 1052 1195; x_wconf 87' lang='grc' dir='ltr'>λόγον</span> <span class='ocrx_word' id='word_1_81' title='bbox 1082 1126 1190 1198; x_wconf 77' lang='grc' dir='ltr'>γὰρ</span> <span class='ocrx_word' id='word_1_82' title='bbox 1221 1123 1484 1177; x_wconf 80' lang='grc' dir='ltr'>συντελῶν</span> <span class='ocrx_word' id='word_1_83' title='bbox 1513 1123 1606 1175; x_wconf 73' lang='grc' dir='ltr'>καὶ</span> <span class='ocrx_word' id='word_1_84' title='bbox 1632 1137 1749 1174; x_wconf 88' lang='grc' dir='ltr'>συν-</span> 
     </span>
    </p>
   </div>
   <div class='ocr_carea' id='block_1_14' title="bbox 230 1213 1760 1298">
    <p class='ocr_par' dir='ltr' id='par_1_14' title="bbox 230 1213 1760 1298">
     <span class='ocr_line' id='line_1_14' title="bbox 230 1213 1760 1298; baseline -0.01 -19"><span class='ocrx_word' id='word_1_85' title='bbox 230 1228 411 1298; x_wconf 82' lang='grc' dir='ltr'>τέμνων</span> <span class='ocrx_word' id='word_1_86' title='bbox 464 1226 521 1276; x_wconf 85' lang='grc' dir='ltr'><strong>ὲν</strong></span> <span class='ocrx_word' id='word_1_87' title='bbox 580 1222 922 1294; x_wconf 75' lang='grc' dir='ltr'>δικαιοσύνῃ·</span> <span class='ocrx_word' id='word_1_88' title='bbox 963 1221 1047 1273; x_wconf 81' lang='grc' dir='ltr'>ὅτι</span> <span class='ocrx_word' id='word_1_89' title='bbox 1106 1218 1262 1286; x_wconf 79' lang='grc' dir='ltr'>λόγον</span> <span class='ocrx_word' id='word_1_90' title='bbox 1331 1213 1760 1285; x_wconf 79' lang='grc' dir='ltr'>συντετμημένον</span> 
     </span>
    </p>
   </div>
   <div class='ocr_carea' id='block_1_15' title="bbox 230 1307 1762 1389">
    <p class='ocr_par' dir='ltr' id='par_1_15' title="bbox 230 1307 1762 1389">
     <span class='ocr_line' id='line_1_15' title="bbox 230 1307 1762 1389; baseline -0.011 -17"><span class='ocrx_word' id='word_1_91' title='bbox 230 1323 412 1389; x_wconf 77' lang='grc' dir='ltr'>ποιήσει</span> <span class='ocrx_word' id='word_1_92' title='bbox 450 1314 649 1388; x_wconf 77' lang='grc' dir='ltr'>Κύριος</span> <span class='ocrx_word' id='word_1_93' title='bbox 695 1314 786 1367; x_wconf 75' lang='grc' dir='ltr'><strong>ἐπὶ</strong></span> <span class='ocrx_word' id='word_1_94' title='bbox 830 1314 927 1384; x_wconf 80' lang='grc' dir='ltr'><strong>τῆς</strong></span> <span class='ocrx_word' id='word_1_95' title='bbox 971 1313 1094 1382; x_wconf 77' lang='grc' dir='ltr'>γῆς.</span> <span class='ocrx_word' id='word_1_96' title='bbox 1135 1310 1245 1363; x_wconf 72' lang='grc' dir='ltr'>Καὶ</span> <span class='ocrx_word' id='word_1_97' title='bbox 1288 1307 1469 1371; x_wconf 83' lang='grc' dir='ltr'>καθὼς</span> <span class='ocrx_word' id='word_1_98' title='bbox 1506 1308 1762 1377; x_wconf 80' lang='grc' dir='ltr'>προεῖπεν</span> 
     </span>
    </p>
   </div>
   <div class='ocr_carea' id='block_1_16' title="bbox 240 1399 1765 1479">
    <p class='ocr_par' dir='ltr' id='par_1_16' title="bbox 240 1399 1765 1479">
     <span class='ocr_line' id='line_1_16' title="bbox 240 1399 1765 1479; baseline -0.01 -15"><span class='ocrx_word' id='word_1_99' title='bbox 240 1412 463 1473; x_wconf 71' lang='grc' dir='ltr'>Ἡσαΐας·</span> <span class='ocrx_word' id='word_1_100' title='bbox 498 1411 557 1463; x_wconf 77' lang='lat' dir='ltr'><strong>Ei</strong></span> <span class='ocrx_word' id='word_1_101' title='bbox 600 1409 671 1479; x_wconf 84' lang='grc' dir='ltr'>μὴ</span> <span class='ocrx_word' id='word_1_102' title='bbox 702 1406 907 1478; x_wconf 78' lang='grc' dir='ltr'>Κύριος</span> <span class='ocrx_word' id='word_1_103' title='bbox 958 1402 1184 1457; x_wconf 73' lang='grc' dir='ltr'>Σαϐαὼο</span> <span class='ocrx_word' id='word_1_104' title='bbox 1232 1401 1586 1471; x_wconf 81' lang='grc' dir='ltr'>ἐγκατέλιπεν</span> <span class='ocrx_word' id='word_1_105' title='bbox 1631 1399 1765 1468; x_wconf 82' lang='grc' dir='ltr'>ἡμῖν</span> 
     </span>
    </p>
   </div>
   <div class='ocr_carea' id='block_1_17' title="bbox 233 1491 1764 1574">
    <p class='ocr_par' dir='ltr' id='par_1_17' title="bbox 233 1491 1764 1574">
     <span class='ocr_line' id='line_1_17' title="bbox 233 1491 1764 1574; baseline -0.011 -17"><span class='ocrx_word' id='word_1_106' title='bbox 233 1504 438 1574; x_wconf 80' lang='grc' dir='ltr'>σπέρμα,</span> <span class='ocrx_word' id='word_1_107' title='bbox 471 1500 543 1564; x_wconf 84' lang='grc' dir='ltr'><strong>ὡς</strong></span> <span class='ocrx_word' id='word_1_108' title='bbox 571 1500 779 1569; x_wconf 83' lang='grc' dir='ltr'>Σόδομα</span> <span class='ocrx_word' id='word_1_109' title='bbox 805 1498 870 1552; x_wconf 83' lang='grc' dir='ltr'>ἂν</span> <span class='ocrx_word' id='word_1_110' title='bbox 903 1494 1262 1567; x_wconf 78' lang='grc' dir='ltr'>ἐγενήθημεν,</span> <span class='ocrx_word' id='word_1_111' title='bbox 1286 1494 1379 1546; x_wconf 69' lang='grc' dir='ltr'><strong>καὶ</strong></span> <span class='ocrx_word' id='word_1_112' title='bbox 1410 1492 1485 1552; x_wconf 85' lang='grc' dir='ltr'>ὼς</span> <span class='ocrx_word' id='word_1_113' title='bbox 1514 1491 1764 1561; x_wconf 71' lang='grc' dir='ltr'>Γόμορρα</span> 
     </span>
    </p>
   </div>
   <div class='ocr_carea' id='block_1_18' title="bbox 231 1580 1765 1665">
    <p class='ocr_par' dir='ltr' id='par_1_18' title="bbox 231 1580 1765 1665">
     <span class='ocr_line' id='line_1_18' title="bbox 231 1580 1765 1665; baseline -0.009 -17"><span class='ocrx_word' id='word_1_114' title='bbox 231 1596 284 1648; x_wconf 79' lang='grc' dir='ltr'>ἂν</span> <span class='ocrx_word' id='word_1_115' title='bbox 298 1592 653 1665; x_wconf 77' lang='grc' dir='ltr'>ὡμοιώθημεν.</span> <span class='ocrx_word' id='word_1_116' title='bbox 678 1612 698 1643; x_wconf 73' lang='grc' dir='ltr'><strong>ι</strong></span> <span class='ocrx_word' id='word_1_117' title='bbox 720 1584 815 1653; x_wconf 74' lang='grc' dir='ltr'><strong>Οἷς</strong></span> <span class='ocrx_word' id='word_1_118' title='bbox 839 1588 953 1659; x_wconf 83' lang='grc' dir='ltr'>μεθ’</span> <span class='ocrx_word' id='word_1_119' title='bbox 970 1587 1131 1658; x_wconf 67' lang='grc' dir='ltr'>ἕτερα</span> <span class='ocrx_word' id='word_1_120' title='bbox 1147 1585 1397 1656; x_wconf 66' lang='grc' dir='ltr'>ἐπιφέρει</span> <span class='ocrx_word' id='word_1_121' title='bbox 1417 1584 1607 1651; x_wconf 77' lang='grc' dir='ltr'>λέγων·</span> <span class='ocrx_word' id='word_1_122' title='bbox 1630 1602 1647 1632; x_wconf 81' lang='grc' dir='ltr'><strong>ι</strong></span> <span class='ocrx_word' id='word_1_123' title='bbox 1674 1580 1765 1651; x_wconf 82' lang='grc' dir='ltr'><strong>Μὴ</strong></span> 
     </span>
    </p>
   </div>
   <div class='ocr_carea' id='block_1_19' title="bbox 232 1673 1765 1749">
    <p class='ocr_par' dir='ltr' id='par_1_19' title="bbox 232 1673 1765 1749">
     <span class='ocr_line' id='line_1_19' title="bbox 232 1673 1765 1749; baseline -0.011 -8"><span class='ocrx_word' id='word_1_124' title='bbox 232 1686 504 1742; x_wconf 83' lang='grc' dir='ltr'>ἀπώσατοό</span> <span class='ocrx_word' id='word_1_125' title='bbox 537 1684 669 1747; x_wconf 79' lang='grc' dir='ltr'>Θεὸς</span> <span class='ocrx_word' id='word_1_126' title='bbox 711 1683 801 1737; x_wconf 75' lang='grc' dir='ltr'><strong>τὸν</strong></span> <span class='ocrx_word' id='word_1_127' title='bbox 832 1682 960 1735; x_wconf 75' lang='grc' dir='ltr'>λαὸν</span> <span class='ocrx_word' id='word_1_128' title='bbox 1006 1679 1205 1743; x_wconf 74' lang='grc' dir='ltr'>αὐτοῦς</span> <span class='ocrx_word' id='word_1_129' title='bbox 1261 1677 1334 1749; x_wconf 81' lang='grc' dir='ltr'><strong>μὴ</strong></span> <span class='ocrx_word' id='word_1_130' title='bbox 1380 1674 1613 1744; x_wconf 72' lang='grc' dir='ltr'>γένοιτοί</span> <span class='ocrx_word' id='word_1_131' title='bbox 1656 1673 1765 1726; x_wconf 73' lang='grc' dir='ltr'>Καὶ</span> 
     </span>
    </p>
   </div>
   <div class='ocr_carea' id='block_1_20' title="bbox 228 1766 1764 1851">
    <p class='ocr_par' dir='ltr' id='par_1_20' title="bbox 228 1766 1764 1851">
     <span class='ocr_line' id='line_1_20' title="bbox 228 1766 1764 1851; baseline -0.01 -18"><span class='ocrx_word' id='word_1_132' title='bbox 228 1782 320 1851; x_wconf 84' lang='grc' dir='ltr'>γὰρ</span> <span class='ocrx_word' id='word_1_133' title='bbox 341 1779 437 1847; x_wconf 77' lang='grc' dir='ltr'><strong>ἐγὼ</strong></span> <span class='ocrx_word' id='word_1_134' title='bbox 482 1777 822 1850; x_wconf 84' lang='grc' dir='ltr'>Ἰσραηλὶτης</span> <span class='ocrx_word' id='word_1_135' title='bbox 867 1775 982 1845; x_wconf 77' lang='grc' dir='ltr'>εἰμὶ</span> <span class='ocrx_word' id='word_1_136' title='bbox 1026 1776 1089 1826; x_wconf 86' lang='grc' dir='ltr'><strong>ἐκ</strong></span> <span class='ocrx_word' id='word_1_137' title='bbox 1134 1772 1445 1843; x_wconf 79' lang='grc' dir='ltr'>σπέρματος</span> <span class='ocrx_word' id='word_1_138' title='bbox 1497 1766 1764 1838; x_wconf 75' lang='grc' dir='ltr'>Ἀϐραὰμ,</span> 
     </span>
    </p>
   </div>
   <div class='ocr_carea' id='block_1_21' title="bbox 1855 641 3426 725">
    <p class='ocr_par' dir='ltr' id='par_1_21' title="bbox 1855 641 3426 725">
     <span class='ocr_line' id='line_1_21' title="bbox 1855 641 3426 725; baseline -0.011 -15"><span class='ocrx_word' id='word_1_139' title='bbox 1855 666 2015 725; x_wconf 89' lang='lat' dir='ltr'><strong>atque</strong></span> <span class='ocrx_word' id='word_1_140' title='bbox 2047 668 2076 706; x_wconf 92' lang='lat' dir='ltr'><strong>a</strong></span> <span class='ocrx_word' id='word_1_141' title='bbox 2099 652 2297 706; x_wconf 79' lang='lat' dir='ltr'><strong>divinis</strong></span> <span class='ocrx_word' id='word_1_142' title='bbox 2316 647 2801 719; x_wconf 73' lang='lat' dir='ltr'><strong>pollicitationibus</strong></span> <span class='ocrx_word' id='word_1_143' title='bbox 2827 644 3033 699; x_wconf 88' lang='lat' dir='ltr'><strong>alienos</strong></span> <span class='ocrx_word' id='word_1_144' title='bbox 3056 641 3320 696; x_wconf 84' lang='lat' dir='ltr'><strong>exsistere</strong></span> <span class='ocrx_word' id='word_1_145' title='bbox 3348 658 3361 693; x_wconf 90' lang='lat'>:</span> <span class='ocrx_word' id='word_1_146' title='bbox 3395 654 3426 693; x_wconf 84' lang='lat' dir='ltr'><strong>e</strong></span> 
     </span>
    </p>
   </div>
   <div class='ocr_carea' id='block_1_22' title="bbox 1856 734 3427 807">
    <p class='ocr_par' dir='ltr' id='par_1_22' title="bbox 1856 734 3427 807">
     <span class='ocr_line' id='line_1_22' title="bbox 1856 734 3427 807; baseline -0.011 -6"><span class='ocrx_word' id='word_1_147' title='bbox 1856 746 2130 802; x_wconf 86' lang='lat' dir='ltr'><strong>contrario</strong></span> <span class='ocrx_word' id='word_1_148' title='bbox 2173 744 2318 799; x_wconf 91' lang='lat' dir='ltr'><strong>enim</strong></span> <span class='ocrx_word' id='word_1_149' title='bbox 2361 751 2638 796; x_wconf 86' lang='lat' dir='ltr'><strong>ostensum</strong></span> <span class='ocrx_word' id='word_1_150' title='bbox 2672 746 2775 800; x_wconf 91' lang='lat' dir='ltr'><strong>est,</strong></span> <span class='ocrx_word' id='word_1_151' title='bbox 2813 734 3271 807; x_wconf 81' lang='lat' dir='ltr'><strong>quemadmodum</strong></span> <span class='ocrx_word' id='word_1_152' title='bbox 3307 745 3427 787; x_wconf 86' lang='lat' dir='ltr'><strong>ora-</strong></span> 
     </span>
    </p>
   </div>
   <div class='ocr_carea' id='block_1_23' title="bbox 1857 820 3429 900">
    <p class='ocr_par' dir='ltr' id='par_1_23' title="bbox 1857 820 3429 900">
     <span class='ocr_line' id='line_1_23' title="bbox 1857 820 3429 900; baseline -0.011 -5"><span class='ocrx_word' id='word_1_153' title='bbox 1857 841 1995 895; x_wconf 89' lang='lat' dir='ltr'><strong>culis</strong></span> <span class='ocrx_word' id='word_1_154' title='bbox 2028 836 2286 893; x_wconf 88' lang='lat' dir='ltr'><strong>traditum</strong></span> <span class='ocrx_word' id='word_1_155' title='bbox 2335 835 2427 900; x_wconf 92' lang='lat' dir='ltr'><strong>sit,</strong></span> <span class='ocrx_word' id='word_1_156' title='bbox 2477 820 2906 897; x_wconf 77' lang='lat' dir='ltr'><strong>omnesgentes</strong></span> <span class='ocrx_word' id='word_1_157' title='bbox 2944 827 3177 881; x_wconf 84' lang='lat' dir='ltr'><strong>adventu</strong></span> <span class='ocrx_word' id='word_1_158' title='bbox 3224 822 3429 879; x_wconf 88' lang='lat' dir='ltr'><strong>Christi</strong></span> 
     </span>
    </p>
   </div>
   <div class='ocr_carea' id='block_1_24' title="bbox 1858 917 3431 991">
    <p class='ocr_par' dir='ltr' id='par_1_24' title="bbox 1858 917 3431 991">
     <span class='ocr_line' id='line_1_24' title="bbox 1858 917 3431 991; baseline -0.011 -4"><span class='ocrx_word' id='word_1_159' title='bbox 1858 931 2143 989; x_wconf 86' lang='lat' dir='ltr'><strong>fruituras.</strong></span> <span class='ocrx_word' id='word_1_160' title='bbox 2174 937 2228 984; x_wconf 92' lang='lat' dir='ltr'><strong>et</strong></span> <span class='ocrx_word' id='word_1_161' title='bbox 2282 926 2594 983; x_wconf 75' lang='lat' dir='ltr'><strong>Iudaeorum</strong></span> <span class='ocrx_word' id='word_1_162' title='bbox 2634 925 2905 991; x_wconf 85' lang='lat' dir='ltr'><strong>ingentem</strong></span> <span class='ocrx_word' id='word_1_163' title='bbox 2941 933 3226 974; x_wconf 82' lang='lat' dir='ltr'><strong>numerum</strong></span> <span class='ocrx_word' id='word_1_164' title='bbox 3276 917 3346 971; x_wconf 89' lang='lat' dir='ltr'><strong>ab</strong></span> <span class='ocrx_word' id='word_1_165' title='bbox 3365 931 3431 971; x_wconf 82' lang='lat' dir='ltr'><strong>ea</strong></span> 
     </span>
    </p>
   </div>
   <div class='ocr_carea' id='block_1_25' title="bbox 1861 1010 3430 1095">
    <p class='ocr_par' dir='ltr' id='par_1_25' title="bbox 1861 1010 3430 1095">
     <span class='ocr_line' id='line_1_25' title="bbox 1861 1010 3430 1095; baseline -0.011 -17"><span class='ocrx_word' id='word_1_166' title='bbox 1861 1024 2240 1095; x_wconf 73' lang='lat' dir='ltr'><strong>promissione,</strong></span> <span class='ocrx_word' id='word_1_167' title='bbox 2274 1034 2393 1088; x_wconf 68' lang='lat' dir='ltr'><strong>qua:</strong></span> <span class='ocrx_word' id='word_1_168' title='bbox 2423 1018 2489 1071; x_wconf 92' lang='lat' dir='ltr'><strong>ad</strong></span> <span class='ocrx_word' id='word_1_169' title='bbox 2541 1015 2778 1083; x_wconf 80' lang='lat' dir='ltr'><strong>majores</strong></span> <span class='ocrx_word' id='word_1_170' title='bbox 2825 1013 3065 1082; x_wconf 88' lang='lat' dir='ltr'><strong>ipsorum</strong></span> <span class='ocrx_word' id='word_1_171' title='bbox 3124 1010 3268 1065; x_wconf 91' lang='lat' dir='ltr'><strong>edita</strong></span> <span class='ocrx_word' id='word_1_172' title='bbox 3322 1014 3430 1071; x_wconf 86' lang='lat' dir='ltr'><strong>est,</strong></span> 
     </span>
    </p>
   </div>
   <div class='ocr_carea' id='block_1_26' title="bbox 1862 1102 3433 1187">
    <p class='ocr_par' dir='ltr' id='par_1_26' title="bbox 1862 1102 3433 1187">
     <span class='ocr_line' id='line_1_26' title="bbox 1862 1102 3433 1187; baseline -0.008 -20"><span class='ocrx_word' id='word_1_173' title='bbox 1862 1124 2078 1187; x_wconf 85' lang='lat' dir='ltr'><strong>propter</strong></span> <span class='ocrx_word' id='word_1_174' title='bbox 2109 1114 2351 1182; x_wconf 90' lang='lat' dir='ltr'><strong>ipsorum</strong></span> <span class='ocrx_word' id='word_1_175' title='bbox 2403 1124 2531 1179; x_wconf 76' lang='lat' dir='ltr'><strong>erga</strong></span> <span class='ocrx_word' id='word_1_176' title='bbox 2567 1106 2844 1160; x_wconf 84' lang='lat' dir='ltr'><strong>Christum</strong></span> <span class='ocrx_word' id='word_1_177' title='bbox 2894 1102 3278 1174; x_wconf 85' lang='lat' dir='ltr'><strong>pervicaciam,</strong></span> <span class='ocrx_word' id='word_1_178' title='bbox 3309 1114 3433 1154; x_wconf 86' lang='lat' dir='ltr'><strong>esse</strong></span> 
     </span>
    </p>
   </div>
   <div class='ocr_carea' id='block_1_27' title="bbox 1863 1190 3436 1263">
    <p class='ocr_par' dir='ltr' id='par_1_27' title="bbox 1863 1190 3436 1263">
     <span class='ocr_line' id='line_1_27' title="bbox 1863 1190 3436 1263; baseline -0.014 0"><span class='ocrx_word' id='word_1_179' title='bbox 1863 1220 2141 1263; x_wconf 89' lang='lat' dir='ltr'><strong>casurum.</strong></span> <span class='ocrx_word' id='word_1_180' title='bbox 2177 1203 2388 1257; x_wconf 87' lang='lat' dir='ltr'><strong>Paucos</strong></span> <span class='ocrx_word' id='word_1_181' title='bbox 2418 1216 2547 1255; x_wconf 85' lang='lat' dir='ltr'><strong>vero</strong></span> <span class='ocrx_word' id='word_1_182' title='bbox 2578 1214 2767 1255; x_wconf 89' lang='lat' dir='ltr'><strong>eorum</strong></span> <span class='ocrx_word' id='word_1_183' title='bbox 2808 1197 3073 1251; x_wconf 78' lang='lat' dir='ltr'><strong>duntaxat</strong></span> <span class='ocrx_word' id='word_1_184' title='bbox 3102 1195 3154 1245; x_wconf 91' lang='lat' dir='ltr'><strong>in</strong></span> <span class='ocrx_word' id='word_1_185' title='bbox 3189 1190 3436 1244; x_wconf 85' lang='lat' dir='ltr'><strong>Salvato-</strong></span> 
     </span>
    </p>
   </div>
   <div class='ocr_carea' id='block_1_28' title="bbox 1862 1278 3436 1353">
    <p class='ocr_par' dir='ltr' id='par_1_28' title="bbox 1862 1278 3436 1353">
     <span class='ocr_line' id='line_1_28' title="bbox 1862 1278 3436 1353; baseline -0.015 0"><span class='ocrx_word' id='word_1_186' title='bbox 1862 1314 1974 1353; x_wconf 89' lang='lat' dir='ltr'><strong>rem</strong></span> <span class='ocrx_word' id='word_1_187' title='bbox 2010 1306 2062 1351; x_wconf 90' lang='lat' dir='ltr'><strong>et</strong></span> <span class='ocrx_word' id='word_1_188' title='bbox 2096 1294 2381 1348; x_wconf 88' lang='lat' dir='ltr'><strong>Dominum</strong></span> <span class='ocrx_word' id='word_1_189' title='bbox 2426 1299 2675 1344; x_wconf 89' lang='lat' dir='ltr'><strong>nostrum</strong></span> <span class='ocrx_word' id='word_1_190' title='bbox 2714 1286 3044 1343; x_wconf 79' lang='lat' dir='ltr'><strong>credituros,</strong></span> <span class='ocrx_word' id='word_1_191' title='bbox 3070 1293 3123 1335; x_wconf 87' lang='lat' dir='ltr'><strong>et</strong></span> <span class='ocrx_word' id='word_1_192' title='bbox 3180 1281 3283 1333; x_wconf 90' lang='lat' dir='ltr'><strong>hac</strong></span> <span class='ocrx_word' id='word_1_193' title='bbox 3316 1278 3436 1347; x_wconf 89' lang='lat' dir='ltr'><strong>ipsa</strong></span> 
     </span>
    </p>
   </div>
   <div class='ocr_carea' id='block_1_29' title="bbox 1865 1378 3438 1458">
    <p class='ocr_par' dir='ltr' id='par_1_29' title="bbox 1865 1378 3438 1458">
     <span class='ocr_line' id='line_1_29' title="bbox 1865 1378 3438 1458; baseline -0.013 -15"><span class='ocrx_word' id='word_1_194' title='bbox 1865 1406 1922 1444; x_wconf 91' lang='lat' dir='ltr'><strong>re</strong></span> <span class='ocrx_word' id='word_1_195' title='bbox 1950 1387 2274 1458; x_wconf 82' lang='lat' dir='ltr'><strong>promissam</strong></span> <span class='ocrx_word' id='word_1_196' title='bbox 2309 1382 2608 1452; x_wconf 80' lang='lat' dir='ltr'><strong>spiritalem</strong></span> <span class='ocrx_word' id='word_1_197' title='bbox 2642 1378 3068 1447; x_wconf 80' lang='lat' dir='ltr'><strong>redemptionem</strong></span> <span class='ocrx_word' id='word_1_198' title='bbox 3106 1380 3438 1425; x_wconf 53' lang='lat' dir='ltr'><strong>consecutu°</strong></span> 
     </span>
    </p>
   </div>
   <div class='ocr_carea' id='block_1_30' title="bbox 1866 1466 3444 1551">
    <p class='ocr_par' dir='ltr' id='par_1_30' title="bbox 1866 1466 3444 1551">
     <span class='ocr_line' id='line_1_30' title="bbox 1866 1466 3444 1551; baseline -0.014 -13"><span class='ocrx_word' id='word_1_199' title='bbox 1866 1501 1978 1540; x_wconf 89' lang='lat' dir='ltr'><strong>ros.</strong></span> <span class='ocrx_word' id='word_1_200' title='bbox 2006 1482 2077 1536; x_wconf 90' lang='lat' dir='ltr'><strong>De</strong></span> <span class='ocrx_word' id='word_1_201' title='bbox 2101 1480 2302 1551; x_wconf 88' lang='lat' dir='ltr'><strong>quibus</strong></span> <span class='ocrx_word' id='word_1_202' title='bbox 2326 1492 2457 1532; x_wconf 86' lang='lat' dir='ltr'><strong>sane</strong></span> <span class='ocrx_word' id='word_1_203' title='bbox 2491 1475 2711 1529; x_wconf 89' lang='lat' dir='ltr'><strong>divinus</strong></span> <span class='ocrx_word' id='word_1_204' title='bbox 2736 1486 2955 1542; x_wconf 91' lang='lat' dir='ltr'><strong>quoque</strong></span> <span class='ocrx_word' id='word_1_205' title='bbox 2982 1466 3279 1538; x_wconf 83' lang='lat' dir='ltr'><strong>Apostolus</strong></span> <span class='ocrx_word' id='word_1_206' title='bbox 3311 1476 3444 1533; x_wconf 85' lang='lat' dir='ltr'><strong>quo-</strong></span> 
     </span>
    </p>
   </div>
   <div class='ocr_carea' id='block_1_31' title="bbox 1867 1559 3447 1629">
    <p class='ocr_par' dir='ltr' id='par_1_31' title="bbox 1867 1559 3447 1629">
     <span class='ocr_line' id='line_1_31' title="bbox 1867 1559 3447 1629; baseline -0.013 0"><span class='ocrx_word' id='word_1_207' title='bbox 1867 1575 1990 1629; x_wconf 89' lang='lat' dir='ltr'><strong>dam</strong></span> <span class='ocrx_word' id='word_1_208' title='bbox 2042 1574 2160 1627; x_wconf 73' lang='lat' dir='ltr'><strong>loco</strong></span> <span class='ocrx_word' id='word_1_209' title='bbox 2212 1571 2281 1624; x_wconf 93' lang='lat' dir='ltr'><strong>ita</strong></span> <span class='ocrx_word' id='word_1_210' title='bbox 2330 1567 2571 1622; x_wconf 79' lang='lat' dir='ltr'><strong>scribit:</strong></span> <span class='ocrx_word' id='word_1_211' title='bbox 2611 1585 2628 1617; x_wconf 81' lang='grc' dir='ltr'><strong>ι</strong></span> <span class='ocrx_word' id='word_1_212' title='bbox 2676 1564 2845 1619; x_wconf 87' lang='lat' dir='ltr'><strong>Isaias</strong></span> <span class='ocrx_word' id='word_1_213' title='bbox 2907 1569 3086 1615; x_wconf 85' lang='lat' dir='ltr'><strong>autem</strong></span> <span class='ocrx_word' id='word_1_214' title='bbox 3120 1559 3317 1612; x_wconf 85' lang='lat' dir='ltr'><strong>clamat</strong></span> <span class='ocrx_word' id='word_1_215' title='bbox 3344 1568 3447 1625; x_wconf 84' lang='lat' dir='ltr'><strong>pro</strong></span> 
     </span>
    </p>
   </div>
   <div class='ocr_carea' id='block_1_32' title="bbox 1868 1652 3441 1720">
    <p class='ocr_par' dir='ltr' id='par_1_32' title="bbox 1868 1652 3441 1720">
     <span class='ocr_line' id='line_1_32' title="bbox 1868 1652 3441 1720; baseline -0.012 -2"><span class='ocrx_word' id='word_1_216' title='bbox 1868 1664 2032 1720; x_wconf 91' lang='lat' dir='ltr'><strong>Israel</strong></span> <span class='ocrx_word' id='word_1_217' title='bbox 2069 1684 2080 1719; x_wconf 90' lang='lat'><strong>:</strong></span> <span class='ocrx_word' id='word_1_218' title='bbox 2120 1664 2175 1717; x_wconf 89' lang='lat' dir='ltr'><strong>Si</strong></span> <span class='ocrx_word' id='word_1_219' title='bbox 2226 1661 2389 1715; x_wconf 86' lang='lat' dir='ltr'><strong>fuerit</strong></span> <span class='ocrx_word' id='word_1_220' title='bbox 2426 1673 2687 1713; x_wconf 89' lang='lat' dir='ltr'><strong>numerus</strong></span> <span class='ocrx_word' id='word_1_221' title='bbox 2712 1658 2944 1710; x_wconf 83' lang='lat' dir='ltr'><strong>filiorum</strong></span> <span class='ocrx_word' id='word_1_222' title='bbox 2976 1652 3145 1708; x_wconf 88' lang='lat' dir='ltr'><strong>Israel</strong></span> <span class='ocrx_word' id='word_1_223' title='bbox 3179 1658 3441 1719; x_wconf 85' lang='lat' dir='ltr'><strong>tanquam</strong></span> 
     </span>
    </p>
   </div>
   <div class='ocr_carea' id='block_1_33' title="bbox 1872 1738 3449 1820">
    <p class='ocr_par' dir='ltr' id='par_1_33' title="bbox 1872 1738 3449 1820">
     <span class='ocr_line' id='line_1_33' title="bbox 1872 1738 3449 1820; baseline -0.012 -10"><span class='ocrx_word' id='word_1_224' title='bbox 1872 1772 2033 1812; x_wconf 86' lang='lat' dir='ltr'><strong>arena</strong></span> <span class='ocrx_word' id='word_1_225' title='bbox 2091 1754 2281 1815; x_wconf 89' lang='lat' dir='ltr'><strong>maris,</strong></span> <span class='ocrx_word' id='word_1_226' title='bbox 2318 1749 2561 1820; x_wconf 64' lang='lat' dir='ltr'><strong>reliquis:</strong></span> <span class='ocrx_word' id='word_1_227' title='bbox 2606 1750 2768 1803; x_wconf 73' lang='lat' dir='ltr'><strong>salva:</strong></span> <span class='ocrx_word' id='word_1_228' title='bbox 2822 1747 2969 1801; x_wconf 86' lang='lat' dir='ltr'><strong>lient.</strong></span> <span class='ocrx_word' id='word_1_229' title='bbox 3002 1743 3239 1798; x_wconf 81' lang='lat' dir='ltr'><strong>Verbum</strong></span> <span class='ocrx_word' id='word_1_230' title='bbox 3296 1738 3449 1795; x_wconf 85' lang='lat' dir='ltr'><strong>enim</strong></span> 
     </span>
    </p>
   </div>
   <div class='ocr_carea' id='block_1_34' title="bbox 233 1831 1779 1942">
    <p class='ocr_par' dir='ltr' id='par_1_34' title="bbox 233 1831 1767 1942">
     <span class='ocr_line' id='line_1_34' title="bbox 241 1831 1718 1851; baseline -0.009 0"><span class='ocrx_word' id='word_1_231' title='bbox 241 1831 312 1851; x_wconf 16' lang='lat'><em>.77:</em></span> <span class='ocrx_word' id='word_1_232' title='bbox 375 1831 385 1847; x_wconf 81' lang='grc' dir='ltr'><strong>ι</strong></span> <span class='ocrx_word' id='word_1_233' title='bbox 562 1831 572 1850; x_wconf 71' lang='grc' dir='ltr'><strong>ι</strong></span> <span class='ocrx_word' id='word_1_234' title='bbox 654 1831 665 1847; x_wconf 93' lang='grc'><strong><em>.</em></strong></span> <span class='ocrx_word' id='word_1_235' title='bbox 780 1831 818 1847; x_wconf 65' lang='grc' dir='ltr'><strong>,υ</strong></span> <span class='ocrx_word' id='word_1_236' title='bbox 922 1831 934 1845; x_wconf 88' lang='grc'><strong>.</strong></span> <span class='ocrx_word' id='word_1_237' title='bbox 1246 1831 1256 1843; x_wconf 90' lang='grc'><em>,</em></span> <span class='ocrx_word' id='word_1_238' title='bbox 1281 1831 1291 1842; x_wconf 90' lang='grc'><strong>.</strong></span> <span class='ocrx_word' id='word_1_239' title='bbox 1430 1831 1435 1833; x_wconf 73' lang='grc'><strong>.</strong></span> <span class='ocrx_word' id='word_1_240' title='bbox 1601 1831 1611 1838; x_wconf 93' lang='grc'><strong>.</strong></span> <span class='ocrx_word' id='word_1_241' title='bbox 1708 1831 1718 1836; x_wconf 86' lang='grc'><strong>-</strong></span> 
     </span>
     <span class='ocr_line' id='line_1_35' title="bbox 233 1856 1767 1942; baseline -0.01 -17"><span class='ocrx_word' id='word_1_242' title='bbox 233 1872 372 1942; x_wconf 71' lang='grc' dir='ltr'>φυλῆς</span> <span class='ocrx_word' id='word_1_243' title='bbox 391 1871 657 1940; x_wconf 86' lang='grc' dir='ltr'>Βενιαμίν.</span> <span class='ocrx_word' id='word_1_244' title='bbox 685 1870 798 1921; x_wconf 75' lang='grc' dir='ltr'>Οὐκ</span> <span class='ocrx_word' id='word_1_245' title='bbox 821 1865 1075 1919; x_wconf 79' lang='grc' dir='ltr'>ἀπώσατο</span> <span class='ocrx_word' id='word_1_246' title='bbox 1100 1866 1127 1917; x_wconf 87' lang='grc' dir='ltr'><strong>ό</strong></span> <span class='ocrx_word' id='word_1_247' title='bbox 1151 1863 1280 1926; x_wconf 83' lang='grc' dir='ltr'>Θεὸς</span> <span class='ocrx_word' id='word_1_248' title='bbox 1307 1862 1397 1915; x_wconf 75' lang='grc' dir='ltr'><strong>τδν</strong></span> <span class='ocrx_word' id='word_1_249' title='bbox 1431 1860 1555 1912; x_wconf 73' lang='grc' dir='ltr'>λαὸν</span> <span class='ocrx_word' id='word_1_250' title='bbox 1583 1856 1767 1921; x_wconf 79' lang='grc' dir='ltr'>αὑτοῦ,</span> 
     </span>
    </p>
   </div>
   <div class='ocr_carea' id='block_1_35' title="bbox 1880 1831 3449 1942">
    <p class='ocr_par' dir='ltr' id='par_1_35' title="bbox 1880 1831 3449 1916">
     <span class='ocr_line' id='line_1_36' title="bbox 1880 1831 3449 1916; baseline -0.011 -16"><span class='ocrx_word' id='word_1_251' title='bbox 1880 1845 2183 1916; x_wconf 83' lang='lat' dir='ltr'><strong>perficiens,</strong></span> <span class='ocrx_word' id='word_1_252' title='bbox 2209 1851 2261 1897; x_wconf 88' lang='lat' dir='ltr'><strong>et</strong></span> <span class='ocrx_word' id='word_1_253' title='bbox 2292 1840 2627 1896; x_wconf 86' lang='lat' dir='ltr'><strong>contrahens</strong></span> <span class='ocrx_word' id='word_1_254' title='bbox 2652 1840 2707 1893; x_wconf 91' lang='lat' dir='ltr'><strong>in</strong></span> <span class='ocrx_word' id='word_1_255' title='bbox 2738 1840 2991 1908; x_wconf 63' lang='lat' dir='ltr'><strong>aequitate</strong></span> <span class='ocrx_word' id='word_1_256' title='bbox 3023 1855 3035 1890; x_wconf 75' lang='grc' dir='ltr'>ε</span> <span class='ocrx_word' id='word_1_257' title='bbox 3064 1836 3193 1902; x_wconf 87' lang='lat' dir='ltr'><strong>quia</strong></span> <span class='ocrx_word' id='word_1_258' title='bbox 3218 1831 3449 1888; x_wconf 82' lang='lat' dir='ltr'><strong>verbum</strong></span> 
     </span>
    </p>
   </div>
   <div class='ocr_carea' id='block_1_36' title="bbox 228 1949 1767 2034">
    <p class='ocr_par' dir='ltr' id='par_1_36' title="bbox 228 1949 1767 2034">
     <span class='ocr_line' id='line_1_37' title="bbox 228 1949 1767 2034; baseline -0.008 -18"><span class='ocrx_word' id='word_1_259' title='bbox 228 1964 279 2018; x_wconf 80' lang='grc' dir='ltr'><strong>δν</strong></span> <span class='ocrx_word' id='word_1_260' title='bbox 301 1963 527 2034; x_wconf 81' lang='grc' dir='ltr'>προέγνω</span> <span class='ocrx_word' id='word_1_261' title='bbox 546 1979 560 1993; x_wconf 70' lang='grc'><strong><em>⁸</em></strong></span> <span class='ocrx_word' id='word_1_262' title='bbox 585 1962 619 2031; x_wconf 78' lang='grc' dir='ltr'><strong>ἢ</strong></span> <span class='ocrx_word' id='word_1_263' title='bbox 646 1961 751 2013; x_wconf 80' lang='grc' dir='ltr'><strong>οὐκ</strong></span> <span class='ocrx_word' id='word_1_264' title='bbox 783 1959 957 2012; x_wconf 79' lang='grc' dir='ltr'>οἴδατε</span> <span class='ocrx_word' id='word_1_265' title='bbox 989 1958 1046 2009; x_wconf 86' lang='grc' dir='ltr'><strong>ὲν</strong></span> <span class='ocrx_word' id='word_1_266' title='bbox 1072 1955 1227 2027; x_wconf 78' lang='grc' dir='ltr'>Ἠλίᾳ</span> <span class='ocrx_word' id='word_1_267' title='bbox 1248 1954 1299 2007; x_wconf 87' lang='grc' dir='ltr'><strong>τί</strong></span> <span class='ocrx_word' id='word_1_268' title='bbox 1330 1954 1478 2021; x_wconf 83' lang='grc' dir='ltr'>λέγει</span> <span class='ocrx_word' id='word_1_269' title='bbox 1502 1954 1534 2023; x_wconf 82' lang='grc' dir='ltr'>ἠ</span> <span class='ocrx_word' id='word_1_270' title='bbox 1558 1949 1767 2022; x_wconf 69' lang='grc' dir='ltr'>Γραφὴ,</span> 
     </span>
    </p>
   </div>
   <div class='ocr_carea' id='block_1_37' title="bbox 231 2043 1768 2124">
    <p class='ocr_par' dir='ltr' id='par_1_37' title="bbox 231 2043 1768 2124">
     <span class='ocr_line' id='line_1_38' title="bbox 231 2043 1768 2124; baseline -0.008 -17"><span class='ocrx_word' id='word_1_271' title='bbox 231 2054 292 2118; x_wconf 81' lang='grc' dir='ltr'>ὡς</span> <span class='ocrx_word' id='word_1_272' title='bbox 326 2054 624 2124; x_wconf 77' lang='grc' dir='ltr'>ἐντυγχάνει</span> <span class='ocrx_word' id='word_1_273' title='bbox 674 2050 752 2121; x_wconf 83' lang='grc' dir='ltr'><strong>τῷ</strong></span> <span class='ocrx_word' id='word_1_274' title='bbox 797 2049 948 2120; x_wconf 77' lang='grc' dir='ltr'>Θεῷ,</span> <span class='ocrx_word' id='word_1_275' title='bbox 979 2049 1153 2116; x_wconf 76' lang='grc' dir='ltr'>λέγων</span> <span class='ocrx_word' id='word_1_276' title='bbox 1198 2047 1325 2118; x_wconf 73' lang='grc' dir='ltr'>περὶ</span> <span class='ocrx_word' id='word_1_277' title='bbox 1371 2045 1463 2098; x_wconf 75' lang='grc' dir='ltr'>τοῦ</span> <span class='ocrx_word' id='word_1_278' title='bbox 1528 2043 1768 2115; x_wconf 79' lang='grc' dir='ltr'>Ἰσραήλ·</span> 
     </span>
    </p>
   </div>
   <div class='ocr_carea' id='block_1_38' title="bbox 234 2135 1774 2216">
    <p class='ocr_par' dir='ltr' id='par_1_38' title="bbox 234 2135 1774 2216">
     <span class='ocr_line' id='line_1_39' title="bbox 234 2135 1774 2216; baseline -0.006 -19"><span class='ocrx_word' id='word_1_279' title='bbox 234 2144 391 2216; x_wconf 73' lang='grc' dir='ltr'>Κύριε,</span> <span class='ocrx_word' id='word_1_280' title='bbox 427 2147 549 2208; x_wconf 74' lang='grc' dir='ltr'>τοὺς</span> <span class='ocrx_word' id='word_1_281' title='bbox 593 2143 883 2216; x_wconf 61' lang='grc' dir='ltr'>προφήτας</span> <span class='ocrx_word' id='word_1_282' title='bbox 932 2157 1024 2193; x_wconf 91' lang='grc' dir='ltr'><strong>σου</strong></span> <span class='ocrx_word' id='word_1_283' title='bbox 1078 2139 1440 2215; x_wconf 79' lang='grc' dir='ltr'>ἀπέκτειναν,</span> <span class='ocrx_word' id='word_1_284' title='bbox 1484 2136 1552 2189; x_wconf 80' lang='grc' dir='ltr'>τὰ</span> <span class='ocrx_word' id='word_1_285' title='bbox 1589 2135 1774 2189; x_wconf 82' lang='grc' dir='ltr'>θυσια-</span> 
     </span>
    </p>
   </div>
   <div class='ocr_carea' id='block_1_39' title="bbox 233 2228 1771 2308">
    <p class='ocr_par' dir='ltr' id='par_1_39' title="bbox 233 2228 1771 2308">
     <span class='ocr_line' id='line_1_40' title="bbox 233 2228 1771 2308; baseline -0.008 -17"><span class='ocrx_word' id='word_1_286' title='bbox 233 2238 398 2308; x_wconf 76' lang='grc' dir='ltr'>στήριά</span> <span class='ocrx_word' id='word_1_287' title='bbox 445 2254 536 2290; x_wconf 91' lang='grc' dir='ltr'><strong>σου</strong></span> <span class='ocrx_word' id='word_1_288' title='bbox 591 2235 977 2305; x_wconf 70' lang='grc' dir='ltr'>κατέσκαψαν·</span> <span class='ocrx_word' id='word_1_289' title='bbox 1030 2230 1185 2299; x_wconf 79' lang='grc' dir='ltr'><strong>κάγὼ</strong></span> <span class='ocrx_word' id='word_1_290' title='bbox 1224 2228 1554 2299; x_wconf 74' lang='grc' dir='ltr'>ὑπελείφθην</span> <span class='ocrx_word' id='word_1_291' title='bbox 1595 2228 1771 2298; x_wconf 78' lang='grc' dir='ltr'>μόνος,</span> 
     </span>
    </p>
   </div>
   <div class='ocr_carea' id='block_1_40' title="bbox 230 2319 1774 2400">
    <p class='ocr_par' dir='ltr' id='par_1_40' title="bbox 230 2319 1774 2400">
     <span class='ocr_line' id='line_1_41' title="bbox 230 2319 1774 2400; baseline -0.006 -19"><span class='ocrx_word' id='word_1_292' title='bbox 230 2330 306 2383; x_wconf 78' lang='grc' dir='ltr'><strong>καὶ</strong></span> <span class='ocrx_word' id='word_1_293' title='bbox 334 2327 537 2399; x_wconf 76' lang='grc' dir='ltr'>ζητοῦσι</span> <span class='ocrx_word' id='word_1_294' title='bbox 570 2330 680 2400; x_wconf 77' lang='grc' dir='ltr'><strong>τὴν</strong></span> <span class='ocrx_word' id='word_1_295' title='bbox 706 2327 883 2397; x_wconf 74' lang='grc' dir='ltr'>ψυχήν</span> <span class='ocrx_word' id='word_1_296' title='bbox 909 2343 1032 2396; x_wconf 88' lang='grc' dir='ltr'>μου,</span> <span class='ocrx_word' id='word_1_297' title='bbox 1062 2321 1156 2376; x_wconf 79' lang='grc' dir='ltr'>τοῦ</span> <span class='ocrx_word' id='word_1_298' title='bbox 1177 2321 1362 2375; x_wconf 80' lang='grc' dir='ltr'>λαϐεῖν</span> <span class='ocrx_word' id='word_1_299' title='bbox 1395 2321 1582 2391; x_wconf 80' lang='grc' dir='ltr'>αὐτήν.</span> <span class='ocrx_word' id='word_1_300' title='bbox 1618 2319 1774 2372; x_wconf 84' lang='grc' dir='ltr'><strong>Ἀλλὰ</strong></span> 
     </span>
    </p>
   </div>
   <div class='ocr_carea' id='block_1_41' title="bbox 229 2409 1777 2490">
    <p class='ocr_par' dir='ltr' id='par_1_41' title="bbox 229 2409 1777 2490">
     <span class='ocr_line' id='line_1_42' title="bbox 229 2409 1777 2490; baseline -0.006 -17"><span class='ocrx_word' id='word_1_301' title='bbox 229 2417 273 2473; x_wconf 85' lang='grc' dir='ltr'><strong>τί</strong></span> <span class='ocrx_word' id='word_1_302' title='bbox 296 2417 424 2487; x_wconf 82' lang='grc' dir='ltr'>λέγει</span> <span class='ocrx_word' id='word_1_303' title='bbox 465 2420 492 2472; x_wconf 85' lang='grc' dir='ltr'><strong>ό</strong></span> <span class='ocrx_word' id='word_1_304' title='bbox 535 2416 960 2490; x_wconf 84' lang='grc' dir='ltr'>χρηματισμός;</span> <span class='ocrx_word' id='word_1_305' title='bbox 1008 2414 1312 2466; x_wconf 79' lang='grc' dir='ltr'>Κατέλιπον</span> <span class='ocrx_word' id='word_1_306' title='bbox 1357 2409 1577 2481; x_wconf 81' lang='grc' dir='ltr'>ἐμαυτῷ</span> <span class='ocrx_word' id='word_1_307' title='bbox 1613 2412 1777 2463; x_wconf 82' lang='grc' dir='ltr'>ἐπτα-</span> 
     </span>
    </p>
   </div>
   <div class='ocr_carea' id='block_1_42' title="bbox 230 2502 1773 2581">
    <p class='ocr_par' dir='ltr' id='par_1_42' title="bbox 230 2502 1773 2581">
     <span class='ocr_line' id='line_1_43' title="bbox 230 2502 1773 2581; baseline -0.005 -18"><span class='ocrx_word' id='word_1_308' title='bbox 230 2511 485 2581; x_wconf 72' lang='grc' dir='ltr'>κισχιλίους</span> <span class='ocrx_word' id='word_1_309' title='bbox 512 2510 740 2580; x_wconf 79' lang='grc' dir='ltr'>ἄνδρας,</span> <span class='ocrx_word' id='word_1_310' title='bbox 762 2509 956 2572; x_wconf 79' lang='grc' dir='ltr'>οἵτινες</span> <span class='ocrx_word' id='word_1_311' title='bbox 977 2508 1074 2560; x_wconf 74' lang='grc' dir='ltr'><strong>οὐκ</strong></span> <span class='ocrx_word' id='word_1_312' title='bbox 1097 2504 1349 2575; x_wconf 73' lang='grc' dir='ltr'>ἔκαμψαν</span> <span class='ocrx_word' id='word_1_313' title='bbox 1371 2502 1500 2571; x_wconf 83' lang='grc' dir='ltr'>γόνυ</span> <span class='ocrx_word' id='word_1_314' title='bbox 1522 2505 1585 2571; x_wconf 80' lang='grc' dir='ltr'>τῇ</span> <span class='ocrx_word' id='word_1_315' title='bbox 1608 2502 1773 2556; x_wconf 87' lang='grc' dir='ltr'>Βάαλ.</span> 
     </span>
    </p>
   </div>
   <div class='ocr_carea' id='block_1_43' title="bbox 228 2592 1776 2672">
    <p class='ocr_par' dir='ltr' id='par_1_43' title="bbox 228 2592 1776 2672">
     <span class='ocr_line' id='line_1_44' title="bbox 228 2592 1776 2672; baseline -0.008 -15"><span class='ocrx_word' id='word_1_316' title='bbox 228 2602 384 2667; x_wconf 78' lang='grc' dir='ltr'>Οὕτως</span> <span class='ocrx_word' id='word_1_317' title='bbox 411 2600 498 2658; x_wconf 77' lang='grc' dir='ltr'><strong>οὖν</strong></span> <span class='ocrx_word' id='word_1_318' title='bbox 534 2603 639 2656; x_wconf 71' lang='grc' dir='ltr'><strong>καὶ</strong></span> <span class='ocrx_word' id='word_1_319' title='bbox 672 2604 729 2654; x_wconf 83' lang='grc' dir='ltr'><strong>ἐν</strong></span> <span class='ocrx_word' id='word_1_320' title='bbox 759 2600 837 2672; x_wconf 81' lang='grc' dir='ltr'><strong>τῷ</strong></span> <span class='ocrx_word' id='word_1_321' title='bbox 865 2600 958 2654; x_wconf 78' lang='grc' dir='ltr'>νῦν</span> <span class='ocrx_word' id='word_1_322' title='bbox 992 2597 1170 2671; x_wconf 79' lang='grc' dir='ltr'>καιρῷ</span> <span class='ocrx_word' id='word_1_323' title='bbox 1212 2597 1417 2666; x_wconf 87' lang='grc' dir='ltr'>λεῖμμα</span> <span class='ocrx_word' id='word_1_324' title='bbox 1445 2594 1585 2648; x_wconf 77' lang='grc' dir='ltr'>κατὰ</span> <span class='ocrx_word' id='word_1_325' title='bbox 1624 2592 1776 2647; x_wconf 81' lang='grc' dir='ltr'>ἐκλο-</span> 
     </span>
    </p>
   </div>
   <div class='ocr_carea' id='block_1_44' title="bbox 230 2683 1779 2767">
    <p class='ocr_par' dir='ltr' id='par_1_44' title="bbox 230 2683 1779 2767">
     <span class='ocr_line' id='line_1_45' title="bbox 230 2683 1779 2767; baseline -0.007 -22"><span class='ocrx_word' id='word_1_326' title='bbox 230 2695 314 2763; x_wconf 78' lang='grc' dir='ltr'>γὴν</span> <span class='ocrx_word' id='word_1_327' title='bbox 340 2695 548 2767; x_wconf 82' lang='grc' dir='ltr'>χάριτος</span> <span class='ocrx_word' id='word_1_328' title='bbox 579 2692 826 2762; x_wconf 82' lang='grc' dir='ltr'>γέγονεν.</span> <span class='ocrx_word' id='word_1_329' title='bbox 855 2712 872 2742; x_wconf 77' lang='grc' dir='ltr'><strong>ι</strong></span> <span class='ocrx_word' id='word_1_330' title='bbox 907 2689 1004 2742; x_wconf 72' lang='grc' dir='ltr'><strong>Διὰ</strong></span> <span class='ocrx_word' id='word_1_331' title='bbox 1031 2688 1233 2741; x_wconf 84' lang='grc' dir='ltr'>τούτων</span> <span class='ocrx_word' id='word_1_332' title='bbox 1259 2687 1368 2759; x_wconf 81' lang='grc' dir='ltr'>γὰρ</span> <span class='ocrx_word' id='word_1_333' title='bbox 1395 2687 1423 2737; x_wconf 86' lang='grc' dir='ltr'><strong>ό</strong></span> <span class='ocrx_word' id='word_1_334' title='bbox 1462 2683 1779 2746; x_wconf 85' lang='grc' dir='ltr'>Ἀπόστολος</span> 
     </span>
    </p>
   </div>
   <div class='ocr_carea' id='block_1_45' title="bbox 232 2773 1778 2854">
    <p class='ocr_par' dir='ltr' id='par_1_45' title="bbox 232 2773 1778 2854">
     <span class='ocr_line' id='line_1_46' title="bbox 232 2773 1778 2854; baseline -0.006 -19"><span class='ocrx_word' id='word_1_335' title='bbox 232 2782 406 2854; x_wconf 74' lang='grc' dir='ltr'>σαφῶς,</span> <span class='ocrx_word' id='word_1_336' title='bbox 427 2785 515 2837; x_wconf 73' lang='grc' dir='ltr'><strong>ἐπὶ</strong></span> <span class='ocrx_word' id='word_1_337' title='bbox 537 2787 612 2854; x_wconf 80' lang='grc' dir='ltr'>τῇ</span> <span class='ocrx_word' id='word_1_338' title='bbox 631 2782 727 2836; x_wconf 81' lang='grc' dir='ltr'>τοῦ</span> <span class='ocrx_word' id='word_1_339' title='bbox 754 2782 952 2844; x_wconf 75' lang='grc' dir='ltr'>παντὸς</span> <span class='ocrx_word' id='word_1_340' title='bbox 967 2780 1233 2834; x_wconf 81' lang='grc' dir='ltr'>Ἰουδαίων</span> <span class='ocrx_word' id='word_1_341' title='bbox 1262 2777 1445 2840; x_wconf 75' lang='grc' dir='ltr'>ἔθνους</span> <span class='ocrx_word' id='word_1_342' title='bbox 1466 2773 1778 2829; x_wconf 83' lang='grc' dir='ltr'>ἀποπτώσει</span> 
     </span>
    </p>
   </div>
   <div class='ocr_carea' id='block_1_46' title="bbox 230 2867 1778 2944">
    <p class='ocr_par' dir='ltr' id='par_1_46' title="bbox 230 2867 1778 2944">
     <span class='ocr_line' id='line_1_47' title="bbox 230 2867 1778 2944; baseline -0.006 -15"><span class='ocrx_word' id='word_1_343' title='bbox 230 2873 393 2929; x_wconf 70' lang='grc' dir='ltr'>ἑαυτὸν</span> <span class='ocrx_word' id='word_1_344' title='bbox 424 2889 518 2929; x_wconf 88' lang='grc' dir='ltr'><strong>και</strong></span> <span class='ocrx_word' id='word_1_345' title='bbox 547 2876 684 2938; x_wconf 75' lang='grc' dir='ltr'>τοὺς</span> <span class='ocrx_word' id='word_1_346' title='bbox 713 2873 861 2944; x_wconf 74' lang='grc' dir='ltr'>αὐτῷ</span> <span class='ocrx_word' id='word_1_347' title='bbox 912 2870 1324 2944; x_wconf 78' lang='grc' dir='ltr'>παραπλησίους</span> <span class='ocrx_word' id='word_1_348' title='bbox 1366 2867 1697 2931; x_wconf 83' lang='grc' dir='ltr'>ἀποστόλους</span> <span class='ocrx_word' id='word_1_349' title='bbox 1720 2884 1778 2919; x_wconf 89' lang='grc' dir='ltr'><strong>τε</strong></span> 
     </span>
    </p>
   </div>
   <div class='ocr_carea' id='block_1_47' title="bbox 228 2957 1780 3034">
    <p class='ocr_par' dir='ltr' id='par_1_47' title="bbox 228 2957 1780 3034">
     <span class='ocr_line' id='line_1_48' title="bbox 228 2957 1780 3034; baseline -0.007 -16"><span class='ocrx_word' id='word_1_350' title='bbox 228 2966 307 3018; x_wconf 78' lang='grc' dir='ltr'>καὶ</span> <span class='ocrx_word' id='word_1_351' title='bbox 348 2964 741 3034; x_wconf 71' lang='grc' dir='ltr'>εὐαγγελιστάς</span> <span class='ocrx_word' id='word_1_352' title='bbox 785 2962 878 3017; x_wconf 82' lang='grc' dir='ltr'>τοῦ</span> <span class='ocrx_word' id='word_1_353' title='bbox 934 2963 1185 3033; x_wconf 78' lang='grc' dir='ltr'>Σωτῆρος</span> <span class='ocrx_word' id='word_1_354' title='bbox 1231 2958 1422 3030; x_wconf 81' lang='grc' dir='ltr'>ἡμῶν,</span> <span class='ocrx_word' id='word_1_355' title='bbox 1471 2957 1679 3019; x_wconf 85' lang='grc' dir='ltr'>πάντας</span> <span class='ocrx_word' id='word_1_356' title='bbox 1720 2970 1780 3008; x_wconf 85' lang='grc' dir='ltr'><strong>τε</strong></span> 
     </span>
    </p>
   </div>
   <div class='ocr_carea' id='block_1_48' title="bbox 225 3045 1783 3120">
    <p class='ocr_par' dir='ltr' id='par_1_48' title="bbox 225 3045 1783 3120">
     <span class='ocr_line' id='line_1_49' title="bbox 225 3045 1783 3120; baseline -0.007 -11"><span class='ocrx_word' id='word_1_357' title='bbox 225 3057 333 3119; x_wconf 76' lang='grc' dir='ltr'>τοὺς</span> <span class='ocrx_word' id='word_1_358' title='bbox 355 3055 426 3108; x_wconf 75' lang='grc' dir='ltr'>ἔτι</span> <span class='ocrx_word' id='word_1_359' title='bbox 451 3056 548 3108; x_wconf 73' lang='grc' dir='ltr'><strong>καὶ</strong></span> <span class='ocrx_word' id='word_1_360' title='bbox 581 3052 677 3108; x_wconf 77' lang='grc' dir='ltr'>νῦν</span> <span class='ocrx_word' id='word_1_361' title='bbox 702 3051 762 3116; x_wconf 81' lang='grc' dir='ltr'>ἐξ</span> <span class='ocrx_word' id='word_1_362' title='bbox 789 3051 1055 3105; x_wconf 83' lang='grc' dir='ltr'>Ἰουδαίων</span> <span class='ocrx_word' id='word_1_363' title='bbox 1080 3053 1161 3115; x_wconf 89' lang='grc' dir='ltr'><strong>είς</strong></span> <span class='ocrx_word' id='word_1_364' title='bbox 1191 3051 1281 3103; x_wconf 79' lang='grc' dir='ltr'><strong>τὸν</strong></span> <span class='ocrx_word' id='word_1_365' title='bbox 1305 3048 1538 3120; x_wconf 78' lang='grc' dir='ltr'>Χριστὸν</span> <span class='ocrx_word' id='word_1_366' title='bbox 1562 3045 1783 3099; x_wconf 78' lang='grc' dir='ltr'>πιστεύ-</span> 
     </span>
    </p>
   </div>
   <div class='ocr_carea' id='block_1_49' title="bbox 231 3139 1783 3217">
    <p class='ocr_par' dir='ltr' id='par_1_49' title="bbox 231 3139 1783 3217">
     <span class='ocr_line' id='line_1_50' title="bbox 231 3139 1783 3217; baseline -0.006 -16"><span class='ocrx_word' id='word_1_367' title='bbox 231 3163 419 3210; x_wconf 83' lang='grc' dir='ltr'>σαντας,</span> <span class='ocrx_word' id='word_1_368' title='bbox 448 3147 507 3201; x_wconf 87' lang='grc' dir='ltr'>τὺ</span> <span class='ocrx_word' id='word_1_369' title='bbox 534 3145 765 3217; x_wconf 83' lang='grc' dir='ltr'>σπέρμα</span> <span class='ocrx_word' id='word_1_370' title='bbox 792 3140 932 3197; x_wconf 76' lang='grc' dir='ltr'>εἶναι</span> <span class='ocrx_word' id='word_1_371' title='bbox 968 3144 1240 3212; x_wconf 82' lang='grc' dir='ltr'>διασαφεῖ,</span> <span class='ocrx_word' id='word_1_372' title='bbox 1280 3141 1339 3195; x_wconf 84' lang='grc' dir='ltr'><strong>τὸ</strong></span> <span class='ocrx_word' id='word_1_373' title='bbox 1382 3141 1487 3195; x_wconf 81' lang='grc' dir='ltr'><strong>ὑπὸ</strong></span> <span class='ocrx_word' id='word_1_374' title='bbox 1529 3139 1622 3192; x_wconf 77' lang='grc' dir='ltr'>τοῦ</span> <span class='ocrx_word' id='word_1_375' title='bbox 1650 3156 1783 3210; x_wconf 83' lang='grc' dir='ltr'>προ-</span> 
     </span>
    </p>
   </div>
   <div class='ocr_carea' id='block_1_50' title="bbox 1872 1926 3451 1991">
    <p class='ocr_par' dir='ltr' id='par_1_50' title="bbox 1872 1926 3451 1991">
     <span class='ocr_line' id='line_1_51' title="bbox 1872 1926 3451 1991; baseline -0.009 -3"><span class='ocrx_word' id='word_1_376' title='bbox 1872 1933 2212 1989; x_wconf 89' lang='lat' dir='ltr'><strong>contractius</strong></span> <span class='ocrx_word' id='word_1_377' title='bbox 2246 1932 2405 1987; x_wconf 83' lang='lat' dir='ltr'><strong>faciet</strong></span> <span class='ocrx_word' id='word_1_378' title='bbox 2444 1931 2707 1986; x_wconf 87' lang='lat' dir='ltr'><strong>Dominus</strong></span> <span class='ocrx_word' id='word_1_379' title='bbox 2741 1930 2795 1983; x_wconf 88' lang='lat' dir='ltr'><strong>in</strong></span> <span class='ocrx_word' id='word_1_380' title='bbox 2830 1938 2997 1982; x_wconf 85' lang='lat' dir='ltr'><strong>terra.</strong></span> <span class='ocrx_word' id='word_1_381' title='bbox 3035 1926 3097 1977; x_wconf 74' lang='lat' dir='ltr'><strong>Et</strong></span> <span class='ocrx_word' id='word_1_382' title='bbox 3129 1927 3273 1981; x_wconf 89' lang='lat' dir='ltr'><strong>sicut</strong></span> <span class='ocrx_word' id='word_1_383' title='bbox 3310 1936 3451 1991; x_wconf 66' lang='lat' dir='ltr'><strong>prte-</strong></span> 
     </span>
    </p>
   </div>
   <div class='ocr_carea' id='block_1_51' title="bbox 1872 2016 3447 2087">
    <p class='ocr_par' dir='ltr' id='par_1_51' title="bbox 1872 2016 3447 2087">
     <span class='ocr_line' id='line_1_52' title="bbox 1872 2016 3447 2087; baseline -0.009 -5"><span class='ocrx_word' id='word_1_384' title='bbox 1872 2028 2008 2082; x_wconf 76' lang='lat' dir='ltr'><strong>dixit</strong></span> <span class='ocrx_word' id='word_1_385' title='bbox 2034 2025 2204 2081; x_wconf 82' lang='lat' dir='ltr'><strong>Isaias</strong></span> <span class='ocrx_word' id='word_1_386' title='bbox 2237 2045 2250 2079; x_wconf 91' lang='lat'>:</span> <span class='ocrx_word' id='word_1_387' title='bbox 2279 2024 2393 2080; x_wconf 89' lang='lat' dir='ltr'><strong>Nisi</strong></span> <span class='ocrx_word' id='word_1_388' title='bbox 2426 2023 2688 2077; x_wconf 88' lang='lat' dir='ltr'><strong>Dominus</strong></span> <span class='ocrx_word' id='word_1_389' title='bbox 2729 2019 2970 2074; x_wconf 86' lang='lat' dir='ltr'><strong>Sabaoth</strong></span> <span class='ocrx_word' id='word_1_390' title='bbox 3004 2016 3316 2087; x_wconf 90' lang='lat' dir='ltr'><strong>reliquisset</strong></span> <span class='ocrx_word' id='word_1_391' title='bbox 3346 2029 3447 2069; x_wconf 89' lang='lat' dir='ltr'><strong>no-</strong></span> 
     </span>
    </p>
   </div>
   <div class='ocr_carea' id='block_1_52' title="bbox 1873 2106 3455 2184">
    <p class='ocr_par' dir='ltr' id='par_1_52' title="bbox 1873 2106 3455 2184">
     <span class='ocr_line' id='line_1_53' title="bbox 1873 2106 3455 2184; baseline -0.008 -13"><span class='ocrx_word' id='word_1_392' title='bbox 1873 2118 1958 2172; x_wconf 89' lang='lat' dir='ltr'><strong>bis</strong></span> <span class='ocrx_word' id='word_1_393' title='bbox 1981 2132 2188 2181; x_wconf 80' lang='lat' dir='ltr'><strong>semen,</strong></span> <span class='ocrx_word' id='word_1_394' title='bbox 2221 2114 2377 2184; x_wconf 89' lang='lat' dir='ltr'><strong>quasi</strong></span> <span class='ocrx_word' id='word_1_395' title='bbox 2436 2113 2673 2167; x_wconf 84' lang='lat' dir='ltr'><strong>Sodoma</strong></span> <span class='ocrx_word' id='word_1_396' title='bbox 2720 2110 2848 2163; x_wconf 88' lang='lat' dir='ltr'><strong>facti</strong></span> <span class='ocrx_word' id='word_1_397' title='bbox 2904 2125 3175 2169; x_wconf 86' lang='lat' dir='ltr'><strong>essemus,</strong></span> <span class='ocrx_word' id='word_1_398' title='bbox 3201 2116 3255 2161; x_wconf 87' lang='lat' dir='ltr'><strong>et</strong></span> <span class='ocrx_word' id='word_1_399' title='bbox 3307 2106 3455 2160; x_wconf 80' lang='lat' dir='ltr'><strong>sicut</strong></span> 
     </span>
    </p>
   </div>
   <div class='ocr_carea' id='block_1_53' title="bbox 1874 2198 3453 2270">
    <p class='ocr_par' dir='ltr' id='par_1_53' title="bbox 1874 2198 3453 2270">
     <span class='ocr_line' id='line_1_54' title="bbox 1874 2198 3453 2270; baseline -0.006 -9"><span class='ocrx_word' id='word_1_400' title='bbox 1874 2207 2175 2263; x_wconf 86' lang='lat' dir='ltr'><strong>Gomorrha</strong></span> <span class='ocrx_word' id='word_1_401' title='bbox 2201 2207 2412 2262; x_wconf 87' lang='lat' dir='ltr'><strong>similes</strong></span> <span class='ocrx_word' id='word_1_402' title='bbox 2445 2205 2742 2261; x_wconf 83' lang='lat' dir='ltr'><strong>fuissemus</strong></span> <span class='ocrx_word' id='word_1_403' title='bbox 2764 2205 2810 2234; x_wconf 78' lang='grc'><strong>¹⁵</strong></span> <span class='ocrx_word' id='word_1_404' title='bbox 2837 2223 2849 2257; x_wconf 93' lang='lat'>:</span> <span class='ocrx_word' id='word_1_405' title='bbox 2895 2220 2913 2253; x_wconf 76' lang='grc' dir='ltr'><strong>ι</strong></span> <span class='ocrx_word' id='word_1_406' title='bbox 2949 2201 3148 2270; x_wconf 82' lang='lat' dir='ltr'><strong>quibus</strong></span> <span class='ocrx_word' id='word_1_407' title='bbox 3170 2206 3291 2269; x_wconf 86' lang='lat' dir='ltr'><strong>post</strong></span> <span class='ocrx_word' id='word_1_408' title='bbox 3319 2198 3453 2261; x_wconf 87' lang='lat' dir='ltr'><strong>alia,</strong></span> 
     </span>
    </p>
   </div>
   <div class='ocr_carea' id='block_1_54' title="bbox 1875 2291 3453 2369">
    <p class='ocr_par' dir='ltr' id='par_1_54' title="bbox 1875 2291 3453 2369">
     <span class='ocr_line' id='line_1_55' title="bbox 1875 2291 3453 2369; baseline -0.008 -15"><span class='ocrx_word' id='word_1_409' title='bbox 1875 2300 1990 2354; x_wconf 68' lang='lat' dir='ltr'><strong>haec</strong></span> <span class='ocrx_word' id='word_1_410' title='bbox 2022 2314 2239 2369; x_wconf 88' lang='lat' dir='ltr'><strong>quoque</strong></span> <span class='ocrx_word' id='word_1_411' title='bbox 2270 2298 2558 2367; x_wconf 74' lang='lat' dir='ltr'><strong>adiungit:</strong></span> <span class='ocrx_word' id='word_1_412' title='bbox 2592 2316 2610 2347; x_wconf 80' lang='grc' dir='ltr'><strong>ι</strong></span> <span class='ocrx_word' id='word_1_413' title='bbox 2644 2294 2901 2364; x_wconf 81' lang='lat' dir='ltr'><strong>Nunquid</strong></span> <span class='ocrx_word' id='word_1_414' title='bbox 2948 2293 3090 2347; x_wconf 92' lang='lat' dir='ltr'><strong>Deus</strong></span> <span class='ocrx_word' id='word_1_415' title='bbox 3130 2291 3331 2359; x_wconf 84' lang='lat' dir='ltr'><strong>repulit</strong></span> <span class='ocrx_word' id='word_1_416' title='bbox 3355 2304 3453 2360; x_wconf 84' lang='lat' dir='ltr'><strong>po-</strong></span> 
     </span>
    </p>
   </div>
   <div class='ocr_carea' id='block_1_55' title="bbox 1876 2384 3455 2461">
    <p class='ocr_par' dir='ltr' id='par_1_55' title="bbox 1876 2384 3455 2461">
     <span class='ocr_line' id='line_1_56' title="bbox 1876 2384 3455 2461; baseline -0.006 -16"><span class='ocrx_word' id='word_1_417' title='bbox 1876 2392 2060 2461; x_wconf 89' lang='lat' dir='ltr'><strong>pulum</strong></span> <span class='ocrx_word' id='word_1_418' title='bbox 2107 2391 2306 2446; x_wconf 83' lang='lat' dir='ltr'><strong>suum?</strong></span> <span class='ocrx_word' id='word_1_419' title='bbox 2337 2391 2498 2444; x_wconf 91' lang='lat' dir='ltr'><strong>absit.</strong></span> <span class='ocrx_word' id='word_1_420' title='bbox 2537 2388 2670 2441; x_wconf 85' lang='lat' dir='ltr'><strong>Nam</strong></span> <span class='ocrx_word' id='word_1_421' title='bbox 2697 2396 2752 2443; x_wconf 90' lang='lat' dir='ltr'><strong>et</strong></span> <span class='ocrx_word' id='word_1_422' title='bbox 2795 2402 2895 2454; x_wconf 78' lang='lat' dir='ltr'><strong>ego</strong></span> <span class='ocrx_word' id='word_1_423' title='bbox 2926 2384 3171 2438; x_wconf 87' lang='lat' dir='ltr'><strong>Israelita</strong></span> <span class='ocrx_word' id='word_1_424' title='bbox 3192 2399 3344 2457; x_wconf 75' lang='lat' dir='ltr'><strong>sum,</strong></span> <span class='ocrx_word' id='word_1_425' title='bbox 3385 2397 3455 2437; x_wconf 65' lang='lat' dir='ltr'><strong>ex</strong></span> 
     </span>
    </p>
   </div>
   <div class='ocr_carea' id='block_1_56' title="bbox 1877 2473 3455 2547">
    <p class='ocr_par' dir='ltr' id='par_1_56' title="bbox 1877 2473 3455 2547">
     <span class='ocr_line' id='line_1_57' title="bbox 1877 2473 3455 2547; baseline -0.005 -10"><span class='ocrx_word' id='word_1_426' title='bbox 1877 2484 2083 2538; x_wconf 89' lang='lat' dir='ltr'><strong>semine</strong></span> <span class='ocrx_word' id='word_1_427' title='bbox 2107 2482 2404 2547; x_wconf 82' lang='lat' dir='ltr'><strong>Abraham,</strong></span> <span class='ocrx_word' id='word_1_428' title='bbox 2430 2482 2576 2534; x_wconf 90' lang='lat' dir='ltr'><strong>tribu</strong></span> <span class='ocrx_word' id='word_1_429' title='bbox 2597 2479 2903 2547; x_wconf 87' lang='lat' dir='ltr'><strong>Benjamin.</strong></span> <span class='ocrx_word' id='word_1_430' title='bbox 2932 2475 3051 2530; x_wconf 84' lang='lat' dir='ltr'><strong>Non</strong></span> <span class='ocrx_word' id='word_1_431' title='bbox 3084 2475 3284 2543; x_wconf 85' lang='lat' dir='ltr'><strong>repulit</strong></span> <span class='ocrx_word' id='word_1_432' title='bbox 3310 2473 3455 2529; x_wconf 75' lang='lat' dir='ltr'><strong>Deus</strong></span> 
     </span>
    </p>
   </div>
   <div class='ocr_carea' id='block_1_57' title="bbox 1879 2562 3454 2643">
    <p class='ocr_par' dir='ltr' id='par_1_57' title="bbox 1879 2562 3454 2643">
     <span class='ocr_line' id='line_1_58' title="bbox 1879 2562 3454 2643; baseline -0.006 -16"><span class='ocrx_word' id='word_1_433' title='bbox 1879 2573 2136 2643; x_wconf 89' lang='lat' dir='ltr'><strong>populum</strong></span> <span class='ocrx_word' id='word_1_434' title='bbox 2163 2587 2344 2633; x_wconf 85' lang='lat' dir='ltr'><strong>suum,</strong></span> <span class='ocrx_word' id='word_1_435' title='bbox 2366 2586 2525 2640; x_wconf 87' lang='lat' dir='ltr'><strong>quem</strong></span> <span class='ocrx_word' id='word_1_436' title='bbox 2548 2570 2820 2639; x_wconf 63' lang='lat' dir='ltr'><strong>prmscivit</strong></span> <span class='ocrx_word' id='word_1_437' title='bbox 2844 2585 2857 2621; x_wconf 90' lang='lat'>:</span> <span class='ocrx_word' id='word_1_438' title='bbox 2879 2566 2962 2621; x_wconf 84' lang='lat' dir='ltr'><strong>An</strong></span> <span class='ocrx_word' id='word_1_439' title='bbox 2996 2566 3220 2619; x_wconf 89' lang='lat' dir='ltr'><strong>nescitis</strong></span> <span class='ocrx_word' id='word_1_440' title='bbox 3252 2564 3305 2617; x_wconf 92' lang='lat' dir='ltr'><strong>in</strong></span> <span class='ocrx_word' id='word_1_441' title='bbox 3337 2562 3454 2618; x_wconf 84' lang='lat' dir='ltr'><strong>Elia</strong></span> 
     </span>
    </p>
   </div>
   <div class='ocr_carea' id='block_1_58' title="bbox 1879 2655 3456 2733">
    <p class='ocr_par' dir='ltr' id='par_1_58' title="bbox 1879 2655 3456 2733">
     <span class='ocr_line' id='line_1_59' title="bbox 1879 2655 3456 2733; baseline -0.006 -15"><span class='ocrx_word' id='word_1_442' title='bbox 1879 2662 2011 2733; x_wconf 86' lang='lat' dir='ltr'><strong>quid</strong></span> <span class='ocrx_word' id='word_1_443' title='bbox 2058 2664 2208 2718; x_wconf 87' lang='lat' dir='ltr'><strong>dicat</strong></span> <span class='ocrx_word' id='word_1_444' title='bbox 2256 2662 2578 2730; x_wconf 86' lang='lat' dir='ltr'><strong>Scriptura?</strong></span> <span class='ocrx_word' id='word_1_445' title='bbox 2630 2658 3089 2730; x_wconf 83' lang='lat' dir='ltr'><strong>quemadmodum</strong></span> <span class='ocrx_word' id='word_1_446' title='bbox 3152 2655 3456 2725; x_wconf 81' lang='lat' dir='ltr'><strong>interpellat</strong></span> 
     </span>
    </p>
   </div>
   <div class='ocr_carea' id='block_1_59' title="bbox 1880 2748 3458 2820">
    <p class='ocr_par' dir='ltr' id='par_1_59' title="bbox 1880 2748 3458 2820">
     <span class='ocr_line' id='line_1_60' title="bbox 1880 2748 3458 2820; baseline -0.005 -10"><span class='ocrx_word' id='word_1_447' title='bbox 1880 2755 2073 2820; x_wconf 90' lang='lat' dir='ltr'><strong>Deum,</strong></span> <span class='ocrx_word' id='word_1_448' title='bbox 2107 2754 2297 2810; x_wconf 88' lang='lat' dir='ltr'><strong>dicens</strong></span> <span class='ocrx_word' id='word_1_449' title='bbox 2329 2755 2395 2810; x_wconf 87' lang='lat' dir='ltr'><strong>de</strong></span> <span class='ocrx_word' id='word_1_450' title='bbox 2444 2753 2609 2809; x_wconf 89' lang='lat' dir='ltr'><strong>Israel</strong></span> <span class='ocrx_word' id='word_1_451' title='bbox 2649 2773 2661 2807; x_wconf 91' lang='lat'>:</span> <span class='ocrx_word' id='word_1_452' title='bbox 2696 2751 2945 2813; x_wconf 86' lang='lat' dir='ltr'><strong>Domine,</strong></span> <span class='ocrx_word' id='word_1_453' title='bbox 2986 2748 3281 2819; x_wconf 78' lang='lat' dir='ltr'><strong>prophetas</strong></span> <span class='ocrx_word' id='word_1_454' title='bbox 3334 2753 3458 2802; x_wconf 87' lang='lat' dir='ltr'><strong>tuos</strong></span> 
     </span>
    </p>
   </div>
   <div class='ocr_carea' id='block_1_60' title="bbox 1880 2839 3457 2910">
    <p class='ocr_par' dir='ltr' id='par_1_60' title="bbox 1880 2839 3457 2910">
     <span class='ocr_line' id='line_1_61' title="bbox 1880 2839 3457 2910; baseline -0.006 -8"><span class='ocrx_word' id='word_1_455' title='bbox 1880 2848 2227 2909; x_wconf 88' lang='lat' dir='ltr'><strong>occiderunt,</strong></span> <span class='ocrx_word' id='word_1_456' title='bbox 2261 2848 2455 2902; x_wconf 89' lang='lat' dir='ltr'><strong>altaria</strong></span> <span class='ocrx_word' id='word_1_457' title='bbox 2488 2855 2580 2900; x_wconf 91' lang='lat' dir='ltr'><strong>tua</strong></span> <span class='ocrx_word' id='word_1_458' title='bbox 2617 2844 2982 2909; x_wconf 75' lang='lat' dir='ltr'><strong>suil‘oderunt,</strong></span> <span class='ocrx_word' id='word_1_459' title='bbox 3015 2852 3068 2895; x_wconf 87' lang='lat' dir='ltr'><strong>et</strong></span> <span class='ocrx_word' id='word_1_460' title='bbox 3110 2855 3210 2910; x_wconf 79' lang='lat' dir='ltr'><strong>ego</strong></span> <span class='ocrx_word' id='word_1_461' title='bbox 3234 2839 3457 2894; x_wconf 85' lang='lat' dir='ltr'><strong>relictus</strong></span> 
     </span>
    </p>
   </div>
   <div class='ocr_carea' id='block_1_61' title="bbox 1882 2930 3459 3010">
    <p class='ocr_par' dir='ltr' id='par_1_61' title="bbox 1882 2930 3459 3010">
     <span class='ocr_line' id='line_1_62' title="bbox 1882 2930 3459 3010; baseline -0.01 -13"><span class='ocrx_word' id='word_1_462' title='bbox 1882 2957 2002 3006; x_wconf 82' lang='lat' dir='ltr'><strong>snm</strong></span> <span class='ocrx_word' id='word_1_463' title='bbox 2026 2942 2199 3006; x_wconf 83' lang='lat' dir='ltr'><strong>solus,</strong></span> <span class='ocrx_word' id='word_1_464' title='bbox 2224 2949 2277 2995; x_wconf 91' lang='lat' dir='ltr'><strong>et</strong></span> <span class='ocrx_word' id='word_1_465' title='bbox 2307 2950 2559 3010; x_wconf 76' lang='lat' dir='ltr'><strong>quaerunt</strong></span> <span class='ocrx_word' id='word_1_466' title='bbox 2595 2938 2834 2992; x_wconf 86' lang='lat' dir='ltr'><strong>animam</strong></span> <span class='ocrx_word' id='word_1_467' title='bbox 2886 2948 3085 2995; x_wconf 86' lang='lat' dir='ltr'><strong>meam,</strong></span> <span class='ocrx_word' id='word_1_468' title='bbox 3116 2940 3177 2984; x_wconf 91' lang='lat' dir='ltr'><strong>ut</strong></span> <span class='ocrx_word' id='word_1_469' title='bbox 3209 2930 3459 2985; x_wconf 88' lang='lat' dir='ltr'><strong>auferant</strong></span> 
     </span>
    </p>
   </div>
   <div class='ocr_carea' id='block_1_62' title="bbox 1880 3022 3460 3103">
    <p class='ocr_par' dir='ltr' id='par_1_62' title="bbox 1880 3022 3460 3103">
     <span class='ocr_line' id='line_1_63' title="bbox 1880 3022 3460 3103; baseline -0.01 -12"><span class='ocrx_word' id='word_1_470' title='bbox 1880 3050 1999 3091; x_wconf 89' lang='lat' dir='ltr'><strong>eam</strong></span> <span class='ocrx_word' id='word_1_471' title='bbox 2034 3052 2047 3090; x_wconf 92' lang='lat'>:</span> <span class='ocrx_word' id='word_1_472' title='bbox 2083 3033 2177 3089; x_wconf 86' lang='lat' dir='ltr'><strong>sed</strong></span> <span class='ocrx_word' id='word_1_473' title='bbox 2210 3032 2341 3103; x_wconf 90' lang='lat' dir='ltr'><strong>quid</strong></span> <span class='ocrx_word' id='word_1_474' title='bbox 2390 3031 2525 3085; x_wconf 86' lang='lat' dir='ltr'><strong>dicit</strong></span> <span class='ocrx_word' id='word_1_475' title='bbox 2574 3041 2900 3098; x_wconf 85' lang='lat' dir='ltr'><strong>responsum</strong></span> <span class='ocrx_word' id='word_1_476' title='bbox 2936 3024 3229 3077; x_wconf 84' lang='lat' dir='ltr'><strong>divinum?</strong></span> <span class='ocrx_word' id='word_1_477' title='bbox 3264 3022 3460 3091; x_wconf 89' lang='lat' dir='ltr'><strong>reliqui</strong></span> 
     </span>
    </p>
   </div>
   <div class='ocr_carea' id='block_1_63' title="bbox 1881 3119 3459 3196">
    <p class='ocr_par' dir='ltr' id='par_1_63' title="bbox 1881 3119 3459 3196">
     <span class='ocr_line' id='line_1_64' title="bbox 1881 3119 3459 3196; baseline -0.007 -14"><span class='ocrx_word' id='word_1_478' title='bbox 1881 3126 2015 3182; x_wconf 88' lang='lat' dir='ltr'><strong>mihi</strong></span> <span class='ocrx_word' id='word_1_479' title='bbox 2050 3126 2153 3196; x_wconf 88' lang='lat' dir='ltr'><strong>ipsi</strong></span> <span class='ocrx_word' id='word_1_480' title='bbox 2185 3133 2392 3195; x_wconf 87' lang='lat' dir='ltr'><strong>septem</strong></span> <span class='ocrx_word' id='word_1_481' title='bbox 2438 3123 2610 3178; x_wconf 86' lang='lat' dir='ltr'><strong>millia</strong></span> <span class='ocrx_word' id='word_1_482' title='bbox 2638 3122 2904 3181; x_wconf 82' lang='lat' dir='ltr'><strong>virorum,</strong></span> <span class='ocrx_word' id='word_1_483' title='bbox 2932 3119 3024 3189; x_wconf 90' lang='lat' dir='ltr'><strong>qui</strong></span> <span class='ocrx_word' id='word_1_484' title='bbox 3058 3133 3170 3172; x_wconf 90' lang='lat' dir='ltr'><strong>non</strong></span> <span class='ocrx_word' id='word_1_485' title='bbox 3194 3131 3459 3173; x_wconf 85' lang='lat' dir='ltr'><strong>curvave-</strong></span> 
     </span>
    </p>
   </div>
   <div class='ocr_carea' id='block_1_64' title="bbox 229 3209 1779 3312">
    <p class='ocr_par' dir='ltr' id='par_1_64' title="bbox 229 3209 1778 3312">
     <span class='ocr_line' id='line_1_65' title="bbox 229 3209 1778 3312; baseline -0.008 -16"><span class='ocrx_word' id='word_1_486' title='bbox 229 3243 374 3312; x_wconf 75' lang='grc' dir='ltr'>φήτου</span> <span class='ocrx_word' id='word_1_487' title='bbox 393 3209 805 3312; x_wconf 62' lang='grc' dir='ltr'>ὠνομασμένον,</span> <span class='ocrx_word' id='word_1_488' title='bbox 836 3238 976 3291; x_wconf 80' lang='grc' dir='ltr'>κατὰ</span> <span class='ocrx_word' id='word_1_489' title='bbox 990 3237 1068 3290; x_wconf 87' lang='grc' dir='ltr'>τό·</span> <span class='ocrx_word' id='word_1_490' title='bbox 1095 3257 1113 3287; x_wconf 78' lang='grc' dir='ltr'><strong>ι</strong></span> <span class='ocrx_word' id='word_1_491' title='bbox 1138 3209 1200 3289; x_wconf 67' lang='lat' dir='ltr'><strong>I5!</strong></span> <span class='ocrx_word' id='word_1_492' title='bbox 1227 3234 1300 3307; x_wconf 83' lang='grc' dir='ltr'>μὴ</span> <span class='ocrx_word' id='word_1_493' title='bbox 1322 3234 1526 3307; x_wconf 83' lang='grc' dir='ltr'>Κύριος</span> <span class='ocrx_word' id='word_1_494' title='bbox 1552 3209 1778 3285; x_wconf 74' lang='grc' dir='ltr'>Σαόαὼθ</span> 
     </span>
    </p>
   </div>
   <div class='ocr_carea' id='block_1_65' title="bbox 1880 3209 3462 3312">
    <p class='ocr_par' dir='ltr' id='par_1_65' title="bbox 1880 3209 3462 3288">
     <span class='ocr_line' id='line_1_66' title="bbox 1880 3209 3462 3288; baseline -0.006 -16"><span class='ocrx_word' id='word_1_495' title='bbox 1880 3225 2159 3288; x_wconf 79' lang='lat' dir='ltr'><strong>runtgenu</strong></span> <span class='ocrx_word' id='word_1_496' title='bbox 2187 3224 2314 3271; x_wconf 85' lang='lat' dir='ltr'><strong>ante</strong></span> <span class='ocrx_word' id='word_1_497' title='bbox 2342 3214 2489 3268; x_wconf 86' lang='lat' dir='ltr'><strong>Baal.</strong></span> <span class='ocrx_word' id='word_1_498' title='bbox 2520 3213 2610 3269; x_wconf 89' lang='lat' dir='ltr'><strong>Sic</strong></span> <span class='ocrx_word' id='word_1_499' title='bbox 2635 3229 2765 3283; x_wconf 84' lang='lat' dir='ltr'><strong>ergo</strong></span> <span class='ocrx_word' id='word_1_500' title='bbox 2793 3220 2847 3266; x_wconf 92' lang='lat' dir='ltr'><strong>et</strong></span> <span class='ocrx_word' id='word_1_501' title='bbox 2870 3212 2923 3265; x_wconf 92' lang='lat' dir='ltr'><strong>in</strong></span> <span class='ocrx_word' id='word_1_502' title='bbox 2942 3210 3046 3265; x_wconf 88' lang='lat' dir='ltr'><strong>hoc</strong></span> <span class='ocrx_word' id='word_1_503' title='bbox 3064 3221 3304 3280; x_wconf 90' lang='lat' dir='ltr'><strong>tempore</strong></span> <span class='ocrx_word' id='word_1_504' title='bbox 3336 3209 3462 3264; x_wconf 86' lang='lat' dir='ltr'><strong>reli-</strong></span> 
     </span>
    </p>
   </div>
   <div class='ocr_carea' id='block_1_66' title="bbox 230 3320 1777 3400">
    <p class='ocr_par' dir='ltr' id='par_1_66' title="bbox 230 3320 1777 3400">
     <span class='ocr_line' id='line_1_67' title="bbox 230 3320 1777 3400; baseline -0.006 -17"><span class='ocrx_word' id='word_1_505' title='bbox 230 3332 561 3400; x_wconf 77' lang='grc' dir='ltr'>ὲγκατέλιπεν</span> <span class='ocrx_word' id='word_1_506' title='bbox 593 3331 725 3400; x_wconf 74' lang='grc' dir='ltr'>ἡμῖν</span> <span class='ocrx_word' id='word_1_507' title='bbox 751 3328 972 3400; x_wconf 81' lang='grc' dir='ltr'>σπέρμα</span> <span class='ocrx_word' id='word_1_508' title='bbox 990 3344 1004 3357; x_wconf 85' lang='grc'><strong>·</strong></span> <span class='ocrx_word' id='word_1_509' title='bbox 1041 3346 1059 3376; x_wconf 73' lang='grc' dir='ltr'><strong>ι</strong></span> <span class='ocrx_word' id='word_1_510' title='bbox 1097 3324 1255 3377; x_wconf 76' lang='grc' dir='ltr'>τοῦτο</span> <span class='ocrx_word' id='word_1_511' title='bbox 1280 3324 1338 3377; x_wconf 80' lang='grc' dir='ltr'>δὲ</span> <span class='ocrx_word' id='word_1_512' title='bbox 1366 3320 1505 3377; x_wconf 76' lang='grc' dir='ltr'>εἶναι</span> <span class='ocrx_word' id='word_1_513' title='bbox 1535 3322 1630 3376; x_wconf 68' lang='grc' dir='ltr'><strong>καὶ</strong></span> <span class='ocrx_word' id='word_1_514' title='bbox 1645 3320 1706 3374; x_wconf 80' lang='grc' dir='ltr'><strong>τὸ</strong></span> <span class='ocrx_word' id='word_1_515' title='bbox 1722 3321 1777 3373; x_wconf 86' lang='grc' dir='ltr'><strong>ἐν</strong></span> 
     </span>
    </p>
   </div>
   <div class='ocr_carea' id='block_1_67' title="bbox 230 3412 1778 3493">
    <p class='ocr_par' dir='ltr' id='par_1_67' title="bbox 230 3412 1778 3493">
     <span class='ocr_line' id='line_1_68' title="bbox 230 3412 1778 3493; baseline -0.007 -17"><span class='ocrx_word' id='word_1_516' title='bbox 230 3427 328 3487; x_wconf 64' lang='lat' dir='ltr'><strong>sui;</strong></span> <span class='ocrx_word' id='word_1_517' title='bbox 356 3424 570 3487; x_wconf 84' lang='grc' dir='ltr'>λοιπαῖς</span> <span class='ocrx_word' id='word_1_518' title='bbox 601 3421 958 3493; x_wconf 78' lang='grc' dir='ltr'>προφητείαις</span> <span class='ocrx_word' id='word_1_519' title='bbox 984 3417 1310 3488; x_wconf 75' lang='grc' dir='ltr'>δηλούμενον</span> <span class='ocrx_word' id='word_1_520' title='bbox 1345 3415 1655 3486; x_wconf 83' lang='grc' dir='ltr'>ὑπόλειμμα</span> <span class='ocrx_word' id='word_1_521' title='bbox 1685 3412 1778 3466; x_wconf 76' lang='grc' dir='ltr'>τοῦ</span> 
     </span>
    </p>
   </div>
   <div class='ocr_carea' id='block_1_68' title="bbox 232 3500 1778 3583">
    <p class='ocr_par' dir='ltr' id='par_1_68' title="bbox 232 3500 1778 3583">
     <span class='ocr_line' id='line_1_69' title="bbox 232 3500 1778 3583; baseline -0.008 -18"><span class='ocrx_word' id='word_1_522' title='bbox 232 3513 424 3577; x_wconf 73' lang='grc' dir='ltr'>παντὸς,</span> <span class='ocrx_word' id='word_1_523' title='bbox 441 3514 587 3583; x_wconf 83' lang='grc' dir='ltr'>ὅπερ</span> <span class='ocrx_word' id='word_1_524' title='bbox 608 3511 742 3581; x_wconf 73' lang='grc' dir='ltr'>φησὶ</span> <span class='ocrx_word' id='word_1_525' title='bbox 762 3510 878 3563; x_wconf 86' lang='grc' dir='ltr'>κατ’</span> <span class='ocrx_word' id='word_1_526' title='bbox 911 3507 1140 3576; x_wconf 81' lang='grc' dir='ltr'>ἐκλογὴν</span> <span class='ocrx_word' id='word_1_527' title='bbox 1166 3504 1387 3576; x_wconf 85' lang='grc' dir='ltr'>χάριτος</span> <span class='ocrx_word' id='word_1_528' title='bbox 1422 3500 1778 3571; x_wconf 73' lang='grc' dir='ltr'>πεφυλάχθαι.</span> 
     </span>
    </p>
   </div>
   <div class='ocr_carea' id='block_1_69' title="bbox 231 3588 1785 3677">
    <p class='ocr_par' dir='ltr' id='par_1_69' title="bbox 231 3588 1785 3677">
     <span class='ocr_line' id='line_1_70' title="bbox 231 3588 1785 3677; baseline -0.012 -20"><span class='ocrx_word' id='word_1_529' title='bbox 231 3603 347 3677; x_wconf 71' lang='grc' dir='ltr'>Περὶ</span> <span class='ocrx_word' id='word_1_530' title='bbox 371 3597 430 3656; x_wconf 73' lang='grc' dir='ltr'>οὗ</span> <span class='ocrx_word' id='word_1_531' title='bbox 460 3599 893 3671; x_wconf 74' lang='grc' dir='ltr'>ὑπολείμματος,</span> <span class='ocrx_word' id='word_1_532' title='bbox 930 3596 1062 3668; x_wconf 77' lang='grc' dir='ltr'>φέρε</span> <span class='ocrx_word' id='word_1_533' title='bbox 1089 3593 1270 3656; x_wconf 84' lang='grc' dir='ltr'>πάλιν,</span> <span class='ocrx_word' id='word_1_534' title='bbox 1304 3592 1363 3645; x_wconf 85' lang='grc' dir='ltr'><strong>τὸ</strong></span> <span class='ocrx_word' id='word_1_535' title='bbox 1394 3590 1502 3645; x_wconf 77' lang='grc' dir='ltr'><strong>ἀπὸ</strong></span> <span class='ocrx_word' id='word_1_536' title='bbox 1522 3588 1628 3643; x_wconf 83' lang='grc' dir='ltr'><strong>τῶν</strong></span> <span class='ocrx_word' id='word_1_537' title='bbox 1653 3604 1785 3659; x_wconf 90' lang='grc' dir='ltr'>προ-</span> 
     </span>
    </p>
   </div>
   <div class='ocr_carea' id='block_1_70' title="bbox 232 3681 1783 3766">
    <p class='ocr_par' dir='ltr' id='par_1_70' title="bbox 232 3681 1783 3766">
     <span class='ocr_line' id='line_1_71' title="bbox 232 3681 1783 3766; baseline -0.008 -16"><span class='ocrx_word' id='word_1_538' title='bbox 232 3696 392 3766; x_wconf 75' lang='grc' dir='ltr'>φητῶν</span> <span class='ocrx_word' id='word_1_539' title='bbox 412 3692 846 3763; x_wconf 79' lang='grc' dir='ltr'>ἐξαπλώσωμεν,</span> <span class='ocrx_word' id='word_1_540' title='bbox 875 3691 949 3754; x_wconf 85' lang='grc' dir='ltr'>ὡς</span> <span class='ocrx_word' id='word_1_541' title='bbox 972 3689 1038 3743; x_wconf 82' lang='grc' dir='ltr'>ἂν</span> <span class='ocrx_word' id='word_1_542' title='bbox 1059 3687 1368 3760; x_wconf 84' lang='grc' dir='ltr'>παρασταίη</span> <span class='ocrx_word' id='word_1_543' title='bbox 1394 3684 1481 3738; x_wconf 84' lang='grc' dir='ltr'><strong>διὰ</strong></span> <span class='ocrx_word' id='word_1_544' title='bbox 1502 3681 1783 3738; x_wconf 81' lang='grc' dir='ltr'>πλειόνων.</span> 
     </span>
    </p>
   </div>
   <div class='ocr_carea' id='block_1_71' title="bbox 228 3768 1786 3856">
    <p class='ocr_par' dir='ltr' id='par_1_71' title="bbox 228 3768 1786 3856">
     <span class='ocr_line' id='line_1_72' title="bbox 228 3768 1786 3856; baseline -0.011 -18"><span class='ocrx_word' id='word_1_545' title='bbox 228 3784 298 3837; x_wconf 84' lang='grc' dir='ltr'>ὅτι</span> <span class='ocrx_word' id='word_1_546' title='bbox 319 3785 386 3856; x_wconf 84' lang='grc' dir='ltr'>μὴ</span> <span class='ocrx_word' id='word_1_547' title='bbox 416 3781 751 3853; x_wconf 82' lang='grc' dir='ltr'>ὰδιακρίτως</span> <span class='ocrx_word' id='word_1_548' title='bbox 776 3778 940 3832; x_wconf 72' lang='grc' dir='ltr'>παντὶ</span> <span class='ocrx_word' id='word_1_549' title='bbox 966 3776 1045 3848; x_wconf 83' lang='grc' dir='ltr'>τῷ</span> <span class='ocrx_word' id='word_1_550' title='bbox 1084 3775 1349 3829; x_wconf 85' lang='grc' dir='ltr'>Ἰουδαίων</span> <span class='ocrx_word' id='word_1_551' title='bbox 1385 3772 1525 3826; x_wconf 74' lang='grc' dir='ltr'>ἔθνει</span> <span class='ocrx_word' id='word_1_552' title='bbox 1566 3770 1662 3841; x_wconf 85' lang='grc' dir='ltr'>τὴν</span> <span class='ocrx_word' id='word_1_553' title='bbox 1691 3768 1786 3822; x_wconf 76' lang='grc' dir='ltr'>τοῦ</span> 
     </span>
    </p>
   </div>
   <div class='ocr_carea' id='block_1_72' title="bbox 232 3860 1789 3947">
    <p class='ocr_par' dir='ltr' id='par_1_72' title="bbox 232 3860 1789 3947">
     <span class='ocr_line' id='line_1_73' title="bbox 232 3860 1789 3947; baseline -0.01 -19"><span class='ocrx_word' id='word_1_554' title='bbox 232 3875 441 3947; x_wconf 72' lang='grc' dir='ltr'>Χριστοῦ</span> <span class='ocrx_word' id='word_1_555' title='bbox 500 3871 809 3943; x_wconf 85' lang='grc' dir='ltr'>παρουσίαν</span> <span class='ocrx_word' id='word_1_556' title='bbox 852 3871 1114 3940; x_wconf 77' lang='grc' dir='ltr'>σωτήριον</span> <span class='ocrx_word' id='word_1_557' title='bbox 1166 3866 1381 3920; x_wconf 79' lang='grc' dir='ltr'>ἔσεσθαι</span> <span class='ocrx_word' id='word_1_558' title='bbox 1447 3863 1713 3934; x_wconf 81' lang='grc' dir='ltr'>ὑπέσχετο</span> <span class='ocrx_word' id='word_1_559' title='bbox 1759 3860 1789 3912; x_wconf 77' lang='grc' dir='ltr'><strong>ό</strong></span> 
     </span>
    </p>
   </div>
   <div class='ocr_carea' id='block_1_73' title="bbox 232 3954 1789 4032">
    <p class='ocr_par' dir='ltr' id='par_1_73' title="bbox 232 3954 1789 4032">
     <span class='ocr_line' id='line_1_74' title="bbox 232 3954 1789 4032; baseline -0.01 -12"><span class='ocrx_word' id='word_1_560' title='bbox 232 3966 363 4032; x_wconf 83' lang='grc' dir='ltr'>Θεὸς,</span> <span class='ocrx_word' id='word_1_561' title='bbox 380 3966 489 4020; x_wconf 84' lang='grc' dir='ltr'>ἀλλ’</span> <span class='ocrx_word' id='word_1_562' title='bbox 508 3964 717 4031; x_wconf 82' lang='grc' dir='ltr'>ὀλίγοις</span> <span class='ocrx_word' id='word_1_563' title='bbox 744 3963 837 4016; x_wconf 74' lang='grc' dir='ltr'><strong>καὶ</strong></span> <span class='ocrx_word' id='word_1_564' title='bbox 859 3962 1054 4032; x_wconf 87' lang='grc' dir='ltr'>κομιδῆ</span> <span class='ocrx_word' id='word_1_565' title='bbox 1087 3959 1331 4021; x_wconf 89' lang='grc' dir='ltr'>σπανίοις</span> <span class='ocrx_word' id='word_1_566' title='bbox 1346 3958 1455 4020; x_wconf 80' lang='grc' dir='ltr'>τοῖς</span> <span class='ocrx_word' id='word_1_567' title='bbox 1476 3957 1556 4018; x_wconf 88' lang='grc' dir='ltr'><strong>είς</strong></span> <span class='ocrx_word' id='word_1_568' title='bbox 1571 3955 1662 4007; x_wconf 77' lang='grc' dir='ltr'>τὸν</span> <span class='ocrx_word' id='word_1_569' title='bbox 1677 3954 1789 4006; x_wconf 86' lang='grc' dir='ltr'><strong>Σω-</strong></span> 
     </span>
    </p>
   </div>
   <div class='ocr_carea' id='block_1_74' title="bbox 233 4044 1791 4128">
    <p class='ocr_par' dir='ltr' id='par_1_74' title="bbox 233 4044 1791 4128">
     <span class='ocr_line' id='line_1_75' title="bbox 233 4044 1791 4128; baseline -0.01 -17"><span class='ocrx_word' id='word_1_570' title='bbox 233 4054 353 4128; x_wconf 65' lang='grc' dir='ltr'>τῆρα</span> <span class='ocrx_word' id='word_1_571' title='bbox 382 4058 476 4110; x_wconf 68' lang='grc' dir='ltr'><strong>καὶ</strong></span> <span class='ocrx_word' id='word_1_572' title='bbox 498 4053 706 4125; x_wconf 76' lang='grc' dir='ltr'>Κύριον</span> <span class='ocrx_word' id='word_1_573' title='bbox 732 4055 765 4123; x_wconf 82' lang='grc' dir='ltr'><strong>ἡ</strong></span> <span class='ocrx_word' id='word_1_574' title='bbox 775 4053 890 4123; x_wconf 87' lang='grc' dir='ltr'><strong>μῶν</strong></span> <span class='ocrx_word' id='word_1_575' title='bbox 916 4049 1353 4112; x_wconf 86' lang='grc' dir='ltr'>πεπιστευκόσιν,</span> <span class='ocrx_word' id='word_1_576' title='bbox 1384 4044 1666 4117; x_wconf 82' lang='grc' dir='ltr'>ὡσπεροῦν</span> <span class='ocrx_word' id='word_1_577' title='bbox 1698 4044 1791 4096; x_wconf 77' lang='grc' dir='ltr'><strong>καὶ</strong></span> 
     </span>
    </p>
   </div>
   <div class='ocr_carea' id='block_1_75' title="bbox 230 4136 1789 4220">
    <p class='ocr_par' dir='ltr' id='par_1_75' title="bbox 230 4136 1789 4220">
     <span class='ocr_line' id='line_1_76' title="bbox 230 4136 1789 4220; baseline -0.007 -20"><span class='ocrx_word' id='word_1_578' title='bbox 230 4147 282 4200; x_wconf 81' lang='grc' dir='ltr'><strong>τὸ</strong></span> <span class='ocrx_word' id='word_1_579' title='bbox 301 4148 448 4220; x_wconf 75' lang='grc' dir='ltr'>ἔργον</span> <span class='ocrx_word' id='word_1_580' title='bbox 468 4146 780 4210; x_wconf 81' lang='grc' dir='ltr'>ἀκολούθως</span> <span class='ocrx_word' id='word_1_581' title='bbox 797 4146 913 4207; x_wconf 86' lang='grc' dir='ltr'>ταῖς</span> <span class='ocrx_word' id='word_1_582' title='bbox 942 4142 1308 4215; x_wconf 76' lang='grc' dir='ltr'>προρρήσεσιν</span> <span class='ocrx_word' id='word_1_583' title='bbox 1336 4136 1789 4209; x_wconf 84' lang='grc' dir='ltr'>ἐπηκολούθησεν.</span> 
     </span>
    </p>
   </div>
   <div class='ocr_carea' id='block_1_76' title="bbox 1881 3300 3456 3377">
    <p class='ocr_par' dir='ltr' id='par_1_76' title="bbox 1881 3300 3456 3377">
     <span class='ocr_line' id='line_1_77' title="bbox 1881 3300 3456 3377; baseline -0.005 -16"><span class='ocrx_word' id='word_1_584' title='bbox 1881 3307 2023 3377; x_wconf 73' lang='lat' dir='ltr'><strong>quia:</strong></span> <span class='ocrx_word' id='word_1_585' title='bbox 2053 3305 2354 3361; x_wconf 90' lang='lat' dir='ltr'><strong>secundum</strong></span> <span class='ocrx_word' id='word_1_586' title='bbox 2384 3304 2708 3359; x_wconf 87' lang='lat' dir='ltr'><strong>electionem</strong></span> <span class='ocrx_word' id='word_1_587' title='bbox 2745 3302 2935 3373; x_wconf 69' lang='lat' dir='ltr'><strong>gratiae</strong></span> <span class='ocrx_word' id='word_1_588' title='bbox 2982 3301 3142 3358; x_wconf 77' lang='lat' dir='ltr'><strong>facta:</strong></span> <span class='ocrx_word' id='word_1_589' title='bbox 3180 3308 3313 3358; x_wconf 90' lang='lat' dir='ltr'><strong>sunt</strong></span> <span class='ocrx_word' id='word_1_590' title='bbox 3333 3300 3400 3354; x_wconf 71' lang='grc' dir='ltr'>ιθ.</span> <span class='ocrx_word' id='word_1_591' title='bbox 3436 3317 3456 3352; x_wconf 65' lang='grc' dir='ltr'><em>υ</em></span> 
     </span>
    </p>
   </div>
   <div class='ocr_carea' id='block_1_77' title="bbox 1882 3393 3462 3471">
    <p class='ocr_par' dir='ltr' id='par_1_77' title="bbox 1882 3393 3462 3471">
     <span class='ocr_line' id='line_1_78' title="bbox 1882 3393 3462 3471; baseline -0.002 -19"><span class='ocrx_word' id='word_1_592' title='bbox 1882 3399 1989 3471; x_wconf 74' lang='lat'><strong>63</strong></span> <span class='ocrx_word' id='word_1_593' title='bbox 2024 3398 2119 3454; x_wconf 87' lang='lat' dir='ltr'><strong>His</strong></span> <span class='ocrx_word' id='word_1_594' title='bbox 2149 3398 2295 3453; x_wconf 89' lang='lat' dir='ltr'><strong>enim</strong></span> <span class='ocrx_word' id='word_1_595' title='bbox 2326 3396 2505 3452; x_wconf 80' lang='lat' dir='ltr'><strong>verbis</strong></span> <span class='ocrx_word' id='word_1_596' title='bbox 2532 3395 2826 3466; x_wconf 86' lang='lat' dir='ltr'><strong>Apostolus</strong></span> <span class='ocrx_word' id='word_1_597' title='bbox 2852 3395 3011 3464; x_wconf 88' lang='lat' dir='ltr'><strong>plane</strong></span> <span class='ocrx_word' id='word_1_598' title='bbox 3040 3394 3095 3448; x_wconf 90' lang='lat' dir='ltr'><strong>in</strong></span> <span class='ocrx_word' id='word_1_599' title='bbox 3143 3394 3262 3463; x_wconf 89' lang='lat' dir='ltr'><strong>ipso</strong></span> <span class='ocrx_word' id='word_1_600' title='bbox 3293 3393 3462 3449; x_wconf 85' lang='lat' dir='ltr'><strong>totius</strong></span> 
     </span>
    </p>
   </div>
   <div class='ocr_carea' id='block_1_78' title="bbox 1883 3483 3466 3563">
    <p class='ocr_par' dir='ltr' id='par_1_78' title="bbox 1883 3483 3466 3563">
     <span class='ocr_line' id='line_1_79' title="bbox 1883 3483 3466 3563; baseline -0.006 -16"><span class='ocrx_word' id='word_1_601' title='bbox 1883 3490 2124 3547; x_wconf 67' lang='lat' dir='ltr'><strong>Judaicae</strong></span> <span class='ocrx_word' id='word_1_602' title='bbox 2152 3491 2329 3563; x_wconf 79' lang='lat' dir='ltr'><strong>gentis</strong></span> <span class='ocrx_word' id='word_1_603' title='bbox 2356 3505 2509 3553; x_wconf 87' lang='lat' dir='ltr'><strong>casu,</strong></span> <span class='ocrx_word' id='word_1_604' title='bbox 2539 3488 2781 3558; x_wconf 90' lang='lat' dir='ltr'><strong>seipsum</strong></span> <span class='ocrx_word' id='word_1_605' title='bbox 2801 3494 2853 3542; x_wconf 84' lang='lat' dir='ltr'><strong>ct</strong></span> <span class='ocrx_word' id='word_1_606' title='bbox 2884 3487 2986 3542; x_wconf 92' lang='lat' dir='ltr'><strong>sibi</strong></span> <span class='ocrx_word' id='word_1_607' title='bbox 3015 3486 3241 3551; x_wconf 86' lang='lat' dir='ltr'><strong>similes,</strong></span> <span class='ocrx_word' id='word_1_608' title='bbox 3272 3483 3466 3538; x_wconf 85' lang='lat' dir='ltr'><strong>Salva-</strong></span> 
     </span>
    </p>
   </div>
   <div class='ocr_carea' id='block_1_79' title="bbox 1884 3578 3465 3651">
    <p class='ocr_par' dir='ltr' id='par_1_79' title="bbox 1884 3578 3465 3651">
     <span class='ocr_line' id='line_1_80' title="bbox 1884 3578 3465 3651; baseline -0.006 -13"><span class='ocrx_word' id='word_1_609' title='bbox 1884 3585 2020 3640; x_wconf 89' lang='lat' dir='ltr'><strong>toris</strong></span> <span class='ocrx_word' id='word_1_610' title='bbox 2048 3584 2225 3639; x_wconf 90' lang='lat' dir='ltr'><strong>nostri</strong></span> <span class='ocrx_word' id='word_1_611' title='bbox 2265 3598 2390 3637; x_wconf 90' lang='lat' dir='ltr'><strong>cum</strong></span> <span class='ocrx_word' id='word_1_612' title='bbox 2446 3580 2745 3651; x_wconf 87' lang='lat' dir='ltr'><strong>apostolos,</strong></span> <span class='ocrx_word' id='word_1_613' title='bbox 2782 3588 2896 3633; x_wconf 92' lang='lat' dir='ltr'><strong>tum</strong></span> <span class='ocrx_word' id='word_1_614' title='bbox 2932 3578 3316 3647; x_wconf 80' lang='lat' dir='ltr'><strong>evangelistas,</strong></span> <span class='ocrx_word' id='word_1_615' title='bbox 3343 3591 3465 3631; x_wconf 88' lang='lat' dir='ltr'><strong>om-</strong></span> 
     </span>
    </p>
   </div>
   <div class='ocr_carea' id='block_1_80' title="bbox 1885 3671 3464 3749">
    <p class='ocr_par' dir='ltr' id='par_1_80' title="bbox 1885 3671 3464 3749">
     <span class='ocr_line' id='line_1_81' title="bbox 1885 3671 3464 3749; baseline -0.008 -13"><span class='ocrx_word' id='word_1_616' title='bbox 1885 3695 2091 3749; x_wconf 90' lang='lat' dir='ltr'><strong>nesque</strong></span> <span class='ocrx_word' id='word_1_617' title='bbox 2113 3680 2206 3749; x_wconf 92' lang='lat' dir='ltr'><strong>qui</strong></span> <span class='ocrx_word' id='word_1_618' title='bbox 2228 3693 2296 3732; x_wconf 80' lang='lat' dir='ltr'><strong>ex</strong></span> <span class='ocrx_word' id='word_1_619' title='bbox 2327 3675 2532 3732; x_wconf 65' lang='lat' dir='ltr'><strong>Judaais</strong></span> <span class='ocrx_word' id='word_1_620' title='bbox 2586 3674 2754 3730; x_wconf 90' lang='lat' dir='ltr'><strong>etiam</strong></span> <span class='ocrx_word' id='word_1_621' title='bbox 2783 3688 2932 3727; x_wconf 90' lang='lat' dir='ltr'><strong>nunc</strong></span> <span class='ocrx_word' id='word_1_622' title='bbox 2956 3671 3024 3726; x_wconf 88' lang='lat' dir='ltr'><strong>ad</strong></span> <span class='ocrx_word' id='word_1_623' title='bbox 3053 3671 3335 3727; x_wconf 86' lang='lat' dir='ltr'><strong>Christum</strong></span> <span class='ocrx_word' id='word_1_624' title='bbox 3367 3685 3464 3724; x_wconf 86' lang='lat' dir='ltr'><strong>ac-</strong></span> 
     </span>
    </p>
   </div>
   <div class='ocr_carea' id='block_1_81' title="bbox 1887 3756 3467 3835">
    <p class='ocr_par' dir='ltr' id='par_1_81' title="bbox 1887 3756 3467 3835">
     <span class='ocr_line' id='line_1_82' title="bbox 1887 3756 3467 3835; baseline -0.006 -9"><span class='ocrx_word' id='word_1_625' title='bbox 1887 3756 2111 3835; x_wconf 70' lang='lat' dir='ltr'><strong>cedunt,</strong></span> <span class='ocrx_word' id='word_1_626' title='bbox 2143 3784 2325 3825; x_wconf 84' lang='lat' dir='ltr'><strong>semen</strong></span> <span class='ocrx_word' id='word_1_627' title='bbox 2349 3782 2473 3823; x_wconf 91' lang='lat' dir='ltr'><strong>esse</strong></span> <span class='ocrx_word' id='word_1_628' title='bbox 2504 3765 2638 3820; x_wconf 88' lang='lat' dir='ltr'><strong>illud</strong></span> <span class='ocrx_word' id='word_1_629' title='bbox 2660 3765 2923 3828; x_wconf 88' lang='lat' dir='ltr'><strong>declarat,</strong></span> <span class='ocrx_word' id='word_1_630' title='bbox 2948 3762 3094 3834; x_wconf 87' lang='lat' dir='ltr'><strong>quod</strong></span> <span class='ocrx_word' id='word_1_631' title='bbox 3128 3764 3467 3817; x_wconf 89' lang='lat' dir='ltr'><strong>nominatum</strong></span> 
     </span>
    </p>
   </div>
   <div class='ocr_carea' id='block_1_82' title="bbox 1889 3854 3465 3933">
    <p class='ocr_par' dir='ltr' id='par_1_82' title="bbox 1889 3854 3465 3933">
     <span class='ocr_line' id='line_1_83' title="bbox 1889 3854 3465 3933; baseline -0.006 -15"><span class='ocrx_word' id='word_1_632' title='bbox 1889 3873 1973 3920; x_wconf 91' lang='lat' dir='ltr'><strong>est</strong></span> <span class='ocrx_word' id='word_1_633' title='bbox 2005 3878 2034 3916; x_wconf 90' lang='lat' dir='ltr'><strong>a</strong></span> <span class='ocrx_word' id='word_1_634' title='bbox 2064 3862 2326 3933; x_wconf 88' lang='lat' dir='ltr'><strong>propheta</strong></span> <span class='ocrx_word' id='word_1_635' title='bbox 2366 3862 2430 3923; x_wconf 91' lang='grc'><strong>¹⁷,</strong></span> <span class='ocrx_word' id='word_1_636' title='bbox 2462 3860 2551 3915; x_wconf 86' lang='lat' dir='ltr'><strong>ubi</strong></span> <span class='ocrx_word' id='word_1_637' title='bbox 2583 3861 2659 3913; x_wconf 86' lang='lat' dir='ltr'><strong>ait</strong></span> <span class='ocrx_word' id='word_1_638' title='bbox 2687 3878 2700 3913; x_wconf 91' lang='lat'><strong>:</strong></span> <span class='ocrx_word' id='word_1_639' title='bbox 2738 3879 2755 3910; x_wconf 78' lang='grc' dir='ltr'><strong>ι</strong></span> <span class='ocrx_word' id='word_1_640' title='bbox 2785 3858 2900 3914; x_wconf 87' lang='lat' dir='ltr'><strong>Nisi</strong></span> <span class='ocrx_word' id='word_1_641' title='bbox 2924 3857 3188 3911; x_wconf 90' lang='lat' dir='ltr'><strong>Dominus</strong></span> <span class='ocrx_word' id='word_1_642' title='bbox 3224 3854 3465 3910; x_wconf 87' lang='lat' dir='ltr'><strong>Sabaoth</strong></span> 
     </span>
    </p>
   </div>
   <div class='ocr_carea' id='block_1_83' title="bbox 1890 3948 3467 4025">
    <p class='ocr_par' dir='ltr' id='par_1_83' title="bbox 1890 3948 3467 4025">
     <span class='ocr_line' id='line_1_84' title="bbox 1890 3948 3467 4025; baseline -0.006 -14"><span class='ocrx_word' id='word_1_643' title='bbox 1890 3957 2219 4025; x_wconf 87' lang='lat' dir='ltr'><strong>reliquisset,</strong></span> <span class='ocrx_word' id='word_1_644' title='bbox 2280 3952 2438 4007; x_wconf 75' lang='lat' dir='ltr'><strong>nabis</strong></span> <span class='ocrx_word' id='word_1_645' title='bbox 2486 3968 2705 4017; x_wconf 89' lang='lat' dir='ltr'><strong>semen;</strong></span> <span class='ocrx_word' id='word_1_646' title='bbox 2767 3970 2786 4002; x_wconf 76' lang='grc' dir='ltr'><strong>ι</strong></span> <span class='ocrx_word' id='word_1_647' title='bbox 2829 3951 3042 4019; x_wconf 87' lang='lat' dir='ltr'><strong>hocque</strong></span> <span class='ocrx_word' id='word_1_648' title='bbox 3097 3948 3274 4017; x_wconf 91' lang='lat' dir='ltr'><strong>ipsum</strong></span> <span class='ocrx_word' id='word_1_649' title='bbox 3323 3962 3467 4012; x_wconf 90' lang='lat' dir='ltr'><strong>esse,</strong></span> 
     </span>
    </p>
   </div>
   <div class='ocr_carea' id='block_1_84' title="bbox 1892 4038 3470 4118">
    <p class='ocr_par' dir='ltr' id='par_1_84' title="bbox 1892 4038 3470 4118">
     <span class='ocr_line' id='line_1_85' title="bbox 1892 4038 3470 4118; baseline -0.007 -16"><span class='ocrx_word' id='word_1_650' title='bbox 1892 4047 2037 4118; x_wconf 90' lang='lat' dir='ltr'><strong>quod</strong></span> <span class='ocrx_word' id='word_1_651' title='bbox 2081 4046 2137 4099; x_wconf 90' lang='lat' dir='ltr'><strong>in</strong></span> <span class='ocrx_word' id='word_1_652' title='bbox 2188 4045 2413 4113; x_wconf 89' lang='lat' dir='ltr'><strong>reliquis</strong></span> <span class='ocrx_word' id='word_1_653' title='bbox 2466 4046 2596 4099; x_wconf 91' lang='lat' dir='ltr'><strong>item</strong></span> <span class='ocrx_word' id='word_1_654' title='bbox 2642 4041 2943 4112; x_wconf 87' lang='lat' dir='ltr'><strong>prophetiis</strong></span> <span class='ocrx_word' id='word_1_655' title='bbox 2973 4038 3332 4109; x_wconf 80' lang='lat' dir='ltr'><strong>significatur,</strong></span> <span class='ocrx_word' id='word_1_656' title='bbox 3369 4053 3470 4092; x_wconf 87' lang='lat' dir='ltr'><strong>no-</strong></span> 
     </span>
    </p>
   </div>
   <div class='ocr_carea' id='block_1_85' title="bbox 1897 4128 3470 4205">
    <p class='ocr_par' dir='ltr' id='par_1_85' title="bbox 1897 4128 3470 4205">
     <span class='ocr_line' id='line_1_86' title="bbox 1897 4128 3470 4205; baseline -0.006 -14"><span class='ocrx_word' id='word_1_657' title='bbox 1897 4137 2041 4192; x_wconf 89' lang='lat' dir='ltr'><strong>mine</strong></span> <span class='ocrx_word' id='word_1_658' title='bbox 2071 4136 2424 4205; x_wconf 88' lang='lat' dir='ltr'><strong>reliquiarum</strong></span> <span class='ocrx_word' id='word_1_659' title='bbox 2452 4135 2639 4197; x_wconf 89' lang='lat' dir='ltr'><strong>totius,</strong></span> <span class='ocrx_word' id='word_1_660' title='bbox 2683 4147 2821 4202; x_wconf 90' lang='lat' dir='ltr'><strong>quas</strong></span> <span class='ocrx_word' id='word_1_661' title='bbox 2860 4131 2993 4185; x_wconf 90' lang='lat' dir='ltr'><strong>dicit</strong></span> <span class='ocrx_word' id='word_1_662' title='bbox 3014 4129 3333 4205; x_wconf 78' lang='lat' dir='ltr'><strong>secundum</strong></span> <span class='ocrx_word' id='word_1_663' title='bbox 3358 4128 3470 4183; x_wconf 85' lang='lat' dir='ltr'><strong>ele-</strong></span> 
     </span>
    </p>
   </div>
   <div class='ocr_carea' id='block_1_86' title="bbox 235 4223 3472 4315">
    <p class='ocr_par' dir='ltr' id='par_1_86' title="bbox 235 4223 3472 4315">
     <span class='ocr_line' id='line_1_87' title="bbox 235 4223 3472 4315; baseline -0.006 -20"><span class='ocrx_word' id='word_1_664' title='bbox 235 4246 445 4299; x_wconf 85' lang='lat' dir='ltr'><strong>ctionem</strong></span> <span class='ocrx_word' id='word_1_665' title='bbox 476 4244 669 4315; x_wconf 63' lang='lat' dir='ltr'><strong>gratiae</strong></span> <span class='ocrx_word' id='word_1_666' title='bbox 696 4249 941 4298; x_wconf 84' lang='lat' dir='ltr'><strong>servatas</strong></span> <span class='ocrx_word' id='word_1_667' title='bbox 974 4255 1112 4295; x_wconf 90' lang='lat' dir='ltr'><strong>esse.</strong></span> <span class='ocrx_word' id='word_1_668' title='bbox 1149 4237 1226 4292; x_wconf 92' lang='lat' dir='ltr'><strong>De</strong></span> <span class='ocrx_word' id='word_1_669' title='bbox 1255 4237 1455 4307; x_wconf 87' lang='lat' dir='ltr'><strong>quibus</strong></span> <span class='ocrx_word' id='word_1_670' title='bbox 1486 4249 1617 4315; x_wconf 84' lang='lat' dir='ltr'><strong>sane</strong></span> <span class='ocrx_word' id='word_1_671' title='bbox 1648 4234 1916 4303; x_wconf 90' lang='lat' dir='ltr'><strong>reliquiis,</strong></span> <span class='ocrx_word' id='word_1_672' title='bbox 1944 4247 2043 4303; x_wconf 79' lang='lat' dir='ltr'><strong>age</strong></span> <span class='ocrx_word' id='word_1_673' title='bbox 2068 4234 2292 4297; x_wconf 82' lang='lat' dir='ltr'><strong>rursus,</strong></span> <span class='ocrx_word' id='word_1_674' title='bbox 2323 4244 2446 4299; x_wconf 64' lang='lat' dir='ltr'><strong>quae</strong></span> <span class='ocrx_word' id='word_1_675' title='bbox 2491 4228 2731 4290; x_wconf 74' lang='lat' dir='ltr'><strong>dixerint</strong></span> <span class='ocrx_word' id='word_1_676' title='bbox 2763 4225 3061 4296; x_wconf 66' lang='lat' dir='ltr'><strong>prophetae,</strong></span> <span class='ocrx_word' id='word_1_677' title='bbox 3112 4223 3276 4277; x_wconf 88' lang='lat' dir='ltr'><strong>latius</strong></span> <span class='ocrx_word' id='word_1_678' title='bbox 3315 4237 3472 4276; x_wconf 80' lang='lat' dir='ltr'><strong>exse-</strong></span> 
     </span>
    </p>
   </div>
   <div class='ocr_carea' id='block_1_87' title="bbox 235 4311 3471 4407">
    <p class='ocr_par' dir='ltr' id='par_1_87' title="bbox 235 4311 3471 4407">
     <span class='ocr_line' id='line_1_88' title="bbox 235 4311 3471 4407; baseline -0.007 -18"><span class='ocrx_word' id='word_1_679' title='bbox 235 4350 468 4405; x_wconf 84' lang='lat' dir='ltr'><strong>quamur,</strong></span> <span class='ocrx_word' id='word_1_680' title='bbox 490 4345 551 4392; x_wconf 87' lang='lat' dir='ltr'><strong>ut</strong></span> <span class='ocrx_word' id='word_1_681' title='bbox 580 4335 830 4407; x_wconf 88' lang='lat' dir='ltr'><strong>pluribus</strong></span> <span class='ocrx_word' id='word_1_682' title='bbox 864 4334 977 4404; x_wconf 87' lang='lat' dir='ltr'><strong>jam</strong></span> <span class='ocrx_word' id='word_1_683' title='bbox 1011 4338 1245 4395; x_wconf 91' lang='lat' dir='ltr'><strong>constet,</strong></span> <span class='ocrx_word' id='word_1_684' title='bbox 1285 4344 1392 4383; x_wconf 89' lang='lat' dir='ltr'><strong>non</strong></span> <span class='ocrx_word' id='word_1_685' title='bbox 1425 4311 1673 4382; x_wconf 86' lang='lat' dir='ltr'><strong>absolute</strong></span> <span class='ocrx_word' id='word_1_686' title='bbox 1700 4328 1969 4382; x_wconf 71' lang='lat' dir='ltr'><strong>universae</strong></span> <span class='ocrx_word' id='word_1_687' title='bbox 2006 4322 2318 4379; x_wconf 64' lang='lat' dir='ltr'><strong>Iudaeorum</strong></span> <span class='ocrx_word' id='word_1_688' title='bbox 2348 4320 2579 4384; x_wconf 89' lang='lat' dir='ltr'><strong>nationi,</strong></span> <span class='ocrx_word' id='word_1_689' title='bbox 2613 4319 2820 4373; x_wconf 83' lang='lat' dir='ltr'><strong>Christi</strong></span> <span class='ocrx_word' id='word_1_690' title='bbox 2848 4317 3144 4371; x_wconf 87' lang='lat' dir='ltr'><strong>adventum</strong></span> <span class='ocrx_word' id='word_1_691' title='bbox 3176 4313 3471 4369; x_wconf 89' lang='lat' dir='ltr'><strong>salutarem</strong></span> 
     </span>
    </p>
   </div>
   <div class='ocr_carea' id='block_1_88' title="bbox 236 4408 3470 4501">
    <p class='ocr_par' dir='ltr' id='par_1_88' title="bbox 236 4408 3470 4501">
     <span class='ocr_line' id='line_1_89' title="bbox 236 4408 3470 4501; baseline -0.006 -21"><span class='ocrx_word' id='word_1_692' title='bbox 236 4425 459 4485; x_wconf 89' lang='lat' dir='ltr'><strong>futurum</strong></span> <span class='ocrx_word' id='word_1_693' title='bbox 489 4430 790 4501; x_wconf 90' lang='lat' dir='ltr'><strong>pollicitum</strong></span> <span class='ocrx_word' id='word_1_694' title='bbox 820 4443 941 4483; x_wconf 87' lang='lat' dir='ltr'><strong>esse</strong></span> <span class='ocrx_word' id='word_1_695' title='bbox 976 4425 1167 4490; x_wconf 90' lang='lat' dir='ltr'><strong>Deum,</strong></span> <span class='ocrx_word' id='word_1_696' title='bbox 1203 4425 1298 4481; x_wconf 89' lang='lat' dir='ltr'><strong>sed</strong></span> <span class='ocrx_word' id='word_1_697' title='bbox 1331 4424 1519 4495; x_wconf 91' lang='lat' dir='ltr'><strong>paucis</strong></span> <span class='ocrx_word' id='word_1_698' title='bbox 1543 4438 1753 4484; x_wconf 88' lang='lat' dir='ltr'><strong>eorum,</strong></span> <span class='ocrx_word' id='word_1_699' title='bbox 1778 4431 1942 4492; x_wconf 84' lang='lat' dir='ltr'><strong>atque</strong></span> <span class='ocrx_word' id='word_1_700' title='bbox 1971 4419 2262 4475; x_wconf 87' lang='lat' dir='ltr'><strong>admodum</strong></span> <span class='ocrx_word' id='word_1_701' title='bbox 2292 4418 2456 4481; x_wconf 87' lang='lat' dir='ltr'><strong>raris,</strong></span> <span class='ocrx_word' id='word_1_702' title='bbox 2495 4416 2563 4471; x_wconf 90' lang='lat' dir='ltr'><strong>iis</strong></span> <span class='ocrx_word' id='word_1_703' title='bbox 2603 4415 2878 4475; x_wconf 84' lang='lat' dir='ltr'><strong>videlicet,</strong></span> <span class='ocrx_word' id='word_1_704' title='bbox 2913 4412 3005 4482; x_wconf 91' lang='lat' dir='ltr'><strong>qui</strong></span> <span class='ocrx_word' id='word_1_705' title='bbox 3028 4411 3082 4464; x_wconf 92' lang='lat' dir='ltr'><strong>in</strong></span> <span class='ocrx_word' id='word_1_706' title='bbox 3111 4408 3470 4471; x_wconf 88' lang='lat' dir='ltr'><strong>Salvatorem,</strong></span> 
     </span>
    </p>
   </div>
   <div class='ocr_carea' id='block_1_89' title="bbox 235 4500 3473 4588">
    <p class='ocr_par' dir='ltr' id='par_1_89' title="bbox 235 4500 3473 4588">
     <span class='ocr_line' id='line_1_90' title="bbox 235 4500 3473 4588; baseline -0.006 -15"><span class='ocrx_word' id='word_1_707' title='bbox 235 4500 588 4577; x_wconf 86' lang='lat' dir='ltr'><strong>etDominum</strong></span> <span class='ocrx_word' id='word_1_708' title='bbox 636 4530 882 4576; x_wconf 87' lang='lat' dir='ltr'><strong>nostrum</strong></span> <span class='ocrx_word' id='word_1_709' title='bbox 911 4518 1245 4574; x_wconf 88' lang='lat' dir='ltr'><strong>crediderint</strong></span> <span class='ocrx_word' id='word_1_710' title='bbox 1276 4537 1288 4572; x_wconf 89' lang='lat'><strong>:</strong></span> <span class='ocrx_word' id='word_1_711' title='bbox 1339 4516 1799 4588; x_wconf 86' lang='lat' dir='ltr'><strong>quemadmodum</strong></span> <span class='ocrx_word' id='word_1_712' title='bbox 1838 4522 1893 4571; x_wconf 92' lang='lat' dir='ltr'><strong>et</strong></span> <span class='ocrx_word' id='word_1_713' title='bbox 1920 4530 2010 4571; x_wconf 88' lang='lat' dir='ltr'><strong>res</strong></span> <span class='ocrx_word' id='word_1_714' title='bbox 2050 4515 2189 4585; x_wconf 87' lang='lat' dir='ltr'><strong>ipsa,</strong></span> <span class='ocrx_word' id='word_1_715' title='bbox 2226 4512 2362 4583; x_wconf 89' lang='lat' dir='ltr'><strong>ipsis</strong></span> <span class='ocrx_word' id='word_1_716' title='bbox 2397 4508 2851 4582; x_wconf 61' lang='lat' dir='ltr'><strong>praedictionibus</strong></span> <span class='ocrx_word' id='word_1_717' title='bbox 2883 4511 3253 4560; x_wconf 87' lang='lat' dir='ltr'><strong>consentanea</strong></span> <span class='ocrx_word' id='word_1_718' title='bbox 3289 4500 3473 4555; x_wconf 85' lang='lat' dir='ltr'><strong>decla-</strong></span> 
     </span>
    </p>
   </div>
   <div class='ocr_carea' id='block_1_90' title="bbox 1354 4606 1385 4627">
    <p class='ocr_par' dir='ltr' id='par_1_90' title="bbox 1354 4606 1385 4627">
     <span class='ocr_line' id='line_1_91' title="bbox 1354 4606 1385 4627; baseline 0 0"><span class='ocrx_word' id='word_1_719' title='bbox 1354 4606 1385 4627; x_wconf 57' lang='grc' dir='ltr'>δ</span> 
     </span>
    </p>
   </div>
   <div class='ocr_carea' id='block_1_91' title="bbox 235 4619 379 4676">
    <p class='ocr_par' dir='ltr' id='par_1_91' title="bbox 235 4619 379 4676">
     <span class='ocr_line' id='line_1_92' title="bbox 235 4619 379 4676; baseline 0.028 -4"><span class='ocrx_word' id='word_1_720' title='bbox 235 4619 379 4676; x_wconf 77' lang='lat' dir='ltr'><strong>mit.</strong></span> 
     </span>
    </p>
   </div>
   <div class='ocr_carea' id='block_1_92' title="bbox 766 4708 1262 4764">
    <p class='ocr_par' dir='ltr' id='par_1_92' title="bbox 766 4708 1262 4764">
     <span class='ocr_line' id='line_1_93' title="bbox 766 4708 1262 4764; baseline 0 -1"><span class='ocrx_word' id='word_1_721' title='bbox 766 4709 1159 4764; x_wconf 79' lang='grc' dir='ltr'><strong>ΚΕΦΑΛΑΙΟΝ</strong></span> <span class='ocrx_word' id='word_1_722' title='bbox 1190 4708 1262 4763; x_wconf 83' lang='grc' dir='ltr'><strong>Δ’.</strong></span> 
     </span>
    </p>
   </div>
   <div class='ocr_carea' id='block_1_93' title="bbox 236 4794 1788 4869">
    <p class='ocr_par' dir='ltr' id='par_1_93' title="bbox 236 4794 1788 4869">
     <span class='ocr_line' id='line_1_94' title="bbox 236 4794 1788 4869; baseline 0.001 -16"><span class='ocrx_word' id='word_1_723' title='bbox 236 4794 361 4869; x_wconf 59' lang='grc' dir='ltr'><strong>Δςη</strong></span> <span class='ocrx_word' id='word_1_724' title='bbox 391 4800 538 4856; x_wconf 80' lang='grc' dir='ltr'><strong>Ἀπὸ</strong></span> <span class='ocrx_word' id='word_1_725' title='bbox 568 4801 673 4855; x_wconf 85' lang='grc' dir='ltr'>τοῦ</span> <span class='ocrx_word' id='word_1_726' title='bbox 721 4802 980 4856; x_wconf 83' lang='grc' dir='ltr'>Ἡσαΐου.</span> <span class='ocrx_word' id='word_1_727' title='bbox 1018 4802 1138 4854; x_wconf 84' lang='grc' dir='ltr'>Ὅτι</span> <span class='ocrx_word' id='word_1_728' title='bbox 1164 4799 1250 4869; x_wconf 86' lang='grc' dir='ltr'>μὴ</span> <span class='ocrx_word' id='word_1_729' title='bbox 1282 4803 1367 4866; x_wconf 78' lang='grc' dir='ltr'>εἰς</span> <span class='ocrx_word' id='word_1_730' title='bbox 1393 4798 1516 4855; x_wconf 75' lang='grc' dir='ltr'><strong>πᾶν</strong></span> <span class='ocrx_word' id='word_1_731' title='bbox 1556 4800 1620 4853; x_wconf 76' lang='grc' dir='ltr'>τὸ</span> <span class='ocrx_word' id='word_1_732' title='bbox 1666 4801 1788 4854; x_wconf 85' lang='grc' dir='ltr'>Ἰου-</span> 
     </span>
    </p>
   </div>
   <div class='ocr_carea' id='block_1_94' title="bbox 297 4868 1797 4949">
    <p class='ocr_par' dir='ltr' id='par_1_94' title="bbox 297 4868 1797 4949">
     <span class='ocr_line' id='line_1_95' title="bbox 297 4868 1797 4949; baseline 0.001 -27"><span class='ocrx_word' id='word_1_733' title='bbox 297 4868 476 4949; x_wconf 62' lang='grc' dir='ltr'>δαίωφς</span> <span class='ocrx_word' id='word_1_734' title='bbox 503 4871 699 4949; x_wconf 53' lang='grc' dir='ltr'>ἔθνος,</span> <span class='ocrx_word' id='word_1_735' title='bbox 734 4873 985 4949; x_wconf 29' lang='grc' dir='ltr'><strong>ἀλλ’-είς</strong></span> <span class='ocrx_word' id='word_1_736' title='bbox 1013 4868 1254 4941; x_wconf 81' lang='grc' dir='ltr'>ὀλίγους</span> <span class='ocrx_word' id='word_1_737' title='bbox 1285 4870 1482 4925; x_wconf 84' lang='grc' dir='ltr'>αὐτῶν</span> <span class='ocrx_word' id='word_1_738' title='bbox 1504 4870 1695 4940; x_wconf 86' lang='grc' dir='ltr'>διήκει</span> <span class='ocrx_word' id='word_1_739' title='bbox 1723 4871 1797 4924; x_wconf 83' lang='grc' dir='ltr'>τὰ</span> 
     </span>
    </p>
   </div>
   <div class='ocr_carea' id='block_1_95' title="bbox 297 4942 1029 5012">
    <p class='ocr_par' dir='ltr' id='par_1_95' title="bbox 297 4942 1029 5012">
     <span class='ocr_line' id='line_1_96' title="bbox 297 4942 1029 5012; baseline 0.004 -19"><span class='ocrx_word' id='word_1_740' title='bbox 297 4942 413 4993; x_wconf 78' lang='grc' dir='ltr'><strong>τῶν</strong></span> <span class='ocrx_word' id='word_1_741' title='bbox 443 4942 615 4995; x_wconf 76' lang='grc' dir='ltr'>θείων</span> <span class='ocrx_word' id='word_1_742' title='bbox 641 4942 1029 5012; x_wconf 70' lang='grc' dir='ltr'>ἐπαγγελιῶν.</span> 
     </span>
    </p>
   </div>
   <div class='ocr_carea' id='block_1_96' title="bbox 306 5031 1798 5104">
    <p class='ocr_par' dir='ltr' id='par_1_96' title="bbox 306 5031 1798 5104">
     <span class='ocr_line' id='line_1_97' title="bbox 306 5031 1798 5104; baseline 0.002 -23"><span class='ocrx_word' id='word_1_743' title='bbox 306 5048 326 5081; x_wconf 74' lang='grc' dir='ltr'>α</span> <span class='ocrx_word' id='word_1_744' title='bbox 364 5031 428 5083; x_wconf 84' lang='grc' dir='ltr'>Ἡ</span> <span class='ocrx_word' id='word_1_745' title='bbox 474 5033 546 5102; x_wconf 78' lang='grc' dir='ltr'>γῆ</span> <span class='ocrx_word' id='word_1_746' title='bbox 583 5032 738 5103; x_wconf 78' lang='grc' dir='ltr'>ὑμῶν</span> <span class='ocrx_word' id='word_1_747' title='bbox 771 5033 994 5104; x_wconf 77' lang='grc' dir='ltr'>ἔρημος,</span> <span class='ocrx_word' id='word_1_748' title='bbox 1029 5035 1084 5087; x_wconf 86' lang='grc' dir='ltr'><strong>αί</strong></span> <span class='ocrx_word' id='word_1_749' title='bbox 1126 5031 1309 5096; x_wconf 86' lang='grc' dir='ltr'>πόλεις</span> <span class='ocrx_word' id='word_1_750' title='bbox 1340 5031 1493 5103; x_wconf 82' lang='grc' dir='ltr'>ὑμῶν</span> <span class='ocrx_word' id='word_1_751' title='bbox 1531 5032 1798 5102; x_wconf 86' lang='grc' dir='ltr'>πυρίκαυ-</span> 
     </span>
    </p>
   </div>
   <div class='ocr_carea' id='block_1_97' title="bbox 245 5123 1795 5198">
    <p class='ocr_par' dir='ltr' id='par_1_97' title="bbox 245 5123 1795 5198">
     <span class='ocr_line' id='line_1_98' title="bbox 245 5123 1795 5198; baseline 0.002 -24"><span class='ocrx_word' id='word_1_752' title='bbox 245 5136 363 5175; x_wconf 81' lang='grc' dir='ltr'>στοι·</span> <span class='ocrx_word' id='word_1_753' title='bbox 400 5123 496 5194; x_wconf 78' lang='grc' dir='ltr'><strong>τὴν</strong></span> <span class='ocrx_word' id='word_1_754' title='bbox 528 5123 712 5195; x_wconf 83' lang='grc' dir='ltr'>χώραν</span> <span class='ocrx_word' id='word_1_755' title='bbox 741 5126 770 5178; x_wconf 85' lang='grc' dir='ltr'><strong>ὑ</strong></span> <span class='ocrx_word' id='word_1_756' title='bbox 779 5126 914 5197; x_wconf 86' lang='grc' dir='ltr'>μῶν,</span> <span class='ocrx_word' id='word_1_757' title='bbox 934 5125 1162 5180; x_wconf 78' lang='grc' dir='ltr'>ἐνώπιον</span> <span class='ocrx_word' id='word_1_758' title='bbox 1192 5126 1344 5196; x_wconf 78' lang='grc' dir='ltr'>ὑμῶν</span> <span class='ocrx_word' id='word_1_759' title='bbox 1362 5124 1631 5198; x_wconf 82' lang='grc' dir='ltr'>ἀλλότριοι</span> <span class='ocrx_word' id='word_1_760' title='bbox 1660 5141 1795 5177; x_wconf 83' lang='grc' dir='ltr'>κατ-</span> 
     </span>
    </p>
   </div>
   <div class='ocr_carea' id='block_1_98' title="bbox 241 5216 1796 5293">
    <p class='ocr_par' dir='ltr' id='par_1_98' title="bbox 241 5216 1796 5293">
     <span class='ocr_line' id='line_1_99' title="bbox 241 5216 1796 5293; baseline 0.005 -25"><span class='ocrx_word' id='word_1_761' title='bbox 241 5216 492 5271; x_wconf 78' lang='grc' dir='ltr'>εσθίουσιν</span> <span class='ocrx_word' id='word_1_762' title='bbox 564 5220 770 5292; x_wconf 70' lang='grc' dir='ltr'>αὐτὴν,</span> <span class='ocrx_word' id='word_1_763' title='bbox 827 5222 922 5275; x_wconf 62' lang='grc' dir='ltr'>καὶ</span> <span class='ocrx_word' id='word_1_764' title='bbox 987 5224 1278 5293; x_wconf 72' lang='grc' dir='ltr'>ἠρήμωται</span> <span class='ocrx_word' id='word_1_765' title='bbox 1337 5222 1796 5293; x_wconf 80' lang='grc' dir='ltr'>κατεστραμμένη</span> 
     </span>
    </p>
   </div>
   <div class='ocr_carea' id='block_1_99' title="bbox 246 5306 1800 5385">
    <p class='ocr_par' dir='ltr' id='par_1_99' title="bbox 246 5306 1800 5385">
     <span class='ocr_line' id='line_1_100' title="bbox 246 5306 1800 5385; baseline 0.006 -27"><span class='ocrx_word' id='word_1_766' title='bbox 246 5306 341 5361; x_wconf 83' lang='grc' dir='ltr'>ὑπὸ</span> <span class='ocrx_word' id='word_1_767' title='bbox 367 5310 505 5364; x_wconf 79' lang='grc' dir='ltr'>λαῶν</span> <span class='ocrx_word' id='word_1_768' title='bbox 532 5312 847 5384; x_wconf 84' lang='grc' dir='ltr'>ἀλλοτρίων.</span> <span class='ocrx_word' id='word_1_769' title='bbox 881 5313 1520 5385; x_wconf 69' lang='grc' dir='ltr'>Ἐγκαταλειφθήσεταιὴ</span> <span class='ocrx_word' id='word_1_770' title='bbox 1554 5312 1800 5384; x_wconf 83' lang='grc' dir='ltr'>θυγάτηρ</span> 
     </span>
    </p>
   </div>
   <div class='ocr_carea' id='block_1_100' title="bbox 244 5397 1798 5477">
    <p class='ocr_par' dir='ltr' id='par_1_100' title="bbox 244 5397 1798 5477">
     <span class='ocr_line' id='line_1_101' title="bbox 244 5397 1798 5477; baseline 0.005 -27"><span class='ocrx_word' id='word_1_771' title='bbox 244 5397 393 5461; x_wconf 69' lang='grc' dir='ltr'>Σιὼν,</span> <span class='ocrx_word' id='word_1_772' title='bbox 416 5403 489 5467; x_wconf 79' lang='grc' dir='ltr'>ὡς</span> <span class='ocrx_word' id='word_1_773' title='bbox 516 5406 687 5475; x_wconf 76' lang='grc' dir='ltr'>σκηνὴ</span> <span class='ocrx_word' id='word_1_774' title='bbox 718 5406 774 5457; x_wconf 79' lang='grc' dir='ltr'><strong>ἐν</strong></span> <span class='ocrx_word' id='word_1_775' title='bbox 802 5405 1103 5475; x_wconf 80' lang='grc' dir='ltr'>ἀμπελῶνι,</span> <span class='ocrx_word' id='word_1_776' title='bbox 1130 5407 1225 5459; x_wconf 74' lang='grc' dir='ltr'><strong>καὶ</strong></span> <span class='ocrx_word' id='word_1_777' title='bbox 1256 5406 1330 5469; x_wconf 88' lang='grc' dir='ltr'>ὡς</span> <span class='ocrx_word' id='word_1_778' title='bbox 1354 5405 1798 5477; x_wconf 76' lang='grc' dir='ltr'>όπωροφυλάκιον</span> 
     </span>
    </p>
   </div>
   <div class='ocr_carea' id='block_1_101' title="bbox 246 5492 1802 5570">
    <p class='ocr_par' dir='ltr' id='par_1_101' title="bbox 246 5492 1802 5570">
     <span class='ocr_line' id='line_1_102' title="bbox 246 5492 1802 5570; baseline 0.005 -27"><span class='ocrx_word' id='word_1_779' title='bbox 246 5492 298 5543; x_wconf 85' lang='grc' dir='ltr'>ἑν</span> <span class='ocrx_word' id='word_1_780' title='bbox 341 5498 664 5568; x_wconf 79' lang='grc' dir='ltr'>σικυηράτῳ,</span> <span class='ocrx_word' id='word_1_781' title='bbox 698 5496 773 5562; x_wconf 80' lang='grc' dir='ltr'>ὡς</span> <span class='ocrx_word' id='word_1_782' title='bbox 808 5499 961 5562; x_wconf 85' lang='grc' dir='ltr'>πόλις</span> <span class='ocrx_word' id='word_1_783' title='bbox 1007 5499 1454 5570; x_wconf 77' lang='grc' dir='ltr'>πολιορκουμένη.</span> <span class='ocrx_word' id='word_1_784' title='bbox 1495 5499 1606 5552; x_wconf 69' lang='grc' dir='ltr'><strong>Καὶ</strong></span> <span class='ocrx_word' id='word_1_785' title='bbox 1637 5500 1684 5551; x_wconf 78' lang='grc' dir='ltr'>εἰ</span> <span class='ocrx_word' id='word_1_786' title='bbox 1729 5496 1802 5567; x_wconf 78' lang='grc' dir='ltr'>μὴ</span> 
     </span>
    </p>
   </div>
   <div class='ocr_carea' id='block_1_102' title="bbox 248 5583 1808 5662">
    <p class='ocr_par' dir='ltr' id='par_1_102' title="bbox 248 5583 1808 5662">
     <span class='ocr_line' id='line_1_103' title="bbox 248 5583 1808 5662; baseline 0.008 -27"><span class='ocrx_word' id='word_1_787' title='bbox 248 5583 433 5657; x_wconf 77' lang='grc' dir='ltr'>Κύριος</span> <span class='ocrx_word' id='word_1_788' title='bbox 464 5588 690 5642; x_wconf 82' lang='grc' dir='ltr'>Σαϐαὼθ</span> <span class='ocrx_word' id='word_1_789' title='bbox 735 5590 1087 5657; x_wconf 77' lang='grc' dir='ltr'>ἐγκατέλιπεν</span> <span class='ocrx_word' id='word_1_790' title='bbox 1130 5593 1262 5661; x_wconf 79' lang='grc' dir='ltr'>ἡμῖν</span> <span class='ocrx_word' id='word_1_791' title='bbox 1318 5591 1557 5662; x_wconf 78' lang='grc' dir='ltr'>σπέρμα,</span> <span class='ocrx_word' id='word_1_792' title='bbox 1600 5591 1675 5654; x_wconf 77' lang='grc' dir='ltr'>ὡς</span> <span class='ocrx_word' id='word_1_793' title='bbox 1712 5591 1808 5642; x_wconf 79' lang='grc' dir='ltr'><strong>Σό-</strong></span> 
     </span>
    </p>
   </div>
   <div class='ocr_carea' id='block_1_103' title="bbox 246 5671 1810 5751">
    <p class='ocr_par' dir='ltr' id='par_1_103' title="bbox 246 5671 1810 5751">
     <span class='ocr_line' id='line_1_104' title="bbox 246 5671 1810 5751; baseline -0.004 -17"><span class='ocrx_word' id='word_1_794' title='bbox 246 5671 373 5743; x_wconf 71' lang='grc' dir='ltr'>δοεια</span> <span class='ocrx_word' id='word_1_795' title='bbox 418 5677 481 5729; x_wconf 85' lang='grc' dir='ltr'><strong>ἂν</strong></span> <span class='ocrx_word' id='word_1_796' title='bbox 520 5678 878 5750; x_wconf 82' lang='grc' dir='ltr'>ἐγενήθημεν,</span> <span class='ocrx_word' id='word_1_797' title='bbox 918 5680 1011 5733; x_wconf 77' lang='grc' dir='ltr'><strong>καὶ</strong></span> <span class='ocrx_word' id='word_1_798' title='bbox 1038 5679 1114 5744; x_wconf 84' lang='grc' dir='ltr'>ὡς</span> <span class='ocrx_word' id='word_1_799' title='bbox 1151 5680 1402 5751; x_wconf 74' lang='grc' dir='ltr'>Γόμορρα</span> <span class='ocrx_word' id='word_1_800' title='bbox 1434 5678 1499 5732; x_wconf 86' lang='grc' dir='ltr'>ἂν</span> <span class='ocrx_word' id='word_1_801' title='bbox 1533 5675 1810 5749; x_wconf 81' lang='grc' dir='ltr'>ὡμοιώθη-</span> 
     </span>
    </p>
   </div>
   <div class='ocr_carea' id='block_1_104' title="bbox 318 5831 1858 5901">
    <p class='ocr_par' dir='ltr' id='par_1_104' title="bbox 318 5831 1858 5901">
     <span class='ocr_line' id='line_1_105' title="bbox 318 5831 1858 5901; baseline 0.002 -16"><span class='ocrx_word' id='word_1_802' title='bbox 318 5831 357 5861; x_wconf 82' lang='grc'>⁸⁸</span> <span class='ocrx_word' id='word_1_803' title='bbox 387 5835 533 5889; x_wconf 75' lang='lat' dir='ltr'><strong>ltoni.</strong></span> <span class='ocrx_word' id='word_1_804' title='bbox 565 5851 643 5901; x_wconf 81' lang='lat' dir='ltr'><strong>ix,</strong></span> <span class='ocrx_word' id='word_1_805' title='bbox 682 5834 867 5890; x_wconf 60' lang='lat'><strong>27-9.].</strong></span> <span class='ocrx_word' id='word_1_806' title='bbox 950 5837 991 5867; x_wconf 86' lang='grc'><strong>¹⁶</strong></span> <span class='ocrx_word' id='word_1_807' title='bbox 1015 5834 1170 5890; x_wconf 80' lang='lat' dir='ltr'><strong>Rom.</strong></span> <span class='ocrx_word' id='word_1_808' title='bbox 1216 5849 1292 5900; x_wconf 69' lang='grc' dir='ltr'>χι,</span> <span class='ocrx_word' id='word_1_809' title='bbox 1331 5835 1440 5889; x_wconf 75' lang='lat'><strong>1-3.</strong></span> <span class='ocrx_word' id='word_1_810' title='bbox 1526 5835 1567 5866; x_wconf 85' lang='grc'><strong>¹⁷</strong></span> <span class='ocrx_word' id='word_1_811' title='bbox 1600 5833 1704 5890; x_wconf 84' lang='lat' dir='ltr'><strong>Isa.</strong></span> <span class='ocrx_word' id='word_1_812' title='bbox 1732 5849 1768 5889; x_wconf 92' lang='grc' dir='ltr'><strong>ι.</strong></span> <span class='ocrx_word' id='word_1_813' title='bbox 1805 5834 1858 5889; x_wconf 91' lang='lat'><strong>9.</strong></span> 
     </span>
    </p>
   </div>
   <div class='ocr_carea' id='block_1_105' title="bbox 1825 4711 1869 4765">
    <p class='ocr_par' dir='ltr' id='par_1_105' title="bbox 1825 4711 1869 4765">
     <span class='ocr_line' id='line_1_106' title="bbox 1825 4711 1869 4765; baseline 0 0"><span class='ocrx_word' id='word_1_814' title='bbox 1825 4711 1869 4765; x_wconf 93' lang='lat' dir='ltr'><strong>D</strong></span> 
     </span>
    </p>
   </div>
   <div class='ocr_carea' id='block_1_106' title="bbox 2503 4695 2868 4754">
    <p class='ocr_par' dir='ltr' id='par_1_106' title="bbox 2503 4695 2868 4754">
     <span class='ocr_line' id='line_1_107' title="bbox 2503 4695 2868 4754; baseline -0.011 0"><span class='ocrx_word' id='word_1_815' title='bbox 2503 4696 2732 4754; x_wconf 79' lang='lat' dir='ltr'><strong>CAPUT</strong></span> <span class='ocrx_word' id='word_1_816' title='bbox 2783 4695 2868 4750; x_wconf 89' lang='lat' dir='ltr'><strong>IV.</strong></span> 
     </span>
    </p>
   </div>
   <div class='ocr_carea' id='block_1_107' title="bbox 1901 4780 3475 4854">
    <p class='ocr_par' dir='ltr' id='par_1_107' title="bbox 1901 4780 3475 4854">
     <span class='ocr_line' id='line_1_108' title="bbox 1901 4780 3475 4854; baseline -0.012 -2"><span class='ocrx_word' id='word_1_817' title='bbox 1901 4795 2142 4852; x_wconf 62' lang='lat' dir='ltr'><strong>XXXVI:</strong></span> <span class='ocrx_word' id='word_1_818' title='bbox 2178 4793 2253 4849; x_wconf 82' lang='lat' dir='ltr'><strong>Ab</strong></span> <span class='ocrx_word' id='word_1_819' title='bbox 2300 4792 2473 4847; x_wconf 80' lang='lat' dir='ltr'><strong>Isaia.</strong></span> <span class='ocrx_word' id='word_1_820' title='bbox 2508 4820 2580 4833; x_wconf 89' lang='lat'><strong><em>—</em></strong></span> <span class='ocrx_word' id='word_1_821' title='bbox 2620 4788 2773 4854; x_wconf 84' lang='lat' dir='ltr'><strong>Quod</strong></span> <span class='ocrx_word' id='word_1_822' title='bbox 2836 4803 2938 4840; x_wconf 83' lang='lat' dir='ltr'><strong>non</strong></span> <span class='ocrx_word' id='word_1_823' title='bbox 3004 4786 3056 4837; x_wconf 82' lang='lat' dir='ltr'><strong>in</strong></span> <span class='ocrx_word' id='word_1_824' title='bbox 3110 4798 3313 4854; x_wconf 75' lang='lat' dir='ltr'><strong>omnem</strong></span> <span class='ocrx_word' id='word_1_825' title='bbox 3372 4780 3475 4834; x_wconf 82' lang='lat' dir='ltr'><strong>Ju-</strong></span> 
     </span>
    </p>
   </div>
   <div class='ocr_carea' id='block_1_108' title="bbox 1973 4852 3474 4935">
    <p class='ocr_par' dir='ltr' id='par_1_108' title="bbox 1973 4852 3474 4935">
     <span class='ocr_line' id='line_1_109' title="bbox 1973 4852 3474 4935; baseline -0.01 -15"><span class='ocrx_word' id='word_1_826' title='bbox 1973 4867 2183 4921; x_wconf 81' lang='lat' dir='ltr'><strong>daicam</strong></span> <span class='ocrx_word' id='word_1_827' title='bbox 2222 4874 2452 4935; x_wconf 81' lang='lat' dir='ltr'><strong>gentem,</strong></span> <span class='ocrx_word' id='word_1_828' title='bbox 2492 4860 2581 4916; x_wconf 83' lang='lat' dir='ltr'><strong>sed</strong></span> <span class='ocrx_word' id='word_1_829' title='bbox 2640 4852 2695 4914; x_wconf 67' lang='lat' dir='ltr'><strong>in</strong></span> <span class='ocrx_word' id='word_1_830' title='bbox 2739 4874 2932 4919; x_wconf 79' lang='lat' dir='ltr'><strong>paucos</strong></span> <span class='ocrx_word' id='word_1_831' title='bbox 2965 4869 3140 4908; x_wconf 84' lang='lat' dir='ltr'><strong>eorum</strong></span> <span class='ocrx_word' id='word_1_832' title='bbox 3165 4852 3474 4933; x_wconf 28' lang='lat' dir='ltr'><strong>.duntaxat,</strong></span> 
     </span>
    </p>
   </div>
   <div class='ocr_carea' id='block_1_109' title="bbox 1972 4927 3252 5002">
    <p class='ocr_par' dir='ltr' id='par_1_109' title="bbox 1972 4927 3252 5002">
     <span class='ocr_line' id='line_1_110' title="bbox 1972 4927 3252 5002; baseline -0.011 -11"><span class='ocrx_word' id='word_1_833' title='bbox 1972 4927 2269 4993; x_wconf 62' lang='lat' dir='ltr'><strong>divinorum</strong></span> <span class='ocrx_word' id='word_1_834' title='bbox 2301 4935 2681 5002; x_wconf 81' lang='lat' dir='ltr'><strong>promissorum</strong></span> <span class='ocrx_word' id='word_1_835' title='bbox 2707 4938 2888 4982; x_wconf 81' lang='lat' dir='ltr'><strong>eventa</strong></span> <span class='ocrx_word' id='word_1_836' title='bbox 2912 4927 3252 4995; x_wconf 79' lang='lat' dir='ltr'><strong>pervenerint.</strong></span> 
     </span>
    </p>
   </div>
   <div class='ocr_carea' id='block_1_110' title="bbox 1978 5021 3479 5085">
    <p class='ocr_par' dir='ltr' id='par_1_110' title="bbox 1978 5021 3479 5085">
     <span class='ocr_line' id='line_1_111' title="bbox 1978 5021 3479 5085; baseline -0.01 -3"><span class='ocrx_word' id='word_1_837' title='bbox 1978 5050 1996 5082; x_wconf 77' lang='grc' dir='ltr'><strong>ι</strong></span> <span class='ocrx_word' id='word_1_838' title='bbox 2043 5029 2213 5085; x_wconf 85' lang='lat' dir='ltr'><strong>Terra</strong></span> <span class='ocrx_word' id='word_1_839' title='bbox 2243 5034 2426 5082; x_wconf 86' lang='lat' dir='ltr'><strong>vestra</strong></span> <span class='ocrx_word' id='word_1_840' title='bbox 2456 5024 2692 5085; x_wconf 87' lang='lat' dir='ltr'><strong>deserta,</strong></span> <span class='ocrx_word' id='word_1_841' title='bbox 2730 5021 2985 5074; x_wconf 82' lang='lat' dir='ltr'><strong>civitates</strong></span> <span class='ocrx_word' id='word_1_842' title='bbox 3017 5024 3213 5071; x_wconf 79' lang='lat' dir='ltr'><strong>vestra:</strong></span> <span class='ocrx_word' id='word_1_843' title='bbox 3247 5028 3479 5069; x_wconf 90' lang='lat' dir='ltr'><strong>succen-</strong></span> 
     </span>
    </p>
   </div>
   <div class='ocr_carea' id='block_1_111' title="bbox 1905 5112 3481 5194">
    <p class='ocr_par' dir='ltr' id='par_1_111' title="bbox 1905 5112 3481 5194">
     <span class='ocr_line' id='line_1_112' title="bbox 1905 5112 3481 5194; baseline -0.015 -14"><span class='ocrx_word' id='word_1_844' title='bbox 1905 5140 1979 5180; x_wconf 76' lang='lat' dir='ltr'><strong>sae</strong></span> <span class='ocrx_word' id='word_1_845' title='bbox 2021 5122 2173 5194; x_wconf 78' lang='lat' dir='ltr'><strong>igni:</strong></span> <span class='ocrx_word' id='word_1_846' title='bbox 2226 5120 2502 5188; x_wconf 81' lang='lat' dir='ltr'><strong>regionem</strong></span> <span class='ocrx_word' id='word_1_847' title='bbox 2552 5122 2813 5173; x_wconf 83' lang='lat' dir='ltr'><strong>vestram,</strong></span> <span class='ocrx_word' id='word_1_848' title='bbox 2848 5112 2901 5164; x_wconf 93' lang='lat' dir='ltr'><strong>in</strong></span> <span class='ocrx_word' id='word_1_849' title='bbox 2951 5116 3246 5178; x_wconf 88' lang='lat' dir='ltr'><strong>conspectu</strong></span> <span class='ocrx_word' id='word_1_850' title='bbox 3296 5116 3481 5160; x_wconf 87' lang='lat' dir='ltr'><strong>vestro</strong></span> 
     </span>
    </p>
   </div>
   <div class='ocr_carea' id='block_1_112' title="bbox 1907 5198 3477 5269">
    <p class='ocr_par' dir='ltr' id='par_1_112' title="bbox 1907 5198 3477 5269">
     <span class='ocr_line' id='line_1_113' title="bbox 1907 5198 3477 5269; baseline -0.014 1"><span class='ocrx_word' id='word_1_851' title='bbox 1907 5215 2066 5269; x_wconf 89' lang='lat' dir='ltr'><strong>alieni</strong></span> <span class='ocrx_word' id='word_1_852' title='bbox 2099 5214 2360 5267; x_wconf 83' lang='lat' dir='ltr'><strong>devorant</strong></span> <span class='ocrx_word' id='word_1_853' title='bbox 2394 5229 2406 5263; x_wconf 87' lang='lat'><strong>:</strong></span> <span class='ocrx_word' id='word_1_854' title='bbox 2432 5216 2485 5264; x_wconf 87' lang='lat' dir='ltr'><strong>et</strong></span> <span class='ocrx_word' id='word_1_855' title='bbox 2511 5208 2727 5262; x_wconf 88' lang='lat' dir='ltr'><strong>deserta</strong></span> <span class='ocrx_word' id='word_1_856' title='bbox 2756 5212 2859 5264; x_wconf 83' lang='lat' dir='ltr'><strong>est,</strong></span> <span class='ocrx_word' id='word_1_857' title='bbox 2885 5217 3008 5256; x_wconf 87' lang='lat' dir='ltr'><strong>eum</strong></span> <span class='ocrx_word' id='word_1_858' title='bbox 3039 5199 3302 5255; x_wconf 83' lang='lat' dir='ltr'><strong>subversa</strong></span> <span class='ocrx_word' id='word_1_859' title='bbox 3343 5198 3415 5251; x_wconf 90' lang='lat' dir='ltr'><strong>sit</strong></span> <span class='ocrx_word' id='word_1_860' title='bbox 3446 5210 3477 5248; x_wconf 91' lang='lat' dir='ltr'><strong>a</strong></span> 
     </span>
    </p>
   </div>
   <div class='ocr_carea' id='block_1_113' title="bbox 1908 5290 3483 5378">
    <p class='ocr_par' dir='ltr' id='par_1_113' title="bbox 1908 5290 3483 5378">
     <span class='ocr_line' id='line_1_114' title="bbox 1908 5290 3483 5378; baseline -0.013 -17"><span class='ocrx_word' id='word_1_861' title='bbox 1908 5306 2121 5378; x_wconf 90' lang='lat' dir='ltr'><strong>populis</strong></span> <span class='ocrx_word' id='word_1_862' title='bbox 2153 5303 2364 5357; x_wconf 88' lang='lat' dir='ltr'><strong>alienis.</strong></span> <span class='ocrx_word' id='word_1_863' title='bbox 2394 5300 2755 5368; x_wconf 81' lang='lat' dir='ltr'><strong>Relinquetur</strong></span> <span class='ocrx_word' id='word_1_864' title='bbox 2788 5294 2895 5348; x_wconf 84' lang='lat' dir='ltr'><strong>lilia</strong></span> <span class='ocrx_word' id='word_1_865' title='bbox 2922 5292 3077 5358; x_wconf 91' lang='lat' dir='ltr'><strong>Sion,</strong></span> <span class='ocrx_word' id='word_1_866' title='bbox 3104 5299 3163 5345; x_wconf 93' lang='lat' dir='ltr'><strong>ut</strong></span> <span class='ocrx_word' id='word_1_867' title='bbox 3189 5290 3483 5344; x_wconf 87' lang='lat' dir='ltr'><strong>umbracu-</strong></span> 
     </span>
    </p>
   </div>
   <div class='ocr_carea' id='block_1_114' title="bbox 1908 5379 3482 5460">
    <p class='ocr_par' dir='ltr' id='par_1_114' title="bbox 1908 5379 3482 5460">
     <span class='ocr_line' id='line_1_115' title="bbox 1908 5379 3482 5460; baseline -0.014 -6"><span class='ocrx_word' id='word_1_868' title='bbox 1908 5401 2018 5454; x_wconf 89' lang='lat' dir='ltr'><strong>lum</strong></span> <span class='ocrx_word' id='word_1_869' title='bbox 2068 5400 2124 5452; x_wconf 92' lang='lat' dir='ltr'><strong>in</strong></span> <span class='ocrx_word' id='word_1_870' title='bbox 2172 5397 2327 5452; x_wconf 84' lang='lat' dir='ltr'><strong>vinea</strong></span> <span class='ocrx_word' id='word_1_871' title='bbox 2360 5435 2374 5459; x_wconf 94' lang='lat'><strong>,</strong></span> <span class='ocrx_word' id='word_1_872' title='bbox 2425 5401 2477 5448; x_wconf 92' lang='lat' dir='ltr'><strong>et</strong></span> <span class='ocrx_word' id='word_1_873' title='bbox 2515 5401 2773 5460; x_wconf 85' lang='lat' dir='ltr'><strong>tanquam</strong></span> <span class='ocrx_word' id='word_1_874' title='bbox 2817 5387 3090 5441; x_wconf 86' lang='lat' dir='ltr'><strong>fructuum</strong></span> <span class='ocrx_word' id='word_1_875' title='bbox 3135 5381 3383 5438; x_wconf 85' lang='lat' dir='ltr'><strong>custodia</strong></span> <span class='ocrx_word' id='word_1_876' title='bbox 3427 5379 3482 5433; x_wconf 88' lang='lat' dir='ltr'><strong>in</strong></span> 
     </span>
    </p>
   </div>
   <div class='ocr_carea' id='block_1_115' title="bbox 1908 5472 3481 5556">
    <p class='ocr_par' dir='ltr' id='par_1_115' title="bbox 1908 5472 3481 5556">
     <span class='ocr_line' id='line_1_116' title="bbox 1908 5472 3481 5556; baseline -0.014 -8"><span class='ocrx_word' id='word_1_877' title='bbox 1908 5490 2306 5552; x_wconf 88' lang='lat' dir='ltr'><strong>cucumerario,</strong></span> <span class='ocrx_word' id='word_1_878' title='bbox 2338 5496 2598 5556; x_wconf 90' lang='lat' dir='ltr'><strong>tanquam</strong></span> <span class='ocrx_word' id='word_1_879' title='bbox 2636 5481 2827 5538; x_wconf 90' lang='lat' dir='ltr'><strong>civitas</strong></span> <span class='ocrx_word' id='word_1_880' title='bbox 2858 5481 2911 5534; x_wconf 89' lang='lat' dir='ltr'><strong>in</strong></span> <span class='ocrx_word' id='word_1_881' title='bbox 2944 5478 3246 5535; x_wconf 87' lang='lat' dir='ltr'><strong>obsidione.</strong></span> <span class='ocrx_word' id='word_1_882' title='bbox 3272 5474 3338 5528; x_wconf 86' lang='lat' dir='ltr'><strong>Et</strong></span> <span class='ocrx_word' id='word_1_883' title='bbox 3375 5472 3481 5528; x_wconf 90' lang='lat' dir='ltr'><strong>nisi</strong></span> 
     </span>
    </p>
   </div>
   <div class='ocr_carea' id='block_1_116' title="bbox 1915 5563 3484 5645">
    <p class='ocr_par' dir='ltr' id='par_1_116' title="bbox 1915 5563 3484 5645">
     <span class='ocr_line' id='line_1_117' title="bbox 1915 5563 3484 5645; baseline -0.013 -8"><span class='ocrx_word' id='word_1_884' title='bbox 1915 5583 2176 5637; x_wconf 90' lang='lat' dir='ltr'><strong>Dominus</strong></span> <span class='ocrx_word' id='word_1_885' title='bbox 2225 5579 2463 5634; x_wconf 86' lang='lat' dir='ltr'><strong>Sabaoth</strong></span> <span class='ocrx_word' id='word_1_886' title='bbox 2503 5575 2812 5645; x_wconf 86' lang='lat' dir='ltr'><strong>reliquisset</strong></span> <span class='ocrx_word' id='word_1_887' title='bbox 2859 5572 3015 5627; x_wconf 89' lang='lat' dir='ltr'><strong>nobis</strong></span> <span class='ocrx_word' id='word_1_888' title='bbox 3060 5585 3267 5632; x_wconf 86' lang='lat' dir='ltr'><strong>semen,</strong></span> <span class='ocrx_word' id='word_1_889' title='bbox 3326 5563 3484 5635; x_wconf 86' lang='lat' dir='ltr'><strong>quasi</strong></span> 
     </span>
    </p>
   </div>
   <div class='ocr_carea' id='block_1_117' title="bbox 1918 5657 3484 5736">
    <p class='ocr_par' dir='ltr' id='par_1_117' title="bbox 1918 5657 3484 5736">
     <span class='ocr_line' id='line_1_118' title="bbox 1918 5657 3484 5736; baseline -0.013 -5"><span class='ocrx_word' id='word_1_890' title='bbox 1918 5674 2155 5731; x_wconf 88' lang='lat' dir='ltr'><strong>Sodoma</strong></span> <span class='ocrx_word' id='word_1_891' title='bbox 2198 5672 2325 5726; x_wconf 88' lang='lat' dir='ltr'><strong>facti</strong></span> <span class='ocrx_word' id='word_1_892' title='bbox 2352 5684 2618 5736; x_wconf 89' lang='lat' dir='ltr'><strong>essemus,</strong></span> <span class='ocrx_word' id='word_1_893' title='bbox 2655 5675 2706 5723; x_wconf 92' lang='lat' dir='ltr'><strong>et</strong></span> <span class='ocrx_word' id='word_1_894' title='bbox 2749 5668 2891 5723; x_wconf 89' lang='lat' dir='ltr'><strong>sicut</strong></span> <span class='ocrx_word' id='word_1_895' title='bbox 2937 5662 3242 5719; x_wconf 84' lang='lat' dir='ltr'><strong>Comorrha</strong></span> <span class='ocrx_word' id='word_1_896' title='bbox 3277 5657 3484 5716; x_wconf 87' lang='lat' dir='ltr'><strong>similes</strong></span> 
     </span>
    </p>
   </div>
   <div class='ocr_carea' id='block_1_118' title="bbox 1943 5828 2282 5886">
    <p class='ocr_par' dir='ltr' id='par_1_118' title="bbox 1943 5828 2282 5886">
     <span class='ocr_line' id='line_1_119' title="bbox 1943 5828 2282 5886; baseline -0.009 0"><span class='ocrx_word' id='word_1_897' title='bbox 1943 5832 1983 5863; x_wconf 82' lang='grc'><strong>¹⁸</strong></span> <span class='ocrx_word' id='word_1_898' title='bbox 2008 5830 2141 5886; x_wconf 85' lang='lat' dir='ltr'><strong>ibid.</strong></span> <span class='ocrx_word' id='word_1_899' title='bbox 2169 5828 2282 5884; x_wconf 80' lang='lat'><strong>7-9.</strong></span> 
     </span>
    </p>
   </div>
  </div>
