4056 6418
535 341 633 401 127

1171 339 1456 412 IEUSEBII
1489 338 1960 394 CASSARIENSIS
1997 334 2145 391 OPP.
2188 332 2366 388 PARS
2403 333 2469 390 II.
2508 364 2576 375 ——
2614 329 3111 387 APOLOGETICA.

3653 334 3756 388 1%

532 463 826 518 fuissemus
855 460 917 514 “.
959 478 980 511 ι
1014 457 1312 513 Exordiens
1337 473 1565 527 magnus
1604 458 1927 528 divinusque
1970 472 2093 527 pro-

2201 474 2350 527 μεν.»
2383 453 2705 524 Ἀρχόμενος
2752 452 2780 502 6
2812 451 2985 521 μέγας
3012 450 3107 502 καὶ
3140 447 3436 519 Θαυμάσιος
3473 452 3758 524 προφήτης

531 554 693 626 pheta
739 566 900 608 suum
951 564 1108 619 opus,
1150 550 1382 619 primum
1436 550 1595 604 docet
1636 548 2089 620 quemadmodum

534 647 846 699 universum
889 657 1001 696 sua:
1044 642 1342 712 praphetiae
1386 642 1910 713 propositum,nihil
1940 641 2093 694 aliud

531 736 793 798 continet,
828 750 989 804 quam
1045 735 1309 788 visionem
1341 741 1395 788 ct
1426 734 1935 803 contemplationem
1968 745 2089 800 qua:

532 826 737 879 feratur
799 835 987 879 contra
1051 824 1289 878 Iudaeam
1322 866 1336 888 ,
1390 834 1442 879 et
1499 832 1688 879 contra
1735 822 2032 879 Jerusalem
2076 839 2090 875 :

531 915 724 970 deinde
752 924 1004 969 cunctam
1028 914 1336 969 Iudaeorum
1361 916 1633 971 nationem
1662 915 1955 985 redarguit,
1983 913 2095 983 pri-

530 1023 678 1061 mum
727 1008 842 1062 haac
881 1007 1109 1062 dicens:
1146 1025 1163 1056 ι
1204 1007 1437 1077 Agnovit
1473 1008 1573 1062 bos
1616 1022 2010 1078 possessorem,
2042 1013 2096 1060 et

533 1099 721 1154 asinus
769 1115 1006 1169 prmsepe
1039 1099 1250 1153 Domini
1294 1100 1414 1163 sui;
1445 1098 1613 1153 Israel
1663 1109 1841 1154 autem
1873 1115 1959 1154 me
1985 1114 2094 1153 non

534 1192 774 1261 agnovit,
810 1200 862 1245 et
891 1191 1124 1259 pepulus
1150 1206 1257 1245 non
1289 1191 1557 1247 intellexit
1590 1193 1654 1244 ιθ.
1696 1210 1713 1242 ι
1751 1191 1950 1245 Deinde
1981 1192 2097 1245 uni-

533 1297 744 1337 versam
804 1292 1016 1351 gentem
1069 1281 1381 1351 deplorans,
1426 1282 1717 1353 adjungit‘:
1767 1301 1786 1333 ι
1825 1281 1917 1337 Vir
1949 1282 2094 1352 genti

532 1375 844 1444 peccatrici,
905 1373 1103 1442 populo
1160 1376 1318 1442 pleno
1366 1374 1640 1444 peccatis,
1668 1375 1861 1428 semini
1909 1391 2092 1443 pravo,

534 1466 659 1520 ﬁliis
692 1465 893 1534 iniquis
916 1467 982 1519 ²⁰.
1021 1486 1038 1515 ι
1077 1464 1236 1519 Hisce
1259 1466 1412 1520 initio
1439 1465 1620 1535 operis
1644 1467 1732 1520 ubi
1762 1474 1951 1520 contra
1976 1466 2097 1520 illos

532 1571 666 1611 usus
696 1566 780 1610 est
822 1556 1316 1626 objurgationibus,
1344 1567 1397 1611 et
1428 1558 1709 1627 proposuit
1742 1572 1938 1614 causas
1977 1557 2097 1626 ejus

532 1649 792 1713 vaticinii,
815 1649 958 1718 quod
978 1658 1166 1703 contra
1184 1651 1303 1704 illos
1328 1649 1550 1715 feratur,
1571 1657 1683 1704 tum
1710 1650 1920 1705 initium
1948 1651 2094 1714 facit,

532 1733 718 1794 dicetis
750 1782 762 1793 .
793 1760 811 1791 ‹
845 1739 1011 1794 Terra
1036 1750 1217 1796 vestra
1237 1742 1470 1807 deserta,
1499 1762 1517 1793 ι
1535 1757 1654 1813 quae
1682 1749 1860 1797 tamen
1882 1742 2099 1797 deserta

2190 549 2289 617 τῆς
2315 546 2518 608 οίκείας
2548 543 2750 614 βίϐλου,
2784 541 2882 613 τὴν
2909 543 3086 595 πᾶσαν
3117 542 3215 612 τῆς
3248 543 3579 612 προφητείας
3621 544 3758 596 ὑπό-

2192 639 2357 701 θεσιν,
2392 634 2528 690 κατὰ
2554 636 2652 705 τῆς
2686 634 2945 697 Ἰουδαίας
2974 633 3065 686 καὶ
3092 631 3232 686 κατὰ
3264 633 3363 702 τῆς
3407 634 3758 705 Ἰερουσαλὴμ

2191 730 2377 800 ὅρασιν
2424 728 2515 780 καὶ
2556 726 2787 795 θεωρίαν
2834 723 3103 795 περιέχειν
3148 722 3413 776 διδάσκει·
3469 721 3655 775 ἔπειτα
3695 723 3758 776 τὸ

2193 820 2299 872 πᾶν
2345 817 2608 870 Ἰουδαίων
2652 815 2800 878 ἔθνος
2841 813 3150 884 ἁπελέγχει,
3196 813 3385 883 πρῶτα
3435 813 3532 883 μὲν
3562 813 3753 881 λέγι-ἰ’

2200 929 2218 962 ι
2245 911 2426 977 Ἔγνω
2455 906 2580 977 βοῦς
2621 906 2711 960 τὸν
2743 905 3100 976 κτησάμενον,
3146 906 3240 958 καὶ
3267 905 3385 968 ὄνος
3421 904 3518 976 τὴν
3551 906 3756 975 φάτνην

2192 1002 2285 1054 τοῦ
2331 1001 2518 1072 κυρίου
2564 998 2747 1052 αὑτοῦ*
2785 997 2999 1069 Ἰσραὴλ
3028 997 3084 1050 δέ
3133 1014 3201 1066 με
3248 997 3349 1049 οὐκ
3397 996 3555 1065 ἔγνω,
3596 998 3688 1050 καὶ
3727 999 3757 1052 6

2193 1093 2318 1157 λαός
2349 1110 2416 1163 με
2455 1091 2515 1144 οὐ
2543 1090 2823 1158 συνῆκεν.»
2854 1085 2986 1142 Εἶτα
3011 1089 3071 1141 τὸ
3109 1089 3213 1140 πᾶν
3255 1087 3403 1151 ἔθνος
3432 1087 3755 1151 ταλανίξων,

2194 1183 2494 1252 ἐπιφέρει·‹
2515 1183 2648 1236 Οὐαὶ
2666 1181 2815 1244 ἔθνος
2837 1179 3172 1251 ἁμαρτωλὸν,
3194 1177 3319 1241 λαὸς
3344 1177 3553 1249 πλήρης
3579 1179 3759 1250 ἁμαρ-

2196 1268 2346 1332 τιῶν,
2398 1268 2614 1339 σπέρμα
2665 1266 2916 1337 πονηρὸν,
2966 1265 3071 1316 υἱοὶ
3115 1264 3324 1333 ἄνομοι.
3361 1283 3380 1315 ι
3429 1263 3651 1325 Τούτοις
3698 1266 3756 1315 ἐν

2195 1362 2334 1434 ἀρχῇ
2367 1360 2466 1429 τῆς
2511 1358 2691 1429 βίϐλου
2727 1358 2843 1410 κατ’
2873 1356 3048 1410 αὐτῶν
3091 1354 3432 1426 χρησάμενος
3470 1357 3583 1417 τοῖς
3611 1355 3759 1423 ὲλέγ.

2194 1471 2330 1524 χοις,
2377 1455 2470 1506 καὶ
2507 1450 2824 1523 προδιδάξας
2865 1448 2963 1512 τὰς
2990 1450 3166 1511 αἰτίας
3188 1448 3285 1518 τῆς
3309 1448 3604 1519 μελλούσης
3633 1451 3756 1502 ἐπι-

2197 1542 2456 1615 φέρεσθαι
2494 1543 2613 1597 κατ’
2659 1544 2834 1597 αὐτῶν
2877 1544 3249 1614 προρρήσεως,
3294 1541 3420 1611 ἑξῆς
3450 1542 3756 1613 άπάρχεται

2198 1635 2439 1704 φάσκων·
2471 1654 2489 1685 ι
2532 1635 2595 1687 Ἠ
2633 1634 2704 1704 γῆ
2736 1633 2885 1703 ὑμῶν
2927 1633 3149 1703 ἕρημος,
3180 1651 3199 1682 ι
3241 1632 3314 1703 μὴ
3353 1631 3514 1703 οὔσης
3546 1634 3755 1704 ἐρήμου

2199 1726 2318 1780 καθ’
2341 1726 2434 1790 οὓς
2461 1727 2793 1797 προεφήτευε
2826 1725 3069 1796 χρόνους·
3108 1744 3125 1774 ι
3150 1725 3203 1776 αἱ
3235 1724 3415 1786 πόλεις
3438 1724 3588 1794 ὑμῶν
3605 1725 3761 1795 πυρί-

532 1847 639 1886 ηοη
669 1840 807 1895 erat,
838 1848 902 1887 co
934 1834 1049 1902 ipso
1101 1849 1206 1903 quo
1234 1835 1569 1903 prophetiam
1609 1834 1802 1890 edebat
1833 1843 2093 1904 tempore.

2201 1836 2438 1872 καυστοι·
2473 1837 2491 1869 ι
2534 1818 2667 1888 μηδὲ
2691 1816 2876 1869 τούτου
2909 1833 2994 1868 πω
3040 1814 3425 1886 γεγενημένου.
3474 1815 3609 1868 Ἀλλ’
3638 1815 3757 1867 οὐδὲ

539 1941 556 1973 ι
596 1922 857 1977 Civitates
898 1934 1090 1978 vestrae
1133 1940 1411 1980 succensae
1437 1926 1582 1994 igni:
1616 1945 1634 1976 ι
1664 1934 1993 1980 cumtamen
2026 1942 2095 1981 ne

486 2049 491 2055 -
535 2015 637 2067 hoc
669 2013 885 2083 quidem
919 2016 1099 2069 adhuc
1133 2016 1336 2071 factum
1366 2026 1533 2073 esset.
1572 2016 1677 2071 Sed
1708 2032 1883 2085 neque
1920 2018 2097 2088 regio-

534 2121 657 2159 nem
707 2107 947 2174 ipsorum
979 2114 1107 2160 tunc
1145 2109 1304 2161 alieni
1340 2108 1690 2174 devorabam,
1725 2112 1839 2187 64
1862 2126 1983 2163 cum
2014 2118 2097 2163 ta-

537 2208 661 2248 men
706 2195 796 2248 ille
828 2197 905 2250 sic
952 2198 1116 2260 dicat,
1158 2217 1177 2249 ι
1230 2199 1503 2268 regionem
1551 2207 1809 2263 vestram,
1861 2201 1916 2254 in
1966 2217 2098 2255 con-

534 2295 723 2357 spectu
753 2297 932 2343 vestro
963 2290 1123 2344 alieni
1154 2290 1443 2353 devorant,
1479 2310 1496 2341 ι
1534 2298 1587 2345 et
1620 2308 1740 2361 quaa
1767 2301 2092 2361 sequuntur.

535 2381 605 2435 At
632 2384 775 2436 enim
805 2383 848 2438 si
881 2383 947 2436 ad
976 2382 1272 2438 Salvatoris
1302 2384 1472 2435 nostri
1500 2382 1626 2437 Jesu
1657 2383 1859 2439 Christi
1895 2384 2097 2439 adven-

534 2481 648 2526 tum
692 2475 995 2537 transieris,
1034 2483 1087 2529 et
1122 2476 1186 2528 ad
1217 2490 1277 2529 ea
1302 2491 1421 2544 qtue
1443 2475 1731 2528 subsecuta
1763 2484 1890 2531 sunt
1925 2491 2098 2545 usque

532 2564 587 2617 in
621 2566 763 2618 hunc
784 2566 923 2617 diem
949 2572 1210 2633 tem-pora,
1241 2562 1396 2618 facile
1424 2565 1696 2619 inveneris
1723 2580 1787 2618 ea
1811 2581 1930 2634 quae
1954 2566 2099 2619 dicta

534 2663 662 2710 sunt
704 2656 970 2725 completa
1001 2670 1144 2709 esse.
1178 2654 1312 2707 Nam
1355 2663 1409 2708 et
1439 2654 1545 2711 tilia
1580 2654 1712 2709 Sion
1753 2657 1888 2725 (haec
1918 2664 2096 2710 autem

530 2757 648 2802 erat
679 2747 925 2800 adoratio
953 2764 1073 2816 qua;
1098 2749 1151 2800 in
1188 2753 1368 2800 monte
1398 2734 1796 2811 celebrabatur,
1824 2748 1917 2817 qui
1938 2762 2099 2801 voca-

534 2845 624 2891 tur
680 2837 831 2907 Sion)
876 2854 937 2892 ex
981 2854 1088 2907 quo
1142 2838 1357 2892 advenit
1411 2836 1569 2892 Jesus
1608 2838 1856 2892 Salvator
1892 2846 2098 2902 noster,

534 2929 722 2984 relicta
751 2937 835 2981 est
875 2936 933 2981 ut
965 2929 1338 2983 umbraculum
1373 2928 1425 2980 in
1477 2930 1652 2989 vinea,
1684 2936 1738 2983 et
1762 2930 1915 2999 quasi
1953 2929 2098 2984 fruc-

535 3030 686 3076 tuum
714 3022 956 3075 custodia
988 3022 1040 3073 in
1071 3022 1462 3084 cuczimerario,
1498 3029 1590 3075 aut
1622 3022 1665 3076 si
1696 3022 1780 3077 his
1806 3023 2097 3092 quidquam

535 3110 765 3179 cogitari
825 3117 1001 3178 potest
1053 3110 1343 3173 desertius,
1391 3112 1777 3181 regionemque
1831 3114 2095 3181 ipsorum,

2198 1909 2294 1981 τήν
2324 1908 2503 1981 χώραν
2542 1908 2718 1961 αὐτῶν
2757 1895 2876 1961 τότε
2905 1907 3088 1977 ἤσθιον
3138 1906 3402 1977 ἀλλότριοι
3423 1923 3437 1937 ·
3485 1907 3577 1960 καὶ
3609 1906 3759 1976 ὅμως

2197 2000 2347 2072 φησί·
2402 2020 2419 2051 ι
2445 2000 2555 2070 Τὴν
2600 1997 2780 2070 χώραν
2813 1998 2983 2068 ὑμῶν,
3033 1997 3257 2051 ἐνώπιον
3303 1998 3453 2068 ὑμῶν
3492 1998 3758 2069 ἀλλότριοι

2196 2092 2562 2147 κατεσθίουσιν
2592 2092 2778 2162 αὐτὴν,
2813 2111 2830 2142 ι
2852 2093 2943 2144 καὶ
2963 2090 3031 2143 τὰ
3060 2090 3205 2161 ἐξῆς.
3229 2092 3289 2143 Εἰ
3315 2087 3406 2144 οὖν
3434 2092 3524 2144 ἐπὶ
3549 2091 3645 2161 τὴν
3664 2089 3758 2144 τοῦ

2195 2183 2441 2253 Σωτῆρος
2470 2182 2624 2253 ἡμῶν
2667 2180 2836 2252 Ἰησοῦ
2869 2180 3101 2253 Χριστοῦ
3139 2181 3409 2252 μετέλθοις
3436 2181 3759 2253 παρουσίαν,

2198 2278 2289 2328 καί
2326 2276 2449 2338 τοὺς
2477 2276 2534 2341 ἐξ
2564 2274 2768 2327 ἐκείνου
2794 2274 2886 2327 καὶ
2926 2277 3006 2337 είς
3027 2274 3185 2346 δεῦρο
3215 2275 3454 2346 χρόνους,
3490 2277 3664 2329 πάντα
3693 2276 3759 2331 ἂν

2197 2366 2377 2438 εὕροις
2403 2367 2470 2419 τὰ
2502 2365 2765 2438 εἰρημένα
2793 2366 3157 2436 πληρούμενα.
3191 2368 3263 2419 Ἦ
3297 2384 3355 2420 τε
3384 2367 3490 2439 γὰρ
3515 2367 3762 2437 θυγάτηρ

2197 2458 2333 2511 Σιὼν
2378 2457 2536 2528 (αὕτη
2558 2459 2615 2512 δὲ
2648 2456 2714 2530 ἦν
2738 2462 2771 2530 ή
2806 2459 2898 2511 ἐπὶ
2927 2457 3087 2528 ὅρους
3120 2457 3211 2511 τοῦ
3259 2458 3588 2529 καλουμένου
3623 2457 3764 2513 Σιὼν

2196 2552 2582 2623 ἐπιτελουμένη
2619 2551 2907 2625 θρησκεία)
2961 2552 3068 2605 άπὸ
3109 2551 3207 2621 τῆς
3248 2550 3418 2629 Ἰησοῦ
3448 2550 3542 2603 τοῦ
3573 2552 3761 2622 Σωτῆ-

2201 2662 2290 2715 ρος
2333 2643 2487 2715 ἡμῶν
2527 2645 2827 2715 παρουσίας
2874 2642 3353 2712 ἐγκαταλέλειπται
3387 2642 3462 2703 ὡς
3497 2641 3668 2713 σκηνὴ
3702 2643 3763 2695 ἐν

2198 2735 2500 2806 ἀμπελῶνι,
2532 2737 2625 2789 καὶ
2653 2735 2727 2798 ὡς
2753 2733 3194 2805 όπωροφυλάκιον
3216 2736 3273 2786 ἐν
3303 2749 3460 2803 σικυη
3472 2732 3635 2803 ράτῳ,
3669 2733 3764 2786 καὶ

2197 2828 2249 2880 εἰ
2279 2845 2327 2880 τι
2362 2827 2560 2880 τούτων
2598 2828 2943 2899 ἐρημότερον⁸
2975 2828 3074 2897 τήν
3108 2843 3167 2878 τε
3195 2825 3375 2895 χώραν
3398 2825 3576 2878 αὐτῶν
3604 2824 3761 2877 άλλό·

2195 2935 2334 2989 τριοι
2365 2918 2589 2972 ἐνώπιον
2631 2919 2807 2972 αὐτῶν
2842 2918 3203 2980 κατεσθίουσι,
3242 2918 3362 2970 τοτὲ
3401 2918 3496 2987 μὲν
3525 2916 3765 2987 δασμοὺς

2197 3013 2291 3065 καὶ
2319 3012 2512 3083 φόρους
2533 3013 2725 3074 αὐτοὺς
2741 3011 3211 3080 εἰσπραττόμενοι,
3247 3010 3366 3062 τοτὲ
3391 3010 3446 3063 δὲ
3467 3009 3595 3062 ἴδιον
3634 3011 3764 3062 ἐαυ-

2198 3105 2304 3158 τῶν
2320 3105 2501 3173 κτῆμα
2529 3104 2625 3173 τὴν
2649 3102 2813 3157 πάλαι
2842 3102 2949 3155 τῶν
2977 3101 3238 3154 Ἰουδαίων
3258 3102 3357 3171 γῆν
3386 3099 3759 3170 πεποιημένοι.

536 3202 696 3255 alieni
743 3216 924 3254 coram
970 3201 1102 3270 ipsis
1135 3201 1416 3266 devorant,
1451 3218 1594 3255 nunc
1620 3201 1833 3271 quidem
1866 3205 2099 3273 vectiga-

2213 3197 2370 3250 Ἀλλὰ
2406 3198 2499 3250 καὶ
2546 3195 2606 3248 τὸ
2649 3196 2790 3265 ἱερὸν
2831 3195 2892 3247 τὸ
2938 3194 3207 3265 εὐπρεπὲς
3248 3192 3346 3260 τῆς
3382 3191 3767 3263 μητροπόλεως

537 3293 632 3353 lia,
665 3307 726 3345 ac
775 3293 977 3345 tributa
1038 3293 1105 3345 ab
1155 3292 1262 3346 illis
1290 3293 1590 3361 exigentes,
1624 3309 1769 3347 nunc
1816 3310 1944 3348 vero
1975 3310 2100 3364 pro-

537 3385 715 3455 prium
752 3384 991 3452 ipsorum
1024 3383 1305 3451 praedium,
1335 3397 1452 3437 eam
1490 3399 1609 3452 quae
1637 3385 1763 3437 olim
1790 3383 2101 3438 Iudaeorum

537 3480 673 3535 erat,
699 3481 896 3526 terram
933 3472 1211 3526 facientes.
1250 3472 1353 3526 Sed
1386 3480 1439 3526 et
1476 3475 1731 3542 templum
1766 3475 1895 3528 illud
1929 3475 2101 3528 admi-

539 3565 729 3626 rabile,
757 3565 898 3632 quod
925 3575 1041 3618 erat
1066 3566 1118 3617 in
1146 3579 1331 3617 eorum
1363 3566 1669 3634 metropoli,
1698 3566 1751 3618 in
1783 3574 1981 3620 terram
2014 3582 2104 3621 ce-

539 3656 692 3719 cidit,
718 3672 747 3710 a
778 3657 991 3725 populis
1025 3657 1213 3709 alienis
1238 3671 1485 3709 eversum
1511 3675 1522 3709 :
1555 3665 1607 3712 et
1639 3659 1884 3712 civitates
1915 3674 2101 3713 eorum

541 3747 649 3818 igni
691 3764 968 3802 succensae
1010 3756 1178 3801 sunt:
1226 3757 1279 3801 et
1313 3746 1451 3800 facta
1495 3755 1577 3803 est
1635 3747 1934 3803 Jerusalem
1979 3765 2104 3804 vere

541 3840 734 3893 civitas
789 3841 841 3892 in
883 3841 1185 3895 obsidione.
1215 3839 1283 3892 At
1334 3854 1460 3892 vero
1488 3841 1612 3909 quia
1667 3850 1953 3910 postquam
1998 3841 2103 3895 illis

542 3929 656 3985 huic
696 3938 993 3984 evenerunt
1044 3939 1098 3984 et
1142 3921 1343 3987 cherus
1390 3933 1780 4002 apostolorum,
1812 3940 1865 3986 et
1902 3933 1994 4002 qui
2037 3950 2101 3987 ex

542 4022 784 4077 Hebraeis
829 4024 883 4077 in
940 4023 1218 4078 Christum
1267 4027 1636 4089 crediderunt,
1671 4025 1886 4079 fecundi
1930 4029 2106 4080 instar

541 4116 769 4170 seminis
800 4132 865 4170 ex
896 4116 1011 4189 illis
1034 4117 1166 4187 ipsis
1192 4117 1388 4172 servati
1418 4127 1565 4180 sunt,
1602 4126 1655 4171 et
1675 4133 1771 4187 per
1795 4118 2103 4173 universam

540 4216 764 4272 terram,
792 4219 951 4278 atque
980 4210 1032 4263 in
1055 4226 1213 4264 omne
1232 4227 1403 4280 genus
1437 4211 1711 4265 hominum
1734 4219 2102 4281 penetrantes,

541 4316 756 4355 omnem
788 4302 1081 4366 civitatem,
1117 4318 1181 4357 ac
1228 4304 1426 4365 locum,
1471 4312 1525 4358 et
1578 4305 1848 4374 regionem
1888 4305 2106 4373 proprio

542 4405 705 4464 atque.
733 4396 1030 4450 Israelitico
1056 4398 1261 4452 semine
1284 4398 1663 4466 impleverunt,
1694 4398 1829 4453 adeo
1863 4399 2103 4468 quidem,

542 4493 603 4539 ut
639 4503 705 4540 ex
743 4487 850 4542 illis
889 4490 1046 4557 quasi
1085 4490 1266 4558 spicae,
1309 4505 1430 4559 qua:
1466 4491 1521 4543 in
1553 4492 1773 4545 nomine
1802 4488 2104 4544 Salvatoris

542 4580 714 4633 nostri
749 4580 985 4634 fundataa
1018 4591 1146 4636 sunt
1181 4581 1459 4645 Ecclesize,
1493 4584 1603 4637 sint
1638 4595 1809 4637 enalaa
1845 4602 1857 4637 :
1909 4584 2103 4636 merito

541 4672 761 4726 divinus
787 4673 1069 4742 propheta,
1109 4674 1174 4728 iis
1204 4676 1387 4736 minis,
1423 4676 1621 4743 quibus
1653 4686 1839 4729 contra
1870 4675 1991 4728 illos
2022 4683 2106 4728 est

542 4778 698 4827 usus,
728 4765 970 4835 adjungit
1001 4784 1014 4818 :
1049 4782 1065 4815 ι
1094 4765 1208 4820 Nisi
1234 4765 1495 4821 Dominus
1527 4765 1764 4820 Sabaoth
1798 4765 2107 4835 reliquisset

543 4856 701 4910 nobis
728 4873 932 4920 semen,
963 4858 1117 4927 quasi
1151 4858 1383 4912 Sodoma
1427 4859 1557 4912 facti
1591 4875 1861 4923 essemus,
1886 4867 1938 4912 et
1966 4860 2106 4912 sicut

543 4945 843 5000 Gomorrha
892 4949 1095 5003 similes
1150 4949 1462 5005 fuissemus.
1528 4971 1546 5002 ι
1582 4950 1736 5017 Quod
1788 4950 2003 5020 quidem
2051 4949 2107 5002 in

543 5038 873 5106 apertiorem
931 5056 1150 5094 sensum
1197 5042 1525 5095 contrahens
1558 5053 1779 5096 sanctus
1809 5041 2102 5111 Apostolus

544 5125 598 5179 in
638 5126 879 5195 Epistola
916 5130 980 5183 ad
1009 5128 1285 5185 Romanos
1312 5134 1699 5201 interpretatus
1720 5144 1801 5185 est
1830 5152 1843 5186 τ
1884 5150 1900 5181 ι
1944 5131 2108 5184 Isaias

544 5226 722 5271 autem
760 5220 958 5272 clamat
983 5236 1078 5289 pro
1099 5220 1284 5287 Israel,
1315 5225 1358 5278 si
1402 5223 1563 5277 fuerit
1587 5241 1845 5279 numerus
1878 5224 2106 5278 Iiliorutn

546 5308 704 5364 istael
738 5311 879 5365 sicut
911 5328 1074 5366 arena
1112 5316 1297 5377 maris,
1335 5316 1556 5385 reliquae
1592 5317 1752 5369 salvae
1790 5317 1935 5370 Iient.
1972 5314 2108 5368 Ver-

543 5398 673 5454 bum
701 5399 843 5453 enim
886 5400 1170 5470 perficiens
1203 5412 1255 5456 et
1284 5406 1612 5459 contrahens
1655 5404 1816 5459 faciet
1849 5404 2109 5459 Dominus

540 5491 601 5551 in
651 5500 820 5547 terra.
862 5490 927 5545 Et
957 5494 1100 5548 sicut
1141 5495 1391 5564 przedixit
1440 5494 1609 5551 Isaias
1644 5516 1656 5550 ε
1689 5494 1802 5549 Nisi
1845 5495 2109 5550 Dominus

545 5579 781 5637 Sabaoth
834 5585 1140 5655 reliquisset
1187 5587 1343 5640 nobis
1393 5603 1598 5651 semen,
1658 5588 1811 5658 quasi
1866 5586 2100 5642 Sodoma

609 5738 663 5806 f’
692 5738 795 5795 Isa.
835 5757 870 5803 l,
903 5742 954 5794 5.
1031 5743 1074 5773 ²⁰
1098 5741 1230 5795 ibid.
1260 5742 1293 5795 4
1391 5765 1402 5775 ·

2201 3289 2376 3342 αὐτῶν
2408 3287 2748 3358 ὴρειπίωται,
2776 3282 3252 3355 κατεστραμμένον
3292 3281 3396 3334 ὑπὸ
3430 3280 3572 3334 λαῶν
3606 3280 3767 3334 ἀλλο-

2201 3381 2382 3451 τρίωνο
2434 3380 2494 3432 αῖ
2540 3395 2601 3431 τε
2652 3376 2830 3439 πόλεις
2875 3376 3051 3428 αὐτῶν
3088 3374 3444 3445 πυρίκαυστοι
3486 3372 3766 3440 γεγόνασι,

2203 3469 2294 3523 καὶ
2346 3470 2535 3537 γέγονε
2593 3464 2942 3536 Ἰερουσαλὴμ
3000 3462 3211 3533 ἀληθῶς
3249 3462 3399 3524 πόλις
3446 3460 3770 3531 πολιορκου-

2206 3561 2357 3632 μένηθ
2386 3560 2519 3612 Ἀλλ’
2552 3558 2694 3624 ἐπεὶ,
2726 3556 2928 3609 τούτων
2944 3556 3068 3625 περὶ
3097 3553 3290 3617 αὐτοὺς
3322 3551 3767 3622 συμϐεϐηκότων,

2202 3654 2230 3704 6
2267 3652 2370 3705 τῶν
2402 3649 2707 3704 ἀποστόλων
2761 3647 2936 3718 χορὸς,
2978 3646 3028 3698 οἵ
3065 3662 3123 3696 τε
3157 3644 3213 3709 ἐξ
3259 3643 3520 3713 Ἑϐραίων
3557 3644 3637 3705 εἰς
3676 3641 3773 3696 τὸν

2203 3741 2433 3812 Χριστὸν
2478 3738 2897 3798 πεπιστευκότες
2931 3733 3149 3803 γονίμου
3178 3732 3332 3799 δίκην
3364 3730 3675 3801 σπέρματος
3709 3728 3771 3795 ἐξ

2204 3832 2382 3885 αὐτῶν
2436 3831 2655 3884 ἐκείνων
2710 3825 3161 3896 διεφυλάχθησαν,
3224 3822 3347 3876 καθ’
3390 3823 3519 3892 ὅλης
3559 3839 3619 3874 τε
3667 3822 3775 3891 τῆς

2203 3923 2524 3993 οἰκουμένης
2557 3921 2649 3973 καὶ
2681 3921 2759 3982 είς
2793 3921 2898 3971 πᾶν
2941 3917 3094 3985 γένος
3127 3912 3426 3985 ἀνθρώπων
3451 3911 3772 3976 διελθόντες,

2205 4015 2381 4066 πᾶσαν
2427 4011 2579 4065 πόλιν
2626 4010 2719 4063 καὶ
2751 4009 2911 4061 τόπον
2952 4006 3043 4059 καὶ
3082 4002 3263 4074 χώραν
3294 4000 3386 4054 τοῦ
3431 4001 3631 4053 οίκείου
3676 3997 3775 4052 καὶ

2217 4103 2602 4176 Ἰσραηλιτικοῦ
2654 4102 2854 4172 σπόρου
2909 4096 3273 4166 κατέπλησαν,
3307 4092 3445 4145 ὥστε
3488 4090 3545 4156 ἐξ
3590 4088 3777 4143 αὐτῶν

2208 4196 2403 4265 στάχυς
2430 4192 2528 4256 τὰς
2556 4194 2642 4245 ἐπ’
2670 4191 2926 4260 ὀνόματος
2955 4184 3043 4239 τοῦ
3076 4183 3325 4254 Σωτῆρος
3354 4179 3505 4251 ἡμῶν
3533 4177 3775 4231 ὑποστά-

2208 4302 2302 4348 σας
2360 4282 2682 4352 Ἑκκλησίας
2729 4279 2907 4347 φῦναυ
2956 4274 3176 4336 εἰκότως
3219 4274 3247 4325 6
3299 4271 3438 4332 θεῖος
3487 4269 3777 4339 προφήτης

2206 4376 2443 4443 ἐπιλέγει
2465 4377 2583 4435 ταῖς
2609 4365 3135 4443 προαποφανθείσαις
3159 4364 3274 4416 κατ’
3298 4359 3475 4414 αὐτῶν
3499 4357 3770 4422 ἀπειλαῖς·

2213 4490 2231 4519 ι
2260 4470 2321 4521 Εί
2352 4466 2424 4538 μὴ
2458 4465 2657 4535 Κύριος
2692 4458 2917 4515 Σαϐαὼθ
2962 4455 3318 4526 ἐγκατέλιπεν
3359 4455 3491 4524 ἡμῖν
3525 4451 3774 4522 σπέρμα,

2139 4535 2180 4589 D
2208 4560 2283 4623 ώς
2349 4535 2554 4626 Σόδομα
2610 4555 2676 4607 ἂν
2721 4552 3086 4623 ἐγενήθημεν,
3133 4549 3224 4601 καὶ
3269 4546 3345 4609 ὼς
3412 4546 3659 4615 Γόμορρα
3705 4542 3778 4595 ἂν

2210 4648 2587 4721 ὡμοιώθημεν.
2639 4666 2657 4698 ι
2699 4646 2872 4716 Ὅπερ
2907 4640 3220 4711 συναγαγὼν
3255 4641 3345 4691 ἐπὶ
3375 4638 3434 4692 τὸ
3481 4636 3647 4703 σαφὲς
3681 4636 3778 4705 ἐρ⁴

2215 4741 2434 4813 μηνεύει
2454 4741 2511 4792 ἐν
2540 4742 2604 4811 τῇ
2636 4738 2769 4809 πρὸς
2795 4735 3094 4805 Ῥωμαίους
3118 4730 3398 4801 Ἐπιστολῇ
3423 4730 3451 4781 6
3481 4726 3621 4797 ἱερὸς
3641 4725 3780 4779 ἀπό-

2215 4828 2412 4891 στολος·
2454 4845 2471 4876 ι
2507 4827 2730 4887 Ἡσαΐας
2760 4823 2816 4876 δὲ
2849 4820 3146 4893 κραυγάζει
3202 4818 3339 4889 ὑπὲρ
3394 4816 3487 4869 τοῦ
3534 4813 3772 4884 Ἰσραήλ’

2226 4920 2351 4974 Ἐὰν
2474 4920 2502 4971 6
2548 4917 2778 4989 ἀριθμὸς
2833 4915 2940 4967 τῶν
2967 4913 3095 4965 υἱών
3153 4909 3366 4981 Ἰσραὴλ
3413 4909 3488 4971 ὡς
3522 4909 3555 4978 ἡ
3591 4908 3778 4976 ἄμμος

2208 5012 2307 5081 τῆς
2340 5010 2633 5079 θαλάσσης,
2668 5006 3067 5075 τδύπόλειμμα
3111 5001 3430 5072 σωθήσεται.
3464 4998 3630 5063 Λόγον
3665 4996 3778 5068 γὰρ

2213 5102 2475 5156 συντελῶν
2526 5102 2620 5154 καὶ
2672 5101 2977 5168 συντέμνων
3027 5095 3239 5162 ποιήσει
3275 5089 3476 5161 Κύριος
3530 5088 3620 5141 ἐπὶ
3674 5087 3779 5158 τῆς

2211 5197 2332 5266 γῆς.
2371 5197 2478 5249 Καὶ
2520 5192 2702 5255 καθὼς
2750 5189 3074 5262 προείρηκεν
3121 5184 3383 5246 Ἡσαΐας*
3428 5182 3490 5234 Ei
3544 5179 3617 5250 μὴ
3658 5180 3778 5231 Ro;

2218 5306 2328 5360 ριος
2368 5286 2585 5340 Σαϐαὼθ
2628 5282 2978 5354 ἐγκατέλιπεν
3017 5282 3149 5349 ἡμῖν
3197 5275 3436 5345 σπέρμα,
3468 5272 3542 5335 ὡς

2214 5359 2279 5434 ἂν
2305 5378 2653 5449 ἐγενήθημεν,
2680 5376 2771 5428 καὶ
2791 5374 2864 5436 ὡς
2880 5373 2920 5425 Γ
2920 5372 3131 5442 όμορῥα
3147 5368 3213 5420 ἂν
3233 5365 3613 5436 ὡμοιώθημεν.
3639 5384 3659 5416 ι
3682 5359 3783 5427 Οἷς

2214 5467 2367 5535 αὖθις
2402 5469 2738 5542 προστίθησι,
2762 5466 2950 5532 λέγων·
2989 5482 3006 5512 ι
3036 5460 3123 5530 Μὴ
3146 5457 3402 5511 ἀπώσατο
3443 5458 3472 5508 6
3514 5454 3644 5517 Θεὸς
3687 5454 3782 5507 τὸν

2207 5565 2333 5619 λαὸν
2391 5561 2588 5626 αὑτοῦ;
2650 5557 2725 5629 μὴ
2767 5555 3006 5625 γένοιτοί
3068 5551 3177 5607 Καὶ
3226 5551 3333 5623 γὰρ
3395 5547 3506 5617 ἐγὼ
3567 5548 3785 5618 Ἰσραηα
