4056 6418
305 360 392 414 129
1170 355 1538 412 DEMONSTR
1558 358 1818 413 \TIONIS
1855 348 2332 417 EVANGIZLICAE.
2373 362 2480 415 LIB
2518 362 2581 416 Il.

3418 370 3516 426 150

302 475 431 543 λίτης
464 471 568 543 εἰμὶ
603 473 668 524 ἐκ
702 471 1017 543 σπέρματος
1059 471 1305 543 Ἀϐραὰμ
1358 474 1529 542 φυλῆς
1572 474 1827 546 Βενιαμίν

1953 476 2080 531 facti
2120 494 2387 550 essemus,
2437 488 2488 531 et
2520 478 2661 534 sicut
2715 480 3013 536 Gomorrha
3067 483 3274 538 similes
3320 484 3518 542 fuisse-

299 570 396 621 Οὑκ
436 564 676 619 ἀπώσατο
720 567 749 616 ὁ
786 564 919 627 θεὸς
955 566 1043 618 τὸν
1072 564 1199 618 λαὸν
1234 566 1419 629 αὑτοῦ,
1468 568 1525 619 δν
1569 569 1836 639 προέγνω·

299 661 328 729 ἢ
377 661 465 712 οὐκ
531 656 707 710 οἴδατε
755 659 814 708 ἐν
869 656 1022 727 Ἠλίᾳ
1092 657 1142 708 τί
1198 656 1345 726 λέγει
1478 659 1704 730 Γραφὴ,
1764 660 1839 722 ὡς

299 748 577 819 ἐντυγχάνει
651 747 730 819 τῷ
795 746 913 816 Θεῷ
973 745 1112 799 κατὰ
1172 746 1264 799 τοῦ
1337 748 1581 819 Ἰσραήλ;
1646 752 1837 823 Κύριε,

296 844 404 905 τοὺς
452 842 725 911 προφήτας
789 856 880 891 σου
939 839 1295 901 ἀπέκτειναν,
1352 838 1418 891 τὰ
1483 840 1841 913 θυσιαστήριά

298 952 375 987 σου
435 931 804 1000 κατέσκαψαν·
877 927 1031 997 κάγὼ
1099 930 1430 1000 ὑπελείφθην
1503 931 1679 1001 μόνος,
1749 934 1841 986 καὶ

295 1026 488 1097 ζητοῦσί
524 1042 623 1095 μου
653 1025 751 1095 τὴν
793 1022 989 1092 ψυχὴν,
1022 1021 1113 1074 τοῦ
1142 1022 1324 1075 λαϐεῖν
1357 1024 1541 1093 αὑτήν.
1582 1024 1738 1075 ’Λλλά
1788 1026 1839 1078 τί

293 1120 418 1187 λέγει
445 1116 589 1187 αὑτῷ
610 1120 637 1169 ὁ
665 1113 1076 1186 χρηματισμός;
1107 1114 1412 1167 Κατέλιπον
1435 1115 1656 1186 ἐμαυτῷ
1680 1117 1842 1169 ἑπτα-

292 1209 558 1279 κισχιλίους
616 1207 833 1278 ἄνδρας,
888 1207 1079 1268 οἵτινες
1136 1207 1234 1259 οὑκ
1286 1207 1537 1279 ἔκαμψαν
1592 1208 1718 1276 γόνυ
1775 1211 1839 1278 τῇ

291 1302 433 1356 Βάαλ.
467 1301 653 1364 Οὕτως
706 1298 797 1353 οὖν
847 1299 939 1353 καὶ
976 1300 1032 1352 ὲν
1058 1300 1134 1369 τῷ
1170 1300 1263 1353 νῦν
1286 1301 1458 1373 καιρῷ
1491 1301 1695 1372 λεῖμμα
1724 1302 1841 1354 κατ’

286 1395 490 1464 ἐκλογὴν
511 1393 736 1465 χάριτος
761 1392 1001 1461 γέγονεν.
1041 1410 1059 1442 ι
1097 1392 1216 1444 Ὅτι
1246 1392 1288 1445 δ’
1319 1395 1418 1446 οὑκ
1444 1396 1522 1457 είς
1551 1393 1705 1447 ἄλλον
1730 1411 1844 1446 και-

286 1487 384 1559 ρὸν,
422 1486 528 1539 ἀλλ’
554 1488 638 1548 είς
670 1486 758 1538 τὸν
793 1485 889 1554 τῆς
930 1482 1247 1551 ἐπιφανείας
1274 1485 1367 1537 τοῦ
1399 1486 1648 1557 Σωτῆρος
1685 1485 1842 1556 ἡμῶν

293 1576 447 1647 Ἰησοῦ
470 1577 710 1649 Χριστοῦ
741 1575 1053 1645 συντείνειὴ
1084 1576 1408 1646 προφητεία,
1452 1578 1576 1646 ἑξῆς
1612 1580 1640 1629 ὁ
1666 1577 1840 1645 λόγος,

282 1669 405 1740 μετά
428 1670 486 1721 τὸ
518 1670 689 1738 φάναι
709 1710 724 1733 ,
766 1688 784 1721 ι
821 1672 883 1723 Εἰ
912 1673 985 1743 μὴ
1016 1672 1218 1744 Κύριος
1244 1668 1468 1721 Σαϐαὼθ
1492 1669 1843 1737 ἐγκατέλιπεν

279 1763 393 1831 ἡμῖν
417 1761 662 1832 σπέρμα,
698 1761 772 1825 ὼς
801 1763 1009 1835 Σόδομα
1043 1763 1106 1817 ἂν
1132 1761 1362 1833 ἐγενήθη
1374 1778 1491 1832 μεν,
1518 1760 1609 1813 καὶ
1637 1760 1711 1823 ὡς
1747 1760 1841 1813 Γό-

1942 584 2065 624 mus
2097 571 2162 624 ".
2209 590 2227 622 ι
2274 570 2484 637 Quibus
2537 587 2730 625 rursus
2786 573 2899 628 haec
2939 574 3234 645 adjungit:
3279 596 3297 628 ι
3342 577 3513 631 Num-

1948 660 2099 728 quid,
2155 663 2348 732 inquit,
2398 665 2595 733 repulit
2649 662 2792 719 Deus
2820 668 3075 736 populum
3116 670 3509 726 suum?Absit.

1944 749 2073 811 Nam
2115 761 2167 805 et
2220 770 2318 823 ego
2373 754 2615 809 Israelita
2666 771 2786 809 smn
2846 775 2909 811 ex
2954 760 3160 812 semine
3213 759 3507 825 Abraham,

1941 846 2082 898 tribu
2100 845 2517 915 Benjamin.Non
2542 849 2737 917 repulit
2753 847 2890 904 Deus
2904 853 3155 921 populum
3176 870 3331 907 suum
3350 870 3511 924 quem

1942 937 2212 1007 pnescivit
2234 956 2244 990 :
2265 953 2331 991 an
2349 954 2452 992 non
2486 950 2657 994 nostis
2682 941 2735 992 in
2761 939 2869 993 Elia
2889 943 3015 1011 quid
3037 942 3179 996 dicat
3200 944 3512 1015 Scriptura?

1941 1029 2399 1097 quemadmodum
2425 1031 2710 1085 intercedit
2742 1033 2882 1101 apud
2914 1033 3079 1087 Deum
3102 1047 3288 1089 contra
3311 1036 3513 1093 Israel?

1940 1117 2048 1189 65
2085 1118 2329 1185 Domine,
2384 1123 2679 1192 prophrtas
2746 1132 2871 1179 tuos
2920 1127 3258 1191 occiderunt,
3318 1131 3510 1185 altaria

1944 1218 2034 1261 tua
2071 1210 2430 1276 suffoderunt,
2466 1221 2517 1266 et
2546 1230 2647 1283 ego
2668 1216 2890 1270 relictus
2922 1234 3040 1271 sum
3071 1218 3241 1281 solus,
3281 1227 3334 1272 et
3363 1236 3510 1290 qum-

1944 1312 2070 1357 runt
2110 1307 2342 1359 animam
2362 1324 2536 1362 meam
2573 1318 2629 1363 ut
2658 1310 3067 1366 auferanteam.
3088 1312 3353 1366 CECIBI'UIII
3379 1313 3509 1382 quid

1943 1395 2076 1449 dicit
2107 1398 2154 1451 ei
2181 1414 2504 1469 responsum
2541 1402 2831 1456 divinum?
2868 1404 3062 1473 reliqui
3123 1404 3254 1456 mihi
3303 1412 3505 1473 septem

1946 1490 2113 1543 millia
2151 1492 2417 1559 virorum,
2447 1495 2539 1564 qui
2603 1513 2710 1550 non
2770 1504 3132 1550 curvaverunt
3195 1512 3333 1566 genu
3384 1508 3510 1553 ante

1945 1580 2092 1636 Baal.
2147 1583 2236 1637 Sic
2265 1600 2395 1655 ergo
2428 1588 2563 1641 etin
2613 1588 2714 1641 hoc
2763 1597 3005 1658 tempore
3036 1630 3052 1655 ,
3116 1589 3358 1658 reliquiae
3418 1606 3506 1643 se-

1944 1674 2183 1727 cundum
2213 1675 2532 1731 electionem
2569 1680 2756 1747 gratia:
2789 1678 2942 1732 factae
2964 1686 3089 1733 sunt
3120 1681 3184 1730 ²¹.
3225 1700 3243 1730 ι
3281 1677 3355 1731 Ne
3381 1693 3510 1732 vero

1946 1765 1998 1818 in
2031 1763 2178 1818 aliud
2219 1773 2431 1837 tempus
2470 1769 2807 1837 prophetiam
2838 1778 3086 1823 eventum
3122 1785 3278 1822 suum
3306 1769 3510 1839 dirige-

280 1856 435 1925 μοῤῥα
457 1853 519 1906 ἂν
537 1853 923 1925 ὡμοιώθημεν,
940 1833 973 1907 τι
993 1855 1082 1908 τὸν
1104 1856 1276 1909 πάντα
1302 1854 1407 1919 τῶν
1424 1852 1688 1905 Ἰουδαίων
1713 1850 1832 1904 λαὸν

1942 1870 2000 1907 re
2029 1856 2350 1924 suspiceris,
2381 1873 2543 1926 quam
2571 1859 2624 1911 in
2654 1858 2941 1913 adventum
2976 1858 3276 1914 Salvatoris
3334 1859 3506 1915 nostri

277 1945 534 2016 Γομόρρας
571 1946 867 2016 ὀνομάσας,
901 1950 1024 2011 τοὺς
1061 1948 1117 2001 δὲ
1165 1949 1496 2020 ἡγουμένους
1530 1945 1706 1998 αὑτῶν
1737 1945 1836 2015 ἄρ-

275 2054 446 2107 χοντας
506 2038 791 2109 Σοδόμων,
860 2040 1102 2111 ἐπιυέρει
1173 2028 1498 2111 παραίτησιν
1551 2039 1648 2108 τῆς
1698 2037 1838 2091 κατά

274 2128 452 2181 Μωσέα
496 2128 821 2201 θρησκείας,
857 2133 948 2184 καὶ
993 2133 1090 2202 τῆς
1127 2132 1213 2185 διὰ
1262 2131 1355 2185 τοῦ
1395 2131 1644 2201 Σωτῆρος
1683 2129 1836 2201 ἡμῶν

274 2220 418 2271 πᾶσιν
445 2219 757 2291 ἀνθρώποις
797 2223 1244 2294 κατηγγελμένης
1272 2222 1545 2293 Διαθήκης
1582 2222 1673 2275 τὸν
1708 2222 1837 2294 τρό-

274 2327 378 2373 πον,
400 2313 543 2379 λέγω
585 2313 643 2365 δὲ
685 2312 774 2366 τὸν
803 2313 891 2367 διά
927 2315 1150 2386 λουτροῦ
1204 2315 1636 2383 παλιγγενεσίας,
1679 2314 1834 2382 λόγον

272 2418 321 2453 τε
344 2403 601 2476 ἄντικρυς
628 2404 746 2458 νέον
776 2406 870 2458 καὶ
895 2406 1058 2476 νόμον
1090 2406 1340 2476 εἰσῆκται
1370 2407 1426 2458 ὲν
1462 2409 1527 2472 τῆ
1564 2406 1691 2477 περὶ
1726 2405 1832 2458 τῶν

268 2494 499 2549 τοιούτων
524 2499 853 2569 προρρήσει.
883 2497 1041 2565 Λέγει
1060 2498 1115 2550 δὲ
1136 2496 1229 2551 οὖν
1254 2515 1266 2527 ·
1299 2518 1316 2549 ι
1359 2498 1650 2551 Ἀκούσατε
1678 2496 1832 2565 λόγον

269 2586 475 2658 Κυρίου,
521 2590 788 2661 ἄρχοντες
828 2591 1095 2660 Σοδόμων,
1146 2591 1439 2663 προσέχετε
1473 2591 1633 2661 νόμον
1673 2589 1828 2653 Θεοῦ,

268 2677 379 2743 λαὸς
401 2681 712 2753 Γομόρρας,
769 2682 821 2735 τί
862 2701 949 2753 μοι
987 2683 1187 2753 πλῆθος
1220 2684 1326 2736 τῶν
1360 2683 1558 2737 θυσιῶν
1585 2682 1769 2753 ὑμῶνς
1807 2701 1825 2733 ι

266 2772 349 2823 καὶ
390 2772 455 2824 τὰ
498 2773 667 2843 ἑξῆς·
725 2774 867 2847 ἀπερ
915 2777 1086 2830 οἰκεῖα
1136 2776 1262 2829 δντα
1305 2777 1405 2847 τῆς
1446 2776 1585 2830 κατά
1633 2775 1833 2829 Μωσέα

265 2863 571 2933 νομοθεσίας
608 2864 830 2929 ἀνελὼν,
865 2867 1169 2936 ἀντεισάγει
1216 2867 1460 2935 ἀφέσεως
1505 2867 1833 2937 ἁμαρτημά-

263 2968 357 3005 των
385 2952 577 3025 ἕτερον
625 2955 845 3025 τρόπον,
877 2957 967 3009 τὸν
999 2956 1086 3010 διὰ
1131 2956 1543 3026 τοῦ⁶σωτηρίου
1586 2956 1827 3027 λουτροῦ,

262 3045 346 3097 καὶ
375 3045 466 3098 τοῦ
479 3048 600 3099 ’σὺν
628 3047 801 3119 τούτῳ
831 3049 1232 3120 κηρυττομένου
1264 3049 1399 3119 βίου,
1434 3048 1637 3118 λέγων·
1664 3048 1830 3102 «Λού-

262 3137 432 3201 σασθε,
470 3137 711 3211 καθαροὶ
743 3140 983 3209 γένεσθε,
1031 3140 1257 3210 ἀφέλετε
1298 3140 1395 3203 τὰς
1430 3140 1689 3210 πονηρίας
1722 3139 1829 3192 ἀπδ
1860 3166 1900 3223 (ἶ

257 3228 356 3283 τῶν
382 3230 576 3302 ψυχῶν
606 3232 759 3303 ὑμῶν
779 3275 793 3297 ,
826 3252 843 3284 ι
867 3234 962 3286 καὶ
989 3233 1056 3285 τὰ
1092 3233 1235 3303 ἑξῆς.
1270 3234 1567 3304 Ἀρχοντας
1589 3231 1644 3283 δὲ
1679 3230 1831 3282 Σοδό-

262 3336 365 3389 μων
398 3325 491 3377 καὶ
522 3324 655 3377 λαὸν
679 3325 967 3396 Γομόρρων
997 3325 1062 3377 δι’
1089 3326 1154 3395 ἢν
1181 3325 1356 3379 αἰτίαν
1396 3325 1588 3388 αὐτοὺς
1618 3323 1830 3393 ὼνόμαυ

260 3428 358 3477 σεν,
403 3415 572 3476 αὑτὸς
601 3415 913 3486 παρέστησε
960 3416 1299 3487 παραχρῆμα
1329 3416 1497 3468 εἰπών
1518 3431 1532 3445 ’
1570 3434 1588 3465 ι
1621 3416 1686 3467 Αἰ
1719 3413 1827 3485 γὰρ

255 3507 422 3575 χεῖρες
453 3504 617 3576 ὑμῶν
651 3506 874 3577 πλήρεις
890 3507 1137 3575 αἵματος.
1166 3526 1184 3558 ι
1221 3507 1328 3559 Καὶ
1357 3503 1513 3569 αὖθις
1544 3506 1600 3559 δὲ
1620 3505 1827 3568 ὑποϐὰς

255 3594 387 3665 λέγει
406 3614 421 3627 ·
448 3618 467 3649 ‹
503 3597 621 3668 Τὴν
644 3599 872 3668 ἀνομίαν
901 3598 1076 3651 αὑτῶν
1099 3598 1175 3661 ὡς
1198 3598 1440 3668 Σοδόμων
1470 3596 1818 3669 ἀνήγγειλαν,

253 3685 338 3736 καί
360 3687 708 3755 ἐνεφάνισαν.
733 3686 867 3739 Οὑαί
895 3691 962 3757 τῇ
991 3687 1133 3758 ψυχῇ
1169 3688 1347 3741 αὑτῶν
1369 3704 1381 3717 ·
1413 3688 1543 3740 διότι
1577 3686 1822 3741 ἐδουλεύ-

254 3792 402 3830 σαντο
450 3778 653 3849 βουλὴν
697 3778 937 3850 πονηρὰν
984 3780 1104 3833 καθ’
1145 3781 1372 3845 ἑαυτῶν,
1425 3781 1688 3845 εἰπόντες,
1739 3782 1820 3834 ὅτι

250 3869 482 3940 Δησομεν
527 3871 624 3923 τὸν
651 3871 879 3936 δίκαιον,
925 3872 1005 3925 ὅτι
1037 3871 1368 3945 δύσχρηστος
1411 3875 1540 3944 ἡμῖν
1576 3875 1722 3927 ἐστιν
1744 3912 1761 3938 ,
1796 3893 1814 3926 ι

251 3966 556 4034 σαφέστατα
600 3967 830 4036 αἵματός
858 3983 999 4030 τινος
1038 3968 1130 4020 καὶ
1164 3968 1281 4031 ἐνὸς
1304 3968 1508 4020 δικαίου
1545 3968 1826 4039 μεμνημέ-

249 4069 330 4116 νος
368 4054 686 4126 ὲπιόουλῆς.
743 4056 897 4119 Τίνος
928 4054 983 4108 δὲ
1041 4056 1148 4128 ἄρα
1186 4057 1219 4127 ἢ
1257 4057 1350 4110 τοῦ
1399 4058 1645 4129 Σωτῆρος
1671 4057 1826 4129 ἡμῶν

262 4142 421 4216 Ἰησοῦ
474 4148 521 4200 Χ
532 4146 750 4219 ριστοῦ;
784 4147 849 4201 δι’
874 4148 940 4219 ἢν
965 4149 1057 4202 καὶ
1085 4148 1201 4220 μεθ’
1233 4152 1297 4221 ἣν
1320 4150 1531 4203 ἅπαντα
1562 4149 1825 4221 μετῆλθον

247 4236 419 4301 αὑτοῖς
447 4239 519 4291 τά
551 4242 1020 4312 προηγορευμένα.

1938 1942 2068 1999 Jesu
2093 1943 2317 2008 Christi,
2352 1950 2516 2001 verba
2546 1964 2665 2010 qua:
2696 1957 2999 2018 sequuntur
3058 1957 3181 2018 post
3241 1949 3371 2002 illud
3422 1950 3508 2004 di-

1943 2044 2112 2102 ctum,
2179 2056 2198 2088 ι
2233 2036 2348 2093 Nisi
2387 2038 2645 2093 Dominus
2700 2038 2937 2093 Sabaoth
3004 2042 3314 2110 reliquisset
3346 2041 3507 2096 nobis

1940 2145 2145 2195 semen,
2171 2132 2326 2198 quasi
2375 2129 2609 2184 Sodoma
2645 2131 2770 2184 facti
2799 2147 3064 2195 essemus,
3107 2141 3159 2187 et
3216 2133 3357 2186 sicut
3397 2129 3503 2186 Go-

1936 2223 2157 2277 morrha
2205 2224 2409 2278 similes
2444 2224 2754 2297 fuissemus,
2793 2244 2810 2276 ι
2847 2226 3160 2279 universum
3215 2223 3501 2280 Iudaicum

1938 2316 2215 2385 populum,
2256 2315 2594 2379 Gomorrhar,
2643 2318 2899 2387 populum
2936 2319 3283 2386 appellantia,
3310 2327 3361 2372 et
3405 2334 3502 2372 eo-

1936 2425 2056 2463 rum
2089 2410 2278 2473 duccs,
2320 2430 2336 2460 ι
2380 2412 2653 2481 principes
2720 2410 3100 2472 Sodomorum,
3132 2431 3150 2462 ι
3198 2412 3502 2482 adjungunt

1938 2501 2285 2569 rejectionem
2317 2501 2535 2555 Mosaici
2571 2504 2729 2564 titus,
2768 2510 2819 2556 ct
2851 2501 2970 2570 ejus
3003 2501 3333 2557 Testameuti
3385 2517 3503 2557 ιιιο-

1934 2594 2082 2658 dum,
2113 2594 2254 2664 quod
2282 2610 2374 2662 per
2404 2593 2736 2647 Salvatorcm
2774 2604 3020 2647 nostrum
3046 2595 3302 2649 omnibus
3336 2595 3505 2648 homi-

1935 2684 2098 2737 nibus
2121 2683 2495 2737 denuntiatum
2520 2693 2602 2736 est
2629 2681 2773 2753 (cum
2809 2681 3141 2737 Tcstameuti
3184 2682 3329 2746 dico,
3380 2683 3504 2751 ejus

1934 2774 2381 2845 regenerationis,
2414 2791 2535 2844 quae
2568 2774 2623 2826 fit
2655 2790 2750 2845 per
2782 2775 3055 2829 lavacrum
3082 2775 3341 2843 intelligo)
3374 2790 3499 2829 ver-

1932 2866 2169 2936 bumquc
2199 2867 2357 2935 plane
2387 2882 2584 2921 novum
2614 2882 2674 2919 ac
2702 2867 2870 2935 legem
2900 2866 3272 2929 introducunt,
3316 2866 3407 2919 ubi
3432 2866 3499 2920 de

1936 2956 2136 3009 talibus
2205 2956 2522 3024 prwdicunt.
2584 2954 2671 3008 Sic
2725 2955 2888 3026 igitur
2935 2957 3178 3011 habent:
3228 2974 3246 3006 ι
3306 2956 3501 3009 Audite

1932 3046 2156 3100 verbum
2206 3044 2439 3107 Domini,
2467 3046 2738 3116 principes
2801 3045 3185 3113 Sodomorum,
3236 3048 3499 3102 attendite

1934 3135 2105 3206 legem
2131 3134 2364 3203 Domini,
2398 3139 2631 3207 pOpuItts
2660 3137 2995 3192 Gomorrhzc.
3029 3138 3167 3204 Quid
3199 3138 3329 3192 mihi
3364 3139 3496 3192 tuui-

1938 3227 2112 3282 titudo
2138 3228 2477 3282 victimarum
2510 3238 2811 3283 vestrarum
2845 3231 2889 3261 ³³
2918 3230 2941 3282 ?
2971 3249 2988 3280 ι
3022 3238 3075 3284 et
3106 3240 3296 3284 czetera
3331 3246 3343 3281 :
3378 3245 3500 3300 quae

1935 3325 1994 3369 ut
2022 3318 2241 3387 propria
2277 3320 2450 3388 legum
2480 3334 2509 3372 a
2540 3318 2721 3390 Moyse
2748 3321 3047 3388 positarum
3074 3318 3327 3375 auferens
3359 3360 3373 3383 ,
3404 3335 3499 3373 eo-

1932 3427 2050 3464 rum
2088 3412 2206 3465 loco
2230 3412 2393 3465 alium
2426 3411 2730 3466 remittendi
2759 3420 2977 3481 peccata
3002 3412 3220 3465 modum
3246 3412 3497 3465 introdu-

1930 3506 2028 3568 cit,
2057 3519 2180 3558 eum
2204 3502 2455 3557 videlicet
2480 3503 2570 3572 qui
2603 3518 2697 3573 per
2731 3503 3005 3556 lavacrum
3060 3503 3254 3558 salutis
3304 3513 3357 3558 et
3402 3519 3498 3575 per

1927 3611 2047 3650 eam
2094 3610 2213 3665 qua:
2234 3609 2358 3648 cum
2393 3594 2495 3649 hoc
2521 3594 2846 3665 praedicatur
2876 3594 3044 3648 vitam
3084 3594 3391 3649 celebratur
3417 3596 3496 3651 sic

1926 3687 2144 3743 dicens:
2176 3706 2194 3738 ι
2220 3687 2519 3749 Lavamini,
2543 3687 2726 3741 mundi
2754 3695 2949 3751 estote,
2972 3687 3177 3741 auferte
3197 3688 3495 3756 pravitates

1928 3783 1996 3837 ab
2027 3782 2224 3837 animis
2256 3782 2450 3836 vestris
2480 3781 2547 3845 ",
2580 3799 2597 3833 ι
2625 3789 2677 3835 et
2699 3796 2819 3850 quze
2835 3779 3283 3850 sequuntur.Cur
3313 3789 3492 3834 autem

1928 3872 2203 3944 principes
2239 3871 2595 3926 Sodomorum
2627 3879 2679 3925 et
2726 3870 2983 3940 p0pulum
3029 3870 3346 3925 Gomorrhae
3396 3885 3493 3926 eos

1928 3965 2309 4027 nominaverit,
2342 3964 2483 4018 idem
2519 3963 2664 4017 illico
2680 3962 3044 4032 exposuit.sie
3072 3963 3255 4017 dicens
3286 3982 3298 4017 :
3324 3982 3341 4013 ι
3374 3962 3490 4017 Ma-

1928 4073 2032 4113 nus
2058 4052 2201 4113 enim
2227 4062 2420 4111 vestra:
2449 4054 2619 4125 plenae
2647 4054 2910 4124 sanguine
2939 4056 3005 4108 ⁸⁸.
3041 4073 3060 4106 ι
3088 4054 3154 4107 Ει
3180 4072 3370 4111 rursus
3399 4055 3491 4112 ubi

1926 4150 2144 4221 paulum
2178 4163 2498 4218 progressus
2542 4155 2649 4210 est,
2680 4148 2756 4199 ait
2793 4166 2806 4200 :
2854 4165 2872 4196 ι
2917 4144 3257 4217 lniquitatem
3308 4164 3488 4214 suam,

1929 4251 1987 4295 ιιι
2015 4239 2375 4294 Sodomorum
2416 4239 2801 4292 nuntiaverunt
2861 4246 3023 4308 atque
3089 4239 3486 4297 indicaverunt.

251 4325 334 4384 νε
394 4333 600 4387 animae
654 4334 866 4389 illorum
906 4338 1205 4406 :quoniam
1259 4338 1632 4407 cogitaverunt
1688 4338 1977 4394 consilium
2049 4351 2273 4405 pravum
2317 4342 2506 4389 contra
2573 4336 2782 4402 seipsos
2837 4335 3131 4390 dicentes:
3170 4334 3487 4405 Ligabimus

243 4420 467 4490 justum,
501 4428 762 4497 quoniam
793 4429 1000 4485 inutilis
1049 4431 1206 4485 nobis
1230 4442 1314 4487 est
1337 4433 1425 4487 ":
1468 4453 1487 4484 ι
1528 4434 1618 4489 ubi
1659 4450 1784 4488 cum
1840 4433 1907 4488 de
1941 4431 2174 4502 quodam
2223 4430 2485 4499 sanguine
2512 4435 2565 4482 et
2604 4428 2671 4482 de
2718 4427 2934 4483 insidiis
2979 4430 3239 4485 adversus
3273 4429 3483 4499 justum

148 4536 159 4543 ν
246 4519 534 4586 (Ῑιιειιιάιιω
566 4521 896 4579 mentionem
942 4523 1149 4590 fecerit,
1199 4542 1358 4596 quem
1402 4527 1546 4582 hunc
1593 4529 1810 4584 tandem
1846 4528 2074 4599 intelligi
2103 4527 2237 4588 vult,
2292 4525 2398 4579 nisi
2435 4523 2769 4577 Salvatorem
2811 4532 3059 4577 nostrum
3099 4523 3282 4579 Iesum
3325 4523 3486 4578 Chri-

248 4616 426 4668 stum?
448 4625 677 4685 propter
708 4633 867 4687 quem
897 4629 950 4673 et
1003 4628 1125 4689 post
1188 4636 1348 4691 quem
1399 4624 1582 4678 omnia
1617 4624 1671 4680 in
1694 4625 1815 4681 illos
1849 4639 2187 4695 quaecunque
2214 4621 2360 4675 dicta
2385 4627 2532 4685 sunt,
2563 4619 2959 4674 redundarunt.

242 4735 354 4809 AZf.
392 4735 720 4809 (adnota?
754 4720 1115 4809 Ἡσαΐουξ-ο
1145 4739 1270 4792 Ὀτι
1302 4738 1398 4792 διὰ
1434 4740 1541 4793 τὸν
1576 4740 1821 4809 Σωτῆρα

1934 4734 2181 4794 XXXVII.
2208 4738 2286 4792 Ab
2318 4738 2499 4809 eodem
2528 4737 2788 4809 Ιδαίαη-
2822 4735 2974 4801 Quod
3019 4746 3227 4805 propter
3283 4737 3485 4809 Salua-

306 4804 476 4879 ἡμῶν
523 4805 758 4879 Ἰησοῦν
786 4807 1157 4879 Χριστὸνκαί
1180 4809 1331 4877 μετὰ
1346 4810 1459 4879 τὴν
1473 4811 1657 4864 αὐτοῦ
1679 4804 1819 4879 «Erp-

305 4877 529 4929 ουσίαν
549 4876 813 4950 -ἄπανταῌ
834 4876 905 4929 τὰ
948 4878 1067 4931 ὑπὸ
1125 4876 1231 4950 τοῦ
1276 4876 1584 4950 προφήτου
1632 4876 1812 4950 προῆ-

306 4945 636 5014 τορευμένα
662 4945 964 5016 μετῆλθον
999 4948 1221 5016 αὐτοῖς.

310 5077 327 5110 ι
367 5060 448 5130 Τῇ
478 5059 534 5111 δὲ
558 5059 740 5130 ἡμέρᾳ
774 5060 957 5133 ἐκείνῃ
1008 5061 1301 5132 ὲπιλάμψει
1338 5065 1365 5116 ό
1398 5063 1528 5127 Θεὸς
1558 5065 1614 5117 ἐν
1650 5064 1809 5137 βουλῇ

244 5151 369 5219 μετά
388 5151 550 5221 δόξης
567 5152 658 5204 ἐπὶ
676 5151 775 5221 τῆς
797 5152 919 5223 γῆς,
935 5152 1028 5206 τοῦ
1052 5152 1261 5222 ὑψῶσαι
1278 5156 1371 5208 καί
1393 5156 1487 5208 τοῦ
1512 5156 1727 5223 δοξάσαι
1748 5158 1812 5211 τὸ

1993 4821 2158 4865 torem
2197 4821 2432 4864 nostrum
2463 4806 2647 4862 Iesum
2682 4806 2969 4870 Christum,
3000 4818 3047 4860 et
3095 4815 3210 4874 post
3251 4806 3483 4875 ejusdem

1990 4881 2291 4943 adventum,
2322 4881 2497 4934 omnia
2518 4895 2631 4950 quae
2668 4879 2814 4931 dicta
2850 4888 2970 4931 sunt
3001 4895 3033 4930 a
3059 4876 3339 4945 Prop/tcta,
3374 4878 3483 4932 illis

1990 4952 2292 5005 acciderint.

1996 5084 2013 5116 ι
2055 5064 2110 5119 In
2136 5065 2221 5119 die
2240 5064 2352 5127 illa,
2384 5063 2663 5117 illuccscet
2699 5059 2839 5114 Deus
2864 5058 2917 5111 in
2950 5057 3179 5112 consilio
3212 5072 3333 5111 cum
3364 5057 3482 5128 glo-

1918 5159 1996 5214 ria
2028 5159 2082 5211 in
2122 5165 2288 5221 terra,
2327 5162 2386 5209 ut
2419 5154 2646 5209 extollat
2683 5160 2736 5205 et
2780 5150 3042 5221 glorificet
3079 5150 3153 5214 id,
3184 5150 3325 5219 quod
3353 5150 3482 5205 reli-

241 5242 592 5310 καταλειφθὲν
626 5242 719 5295 τοῦ
758 5242 972 5315 Ἰσραὴλ
991 5245 1049 5297 ὲν
1071 5244 1228 5309 Σιὼν,
1253 5247 1343 5298 καὶ
1364 5247 1425 5299 τὸ
1455 5247 1811 5316 καταλειφθὲν

1934 5266 2075 5321 ιιιιιιιι
2107 5248 2269 5302 fuerit
2303 5264 2369 5302 ex
2393 5245 2581 5309 Israel,
2614 5252 2668 5299 et
2704 5244 2807 5296 erit
2855 5234 2985 5296 illud
3022 5243 3287 5312 reliquum
3315 5256 3380 5295 ex
3405 5240 3484 5297 Is—

239 5334 292 5385 ὲν
325 5333 717 5405 Ἰερουσαλήμ·
756 5336 899 5403 ἅγιοι
950 5336 1308 5409 κληθήσονται
1353 5341 1549 5404 πάντες
1598 5342 1645 5393 οἱ
1677 5357 1814 5413 γρα-

1913 5342 2024 5395 rael
2058 5342 2112 5394 in
2147 5340 2302 5401 Sion,
2336 5336 2553 5408 etquod
2584 5337 2829 5390 relictum
2872 5334 3032 5389 fuerit
3070 5336 3123 5388 in
3155 5333 3480 5397 Jerusalem;

238 5425 424 5490 φέντες
448 5428 526 5489 εἰς
556 5425 699 5496 ζωὴν
726 5428 802 5489 εἰς
819 5428 1121 5501 Ἰερουσαλὴ
1131 5447 1187 5500 μ.
1217 5449 1236 5483 ι
1258 5433 1366 5484 Καὶ
1388 5432 1438 5484 τί
1457 5433 1500 5485 δ’
1524 5432 1589 5486 ἂν
1606 5432 1813 5500 γένοιτο

1934 5432 2020 5503 36
2047 5420 2222 5487 sancti
2275 5429 2636 5492 vocabunt-tur,
2672 5440 2863 5479 omnes
2904 5426 2994 5495 qui
3031 5424 3217 5493 scripti
3256 5430 3386 5478 sunt
3414 5421 3480 5475 ad

236 5516 291 5567 τὸ
321 5518 682 5587 καταλειφθὲν
730 5518 825 5571 τοῦ
870 5520 1084 5592 Ἰσραὴλ
1106 5562 1120 5586 ,
1161 5521 1321 5586 αὑτὸς
1359 5524 1387 5575 ὁ
1422 5528 1704 5594 προφήτης
1740 5523 1817 5576 δι-

238 5608 506 5679 εσάφησεν
534 5609 725 5662 εἰπών’
760 5628 779 5661 ι
814 5612 1018 5676 Πάντες
1036 5614 1083 5664 οἰ
1103 5614 1398 5686 γραφέντες
1434 5617 1514 5680 εἰς
1554 5616 1819 5688 Ἰερουσα-

310 5725 352 5756 ²¹
384 5723 545 5798 ΗοιιιΞ
589 5741 666 5790 1x,
696 5726 885 5798 27-29.
982 5725 1230 5798 Α”,Βοιιι
1265 5747 1344 5798 ιι,
1378 5730 1495 5787 1-5.

238 5787 358 5860 Sap.
391 5811 457 5859 ιι,
491 5795 575 5851 1‘2.
654 5787 699 5830 ⁵⁷
732 5796 834 5851 Isa.
869 5812 942 5862 Iv,
971 5796 1088 5861 2,5.

1913 5524 2078 5578 vitam
2134 5524 2185 5576 in
2233 5519 2619 5577 Jerusalem".
2660 5539 2679 5571 ι
2726 5517 3005 5584 Quodnam
3053 5533 3181 5571 vero
3224 5516 3294 5572 sit
3346 5514 3480 5570 illud

1912 5615 2180 5685 reliquum
2205 5628 2271 5668 ex
2316 5611 2503 5674 Israel,
2536 5610 2651 5681 ipse
2700 5608 2960 5679 propheta
2984 5606 3315 5677 explanavit,
3349 5618 3475 5657 cum

1600 5732 1647 5765 "
1676 5729 1782 5788 Isa.
1817 5746 1832 5785 ι

1934 5730 2080 5785 D-II.
2156 5729 2201 5762 ”
2230 5728 2360 5784 ibid.
2389 5725 2476 5783 16,
2556 5729 2601 5761 ’⁵
2629 5724 2766 5781 ibid.
2796 5724 2882 5779 15.
2958 5724 3003 5757 ’⁸
3034 5721 3137 5779 Isa.
3181 5736 3264 5786 ιιι,
3298 5716 3476 5792 9,10;
