4056 6418
541 291 632 344 lﬁl
1170 282 1441 340 EUSEBII
1478 280 1957 338 CAESARIENSIS
1997 280 2145 336 OPP.
2182 280 2360 337 PARS
2400 282 2466 338 ll.
2510 313 2578 322 —
2612 279 3089 337 APOLOGETICA

3680 284 3783 340 152

532 407 714 461 dixit:
753 425 773 459 ι
807 421 998 461 omnes
1024 403 1116 475 qui
1163 403 1348 473 scripti
1385 412 1512 458 sunt
1548 403 1602 456 in
1643 400 1964 466 Jerusalem,
2002 419 2019 451 ι
2055 409 2107 454 et

2226 401 2335 472 ιὴμ,
2368 403 2461 455 καὶ
2497 405 2544 456 οί
2573 401 2859 473 κληθέντες
2887 403 3048 471 ἆγιοι.
3085 401 3182 464 Τίς
3222 395 3315 455 οῦν
3354 399 3491 473 αὕτη
3521 402 3554 473 ή
3584 402 3781 474 ἡμέρα,

533 499 626 568 qui
680 498 860 553 vocati
911 497 1110 552 sancti.
1150 514 1167 547 ι
1206 493 1339 562 Quae
1378 503 1558 548 autem
1608 494 1679 547 sit
1728 492 2014 557 dieS'illa,
2052 492 2108 546 in

533 604 639 658 qua
673 588 819 644 Deus
860 587 1285 658 gloriﬁcaturus,
1311 594 1365 641 et
1392 586 1445 640 in
1492 585 1711 640 sublimi
1744 585 2109 638 collocaturus

534 682 759 745 dicitur,
793 700 811 732 ι
848 682 901 735 id
947 681 1090 752 quod
1140 680 1411 749 reliquum
1460 678 1622 732 fuerit
1662 692 1727 732 ex
1777 677 1962 741 Israel,
2004 696 2020 727 ι
2057 682 2110 730 et

534 788 649 833 eos,
692 774 781 842 qui
803 773 1033 826 vocandi
1068 780 1192 826 sunt
1217 771 1413 835 sancti,
1442 777 1495 824 et
1522 768 1796 823 scribendi
1826 768 1892 822 ad
1921 768 2105 833 vitam,

535 860 578 911 εἰ
619 873 788 920 totam
832 865 995 933 hujus
1034 863 1385 919 sectiunculae
1430 861 1792 915 narrationem
1825 874 2103 929 percurre-

539 958 638 1020 ris,
677 956 833 1010 facile
864 957 1064 1013 disces.
1093 953 1255 1008 Initio
1288 955 1453 1024 igitur
1486 955 1652 1007 totius
1687 952 1833 1015 libri,
1867 967 1989 1005 cum
2018 949 2112 1003 ad-

539 1064 732 1103 versus
778 1046 1057 1107 Judzeam,
1126 1061 1189 1099 ac
1234 1043 1532 1098 Jerusalem
1581 1043 1841 1097 visionem
1888 1041 2113 1095 vidisset

541 1141 823 1212 pr0pbeta,
858 1145 911 1194 et
944 1138 1192 1208 pluribus
1228 1136 1410 1190 verbis
1458 1136 1626 1190 totius
1659 1134 1900 1189 Judaica:
1938 1132 2112 1202 gentis

544 1233 708 1302 impia
752 1232 993 1285 facinora
1037 1235 1417 1291 numerasset,
1465 1243 1699 1297 cumque
1745 1228 2112 1282 minabundus

543 1322 769 1377 dixisset
799 1323 864 1376 de
900 1322 1116 1375 illorum
1160 1319 1467 1383 eversione,
1517 1319 1691 1389 deque
1726 1326 1980 1374 extrema
2025 1316 2115 1372 Je-

541 1416 779 1470 rusalem
824 1414 1098 1476 vastitate,
1148 1420 1262 1466 tum
1300 1412 1457 1467 linem
1507 1412 1577 1479 ei,
1607 1428 1728 1482 qua:
1773 1418 1965 1466 contra
1992 1411 2113 1465 illos

540 1505 863 1560 versabatur
908 1503 1350 1572 contemplationi
1414 1502 1691 1571 imponit,
1741 1502 1826 1556 his
1880 1501 2053 1556 verbis
2096 1519 2109 1555 :

549 1615 569 1647 ι
614 1595 781 1650 Erunt
814 1596 956 1650 enim
988 1603 1048 1647 ut
1077 1592 1437 1656 terebinthus,
1470 1594 1697 1664 abiectis
1724 1592 1885 1655 foliis,
1916 1599 2113 1647 ettan-

545 1704 707 1757 quam
762 1687 954 1741 hortus
1004 1670 1200 1755 aquam
1246 1700 1354 1739 non
1404 1685 1633 1749 habens,
1680 1695 1734 1739 et
1780 1693 1940 1739 erunt
1971 1684 2114 1739 vires

2215 486 2335 566 ὲνῇ
2378 492 2616 556 δοξάσειν
2648 495 2675 545 ὁ
2717 492 2869 557 Θεὸς,
2918 494 3011 545 καὶ
3049 490 3282 562 ὑψώσειν
3328 490 3388 544 τὸ
3431 490 3786 561 καταλειφθὲν

2214 582 2306 635 τοῦ
2361 583 2597 655 Ἰσραὴλ,
2651 586 2746 637 καὶ
2793 584 2919 647 τοὺς
2971 582 3410 653 κληθησομένους
3454 583 3661 651 ἁγίους,
3696 585 3788 639 zeal.

2216 674 2661 745 γραφησομένους
2693 677 2769 737 είς
2810 674 2976 745 ζωὴν,
3008 673 3244 741 λέγεται,
3286 672 3653 745 ἀναδραμόντι
3709 691 3788 727 σοι

2215 763 2312 835 τὴν
2350 764 2476 834 ὅλην
2521 764 2619 834 τῆς
2652 765 2954 836 περικοπῆς
2999 751 3443 836 διήγησινδῆλον
3492 763 3658 817 ἔσται.
3701 765 3790 818 Ἐν

2217 856 2354 926 ἀρχῇ
2381 854 2666 927 τοιγαροῦν
2711 857 2808 926 τῆς
2837 854 2963 925 ὅλης
2994 853 3173 923 βίϐλου
3215 854 3315 925 τὴν
3348 851 3487 906 κατά
3533 853 3632 924 τῆς
3664 854 3793 908 Ἰου-

2217 947 2369 1010 δαίας
2392 948 2485 1001 ml.
2513 948 2656 1002 κατά
2692 928 3043 1020 Ἰερουσαλὴμ
3071 946 3193 1000 ἰδὼν
3212 949 3400 1018 ὅρασιν
3431 950 3459 1001 ό
3488 950 3791 1020 προψήτης,

2218 1038 2310 1090 καὶ
2339 1038 2423 1091 διά
2467 1038 2731 1091 πλείστων
2778 1038 3303 1111 ἀπαριθμησάμενος
3334 1039 3402 1093 τὰ
3443 1040 3536 1094 τοῦ
3594 1042 3790 1106 παντὸς

2231 1129 2493 1182 Ἰουδαίων
2521 1129 2701 1193 ἔθνους
2726 1130 3068 1201 ἀσεϐήματα,
3098 1132 3396 1204 ἀπειλήσας
3424 1151 3483 1186 τε
3506 1134 3601 1186 καὶ
3623 1133 3793 1187 εἰπὼν

2216 1221 2283 1274 τά
2331 1223 2456 1292 περὶ
2498 1222 2594 1292 τῆς
2616 1223 2999 1293 καταστροφῆς
3025 1223 3222 1289 αὐτῶν,
3255 1227 3348 1278 καὶ
3379 1226 3476 1296 τῆς
3496 1224 3792 1291 παντελοῦς

2219 1314 2449 1384 ἐρημίας
2484 1312 2853 1385 Ἰερουσαλὴμ,
2887 1314 3037 1378 τέλος
3068 1315 3166 1385 τῆς
3202 1317 3319 1368 κατ’
3344 1316 3522 1369 αὐτῶν
3559 1316 3792 1388 θεωρίας

2219 1407 2435 1473 ἐπάγει,
2488 1405 2679 1473 λέγων’
2714 1425 2732 1457 ι
2770 1407 3020 1458 Ἔσονται
3057 1407 3164 1478 γὰρ
3211 1407 3286 1470 ὡς
3318 1402 3622 1477 τερέϐινθος
3659 1409 3795 1461 ἀπο-

2221 1497 2513 1568 ϐεϐληκυῖα
2560 1498 2627 1552 τὰ
2666 1498 2856 1568 φύλλα,
2909 1499 3003 1551 καὶ
3044 1498 3120 1562 ὡς
3168 1500 3494 1571 παράδεισος
3540 1500 3683 1572 ὕδωρ
3720 1500 3792 1571 μὴ

2219 1588 2392 1660 ἔχων
2444 1591 2538 1644 καὶ
2580 1590 2794 1662 ἔσταιή
2844 1592 2994 1661 ἰσχὺς
3042 1590 3219 1645 αὐτῶν
3273 1592 3348 1655 ώς
3370 1591 3585 1664 καλάμη
3624 1610 3792 1646 στυπ-

2221 1683 2366 1747 πίου,
2385 1683 2478 1735 καὶ
2510 1685 2565 1736 αἱ
2589 1681 2832 1754 ἐργασίαι
2863 1681 3038 1736 αὐτῶν
3056 1683 3130 1746 ὡς
3153 1683 3448 1755 σπινθῆρες
3463 1684 3633 1756 πυρός
3656 1702 3672 1714 ·
3704 1688 3795 1738 καὶ

545 1794 732 1835 eorum
787 1786 1045 1848 tanquam
1098 1777 1353 1832 surculus
1392 1787 1619 1845 stuppae,
1654 1784 1706 1831 et
1741 1784 1980 1846 quaestus
2023 1791 2117 1831 e0-

2226 1774 2722 1845 κατακαυθήσονται
2748 1776 2796 1828 οἱ
2833 1775 3043 1846 ἄνομοι,
3087 1777 3179 1829 καὶ
3222 1777 3271 1829 οί
3311 1777 3628 1847 ἁμαρτωλοὶ
3652 1776 3801 1848 ἃμα,

545 1886 690 1934 rum,
724 1878 780 1925 ut
812 1871 1073 1926 Scintillae
1106 1871 1248 1941 ignis
1280 1887 1293 1922 :
1329 1880 1384 1925 et
1426 1872 1817 1931 comburentur
1856 1872 2027 1941 iniqui
2061 1878 2115 1925 et

544 1971 862 2033 peccatores
885 1963 1068 2026 simul,
1100 1970 1152 2016 et
1175 1978 1281 2017 nou
1312 1964 1415 2017 erit
1440 1964 1532 2033 qui
1560 1964 1869 2033 exstinguat
1890 1964 1989 2017 ’3.»
2017 1960 2118 2017 Ubi

546 2067 670 2107 cum
722 2053 984 2108 adversus
1040 2053 1162 2108 illos
1211 2055 1528 2107 vaticinium
1586 2053 2115 2124 circumscripserit,

546 2151 663 2199 tum
707 2146 957 2216 reprimit
985 2162 1064 2208 se,
1106 2156 1158 2201 et
1185 2162 1326 2199 novo
1357 2146 1513 2199 initio
1545 2145 1706 2210 facto,
1737 2146 1965 2200 alteram
2007 2161 2121 2199 ma-

546 2239 738 2292 teriam
772 2237 1107 2307 aggreditur,
1156 2238 1488 2306 exordioque
1532 2237 1697 2291 etiam
1740 2235 1821 2306 (ut
1850 2235 2118 2305 dicebam)

546 2330 639 2384 tali
689 2329 898 2383 utitur:
935 2328 1174 2383 Verbum
1221 2328 1367 2397 quod
1416 2330 1617 2381 factum
1678 2335 1762 2383 est
1808 2325 1874 2381 ad
1924 2322 2119 2380 Isaiam

546 2420 715 2475 ﬁlium
755 2420 923 2474 Amos
955 2423 1270 2490 prepbetam
1296 2462 1311 2483 ,
1354 2418 1421 2473 de
1458 2418 1640 2473 Judma
1683 2427 1738 2472 et
1785 2419 1851 2472 de
1895 2416 2119 2475 Jerusa-

546 2511 651 2565 lem
673 2514 738 2570 ⁸³.
777 2533 795 2563 ι
831 2512 931 2575 vel,
962 2523 1017 2565 ut
1044 2512 1403 2583 Symmachus
1436 2511 1824 2581 interpretatus
1846 2517 1949 2573 est,
1985 2528 2002 2560 ι
2035 2525 2122 2563 su-

547 2620 645 2675 per
682 2602 868 2658 Judma
912 2611 966 2658 et
1015 2621 1181 2673 super
1236 2601 1560 2659 Jerusalem.
1596 2620 1615 2654 ι
1674 2601 1750 2655 Ex
1796 2617 1903 2671 quo
1934 2600 2119 2656 forsan

549 2694 698 2747 illiilli
729 2696 1039 2765 suspicetur
1073 2695 1291 2762 aliquis,
1326 2696 1392 2747 de
1422 2693 1622 2763 quibus
1655 2692 1828 2747 tristia
1859 2692 2010 2762 prius
2050 2691 2121 2745 sit

547 2786 910 2848 vaticinatus,
948 2785 1015 2839 de
1063 2784 1254 2838 iisdem
1309 2799 1453 2837 nunc
1509 2791 1840 2836 commutata
1888 2781 2117 2846 ratione,

548 2877 773 2931 meliora
806 2876 1053 2945 quantam
1081 2877 1388 2946 prmdiccre.
1415 2875 1485 2927 At
1506 2890 1633 2927 vero
1662 2889 1870 2936 eorum,
1894 2888 2013 2943 qua:
2044 2887 2121 2927 se-

549 2976 796 3038 quuntur
848 2977 1158 3028 contextus,
1206 2981 1546 3036 nequaquam
1597 2965 1737 3020 istuc
1782 2965 1889 3018 dici
1921 2964 2119 3034 permi-

551 3060 686 3112 serit
715 3078 727 3112 :
762 3059 963 3129 quippe
995 3059 1087 3126 qui
1116 3073 1281 3128 super
1305 3055 1533 3111 Judaica
1561 3065 1740 3125 gente,
1779 3064 1832 3109 et
1864 3070 2027 3123 super
2055 3069 2118 3108 en

2217 1868 2307 1921 καὶ
2340 1868 2438 1921 οὐκ
2482 1867 2635 1925 ἔσται
2683 1870 2712 1921 ὁ
2746 1868 2973 1924 σϐέσων.
3007 1887 3026 1920 ι
3061 1870 3413 1942 Περιγράψας
3454 1870 3511 1923 δὲ
3560 1868 3795 1923 ἐνταῦθα

2215 1960 2313 2030 τὴν
2360 1959 2479 2013 κατ’
2531 1958 2710 2013 αὐτῶν
2758 1961 3077 2033 πρόρρησιν,
3135 1961 3400 2031 ὑποστολῇ
3464 1962 3659 2033 χρῆται
3684 1978 3699 1992 ·
3736 1962 3795 2029 ἐξ

2218 2053 2407 2123 ἐτέρας
2442 2053 2498 2105 δὲ
2532 2053 2725 2125 ἀρχῆς,
2760 2052 3016 2124 δευτέρας
3063 2052 3370 2116 ὑποθέσεως
3418 2052 3666 2118 ἅπτεται,
3702 2056 3798 2107 καὶ

2218 2146 2484 2217 προοιμίῳ
2500 2163 2565 2214 γε
2592 2144 2668 2215 τῷ
2697 2144 2990 2215 λεγομένῳ,
3015 2144 3199 2214 τοιῷδε
3224 2144 3450 2216 χρῆται·
3485 2164 3504 2195 ε
3540 2144 3596 2198 '0
3623 2144 3796 2214 Λόγος

2217 2238 2245 2289 ὁ
2278 2237 2566 2308 γενόμενος
2615 2237 2752 2309 πρὸς
2790 2236 3012 2289 Ἡσαΐαν
3053 2236 3164 2291 υἱὸν
3210 2236 3409 2307 Ἀμώς,
3440 2235 3530 2289 τὸν
3582 2239 3801 2308 προφή-

2217 2345 2339 2397 την,
2365 2330 2490 2401 περὶ
2507 2330 2603 2399 τῆς
2630 2329 2885 2391 Ἰουδαίας
2907 2328 3000 2381 καὶ
3027 2329 3152 2399 περὶ
3181 2328 3554 2398 Ἰερουσαλὴμ,
3579 2347 3596 2378 ι
3625 2328 3684 2398 ἦ,
3721 2328 3798 2391 ὡς

2218 2417 2557 2489 ὁΣύμμαχος
2608 2420 2988 2491 ήρμήνευσεν,
3033 2438 3052 2469 ι
3092 2419 3231 2490 ὑπὲρ
3260 2420 3359 2490 τῆς
3404 2419 3660 2483 Ἰουδαίας
3703 2419 3803 2471 καὶ

2221 2511 2359 2582 ὑπὲρ
2391 2512 2763 2583 Ἰερουσαλήμ.
2812 2531 2831 2562 ι
2871 2514 3028 2575 Ἴσως
3066 2529 3149 2574 τις
3181 2510 3516 2582 ὑπολήψεται
3554 2512 3682 2582 περὶ
3722 2504 3798 2565 ὧν

2219 2600 2288 2654 τὰ
2309 2601 2607 2672 σκυθρωπά
2634 2602 2917 2674 προλαϐὼν
2940 2602 3214 2666 ἐθέσπισε,
3240 2602 3443 2655 τούτων
3468 2603 3645 2655 αὐτῶν
3669 2603 3802 2674 περὶ

2219 2690 2286 2743 τὰ
2333 2692 2667 2763 χρηστότερα
2723 2692 3092 2764 μεταϐαλόντα
3142 2693 3338 2762 λέγειν.
3384 2693 3523 2746 Ἀλλ’
3576 2694 3677 2746 οὐκ
3732 2692 3799 2746 ἂν

2220 2782 2392 2836 ταῦτα
2440 2784 2747 2856 ἐπιτρέψειε
2777 2787 2939 2854 φάναι
2983 2788 3016 2856 ἡ
3056 2784 3161 2838 τῶν
3210 2785 3616 2856 ἐπιφερομένων
3666 2786 3801 2839 ἀκο-

2220 2872 2424 2937 λουθία,
2457 2876 2597 2945 ὑπὲρ
2644 2877 2742 2946 μὲν
2786 2876 2878 2929 τοῦ
2923 2875 3186 2930 Ἰουδαίων
3222 2876 3491 2946 ἔθνους,ῆ
3542 2876 3682 2945 ὑπὲρ
3702 2874 3803 2929 τοῦ

2223 2965 2549 3038 καλουμένου
2597 2969 2829 3039 Ἰσραὴλ,
2862 2968 3010 3021 οὐδὲν
3039 2969 3155 3021 οὐδὲ
3190 2969 3322 3032 ὅλως
3356 2969 3585 3039 χρηστὸν
3615 2968 3803 3038 περιέ-

2224 3076 2413 3128 χουσα,
2450 3059 2569 3111 οὐδέ
2599 3077 2661 3127 γε
2692 3061 2830 3132 ὑπὲρ
2852 3061 2950 3131 τῆς
2990 3061 3267 3125 Ἰουδαίας,
3290 3062 3410 3114 ουδὲ
3440 3061 3577 3133 ὑπὲρ
3610 3061 3806 3132 Ἰερου-

552 3148 646 3219 qui
686 3157 915 3207 vocatur
959 3147 1147 3213 Israel,
1192 3148 1327 3202 nihil
1369 3148 1591 3202 omnino
1632 3146 1760 3200 boni
1814 3146 2118 3206 contineat,

2226 3149 2424 3221 σαλὴμ,
2441 3151 2748 3204 τούναντίον
2763 3128 2817 3204 δέ
2837 3128 3031 3222 μυρίας
3047 3154 3186 3205 κατὰ
3201 3153 3292 3205 τοῦ
3327 3128 3804 3223 Ἰσραὴλψμέμῷεις

550 3258 729 3311 neque
762 3242 888 3295 item
921 3257 1084 3311 super
1105 3239 1312 3302 Iudaea,
1361 3255 1539 3310 neque
1580 3254 1742 3309 super
1772 3236 2071 3292 Jerusalem
2104 3254 2117 3290 :

552 3343 748 3389 contra
781 3343 961 3388 autem
1012 3333 1441 3388 innumerabiles
1492 3333 1753 3387 adversus
1788 3329 1953 3385 Israel
1991 3345 2125 3399 que—-

552 3428 719 3490 relas,
762 3435 925 3496 atque
970 3427 1368 3492 accusationes,
1402 3425 1687 3494 minasque
1733 3423 1994 3477 adversus
2035 3420 2125 3475 Je—

554 3518 790 3573 rusalem
825 3518 1011 3572 tristes
1054 3526 1336 3572 recenseat
1364 3532 1375 3567 :
1406 3516 1663 3587 quodque
1693 3515 1964 3569 universis
1997 3530 2122 3584 gen-

555 3610 702 3664 tibus
735 3609 973 3664 salutare
1013 3608 1262 3677 contigit,
1300 3608 1666 3671 vocationem,
1702 3617 1865 3675 atque
1903 3605 2129 3674 agnitio-

555 3714 680 3754 nem
722 3700 918 3753 summi
965 3698 1057 3752 Dei
1096 3699 1330 3751 futuram
1382 3698 1623 3752 divinet:
1656 3708 1708 3753 et
1735 3699 1801 3751 ad
1840 3699 1976 3759 lucc,
2002 3696 2127 3749 novi

556 3792 841 3861 cujusdam
872 3792 1073 3846 montis
1102 3792 1466 3861 proditionem
1494 3793 1547 3845 in
1590 3793 1787 3855 lucem,
1818 3800 1871 3845 et
1901 3791 2127 3845 alterius

557 3885 752 3939 domus
767 3882 1097 3951 Dei,pr:eter
1127 3898 1266 3945 eam,
1290 3898 1409 3953 qua:
1433 3889 1516 3936 est
1548 3881 1600 3935 in
1646 3880 1971 3943 Jerusalem,
2004 3897 2131 3935 con-

558 3974 918 4031 structionem
962 3971 1307 4027 manifestam
1353 3979 1653 4043 proponat,
1701 3972 1882 4041 itaque
1923 3970 2013 4024 ubi
2064 3969 2130 4024 de

557 4064 743 4122 Judaza
776 4073 829 4120 et
881 4065 946 4120 de
990 4063 1292 4119 Jerusalem
1324 4064 1540 4118 locutus
1565 4069 1670 4126 est,
1700 4071 1829 4116 tunc
1858 4062 1934 4117 sic
1959 4062 2087 4116 dicit
2114 4080 2126 4114 :

564 4175 584 4207 ι
623 4156 769 4227 quod
802 4156 907 4210 erit
949 4156 1004 4210 in
1028 4155 1348 4210 novissimis
1387 4154 1581 4208 diebus
1621 4152 1947 4208 manifestus
1976 4168 2130 4206 mons

562 4245 818 4309 Domini,
859 4253 913 4299 et
966 4245 1161 4301 domus
1208 4244 1301 4299 Dei
1351 4246 1404 4298 in
1467 4245 1764 4300 verticibus
1822 4246 2083 4299 montium
2115 4287 2129 4308 ,

557 4336 667 4407 67
695 4342 747 4388 et
780 4335 1071 4388 extolletur
1111 4350 1273 4404 super
1320 4335 1488 4389 colles
1515 4374 1529 4398 ,
1566 4346 1616 4389 et
1653 4337 1872 4389 venient
1905 4336 1971 4389 ad
2008 4351 2130 4389 eum

560 4442 752 4481 omnes
771 4436 980 4496 gentes.
1002 4436 1054 4480 et
1086 4427 1240 4479 ibunt
1264 4433 1451 4495 gentes
1477 4426 1657 4479 multae
1685 4434 1738 4481 et
1767 4426 1949 4480 dicent
1982 4444 1994 4479 :
2027 4424 2130 4481 Ve-

560 4516 695 4582 nite,
728 4516 1087 4571 ascendamus
1124 4517 1177 4569 in
1216 4527 1453 4570 montem
1491 4516 1723 4580 Domini,
1760 4518 1886 4571 etin
1910 4516 2127 4570 domum

561 4608 656 4664 Dei
678 4609 845 4665 Jacob
871 4610 914 4640 ³ο
944 4628 956 4663 :
991 4628 1009 4659 ι
1048 4624 1111 4663 ac
1139 4608 1207 4663 de
1238 4610 1489 4679 gentibus
1515 4611 1732 4680 quidem
1760 4613 1973 4665 cunctis
2004 4612 2131 4665 talia

561 4702 770 4759 divinat
806 4720 820 4755 :
864 4699 932 4755 de
958 4699 1161 4755 Judzcis
1206 4716 1334 4755 vero
1374 4700 1630 4771 deinceps
1677 4701 1980 4771 cujusmodi
2023 4704 2131 4758 sint

562 4808 626 4848 ea
652 4834 667 4856 ,
698 4810 817 4865 qua:
851 4794 1097 4863 adjungit
1123 4833 1137 4856 ,
1171 4809 1316 4846 nunc
1344 4794 1468 4847 audi
1504 4813 1516 4847 :
1557 4813 1576 4845 ς
1618 4794 1826 4849 dimisit
1862 4797 2004 4850 enim
2035 4810 2132 4866 po-

566 4887 753 4957 pulum
776 4902 932 4940 suum
958 4926 974 4949 ,
1003 4886 1222 4939 domum
1248 4881 1419 4938 Jacob
1445 4905 1457 4939 :
1486 4887 1744 4955 quoniam
1773 4887 1977 4957 repleta
2007 4893 2090 4941 est
2115 4926 2129 4951 ,

566 4986 626 5032 ut
653 4979 723 5031 ab
752 4978 904 5031 initio
937 5017 951 5040 ,
986 4977 1134 5049 regio
1176 4993 1362 5032 eorum
1404 4977 1717 5033 hominibus
1742 5018 1758 5044 ,
1795 4979 1938 5033 sicut
1986 4980 2134 5049 regio

566 5069 991 5140 alienigenarum
1026 5089 1037 5123 :
1077 5077 1130 5123 et
1176 5069 1268 5122 lilii
1308 5070 1461 5123 multi
1501 5070 1662 5124 alieni
1704 5070 1816 5123 nati
1849 5078 1975 5124 sunt
2003 5070 2132 5126 illis.

565 5159 789 5231 Repleta
820 5169 903 5215 est
931 5161 1075 5215 enim
1104 5161 1254 5231 regio
1288 5161 1502 5215 illorum
1534 5169 1759 5232 argento
1789 5170 1843 5217 et
1868 5177 2002 5216 auro
2029 5200 2044 5226 ,
2080 5168 2133 5216 et

568 5269 676 5309 non
716 5253 814 5307 fuit
852 5268 1114 5308 numerus
1156 5254 1429 5309 thesauris
1461 5269 1646 5308 eorum
1672 5256 1713 5286 ³¹
1742 5297 1757 5320 ,
1797 5274 1815 5306 ι
1862 5263 1914 5310 et
1942 5265 2135 5309 caetera

568 5360 690 5416 qua:
721 5353 1024 5414 sequuntur
1048 5385 1062 5410 ,
1095 5361 1214 5415 qua:
1244 5348 1411 5401 multo
1442 5348 1596 5417 plura
1622 5353 1780 5406 sunt;
1812 5346 2009 5415 quibus
2037 5344 2135 5398 ad-

565 5437 747 5507 jungit
779 5453 793 5491 :
829 5454 847 5487 ι
887 5448 939 5489 et
969 5436 1335 5492 adoraverunt
1367 5453 1429 5493 ea
1466 5479 1482 5502 ,
1526 5453 1645 5508 qua:
1690 5436 1935 5491 fecerunt
1983 5436 2137 5507 digiti

569 5525 833 5597 ipsorum.
864 5522 928 5579 Et
954 5525 1244 5581 declinavit
1272 5542 1331 5582 se
1352 5527 1537 5593 homo,
1571 5534 1625 5583 et
1651 5527 1799 5581 humi
1831 5543 1889 5583 se
1912 5526 2133 5596 abiecit,

643 5706 692 5741 ⁸⁸
719 5703 825 5763 lsa.
858 5722 896 5774 1,
918 5707 1097 5769 50,31.

1180 5709 1224 5742 ”
1258 5706 1364 5764 lsa.
1398 5723 1459 5776 ιι,
1494 5709 1547 5766 l.
1620 5708 1673 5741 ⁴⁰
1706 5706 1838 5766 ibid.
1863 5707 1985 5763 2-5.

2224 3243 2317 3295 κοιλ¹
2352 3243 2703 3314 κατηγορίας,
2746 3244 2972 3306 ἀπειλάς
3022 3261 3079 3296 τε
3121 3243 3263 3298 κατά
3298 3244 3398 3314 τῆς
3440 3239 3806 3312 Ἰερουσαλὴμ

2226 3333 2572 3405 σκυθριοιπάς,
2607 3335 2699 3387 καὶ
2731 3334 2828 3405 τὴν
2857 3336 2988 3387 πᾶσι
3009 3338 3119 3397 τοῖς
3151 3335 3326 3389 ἔθνεσι
3372 3335 3635 3405 σωτήριον
3667 3333 3805 3406 κλῆ-

2227 3441 2331 3487 σιν,
2356 3425 2448 3477 καὶ
2477 3424 2675 3491 γνῶσιν
2695 3424 2789 3478 τοῦ
2818 3426 2909 3477 ἐπὶ
2930 3424 3145 3478 πάντων
3166 3425 3301 3478 Θεοῦ
3326 3425 3673 3489 θεσπίζουσα,
3707 3424 3806 3477 καὶ

2227 3514 2304 3567 ἔτι
2339 3516 2471 3585 πρὸς
2506 3514 2732 3579 τούτοις,
2766 3516 2925 3587 ὄρους
2954 3517 3275 3584 ἐπιφάνειαν
3295 3517 3501 3581 καινοῦ,
3530 3518 3624 3569 καὶ
3648 3515 3805 3569 οἴκου

2227 3605 2362 3658 Θεοῦ
2416 3606 2601 3677 ἐτέρου
2658 3606 2805 3676 παρά
2851 3607 2943 3661 τὸν
2993 3610 3049 3661 ἐν
3118 3608 3472 3679 Ἰερουσαλὴμ
3533 3608 3805 3673 ἀνάδειξιν

2230 3697 2555 3763 παριστᾶσα.
2622 3696 2779 3763 Λέγει
2846 3698 2890 3749 δ’
2950 3694 3063 3761 οὖν,
3113 3698 3251 3769 μετὰ
3312 3700 3372 3751 τὸ
3433 3699 3596 3769 φάναι
3673 3700 3807 3770 περὶ

2227 3785 2323 3854 τῆς
2368 3785 2652 3848 Ἰουδαίας,
2703 3786 2798 3841 καὶ
2846 3787 2973 3859 περὶ
3014 3788 3384 3861 Ἰερουσαλὴμ,
3430 3791 3510 3843 ὅτι
3548 3808 3566 3840 ι
3606 3790 3809 3844 Ἔσται

2228 3877 2285 3928 ὲν
2310 3879 2425 3940 ταῖς
2475 3880 2728 3947 ἐσχάταις
2769 3880 3001 3952 ἡμέραις
3041 3882 3280 3952 ἐμφανὲς
3308 3882 3368 3934 τὸ
3409 3883 3533 3953 ὅρος
3571 3883 3805 3954 Κυρίου,

2229 3968 2320 4019 καὶ
2384 3964 2531 4033 οἶκος
2582 3969 2675 4022 τοῦ
2718 3969 2852 4024 Θεοῦ
2911 3973 2998 4024 ἐπ’
3045 3972 3230 4043 ἄκρων
3288 3973 3398 4028 τῶν
3449 3975 3649 4046 ὀρέων,
3710 3974 3810 4027 καὶ

2230 4061 2573 4133 ὑψωθήσεται
2637 4065 2887 4134 ὑπεράνω
2923 4064 3030 4117 τῶν
3073 4064 3294 4133 βουνῶν,
3331 4067 3424 4119 καὶ
3464 4065 3682 4136 Ιἥξουσιν
3716 4068 3805 4120 ἐπ’

2230 4155 2362 4207 αὐτὸ
2416 4157 2591 4210 πάντα
2632 4157 2699 4210 τὰ
2748 4156 2897 4229 ἔθνη,
2922 4158 3014 4211 καὶ
3046 4158 3400 4226 πορεύσονται
3436 4158 3565 4229 ἔθνη
3610 4159 3807 4226 πολλὰ,

2233 4248 2325 4300 καὶ
2357 4250 2572 4319 ἐροῦσιν
2597 4268 2608 4279 ·
2657 4250 2819 4303 Δεῦτε
2855 4251 2949 4312 καὶ
2987 4251 3273 4322 ἀναϐῶμεν
3315 4254 3394 4316 είς
3433 4252 3495 4305 τὸ
3536 4252 3659 4324 ὅρος
3694 4254 3810 4305 Κυ-

2237 4342 2374 4413 ρίου,
2407 4344 2500 4395 ml
2531 4345 2607 4406 εἰς
2632 4345 2721 4396 τὸν
2750 4339 2895 4397 οἷκον
2920 4343 3012 4396 τοῦ
3055 4343 3190 4397 θεοῦ
3233 4344 3446 4399 Ἰακώϐ.
3472 4365 3490 4397 ›
3523 4345 3633 4398 Καὶ
3675 4346 3810 4416 περὶ

2238 4430 2335 4500 μὲν
2376 4431 2481 4483 τῶν
2522 4431 2688 4484 ἐθνῶν
2724 4432 2977 4486 ἁπάντων
3008 4432 3232 4486 τοιαῦτα
3271 4434 3545 4499 θεσπίζει·
3580 4435 3715 4507 περὶ
3741 4435 3807 4503 ⁴δὲ

2236 4520 2342 4573 τῶν
2369 4521 2634 4574 Ἰουδαίων
2664 4523 2788 4593 ἑξῆς
2811 4519 2898 4576 οἷα
2925 4524 3186 4592 ἐπιλέγει,
3220 4523 3384 4577 ἄκουε
3402 4541 3415 4553 ·
3442 4544 3459 4574 ‹
3483 4524 3673 4595 Ἀνῆκε
3696 4522 3814 4596 γάρ

2236 4613 2325 4666 τὸν
2357 4613 2481 4666 λαὸν
2502 4613 2659 4667 αὑτοῦ
2682 4617 2771 4667 τὸν
2803 4613 2948 4669 οἷκον
2975 4615 3066 4670 τοῦ
3082 4615 3216 4669 Θεοῦ
3254 4615 3463 4683 Ἰακὼϐ,
3483 4618 3562 4670 ὅτι
3579 4617 3814 4687 ἐνεπλή-

2238 4703 2335 4774 σθη
2371 4706 2447 4767 ὡς
2471 4705 2531 4758 τὸ
2563 4708 2813 4778 ἀπαρχῆς
2835 4710 2866 4778 ἡ
2903 4706 3054 4779 χώρα
3076 4708 3253 4762 αὐτῶν
3269 4707 3743 4779 κληδονισμῶν,ώς
3773 4709 3814 4780 ἡ

2236 4795 2343 4849 τῶν
2368 4795 2696 4865 ἀλλοφύλων,
2731 4800 2823 4851 καὶ
2850 4800 3012 4853 τέκνα
3046 4800 3213 4854 πολλά
3245 4799 3514 4869 ἀλλόφυλα
3545 4799 3811 4871 ἐγεννήθη

2240 4887 2439 4950 αὐτοῖς.
2481 4888 2811 4960 Ἐνεπλήσθη
2841 4890 2949 4962 γὰρ
2968 4893 3001 4961 ἠ
3027 4890 3178 4962 χώρα
3205 4890 3384 4945 αὐτῶν
3410 4891 3694 4963 ἀργυρίου,
3717 4892 3817 4945 καὶ

2240 4980 2485 5049 χρυσίου,
2525 4979 2619 5033 καὶ
2648 4981 2746 5035 οὐκ
2778 4977 2846 5053 ἦν
2875 4982 3104 5054 ἀριθμὸς
3127 4983 3233 5035 τῶν
3257 4982 3544 5053 θησαυρῶν
3572 4982 3769 5047 αὐτῶν,
3787 5001 3805 5031 1
3871 5025 3886 5054 ς

2241 5071 2334 5123 καὶ
2366 5069 2432 5124 τὰ
2465 5072 2591 5143 ἑξῆς
2619 5074 2843 5137 τούτων,
2874 5074 3217 5128 ὄνταπλείω·
3245 5068 3325 5136 οἷς
3353 5074 3627 5145 ἐπιφέρει·
3657 5094 3675 5125 ι
3698 5073 3815 5127 Καὶ

2242 5162 2649 5233 προσεκύνησαν
2684 5160 2763 5228 οἷς
2791 5166 3049 5236 ἐποίησαν
3087 5168 3135 5218 οἱ
3172 5164 3421 5218 δάκτυλοι
3457 5165 3670 5226 αὐτῶν,
3715 5166 3817 5217 καὶ

2239 5252 2436 5323 ἔκυψεν
2462 5255 2764 5326 ἄνθρωπος,
2791 5257 2883 5310 καὶ
2910 5254 3265 5325 ἐταπεινώθη,
3300 5256 3392 5309 καὶ
3418 5256 3479 5308 οὐ
3516 5256 3591 5327 μὴ
3625 5257 3817 5326 ἀνήσω

2238 5345 2454 5411 αὐτοὺς,
2491 5348 2584 5401 καὶ
2611 5348 2703 5401 νῦν
2739 5347 3006 5402 είσέλθετε
3048 5350 3127 5410 είς
3156 5348 3252 5411 τὰς
3294 5347 3519 5420 πέτρας,
3552 5347 3647 5401 καὶ
3677 5346 3816 5419 κρύ-

2242 5437 2438 5489 πτεσθε
2468 5439 2545 5501 είς
2569 5438 2667 5508 τὴν
2700 5439 2802 5508 γῆν
2826 5440 2933 5492 ἀπὸ
2955 5438 3245 5510 προσώπου
3270 5438 3363 5490 τοῦ
3389 5438 3554 5508 φόϐου
3579 5437 3813 5508 Κυρίου.
3876 5426 3880 5430 ’

2240 5528 2334 5582 καὶ
2365 5528 2475 5582 ἀπὸ
2509 5527 2797 5601 προσώπου
2841 5532 2937 5601 τῆς
2980 5530 3138 5603 δόξης
3182 5528 3348 5585 αὐτοῦ
3373 5568 3390 5596 ,
3435 5531 3563 5587 ὅταν
3601 5530 3814 5601 ἀναστῇ

2062 5707 2104 5741 ³³
2130 5706 2263 5763 ibid.
2291 5703 2408 5765 6-8.
