4056 6418
341 357 433 414 {'53

1227 339 1880 400 DEMONSTRATIONIS
1919 337 2377 394 EVANGELICIE
2411 337 2542 392 LIB.
2574 337 2637 391 ΙΙ.

3449 336 3550 390 154

338 469 548 544 θραῦσαι
572 467 668 537 τὴν
707 464 836 535 γῆν.
870 483 888 514 ι
915 464 997 515 Δι’
1020 454 1093 514 ὧν
1114 459 1299 527 σαφῶς
1329 458 1621 511 ἀνάστασίν
1651 474 1768 509 τινα
1790 455 1884 508 τοῦ

1989 461 2039 507 et
2068 468 2174 506 non
2207 452 2470 506 dimittam
2496 466 2590 505 eos
2621 469 2633 503 :
2664 459 2717 504 et
2739 465 2882 504 nunc
2907 449 3251 519 ingredimini
3270 452 3323 506 in
3342 461 3549 521 petras,

336 562 517 633 Κυρίου
546 559 785 613 διδάσκει
818 556 1034 609 ἔσεσθαι
1054 593 1068 608 .
1095 554 1152 606 ἐν
1241 549 1674 623 θραυσθήσεσθαι
1706 550 1901 610 πᾶσαν,

335 655 421 725 τὴν
460 652 557 721 γῆν
602 650 695 703 τοῦ
736 646 1002 701 Ἰουδαίων
1045 637 1263 701 ἔθνους·
1310 641 1437 712 περὶ
1480 639 1657 693 αὐτῶν
1704 638 1810 709 γὰρ
1856 640 1884 690 ὁ

334 747 429 809 πᾶς
447 741 510 814 ἦν
527 742 701 809 λόγος,
728 739 916 809 ὥσπερ
941 738 1030 792 καὶ
1062 748 1207 808 εςης,
1237 735 1303 788 δι’
1328 729 1387 787 οὗ
1415 750 1575 803 φησιν
1594 749 1605 758 ⁸
1634 752 1651 782 ι
1675 730 1883 801 Ἡμέρα

332 837 428 907 γὰρ
457 835 655 905 Κυρίου
678 830 905 885 Σαϐαὼθ
940 831 1028 883 ἐπὶ
1058 828 1232 881 πάντα
1262 824 1518 897 ὑϐριστὴν
1550 823 1644 877 καὶ
1677 822 1884 891 ὑπερή-

331 944 509 996 φανον,
543 925 637 978 καί
668 925 761 977 ἐπὶ
814 924 987 975 πάντα
1022 920 1220 991 ὑψηλὸν
1275 919 1367 972 καὶ
1403 915 1691 987 μετέωρον,
1736 932 1754 963 ι
1793 912 1885 963 καί

329 1020 388 1073 τὰ
416 1017 621 1079 τούτοις
646 1013 931 1068 ἀκόλουθα.
963 1013 1051 1065 Ἐν
1080 1011 1252 1082 ταύτῃ
1289 1006 1571 1077 τοιγαροῦν
1606 1007 1673 1074 τῇ
1705 1003 1886 1073 ἡμέρα

329 1110 416 1179 τῆς
446 1105 791 1167 ἀναστάσεως
826 1103 917 1156 τοῦ
960 1101 1187 1173 Κυρίου,
1222 1101 1288 1151 τὰ
1332 1098 1471 1151 κατὰ
1516 1097 1623 1148 τῶν
1662 1096 1884 1164 ἐπαιρο-

331 1200 495 1270 μένων
528 1198 671 1251 κατὰ
702 1198 801 1267 τῆς
839 1194 1091 1255 γνώσεως
1133 1192 1224 1244 τοῦ
1269 1190 1403 1242 Θεοῦ
1443 1186 1882 1259 προαγορεύσας,

332 1310 349 1341 ι
381 1292 462 1343 Ἐν
495 1290 636 1357 αὐτῇ
661 1285 858 1357 ταύτῃ,
890 1284 1044 1354 φησι,
1080 1284 1144 1352 τῇ
1177 1281 1357 1351 ἡμέρα
1392 1278 1734 1348 ὑψωθήσεται
1774 1275 1885 1327 Κύ-

328 1399 447 1453 ριος,
477 1381 573 1434 καὶ
608 1379 675 1432 τὰ
706 1377 1053 1449 χειροποίητα
1086 1374 1265 1427 πάντα
1293 1370 1731 1442 κατακρύψουσιν
1775 1371 1885 1420 εἱσ-

324 1473 634 1540 ενέγκαντες
673 1472 753 1533 εἰς
782 1469 850 1523 τὰ
896 1466 1161 1536 σπήλαια,
1204 1484 1222 1514 ι
1268 1461 1549 1534 μονονουχὶ
1586 1460 1757 1531 δηλῶν
1788 1458 1882 1529 τὴν

323 1562 661 1634 ἀποστροφὴν
693 1562 801 1614 τῶν
843 1559 1074 1612 εἰδώλων
1099 1599 1113 1621 ,
1152 1557 1217 1627 ἣν
1263 1556 1689 1626 ἀπεστράφησαν
1733 1551 1884 1605 αὐτοί

321 1674 374 1709 τε
406 1657 670 1717 Ἰουδαῖοι,
708 1654 802 1707 καὶ
838 1652 886 1705 οἱ
932 1651 1107 1703 λοιποὶ
1164 1649 1358 1711 πάντες
1420 1647 1694 1717 ἄνθρωποι
1750 1644 1884 1716 μετὰ

320 1748 408 1819 τὴν
435 1746 527 1800 τοῦ
566 1747 815 1816 Σωτῆρος
859 1741 1014 1813 ἡμῶν
1052 1740 1390 1808 ἐπιφάνειαν,
1438 1736 1884 1799 καταπτύσαν-Ξες

1988 553 2040 595 et
2069 542 2465 597 abscondimini
2496 543 2551 596 in
2582 550 2781 596 terram
2817 559 2845 596 a
2882 543 3019 597 facie
3050 543 3265 598 timoris
3299 542 3512 597 Domini
3533 584 3549 606 ,

1985 640 2038 685 et
2079 647 2107 684 a
2154 631 2292 684 facie
2344 631 2530 694 gloriae
2571 631 2728 699 ejus,
2778 646 2900 684 cum
2946 632 3244 686 surrexerit
3289 646 3553 701 quassare

1985 732 2184 776 terram
2219 723 2285 774 ".
2327 742 2345 774 ι
2382 722 2591 789 Quibus
2622 723 2802 775 verbis
2835 723 2991 791 plane
3020 733 3394 778 surrecturum
3428 738 3553 778 esse

1984 813 2271 867 Dominum
2303 812 2509 866 indicat
2535 853 2549 875 ,
2585 822 2638 867 et
2671 814 2981 867 universam
3007 823 3207 867 terram
3241 816 3418 884 gentis
3446 813 3551 869 Ju—

1984 906 2152 961 daicze
2180 913 2563 975 quassatnrum
2600 904 2699 958 :de
2743 903 2944 959 Judieis
2977 906 3119 959 enim
3160 907 3337 962 omnis
3371 922 3553 963 sermo

1985 1006 2067 1051 est
2096 1038 2110 1059 ,
2144 997 2599 1067 quemadmodum
2636 997 2796 1051 etiam
2828 998 2880 1050 in
2913 998 3284 1066 sequentibus,
3318 999 3408 1053 ubi
3433 999 3550 1055 ait:

1992 1106 2011 1140 ›
2049 1088 2171 1142 Dies
2194 1089 2338 1141 enim
2366 1088 2575 1141 Domini
2603 1087 2838 1142 Sabaoth
2868 1105 3032 1158 super
3059 1106 3271 1145 omnem
3304 1091 3554 1160 petulan-

1985 1188 2089 1235 tem
2118 1189 2170 1234 et
2202 1181 2515 1249 superbum,
2548 1189 2601 1233 et
2638 1196 2803 1249 super
2831 1196 3046 1235 omnem
3069 1184 3341 1237 excelsum
3373 1193 3424 1238 et
3453 1200 3551 1238 su-

1984 1272 2201 1325 blimem
2234 1272 2299 1335 '3,
2342 1290 2358 1321 ι
2395 1286 2624 1340 quaeque
2655 1273 2741 1325 his
2770 1272 3027 1341 deinceps
3061 1282 3429 1327 consentanea
3463 1275 3550 1328 di-

1982 1371 2199 1417 cuntur.
2247 1363 2304 1415 In
2341 1363 2442 1415 hac
2486 1364 2650 1432 igitur
2685 1363 2807 1422 die.
2862 1364 2916 1416 itt
2947 1378 3051 1432 qua
3089 1373 3439 1420 surrecturus
3465 1373 3552 1419 est

1982 1447 2263 1513 Dominus,
2300 1461 2582 1520 postquam
2619 1453 2946 1506 vaticinatus
2969 1459 3054 1506 est
3088 1462 3276 1505 contra
3309 1468 3425 1515 eos,
3458 1454 3553 1524 qui

1981 1542 2315 1595 extolluntur
2346 1542 2608 1614 adversus
2643 1543 3008 1612 cognitionem
3048 1541 3178 1607 Dei,
3220 1552 3332 1598 tum
3364 1545 3415 1596 in
3451 1544 3552 1599 hac

1978 1632 2117 1701 ipsa,
2153 1633 2394 1703 inquam,
2418 1634 2505 1687 die
2529 1673 2544 1697 ,
2581 1633 2867 1688 Dominum
2894 1634 2944 1686 id
2977 1632 3248 1687 facturum
3289 1635 3551 1703 propheta

1984 1727 2253 1796 signiﬁcat
2295 1746 2307 1780 :
2345 1744 2363 1778 ι
2407 1726 2710 1782 Extolletur
2741 1748 2760 1780 ι
2801 1727 3024 1796 inquit,
3062 1726 3322 1781 Dominus
3365 1729 3418 1781 in
3464 1728 3553 1781 die

322 1817 488 1908 πάσης
547 1835 989 1906 δεισιδαιμονίας
1040 1852 1056 1883 ι
1110 1834 1187 1902 Τῇ
1233 1830 1359 1899 γοῦν
1414 1828 1592 1901 ἡμέρα
1656 1827 1872 1896 ὲκείνῃ’,

1985 1817 2067 1871 illa
2093 1836 2107 1872 :
2135 1826 2189 1873 et
2214 1819 2524 1873 manufacta
2557 1821 2737 1873 omnia
2763 1820 3139 1881 occultabunt,
3167 1818 3555 1874 introferentes

322 1932 493 2001 φησὶν,
529 1928 759 1982 ἐκϐαλεῖ
829 1925 1111 1996 ἄνθρωπος
1152 1922 1220 1975 τὰ
1251 1921 1590 1991 βδελύγματα
1623 1917 1783 1971 αὐτοῦ
1814 1914 1882 1969 τὰ

321 2023 502 2093 χρυσᾶ,
534 2019 725 2073 καὶτὰ
765 2019 982 2088 ἀργυρᾶ
1008 2016 1044 2068 δι
1095 2014 1353 2085 ἐποίησαν
1373 2053 1387 2076 ,
1422 2013 1743 2084 προσκυνεῖν
1771 2012 1883 2072 τοῖς

324 2113 597 2182 ματαίοις,
631 2130 648 2161 ›
677 2108 927 2169 καθόλου,
954 2108 1028 2170 ὡς
1061 2105 1226 2168 εἰκὸς,
1259 2105 1351 2157 καὶ
1386 2104 1515 2174 περὶ
1555 2100 1753 2163 παντὸς
1786 2101 1880 2152 ἁν-

320 2202 528 2275 θρώπου
557 2201 730 2256 ταῦτα
759 2197 1057 2267 ἀναφωνῶν
1086 2196 1171 2249 διὰ
1208 2196 1306 2266 τὴν
1340 2194 1634 2266 μέλλουσαν
1667 2192 1882 2245 ἔσεσθαι

316 2297 417 2350 τῶν
449 2296 623 2349 ἐθνῶν
650 2294 861 2363 κλῆσιν.
897 2292 1065 2354 Ἰδίως
1091 2290 1147 2342 δὲ
1170 2285 1324 2351 αὖθις
1347 2288 1473 2358 περὶ
1492 2286 1584 2339 τοῦ
1622 2286 1883 2339 Ἰουδαίων

320 2386 494 2451 ἔθνους
541 2386 652 2439 (me
694 2385 821 2456 μίαν
860 2372 1096 2436 διάνοιαν
1139 2381 1265 2450 ἑξῆς
1306 2378 1575 2447 ἐπιλέγειν
1627 2396 1646 2427 ι
1687 2378 1815 2430 Ἰδοὺ
1855 2380 1883 2429 ὁ

318 2481 593 2549 Δεσπότης
630 2478 831 2548 Κύριος
858 2472 1080 2528 Σαϐαὼθ
1116 2472 1304 2542 ἀφελεῖ
1339 2471 1443 2524 ἀπὸ
1473 2471 1573 2540 τῆς
1607 2470 1882 2534 Ἰουδαίας,

321 2572 406 2625 καί
434 2571 548 2624 ἀπὸ
592 2568 945 2639 Ἰερουσαλὴμ
980 2564 1250 2634 ἰσχύοντα,
1280 2562 1374 2615 καὶ
1397 2560 1702 2631 ἰσχύουσαν,
1736 2561 1884 2630 ἰσχὺν

318 2661 497 2733 ἄρτου,
539 2662 639 2714 κα).
666 2660 817 2729 ἰσχὺν
850 2657 1059 2719 ὓδατος,
1095 2655 1347 2724 γίγαντα,
1376 2652 1469 2705 καὶ
1503 2652 1772 2721 ἰσχύοντα,
1793 2651 1886 2703 καὶ

318 2753 599 2825 ἄνθρωπον
628 2749 974 2820 πολεμιστὴν,
1001 2747 1097 2800 καὶ
1128 2744 1384 2814 δικαστὴν
1406 2782 1420 2804 ,
1450 2742 1545 2796 καὶ
1581 2743 1881 2813 προφήτην,

317 2845 406 2899 καὶ
434 2841 762 2914 στοχαστὴν,
796 2841 889 2893 καὶ
928 2838 1317 2909 πρεσϐύτερον,
1360 2835 1453 2888 καὶ
1493 2833 1886 2903 πεντηκόνταρ-

317 2949 434 3002 χον,
487 2931 593 2985 καὶ
630 2928 939 2998 θαυμαστὸν
1003 2925 1333 2996 σύμϐουλον,
1383 2922 1475 2974 καὶ
1526 2919 1686 2989 σοφὸν
1732 2922 1887 2991 ἀρχι-

312 3021 533 3074 τέκτονα
561 3058 579 3082 ,
624 3018 720 3071 καὶ
772 3016 985 3070 συνετὸν
1040 3015 1348 3085 ἀκροατὴν,
1384 3031 1403 3065 ι
1448 3012 1540 3064 καὶ
1571 3012 1639 3065 τὰ
1681 3010 1885 3073 τούτοις

316 3112 455 3183 ἑξῆς.
491 3110 669 3163 Ἔνθα
695 3110 1011 3178 ἐπιστήσας,
1038 3105 1280 3177 παράθες
1300 3105 1367 3158 τὰ
1392 3102 1764 3174 προλεγόμενα
1786 3104 1884 3171 τῆς
1912 3145 1952 3201 C

315 3204 655 3274 προφητείας
688 3200 752 3254 δι’
779 3194 855 3253 ὧν
892 3199 1132 3269 εἴρηται,
1166 3217 1183 3248 ι
1220 3198 1276 3249 Ὀ
1316 3196 1488 3263 Λόγος
1533 3198 1561 3248 ὁ
1598 3194 1883 3263 γενόμενος

314 3298 456 3368 παρὰ
488 3296 701 3367 Κυρίου
746 3295 880 3365 πρὸς
930 3292 1171 3351 Ἡσαΐαν,
1200 3292 1312 3343 υἱὸν
1358 3288 1557 3359 Ἀμὼς,
1605 3287 1744 3358 ὑπὲρ
1787 3286 1884 3355 τῆς

327 3388 585 3449 Ἰουδαίας
628 3386 723 3440 καὶ
755 3385 891 3455 ὑπὲρ
943 3382 1312 3453 Ἰερουσαλὴμ,
1341 3400 1358 3431 ι
1398 3382 1470 3443 ὡς
1521 3379 1717 3449 μᾶλλον
1762 3380 1883 3429 κατ’

311 3481 486 3534 αὐτῶν
531 3479 570 3548 ἦ
617 3478 757 3548 ὑπὲρ
803 3474 981 3527 αὐτῶν
1031 3473 1099 3525 τὰ
1144 3470 1547 3542 έπενηνεγμένα
1591 3468 1880 3538 τυγχάνει’

319 3574 364 3623 εί
395 3577 465 3642 μή
502 3588 595 3633 τις
632 3569 743 3640 ἄρα
774 3569 830 3619 ἐν
863 3566 1069 3628 τούτοις
1092 3564 1364 3618 λανθάνων
1398 3562 1705 3632 περιέχεται
1739 3558 1881 3621 νοῦς.

313 3660 435 3723 Πῶς
465 3659 619 3730 γὰρ,
679 3656 885 3728 μέλλων
930 3656 1183 3724 ἀφαιρεῖν
1229 3652 1334 3705 ἀπὸ
1361 3652 1457 3721 τῆς
1496 3650 1749 3712 Ἰουδαίας
1793 3650 1884 3702 καὶ

315 3751 416 3804 ἀπὸ
474 3748 839 3822 Ἰερουσαλὴμ
887 3746 1133 3815 ἰσχύοντα
1194 3744 1290 3797 καὶ
1352 3742 1674 3812 ἰσχύουσαν,
1734 3742 1885 3811 ἰσχὺν

318 3842 480 3913 ἄρτου
522 3841 619 3894 καὶ
646 3842 798 3910 ἰσχὺν
831 3837 1036 3900 ὕδατος,
1064 3836 1156 3889 καὶ
1183 3834 1357 3887 πάντα
1385 3834 1450 3886 τὰ
1488 3835 1544 3885 ὲν
1574 3833 1756 3893 αὐτοῖς
1785 3831 1886 3885 πά-

314 3936 401 3989 λαι
429 3932 979 4003 διαπρέποντα,ὑπὲρ
998 3930 1097 3999 τῆς
1130 3928 1387 3990 Ἰουδαίας
1413 3927 1505 3980 καὶ
1528 3926 1667 3997 ὑπὲρ
1695 3927 1885 3995 Ἰερου-

312 4028 496 4100 σαλὴμ
557 4025 773 4079 ἔσεσθαι
828 4024 895 4077 τὰ
933 4021 1296 4090 θωπιζὸμενα
1344 4017 1635 4089 προύλεγε;
1676 4016 1791 4079 πῶς
1830 4016 1885 4069 δὲ

315 4119 450 4189 ὑπὲρ
510 4115 695 4170 αὐτῶν
754 4115 869 4167 ἔστι
918 4114 1011 4167 καὶ
1068 4112 1137 4165 τὰ
1201 4110 1328 4180 έξῆς
1381 4106 1535 4172 αὖθις
1600 4107 1882 4176 λέγεσθαι;

317 4229 338 4260 4
379 4211 619 4263 ’Δνείται
652 4206 1026 4277 Ἰερουσαλὴμ,
1060 4204 1210 4273 καίή
1247 4200 1473 4254 Ἰουδαία
1497 4198 1882 4269 συμπέπτωκε,

314 4302 404 4356 καὶ
461 4303 522 4354 αἰ
587 4299 827 4367 γλῶσσαι
876 4296 1052 4351 αὐτῶν
1112 4293 1248 4365 μετὰ
1308 4291 1565 4361 ἀνομίας,
1622 4290 1688 4342 τὰ
1749 4291 1884 4361 πρὸς

313 4389 518 4461 Κύριον
567 4387 977 4449 ἀπειθοῦντες.»
1021 4383 1179 4436 Ἀλλὰ
1207 4383 1314 4451 γὰρ
1362 4384 1418 4434 ὲν
1460 4379 1643 4449 τοιῷδε
1686 4380 1879 4450 καιρῷ,

1982 1923 2046 1963 ea
2078 1909 2134 1962 in
2167 1910 2452 1978 speluncas
2489 1910 2574 1962 “:
2617 1928 2635 1959 ι
2672 1910 2762 1964 ubi
2808 1909 3194 1980 propemodum
3242 1909 3447 1963 indicat
3493 1924 3554 1962 a-

1982 2000 2283 2055 rersionem
2317 2016 2345 2053 a
2376 2001 2703 2064 simulacris,
2739 2016 2845 2070 qua
2877 2002 3056 2054 aversi
3087 2009 3212 2055 sunt
3239 2010 3293 2055 et
3326 2002 3428 2070 ipsi
3455 1999 3553 2056 Ju-

1982 2090 2081 2146 daei
2113 2131 2127 2155 ,
2174 2100 2228 2147 et
2259 2108 2449 2147 omnes
2503 2093 2696 2162 reliqui
2740 2093 2987 2147 homines
3023 2135 3037 2159 ,
3089 2104 3210 2163 post
3254 2092 3553 2149 Salvatoris

1984 2182 2158 2236 nostri
2193 2181 2481 2236 adventum
2510 2225 2526 2245 ,
2580 2182 2798 2251 quando
2854 2198 3067 2236 omnem
3110 2184 3548 2252 superstitionem

1983 2274 2255 2347 aspernati
2291 2281 2436 2327 sunt.
2475 2292 2492 2323 ι
2529 2272 2670 2344 Ergo
2702 2276 2755 2327 in
2787 2274 2873 2330 die
2904 2275 2993 2328 illa
3020 2317 3036 2338 ,
3074 2276 3290 2344 inquit,
3332 2276 3547 2345 abjiciet

1986 2364 2146 2418 homo
2174 2364 2607 2418 abominationes
2638 2379 2768 2418 suas
2798 2380 2992 2419 aureas
3018 2373 3180 2433 atque
3214 2374 3501 2434 argenteas
3529 2403 3546 2428 ,

1983 2472 2122 2525 quas
2152 2456 2394 2510 fecerunt
2418 2496 2434 2517 ,
2465 2465 2521 2510 ιιι
2555 2458 2846 2511 adorarent
2873 2459 3056 2511 inania
3085 2459 3151 2512 ³⁵.
3189 2478 3207 2509 ι
3250 2458 3346 2511 Ubi
3380 2459 3495 2513 haec
3531 2499 3549 2527 ,

1984 2554 2043 2600 ut
2071 2562 2165 2617 par
2194 2557 2274 2601 est
2298 2587 2312 2608 ,
2343 2547 2410 2600 de
2431 2549 2579 2601 omni
2612 2550 2829 2605 homine
2858 2551 3151 2604 enuntians
3178 2589 3190 2611 ,
3216 2558 3438 2618 propter
3460 2549 3550 2604 fu-

1985 2645 2158 2691 turam
2181 2638 2418 2707 gentium
2460 2640 2832 2702 vocationem,
2870 2649 2983 2693 tum
3014 2642 3303 2710 separatim
3350 2655 3549 2697 rursus

1987 2730 2088 2782 sub
2120 2746 2279 2782 unam
2313 2730 2634 2783 sententiam
2670 2732 2736 2784 de
2764 2729 2988 2784 Judaica
3020 2742 3177 2801 gente
3204 2733 3473 2801 adjungit,
3499 2742 3553 2787 et

1985 2820 2142 2874 dicit:
2169 2840 2186 2871 ι
2214 2819 2350 2875 Erice
2366 2820 2674 2874 dominator
2698 2822 2957 2876 Dominus
2977 2821 3238 2887 Sabaoth,
3257 2824 3464 2878 auferet
3485 2824 3555 2880 d0

1984 2903 2169 2959 Juda'a
2209 2914 2263 2961 et
2303 2906 2369 2960 de
2409 2906 2708 2962 Jerusalem
2742 2910 2914 2963 virum
2959 2911 3240 2965 robustum
3269 2953 3282 2976 ,
3312 2920 3366 2967 et
3396 2913 3552 2967 femi-

1988 3010 2112 3049 nam
2144 2996 2411 3051 valentem
2434 3038 2448 3062 ,
2491 2998 2660 3051 robur
2694 3001 2851 3069 panis
2880 3039 2893 3061 ,
2927 3012 2979 3055 et
3030 3003 3194 3057 robur
3233 3019 3385 3073 aquae
3408 3045 3422 3067 ,
3465 3004 3548 3073 gi-

1988 3096 2201 3157 gantem
2225 3127 2239 3152 ,
2271 3096 2325 3143 et
2357 3089 2642 3143 robustum
2672 3129 2686 3153 ,
2717 3098 2771 3145 et
2812 3091 3083 3146 hominem
3116 3094 3463 3155 bellatorem,
3498 3102 3553 3149 et

1983 3180 2240 3248 judicem,
2263 3189 2315 3235 et
2345 3181 2684 3250 prophetam,
2703 3190 2756 3237 et
2788 3184 3177 3252 conjecturem,
3200 3195 3246 3239 et
3276 3185 3550 3256 685cm-

1985 3286 2132 3326 orem
2161 3312 2176 3335 ,
2209 3280 2262 3326 et
2298 3276 2595 3343 principem
2630 3290 2796 3343 super
2827 3275 3221 3345 quinquaginta
3256 3319 3271 3341 ,
3307 3290 3360 3331 et
3386 3278 3551 3331 mira—

1985 3364 2145 3417 bilem
2175 3365 2576 3429 consiliarium,
2614 3372 2667 3420 et
2689 3366 2906 3420 doctum
2940 3367 3323 3431 architectum,
3349 3376 3402 3421 et
3425 3384 3554 3438 pru-

1985 3452 2197 3506 dentem
2221 3454 2523 3509 auditorem
2553 3454 2618 3518 ³⁸,
2656 3473 2674 3505 ι
2702 3462 2755 3509 et
2785 3468 2904 3523 quae
2925 3464 3247 3523 sequuntur.
3272 3455 3403 3520 Quae
3427 3472 3551 3510 cum

1985 3544 2294 3614 diligentius
2324 3545 2617 3599 attenderis
2638 3587 2654 3608 ,
2691 3546 2950 3614 apponito
2980 3546 3046 3600 iis
3078 3562 3200 3615 quae
3231 3546 3387 3599 initio
3417 3560 3546 3615 pro-

1986 3636 2179 3704 phetiae
2204 3636 2347 3689 dicta
2379 3645 2527 3699 sunt,
2553 3652 2672 3705 quae
2702 3637 2781 3691 sic
2803 3636 3002 3691 habent
3029 3656 3040 3690 :
3075 3655 3093 3687 ι
3132 3637 3368 3691 Verbum
3401 3635 3547 3706 quod

1987 3727 2188 3781 factum
2220 3738 2302 3782 est
2345 3744 2373 3780 a
2408 3727 2637 3781 Domino
2671 3728 2735 3781 ad
2769 3728 2960 3781 Isaiam
3002 3728 3166 3781 ﬁlium
3199 3727 3367 3782 Amos
3385 3742 3552 3796 super

1983 3817 2168 3872 Judzea
2194 3858 2208 3882 ,
2244 3826 2297 3873 et
2347 3833 2510 3887 super
2557 3816 2855 3873 Jerusalem
2880 3819 2921 3850 ³⁷
2948 3858 2962 3883 ,
2998 3829 3055 3872 ιιι
3086 3834 3205 3887 quae
3229 3819 3309 3873 sic
3340 3819 3549 3888 prolata

1986 3917 2134 3972 sunt,
2159 3910 2329 3979 magis
2359 3918 2547 3963 contra
2570 3911 2738 3979 ipsos,
2769 3925 2930 3979 quam
2966 3924 3065 3978 pro
3096 3908 3230 3978 ipsis
3256 3909 3547 3972 exsistant,

1986 3988 2101 4055 nisi
2116 4001 2253 4055 forte
2290 4002 2344 4053 in
2377 4002 2461 4056 his
2488 4002 2684 4070 aliquis
2719 4003 2890 4055 latens
2920 3999 3398 4069 comprehenditur
3425 4015 3552 4054 sen-

1986 4110 2100 4148 sus.
2134 4091 2236 4157 Qui
2266 4093 2408 4146 enim
2443 4092 2555 4146 ﬁeri
2589 4100 2767 4161 potest
2798 4132 2813 4154 ,
2867 4100 2921 4144 ut
2956 4093 3001 4144 is
3038 4092 3131 4158 qui
3162 4092 3446 4145 ablaturus
3479 4091 3553 4144 sit

1985 4186 2052 4237 ab
2079 4184 2262 4238 Judaca
2296 4223 2309 4246 ,
2337 4191 2389 4236 et
2446 4185 2515 4236 ah
2551 4183 2850 4237 Jerusalem
2881 4224 2894 4243 ,
2941 4182 3113 4235 virum
3146 4181 3427 4235 robustum
3455 4220 3469 4245 ,
3497 4188 3552 4234 et

1986 4278 2237 4332 feminam
2274 4277 2536 4329 valentem
2564 4314 2579 4335 ,
2627 4274 2792 4327 robur
2832 4274 2987 4340 panis
3018 4312 3031 4335 ,
3066 4279 3118 4322 et
3151 4272 3316 4324 robur
3348 4286 3503 4339 aqua:
3532 4309 3548 4328 .

1985 4378 2037 4424 et
2068 4370 2248 4423 omnia
2291 4383 2630 4438 quaecunque
2673 4366 2799 4419 olim
2842 4365 2894 4417 in
2928 4364 3007 4418 eis
3036 4364 3352 4433 dignitatem
3382 4362 3551 4417 habe-

315 4485 368 4535 ὲν
463 4482 528 4537 τὸ
555 4481 678 4553 ὅρος
718 4478 922 4550 Κυρίου
964 4480 1096 4531 πᾶσι
1143 4478 1253 4537 τοῖς
1295 4474 1499 4526 ἔθνεσιν
1534 4472 1747 4541 ἀνάγκη
1784 4489 1882 4540 κη-

1985 4462 2113 4531 bant
2138 4500 2152 4523 ,
2209 4476 2305 4529 pro
2333 4458 2516 4513 Judaea
2542 4499 2556 4521 ,
2604 4469 2657 4512 et
2702 4472 2797 4526 pro
2834 4454 3131 4510 Jerusalem
3172 4454 3348 4508 futura
3374 4469 3499 4508 esse
3531 4492 3547 4517 ,

317 4575 631 4646 ρύττεσθαι,
662 4574 690 4626 ὅ
720 4589 778 4625 τε
806 4572 897 4623 ἐπὶ
919 4568 1011 4623 τοῦ
1045 4568 1203 4639 ὅρους
1239 4562 1385 4628 οἶκος
1409 4564 1503 4618 τού
1537 4562 1691 4623 Θεοῦ,
1716 4564 1799 4631 ἐφ’
1823 4554 1884 4616 οὗ

318 4668 494 4720 πάντα
520 4664 592 4718 τὰ
619 4664 745 4735 ἔθνη
774 4663 1019 4716 συνιόντα
1042 4659 1197 4728 φασί*
1223 4676 1240 4707 ι
1264 4656 1448 4718 Δεῦτε,
1480 4655 1572 4708 καὶ
1597 4653 1883 4722 ἀναδῶμεν

317 4759 393 4820 εἰς
422 4758 487 4811 τὸ
518 4757 645 4827 ὅρος
683 4755 907 4826 Κυρίου,
944 4752 1038 4806 και
1066 4753 1142 4813 εἰς
1172 4750 1261 4803 τὸν
1285 4743 1431 4800 οἶκον
1475 4743 1569 4799 τοῦ
1610 4744 1741 4798 Θεοῦ
1786 4745 1885 4796 Ἰα-

316 4848 466 4900 κὼϐ·
511 4867 531 4898 ι
568 4846 840 4907 τοιαύταις
882 4846 909 4897 ὁ
951 4843 1105 4910 λόγος
1153 4840 1493 4912 χρησάμενος
1534 4835 1883 4906 κατηγορίαις

314 4939 407 4993 τοῦ
436 4939 706 4993 Ἰουδαίων
728 4937 931 5002 ἔθνους,
964 4934 1260 5003 ἀπειλήσας
1281 4950 1340 4985 τε
1365 4932 1543 4994 αὐτοῖς
1566 4929 1635 4981 τὰ
1660 4929 1877 4998 ἔσχατα,

316 5029 673 5082 ὲπισυνάπτει
724 5026 930 5088 τούτοις
976 5027 1105 5076 πᾶσι
1153 5021 1251 5084 τὰς
1300 5018 1711 5090 προεκτεθείσας
1750 5018 1880 5086 ἡμῖν

316 5117 510 5183 λέξεις,
546 5118 831 5183 διδάσκων,
859 5116 960 5175 ὅτι,
999 5112 1093 5167 τοῦ
1142 5112 1339 5176 παντὸς
1389 5108 1649 5163 Ἰουδαίων
1698 5107 1880 5169 ἔθνους

321 5210 602 5279 μέλλοντος
636 5207 1023 5262 ἀποπεσείσθαι
1084 5207 1180 5276 τῆς
1230 5202 1369 5256 κατὰ
1410 5202 1499 5253 τὸν
1551 5199 1682 5252 Θεὸν
1725 5199 1877 5249 εύσε‹

319 5299 493 5364 ϐείας,
529 5299 1035 5372 περιλειφθήσονταί
1067 5313 1210 5357 τινες
1247 5296 1304 5346 ὲν
1337 5294 1519 5353 αὐτοῖς
1561 5290 1620 5342 ού
1658 5306 1887 5342 συναςτο⁶

318 5389 615 5455 λαύσαντες
644 5394 754 5453 τοῖς
779 5391 909 5442 πᾶσι
953 5387 1060 5440 τῶν
1106 5384 1317 5439 κακῶν·
1377 5381 1610 5453 ἔμπαλιν
1643 5379 1697 5432 δὲ
1740 5378 1887 5430 ὼσὰν

319 5482 381 5533 ὲκ
419 5481 704 5553 μοχθηρῶν
743 5481 837 5535 καὶ
869 5478 1194 5551 παρανόμων
1231 5472 1671 5541 διασεσωσμένοι,
1707 5470 1799 5522 καὶ
1828 5470 1888 5521 τὸ

318 5573 604 5643 εἰλικρινὲς
634 5573 733 5643 τῆς
758 5571 1031 5633 εὐσεϐείας
1060 5565 1478 5635 ἐπιδεδεγμένοι,
1514 5563 1609 5633 τῆς
1645 5559 1790 5631 παρὰ
1812 5559 1887 5629 τῷ

427 5691 854 5752 ³¹15ο.ιι,8-10.
929 5690 1119 5744 "ibid.
1145 5687 1230 5741 ιτ.
1308 5687 1353 5717 ³⁵
1388 5683 1517 5738 ibid.
1552 5680 1744 5742 17,18.

320 5759 364 5791 ³³
405 5760 507 5816 Isa.
544 5780 605 5828 ιι,
646 5763 702 5818 5.

1825 5679 1866 5712 ⁸⁸
1892 5677 2026 5733 ibid.
2066 5677 2156 5732 20.

1988 4553 2099 4606 hinc
2144 4552 2258 4621 ipsa
2301 4566 2419 4619 quae
2460 4548 2843 4603 divinabantur
2891 4545 3245 4614 prardixerit?
3277 4544 3551 4613 quomodo

1986 4649 2168 4694 autem
2206 4648 2332 4693 sunt
2356 4652 2456 4709 pro
2489 4637 2706 4699 iisdem,
2737 4650 2798 4689 ea
2824 4649 2944 4703 qua:
2975 4632 3231 4700 deinceps
3258 4628 3553 4684 dicuntur?

1990 4751 2007 4783 ι
2052 4732 2238 4786 Soluta
2285 4738 2369 4784 est
2391 4726 2712 4789 Jerusalem,
2747 4731 2798 4778 et
2827 4722 3011 4776 Judaea
3040 4718 3276 4783 concidit
3302 4757 3317 4782 ,
3363 4724 3417 4770 et
3445 4718 3551 4769 lin-

1982 4839 2101 4892 gua:
2145 4836 2332 4876 eorum
2385 4834 2506 4872 cum
2552 4816 2839 4885 iniquitate
2868 4853 2882 4877 ,
2919 4828 2979 4866 ea
3016 4826 3134 4880 qua:
3164 4811 3230 4863 ad
3263 4808 3550 4862 Dominum

1988 4923 2233 4985 spectant
2275 4928 2382 4966 non
2430 4909 2716 4965 credentes
2759 4907 2823 4960 ³⁸.
2864 4926 2881 4956 ι
2933 4903 3092 4973 Atqui
3149 4918 3255 4971 quo
3306 4910 3548 4970 tempore

1988 5012 2225 5058 montem
2252 5003 2467 5055 Domini
2496 5000 2748 5054 omnibus
2774 4995 3026 5067 gentibus
3057 4993 3295 5046 nuntiari
3325 5006 3552 5047 necesse

1986 5104 2101 5153 erat
2126 5137 2141 5161 ,
2177 5096 2377 5162 Deique
2413 5095 2466 5148 in
2519 5094 2611 5146 illo
2644 5102 2827 5144 monte
2873 5089 3091 5141 domum
3126 5125 3140 5146 ,
3172 5086 3225 5139 in
3254 5100 3414 5155 quam
3455 5084 3549 5139 ubi

1985 5204 2174 5243 omnes
2222 5195 2409 5257 gentes
2453 5183 2879 5243 convenissent,
2913 5187 3024 5232 tum
3071 5179 3271 5234 dicturi
3320 5187 3551 5270 essent:

1992 5300 2010 5331 ι
2050 5279 2283 5341 Venite,
2338 5277 2699 5332 ascendamus
2746 5273 2800 5325 in
2844 5279 3079 5324 montem
3115 5270 3369 5335 Domini,
3412 5277 3466 5324 et
3499 5270 3552 5323 in

1984 5375 2205 5429 domum
2246 5370 2336 5424 Dei
2368 5367 2536 5423 Jacob
2560 5367 2602 5398 ³³
2638 5385 2650 5420 :
2686 5384 2703 5415 ι
2737 5366 2790 5417 in
2826 5378 2890 5416 eo
2917 5402 2931 5426 ,
2962 5363 3182 5431 inquam
3213 5403 3226 5425 ,
3262 5364 3381 5431 ipso
3413 5368 3555 5416 temo

1984 5480 2135 5536 pore.
2176 5462 2263 5516 ubi
2292 5476 2471 5515 sermo
2503 5457 2720 5512 divinus
2751 5457 2953 5511 talibus
2975 5455 3215 5511 Judaicze
3249 5453 3426 5523 gentis
3455 5467 3550 5504 ac-

1985 5552 2363 5611 cusationibus
2409 5558 2493 5604 est
2540 5565 2674 5604 usus
2705 5590 2719 5616 ,
2774 5548 2949 5619 iisque
2992 5548 3227 5602 minatus
3260 5553 3497 5599 extrema
3534 5560 3548 5595 :

2234 5675 2278 5706 ³⁶
2316 5672 2425 5728 lsa.
2462 5686 2547 5739 HI,
2572 5671 2694 5727 1-5.
2722 5668 2854 5725 "lsa
2884 5711 2897 5726 .
2932 5684 2994 5735 ιι,
3034 5670 3083 5726 1.
3162 5668 3206 5699 ³⁸
3240 5665 3344 5722 lsa.
3379 5678 3460 5725 ιιι,
3495 5662 3548 5717 8.
