4056 6418
510 302 606 356 9³λό

538 337 565 354 υ

538 337 565 354 υ

1136 305 1399 361 EUSEBII
1438 308 1918 365 (ὶᾸίδΑῐὶιΕΝδῐδ
1955 309 2052 365 ΟΡ]

2150 309 2324 365 PARS
2357 310 2420 365 II.
2464 343 2530 352 —-
2573 309 3068 367 APOLOGETICA.

3639 309 3739 364 156

498 431 614 478 tum
643 424 730 479 bis
759 425 1011 479 omnibus
1045 464 1059 488 ,
1092 443 1155 481 ea
1188 444 1309 497 quae
1336 436 1462 483 ante
1504 431 1859 499 exposuimus
1901 435 2052 486 verba

2165 431 2282 503 Θεῷ
2307 433 2531 507 Γραφῆς
2559 434 3072 504 καταξιωθήσονται,
3107 432 3199 485 τοῦ
3227 431 3361 485 Θεοῦ
3386 449 3444 485 τε
3477 433 3569 485 καὶ
3595 432 3739 501 ἅγιοι

500 516 747 586 adjungit
776 556 792 580 ,
819 516 1084 588 docetque
1109 536 1173 575 ex
1209 521 1354 574 omni
1396 519 1621 576 Judaica
1650 531 1808 591 gente
1837 562 1851 586 ,
1883 539 2003 593 quae
2040 538 2069 575 a

498 624 629 664 vero
659 609 753 663 Dei
785 611 931 663 cultu
972 627 1168 667 casura
1200 615 1305 674 sit,
1339 612 1721 682 superfuturus
1755 615 2018 683 quosdam
2052 655 2067 679 ,

495 702 586 771 qui
620 717 727 758 non
760 703 946 755 eadem
979 719 1103 757 cum
1147 706 1401 758 omnibus
1452 710 1590 758 mala
1637 707 1747 759 sint
1792 707 2066 771 subituri,

495 793 628 860 quin
673 801 863 846 contra
913 797 1092 861 potius
1123 834 1143 854 ,Α
1186 804 1441 863 tanquam
1474 811 1538 850 ex
1574 796 1755 865 pravis
1784 803 1946 866 atque
1981 797 2067 848 in-

491 882 655 947 justis
701 882 869 934 relicti
917 883 1241 951 superstites
1270 924 1283 946 ,
1317 886 1836 953 comprobatamque
1863 900 1924 939 ac
1949 886 2064 939 sin-

495 986 673 1028 ceram
707 975 958 1043 pietatem
994 975 1226 1043 amplexi
1257 1015 1270 1035 ,
1324 989 1384 1027 ea
1438 976 1709 1045 scriptura
1742 992 1862 1045 quae
1892 993 1923 1030 a
1957 975 2066 1030 Deo

491 1065 738 1142 proiecta
766 1067 857 1124 sit,
894 1066 1041 1134 digni
1074 1066 1182 1119 sint
1212 1065 1467 1126 habendi,
1501 1082 1562 1118 ac
1593 1068 1734 1120 servi
1767 1066 1856 1119 Dei
1890 1066 2065 1121 sancti

492 1156 743 1213 \ocandi.
775 1155 976 1224 quibus
1009 1170 1140 1208 sane
1171 1155 1351 1209 verbis
1383 1156 1541 1223 plane
1572 1156 1843 1225 signiﬁcat
1876 1156 2065 1209 Salva-

492 1264 579 1303 tor
608 1257 797 1302 noster
825 1287 838 1308 ,
876 1247 1151 1315 apostolos
1180 1262 1242 1300 ae
1272 1248 1573 1316 discipulus
1597 1288 1612 1312 ,
1653 1258 1814 1318 atque
1838 1263 2064 1318 evange-

492 1341 647 1395 listas
680 1381 695 1405 ,
729 1340 1079 1407 reliquosque
1111 1352 1298 1392 omnes
1338 1381 1350 1397 ,
1398 1340 1489 1409 qui
1536 1340 1603 1393 de
1643 1340 2063 1395 circumcisione

490 1431 755 1500 assumpti
789 1431 842 1485 in
873 1432 1049 1499 ipsum
1094 1429 1424 1484 crediderint
1451 1469 1466 1493 ,
1507 1446 1616 1499 quo
1639 1438 1883 1500 tempore
1926 1446 2059 1501 gens

488 1539 678 1579 eorum
710 1525 963 1577 universa
988 1524 1202 1577 cecidit.
1235 1523 1405 1576 Porro
1426 1523 2052 1590 haacillesermoinnuit,

483 1616 583 1683 qui
630 1616 709 1670 sic
742 1616 948 1669 habet:
990 1634 1007 1665 ι
1050 1615 1106 1668 In
1149 1616 1236 1670 die
1265 1616 1356 1670 illa
1400 1614 1478 1685 (in
1521 1631 1627 1684 qua
1683 1614 1933 1669 videlicet
1991 1630 2056 1670 ea

488 1722 610 1783 qua-
638 1709 892 1778 przedicta
928 1718 1055 1763 sunt
1081 1708 1261 1761 omnia
1295 1709 1361 1762 de
1392 1709 1673 1762 vocatione
1705 1710 1966 1779 gentium,
2000 1718 2053 1763 et

484 1796 557 1854 de
584 1797 892 1852 Juda-orum
936 1800 1094 1851 ruina
1150 1798 1334 1852 futura
1371 1800 1518 1869 sunt)
1571 1799 1850 1855 illucescet
1912 1798 2053 1854 Deus
2086 1791 2128 1845 Β

2119 1946 2123 1950 .
2157 1897 2188 1968 ἢ
2219 1897 2309 1948 καὶ
2334 1895 2419 1948 διὰ
2447 1897 2544 1966 τὴν
2574 1893 2747 1965 ἀληθῆ
2790 1892 3158 1966 Ἰερουσαλὴμ,
3206 1892 3295 1945 καὶ
3327 1893 3422 1962 τὴν
3452 1891 3730 1959 ἀναλόγως

486 1890 543 1944 in
596 1890 828 1943 consilio
867 1904 989 1943 cum
1047 1890 1220 1959 gloria
1277 1890 1330 1943 in
1375 1900 1520 1943 terra
1556 1931 1571 1954 ,
1613 1898 1672 1943 ut
1721 1892 1942 1945 extollat
2002 1901 2057 1947 et

484 1981 750 2054 gloriﬁcet
788 1982 932 2050 quod
978 1982 1229 2034 relictum
1277 1981 1438 2035 fuerit
1484 1998 1546 2035 ex
1603 1982 1809 2045 Israel,
1845 1990 1900 2037 et
1956 1984 2059 2037 erit

482 2072 630 2142 qu-od
660 2074 907 2126 relictum
956 2072 1117 2125 fuerit
1165 2073 1219 2125 in
1264 2070 1436 2135 Sion,
1490 2081 1544 2127 et
1596 2073 1740 2143 quod
1804 2074 2054 2128 relictum

486 2161 647 2221 fuerit
743 2168 795 2219 in
897 2166 1264 2228 Jerusalem,
1348 2166 1522 2219 sancti
1621 2165 1958 2220 vocabuntur
2035 2182 2052 2217 :

494 2256 595 2327 ΒΘ
651 2273 842 2313 omnes
890 2257 980 2326 qui
1019 2258 1207 2327 scripti
1247 2266 1375 2311 sunt
1418 2257 1484 2311 ad
1522 2257 1685 2311 vitam
1734 2258 1787 2312 in
1831 2255 2055 2324 Jerusa-

484 2353 590 2404 lem
617 2348 683 2413 ⁸⁸,
724 2368 743 2401 ι
781 2357 1001 2419 propter
1026 2365 1163 2419 quos
1195 2349 1506 2419 prodituros
1548 2350 1614 2403 de
1649 2347 1952 2404 Jerusalem
1982 2349 2058 2402 vi-

482 2441 680 2496 delicet
702 2457 766 2495 ac
795 2443 861 2497 de
888 2442 1095 2506 Jttdma,
1131 2443 1326 2497 merito
1358 2460 1520 2512 super
1563 2441 1770 2506 Iudaea,
1803 2453 1857 2499 et
1888 2460 2055 2514 super

481 2532 802 2593 Jerusalem,
854 2532 1188 2601 prophetiam
1212 2531 1361 2585 illam
1380 2532 1510 2597 dici,
1526 2533 1846 2599 prommium
1875 2533 2052 2601 ipsum

482 2622 741 2685 ostendit,
793 2633 886 2677 aut
925 2625 1086 2678 etiam
1123 2631 1349 2692 propter
1398 2638 1582 2676 veram
1627 2622 1948 2690 Jerusalem,
1999 2631 2053 2677 et

486 2723 705 2783 propter
732 2713 974 2768 Judteam
1009 2715 1181 2778 illam,
1215 2732 1337 2784 qua:
1362 2716 1404 2770 si
1429 2731 1493 2770 ex
1524 2716 1819 2778 sententia,
1853 2730 1960 2768 non
1983 2730 2051 2769 ex

485 2807 689 2874 scripto
717 2806 1115 2869 consideretur,
1156 2808 1284 2862 huic
1339 2808 1495 2863 alteri
1552 2808 1902 2877 proportione
1957 2822 2048 2860 re-

483 2899 763 2967 spondeat.
797 2898 915 2964 Qua
959 2899 1026 2953 de
1057 2915 1116 2953 re
1145 2916 1268 2953 cum
1296 2901 1398 2953 erit
1448 2908 1684 2968 tempus,
1721 2898 2042 2959 videbimus,

482 2999 534 3045 et
579 2992 703 3059 quis
747 2991 966 3044 tandem
1019 2992 1258 3045 divinam
1319 2993 1693 3061 apostolorum
1747 2989 2046 3045 Salvatoris

2174 525 2529 595 κληθήσονται
2561 525 2753 579 δοῦλοι.
2803 526 2963 597 Δηλοῑ
3003 525 3057 578 δὲ
3099 525 3185 579 διὰ
3223 524 3425 578 τούτων
3471 525 3597 587 τοὺς
3641 523 3737 576 τοῦ

2171 613 2422 684 Σωτῆρος
2459 615 2612 683 ἡμῶν
2644 614 2971 677 ἀποστόλους
3016 614 3109 666 καὶ
3144 612 3410 684 μαθητὰς,
3451 612 3544 665 καὶ
3578 614 3740 680 εὐαγ-

2168 703 2450 772 γελιστάς,
2487 704 2581 757 καὶ
2611 704 2736 767 τοὺς
2773 704 2990 767 λοιποὺς
3019 704 3261 767 ἅπαντας
3307 706 3431 766 τοὺς
3472 706 3528 757 ὲν
3582 720 3737 774 περι-

2167 798 2303 865 τομῇ
2336 796 2416 858 είς
2442 796 2603 848 αὐτὸν
2635 796 3093 858 πεπιστευκότας,
3128 794 3268 847 κατά
3302 795 3392 847 τὸν
3422 794 3609 865 χρόνον
3637 794 3735 863 τῆς

2165 887 2530 949 ἀποπτὼσεως
2564 887 2655 940 τοῦ
2681 888 2877 949 παντὸς
2901 888 3076 940 αὐτῶν
3092 886 3292 949 ἔθνους.
3317 885 3499 939 Ταῦτα
3537 886 3595 938 δὲ
3649 888 3735 938 αἰ·-

2164 980 2391 1033 νίττεται
2424 981 2645 1049 φάσκων
2672 981 2700 1031 6
2727 979 2879 1048 λόγος
2898 997 2910 1010 ·
2943 998 2961 1030 ι
3006 981 3091 1032 Ἐν
3142 983 3208 1049 τῇ
3235 980 3415 1050 ἡμέρᾳ
3444 978 3625 1051 ἐκείνῃ
3648 981 3734 1048 (ὲν

2162 1067 2459 1145 ᾖδηλονότι
2502 1072 2570 1125 τὰ
2603 1071 3049 1143 προηγορευμένα
3091 1072 3265 1125 πάντα
3308 1072 3433 1142 περὶ
3472 1072 3571 1140 τῆς
3600 1072 3735 1143 κλή-

2164 1178 2300 1224 σεως
2330 1162 2438 1213 τῶν
2472 1160 2661 1224 ἐθνῶν,
2706 1162 2799 1213 καὶ
2844 1161 2971 1230 περὶ
3003 1160 3098 1230 τῆς
3132 1160 3239 1212 τῶν
3291 1159 3558 1213 Ἰουδαίων
3599 1160 3736 1214 ἀπο·

2161 1252 2418 1317 πτώσεως
2436 1249 2749 1325 γενήσεται)
2796 1252 3088 1323 ἐπιλάμψει
3120 1254 3149 1304 6
3170 1251 3302 1314 Θεὸς
3328 1253 3385 1303 ἐν
3408 1251 3569 1323 βουλῇ
3596 1253 3733 1322 μετά

2157 1342 2311 1415 δόξης
2339 1346 2428 1397 ἐπὶ
2459 1345 2557 1415 τῆς
2586 1344 2709 1414 γῆς,
2740 1343 2832 1397 τοῦ
2869 1343 3080 1411 ὑψῶσαι
3106 1344 3199 1395 καὶ
3225 1342 3443 1407 δοξάσαι
3474 1342 3537 1395 τὸ
3565 1359 3733 1396 κατα-

2155 1435 2369 1504 λειφθὲν
2397 1436 2488 1489 τοῦ
2516 1436 2750 1507 Ἰσραὴλ,
2770 1436 2864 1489 καὶ
2887 1435 3057 1498 ἔσται,
3081 1435 3139 1488 τὸ
3166 1435 3483 1503 ὑπολειφθὲν
3515 1436 3571 1488 ἐν
3595 1433 3731 1489 Σιὼν

2156 1527 2248 1579 καὶ
2273 1526 2330 1579 τὸ
2350 1526 2705 1595 καταλειφθὲν
2721 1528 2776 1579 ὲν
2793 1526 3165 1598 Ἰερουσαλὴμ,
3192 1527 3333 1593 ἆγιοι
3351 1525 3728 1597 κληθήσονται’

2154 1617 2352 1680 πάντες
2393 1621 2440 1671 οἱ
2479 1619 2777 1689 γραφέντες
2810 1619 2893 1681 εἰς
2919 1617 3061 1687 ζωὴν
3107 1621 3163 1670 ὲν
3205 1616 3575 1688 Ἰερουσαλὴμ,
3616 1636 3635 1667 ι
3661 1616 3726 1668 δι’

2153 1710 2245 1773 οὓς
2276 1711 2369 1763 καὶ
2399 1711 2621 1774 εἰκότως
2650 1712 2758 1764 ἀπὸ
2790 1712 2889 1781 της
2935 1710 3191 1773 Ἰουδαίας
3225 1710 3319 1762 καὶ
3346 1710 3483 1779 ὑπὲρ
3528 1710 3727 1777 Ἰερου-

2158 1803 2336 1874 σαλὴμ
2351 1805 2424 1869 (Ι)
2440 1804 2533 1873 τὴν
2548 1802 2876 1874 προφητείαν
2890 1802 3072 1872 ἐδήλου
3089 1801 3338 1869 λέγεσθαι
3351 1802 3412 1853 τὸ
3429 1800 3728 1870 προοίμιον,

2156 1990 2291 2059 αὐτῇ
2319 1988 2458 2041 κατά
2493 1988 2731 2041 διάνοιαν
2768 1985 3141 2055 θεωρουμένην
3188 1984 3473 2036 Ἰουδαίανο
3514 1984 3637 2053 περὶ
3667 1976 3728 2036 οὗ

2156 2078 2295 2130 κατά
2316 2077 2503 2147 καιρὸν
2533 2076 2807 2146 εἰσόμεθα.
2834 2076 2941 2130 Καὶ
2965 2075 3047 2137 τίς
3075 2091 3137 2142 γε
3163 2075 3271 2126 τῶν
3292 2072 3604 2127 ἀποστόλων
3634 2070 3724 2123 τοῦ

2156 2168 2400 2241 Σωτῆρος
2430 2169 2583 2239 ἡμῶν
2608 2170 2699 2222 καὶ
2725 2170 2830 2221 τῶν
2856 2168 3254 2236 εὐαγγελιστῶν
3284 2166 3377 2237 τὴν
3403 2165 3579 2217 ἔνθεον
3603 2181 3727 2217 συν-

2154 2260 2294 2329 ορῶν
2343 2259 2589 2329 δύναμιν,
2639 2258 2761 2312 καθ’
2788 2260 2852 2329 ἣν
2881 2261 2958 2321 είς
2988 2260 3164 2312 πᾶσαν
3193 2259 3291 2327 τὴν
3319 2257 3420 2325 γῆν
3446 2253 3666 2319 ἐξῆλθεν
3698 2258 3726 2306 6

2155 2350 2387 2420 φθόγγος
2418 2352 2617 2413 αὐτῶν,
2655 2353 2747 2405 καὶ
2795 2353 2874 2413 εἰς
2912 2350 2978 2403 τὰ
3012 2350 3220 2420 πέρατα
3263 2350 3365 2419 τῆς
3398 2344 3724 2416 οἰκουμένης

2151 2442 2220 2496 τὰ
2250 2445 2465 2513 ῥήματα
2491 2443 2688 2506 αὐτῶν,
2718 2441 2886 2495 πᾶσαί
2919 2458 2976 2494 τε
3001 2442 3058 2506 ἐξ
3095 2442 3305 2493 ἐκείνου
3334 2440 3427 2493 καὶ
3460 2440 3539 2500 εἰς
3565 2436 3725 2507 δεῦρο

2152 2537 2208 2587 αἰ
2248 2534 2341 2586 τοῦ
2372 2534 2606 2605 Χριστοῦ
2649 2534 2966 2604 Ἐκκλησίαι
3006 2534 3129 2596 τοὺς
3169 2533 3359 2600 λόγους
3404 2530 3584 2584 αὐτῶν
3620 2528 3723 2582 ἀνὰ

2154 2626 2324 2695 στόμα
2374 2629 2466 2679 καὶ
2516 2625 2813 2695 μαθήματα
2856 2626 3057 2696 ἔχουσι,
3112 2625 3203 2678 καὶ
3247 2624 3343 2688 τὰς
3392 2623 3491 2692 τῆς
3520 2621 3722 2690 Καινῆς

2150 2717 2423 2787 Διαθήκης
2457 2717 2521 2768 δι’
2550 2715 2727 2768 αὐτῶν
2759 2716 3121 2787 κηρυχθείσας
3168 2698 3252 2768 τοῦ
3292 2712 3528 2783 Χριστοῦ
3564 2728 3721 2783 νομο-

2152 2809 2455 2872 θεσίας-,οὐκ
2481 2808 2545 2862 ἂν
2575 2808 2832 2877 ἀλήθειαν
2852 2811 2915 2878 τῇ
2936 2808 3237 2879 προφητείᾳ
3259 2806 3720 2876 ἐπιμαρτυρῆσαι,

2150 2901 2365 2972 φησαση
2390 2900 2664 2971 ἐμφανῶς,
2701 2919 2719 2950 ι
2749 2903 2805 2954 ἐν
2836 2900 2993 2969 βουλῇ
3027 2920 3043 2948 ι
3078 2899 3170 2952 καὶ
3194 2919 3211 2948 ι
3239 2898 3374 2967 μετά
3395 2897 3550 2966 δόξης
3580 2916 3597 2946 ι
3628 2895 3720 2947 ἐπὶ

2151 2994 2330 3047 πᾶσαν
2357 2991 2455 3063 τὴν
2481 2993 2582 3061 γῆν
2603 2990 2835 3060 ὑψώσειν
2851 2991 2940 3043 τὸν
2963 2990 3092 3043 Θεὸν
3116 2991 3209 3043 καὶ
3237 2988 3476 3055 δοξάσειν
3503 3007 3521 3037 ‹
3544 2989 3603 3040 τὸ
3622 3004 3719 3040 κα-

481 3084 676 3147 ncstri,
729 3091 783 3137 et
836 3084 1297 3153 evangelistarum
1347 3100 1581 3138 cernens
1629 3084 1904 3148 virtutem,
1959 3100 2046 3139 se-

2150 3082 2432 3151 ταλειφθὲν
2466 3081 2713 3153 Ἱσραήλ;
2743 3102 2760 3133 ›
2790 3082 2884 3134 καὶ
2906 3082 2979 3144 ὡς
3004 3081 3109 3153 ἄρα
3146 3100 3162 3130 ι
3189 3081 3249 3133 τὸ
3275 3078 3632 3147 καταλειφθὲν
3662 3080 3721 3132 ὲν

479 3174 716 3228 cundum
747 3190 910 3243 quam
969 3176 1021 3228 in
1071 3189 1286 3228 onmem
1328 3185 1526 3229 terram
1556 3175 1721 3230 exivit
1750 3191 1919 3231 sonus
1951 3191 2045 3232 eo-

479 3282 619 3330 rum,
642 3274 694 3321 et
722 3268 774 3320 in
804 3267 936 3322 lines
957 3268 1104 3322 orbis
1128 3274 1285 3322 terra:
1313 3269 1475 3321 verba
1501 3283 1715 3331 eorum,
1746 3284 2044 3338 omnesque

476 3373 541 3412 ex
577 3356 672 3412 illo
699 3358 765 3411 ad
792 3358 898 3413 hoc
928 3374 1101 3427 usque
1123 3366 1337 3429 tempus
1368 3359 1572 3413 Christi
1604 3358 1897 3423 Ecclesias,
1923 3377 2045 3429 qua:

476 3450 641 3503 verba
674 3464 864 3504 eorum
915 3451 968 3504 in
1015 3465 1109 3505 ore
1158 3459 1535 3521 praeceptaque
1565 3451 1790 3514 habent,
1823 3457 1878 3506 et
1907 3450 2041 3506 Novi

474 3538 808 3596 Testamenti
846 3557 941 3611 per
988 3557 1083 3597 eos
1114 3542 1420 3612 publicatas
1471 3543 1677 3599 Christi
1729 3545 1876 3616 leges
1930 3562 2038 3601 non

473 3632 602 3686 huic
659 3633 958 3704 pr0pbetize
1023 3635 1395 3688 testimonium
1450 3637 1698 3691 veritatis
1751 3637 2044 3692 exhibeat?

472 3731 663 3792 utpote
709 3724 755 3776 ei
805 3738 926 3793 quae
957 3722 1242 3777 manifeste
1273 3714 1441 3787 dicat,
1492 3741 1512 3774 ι
1552 3724 1607 3777 in
1636 3724 1890 3789 consilio,
1935 3743 1954 3776 ι
1989 3730 2044 3779 et

476 3829 496 3863 ι
537 3827 660 3866 cum
690 3812 887 3882 gloria.
919 3834 938 3865 ι
975 3812 1031 3866 in
1062 3828 1276 3867 onmem
1304 3821 1505 3867 terram
1536 3812 1703 3898 Deum
1738 3814 1792 3867 in
1820 3812 2042 3868 sublimi

2150 3172 2286 3225 Σιὼν
2327 3173 2419 3226 καὶ
2451 3172 2509 3225 τὸ
2537 3171 2891 3241 καταλειφθὲν
2923 3174 2979 3223 ὲν
3024 3168 3376 3241 Ἰερουσαλὴμ
3410 3169 3553 3237 ἅγιοι
3583 3168 3714 3236 κλη-

2150 3263 2401 3335 θήσονται
2446 3264 2643 3327 πάντες
2692 3265 2740 3315 oi
2771 3264 3072 3334 γραφέντες
3100 3264 3178 3325 εἰς
3213 3262 3389 3332 ζωήν;
3426 3280 3443 3312 ι
3487 3262 3631 3313 Ἀντί
3661 3261 3717 3315 δὲ

2146 3354 2239 3406 τοῦ
2274 3354 2563 3425 λεγομένου
2601 3356 2750 3426 παρὰ
2775 3358 2885 3418 τοῖς
2921 3355 3336 3425 Ἑϐδομήκονπ,
3368 3373 3387 3405 ι
3429 3354 3517 3406 Ἐν
3554 3353 3714 3423 βουλῇ

2150 3445 2287 3517 μετά
2308 3445 2486 3517 δόξης,
2502 3465 2519 3498 ι
2535 3449 2562 3499 6
2592 3447 2818 3511 Ἀκύλας
2838 3447 2932 3500 καὶ
2946 3446 3234 3499 Θεοδοτίων
3257 3445 3557 3517 συμφώνως
3577 3465 3596 3496 ‹
3637 3447 3718 3510 είς

2146 3538 2370 3609 δύναμιν
2400 3541 2492 3592 καὶ
2518 3539 2674 3603 δόξαν
2693 3559 2712 3592 ι
2741 3540 3107 3611 ἡρμήνευσαν,
3127 3540 3224 3611 τὴν
3246 3539 3349 3592 ὑπὸ
3360 3540 3452 3592 τοῦ
3482 3538 3614 3591 Θεοῦ
3640 3538 3718 3591 δο-

2148 3629 2333 3683 θεῖσαν
2371 3634 2483 3695 τοῖς
2511 3631 2825 3694 ἀποστόλοις
2860 3630 3115 3701 δύναμιν,
3152 3632 3244 3684 καὶ
3288 3631 3384 3702 τὴν
3417 3632 3509 3684 ἐπὶ
3543 3630 3714 3702 ταύτῃ

2148 3722 2298 3794 παρὰ
2329 3722 2404 3793 τῷ
2437 3723 2555 3793 Θεῷ
2585 3725 2738 3790 δόξαν
2766 3724 3158 3795 παριστῶντες,
3192 3725 3330 3778 κατά
3351 3723 3432 3777 τό·
3456 3742 3474 3774 ι
3505 3722 3706 3793 Κύριος

2146 3812 2307 3866 δώσει
2329 3814 2481 3885 ῥῆμα
2518 3818 2632 3878 τοῖς
2674 3816 3175 3886 εὐαγγελιζομένοις
3218 3814 3654 3886 δυνάμειπολλῇ.
3687 3834 3705 3865 ι

472 3909 864 3964 ro'locaturum
910 3916 964 3963 et
1006 3908 1434 3979 gloriﬁcaturum
1464 3929 1484 3960 ι
1520 3910 1574 3964 id
1608 3910 1751 3979 quod
1796 3911 2049 3965 relictum
2085 3908 2247 3964 fuerit
2292 3926 2357 3964 ex
2407 3910 2609 3965 Israel?
2651 3933 2669 3964 ι
2705 3912 2833 3967 item
2900 3913 3356 3983 quemadmodum
3384 3929 3402 3964 ι
3447 3911 3500 3966 id
3564 3911 3709 3981 quod

471 4004 721 4059 relictum
756 4003 919 4059 fuerit
958 4003 1013 4057 in
1043 4002 1194 4069 Sion,
1230 4012 1284 4059 et
1311 4005 1457 4075 quod
1522 4006 1769 4059 relictum
1812 4005 1976 4059 fuerit
2030 4005 2087 4059 in
2134 4003 2457 4072 Jerusalem,
2503 4008 2677 4062 sancti
2743 4007 3105 4071 vocabuntur,
3156 4021 3347 4062 omnes
3380 4008 3473 4075 qui
3523 4004 3711 4074 scripti

469 4100 538 4155 ad
569 4100 775 4154 vitam?
809 4119 828 4151 ι
863 4116 963 4170 pro
991 4116 1057 4155 eo
1085 4110 1266 4155 autem
1296 4102 1441 4172 quod
1512 4102 1715 4157 dicitur
1742 4102 1884 4173 apud
1909 4101 2073 4167 LXX,
2123 4122 2141 4153 ι
2184 4104 2234 4156 in
2273 4104 2503 4158 consilio
2526 4119 2647 4158 cum
2708 4104 2878 4174 gloria
2909 4123 2923 4157 :
2965 4122 2983 4155 ι
3041 4102 3236 4171 Aquila
3262 4110 3316 4153 et
3346 4099 3707 4160 Theodotion,

468 4194 613 4251 inter
646 4211 706 4250 se
733 4196 1152 4261 concordantes,
1191 4216 1210 4248 ι
1255 4198 1311 4252 in
1351 4200 1605 4253 virtutem
1641 4205 1694 4254 et
1725 4200 1973 4270 gloriam,
2011 4218 2029 4250 ι
2070 4200 2408 4270 interpretati
2476 4211 2604 4255 sunt
2651 4218 2665 4254 :
2703 4202 2782 4255 sic
2820 4202 3009 4270 utique
3051 4215 3170 4254 eam
3239 4198 3491 4253 virtutem
3521 4212 3642 4266 quae
3675 4211 3707 4249 a

469 4292 581 4349 Deo
628 4294 891 4364 apostolis
926 4293 1053 4348 data
1095 4302 1200 4360 est,
1233 4304 1286 4351 et
1315 4311 1478 4365 quam
1511 4303 1634 4366 post
1682 4298 1845 4352 talem
1905 4298 2158 4352 virtutem
2224 4300 2365 4369 apud
2430 4298 2597 4352 Deum
2665 4298 2903 4351 habituri
2953 4304 3129 4361 erant,
3189 4295 3415 4367 gloriam
3462 4293 3711 4348 indican-

468 4393 573 4449 tes.
594 4388 749 4456 juxta
780 4387 911 4442 illud
943 4406 955 4440 :
995 4406 1012 4438 ι
1053 4387 1318 4443 Dominus
1365 4390 1515 4448 dabit
1546 4393 1773 4445 verbum
1817 4392 2316 4461 evangelizantibus
2345 4394 2544 4447 virtute
2573 4392 2742 4445 multa
2772 4390 2837 4444 δι.
2886 4409 2904 4442 ι

540 4477 825 4533 XXXVIII.
865 4478 993 4533 Item
1035 4479 1177 4550 quod
1224 4496 1283 4535 re
1322 4481 1437 4551 ipsa
1470 4479 1672 4535 factum
1705 4489 1787 4537 est
1826 4501 1838 4536 :
1881 4500 1898 4532 ι
1937 4500 2037 4536 au-
2068 4487 2111 4540 D

468 4570 584 4624 ditu
609 4571 865 4633 audietis,
890 4580 942 4626 et
964 4586 1070 4625 non
1101 4572 1432 4641 intelligetis,
1458 4580 1511 4626 et
1540 4574 1866 4642 aspicientes
1890 4572 2035 4641 aspi-

467 4663 645 4726 cietis,
675 4672 729 4717 et
763 4678 873 4716 non
906 4662 1178 4717 videbitis.
1213 4661 1474 4717 Crassum
1515 4666 1662 4719 enim
1713 4666 1916 4718 factum
1953 4672 2037 4718 est

466 4770 563 4808 cor
587 4755 769 4824 populi
807 4754 993 4823 hujus,
1039 4761 1093 4809 et
1120 4755 1347 4810 auribus
1379 4756 1616 4826 graviter
1644 4755 1953 4818 audierunt,
1982 4761 2035 4808 et

466 4845 656 4900 oculos
681 4862 811 4900 suos
834 4846 1171 4910 clauserunt,
1199 4861 1267 4901 ne
1293 4847 1510 4916 quando
1544 4846 1762 4901 videant
1787 4846 1960 4900 oculis
1983 4852 2036 4900 et

478 4937 705 4992 auribus
736 4939 978 5002 audiant,
1003 4946 1055 4993 et
1085 4946 1492 5000 convertantur,
1528 4949 1581 4992 et
1611 4954 1797 4992 sancm
1825 4952 1939 4992 eos.
1970 4936 2032 4990 Et

468 5028 583 5087 dixi
615 5048 628 5083 :
666 5046 971 5101 quousque,
1002 5029 1271 5085 Domine?
1296 5042 1347 5084 et
1377 5030 1514 5084 dixit
1554 5046 1571 5084 :
1604 5030 1781 5084 Donec
1814 5038 2035 5085 vasten-

465 5131 555 5175 tur
586 5119 856 5182 civitates,
908 5121 1063 5185 adeo,
1098 5129 1157 5175 ut
1191 5137 1295 5174 non
1343 5122 1678 5182 habitentur,
1715 5127 1768 5174 et
1811 5120 2029 5183 domus,

465 5214 620 5276 adeo,
660 5220 717 5266 ut
747 5227 854 5266 non
898 5215 968 5268 sit
1019 5215 1182 5268 homo
1235 5224 1336 5269 :ct
1368 5223 1512 5267 terra
1547 5214 1888 5283 relinquetur
1939 5214 2038 5268 de-

466 5314 630 5360 serta.
671 5304 735 5357 Et
766 5313 888 5374 post
924 5306 1037 5359 haec
1066 5308 1337 5360 amovebit
1362 5308 1548 5377 procul
1578 5305 1722 5362 Dens
1757 5307 2027 5365 homines,

463 5406 518 5451 et
538 5398 1066 5467 multiplicabuntur,
1098 5400 1188 5470 qui
1225 5401 1400 5455 relicti
1431 5399 1629 5453 fuerint
1656 5399 1709 5453 in
1740 5409 1883 5453 terra
1906 5400 1969 5450 δ’.
2002 5423 2021 5450 ι

462 5490 761 5545 Considera
797 5492 961 5562 igitur
995 5494 1082 5546 hic
1130 5510 1367 5562 quoque,
1404 5508 1637 5561 quonam
1702 5493 1883 5552 modo,
1933 5492 2026 5561 qui

460 5582 634 5636 relicti
680 5583 790 5637 sint
825 5599 1015 5638 rursus
1052 5584 1104 5637 in
1138 5590 1305 5647 terra,
1342 5600 1465 5637 cum
1512 5585 1720 5653 reliqua
1767 5583 2024 5635 universa

2208 4484 2337 4538 ΑΠ’.
2370 4485 2478 4537 Καὶ
2530 4483 2659 4536 αὑτὸ
2702 4480 3092 4551 γεγενημένον·
3148 4498 3166 4529 ι
3218 4480 3377 4550 Ἀκοῇ
3422 4477 3705 4538 ἀκούσετε,

2142 4577 2234 4629 καὶ
2271 4576 2331 4628 οὐ
2371 4575 2443 4646 μὴ
2487 4576 2710 4645 συνῆτε·
2748 4576 2840 4628 καὶ
2889 4572 3174 4643 βλέποντες
3222 4572 3466 4643 βλέψετε,
3511 4570 3605 4623 καὶ
3642 4569 3702 4622 οὐ

2144 4668 2216 4739 μὴ
2248 4667 2411 4737 ἴδητε.
2453 4665 2757 4737 Ἐπαχύνθη
2784 4668 2890 4736 γὰρ
2924 4667 2955 4737 ή
2993 4666 3186 4736 καρδία
3217 4663 3308 4717 τοῦ
3335 4664 3463 4727 λαοῦ
3489 4662 3702 4726 τούτου,

2140 4760 2234 4812 καὶ
2262 4760 2374 4821 τοῖς
2413 4757 2514 4809 ὠσὶ
2556 4758 2762 4829 βαρέως
2795 4757 3059 4828 ἤκουσαν,
3102 4756 3195 4810 καὶ
3231 4758 3357 4819 τοὺς
3393 4755 3702 4825 ὀφθαλμοὺς

2141 4845 2319 4899 αὐτῶν
2362 4846 2717 4916 ἐκάμμυσαν,
2792 4846 2996 4917 μήποτε
3043 4845 3193 4898 ἴδωσι
3227 4848 3338 4908 τοῖς
3378 4844 3697 4915 ὀφθαλμοῖς,

2142 4939 2235 4991 καὶ
2262 4939 2372 5000 τοῖς
2399 4936 2529 4990 ὠσὶν
2555 4937 2845 4999 ἀκούσωσι,
2882 4938 2973 4991 καὶ
3005 4937 3391 5007 ἐπιστρέψωσι,
3418 4936 3510 4989 καὶ
3536 4936 3702 4988 ίάσωο

2145 5046 2239 5099 μαι
2264 5028 2479 5091 αὐτούς.
2503 5029 2611 5081 Καὶ
2636 5026 2793 5083 εἷπα’
2824 5030 2966 5093 Ἕως
2992 5030 3142 5093 πότε,
3175 5028 3375 5097 Κύριε;
3399 5028 3489 5080 καὶ
3525 5026 3698 5079 εἶπεν·

2142 5122 2284 5183 Ἕως
2317 5120 2382 5174 ἂν
2426 5122 2752 5192 ἐρημωθῶσι
2788 5123 2964 5185 πόλεις
3009 5122 3157 5194 παρὰ
3203 5121 3263 5173 τὸ
3310 5122 3383 5192 μὴ
3429 5122 3700 5172 κατοικεῖ-

2140 5214 2283 5274 σθαι,
2328 5217 2418 5266 καὶ
2447 5210 2610 5275 σ’κοι,
2648 5199 2797 5285 παρᾶ
2833 5215 2891 5266 τὸ
2931 5215 3002 5284 μὴ
3036 5210 3175 5267 εἶναι
3209 5212 3560 5284 ἀνθρώπους·
3607 5214 3697 5264 καὶ

2137 5308 2169 5377 ἡ
2199 5307 2269 5376 γῆ
2306 5307 2790 5377 καταλειφθήσεται
2819 5307 2913 5377 ἕρη
2926 5324 3041 5376 μος.
3070 5308 3177 5361 Kal
3204 5324 3338 5377 μετι
3374 5304 3546 5359 ταῦτα
3592 5321 3697 5374 μα·

2136 5401 2324 5468 κρυνεῖ
2359 5400 2386 5450 6
2416 5397 2546 5461 Θεὸς
2574 5400 2699 5461 τοὺς
2735 5397 3072 5468 ἀνθρώπους,
3106 5398 3196 5449 καὶ
3234 5396 3703 5467 πληθυνθήσονται

2136 5488 2581 5557 καταλειφθέντες
2611 5488 2703 5540 ἐπὶ
2734 5489 2834 5559 τῆς
2860 5488 2982 5557 γῆς.
3019 5507 3037 5536 ι
3071 5488 3207 5557 Ὅρα
3245 5488 3306 5557 δὴ
3334 5486 3426 5539 καὶ⁵
3468 5484 3700 5537 ἐνταῦθα

2131 5582 2251 5634 τίνα
2293 5582 2489 5653 τρόπον
2539 5582 2588 5635 οἱ
2635 5580 3081 5649 καταλειφθέντες
3117 5580 3276 5632 πάλιν
3308 5581 3400 5632 ἐπὶ
3440 5579 3539 5647 τῆς
3570 5579 3692 5647 γῆς,

563 5673 610 5706 ⁵⁸
639 5671 743 5728 lsa.
776 5691 847 5740 tv,
871 5676 981 5730 2-3.
1059 5675 1101 5707 “
1130 5676 1273 5730 PSaI.
1312 5690 1476 5738 vau.
1508 5675 1594 5729 19..
1670 5673 1713 5707 δ’
1747 5673 1853 5729 Isa.
1878 5690 1952 5738 vn,
1981 5673 2133 5727 9-I2.

530 5763 608 5832 (ι)
627 5765 823 5825 Deessc
835 5768 1039 5835 aliquid
1060 5777 1226 5835 patet,
1245 5775 1356 5823 tum
1372 5784 1435 5824 ex
1458 5767 1812 5836 ἀνακολουθίᾳ
1828 5766 1959 5835 phra
1969 5780 2111 5833 scos,
2131 5774 2239 5819 tum
2258 5778 2322 5818 ex
2338 5763 2619 5818 collatione
2633 5759 2839 5815 Latina:
2853 5758 3337 5829 interpretationis.
3353 5755 3504 5812 Enn.
3525 5756 3672 5810 I’nn
