4056 6418
226 331 327 387 157

1150 322 1811 387 DEMONSTRATIONIS
1838 320 2298 381 EVANGELICE
2329 318 2459 377 LIB.
2500 320 2567 377 ll.

3384 319 3486 381 l3!

222 451 320 522 τῆς
345 449 548 520 λοιπῆς
583 449 804 523 ἁπάσης
830 450 1036 523 ἐρήμου
1073 446 1460 518 γενησομένης,
1494 442 1644 516 μόνοι
1675 442 1798 516 πλη-

1912 438 2277 495 vastationem
2308 453 2539 509 passura
2565 438 2659 504 sit,
2690 438 2790 495 soli
2820 437 3485 509 dicantur’multiplican-

224 541 590 614 θυνθήσεσθαι
620 541 891 614 λέγονται.
937 536 1062 596 Εἶεν
1094 541 1138 594 δ’
1182 539 1247 593 ἂν
1294 538 1388 591 καὶ
1429 531 1573 591 οὗτοι
1619 537 1667 589 oi
1708 533 1804 589 τοῦ

221 632 473 704 Euripo;
524 632 688 704 ἡμῶν
755 632 990 703 μαθηταὶ
1050 629 1110 695 ἐξ
1166 627 1433 701 Ἑϐραίων
1473 627 1554 689 είς
1598 625 1804 689 πάντας

222 723 544 795 ἀνθρώπους
574 722 949 797 προελθόντες,
976 722 1025 777 οἳ
1053 722 1147 777 καὶ
1173 721 1327 792 δίκην
1350 718 1667 794 σπέρματος
1701 735 1803 771 κα-

221 816 637 885 ταλειφθέντες,
689 816 954 887 πολύχουν
999 816 1381 888 προσήνεγκαν
1428 812 1521 866 τὸν
1568 809 1801 883 καρπὸν,

219 907 317 974 τὰς
340 907 463 961 καθ’
486 907 621 980 ὅλης
641 908 741 979 τῆς
766 907 1090 978 οἰκουμένης
1109 905 1218 959 τῶν
1243 902 1415 959 ἐθνῶν
1452 903 1799 974 Ἑκκλησίας⁸

219 1002 311 1055 καὶ
334 1000 436 1055 θέα
468 1018 558 1070 γε,
589 1001 665 1065 ὡς
698 1000 839 1055 κατὰ
860 1000 923 1053 τὸ
948 998 1080 1053 αὑτό
1113 1010 1246 1071 φησι
1276 995 1500 1059 τούτους
1536 997 1636 1068 μὲν
1668 995 1806 1066 πλη-

217 1092 585 1163 θυνθήσεσθαι
650 1091 847 1163 μόνους
903 1087 1360 1158 καταλειφθέντας
1426 1087 1491 1141 ἐκ
1545 1086 1646 1157 τῆς
1693 1085 1805 1140 τῶν

227 1183 501 1238 Ἰουδαίων
558 1181 949 1246 άποπτώσεως,
997 1180 1241 1244 ἐκείνους
1294 1195 1360 1248 γε
1411 1178 1517 1250 μὴν
1570 1176 1803 1248 πάμπαν

216 1276 460 1348 ἐρήμους
486 1274 726 1328 ἔσεσθαι·
765 1292 785 1325 ι
828 1272 895 1327 Ἦ
927 1273 997 1344 γῆ
1026 1271 1352 1344 γὰρκαὺτῶν,
1372 1270 1526 1341 φησὶ,
1556 1269 1805 1323 καταλει-

215 1367 491 1440 φθήσεται
528 1366 755 1440 έρημος.
802 1386 822 1418 ι
862 1365 1033 1420 Τοῦτο
1074 1363 1133 1420 δὲ
1164 1366 1258 1419 καὶ
1308 1363 1566 1436 ἀνωτέρω
1619 1362 1804 1428 αὐτοῖς

215 1462 435 1531 ἐλέγετο
469 1458 580 1514 ὑπὸ
602 1459 697 1514 τοῦ
730 1458 895 1516 αὑτοῦ
924 1450 1226 1533 προφήτου,
1265 1457 1405 1512 κατά
1430 1456 1511 1523 τὸ,
1560 1475 1577 1509 ι
1624 1456 1688 1511 'H
1732 1457 1805 1527 γῆ

214 1554 372 1626 ὔμῶν
404 1553 636 1627 ἔρημος,
670 1556 727 1608 at
759 1553 943 1617 πόλεις
972 1551 1125 1623 ὑμῶν
1151 1550 1512 1623 πυρίκαυστοι
1532 1567 1545 1579 ·
1573 1549 1672 1622 τὴν
1693 1547 1804 1620 χὼ-

167 1662 174 1677 ι
218 1660 315 1713 ραν
364 1642 548 1715 ὑμῶν,
603 1641 834 1696 ἐνώπιον
883 1642 1038 1714 ὑμῶν
1095 1639 1367 1712 ἀλλότριοι
1426 1637 1803 1694 κατεσθίουσιν

214 1736 410 1807 αὐτήν.
466 1753 488 1786 ι
526 1735 665 1788 Πότε
698 1733 755 1787 δὲ
799 1734 895 1787 καὶ
937 1734 1110 1788 ταῦτα
1147 1730 1451 1804 ἐπληροῦτο
1486 1731 1520 1802 ἢ
1556 1729 1664 1783 ἀπὸ
1695 1727 1804 1782 τῶν

1906 531 1989 591 di.
2015 530 2187 587 Erunt
2213 540 2394 587 autem
2419 532 2497 598 hi,
2527 531 2633 602 ipsi
2664 528 2967 587 Salvatoris
3001 530 3177 588 nostri
3200 531 3482 603 discipuli,

1907 628 2003 699 qui
2030 628 2100 683 ab
2129 626 2393 691 Hebr-mis,
2427 626 2496 681 ad
2532 641 2725 684 omnes
2755 626 3003 682 homines
3037 625 3291 696 profecti,
3322 634 3489 698 atque

1906 720 2083 775 instar
2109 719 2336 775 seminis
2360 719 2561 784 relicti,
2590 718 2816 774 uberem
2849 717 2958 788 ⁷ο
2975 717 3211 773 fructum
3241 720 3486 788 protule-

1903 818 2057 877 runt,
2076 811 2227 882 ipsas
2253 811 2495 882 gentium
2513 810 2569 865 in
2594 818 2710 865 toto
2728 809 2858 865 orbe
2876 817 3142 864 terrarum
3165 807 3441 865 Ecclesias
3467 828 3481 864 :

1905 912 1960 960 et
1987 902 2199 971 inspice
2222 917 2377 967 sane,
2406 901 2870 974 quemadmodum
2896 902 3086 957 eodem
3115 908 3363 972 tempore
3384 900 3486 956 hos

1906 994 2054 1052 solos
2077 993 2390 1051 Iudaeorum
2413 995 2588 1049 ruina:
2613 994 2940 1065 superstites
2966 992 3384 1063 multiplicatum
3417 993 3486 1047 iri

1906 1085 2158 1150 afﬁrmat,
2208 1086 2334 1141 illos
2372 1095 2552 1141 autem
2607 1084 2962 1141 solitudinem
3008 1083 3250 1154 penitus,
3304 1091 3486 1138 vasta-

1903 1181 2220 1251 tionemque
2258 1194 2538 1250 passuros.
2578 1196 2598 1230 ι
2649 1177 2819 1235 Terra
2851 1178 3019 1241 enim,
3066 1177 3264 1249 inquit,
3291 1191 3485 1233 eorum

1905 1274 2248 1345 relinquetur
2284 1274 2521 1329 deserta.
2563 1292 2582 1325 ι
2621 1271 2793 1327 Porro
2844 1272 2949 1328 hoc
2999 1272 3181 1341 ipsum
3229 1269 3485 1339 superius

1905 1380 2123 1437 quoque
2156 1365 2363 1421 dictum
2399 1374 2505 1431 est,
2530 1366 2600 1421 ab
2632 1364 2821 1421 eodem
2857 1363 3126 1434 propheta
3149 1362 3217 1417 ad
3240 1361 3484 1424 eosdem,

1908 1456 2003 1511 illo
2036 1457 2159 1511 loco
2213 1470 2226 1510 :
2267 1473 2288 1504 ι
2329 1464 2477 1511 terra
2524 1465 2709 1512 vestra
2741 1454 2982 1521 deserta,
3011 1454 3266 1509 civitates
3290 1462 3487 1508 vestra

1907 1563 2186 1605 succensae
2242 1550 2353 1621 igni
2406 1569 2419 1603 :
2480 1550 2757 1620 regionem
2800 1558 3063 1612 vestram,
3099 1547 3155 1600 in
3184 1555 3485 1617 conspectu

1905 1649 2091 1698 vestro
2144 1642 2305 1696 alieni
2360 1642 2623 1696 devorant
2670 1641 2734 1693 ⁸³.
2792 1661 2811 1693 ι
2861 1638 3094 1707 Quando
3144 1645 3325 1692 autem
3371 1638 3486 1692 haec

1906 1735 2127 1791 tandem
2162 1736 2433 1804 completa
2464 1736 2614 1798 sunt,
2647 1735 2692 1789 si
2721 1749 2828 1788 non
2880 1744 3004 1804 post
3039 1729 3342 1786 Salvatoris
3378 1747 3483 1785 κιο-ο

213 1828 427 1899 χρόνων
454 1827 551 1880 τοῦ
581 1827 828 1897 Σωτῆρος
857 1826 1046 1899 ήμῶν;
1076 1827 1181 1891 ἕως
1212 1826 1310 1898 μὲν
1333 1824 1442 1895 γάρ
1463 1823 1676 1877 οὐδέπω
1703 1821 1798 1886 τὰς

1907 1825 2010 1881 stri
2036 1824 2324 1896 tempora?
2376 1826 2684 1895 Antequam
2727 1825 2874 1879 enim
2918 1835 3111 1880 contra
3165 1821 3316 1879 illum
3372 1832 3480 1877 tam

215 1919 337 1974 κατ’
385 1917 558 1972 αὐτοῦ
603 1917 1007 1988 τετολμήκεσαν
1051 1917 1389 1981 δυσσεϐείας,
1424 1917 1525 1972 οὐκ
1559 1912 1627 1988 ἦν
1655 1919 1689 1988 ή
1732 1912 1804 1987 γῆ

214 2011 396 2065 αὐτῶν
430 2010 659 2082 ἔρημος,
692 2009 813 2063 οὐδὲ
847 2011 903 2064 at
943 2010 1125 2075 πόλεις
1157 2009 1534 2083 πυρίκαυστοι,
1558 2010 1678 2063 οὐδὲ
1706 2009 1804 2081 τὴν

216 2101 401 2174 χώραν
440 2100 624 2154 αὐτῶν
656 2099 924 2171 ἀλλότριοι
957 2100 1279 2170 κατήσθιον
1323 2100 1432 2154 άπὸ
1472 2098 1530 2152 δὲ
1571 2098 1673 2169 τῆς
1719 2101 1804 2152 ὲν-

218 2194 341 2249 θέου
380 2194 571 2265 φωνῆς
602 2194 841 2265 ἐκείνης,
873 2188 940 2247 δι’
964 2188 1033 2265 ἦς
1058 2193 1119 2246 τὸ
1153 2193 1344 2264 μέλλον
1370 2193 1554 2256 αὐτοῖς
1587 2192 1804 2246 ἔσεσθαι

216 2287 620 2359 προύθέσπισεν
660 2286 821 2350 αὐτὸς
858 2286 887 2338 ό
923 2284 1114 2356 Σωτὴρ
1143 2284 1238 2337 καὶ
1270 2282 1475 2354 Κύριος
1515 2280 1693 2353 ήμῶν,
1728 2282 1805 2334 εί-

216 2380 355 2444 πὼν,
386 2398 405 2431 ι
453 2378 703 2448 ’Δφίεται
728 2379 756 2431 ὁ
781 2373 928 2441 οἶκος
959 2374 1185 2447 ἔρημος,
1224 2393 1241 2426 ι
1279 2372 1339 2440 ἐξ
1368 2360 1578 2427 ἐκείνου
1619 2373 1714 2427 καὶ
1739 2374 1802 2426 οὐ

222 2473 336 2543 μετ’
368 2472 434 2526 οὐ
478 2470 616 2523 πολὺ
659 2468 763 2539 τῆς
797 2467 1178 2540 προρρήσεως,
1212 2463 1658 2536 πολιορκηθέντες
1697 2458 1827 2516 om

227 2563 541 2636 Ῥωμαίων,
592 2564 672 2627 είς
717 2562 921 2632 ἔρημον
962 2559 1326 2630 κατέστησαν.
1372 2556 1483 2611 Καὶ
1521 2554 1581 2611 τό
1613 2573 1677 2626 γε
1714 2558 1801 2610 αἰ-

216 2674 328 2712 τιον
384 2657 495 2729 τῆς
533 2653 868 2727 ἐρημώσεως
906 2652 1084 2707 αὐτῶν
1128 2646 1463 2724 προφητικὸς
1503 2651 1659 2721 λόγος
1699 2652 1805 2704 άπ-

215 2749 453 2821 ελέγχει,
496 2745 783 2820 μονονουχὶ
820 2742 1008 2814 σαφῶς
1034 2742 1425 2815 διερμηνεύων,
1459 2745 1554 2797 καὶ⁵
1591 2745 1691 2816 τὴν
1717 2743 1803 2798 αί-

215 2841 333 2895 τίαν
362 2842 468 2911 τῆς
498 2836 871 2902 ἀποπτῶσεως
900 2834 1078 2889 αὐτῶν
1113 2835 1400 2908 παριστὰς.
1445 2835 1663 2907 Ἐπειδὴ
1692 2836 1800 2908 γὰρ

214 2928 306 2983 τοῦ
329 2929 589 3002 Σωτῆρος
610 2927 769 3001 ήμῶν
793 2926 1132 2990 διδάσκοντος
1152 2928 1209 2980 ἐν
1233 2926 1415 2990 αὐτοῖς
1444 2927 1795 2993 ἀκούσαντες,

212 3020 314 3075 ὠσὶ
337 3020 589 3084 διανοίας
620 3019 721 3074 οὐκ
759 3019 1019 3091 ήκουσαν,
1062 3017 1183 3070 οὐδὲ
1234 3017 1476 3087 συνῆκαν
1513 3018 1661 3082 ὅστις
1696 3013 1794 3088 ῆν·

219 3110 422 3176 ἰδόντες
450 3109 510 3164 δὲ
534 3108 698 3165 αὐτὸν
715 3109 917 3182 σαρκδς
947 3108 1268 3180 ὀφθαλμοῖς,
1301 3112 1414 3173 τοῖς
1436 3108 1513 3181 (1)
1537 3107 1797 3181 ψυχῆς-οὐ

1908 1919 2075 1989 impia
2111 1918 2351 1974 facinora
2389 1918 2509 1973 ausi
2541 1926 2748 1981 essent,
2778 1934 3056 1987 nunquam
3087 1916 3264 1972 fuerat
3290 1931 3482 1971 eorum

1905 2020 2052 2067 terra
2075 2011 2293 2067 deserta
2319 2030 2334 2068 :
2367 2026 2545 2082 neque
2576 2010 2827 2064 civitates
2856 2024 3045 2064 eorum
3070 2010 3311 2063 incensae
3344 2007 3478 2079 igni,

1905 2120 2083 2176 neque
2114 2106 2388 2175 regionem
2410 2119 2599 2159 eorum
2627 2102 2790 2157 alieni
2817 2100 3235 2156 devoraverant.
3263 2099 3342 2154 Ex
3371 2114 3482 2171 quo

1906 2202 2086 2251 autem
2117 2194 2358 2249 divinam
2385 2194 2534 2248 illam
2563 2207 2749 2247 vocem
2778 2192 2895 2261 ipse
2916 2190 3168 2245 Salvator
3200 2198 3255 2245 et
3298 2190 3483 2245 Domi-

1904 2298 2013 2340 nus
2057 2292 2244 2341 nostcr
2287 2284 2493 2349 emisit,
2548 2299 2654 2355 qua
2700 2282 2830 2345 illis,
2878 2282 3026 2352 quod
3060 2281 3304 2338 futurum
3339 2290 3480 2347 erat,

1905 2376 2188 2439 indicavit,
2221 2378 2303 2433 sic
2357 2377 2572 2439 dicens,
2603 2394 2622 2427 ι
2659 2374 3027 2446 Relinquetur
3063 2375 3261 2430 domus
3298 2383 3482 2429 vestra

1903 2466 2118 2524 deserta
2145 2468 2214 2534 “,
2250 2487 2269 2520 ι
2302 2483 2369 2523 ex
2395 2468 2513 2533 illo,
2551 2467 2799 2538 inquam,
2832 2482 3011 2537 neque
3048 2467 3124 2521 ita
3159 2468 3331 2522 multo
3360 2478 3485 2537 post

1902 2560 2066 2633 talem
2100 2561 2534 2632 praedictionem,
2572 2561 2651 2616 illi
2678 2561 2965 2617 obsidione
3009 2562 3187 2633 pressi
3225 2575 3253 2614 a
3287 2560 3486 2616 Roma-

1902 2652 2012 2717 nis,
2062 2653 2119 2707 in
2179 2652 2533 2709 solitudinem
2586 2667 2650 2706 ac
2705 2653 3015 2709 vastitatem
3065 2651 3275 2708 redacti
3326 2661 3480 2709 sunt.

1901 2741 2139 2799 Causam
2163 2744 2328 2799 etiam
2360 2744 2689 2799 vastationis
2733 2758 2922 2799 eorum
2969 2758 3151 2800 sermo
3197 2745 3482 2815 propheti—

1900 2848 2001 2890 cus
2029 2834 2347 2904 exprobrat,
2387 2832 2481 2887 ubi
2510 2840 2699 2903 aperte
2724 2831 3119 2903 propemodum
3153 2833 3483 2902 interpretu-

1901 2933 2015 2989 tur,
2043 2933 2100 2980 et
2138 2922 2491 2980 manifestum
2520 2924 2795 2994 proponit,
2820 2923 3083 2994 quidnam
3122 2923 3288 2979 fuerit
3322 2923 3481 2993 illud,

1899 3014 2045 3086 quod
2070 3014 2178 3069 illis
2206 3012 2423 3068 ruinam
2462 3014 2729 3069 attulerit.
2759 3012 3060 3084 Postquam
3104 3013 3253 3069 enim
3294 3011 3483 3068 Salva-
3547 3046 3551 3050 -

1899 3115 2075 3161 torem
2130 3112 2381 3160 nostrum
2413 3109 2555 3174 apud
2599 3107 2750 3176 ipsos
2785 3107 3076 3161 docentem
3113 3107 3220 3177 ipsi
3253 3106 3483 3163 audien-

218 3202 529 3267 τεθέανται,
563 3202 839 3272 ἐπάχυνάν
859 3218 919 3255 τε
951 3201 1159 3256 ἑαυτῶν
1188 3199 1287 3273 τὴν
1310 3200 1559 3274 καρδίαν,
1580 3202 1674 3254 καὶ
1703 3219 1798 3272 μο-

1902 3206 2005 3260 tes.
2035 3198 2261 3253 auribus
2296 3197 2498 3252 mentis
2541 3213 2652 3252 non
2694 3197 3009 3261 audierunt,
3061 3211 3238 3267 neque
3266 3198 3484 3254 intelleo

216 3295 427 3366 νονουχὶ
474 3295 603 3359 τοὺς
645 3293 957 3365 ὀφθαλμοὺς
999 3295 1099 3365 τῆς
1147 3293 1387 3357 διανοίας
1436 3293 1664 3365 ἐμυσαν,
1704 3294 1798 3348 καὶ

213 3387 280 3443 τὰ
316 3383 437 3442 ῶτα
478 3386 771 3459 ἐϐάρυναν,
807 3386 883 3451 ὥς
923 3403 1088 3458 φησιν
1137 3387 1170 3457 ή
1217 3386 1521 3458 προφητεία
1545 3427 1560 3452 ,
1605 3387 1796 3441 τούτου

214 3480 373 3554 χάριν
400 3478 862 3552 ὲρημωθήσεσθαι
895 3477 1076 3533 αὐτῶν
1107 3496 1239 3549 φησι
1274 3478 1375 3543 τὰς
1412 3479 1615 3543 πόλεις,
1648 3478 1800 3550 παρὰ

212 3570 271 3624 τὺ
301 3568 378 3651 μῆ
407 3567 806 3632 κατοικεῖσθαι,
839 3569 935 3624 καὶ
959 3568 1059 3639 τὴν
1084 3568 1188 3638 γῆν
1215 3567 1538 3639 γενήσεσθαι
1568 3567 1795 3640 έρημον,

215 3661 439 3734 βραχεῖς
470 3661 528 3714 δέ
576 3678 725 3725 τινας
760 3658 821 3725 ἐξ
864 3660 1044 3715 αὐτῶν
1078 3659 1590 3731 ὑπολειφθήσεσθαι,
1641 3657 1798 3731 δίκην

214 3755 437 3826 γονίμου
471 3754 567 3807 καὶ
595 3751 850 3824 ζωπύρου
881 3752 1196 3823 σπέρματος
1228 3751 1705 3823 πεφυλαγμένους·
1746 3749 1796 3805 οἳ

214 3846 305 3901 καὶ
345 3847 430 3910 είς
466 3846 676 3908 πάντας
718 3842 1069 3915 προελθόντες
1107 3843 1450 3915 ἀνθρώπους,
1484 3842 1795 3916 πληθυνθή-

216 3936 401 3991 σεσθαι
442 3935 540 3989 ἐπί
570 3935 669 4007 τῆς
709 3935 813 4005 γῆς
862 3933 1129 4002 λέγονται.
1175 3932 1321 4006 Πλὴν
1351 3932 1488 3989 ἀλλὰ
1528 3935 1623 3988 καὶ
1658 3933 1797 4005 μετὰ

216 4029 306 4101 τὴν
344 4026 578 4101 πρόοδον
618 4027 824 4080 τούτων
865 4026 1062 4091 αὐτῶν,
1104 4025 1304 4099 δηλαδὴ
1345 4026 1455 4080 τῶν
1481 4026 1795 4081 ἀποστόλων

216 4123 303 4177 τοῦ
344 4122 606 4194 Σωτῆρος
635 4119 815 4192 ἡμῶν,
850 4119 931 4175 ἑτι
964 4120 1127 4193 φησὶν
1175 4120 1261 4174 ἐπ’
1302 4119 1472 4193 αὐτῆς
1518 4122 1616 4193 τῆς
1668 4121 1797 4176 Ἰου-

215 4213 361 4279 δαίας
386 4212 575 4286 χώρας
602 4210 877 4282 διαμεῖναι
902 4208 962 4263 τὸ
984 4210 1320 4275 ἐπιδέκατον,
1344 4211 1439 4264 καὶ
1463 4210 1601 4281 μετὰ
1622 4210 1795 4265 ταῦτα

216 4301 361 4370 αὖθις
410 4303 633 4359 ἔσεσθαι
663 4303 859 4368 αὐτοὺς
905 4303 983 4367 είς
1029 4303 1305 4375 προνομὴν
1350 4303 1425 4368 ὡς
1461 4304 1793 4379 τερέϐινθος,

216 4397 304 4451 καὶ⁵
328 4396 405 4462 ὡς
445 4396 676 4467 βάλανος
714 4394 843 4448 ὅταν
877 4394 1083 4466 ἐκπέσῃ
1112 4394 1213 4466 τῆς
1242 4394 1417 4465 θήκης
1449 4395 1639 4467 αὐτῆς.
1686 4398 1795 4450 Ila-

218 4491 426 4562 ρίστησι
468 4490 550 4553 δὲ,
588 4488 666 4552 ὡς
701 4483 873 4559 οἶμαι,
909 4484 998 4541 διὰ
1031 4485 1237 4540 τούτων
1268 4486 1297 4538 ὁ
1322 4485 1499 4556 λόγος,
1538 4488 1619 4541 ὅτι
1657 4490 1796 4560 μετά

1902 3298 2100 3345 xerunt
2131 3290 2387 3359 quisnam
2420 3295 2590 3357 esset,
2621 3301 2678 3344 et
2702 3290 2855 3343 illum
2877 3290 3055 3344 oculis
3082 3292 3332 3361 corporis
3359 3304 3481 3345 cer—

1900 3392 2119 3447 nentes,
2144 3383 2313 3437 animi
2333 3383 2512 3439 oculis
2541 3398 2650 3437 non
2672 3391 3093 3453 perspexerunt,
3122 3396 3485 3451 crassumque

1901 3491 2063 3530 suum
2123 3476 2371 3546 ipsorum
2427 3489 2525 3530 cor
2575 3473 2956 3540 reddiderunt,
3006 3481 3061 3529 et
3109 3488 3250 3547 pene
3290 3475 3483 3529 oculos

1900 3569 2103 3623 mentis
2126 3569 2468 3633 clauserunt,
2497 3577 2663 3638 atque
2708 3582 2872 3623 aures
2900 3572 3292 3640 gravaverunt,
3317 3573 3378 3621 ut
3406 3567 3484 3620 ait

1910 3659 2217 3731 prophetia.
2256 3657 2397 3715 Tum
2428 3667 2651 3730 propter
2671 3660 2811 3713 hanc
2835 3672 3087 3724 causam,
3117 3657 3371 3713 civitates
3394 3654 3484 3712 eo-

1900 3766 2021 3804 rum
2061 3751 2196 3806 dicit
2219 3766 2342 3807 esse
2380 3750 2698 3816 vastandas,
2734 3749 2871 3807 adeo
2905 3758 2967 3805 ut
3003 3764 3114 3805 non
3142 3748 3481 3811 habitentur.

1901 3859 1965 3901 ac
1992 3853 2192 3901 terram
2225 3859 2417 3900 eorum
2443 3843 2560 3900 fore
2582 3844 2877 3909 desertam,
2918 3856 3127 3912 paucos
3151 3855 3282 3896 vero
3311 3855 3483 3911 quos-

1901 3937 2025 3992 dam
2079 3953 2149 3993 ex
2184 3936 2293 3992 illis
2351 3935 2756 4006 superfuturas,
2793 3934 2887 4007 qui
2925 3933 3017 3987 ubi
3057 3934 3234 3988 instar
3261 3931 3482 3988 fecundi

1903 4045 1968 4085 ac
1997 4029 2106 4085 vivi
2136 4029 2364 4086 seminis
2411 4029 2722 4084 conservati
2765 4025 2989 4092 fuerint,
3027 4024 3097 4080 ad
3141 4040 3334 4080 omnes
3382 4025 3481 4078 llO‘

1899 4123 2076 4179 mines
2103 4130 2481 4195 penetrantes,
2508 4118 2910 4191 multiplicandi
2954 4105 3081 4174 esse
3127 4118 3182 4172 in
3216 4126 3361 4173 terra
3396 4119 3480 4172 di~

1898 4222 2120 4271 cuntur.
2168 4213 2557 4271 Verumtamen
2604 4220 2728 4283 post
2770 4211 2967 4265 horum
3019 4209 3265 4280 ipsorum
3300 4211 3481 4280 profe-

1898 4307 2162 4370 ctionem,
2204 4307 2578 4376 apostolorum
2631 4303 2885 4359 videlicet
2915 4301 3224 4357 Salvatoris
3281 4305 3476 4365 nostri,

1900 4396 2080 4452 adhuc
2110 4398 2186 4451 ait
2220 4397 2277 4451 in
2308 4387 2428 4467 ipsa
2457 4397 2680 4465 regione
2708 4392 3021 4448 Judaeorum
3048 4391 3318 4447 decimam
3357 4407 3479 4463 par-

1899 4495 2008 4543 tem
2040 4502 2377 4555 mansuram,
2405 4501 2468 4541 ac
2508 4487 2766 4554 deinceps
2798 4500 2996 4541 rursus
3026 4484 3245 4541 futuros
3282 4498 3377 4539 eos
3420 4485 3477 4538 in

215 4584 306 4653 τὴν
339 4581 566 4655 πρώτην
610 4578 947 4651 πολιορκίαν,
975 4579 1045 4650 ήν
1081 4577 1221 4632 κατὰ
1263 4579 1389 4642 τοὺς
1419 4578 1528 4632 τῶν
1567 4580 1795 4635 ἀποστό-

1901 4577 2285 4650 direptionem,
2318 4580 2478 4649 quasi
2511 4577 2904 4643 terebinthum,
2938 4585 2993 4633 et
3024 4576 3186 4647 quasi
3221 4575 3476 4648 glandem

215 4668 314 4723 λων
344 4670 592 4742 χρόνους,
618 4670 709 4744 καί
732 4669 874 4722 κατά
918 4667 1209 4739 Ῥωμαίων
1241 4669 1618 4743 αὐτοκράτορα
1649 4672 1785 4725 Οὑε-

219 4761 509 4815 σπασιανὸν
538 4760 872 4831 ἱστοροῦνται
902 4760 1250 4825 πεπονθέναι,
1283 4757 1438 4826 αὖθις
1458 4763 1550 4815 ἐπὶ
1585 4762 1789 4836 Ἀδρια-

216 4852 301 4906 νοῦ
322 4854 576 4925 δεύτερον
604 4850 1052 4923 πολιορκηθέντες
1080 4852 1359 4917 παντελῶς
1382 4852 1677 4926 εἴρχθησαν
1691 4856 1785 4910 τοῦ

215 4944 389 5009 τόπου,
410 4943 489 5008 ὡς
518 4942 652 5016 μηδὲ
676 4943 769 4997 τοῦ
795 4943 1021 5013 ἐδάφους
1050 4944 1148 5016 τῆς
1190 4946 1548 5017 Ἰερουσαλὴμ
1571 4948 1781 5002 ἐπιϐαί-

219 5048 320 5088 νειν
344 5032 756 5105 ἐπιτρέπεσθαι.
799 5031 969 5087 Τοῦτο
998 5033 1042 5086 δ’
1080 5031 1171 5088 οὖν
1210 5036 1581 5107 αἰνιττόμενός
1623 5054 1779 5107 φησι’

225 5142 241 5173 ι
273 5124 380 5178 Καὶ
405 5124 570 5178 πάλιν
593 5123 743 5178 ἔσται
785 5128 865 5190 είς
890 5122 1188 5198 προνομὴν,
1213 5128 1288 5190 ὼς
1322 5128 1654 5198 τερέϐινθος,
1689 5129 1782 5183 καὶ

222 5214 452 5283 βάλανος,
486 5218 617 5271 ὃταν
653 5216 862 5292 ἐκπέσῃ
895 5220 958 5272 ἐκ
982 5219 1083 5290 τῆς
1113 5219 1287 5289 θήκης
1331 5219 1501 5291 αὐτῆς

1898 4685 2000 4725 suo
2026 4670 2204 4741 spolio
2228 4680 2470 4726 exutam.
2505 4668 2855 4726 Demonstrat
2896 4677 3102 4734 autem,
3127 4678 3187 4722 ut
3211 4667 3474 4732 arbitror,

1894 4761 1982 4818 his
2011 4762 2193 4818 verbis
2239 4764 2549 4836 oraculum,
2602 4770 2730 4835 post
2771 4764 3003 4836 primam
3046 4762 3195 4817 illam
3226 4759 3473 4815 obsidio-

1893 4872 2041 4922 nem,
2087 4873 2252 4927 quam
2301 4834 2674 4928 apostolorum
2719 4834 3084 4928 temporibus,
3118 4853 3224 4909 sub
3266 4851 3466 4922 Vespa-

1893 4951 2048 5004 siano
2085 4948 2458 5005 Romanorum
2501 4951 2834 5021 imperatore
2872 4945 3118 5019 perpessi
3155 4955 3472 5009 narrantur,

1892 5056 2090 5097 rursus
2133 5042 2236 5098 sub
2279 5042 2522 5098 Adriano
2557 5044 2729 5097 altera
2757 5041 2859 5111 71
2896 5037 3185 5095 obsidione
3218 5036 3471 5103 atilictos,

1890 5131 1957 5188 de
1993 5132 2113 5189 loco
2142 5134 2238 5189 illo
2266 5135 2484 5204 penitus
2521 5137 2788 5190 arcenios
2822 5134 2960 5195 fore,
2998 5129 3133 5184 adeo
3168 5141 3227 5184 ut
3258 5146 3327 5186 ne
3354 5134 3473 5184 solo

1891 5228 2114 5298 quidem
2138 5229 2293 5287 urbis
2318 5229 2656 5286 Hierusalem
2692 5230 2952 5284 insistere
2985 5226 3096 5284 illis
3135 5228 3205 5283 sit
3244 5226 3472 5297 permit-

225 5310 447 5366 tendum.
483 5311 601 5368 Hoc
622 5312 788 5384 igitur
817 5316 1071 5375 innuens.
1108 5315 1189 5370 sic
1221 5315 1296 5368 ait
1332 5334 1344 5369 :
1407 5335 1425 5366 ι
1476 5315 1538 5369 Ει
1576 5318 1776 5372 iterum
1811 5323 1915 5376 erit
1971 5325 2024 5379 in
2062 5325 2445 5396 direptionem,
2505 5334 2566 5379 ut
2599 5322 2964 5390 terebinthus,
2997 5329 3052 5379 et
3078 5322 3223 5378 sicut
3286 5321 3468 5392 glans.

225 5419 332 5460 cun
360 5407 562 5462 excidit
590 5408 660 5464 de
684 5411 859 5479 spolio
886 5426 987 5465 suo
1004 5410 1069 5464 “.
1117 5429 1136 5463 ι

285 5495 399 5551 ΔΘθ.
444 5518 461 5550 ι
506 5500 620 5554 Καὶ
650 5500 800 5555 ἔσται
828 5504 885 5554 ἐν
916 5504 981 5575 τῇ
1013 5503 1196 5576 ἡμέρᾳ
1225 5505 1425 5578 ἐκείνῃ⁸
1461 5504 1657 5577 Θρέιίει
1689 5505 1785 5560 ἄν·

1963 5507 2208 5565 ΧΧΧΙΧ.
2244 5529 2262 5560 ι
2294 5509 2360 5563 Et
2389 5510 2496 5564 erit
2525 5508 2579 5563 in
2623 5507 2711 5565 die
2739 5509 2833 5563 illa
2866 5526 2878 5560 :
2911 5507 3127 5565 Nutriet
3178 5507 3342 5563 homo
3371 5506 3466 5576 ju-

226 5582 418 5654 θρωπος
440 5589 673 5660 δάμαλιν
708 5590 864 5662 βοῶν,
905 5597 997 5649 καὶ
1032 5595 1125 5649 δύο
1168 5598 1445 5669 πρόϐατα”
1493 5598 1585 5652 καὶ
1620 5599 1777 5655 ἔσται

1901 5617 2112 5657 vencam
2148 5606 2329 5671 boum,
2352 5613 2406 5677 et
2434 5603 2571 5659 duas
2604 5617 2754 5669 oves,
2772 5611 2825 5660 et
2845 5604 2949 5660 erit
2976 5618 3044 5660 ex
3071 5618 3137 5659 co
3168 5599 3314 5671 quod
3344 5601 3468 5671 plu-

284 5697 449 5756 “lsa.
482 5716 525 5766 ι,
556 5694 611 5756 ’1.
689 5701 734 5734 ⁸⁸
762 5703 950 5759 Matth.
981 5722 1138 5771 xxiii,
1164 5710 1250 5766 38.
1330 5709 1373 5741 ’⁸⁵
1412 5707 1514 5766 lsa.
1549 5725 1620 5778 vI,
1659 5711 1747 5767 l3.

285 5782 353 5857 (l)
392 5786 746 5845 Desideratur
765 5794 883 5864 τῆς.
915 5795 1071 5850 Enn.
1106 5795 1282 5853 Pun.

398 5888 673 5949 Parnm.
708 5888 822 5949 Gn.
863 5890 911 5949 Χ
927 5891 1067 5953 ΧΗ.

3091 5890 3140 5951 -ὔ
