3978 6414
489 277 589 334 159

1119 275 1387 332 EUSEBII
1423 275 1906 332 CAESARIENSIS
1946 275 2098 328 UPP.
2139 274 2324 329 PARS
2353 275 2418 330 ll.
2458 307 2525 317 -——
2557 277 3065 335 APULOGETICA.

3632 278 3739 334 140

485 393 682 446 rimum
713 391 876 448 faciet
907 393 990 446 lac
1024 409 1035 444 :
1071 390 1319 446 comedet
1359 392 1634 461 butyrum,
1675 397 1730 444 et
1773 394 1878 444 mel
1905 403 2026 443 com

2160 387 2269 440 ἀπὸ
2309 390 2403 439 τοῦ
2452 390 2700 441 πλεῖστον
2741 393 2914 442 ποιεῖν
2961 389 3121 456 γάλα,
3176 390 3404 458 φάγεται
3454 387 3740 460 βούτυρον.

483 481 608 538 edet
638 484 950 553 quicunque
998 481 1221 537 relictus
1251 481 1412 535 fuerit
1451 482 1506 535 in
1550 489 1694 534 terra
1715 479 1780 535 ⁸⁸.
1817 499 1834 531 ›
1881 478 1979 532 Hic
2011 479 2057 532 si

485 573 632 627 illam
658 573 800 627 diem
821 587 982 642 quam
1013 571 1274 641 propheta
1305 572 1572 642 signiﬁcat
1593 570 1894 641 qumsieris,
1920 579 2060 625 tem-

485 681 587 736 pus
616 666 884 718 adventus
926 663 1225 720 Salvatoris
1275 666 1449 719 nostri
1482 665 1746 719 invenies.
1776 665 1877 720 Ubi
1909 665 2056 720 enim

483 759 620 811 dixit
648 757 908 827 propheta
936 775 948 811 :
980 776 998 808 ι
1032 756 1173 813 Ecce
1206 758 1358 828 virgo
1396 757 1451 812 in
1480 766 1634 812 utero
1681 757 1972 826 concipiet,
2003 765 2058 812 et

483 850 657 919 pariet
689 847 856 902 lilium
882 866 895 902 :
932 868 950 900 ι
983 848 1217 918 plurima
1249 849 1840 918 interponens,divinat
1872 849 1938 904 de
1965 849 2053 913 iis,

481 957 601 1011 qua:
621 957 715 1011 per
737 940 980 996 eamdem
1002 941 1165 1006 diem,
1184 941 1285 995 hoc
1305 949 1407 1007 est,
1439 940 1734 996 Salvatoris
1759 943 1936 996 nostri
1961 941 2057 995 ad-

480 1042 676 1090 ventus
707 1039 973 1100 tempore,
1011 1031 1192 1086 futura
1221 1040 1370 1088 sunt.
1413 1032 1656 1088 Virtutes
1685 1035 1830 1087 enim
1865 1033 2057 1089 invisi-

481 1125 637 1186 biles,
664 1122 1008 1192 etquosdam
1061 1123 1330 1185 inimicos,
1383 1134 1546 1194 atque
1595 1127 1802 1191 hostes,
1835 1141 2054 1181 muscas

478 1223 532 1268 et
575 1229 703 1285 apes
743 1215 1016 1285 allegoria:
1066 1216 1277 1285 legibus
1323 1218 1646 1279 nominans,
1705 1219 2052 1288 ingressurus

478 1322 600 1361 esse
648 1315 850 1361 terram
880 1305 1190 1361 Judzeorum
1229 1307 1386 1375 dicit,
1435 1317 1596 1379 atque
1629 1309 1701 1362 ita
1737 1308 2048 1372 hominum,

479 1395 718 1452 hostium
753 1398 998 1466 ipsorum
1039 1398 1328 1458 novacula,
1361 1404 1618 1467 tanquam
1650 1398 1830 1468 magni
1865 1399 2054 1468 cujus-

477 1485 602 1540 dam
633 1487 904 1556 corporis,
936 1486 1108 1556 ipsius
1134 1485 1374 1540 Iudaica:
1404 1487 1580 1556 gentis
1616 1496 1800 1556 caput,
1837 1495 1890 1540 et
1911 1488 2051 1556 pilos

478 1577 700 1647 pedum,
732 1585 785 1631 et
820 1576 1069 1638 barbam,
1122 1584 1176 1629 et
1205 1574 1442 1643 denique
1478 1589 1639 1628 omne
1667 1582 2047 1629 ornamentum

477 1684 666 1724 eorum
722 1669 1070 1723 abrasurum.
1107 1666 1244 1720 Cum
1294 1681 1424 1720 vero
1469 1666 1584 1719 haec
1618 1666 1670 1719 in
1719 1667 1809 1719 illa
1841 1667 1947 1730 die,
1981 1667 2048 1720 de

2160 478 2254 530 καὶ
2284 477 2402 546 μέλι
2440 480 2666 548 φάγεται
2703 481 2810 541 πᾶς
2843 481 2870 531 ὀ
2901 478 3278 548 καταλειφθεὶς
3308 480 3402 532 ἐπὶ
3432 477 3530 548 τῆς
3553 479 3679 548 γῆς.
3717 496 3738 529 ι

2173 567 2434 622 Ἐνταῦθα
2451 569 2547 639 τήν
2567 569 2900 640 δηλουμένην
2933 569 3144 640 ήμέραν
3180 570 3533 640 ἐπιζητήσας,
3556 570 3740 638 εὕροις

2158 660 2320 712 αὑτὸν
2346 659 2435 712 τὸν
2462 661 2650 731 χρόνον
2678 662 2776 732 τῆς
2801 660 2895 714 τοῦ
2923 661 3174 732 Σωτῆρος
3211 661 3365 732 ήμῶν
3394 662 3737 730 ἐπιφανείας.

2158 752 2339 805 Εἰπὼν
2367 752 2475 824 γὰρ
2505 755 2532 806 ὀ
2563 755 2868 826 προφήτης,
2917 772 2936 806 ι
2984 753 3112 806 Ἰδοὺ
3154 754 3417 826 παρθένος
3455 755 3512 808 ἐν
3539 757 3736 826 γαστρὶ

2157 843 2401 916 λήψεται,
2452 847 2545 899 καὶ
2583 845 2796 912 τέξεται
2837 846 2972 912 υἱὸν,
3010 865 3028 898 ι
3073 847 3294 900 πλεῖστα
3323 847 3409 900 διά
3449 847 3613 918 μέσου
3644 847 3734 900 θε-

2157 936 2338 1000 σπίζει
2372 937 2500 1008 περὶ
2530 937 2640 991 τῶν
2667 937 2802 992 κατά
2831 939 2930 1010 τὴν
2956 939 3124 1010 αὐτὴν
3157 939 3392 1011 ἡμέραν,
3416 938 3557 993 τοῦτ’
3587 939 3736 993 ἐστιν

2156 1028 2302 1098 ἀμφὶ
2341 1027 2432 1080 τὸν
2465 1030 2651 1100 χρόνον
2681 1031 2783 1100 τῆς
2809 1029 2902 1084 τοῦ
2944 1032 3193 1104 Σωτῆρος
3225 1035 3258 1103 ή
3268 1031 3384 1103 μῶν
3415 1033 3735 1102 ἐπιφανείας

2154 1120 2556 1190 γενησομένων.
2613 1122 2879 1192 Δυνάμεις
2945 1124 3054 1196 γὰρ
3113 1124 3377 1197 ἀοράτους
3431 1125 3523 1178 καί
3583 1142 3734 1187 τινας

2154 1210 2400 1283 ἐχθροὺς,
2444 1213 2536 1266 καὶ
2583 1213 2894 1284 πολεμίους,
2929 1217 3093 1287 μυίας
3124 1218 3217 1270 καὶ
3253 1215 3510 1286 μελίσσας
3547 1215 3732 1286 νόμοις

2153 1304 2478 1376 ἀλληγορίας
2505 1304 2933 1376 ὀνομαζομένους
2969 1306 3326 1378 ἐπιϐήσεσθαι
3365 1309 3429 1377 τῇ
3464 1305 3570 1358 τῶν
3612 1307 3732 1358 ἰου-

2151 1393 2309 1448 δαίων
2322 1396 2474 1467 χώρᾳ
2496 1398 2679 1468 φησὶν,
2702 1397 2898 1451 καὶτὸν
2916 1397 3117 1469 Κύριον
3143 1396 3286 1469 ξυρῷ
3309 1397 3417 1450 τῶν
3438 1397 3732 1468 πολεμίων,

2151 1487 2298 1541 ὼσάν
2340 1488 2580 1559 μεγάλου
2635 1489 2904 1559 σώματος,
2941 1489 3034 1542 τοῦ
3095 1489 3362 1543 Ἰουδαίων
3404 1489 3587 1551 έθνους
3631 1487 3732 1559 τὴν

2152 1581 2412 1653 κεφαλὴν,
2439 1583 2531 1636 καὶ
2563 1581 2660 1645 τὰς
2678 1583 2870 1654 τρίχας
2892 1582 2999 1635 τῶν
3024 1583 3220 1647 ποδῶν,
3246 1584 3338 1636 καὶ
3359 1583 3446 1636 τὸν
3468 1580 3730 1649 πώγωνα,

2152 1674 2243 1726 καὶ
2277 1676 2475 1737 πάντα,
2513 1673 2812 1744 συλλήϐδην
2843 1675 3036 1739 εἰπεῖν,
3076 1675 3166 1727 τὸν
3190 1675 3391 1745 κόσμον
3425 1674 3602 1726 αὐτῶν
3632 1673 3729 1738 ξυ-

478 1777 582 1832 qua
613 1761 793 1832 agitur
827 1761 1009 1813 futura
1038 1759 1168 1820 sint,
1197 1758 1250 1810 in
1299 1772 1405 1826 qua
1436 1757 1683 1812 videlicet
1716 1758 1805 1812 ille
1846 1758 1913 1812 de
1939 1773 2041 1829 quo

2151 1767 2356 1837 ρήσειν.
2394 1766 2609 1820 Τούτων
2644 1767 2688 1821 δ’
2711 1767 2980 1838 ἐσομένων
3012 1769 3070 1819 ἐν
3099 1770 3163 1839 τῇ
3195 1765 3560 1839 θεσπιζομένη
3589 1765 3730 1836 ἡμέ-

478 1855 718 1925 loquitur
763 1860 1022 1907 nascetur
1048 1851 1114 1904 de
1161 1846 1405 1918 Virgine,
1440 1857 1551 1902 tum
1581 1865 1702 1902 eum
1745 1849 2044 1915 hominrm,

476 1945 568 2016 qui
599 1945 822 1998 relictus
850 1940 1012 1996 fuerit
1034 1941 1099 1994 de
1128 1939 1296 1993 totius
1320 1941 1497 2007 gentis
1532 1939 1771 2001 interitu,
1809 1940 1908 1993 hoc
1937 1948 2042 2004 est,

475 2053 690 2092 omnem
721 2036 1032 2106 quicunque
1054 2052 1119 2089 ex
1151 2035 1258 2088 illis
1279 2037 1331 2088 in
1361 2031 1637 2086 Christum
1672 2030 1762 2088 Dei
1799 2033 2044 2088 credide-

476 2131 567 2192 rit,
601 2129 938 2183 nutriturum
961 2128 1251 2195 juvencam
1280 2126 1465 2189 boum,
1493 2133 1547 2178 et
1582 2123 1719 2179 duas
1747 2141 1876 2179 oves
1907 2140 2045 2194 praa‘

476 2220 611 2273 dicit
646 2235 658 2270 ι
698 2225 752 2272 et
771 2233 836 2272 ex
873 2231 938 2271 eo
963 2216 1107 2286 quod
1140 2216 1437 2286 plurimum
1470 2215 1629 2268 faciet
1661 2217 1764 2278 Iac,
1788 2218 2044 2285 butyrum

474 2316 530 2365 et
561 2310 667 2364 mel
699 2323 1068 2365 comesurum.
1102 2305 1275 2365 Porro
1313 2306 1426 2360 haec
1461 2307 1504 2360 si
1555 2307 1778 2377 mystice
1801 2314 2046 2360 contem-

475 2403 734 2474 plaberis,
777 2400 1046 2470 intelliges
1086 2399 1139 2452 in
1189 2397 1488 2454 Salvatoris
1532 2398 1708 2452 nostri
1757 2398 2041 2467 apostolis,

475 2509 635 2549 suum
666 2492 825 2548 linem
855 2491 1152 2561 accepisse.
1181 2489 1422 2556 Quorum
1454 2490 1652 2559 singuli
1685 2489 1738 2542 in
1765 2491 1830 2543 iis
1858 2486 2046 2544 Eccle-

475 2587 594 2651 siis,
637 2585 690 2640 in
731 2584 930 2655 quibus
969 2583 1170 2637 virtute
1213 2583 1416 2637 Christi
1469 2583 1844 2648 constiterint,
1887 2582 2042 2636 binas

474 2695 625 2740 oves,
660 2678 764 2732 hoc
796 2685 900 2740 est,
938 2675 1098 2730 binos
1129 2673 1349 2730 ordines
1380 2675 1554 2730 instar
1584 2675 1787 2738 ovium,
1818 2673 1884 2728 ad
1917 2689 2040 2744 gre-

473 2786 593 2842 gem
623 2767 829 2823 Christi
863 2767 1271 2830 convenientes,
1303 2769 1534 2820 alterum
1571 2766 1786 2835 quidem
1833 2765 1891 2819 in
1927 2764 2042 2836 pri-

475 2865 580 2921 mis
623 2863 801 2917 adhuc
829 2862 1114 2916 elementis
1154 2867 1484 2923 versantem,
1522 2860 1753 2912 alterum
1788 2872 1915 2911 vero
1947 2856 2041 2926 qui

469 2957 584 3026 jam
607 2971 705 3026 per
734 2955 1010 3009 lavacrum
1049 2951 1120 3007 sit
1169 2951 1495 3013 illustratus,
1545 2965 1607 3004 ac
1652 2956 1912 3019 praeterea
1952 2946 2042 3016 ju-

472 3063 700 3103 vencam
750 3061 938 3106 unam,
986 3042 1419 3099 ecclesiasticum
1468 3041 1654 3110 utique
1698 3055 1908 3102 eorum,
1947 3037 2040 3109 qui

2154 1873 2225 1928 ρᾳ
2249 1856 2342 1910 τοῦ
2370 1859 2434 1911 ἐκ
2461 1858 2562 1929 τῆς
2591 1858 2868 1931 Παρθένου
2915 1859 3300 1930 γενησομένου,
3349 1857 3443 1910 τὸν
3475 1857 3731 1911 καταλει-

2154 1951 2352 2021 φθέντα
2374 1953 2655 2024 ἄνθρωπον
2678 1954 2741 2004 ἐκ
2761 1952 2860 2020 τῆς
2877 1950 2972 2004 τοῦ
2998 1951 3195 2013 παντὸς
3220 1950 3402 2012 ἔθνους
3429 1948 3726 2011 ἀπωλείας,

2151 2043 2292 2096 τοῦτ’
2323 2045 2469 2098 ἔστιν
2502 2046 2715 2099 ᾶπαντα
2743 2043 2833 2094 τὸν
2857 2041 2914 2107 ἐξ
2942 2042 3116 2095 αὐτῶν
3149 2045 3226 2101 εἰς
3258 2041 3348 2093 τὸν
3378 2040 3606 2111 Χριστὸν
3628 2035 3728 2091 τοῦ

2152 2132 2285 2188 Θεοῦ
2321 2137 2739 2197 πεπιστευκότα,
2790 2135 3006 2206 θρέψειν
3044 2135 3271 2204 δάμαλιν
3313 2132 3471 2203 βοῶν,
3512 2133 3602 2186 καὶ
3629 2131 3732 2184 δύο

2156 2225 2398 2296 πρόϐατα
2429 2228 2781 2298 προφητεύει,
2804 2228 2911 2282 ἀπό
2942 2244 2998 2280 τε
3026 2225 3118 2279 τοῦ
3148 2227 3394 2279 πλεῖστον
3430 2226 3600 2278 ποιεῖν
3630 2224 3728 2290 γά·

2151 2315 2237 2379 λα,
2259 2316 2523 2386 φάγεσθαι
2548 2317 2805 2390 βούτυρον
2829 2319 2923 2372 καὶ
2949 2318 3087 2389 μέλι.
3111 2318 3342 2386 Νοήσεις
3361 2315 3418 2368 δὲ
3441 2314 3534 2368 καὶ
3553 2313 3728 2366 ταῦτα

2152 2407 2290 2460 κατά
2335 2409 2600 2478 μυστικὴν
2633 2407 2862 2478 θεωρίαν
2900 2410 2992 2461 ἐπὶ
3024 2407 3130 2461 τῶν
3159 2408 3251 2461 τοῦ
3286 2406 3532 2477 Σωτῆρος
3565 2403 3726 2476 ήμῶν

2151 2497 2462 2550 ἀποστόλων
2504 2499 2879 2569 τετελεσμένα.
2929 2494 3027 2552 ’Ὧν
3061 2499 3286 2560 ἕκαστος
3317 2499 3372 2550 ἐν
3401 2491 3486 2560 αἷς
3523 2495 3619 2548 σὺν
3654 2496 3722 2564 τῇ

2149 2589 2242 2643 τοῦ
2271 2589 2507 2663 Χριστοῦ
2541 2591 2763 2660 δυνάμει
2807 2591 3172 2662 συνεστήσατο
3213 2587 3588 2658 Ἑκκλησίαις,
3628 2584 3725 2638 δύο

2148 2683 2404 2753 τάγματα
2438 2681 2592 2752 δίκην
2622 2681 2929 2754 προϐάτων,
2963 2683 3056 2736 ἐπὶ
3078 2682 3176 2752 τὴν
3205 2679 3297 2733 τοῦ
3328 2677 3559 2750 Χριστοῦ
3600 2676 3724 2730 ποί-

2153 2791 2290 2844 μνην
2325 2772 2593 2826 συνιόνταο
2627 2773 2687 2826 τὸ
2736 2773 2834 2844 μὲν
2866 2773 3032 2826 εἰσέτι
3085 2770 3531 2842 στοιχειούμενον,
3580 2768 3640 2821 τὸ
3673 2767 3722 2822 δ’

2148 2862 2250 2933 ήδη
2279 2861 2366 2914 διὰ
2401 2861 2496 2914 τοῦ
2537 2861 2760 2935 λουτροῦ
2799 2862 3225 2935 πεφωτισμένον
3269 2861 3361 2912 καί
3392 2859 3484 2911 ἐπὶ
3511 2857 3722 2919 τούτοις

2153 2952 2279 3023 μίαν
2305 2951 2534 3024 δάμαλιν
2564 2954 2661 3025 τὴν
2689 2943 3142 3024 ἐκκλησιαστικὴν
3172 2951 3277 3005 τῶν
3315 2947 3592 3022 προέδρων
3620 2947 3722 3018 dp-

2149 3044 2247 3116 χὴν
2267 3047 2387 3108 ταῖς
2407 3045 2608 3109 ἐνθέοις
2630 3045 2723 3098 καὶ
2741 3045 2983 3113 λογικαῖς
3009 3047 3235 3116 τροφαῖς
3265 3043 3359 3096 ἐκθ
3369 3043 3552 3114 ρέψας,
3572 3041 3732 3109 γόνυ-τ

472 3138 768 3210 praesident
789 3136 1178 3208 principatum,
1203 3133 1401 3188 divinis
1423 3142 1476 3188 et
1501 3133 1858 3187 rationalibus
1901 3131 2037 3186 cibis

2148 3153 2241 3207 μον
2270 3135 2330 3200 ἐξ
2368 3136 2548 3190 αὐτῶν
2579 3136 2740 3204 γάλα,
2777 3137 2867 3190 καὶ
2919 3136 3037 3206 μέλι
3078 3136 3178 3207 τῆς
3209 3133 3533 3206 πονηθείσης
3568 3129 3721 3203 αύτῷ

473 3232 773 3285 nutrientes
802 3246 814 3282 :
848 3225 1135 3282 fecundum
1168 3239 1238 3278 ex
1287 3224 1392 3278 illis
1433 3224 1535 3285 lac,
1563 3233 1618 3277 et
1647 3223 1772 3284 mel,
1805 3223 1925 3291 ejus
1965 3222 2044 3275 vi-

466 3321 667 3377 delicet
691 3321 822 3385 cibi,
852 3335 1012 3391 quem
1045 3319 1147 3388 ipsi
1185 3319 1606 3380 elaboraverint,
1648 3319 1884 3372 fructum
1919 3333 2043 3388 per-

465 3421 755 3483 ceperunt.
789 3411 854 3465 Et
881 3411 1027 3481 quod
1057 3410 1272 3480 quidem
1305 3426 1422 3465 eam
1467 3411 1891 3472 multitudinem,
1922 3425 2042 3479 quae

467 3523 534 3562 ex
570 3503 1064 3577 imperfectioribus
1096 3511 1310 3558 constat
1352 3504 1565 3565 ovibus,
1596 3503 1815 3557 divinus
1859 3517 2040 3558 sermo

470 3609 789 3666 comparare
814 3593 1180 3658 consueverit,
1201 3609 1308 3646 non
1335 3604 1416 3648 est
1446 3609 1582 3664 Opus
1605 3602 1661 3648 ut
1690 3595 1887 3658 dicam,
1915 3609 2039 3648 cum

472 3687 573 3741 hoc
592 3701 781 3742 omnes
811 3684 1006 3740 divina:
1031 3685 1222 3738 littera:
1247 3682 1556 3739 ostendant.
1592 3685 1697 3754 72
1726 3683 1879 3750 Quod
1914 3700 2042 3739 vero

469 3795 617 3842 eum,
670 3779 763 3850 qui
812 3777 1105 3849 perfectior
1149 3777 1242 3842 sit,
1277 3786 1332 3832 et
1383 3779 1605 3841 multos,
1654 3777 1810 3846 quasi
1863 3778 2039 3833 bonus

467 3870 704 3939 agricola
751 3877 1025 3935 exerceat,
1061 3867 1430 3938 Ecclesizeque
1475 3868 1787 3938 praesideat,
1832 3869 2040 3923 rustico

471 3961 632 4015 boum
677 3960 851 4015 labori
903 3961 1030 4015 item
1074 3960 1324 4015 conferre
1375 3961 1566 4018 soleat.
1609 3967 1834 4016 sanctus
1878 3960 2038 4016 nobis

469 4055 806 4106 demonstrat
833 4050 1147 4120 Apostolus,
1172 4050 1262 4104 ubi
1292 4051 1368 4104 ait
1395 4070 1405 4105 :
1438 4070 1455 4101 ‹
1487 4047 1742 4120 Nunquid
1767 4051 1833 4106 de
1862 4051 2038 4106 bubus

468 4159 600 4198 cura
624 4152 707 4198 est
748 4141 898 4198 Deo?
930 4157 998 4196 an
1028 4152 1250 4212 prepter
1289 4158 1388 4196 nos
1429 4143 1649 4196 omnino
1699 4143 1867 4196 dicit?
1897 4158 2036 4212 quo-

468 4239 614 4292 niam
645 4235 805 4291 debet
842 4235 896 4290 in
922 4253 1038 4306 spe,
1064 4237 1157 4306 qui
1195 4246 1333 4300 arat,
1364 4250 1522 4290 arare
1547 4254 1559 4287 :
1583 4244 1636 4289 et
1667 4236 1760 4305 qui
1793 4237 2033 4301 triturat,

469 4331 521 4384 in
550 4344 666 4399 spe,
687 4335 748 4382 ut
777 4328 846 4384 sit
874 4329 1148 4398 particeps
1173 4327 1239 4380 ⁸⁸.
1267 4351 1284 4380 ι
1315 4327 1469 4394 Quod
1489 4328 1534 4382 si
1568 4327 1691 4396 quis
1726 4327 2033 4382 istiusmodi

469 4418 654 4490 liguris
683 4416 938 4488 loquendi
959 4415 1284 4482 offendatur,
1319 4417 1461 4471 idem
1487 4417 1684 4486 poterit
1709 4424 1766 4470 et
1791 4432 2030 4481 muscas,

2143 3228 2347 3298 τροφῆς
2390 3226 2480 3281 τὸν
2526 3229 2735 3301 καρπὸν
2772 3231 3140 3300 ἀπηνέγκατο.
3176 3229 3360 3290 Ὅπως
3396 3225 3494 3297 μὲν
3527 3223 3620 3278 οὖν
3647 3223 3720 3277 τὰ

2141 3316 2248 3370 τῶν
2294 3318 2660 3389 ἀτελεστέρων
2711 3319 2887 3392 πλήθη
2937 3319 3226 3392 προϐάτοις
3276 3317 3464 3371 εἴωθεν
3507 3318 3536 3370 ὀ
3573 3316 3718 3381 θεῖος

2140 3412 2432 3484 ἀφομοιοῦν
2475 3413 2650 3481 λόγος,
2698 3414 2850 3467 οὐδὲν
2895 3415 2975 3466 δεῖ
3013 3414 3208 3482 λέγειν,
3260 3412 3439 3482 πάσης
3493 3411 3717 3482 Γραφῆς

2141 3503 2297 3558 τοῦτο
2333 3503 2707 3574 διδασκούσης.
2740 3505 2843 3557 Τὸν
2869 3504 2925 3558 δέ
2957 3523 3020 3574 γε
3058 3504 3428 3573 ἐντελέστερον
3467 3502 3556 3554 καὶ
3588 3503 3722 3564 τοὺς

2142 3595 2367 3660 πολλοὺς
2391 3596 2736 3667 γεωργοῦντα
2758 3597 2854 3667 τῆς
2885 3596 3206 3666 Ἐκκλησίας
3223 3593 3353 3666 ήγού
3364 3611 3541 3664 μενον,
3565 3594 3717 3655 ὅπως

2140 3687 2218 3758 τῷ
2243 3690 2500 3759 γεωπόνῳ
2530 3689 2637 3742 τῶν
2671 3689 2807 3757 βοῶν
2847 3688 3210 3758 παραϐάλλει,
3247 3686 3556 3756 συνίστησιν
3581 3687 3609 3738 ὀ
3637 3686 3716 3736 ia-

2145 3778 2234 3848 ρὸς
2267 3779 2580 3843 ἀπόστολος,
2612 3779 2802 3848 λέγων·
2837 3799 2853 3830 ι
2886 3779 2976 3851 Μὴ
3005 3778 3112 3831 τῶν
3131 3777 3267 3848 βοῶν
3295 3777 3446 3848 μέλει
3470 3777 3545 3846 τῷ
3573 3775 3714 3846 Θεῷ,

2140 3869 2172 3939 ἢ
2213 3869 2279 3920 δι’
2310 3871 2454 3940 ἡμᾶς
2501 3871 2718 3934 πάντως
2753 3870 2928 3938 λέγεις
2968 3871 3049 3922 ὅτι
3087 3869 3288 3936 ὀφείλει
3330 3868 3417 3920 ἐπ’
3465 3865 3638 3920 ἐλπίδι
3682 3866 3714 3918 ὁ

2141 3959 2407 4031 ἀροτριῶν
2450 3960 2730 4033 ἀροτριᾷν,
2781 3963 2874 4015 καὶ
2935 3962 2963 4013 ὀ
3020 3961 3212 4025 ἀλοῶν,
3258 3961 3344 4012 ἐπ’
3390 3957 3563 4011 ἐλπίδι
3614 3957 3712 4011 τοῦ

2143 4053 2409 4122 μετέχειν.
2449 4072 2467 4104 ι
2509 4054 2572 4105 Et
2602 4052 2659 4105 δέ
2694 4053 3023 4125 προσκόπτοι
3062 4070 3144 4115 τις
3180 4055 3299 4115 ταῖς
3329 4051 3560 4104 τοιαῖσδε
3589 4065 3714 4121 τρο-

2142 4143 2438 4212 πολογίαις,
2467 4143 2584 4216 ὥρα
2605 4144 2790 4198 τοῦτον
2819 4145 2952 4216 μηδέ
2976 4143 3072 4207 τὰς
3097 4141 3498 4215 ὀνομαζομένας
3524 4142 3712 4212 μυίας,

2139 4233 2170 4304 ἢ
2207 4235 2482 4305 μελίσσας,
2526 4234 2658 4306 μηδὲ
2693 4236 2753 4288 τὸ
2781 4235 2956 4307 ξυρὸν,
2999 4235 3131 4305 μηδέ
3165 4235 3255 4288 τὸν
3283 4234 3535 4303 πώγωνα,
3575 4233 3710 4305 μηδὲ

2135 4326 2237 4390 τὰς
2278 4326 2468 4398 τρίχας
2507 4326 2614 4378 τῶν
2666 4327 2838 4380 ποδῶν
2883 4327 3026 4380 κατά
3069 4326 3306 4380 διάνοιαν
3345 4326 3586 4397 θεωρεῖν,
3632 4325 3716 4389 εἰς

2139 4418 2374 4482 ἀτόπους
2396 4419 2450 4470 δέ
2479 4419 2571 4470 κοιλ⁵
2599 4419 2930 4483 άσυστάτους
2958 4419 3244 4472 ἐκπίπτειν
3273 4417 3612 4490 μυθολογίας.
3645 4417 3711 4468 Εἰ

465 4489 521 4560 et
546 4522 697 4578 apes,
733 4506 800 4561 de
849 4505 1049 4575 quibus
1100 4505 1307 4559 dictum
1351 4512 1457 4568 est,
1505 4512 1559 4558 et
1597 4505 1945 4568 novaculutn,
1980 4513 2032 4559 et

2148 4509 2181 4560 δ’
2213 4510 2424 4580 ἀνάγκη
2479 4510 2649 4562 ταῦτα
2688 4511 2762 4582 μὴ
2796 4511 2968 4575 άλλως
3009 4511 3042 4583 ἢ
3091 4512 3232 4566 κατά
3277 4489 3441 4582 μόνην
3475 4509 3711 4580 θεωρίαν

467 4599 713 4662 barbam,
741 4606 795 4652 et
837 4597 974 4665 pilos
1005 4596 1225 4666 pedum,
1260 4613 1366 4651 non
1405 4612 1468 4651 ex
1503 4597 1799 4658 sententia,
1833 4596 1927 4651 sed
1963 4613 2029 4652 ex

2135 4600 2405 4670 δέχεσθαι,
2440 4601 2595 4672 δῆλον
2623 4605 2701 4656 ὅτι
2724 4603 2818 4656 καὶ
2842 4603 2911 4655 τὰ
2939 4602 3205 4657 ἀκόλουθα
3236 4600 3645 4674 παραπλησίως.

465 4691 671 4760 scripto
700 4687 1080 4758 contemplari,
1115 4695 1275 4758 atque
1332 4689 1404 4741 ita
1432 4688 1589 4757 plane
1618 4687 1673 4740 in
1717 4688 1948 4743 ridicula
1984 4698 2038 4744 et
2095 4693 2333 4746 absurda
2388 4692 2692 4748 fabularum
2739 4696 3092 4750 deliramenta
3141 4696 3402 4750 recidere.
3463 4692 3520 4747 Si
3579 4705 3712 4746 vero

467 4796 572 4834 non
594 4781 751 4836 aliter
780 4781 895 4835 haec
925 4779 1176 4848 accipere
1222 4793 1444 4833 necesse
1471 4787 1572 4840 est,
1600 4794 1763 4847 quam
1799 4780 1865 4834 ad
1913 4796 2133 4836 sensum
2199 4783 2489 4852 quemdam
2546 4785 2880 4850 interiorem,
2913 4787 3080 4849 ,haud
3116 4788 3342 4842 dubium
3395 4794 3500 4851 est,
3545 4785 3713 4854 quin-

465 4875 622 4927 etiam
647 4890 709 4927 ea
738 4889 860 4942 quae
885 4879 1209 4942 sequuntur,
1239 4870 1400 4923 simili
1437 4871 1665 4923 ratione.

531 4963 642 5019 XL.
674 4983 690 5014 ι
730 4965 787 5018 lu
816 4963 902 5018 die
927 4962 1016 5017 illa
1051 4962 1467 5032 exstinguentur
1500 4973 1731 5029 montes,
1759 4970 1811 5017 et
1840 4963 2028 5028 colles,

465 5062 515 5107 et
555 5055 724 5116 silvai.
751 5065 798 5109 et
823 5054 1165 5110 devorabuut
1195 5053 1263 5106 ab
1289 5051 1470 5105 anima
1497 5068 1668 5122 usque
1699 5053 1766 5106 ad
1794 5067 2024 5110 carnes:

465 5151 516 5198 et
548 5146 651 5199 erit
691 5147 785 5214 qui
829 5145 1016 5216 fugiet,
1055 5154 1317 5214 tanquam
1369 5141 1582 5213 fugiens
1625 5157 1655 5196 a
1689 5142 1904 5198 flamma
1940 5159 2028 5197 ar-

463 5237 622 5291 dente
655 5253 667 5288 :
695 5247 748 5292 et
795 5238 886 5307 qui
925 5238 1098 5291 relicti
1136 5235 1338 5291 fuerint
1364 5251 1430 5289 ex
1466 5235 1594 5301 illis,
1642 5245 1803 5290 erunt
1836 5254 2030 5293 nume-

466 5341 593 5380 rus:
627 5333 679 5379 et
728 5339 863 5394 puer
909 5327 1165 5395 parvulus
1208 5325 1410 5382 scribet
1452 5339 1569 5392 eos,
1612 5333 1666 5380 et
1705 5325 1809 5381 erit
1850 5328 1903 5380 in
1939 5326 2027 5382 die

461 5417 588 5470 illa:
625 5431 733 5470 non
786 5416 925 5470 ultra
978 5416 1194 5487 adjiciet
1235 5416 1380 5488 quod
1423 5417 1692 5487 reliquum
1740 5416 1906 5472 fuerit
1956 5434 2022 5473 ex

459 5505 644 5574 Israel,
674 5514 724 5562 et
774 5507 859 5576 ιιιί
887 5512 1194 5563 conservati
1227 5525 1293 5563 ex
1325 5507 1516 5570 Jacob.
1545 5524 1651 5563 non
1680 5510 1820 5562 ultra
1851 5511 2021 5565 conli-

561 5683 606 5716 “
641 5681 741 5740 lsa.
777 5697 872 5750 vn,
895 5680 1084 5737 21-92.
1167 5683 1209 5714 ⁸⁷
1241 5681 1374 5740 lhid.
1412 5686 1495 5740 l4.

2211 4961 2300 5013 Μ’.
2348 4981 2365 5012 ι
2412 4962 2490 5032 Τῇ
2537 4961 2718 5034 ἡμέρᾳ
2748 4965 2930 5036 ἐκείνῃ
2959 4963 3424 5034 ἀποσϐεσθήσεται
3468 4965 3538 5018 τά
3570 4967 3708 5040 ὅρη⁹

2138 5053 2229 5105 καὶ
2263 5053 2311 5106 οἱ
2347 5053 2544 5122 βουνοί,
2590 5055 2684 5107 καὶ
2721 5056 2771 5108 οἱ
2808 5055 3022 5127 δρυμοὶ,
3063 5057 3156 5110 καὶ
3194 5058 3567 5127 καταφάγεται
3599 5061 3708 5116 ἀπὸ

2134 5143 2313 5213 ψυχῆς
2337 5144 2442 5207 ἕως
2470 5145 2705 5216 σαρκῶν·
2734 5146 2824 5199 καὶ
2849 5146 3000 5200 ἕσται
3028 5149 3056 5200 ὀ
3077 5147 3312 5216 φεύγων,
3343 5149 3417 5211 ὡς
3441 5152 3468 5201 ὀ
3490 5151 3707 5219 φεύγων

2135 5232 2243 5286 ἀπὸ
2265 5233 2460 5302 φλογὸς
2485 5236 2796 5308 καιομένης⁹
2822 5237 2914 5289 καὶ
2936 5237 2984 5290 οἱ
3014 5237 3462 5308 καταλειφθέντες
3490 5241 3583 5292 ἀπ’
3609 5242 3706 5294 αῦ-

2134 5323 2241 5378 τῶν
2274 5326 2482 5381 ἔσονται
2512 5329 2760 5400 ἀριθμὸς,
2797 5331 2889 5382 καὶ
2928 5329 3130 5382 παιδίον
3160 5331 3354 5401 μικρὸν
3381 5332 3581 5403 γράψει
3609 5335 3705 5386 αύο

2132 5418 2274 5482 τούς
2308 5421 2404 5474 καὶ
2440 5420 2591 5476 ἔσται
2617 5424 2674 5474 ὲν
2713 5426 2776 5494 τῇ
2815 5424 3000 5495 ἡμέρᾳ
3032 5423 3233 5496 ἐκείνῃ,
3268 5423 3450 5476 οὐκέτι
3482 5440 3704 5495 προστε-

2133 5515 2443 5588 θήσεταιτό
2472 5520 2828 5589 καταλειφθὲν
2863 5521 2956 5574 τοῦ
3004 5521 3238 5590 Ἰσραὴλ,
3284 5522 3376 5576 καὶ
3418 5524 3466 5576 οί
3507 5521 3702 5575 διασω-

1578 5687 1618 5718 “
1648 5685 1664 5738 l
1699 5686 1826 5742 Cor.
1863 5702 1936 5756 ιι,
1976 5691 2028 5757 9,
2068 5690 2154 5746 l0.
