4056 6418
286 339 303 389 l
314 338 378 391 Μ
1214 335 1882 393 DEMONSTRATIONIS'
1902 332 2354 390 EVANGELICE
2395 334 2520 392 LIB.
2563 335 2625 392 Ιῐ.

3442 351 3542 404 ll!

281 454 468 518 θέντες
500 453 600 508 τοῦ
644 456 843 510 Ἰακὼὸ
876 455 1054 510 ούκέτι
1090 459 1407 521 πεποιθότες
1448 455 1580 512 ὦσιν
1625 459 1720 511 ἐπὶ
1743 459 1867 521 τοὺς

1972 461 2161 512 dentes
2185 465 2347 511 erunt
2377 457 2430 511 in
2457 459 2557 524 eis,
2581 461 2674 528 qui
2699 458 2916 529 injuriis
2951 458 3098 532 ipsos
3119 463 3418 528 affecerint,
3443 467 3539 522 sed

281 547 662 618 ἀδικήσαντας
696 549 912 612 αὐτοὺς,
937 549 1050 602 ἀλλ’
1080 549 1289 603 ἔσονται
1322 551 1638 614 πεποιθότες
1667 552 1758 604 ἐπὶ
1777 551 1868 605 τὸν

281 636 412 692 Θεὸν
443 639 538 692 τὸν
575 640 731 709 ἅγιον
759 640 852 694 105
889 641 1099 713 Ἰσραὴλ
1127 645 1191 712 τῇ
1225 643 1583 714 ἀληθείᾳριαὶ
1609 643 1868 714 ἀναστρέ-

280 732 374 800 ψει
407 730 469 784 τὸ
498 732 864 801 καταλειφθὲν
904 733 996 786 105
1051 734 1267 805 Ἰσραὴλ
1305 734 1398 786 ἐπὶ
1427 733 1559 787 Θεὸν
1597 735 1862 804 ἰσχύοντα⁸

283 823 377 876 καὶ
419 824 518 876 ἐὰν
551 824 781 894 γένηται
811 826 839 876 6
870 825 1100 895 ἀριθμὸς
1131 826 1240 878 τῶν
1272 825 1405 878 υἱῶν
1465 827 1678 897 Ἰσραὴλ
1716 829 1792 890 ὡς
1831 830 1863 896 ἠ

281 915 469 986 ἄμμος
507 915 607 986 τῆς
641 915 935 988 Θαλάσσης,
967 917 1028 968 τὸ
1056 917 1402 988 κατάλειμμα
1431 917 1610 972 αὐτῶν
1637 919 1868 991 σωθήσε-

281 1024 392 1060 ται.
432 1007 610 1074 Λόγον
650 1008 760 1079 γὰρ
802 1007 1066 1060 συντελιῖυ
1101 1008 1194 1062 καὶ
1231 1009 1540 1080 συντέμνων
1579 1012 1636 1063 ἐν
1669 1010 1869 1064 δικαιο-

283 1097 438 1167 σύνῃ’
480 1099 566 1149 ὃτι
604 1096 758 1164 λόγον
801 1099 1230 1168 συντετμημένον
1266 1100 1477 1169 ποιήσει
1503 1101 1532 1152 6
1554 1099 1684 1164 Θεὸς
1715 1101 1772 1152 ὲν
1799 1102 1866 1171 τῇ

278 1187 580 1258 οἰκουμένῃ
625 1186 738 1260 ὅλῃ.
783 1206 800 1237 ι
853 1188 1142 1241 Κάνταῦθα
1191 1191 1455 1260 πρόσχες,
1501 1191 1583 1243 ὅτι
1633 1209 1650 1240 ι
1699 1191 1756 1243 ὲν
1798 1193 1864 1261 τῇ

283 1279 631 1350 σκυθρωπῶν
683 1279 900 1351 ἀπειλῇ,
949 1285 1132 1351 φησιν,
1185 1281 1334 1336 ἔσται
1377 1285 1406 1336 6
1455 1283 1688 1352 φεύγων,
1727 1284 1802 1348 ὼς
1837 1283 1867 1335 6

277 1371 506 1438 φεύγων
536 1372 647 1423 ἀπὸ
673 1372 868 1440 φλογὸς
899 1373 1216 1444 καιομένης*
1243 1376 1334 1427 καὶ
1352 1374 1402 1426 οἱ
1422 1373 1868 1444 καταλειφθέντες

275 1464 378 1516 ἀπ’
404 1463 589 1516 αὐτῶν
614 1465 844 1535 ἀριθμὸς
878 1465 1050 1528 ἔσται,
1086 1468 1178 1520 καὶ
1207 1469 1416 1520 παιδίον
1446 1469 1639 1540 μικρὸν
1669 1470 1867 1541 γράψει

229 1579 237 1597 ι
277 1553 502 1616 αύτούς·
538 1574 556 1604 ι
591 1556 656 1607 δι’
683 1550 758 1609 ὧν
791 1557 850 1609 τὸ
879 1557 1100 1610 σπάνιον
1130 1557 1236 1609 τῶν
1268 1559 1608 1630 φευξομένων
1637 1561 1725 1612 τὸν
1753 1560 1868 1613 ὀλε-

280 1646 412 1718 θρον
458 1650 525 1700 ὲκ
570 1650 870 1720 περιτομῆς
909 1649 1073 1712 λαοῦ,
1120 1652 1213 1703 καὶ
1251 1652 1339 1704 τὸν
1372 1652 1471 1721 τῆς
1518 1653 1868 1725 Ἰερουσαλὴμ

279 1743 619 1813 ἐμπρησμὸν
656 1743 1002 1814 παρίστησιν.
1056 1764 1073 1794 ι
1109 1745 1168 1797 Οί
1200 1745 1255 1798 δὲ
1289 1746 1735 1816 καταλειφθέντες
1776 1743 1866 1801 οὒ·-

278 1849 384 1897 τοι,
431 1835 620 1903 φησιν,
659 1834 892 1904 ἀριθμῶ
926 1834 1158 1903 ἔσονται,
1196 1856 1212 1886 ι
1244 1837 1386 1890 1051‘
1445 1838 1591 1892 ἔστιν
1649 1839 1867 1911 ἀριθμῷ

278 1925 481 1995 λησττοὶ
529 1927 872 1996 γενήσονται,
917 1927 1059 1980 οὓτω
1109 1928 1326 1999 βραχεῖς
1369 1930 1463 1982 καὶ
1512 1932 1866 2003 εὐαρίθμητοι

279 2017 458 2082 ὅντες.
509 2017 768 2071 Τοσοῦτοι
793 2019 836 2071 δ’
864 2015 976 2083 οὖν,
1022 2021 1098 2083 ὡς
1136 2023 1192 2074 ἐν
1238 2021 1516 2093 συγκρίσει
1545 2023 1637 2075 105
1670 2023 1868 2087 παντὸς

283 2108 528 2181 πλήθους
561 2109 654 2163 105
699 2110 965 2163 Ἰουδαίων
986 2111 1190 2174 ἔθνους,
1217 2114 1264 2164 οἱ
1299 2116 1378 2176 είς
1411 2114 1498 2166 τὸν
1524 2115 1749 2184 Σωτῆρα
1775 2117 1868 2168 καὶ

283 2201 492 2272 Κύριον
527 2201 688 2271 ἡμῶν
720 2201 1143 2265 πεπιστευκότες
1190 2205 1497 2270 γεγόνασιν,
1547 2206 1595 2258 οἳ
1633 2205 1726 2258 καὶ
1770 2222 1870 2257 και

282 2291 637 2363 τήξιὼθήσαν
684 2293 782 2362 τῆς
827 2293 920 2345 ὑπ’
956 2293 1120 2346 αὐτοῦ
1160 2293 1400 2364 Γραφῆς,
1454 2294 1530 2356 ὼς
1575 2293 1724 2365 δηλοῖ
1767 2294 1870 2364 φά-

285 2399 431 2436 σκων
461 2383 492 2434 6
530 2383 708 2453 λόγος,
751 2403 770 2436 t
808 2385 920 2438 Καὶ
947 2385 1156 2439 παιδίον
1180 2385 1380 2457 γράψει
1413 2388 1630 2452 αὐτούς·
1676 2409 1697 2441 ι
1735 2407 1869 2460 προ-

280 2474 506 2540 διδάξας
558 2475 588 2527 ὃ
634 2476 686 2528 τί
734 2493 865 2529 ποτε
910 2472 979 2547 ἦν
1028 2477 1089 2529 τὸ
1126 2477 1364 2544 παιδίον,
1416 2480 1475 2531 ἐν
1522 2474 1603 2542 οἷς
1652 2479 1863 2548 ἔλεγεν*

286 2585 308 2621 ι
362 2567 498 2621 Ἰδοὺ
527 2569 560 2638 ή
589 2567 861 2639 Παρθὲνος
885 2569 941 2620 ὲν
966 2571 1163 2639 γαστρὶ
1198 2569 1327 2636 ἕξει,
1366 2572 1461 2624 καὶ
1500 2572 1708 2637 τέξεται
1733 2573 1864 2626 υἱόν·

283 2659 378 2711 καὶ
424 2659 558 2728 πρὶν
600 2657 633 2728 ἦ
675 2658 876 2726 γνῶναι
920 2659 980 2712 τὸ
1011 2660 1220 2714 παιδίον
1247 2661 1429 2715 καλεῖν
1458 2663 1663 2734 πατέρα
1702 2663 1733 2734 ἦ
1766 2682 1869 2735 μη-

281 2750 435 2821 τέρα·
479 2770 498 2802 ι
537 2752 631 2803 καὶ
663 2751 960 2823 ἐπειδήπερ
1001 2752 1254 2816 ἐνταῦθα,
1304 2773 1321 2804 ι
1364 2754 1600 2817 Παιδίον,
1654 2774 1670 2806 ι
1713 2756 1864 2826 φησὶ,

290 2857 308 2889 ι
343 2838 551 2915 γράψει
577 2841 791 2904 αὐτοὺς,
835 2861 851 2892 ι
881 2841 1105 2904 εἰκότως
1133 2843 1189 2893 ὲν
1223 2846 1335 2906 τοῖς
1359 2843 1593 2915 πρόσθεν
1627 2845 1861 2913 ἐλέγετο·

290 2946 310 2978 ι
342 2929 455 2981 Καὶ
481 2912 634 2981 ἔσται
667 2930 727 2982 τὸ
764 2931 1083 3000 ὑπολειφθὲν
1121 2935 1175 2983 ὲν
1213 2932 1369 2997 Σιὼν,
1412 2935 1506 2987 καὶ
1529 2935 1590 3012 τὸ
1619 2937 1868 2990 καταλει-

285 3020 419 3092 φθὲν
466 3022 522 3073 ἐν
585 3022 955 3094 Ἰερουσαλὴμ,
999 3023 1142 3092 ἆγιοι
1186 3025 1542 3098 κληθήσονται
1576 3029 1773 3093 πάντες
1817 3030 1866 3082 οί

285 3113 596 3184 γραφέντες
620 3115 699 3177 εἰς
729 3112 890 3185 ζωήν.
943 3133 961 3166 ι
1009 3117 1218 3188 Ὥσπερ
1265 3117 1393 3186 γοῦν
1437 3121 1494 3171 ὲν
1535 3121 1762 3184 ἐκείνοις
1808 3122 1868 3175 τὸ

285 3181 650 3276 καταλειφθὲν
687 3181 986 3278 ὠνόμίαστο,
1041 3211 1088 3261 οί
1125 3209 1168 3261 δ’
1189 3181 1358 3264 ἀὐτοὶ
1390 3213 1691 3284 γραφέντες
1731 3181 1870 3285 ἦσαν
1898 3181 1940 3240 c

286 3301 367 3365 εἰς
401 3300 572 3372 ζωήνο
601 3301 772 3364 οὓτως
805 3303 896 3356 καὶ
926 3305 1180 3364 ἐνταῦθα.
1211 3307 1260 3358 οἱ
1303 3307 1751 3376 καταλειφθέντες
1777 3311 1869 3363 ἀπ’

286 3395 472 3448 αὐτῶν
511 3415 528 3446 ι
570 3396 798 3466 ἀριθμὸς
821 3396 1050 3459 ἔσονται,
1085 3399 1178 3451 καὶ
1203 3399 1407 3453 παιδίον
1431 3401 1628 3473 γράψει
1654 3402 1866 3466 αύτούς.

287 3487 466 3540 T0510
498 3487 556 3540 δὲ
598 3488 955 3557 καταλειφθὲν
981 3490 1046 3541 ἐκ
1079 3486 1172 3540 105
1213 3489 1449 3561 Ἰσραὴλ,
1487 3493 1578 3544 καὶ
1603 3493 1648 3544 οί
1677 3492 1871 3544 διασωο

288 3580 479 3643 θέντες
517 3581 626 3633 ἀπὸ
661 3581 755 3633 τοῦ
802 3581 993 3634 Ἰακὼϐ
1041 3601 1057 3632 ι
1096 3582 1296 3646 οὐκέτι,
1332 3603 1350 3635 ι
1394 3585 1576 3654 φησιν,
1611 3604 1628 3635 ‹
1660 3585 1870 3639 ἔσονται

288 3673 381 3725 ἐπὶ
412 3673 543 3735 τοὺς
566 3671 929 3742 ἀδικήσαντας
958 3674 1172 3738 αὐτοὺς,
1218 3674 1330 3727 ἀλλ’
1367 3674 1576 3728 ἔσονται
1618 3678 1870 3730 πεποιθό-

289 3783 378 3828 τες
405 3765 500 3817 ὲπὶ
523 3764 612 3816 τὸν
639 3763 769 3818 Θεὸν
789 3763 880 3818 τὸν
906 3765 1056 3834 ἆγιον
1085 3766 1180 3819 105
1227 3767 1461 3838 Ἰσραήλ.
1498 3786 1515 3817 ›
1545 3768 1652 3819 Καὶ
1685 3767 1784 3838 ὅρα
1807 3784 1869 3834 γε

289 3859 337 3909 εἰ
369 3855 449 3927 μὴ
472 3855 645 3928 ταύτῃ
685 3873 747 3924 γε
781 3859 844 3926 τῇ
895 3856 1214 3929 πεποιθήσει
1269 3859 1318 3910 οἱ
1362 3860 1424 3910 ἐκ
1465 3859 1557 3910 105
1606 3859 1870 3914 Ἰουδαίων

293 3949 482 4012 ἔθνους
533 3947 904 4018 προελθόντες,
952 3949 1004 4000 οῖ
1044 3966 1102 4001 τε
1144 3951 1210 4001 ὲκ
1247 3949 1343 4019 τῆς
1387 3949 1755 4015 ἀποπτώσεως
1775 3951 1868 4004 105

303 4040 521 4112 Ἰσραήλ
556 4040 991 4111 περιλειφθέντες
1037 4041 1275 4112 μαθηταὶ
1319 4042 1412 4094 καὶ
1452 4041 1733 4095 ἀπόστολοι
1777 4043 1868 4095 105

291 4134 549 4203 Σωτῆρος
567 4131 743 4202 ἡμῶν,
772 4132 972 4204 μηδένα
998 4132 1152 4201 λόγον
1181 4133 1536 4204 ποιησάμενοι
1552 4134 1659 4187 τῶν
1676 4135 1870 4206 ἀρχόν-

292 4242 400 4278 των
440 4225 536 4279 105
575 4224 768 4289 αἰῶνος
790 4224 1000 4288 τούτου,
1031 4224 1193 4295 ῆτῶν
1227 4226 1500 4297 ἀρχόντων
1540 4224 1634 4278 105
1683 4228 1744 4278 ὲκ
1785 4244 1873 4278 πε-

299 4319 523 4390 ριτομῆς
559 4317 688 4371 λαοῦ
710 4315 818 4370 τῶν
849 4317 1014 4371 πάλαι
1041 4317 1364 4370 ἀδικούντων
1399 4317 1612 4379 αὐτοὺς,
1650 4313 1870 4385 ἐξῆλθον

297 4413 373 4474 εἰς
409 4410 588 4462 πάντα
631 4407 696 4460 τὰ
745 4407 871 4478 ἔθνη
919 4406 1273 4479 κηρύττοντες
1297 4406 1387 4459 τὸν
1429 4406 1659 4478 Χριστὸν
1692 4403 1867 4473 λόγον,

297 4500 622 4570 πεποιθήσει
662 4516 720 4552 τε
768 4501 832 4568 τῇ
873 4499 1006 4570 πρὸς
1047 4497 1136 4551 τὸν
1175 4497 1310 4550 Θεὸν
1337 4495 1584 4568 (ἐπείπερ
1608 4494 1747 4549 κατά
1772 4496 1867 4566 τὴν
1901 4522 1944 4577 D

301 4590 637 4664 προφητείαν
666 4588 980 4652 πεποιθότες
1001 4584 1140 4658 ἦσαν
1165 4589 1258 4641 ἐπὶ
1280 4585 1368 4640 τὸν
1401 4587 1533 4641 Θεὸν
1579 4588 1730 4656 ἅγιον
1773 4585 1867 4639 105

313 4683 529 4756 Ἰσραὴλ
547 4683 604 4734 ὲν
640 4679 880 4753 ἀληθείαθ
909 4681 970 4734 ού
1003 4680 1110 4752 γὰρ
1134 4677 1401 4743 ὑπούλως,
1437 4679 1558 4734 οὐδὲ
1587 4679 1704 4749 μεθ’
1735 4679 1868 4732 5.10-

299 4776 557 4847 κρίσεως,
585 4776 682 4826 σὺν
723 4771 949 4844 ἀληθεία
991 4772 1048 4826 δὲ
1086 4772 1239 4836 δλους
1282 4773 1503 4835 ἑαυτοὺς
1543 4771 1873 4827 ὲπιδὲδονται

302 4868 520 4934 ἑλπίδι),
549 4868 609 4920 οὐ
639 4866 794 4938 μόνον
815 4863 1082 4936 προῆλθον
1121 4865 1219 4934 τῆς
1245 4863 1453 4918 ἑαυτῶν
1495 4862 1697 4935 χώρας,
1738 4863 1873 4917 ἀλλά

303 4958 670 5030 κατώρθωσαν
689 4957 748 5010 τὸ
772 4954 1054 5027 προστεθει
1061 4956 1238 5027 μένον.
1273 4955 1442 5009 Τοῦτο
1467 4954 1522 5009 δὲ
1546 4950 1676 5009 αὐτὸ
1715 4954 1872 5008 πάλιν

304 5051 362 5103 τὸ
382 5047 759 5119 καταλειφθὲν,
795 5048 956 5101 οἱονεὶ
995 5046 1056 5100 τὸ
1096 5046 1313 5118 σπέρμα
1362 5047 1463 5116 τῆς
1509 5045 1876 5110 ἀποπτὼσεως

305 5143 396 5197 105
429 5144 624 5199 Ἰακὼό
660 5144 868 5212 γέγονε,
911 5141 1165 5205 πεποιθὸς
1207 5141 1299 5194 ἐπὶ
1327 5141 1457 5194 Θεὸν
1486 5140 1752 5210 ίσχύοντω
1783 5141 1877 5192 καὶ

308 5239 432 5293 αὐτὸ
452 5239 517 5311 δὴ
540 5239 697 5291 τοῦτο
729 5237 788 5290 τὸ
821 5237 1167 5306 κατάλειμμα
1203 5236 1296 5290 105
1345 5235 1544 5300 παντὸς
1574 5234 1756 5302 ἔθνους
1781 5235 1878 5288 αὑ-

309 5331 432 5395 τῶν,
456 5331 748 5403 γενομένου
776 5331 911 5400 ὠςή
949 5329 1129 5400 ἄμμος
1171 5327 1272 5399 τῆς
1322 5327 1618 5399 θαλάσσης,
1657 5326 1770 5380 ἀλλ’
1811 5328 1873 5380 ού

312 5424 446 5476 κατά
473 5422 543 5476 τὰ
566 5423 738 5493 ἄστρα
761 5422 853 5475 τοῦ
874 5421 1123 5492 ούρανοῦ,
1146 5421 1242 5492 τῆς
1265 5420 1414 5492 παρά
1434 5419 1511 5491 τῷ
1541 5413 1661 5490 Θεῷ
1699 5435 1878 5491 σωτηιο

316 5515 430 5584 ρίας
481 5512 714 5584 tamen,
747 5512 1028 5584 ὼσπεροῦν
1065 5511 1442 5584 ἐμαρτύρησεν
1471 5512 1500 5564 6
1532 5510 1871 5572 Ἀπόστολος,

211 5647 217 5650 .
315 5604 496 5658 εἰπών·
537 5625 555 5656 ι
598 5604 896 5668 Ἠσαῖαςδὲ
933 5602 1124 5674 κράζει
1163 5604 1303 5675 ὑπὲρ
1343 5600 1436 5656 τοῦ
1492 5601 1728 5674 Ἰσραὴλ,
1781 5600 1876 5653 ἐὰν

382 5782 424 5815 ⁸⁸
451 5784 559 5839 lsa.
599 5800 652 5850 ι,
687 5784 868 5838 17-25.
949 5783 992 5814 ³⁸
1023 5781 1122 5839 lsa.
1160 5797 1254 5847 vu,
1293 5782 1372 5836 ιι.
1451 5781 1493 5812 ⁸⁸
1530 5778 1630 5835 lsa.
1672 5795 1788 5845 vin,
1826 5778 1876 5834 ι.

949 5783 992 5814 ³⁸
1023 5781 1122 5839 lsa.
1160 5797 1254 5847 vu,
1293 5782 1372 5836 ιι.

1973 559 2134 604 erunt
2161 548 2495 604 confidentes
2527 549 2582 604 in
2619 548 2726 604 Deo
2755 560 2946 607 sancto
2973 551 3135 609 lsrael
3166 555 3221 609 in
3272 556 3498 610 veritate
3521 573 3537 590 ο

1973 649 2026 694 et
2056 650 2408 695 convertetur
2435 641 2581 710 quod
2619 642 2886 711 reliquum
2939 643 3099 699 fuerit
3145 661 3210 701 ex
3250 648 3437 711 Israel,
3471 647 3538 702 ad

1973 729 2142 785 Deum
2175 729 2369 787 fortem
2409 750 2422 784 :
2449 738 2502 785 et
2537 731 2583 785 si
2622 730 2784 786 fuerit
2814 749 3074 789 numerus
3110 735 3344 790 filiorum
3373 736 3538 792 Israel

1973 821 2116 875 sicut
2141 835 2306 876 arena
2337 821 2525 886 maris,
2551 821 2794 892 reliquize
2824 838 3010 878 eorum
3045 826 3206 881 salva:
3241 826 3390 882 flent.
3414 825 3541 882 Ver-

1974 910 2102 965 bum
2125 911 2270 966 enim
2301 911 2393 982 qui
2425 911 2660 983 perficit,
2691 921 2745 968 et
2778 913 2871 984 qui
2893 915 3168 969 contrahit
3197 918 3251 970 in
3283 917 3538 986 justitia;

1975 1002 2231 1072 quoniam
2265 1003 2493 1060 verbum
2532 1006 2866 1061 contractius
2915 1005 3078 1062 faciet
3122 1008 3264 1064 Deus
3309 1011 3366 1064 in
3409 1011 3542 1068 orbe

1976 1101 2133 1150 terra:
2167 1096 2424 1151 universo
2444 1096 2512 1151 δ’.
2554 1116 2573 1149 ι
2607 1095 2706 1152 Hic
2748 1114 2966 1168 quoque
3004 1103 3241 1163 attende,
3284 1102 3414 1156 dum
3443 1105 3542 1157 tri-

1975 1185 2078 1240 stia
2093 1187 2392 1252 minitatur,
2413 1189 2866 1258 quemadmodum
2890 1208 2909 1242 ι
2931 1192 3056 1256 erit,
3080 1212 3101 1243 ο
3126 1193 3317 1262 inquit,
3341 1194 3432 1264 qui
3455 1194 3540 1247 fu.

1973 1279 2083 1347 giet
2114 1288 2369 1350 tanquam
2403 1279 2616 1352 fugiens
2641 1297 2671 1335 a
2703 1280 2918 1336 flamma
2949 1283 3174 1339 ardente
3207 1302 3220 1338 :
3251 1294 3305 1339 cl.
3338 1286 3432 1355 qui
3457 1303 3542 1342 re-

1974 1371 2107 1442 liqui
2135 1371 2336 1427 fuerint
2371 1388 2437 1428 ex
2467 1374 2597 1440 illis,
2632 1389 2894 1429 numerus
2931 1383 3091 1430 erunt
3119 1394 3132 1428 :
3163 1384 3214 1430 et
3260 1392 3394 1446 puer
3417 1391 3544 1446 par-

1974 1465 2133 1519 vulus
2165 1465 2365 1519 scribet
2386 1479 2502 1529 eos,
2542 1484 2561 1517 ι
2589 1465 2788 1535 quibus
2821 1481 2953 1520 sane
2989 1466 3189 1527 verbis,
3213 1468 3540 1536 paucitatem

1973 1571 2186 1620 eorum,
2217 1557 2391 1626 quiex
2424 1558 2626 1627 populo
2643 1557 3092 1613 Circumcisionis
3119 1561 3396 1615 interitum
3429 1561 3543 1617 sint

1973 1649 2216 1712 evasuri,
2244 1664 2351 1703 una
2387 1664 2509 1702 cum
2543 1649 2695 1705 urbis
2739 1648 3079 1706 Hierusalem
3128 1652 3400 1717 incendio,
3442 1669 3542 1710 no-

1974 1740 2058 1795 bis
2079 1741 2336 1796 ostendit.
2371 1761 2388 1792 ι
2437 1739 2501 1794 Hi
2529 1756 2678 1803 vero,
2728 1742 2925 1812 inquit,
2971 1743 3064 1812 qui
3093 1743 3285 1813 reliqui
3317 1743 3539 1810 fuerint,

1901 1829 1942 1885 Β
1972 1849 2233 1889 numerus
2263 1845 2442 1897 erunt,
2476 1853 2494 1886 ι
2521 1833 2624 1888 hoc
2655 1840 2760 1898 est,
2797 1850 2903 1889 non
2935 1836 3115 1905 plures
3147 1851 3309 1906 quam
3349 1846 3407 1890 ut
3440 1854 3542 1891 nu-

1974 1942 2125 1981 mero
2185 1926 2572 1997 comprehendi
2626 1929 2870 1997 possint:
2913 1935 3098 1996 utpote
3140 1930 3231 1998 qui
3275 1940 3327 1984 et
3358 1933 3538 1999 pauci,

1973 2024 2025 2070 et
2049 2017 2205 2072 facile
2237 2018 2602 2072 numerabiles
2628 2017 2795 2071 futuri
2829 2019 2938 2072 sint
2967 2036 2979 2069 :
3005 2035 3112 2073 non
3148 2021 3331 2090 plures
3379 2022 3543 2092 igitur

1973 2110 2322 2174 exstiterunt,
2347 2109 2612 2164 duntaxat
2642 2112 2911 2166 universae
2952 2111 3262 2167 Iudaeorum
3297 2116 3542 2170 multitu-

1973 2201 2087 2254 dini
2122 2202 2443 2270 comparati,
2475 2200 2568 2269 qui
2601 2201 2655 2254 in
2681 2199 3019 2254 Salvatorem
3047 2211 3101 2255 et
3128 2201 3414 2258 Dominum
3443 2219 3542 2260 no-

1975 2300 2148 2347 strum
2194 2292 2560 2356 crediderunt,
2597 2293 2688 2362 qui
2725 2293 2942 2362 quidem
2985 2294 3148 2349 etiam
3197 2296 3342 2366 digni
3371 2297 3543 2354 habiti

1975 2383 2108 2448 sint,
2151 2385 2246 2454 qui
2289 2383 2358 2438 ab
2395 2399 2462 2439 eo
2501 2386 2832 2455 scripturam
2881 2387 3191 2457 acciperent
3233 2406 3245 2440 :
3279 2391 3544 2458 quemad-

1973 2475 2195 2530 modum
2251 2477 2417 2531 verba
2475 2477 2567 2531 illa
2629 2478 3035 2543 demonstrant,
3091 2497 3110 2531 ι
3167 2488 3222 2535 et
3279 2484 3542 2551 puerulus

1975 2567 2179 2622 scribet
2227 2584 2322 2624 eos
2366 2588 2380 2624 :
2434 2587 2455 2622 ι
2511 2569 2778 2637 siquidem
2846 2572 2999 2642 prius
3064 2581 3345 2629 ostensum
3423 2583 3556 2646 est"

1973 2662 2223 2730 quisnam
2281 2660 2369 2714 hic
2417 2669 2563 2716 esset
2615 2663 2913 2729 puerulus,
2987 2665 3075 2719 ubi
3141 2666 3347 2720 dictum
3393 2674 3477 2722 est
3520 2681 3551 2726 tt

1974 2752 2078 2822 73
2143 2751 2284 2807 Ecce
2333 2752 2485 2824 virgo
2531 2753 2584 2807 in
2638 2761 2794 2809 utero
2843 2755 3096 2821 habebit,
3145 2765 3200 2811 et
3259 2758 3432 2827 pariet
3482 2759 3556 2814 θη

1976 2845 2105 2897 lium
2138 2845 2226 2897 '°:
2271 2863 2288 2894 ι
2323 2852 2377 2898 et
2413 2863 2432 2896 ι
2473 2852 2762 2915 antequam
2816 2848 2954 2901 sciat
3010 2865 3144 2918 puer
3197 2865 3392 2905 vocare
3447 2865 3544 2920 pa-

1975 2944 2128 3000 trem,
2151 2945 2243 2990 aut
2265 2937 2552 3007 matrem“
2579 2957 2591 2991 :
2626 2957 2642 2989 ι
2675 2947 2728 2993 et
2754 2939 3008 3008 quoniam
3041 2941 3142 2995 hoc
3167 2942 3285 2996 loco
3306 2961 3324 2994 ι
3350 2958 3536 3012 puer,o

1976 3028 2168 3097 inquit,
2208 3048 2226 3079 ι
2269 3029 2472 3084 scribet
2499 3045 2625 3095 eos,
2671 3049 2688 3081 ι
2744 3031 2938 3084 merito
2967 3032 3018 3084 in
3055 3032 3427 3102 superioribus
3456 3034 3543 3088 di-

1975 3121 2173 3176 cebat:
2220 3139 2239 3173 ι
2281 3119 2346 3174 Et
2377 3121 2482 3175 erit
2510 3121 2655 3192 quod
2698 3123 2964 3191 reliquum
3009 3123 3171 3178 fuerit
3207 3125 3260 3178 in
3285 3123 3544 3181 Hierusa-

1973 3213 2100 3276 lem,
2128 3213 2300 3268 sancti
2329 3212 2670 3268 vocabuntur
2700 3228 2890 3269 omnes
2910 3254 2928 3277 ,
2965 3216 3056 3284 qui
3090 3217 3277 3284 scripti
3311 3225 3436 3272 sunt
3475 3217 3542 3273 ad

1972 3305 2138 3358 vitam
2159 3306 2226 3358 ".
2267 3323 2284 3355 ι
2320 3303 2460 3374 Ergo
2487 3312 2545 3357 ut
2581 3305 2690 3359 illic
2743 3306 3008 3376 reliquum
3055 3307 3390 3362 nominatum
3416 3315 3544 3377 est,

1974 3395 2170 3466 hicque
2204 3396 2306 3466 ipsi
2337 3403 2526 3462 erant,
2578 3416 2598 3449 ι
2634 3399 2726 3468 qui
2765 3398 2952 3468 scripti
2983 3409 3111 3454 sunt
3160 3400 3229 3455 ad
3261 3401 3424 3455 vitam
3452 3418 3464 3454 :
3517 3419 3538 3453 ι

1972 3490 2046 3540 ita
2072 3487 2231 3542 etiam
2259 3487 2367 3552 hic,
2399 3506 2416 3538 ι
2456 3487 2549 3557 qui
2579 3488 2772 3558 reliqui
2806 3490 3005 3544 fuerint
3033 3506 3096 3544 ex
3125 3491 3205 3545 eis
3224 3530 3240 3554 ,
3281 3507 3542 3547 numerus

1972 3588 2153 3644 erunt,
2184 3586 2238 3634 et
2269 3578 2528 3649 puerulus
2565 3581 2765 3635 scribet
2801 3597 2915 3637 eos.
2961 3601 2978 3633 ι
3013 3581 3124 3636 lloc
3157 3595 3322 3653 porro
3364 3584 3547 3654 ipsum

1978 3690 1996 3721 ι
2034 3671 2176 3740 quod
2204 3672 2450 3726 relictum
2480 3671 2641 3727 fuerit
2678 3689 2743 3728 ex
2773 3672 2974 3739 lsracl,
3013 3683 3066 3728 et
3094 3674 3186 3744 qui
3230 3675 3430 3730 servati
3476 3691 3545 3730 ex

1970 3761 2160 3826 Jacob,
2191 3779 2300 3816 non
2327 3764 2488 3828 ultra,
2515 3785 2534 3816 ›
2557 3765 2749 3836 inquit,
2787 3783 2805 3815 ι
2846 3764 2899 3818 in
2932 3765 3012 3820 eis
3043 3765 3134 3835 qui
3165 3765 3314 3835 ipsos
3345 3765 3546 3836 injuria

1972 3854 2278 3920 affecerint,
2340 3855 2434 3910 sed
2492 3857 2548 3910 in
2595 3857 2702 3911 Deo
2757 3866 2948 3911 sancto
2998 3855 3160 3912 Israel
3208 3857 3544 3914 confidentes

1971 3955 2131 4001 erunt
2161 3966 2173 4000 :
2221 3967 2238 3998 ι
2275 3954 2329 4000 et
2367 3961 2498 4002 sane
2513 3947 2638 4022 jam
2675 3956 2880 4016 specta,
2907 3957 3088 4002 utrum
3137 3949 3254 4020 ipsa
3282 3949 3385 4004 hac
3413 3965 3546 4004 con-

1974 4038 2191 4092 ﬁdentia
2225 4038 2283 4100 ii,
2310 4039 2402 4108 qui
2435 4053 2502 4092 ex
2543 4036 2769 4092 Judaica
2821 4049 2980 4107 gente
3024 4038 3248 4110 profecti
3283 4049 3448 4105 sunt,
3489 4047 3546 4096 et

1973 4126 2064 4196 qui
2105 4125 2171 4180 de
2199 4125 2354 4179 ruina
2388 4124 2553 4181 Israel
2575 4125 2747 4180 relicti
2779 4133 2906 4179 sunt
2936 4120 3189 4196 discipuli
3219 4135 3274 4182 et
3313 4128 3544 4196 apostoli

1974 4217 2271 4272 Salvatoris
2312 4217 2510 4280 nostri,
2541 4217 2673 4270 nihil
2717 4218 3105 4272 aestimaverint
3135 4218 3409 4287 principes
3439 4233 3545 4272 sae-

1973 4309 2081 4364 culi
2118 4308 2302 4378 hujus,
2343 4323 2440 4362 seu
2487 4308 2757 4378 principes
2781 4303 3014 4373 Judaici,
3048 4310 3136 4379 qui
3166 4310 3295 4364 oliui
3344 4309 3543 4377 injuria

1972 4416 2066 4455 eos
2097 4399 2419 4462 afficiebant,
2461 4405 2514 4452 et
2545 4399 2623 4452 sic
2674 4398 2727 4451 in
2763 4413 2952 4454 omnes
3003 4411 3190 4470 gentes
3225 4411 3544 4469 penetrave-

1974 4494 2103 4557 rint,
2136 4491 2411 4546 Christum
2439 4489 2662 4544 verbum
2698 4490 3074 4561 prazdicantes,
3117 4505 3187 4544 an
3233 4505 3361 4545 vero
3405 4489 3546 4554 nihil

1975 4585 2170 4639 horum
2216 4583 2333 4639 ausi
2376 4582 2506 4646 sint,
2540 4592 2700 4652 atque
2751 4590 2930 4638 utrum
2976 4583 3162 4637 eadem
3210 4597 3337 4652 erga
3375 4579 3542 4636 Deum

1974 4677 2301 4733 confidentia
2334 4677 2503 4748 (nam.
2534 4683 2596 4731 ut
2624 4676 2908 4750 prophetia
2940 4675 3120 4738 habet,
3151 4692 3170 4726 ι
3209 4673 3547 4729 confidentes

1974 4778 2130 4825 erant
2162 4771 2216 4825 in
2248 4769 2358 4824 Deo
2401 4777 2592 4825 sancto
2627 4769 2789 4826 Israel
2824 4771 2878 4822 in
2909 4767 3158 4823 veritate.
3195 4785 3214 4818 ι
3248 4764 3367 4821 Non
3395 4765 3540 4817 enim

1976 4860 2202 4917 subdole
2239 4872 2332 4916 aut
2359 4862 2610 4918 simulate
2633 4905 2649 4930 ,
2697 4862 2788 4918 sed
2824 4876 2949 4917 vere
2983 4867 3126 4917 totos
3175 4858 3386 4929 seipsos
3426 4857 3544 4928 spei

1975 4953 2328 5016 dediderant)
2385 4970 2493 5008 non
2539 4955 2712 5010 solum
2772 4952 2839 5008 de
2891 4967 2990 5008 sua
3041 4950 3260 5021 regione
3314 4946 3544 5020 profeCti

1976 5046 2102 5111 sint,
2139 5061 2324 5101 verum
2367 5045 2418 5100 id
2455 5045 2600 5116 quod
2631 5045 2764 5116 ipsis
2816 5044 3150 5115 propositum
3187 5041 3401 5107 fuerat,
3449 5039 3550 5096 ab-

1975 5138 2118 5192 unde
2147 5138 2495 5208 perfecerint,
2524 5155 2590 5193 an
2616 5153 2746 5193 non.
2780 5136 2980 5205 Nempe
3002 5136 3106 5191 hoc
3138 5135 3315 5206 ipsum
3349 5148 3545 5188 rursus

1976 5229 2028 5285 id
2060 5230 2230 5286 fuisse
2271 5229 2537 5295 invenies,
2568 5228 2713 5300 quod
2762 5227 3009 5282 relictum
3045 5234 3128 5282 est
3155 5227 3312 5298 quasi
3357 5240 3547 5280 semen

1975 5322 2149 5378 ruina
2172 5319 2342 5378 Jacob
2369 5362 2385 5388 ,
2444 5323 2500 5376 in
2533 5321 2642 5375 Deo
2678 5316 2802 5374 forti
2845 5318 3122 5374 confidens
3150 5338 3163 5374 :
3226 5326 3386 5389 atque
3417 5317 3545 5371 item

1973 5414 2078 5470 hoc
2129 5413 2304 5485 ipsum
2354 5414 2621 5468 universa:
2669 5411 2788 5480 ejus
2838 5410 3015 5478 gentis
3059 5409 3335 5466 residuum
3395 5410 3549 5478 (qua

1976 5507 2192 5578 quidem
2223 5522 2356 5577 gens
2385 5524 2403 5556 ε
2426 5504 2586 5560 fuerit
2605 5502 2758 5575 quasi
2780 5516 2946 5557 arena
2969 5503 3160 5567 maris,
3200 5521 3218 5555 ι
3253 5515 3363 5555 non
3388 5498 3546 5573 quasi
3602 5518 3606 5524 η

1978 5600 2145 5656 stella:
2176 5599 2321 5671 cteli)
2348 5599 2572 5670 dignum
2619 5594 2864 5652 habitum
2892 5610 3034 5663 esse,
3061 5594 3150 5652 cui
3198 5593 3346 5649 salus
3375 5607 3406 5646 a
3440 5589 3554 5644 Deo

1956 5777 2000 5809 "
2042 5775 2144 5831 lsa.
2179 5791 2251 5840 iv,
2277 5775 2329 5830 5.
