4056 6418
506 324 611 381 145

1139 320 1406 379 EUSEBII
1438 318 1922 376 CAESARIENSlS
1957 317 2107 374 OPP.
2149 315 2331 372 PARS
2366 315 2431 370 11.
2469 347 2538 357 -
2578 315 3081 373 APOLOCETICA.

3661 316 3763 372 ιιι

499 440 927 504 condonaretur,
978 438 1121 494 sicut
1161 438 1392 494 allirmat
1436 438 1768 511 Apostolus,
1821 437 1912 492 ubi
1952 437 2074 491 ait:

2181 431 2266 509 ᾗό
2291 432 2521 506 ἀριθμὸς
2556 432 2665 485 τῶν
2715 431 2845 485 υἰῶν
2904 430 3119 504 Ἰσραὴλ
3150 430 3227 494 ὼς
3258 430 3291 502 ὴ
3322 429 3506 500 ἄμμος
3541 426 3642 498 τῆς
3671 426 3767 482 θα-

505 548 527 589 ι
566 530 737 587 Isaias
770 540 950 586 autem
979 531 1179 585 clamat
1203 546 1301 602 pro
1332 530 1520 595 Israel,
1546 530 1592 585 si
1625 529 1789 584 fuerit
1816 542 2082 583 numerus

499 621 735 677 ﬁliorum
758 621 921 677 Israel
952 621 1091 678 sicut
1118 636 1281 676 arena
1311 621 1498 682 maris,
1521 621 1763 692 reliquiae
1779 619 1941 675 salva:
1957 619 2083 676 ﬁent

499 711 569 768 ⁸⁸.
614 733 632 765 ι
670 710 805 767 Nam
832 728 957 768 cum
995 713 1103 768 duo
1132 713 1241 768 sint
1285 726 1407 783 qua:
1429 711 1664 767 Abrahae
1689 710 1832 767 Deus
1855 726 2083 783 respon-

500 805 637 861 dens
663 804 911 876 promisit
931 803 999 859 de
1035 803 1122 869 iis,
1144 804 1237 874 qui
1273 803 1457 857 abillo
1487 803 1684 857 oritnri
1713 810 1889 862 erant.
1913 816 2082 857 unum

499 898 720 967 quidem
743 896 888 968 quod
910 895 1077 951 futuri
1104 908 1290 951 essent
1315 895 1458 951 sicut
1481 896 1651 951 stellae
1679 894 1826 961 cceli,
1852 894 2080 950 alterum

500 1004 633 1045 vero
661 988 806 1059 quod
842 995 1101 1057 tanquam
1127 1001 1292 1042 arena
1322 985 1491 1040 maris
1510 1026 1525 1050 ,
1566 985 1659 1040 Dei
1694 984 1915 1056 quidem
1946 985 2083 1039 ami-

503 1080 577 1145 ci,
614 1081 801 1150 quales
825 1080 1045 1135 fuerunt
1078 1080 1155 1134 illi
1181 1088 1415 1142 veteres,
1448 1088 1501 1134 et
1549 1079 1847 1149 prophetae,
1873 1087 1928 1134 et
1960 1075 2081 1132 Sal-

503 1171 706 1226 vatoris
737 1170 909 1226 nostri
937 1170 1167 1241 apostoli
1196 1211 1210 1235 ,
1263 1168 1465 1239 quibus
1505 1169 1625 1238 ipse
1658 1169 1788 1223 illud
1834 1169 2083 1225 testimo-

502 1263 652 1316 nium
683 1262 947 1327 exhibuit,
988 1279 1006 1312 ι
1047 1276 1143 1316 vos
1171 1261 1307 1316 estis
1360 1261 1451 1314 lux
1478 1260 1666 1315 mundi
1705 1258 1773 1327 ",
1808 1279 1827 1313 ι
1862 1259 2083 1314 lumini-

502 1355 606 1412 bus
635 1355 955 1411 ctelestlbus
990 1355 1109 1424 ipso
1146 1354 1437 1424 splendore
1488 1361 1918 1424 comparantur:
1952 1353 2081 1409 reli-

500 1450 593 1521 qui
623 1462 774 1515 vero,
800 1448 1001 1502 terreni
1051 1447 1301 1514 scilicet,
1352 1455 1517 1518 atque
1571 1447 1624 1501 in
1682 1445 1907 1501 humum
1957 1459 2083 1515 spe-

500 1548 734 1607 ctantes,
766 1553 944 1594 arena:
994 1538 1204 1594 similes
1250 1540 1538 1595 habentur.
1608 1537 1843 1594 Proinde
1887 1538 2080 1593 merito

506 1634 596 1689 ubi
622 1641 732 1687 tota
759 1630 1050 1686 multitudo
1084 1630 1318 1686 ﬁliorum
1355 1629 1554 1692 Israel,
1592 1643 1714 1699 qua:
1743 1643 1773 1683 a
1818 1627 2082 1701 dignitate

504 1740 602 1782 sua
633 1722 742 1797 74
771 1732 827 1779 et
876 1737 904 1777 a
941 1722 1158 1778 virtutis
1211 1720 1616 1794 magniﬁcentia
1672 1734 1865 1776 casura
1919 1728 2076 1783 erat,

2183 530 2411 600 λάσσης,
2459 528 2521 580 τὸ
2573 527 2923 598 κατάλειμμα
2972 525 3295 598 σωθήσεται.
3348 544 3366 577 ι
3397 524 3501 578 Δύο
3549 525 3659 594 γάρ
3682 539 3768 578 τοι

2183 619 2522 690 ἐπαγγελιῶν
2559 618 2649 673 διὰ
2692 617 2786 672 τοῦ
2812 616 3061 689 χρησμοῦ
3088 615 3165 688 τῷ
3197 614 3448 687 ’Δσραάμ
3470 611 3766 687 δεδομένων

2185 714 2313 784 περὶ
2333 712 2441 765 τῶν
2468 711 2526 779 ἐξ
2547 711 2710 765 αὑτοῦ
2735 710 3132 782 γενησομένων,
3153 708 3228 773 ὡς
3253 708 3360 780 ἀρα
3392 707 3604 762 ἔσονται
3625 704 3770 762 κατά

2182 804 2251 858 τά
2288 804 2463 876 ἄστρα
2493 803 2588 858 τοῦ
2614 802 2867 877 οὐρανοῦ,
2907 802 3005 857 καὶ
3034 799 3178 855 κατά
3202 801 3302 874 τὴν
3331 801 3515 873 ἄμμον
3542 800 3645 871 τῆς
3670 798 3767 853 θαρ-

2183 894 2409 966 λάσσης,
2443 894 2553 949 τῶν
2602 896 2699 967 μὲν
2745 893 3009 964 θεοφιλῶν
3060 892 3385 964 λαμπόντων
3424 892 3627 964 ὁμοίως
3652 893 3767 955 τοῖς

2182 984 2452 1057 οὐρανίοις
2488 984 2820 1058 φωστῆρσιν,
2867 977 2973 1038 οἷοι
3026 978 3169 1055 ἦσαν
3202 984 3251 1037 οἰ
3275 982 3443 1037 πάλαι
3467 982 3764 1055 προφῆται,

2182 1078 2349 1131 καἰοὶ
2381 1075 2476 1131 τοῦ
2510 1078 2763 1150 Σωτῆρος
2792 1077 2948 1149 ἡμῶν
2970 1077 3280 1141 ἀπόστολοι,
3339 1072 3422 1141 οἷς
3447 1076 3765 1149 ἐμαρτύρη-

2185 1186 2275 1224 σεν
2304 1168 2493 1223 εἰπών’
2526 1188 2545 1221 ι
2583 1170 2777 1241 Ὑμεῖς
2798 1171 2919 1223 ἐστὲ
2941 1170 3002 1222 τὸ
3026 1168 3141 1239 φῶς
3168 1168 3263 1222 τοῦ
3284 1168 3511 1240 κόσμου’
3542 1186 3561 1219 ι
3581 1165 3690 1221 τῶν
3707 1167 3765 1220 δέ

2181 1260 2430 1331 γηγενῶν
2474 1262 2571 1315 καὶ⁸
2609 1261 2967 1332 χαμαιπετῶν
3010 1263 3179 1333 ἄμμῳ
3206 1261 3309 1331 γῆς
3343 1258 3766 1332 παραϐαλλομέ-

2182 1368 2307 1406 νωνο
2344 1353 2567 1418 εἰκότως
2596 1355 2657 1407 ἐν
2681 1354 2889 1418 τούτοις
2910 1354 2938 1405 ὀ
2978 1354 3312 1426 προφητικὸς
3335 1353 3512 1423 λόγος,
3536 1352 3675 1406 ἐπὰν
3705 1349 3769 1405 τδ

2183 1444 2292 1497 πᾶν
2340 1446 2545 1517 πλῆθος
2592 1446 2700 1499 τῶν
2742 1445 2873 1500 υἰῶν
2939 1446 3157 1519 Ἰσραὴλ
3200 1446 3603 1518 ἐκπεσούμενον
3667 1444 3768 1517 τῆς

2182 1537 2340 1604 ἀξίας
2363 1540 2457 1593 καὶ
2483 1537 2579 1593 τοῦ
2622 1537 2998 1609 μεγαλοφυοῦς
3025 1540 3124 1609 τῆς
3155 1539 3374 1611 ἀρετῆς,
3404 1538 3525 1592 ὅλον
3552 1538 3618 1591 δι’
3642 1537 3768 1591 ὅλου

2182 1632 2515 1703 χαμαιπετὲς
2557 1630 2845 1701 γενόμενον
2889 1628 3213 1702 παραϐληθῇ
3240 1632 3307 1702 τῇ
3334 1630 3503 1702 ἄμμῳ
3539 1630 3639 1702 τῆς
3667 1628 3768 1683 0a-

2182 1722 2406 1795 λάσσης,
2437 1722 2555 1776 τότε
2579 1721 2643 1793 δὴ
2672 1718 2734 1775 τὸ
2765 1721 3115 1793 κατάλειμμα
3139 1720 3318 1774 αὐτῶν
3351 1723 3509 1792 μόνον
3535 1719 3771 1793 σωθήσε-

503 1817 864 1888 undecunque
907 1823 1160 1885 spectans
1203 1814 1259 1868 in
1289 1821 1519 1878 terram,
1574 1820 1637 1867 ut
1667 1825 1850 1868 sermo
1884 1810 1954 1867 de
2002 1811 2079 1867 his

2187 1831 2299 1881 ται,
2331 1814 2461 1887 περί
2496 1809 2557 1869 οῦ
2592 1813 3033 1885 καταλείμματος
3068 1811 3295 1867 πλεῖστα
3333 1815 3466 1885 ἡμῖν
3484 1812 3767 1883 γεγύμνα-

502 1910 852 1983 propheticus
898 1908 1080 1973 habet,
1111 1921 1289 1962 arenas
1318 1906 1486 1961 maris
1527 1911 1842 1975 comparata
1873 1903 2035 1958 fuerit
2061 1922 2074 1958 :

502 2014 616 2058 tum
645 2002 898 2059 videlicet
941 2015 1130 2056 eorum
1161 1999 1404 2069 reliquiae
1432 1998 1699 2053 duntaxat
1731 1996 1893 2052 salv:e
1929 1995 2077 2061 ﬁent,

501 2097 569 2151 de
589 2096 789 2167 quibus
816 2107 947 2149 sane
975 2092 1222 2163 reliquiis
1246 2092 1540 2161 plurimum
1577 2097 1662 2145 est
1705 2104 1736 2141 a
1767 2089 1925 2143 nobis
1967 2088 2076 2143 ela-

501 2186 747 2240 boratum
781 2203 794 2239 :
836 2190 1000 2254 atque
1024 2181 1137 2235 haec
1172 2181 1353 2235 futura
1378 2195 1500 2235 esse
1526 2178 1679 2243 dicit,
1714 2179 1807 2234 ubi
1839 2179 1955 2250 ipse
1976 2178 2082 2232 Do-

500 2277 682 2331 minus
702 2272 1035 2330 contraheus
1084 2279 1139 2327 et
1166 2270 1453 2341 perﬁciens
1472 2309 1488 2333 ,
1528 2268 1746 2324 verbum
1776 2282 1874 2338 per
1904 2273 2079 2321 totum

501 2377 770 2423 terrarum
815 2365 1005 2419 orbem
1061 2363 1277 2425 fecerit,
1323 2362 1406 2417 sic
1463 2362 1650 2432 utique
1701 2358 2078 2430 Evangelicam

500 2458 942 2529 praedicationem
968 2456 1257 2526 perspicue
1289 2452 1603 2524 signiﬁcans
1623 2493 1639 2517 ,
1693 2452 1748 2507 in
1779 2466 1886 2523 qua
1929 2450 2077 2506 omni

504 2548 741 2604 Mosaico
768 2546 971 2600 ambitu
1000 2545 1235 2605 sublato.
1268 2545 1361 2615 qui
1414 2542 1775 2613 imaginibus,
1800 2553 1851 2598 et
1880 2543 2074 2612 signis,

498 2644 557 2694 et
594 2635 971 2707 corporalibus
1026 2633 1435 2691 adorationibus
1503 2635 1825 2697 constabat,
1880 2634 2145 2690 brevitate

496 2732 781 2794 emissum,
823 2728 1124 2800 pr0phetiae
1151 2730 1437 2783 veritatem
1469 2728 1866 2799 comprobavit.

573 2844 709 2900 XLI.
751 2844 817 2899 Et
847 2844 950 2900 erit
982 2845 1037 2899 in
1059 2844 1147 2899 die
1175 2844 1287 2909 illa,
1320 2844 1472 2899 radix
1496 2841 1671 2908 Iesse,
1695 2852 1751 2900 et
1775 2843 1868 2914 qui
1896 2850 2080 2915 surget

503 2936 772 3006 imperare
800 2934 1053 3006 gentibus
1072 2974 1088 2999 ,
1132 2933 1187 2988 in
1214 2949 1281 2989 eo
1306 2943 1496 3005 gentes
1527 2934 1827 3005 sperabunt
1851 2953 1865 2989 :
1896 2944 1949 2989 et
1975 2934 2081 2989 erit

502 3028 720 3098 requies
749 3027 803 3082 in
832 3026 1061 3082 honore.
1084 3023 1151 3078 Et
1174 3025 1278 3080 erit
1303 3024 1357 3079 in
1384 3025 1472 3081 die
1500 3025 1615 3089 illa,
1650 3025 1868 3097 adjiciet
1890 3025 2077 3083 Domi-

500 3125 607 3176 nus
658 3121 1033 3175 demonstrare
1075 3133 1296 3173 manum
1329 3132 1483 3173 suam
1509 3118 1576 3173 ad
1610 3119 1997 3185 aemulandum,
2025 3129 2079 3177 et

501 3210 852 3283 quaerendum
876 3209 1023 3281 quod
1055 3210 1380 3266 remanserit
1435 3211 1705 3282 reliquum
1737 3212 1923 3283 populi
1962 3214 2079 3279 sui,

501 3304 867 3376 quodcunque
913 3304 1161 3358 relictum
1228 3303 1392 3359 fuerit
1450 3304 1518 3358 ab
1574 3304 1857 3377 Assyriis,
1902 3313 1957 3362 et
2014 3306 2084 3362 ab

502 3396 761 3468 Egypto,
796 3406 853 3452 et
878 3412 909 3450 a
942 3394 1261 3468 Babylonia,
1289 3404 1343 3452 et
1365 3397 1434 3452 ab
1456 3396 1755 3469 Ethiopia,
1786 3408 1840 3454 et
1870 3399 1939 3454 ab
1969 3398 2085 3454 Ela-

501 3488 671 3552 tnitis,
703 3497 755 3544 et
786 3503 818 3543 a
852 3488 985 3545 solis
1017 3499 1171 3555 ortu,
1216 3497 1269 3545 et
1305 3489 1374 3544 ab
1405 3489 1603 3546 insulis
1635 3490 1803 3546 maris
1832 3509 1844 3545 :
1878 3498 1934 3546 et
1982 3506 2080 3546 ex-

500 3579 655 3635 tollet
678 3580 893 3651 signum
924 3580 976 3635 in
1012 3592 1235 3651 gentes,
1283 3589 1338 3635 et
1366 3581 1645 3652 dispersos
1670 3580 1810 3637 Juda
1855 3594 2083 3654 congre-

501 3672 649 3741 gahit
684 3686 714 3725 a
743 3682 979 3743 quatuor
1007 3671 1109 3727 alis
1136 3682 1295 3728 terra:
1317 3670 1384 3727 ⁸⁸.
1435 3694 1453 3726 ι
1488 3673 1624 3729 Cum
1663 3689 1805 3745 saepe
1830 3674 2078 3745 quaedam

501 3766 685 3818 futura
711 3763 964 3818 dicantur
993 3763 1049 3818 in
1071 3764 1305 3834 quodam
1337 3764 1539 3836 insigni
1569 3766 1678 3831 die,
1721 3766 1825 3820 hoc
1858 3774 1961 3834 est,
1988 3767 2079 3822 ubi

503 3851 851 3908 manifestum
881 3863 1095 3925 tempus
1140 3854 1449 3922 advenerit,
1506 3871 1610 3912 nos
1664 3857 2080 3915 ratiocinatione

500 3946 840 4018 colligentes,
875 3962 1065 4002 earum
1110 3962 1292 4001 rerum
1348 3962 1468 4016 quae
1497 3948 1913 4019 signiﬁcentur,
1963 3952 2079 4006 exi-

500 4050 613 4093 tum
646 4039 699 4092 in
730 4040 906 4108 ipsum
951 4038 1043 4093 Dei
1069 4038 1360 4093 adventum
1402 4039 1647 4095 recidere
1678 4040 2079 4098 demonstravi-

501 4147 624 4186 mus
656 4151 667 4185 :
704 4131 759 4183 in
792 4145 902 4201 quo
930 4145 1056 4185 cum
1085 4129 1265 4185 omnis
1305 4128 1532 4185 Judaica
1582 4146 1715 4203 gens
1744 4146 1941 4187 casura
1988 4149 2078 4189 es-

500 4230 603 4286 set,
639 4236 843 4291 paucos
864 4220 1130 4291 quosdam
1168 4231 1442 4277 servatum
1476 4222 1567 4288 iri,
1617 4223 1711 4294 qui
1747 4239 1810 4279 ex
1849 4225 1956 4281 illis
1989 4241 2078 4280 re-

499 4314 785 4386 linquendi
816 4324 971 4369 erant
998 4352 1014 4380 ,
1066 4313 1250 4369 divina
1279 4315 1575 4370 ostendunt
1611 4317 1854 4370 oracula.
1908 4318 1958 4373 ls
1990 4326 2074 4373 ta-

499 4422 622 4465 men
651 4409 826 4470 locus,
856 4407 947 4478 qui
976 4421 1121 4462 nunc
1151 4407 1204 4462 in
1222 4407 1473 4463 manibus
1501 4415 1603 4472 est,
1629 4417 1684 4464 et
1709 4410 1882 4479 ipsam
1906 4410 2072 4476 diem,

2184 1918 2326 1957 σται.
2357 1901 2541 1957 Ταῦτα
2577 1901 2635 1956 δέ
2663 1919 2828 1973 φησιν
2881 1900 3122 1965 ἔσεσθαι,
3161 1901 3300 1955 ἐπὰν
3324 1902 3487 1967 αὐτὸς
3513 1905 3543 1959 ό
3564 1901 3770 1977 Κύριος

2183 1994 2491 2065 συντέμνων
2520 1996 2614 2049 καὶ
2640 1980 2927 2059 συντελῶν,
2956 1994 3112 2063 λόγον
3142 1994 3263 2048 καθ’
3290 1994 3420 2069 ὅλης
3454 1994 3555 2067 τῆς
3590 1999 3771 2051 οἰκου-

2187 2086 2353 2159 μένης
2376 2088 2611 2159 ποιήσει,
2634 2086 2879 2159 ἐναργῶς
2901 2087 2963 2140 τὸ
2991 2086 3346 2157 εὐαγγελικδν
3380 2087 3650 2160 παριστὰς
3678 2089 3773 2161 κή-

2188 2192 2393 2247 ρυγμα,
2422 2177 2479 2229 ἐν
2502 2170 2568 2245 ᾧ,
2590 2178 2772 2247 πάσης
2790 2176 2893 2248 τῆς
2917 2175 3061 2230 κατὰ
3091 2177 3299 2232 Μωσέα
3324 2175 3575 2249 περιόδου
3614 2178 3674 2230 ἐν
3693 2178 3772 2230 εἰ·

2187 2265 2305 2320 κόσι
2334 2267 2426 2319 καὶ
2469 2267 2757 2339 συμϐόλοις
2796 2267 2891 2322 καί
2933 2272 3271 2339 σωματικαῖς
3316 2268 3633 2341 θρησκείαις
3674 2283 3771 2321 πε-

2189 2359 2574 2432 ριαιρεθείσης,
2622 2362 2652 2414 ό
2682 2360 2944 2432 σύντομος
2980 2360 3074 2413 τοῦ
3114 2360 3446 2431 Εὑαγγελίου
3475 2360 3652 2430 λόγος.
3688 2363 3773 2425 εἰς

2186 2451 2395 2515 πάντας
2429 2450 2748 2521 ἀνθρώπους
2784 2450 3132 2522 παραδοθεὶς,
3161 2452 3261 2522 τῆς
3300 2452 3639 2523 προφητείας
3667 2452 3773 2523 τὴν

2185 2543 2437 2615 ἀλήθειαν
2468 2543 2820 2599 ἐπιστώσατο.

2196 2636 2483 2707 praeditum
2544 2636 2821 2709 Evangelii
2870 2638 3101 2694 verbum
3163 2637 3219 2691 in
3272 2652 3463 2694 omnes
3520 2637 3772 2696 homines

2256 2841 2389 2897 MA'.
2432 2861 2452 2893 ι
2499 2843 2608 2896 Kat
2634 2843 2788 2897 ἔσται
2825 2845 2884 2898 ἐν
2920 2848 2987 2919 τῇ
3027 2846 3211 2918 ἡμέρα
3242 2847 3485 2921 ἐκείνῃὴ
3520 2845 3649 2917 ῥίζα
3672 2848 3768 2902 τοῦ

2197 2933 2413 2998 Ἰεσσαὶ,
2441 2937 2534 2989 καὶ
2563 2937 2591 2989 ό
2618 2938 2974 3010 ἀνιστάμενος
3014 2940 3201 3013 ἄρχειν
3240 2941 3432 3005 ἐθνῶν,
3480 2943 3565 2995 ἐπ’
3616 2943 3770 3015 αὐτῷ

2183 3008 2311 3098 ἔθνη
2355 3026 2651 3095 ἐλπιοῦσιν,
2696 3030 2792 3085 καὶ
2818 3008 2979 3086 ⁷ἔσται
3012 3008 3381 3105 ήνάνάπαυσις
3413 3033 3577 3088 αὐτοῦ
3604 3008 3764 3108 τιμή..

2107 3166 2151 3226 C
2182 3118 2294 3172 Καὶ
2320 3118 2471 3172 ἐσται
2502 3121 2559 3174 ἐν
2591 3123 2656 3192 τῇ
2683 3122 2864 3195 ἡμέρᾳ
2888 3124 3090 3196 ἐκείνῃ,
3115 3124 3411 3200 προσθήσει
3446 3126 3646 3200 Κύριος
3669 3127 3767 3182 τοῦ

2184 3211 2355 3280 δεῖξαι
2376 3212 2475 3285 τὴν
2504 3217 2663 3287 χεῖρα
2693 3214 2880 3282 αὐτοῦ,
2914 3216 3006 3270 τοῦ
3042 3216 3283 3289 ζηλῶσαι
3324 3221 3419 3275 καὶ
3448 3220 3682 3293 ζητῆσαι
3706 3220 3772 3277 τδ

2186 3305 2541 3376 καταλειφθὲν
2586 3307 2874 3362 ὑπόλοιπον
2916 3309 3007 3362 τοῦ
3056 3309 3186 3364 λαοῦ
3229 3309 3416 3376 αὐτοῦ,
3444 3310 3473 3365 ὃ
3500 3312 3566 3366 ἂν
3599 3329 3773 3367 κατα-

2184 3396 2372 3469 λειφθῇ
2404 3397 2509 3451 ὑπὺ
2547 3397 2656 3451 τῶν
2713 3399 3032 3473 Ἀσσυρίων,
3064 3402 3158 3456 καὶ
3191 3402 3300 3456 ἀπὸ
3328 3402 3629 3474 Αἰγύπτου,
3669 3407 3769 3462 καὶ

2183 3488 2291 3542 ἀπὸ
2310 3489 2674 3555 Βαϐυλωνίας,
2711 3490 2805 3544 καὶ
2838 3492 2946 3545 ἀπὸ
2977 3492 3283 3559 Αἰθιοπίας,
3309 3496 3400 3551 καὶ
3437 3496 3764 3569 Ἐλαμιτῶν,

2183 3584 2276 3636 καὶ
2298 3583 2404 3637 ἀπὸ
2430 3584 2581 3656 ήλίου
2608 3584 2900 3649 ἀνατολῶν,
2928 3574 3023 3640 καὶ
3049 3587 3158 3642 ἀπὸ
3188 3588 3296 3642 τῶν
3319 3591 3496 3662 νήσων
3527 3591 3629 3662 τῆς
3670 3591 3767 3645 θα-

2182 3672 2406 3743 λάσσης·
2429 3676 2522 3727 καὶ
2548 3675 2672 3745 ἀρεῖ
2698 3679 2921 3747 σημεῖον
2958 3679 3039 3742 εἰς
3073 3678 3141 3732 τὰ
3191 3679 3340 3752 ἔθνη,
3377 3683 3471 3735 καὶ
3515 3682 3643 3746 τοὺς
3680 3681 3765 3735 διο

2182 3765 2556 3838 εσπαρμένους
2596 3767 2764 3823 Ἰούδα
2790 3768 3002 3836 συνάξει
3028 3771 3092 3825 ἐκ
3114 3772 3223 3826 τῶν
3257 3775 3539 3848 τεσσάρων
3570 3773 3767 3847 πτερύ-

2181 3876 2291 3929 γων
2322 3861 2420 3931 τῆς
2453 3861 2577 3931 γῆς.
2610 3862 2875 3926 Πολλάκις
2894 3864 3056 3918 τινῶν
3085 3865 3392 3939 λεγομένων
3432 3867 3653 3922 ἔσεσθαι
3702 3869 3763 3924 ἐν

2180 3951 2433 4023 ἐπισήμῳ
2479 3953 2679 4025 ἡμέρᾳ,
2721 3955 2997 4008 τουτέστιν
3035 3959 3094 4009 ἐν
3122 3958 3410 4030 ἐπιφανείᾳ
3433 3960 3649 4032 χρόνον,
3673 3961 3764 4018 λο-

2178 4042 2362 4114 γισμῷ
2396 4046 2718 4114 συνάγοντες
2756 4047 2856 4119 τὴν
2895 4048 3005 4101 τῶν
3036 4048 3377 4121 δηλουμένων
3416 4052 3761 4125 ἀκολουθίαν,

2179 4135 2273 4187 ἐπὶ
2298 4134 2395 4207 τὴν
2431 4136 2526 4190 τοῦ
2563 4135 2700 4191 Θεοῦ
2738 4139 3039 4211 παρουσίαν
3072 4141 3437 4216 ἀναφέρεσθαι
3469 4144 3759 4212 ἀπεδείξα-

2183 4245 2301 4299 μεν,
2336 4229 2457 4283 καθ’
2486 4230 2553 4301 ἢν
2584 4230 2676 4283 τοῦ
2704 4230 2903 4295 παντὸς
2951 4231 3217 4287 Ἰουδαίων
3237 4234 3422 4302 ἔθνους
3455 4238 3764 4293 ἀποπεσου·

2182 4321 2362 4391 μένου,
2402 4322 2657 4385 σπανίους
2684 4323 2834 4387 τινας
2856 4323 3193 4395 σωθήσεσθαι
3216 4327 3345 4391 τοὺς
3364 4328 3423 4397 ἐξ
3448 4329 3626 4383 αὐτῶν
3660 4348 3763 4385 κα-

2178 4412 2705 4485 ταλειφθησομένους
2734 4415 2783 4466 οἱ
2828 4413 2959 4468 θεῖοι
2996 4415 3212 4487 δηλοῦσι
3241 4418 3407 4488 λόγοι.
3452 4417 3528 4475 Ἢ
3553 4438 3618 4492 γε
3649 4424 3759 4497 μὴν

499 4510 553 4555 et
587 4500 730 4570 quod
767 4516 860 4573 per
888 4515 1008 4553 eam
1040 4498 1378 4570 signiﬁcatur
1405 4508 1639 4569 tempus,
1674 4509 1727 4555 et
1749 4517 1871 4572 qua:
1904 4503 1960 4557 in
2009 4519 2075 4559 eo

2184 4505 2321 4575 μετά
2338 4507 2526 4577 χεῖρας
2550 4503 2695 4573 λέξις
2717 4506 2809 4559 καὶ
2830 4506 2929 4578 τὴν
2958 4508 3191 4580 ἡμέραν,
3211 4513 3306 4566 καί
3326 4511 3419 4567 τὸν
3440 4513 3527 4568 διά
3554 4515 3760 4585 ταύτης
3810 4508 3815 4513 ”

498 4603 758 4649 eventura
784 4599 987 4657 essent,
1014 4591 1329 4663 planissime
1358 4590 1695 4647 demonstrat
1724 4611 1737 4647 :
1779 4609 1904 4648 cum
1931 4595 2073 4650 enim

499 4695 660 4741 canat
685 4700 751 4739 ex
782 4684 990 4739 semine
1032 4682 1200 4737 David
1229 4681 1472 4737 futurum
1504 4684 1710 4741 Christi
1733 4693 2073 4751 ortum,cum

499 4794 564 4834 eo
589 4775 1075 4832 simulJudzeorum
1109 4776 1234 4829 item
1270 4775 1483 4830 ruinam
1509 4777 1791 4845 prmdicit;
1822 4777 1956 4833 dicit
1977 4794 2072 4832 au-

502 4878 609 4923 tem
638 4870 717 4925 sic
742 4890 754 4924 :
790 4889 807 4921 ‹
852 4866 993 4925 Ecce
1016 4866 1325 4921 dominator
1355 4866 1621 4926 Dominus
1658 4869 1918 4936 Sabaoth,
1938 4887 2072 4927 con-

506 4962 743 5037 turbabit
773 4961 1043 5031 gloriosos
1077 4974 1202 5014 cum
1233 4961 1460 5025 robore,
1491 4970 1544 5017 et
1586 4963 1785 5017 excelsi
1816 4961 2071 5018 humilia-

504 5054 728 5115 buntur,
761 5062 813 5107 ct
843 5053 1038 5113 cadent
1074 5050 1272 5108 excelsi
1333 5053 1540 5123 gladio,
1588 5065 1642 5108 et
1679 5052 1919 5111 Libanus
1951 5069 2075 5109 cum

503 5146 736 5202 excelsis
764 5145 918 5199 cadet
949 5146 1013 5199 “.
1057 5166 1074 5196 ›
1107 5144 1277 5200 Porro
1313 5146 1400 5199 hic
1429 5145 1698 5201 Libanum
1729 5148 1902 5216 ipsam
1952 5143 2075 5201 Hie-

498 5238 736 5293 rusalem
771 5236 997 5310 intelligi
1033 5238 1180 5306 vult,
1233 5240 1373 5295 sicut
1422 5240 1476 5292 in
1519 5238 1644 5294 aliis
1673 5240 2073 5296 demonstravi-

498 5345 661 5386 mus:
698 5345 860 5401 quam
894 5345 1018 5385 cum
1046 5330 1301 5387 omnibus
1336 5332 1451 5387 suis
1493 5331 1714 5396 fastum,
1749 5340 1803 5387 et
1850 5347 2076 5388 venera-

500 5421 698 5477 tionem
724 5439 834 5495 ιιι-αξ
860 5438 918 5480 se
943 5424 1260 5491 ferentibus,
1293 5431 1346 5481 et
1368 5423 1622 5495 gloriosis
1649 5439 1935 5489 casuram,
1985 5424 2074 5482 hic

500 5513 778 5584 propheta:
829 5512 987 5569 locus
1040 5516 1277 5569 minatur
1310 5535 1321 5570 :
1352 5516 1444 5585 qui
1489 5515 1706 5585 quidem
1742 5516 1832 5571 ubi
1889 5518 2069 5586 priora

499 5602 590 5659 illa
620 5607 947 5677 explicavit,
998 5607 1110 5662 han:
1145 5608 1403 5676 deinceps
1432 5607 1712 5677 adjnngit;
1748 5626 1765 5657 ι
1802 5606 1867 5661 Et
1915 5624 2069 5679 egre-

2184 4597 2579 4668 σημαινόμενον
2615 4597 2824 4669 χρόνον,
2850 4598 2945 4652 καὶ
2966 4598 3036 4653 τά
3062 4601 3154 4655 ἐπὶ
3175 4602 3347 4675 τούτῳ
3376 4588 3760 4680 συμϐεσηκὸτα

2182 4687 2479 4764 λευκότατα
2512 4691 2829 4763 παρίστησι·
2866 4691 3194 4759 θεσπίζουσα
3226 4697 3333 4770 γὰρ
3358 4697 3456 4769 τὴν
3490 4701 3554 4753 ἐκ
3587 4701 3758 4773 σπέρ-

2184 4796 2351 4849 ματος
2379 4778 2472 4833 τοῦ
2506 4780 2670 4834 Δαδὶδ
2700 4784 3068 4856 γενησομένην
3100 4786 3194 4840 τοῦ
3234 4787 3472 4860 Χριστοῦ
3521 4791 3757 4860 γένεσιν,

2179 4868 2314 4941 ὁμοῦ
2344 4870 2437 4924 καὶ
2460 4869 2558 4941 τὴν
2603 4870 2868 4928 Ἰουδαίων
2891 4875 3207 4930 ἀπόπτωσιν
3246 4885 3641 4951 προαναφωνεῖ·
3681 4882 3762 4939 λέ·

2179 4980 2263 5032 γει
2287 4962 2342 5016 δὲ
2367 4962 2560 5029 οὕτως·
2593 4983 2611 5015 ι
2656 4964 2787 5020 Ἰδοὺ
2817 4966 2880 5041 δὴ
2913 4967 2942 5022 ὁ
2973 4970 3237 5044 δεσπότης
3274 4971 3477 5045 Κύριος
3508 4975 3757 5045 Σαϐαὼθ,

2183 5051 2506 5125 συνταράξει
2536 5054 2662 5119 τοὺς
2685 5055 2924 5123 ἐνδόξους
2961 5060 3099 5131 μετά
3129 5061 3341 5133 ἰσχύος,
3361 5066 3454 5119 καὶ
3487 5066 3536 5119 οἱ
3564 5065 3759 5139 ὑψηλοὶ

2178 5145 2690 5218 ταπεινωθήσονται,
2733 5151 2827 5204 καί⁸
2873 5153 3232 5208 πεσοῦνταιοί
3273 5156 3466 5228 ὑψηλοὶ
3490 5160 3755 5233 μαχαίρᾳ·

2176 5240 2206 5292 ὁ
2232 5238 2288 5292 δὲ
2316 5238 2550 5304 Λίϐανος
2595 5242 2694 5294 σὺν
2736 5247 2850 5308 τοῖς
2888 5243 3110 5316 ὑψηλοῖς
3155 5250 3416 5303 ⁴πεσεῖται.
3468 5269 3489 5303 ι
3526 5252 3756 5306 Λίόανον

2178 5329 2232 5383 δὲ
2256 5331 2488 5384 ἐνταῦθα
2522 5332 2620 5403 τὴν
2675 5335 3027 5408 Ἰερουσαλὴμ
3066 5339 3381 5406 αἰνίττεται,
3421 5343 3498 5407 ὡς
3538 5346 3597 5399 ἐν
3634 5347 3754 5401 ἐτέ-

2182 5441 2295 5495 ροις
2333 5425 2713 5497 ἀπεδείξαμεν·
2746 5430 2811 5498 ῆν
2842 5430 2977 5499 μετά
3006 5433 3222 5487 πάντων
3259 5435 3368 5490 τῶν
3403 5438 3462 5490 ἐν
3484 5438 3624 5511 αὐτῇ
3675 5457 3755 5494 σε·

2182 5518 2329 5587 μνῶν
2340 5519 2434 5572 καὶ
2452 5519 2675 5585 ἐνδόξων
2701 5521 2982 5576 πεσεῖσθαι
3001 5527 3028 5578 ὁ
3051 5525 3205 5592 λόγος
3223 5528 3454 5584 ἀπειλεῖ·
3471 5533 3564 5586 καί⁸
3582 5531 3754 5590 ταῦτά

2175 5625 2238 5678 γε
2262 5610 3246 5687 προανατεινάμενος,’ἐξῆςέπιλέγει-
3286 5640 3305 5673 ι
3344 5621 3451 5675 Καὶ
3474 5597 3753 5690 ἐξελεύῶ

569 5783 614 5816 ⁸³
649 5783 804 5839 Rom.
839 5800 913 5851 ix,
966 5784 1057 5839 ΕΠ.
1133 5785 1178 5816 ⁵⁸
1206 5781 1394 5838 Matth.
1419 5799 1477 5853 v,
1508 5782 1593 5838 14.
1672 5784 1715 5815 ⁵⁸
1751 5775 1872 5840 lsa.'
1900 5797 1955 5839 χι
2012 5782 2076 5837 10

2181 5824 2192 5838 .
2271 5781 2445 5839 "Isa.
2487 5800 2516 5839 χ
2571 5775 2757 5847 53,34
