  <div class='ocr_page' id='page_1' title='image "/cluster/home/n/w/nwhite01/storage/ocr_20150623/22/hvd.32044073501140/080.png"; bbox 0 0 4120 6420; ppageno 0'>
   <div class='ocr_carea' id='block_1_1' title="bbox 300 400 394 456">
    <p class='ocr_par' dir='ltr' id='par_1_1' title="bbox 300 400 394 456">
     <span class='ocr_line' id='line_1_1' title="bbox 300 400 394 456; baseline -0.011 0"><span class='ocrx_word' id='word_1_1' title='bbox 300 400 394 456; x_wconf 68' lang='grc' dir='ltr'><strong>με</strong></span> 
     </span>
    </p>
   </div>
   <div class='ocr_carea' id='block_1_2' title="bbox 1161 389 2583 452">
    <p class='ocr_par' dir='ltr' id='par_1_2' title="bbox 1161 389 2583 452">
     <span class='ocr_line' id='line_1_2' title="bbox 1161 389 2583 452; baseline -0.002 -3"><span class='ocrx_word' id='word_1_2' title='bbox 1161 392 1817 452; x_wconf 74' lang='lat' dir='ltr'><strong>DEMONSTRATIONIS</strong></span> <span class='ocrx_word' id='word_1_3' title='bbox 1853 389 2312 450; x_wconf 64' lang='lat' dir='ltr'><strong>EVANGELIC£</strong></span> <span class='ocrx_word' id='word_1_4' title='bbox 2349 390 2478 447; x_wconf 80' lang='lat' dir='ltr'><strong>LIB.</strong></span> <span class='ocrx_word' id='word_1_5' title='bbox 2522 389 2583 446; x_wconf 82' lang='lat' dir='ltr'><strong>li.</strong></span> 
     </span>
    </p>
   </div>
   <div class='ocr_carea' id='block_1_3' title="bbox 3408 388 3508 441">
    <p class='ocr_par' dir='ltr' id='par_1_3' title="bbox 3408 388 3508 441">
     <span class='ocr_line' id='line_1_3' title="bbox 3408 388 3508 441; baseline 0 0"><span class='ocrx_word' id='word_1_6' title='bbox 3408 388 3508 441; x_wconf 67' lang='grc' dir='ltr'><strong>ιω</strong></span> 
     </span>
    </p>
   </div>
   <div class='ocr_carea' id='block_1_4' title="bbox 293 503 1819 584">
    <p class='ocr_par' dir='ltr' id='par_1_4' title="bbox 293 509 1819 584">
     <span class='ocr_line' id='line_1_4' title="bbox 293 509 1819 584; baseline -0.002 -17"><span class='ocrx_word' id='word_1_7' title='bbox 293 529 374 569; x_wconf 76' lang='grc' dir='ltr'><strong>ται</strong></span> <span class='ocrx_word' id='word_1_8' title='bbox 401 509 590 581; x_wconf 76' lang='grc' dir='ltr'>ῥάϐδος</span> <span class='ocrx_word' id='word_1_9' title='bbox 624 513 692 565; x_wconf 87' lang='grc' dir='ltr'><strong>ἐκ</strong></span> <span class='ocrx_word' id='word_1_10' title='bbox 723 510 821 580; x_wconf 87' lang='grc' dir='ltr'><strong>τῆς</strong></span> <span class='ocrx_word' id='word_1_11' title='bbox 870 510 1025 583; x_wconf 72' lang='grc' dir='ltr'>ῥίζης</span> <span class='ocrx_word' id='word_1_12' title='bbox 1068 512 1283 575; x_wconf 72' lang='grc' dir='ltr'>Ἰεσσαὶ,</span> <span class='ocrx_word' id='word_1_13' title='bbox 1327 512 1419 566; x_wconf 73' lang='grc' dir='ltr'>καὶ</span> <span class='ocrx_word' id='word_1_14' title='bbox 1450 510 1608 577; x_wconf 77' lang='grc' dir='ltr'>ἄνθος</span> <span class='ocrx_word' id='word_1_15' title='bbox 1638 513 1704 567; x_wconf 87' lang='grc' dir='ltr'><strong>ἐκ</strong></span> <span class='ocrx_word' id='word_1_16' title='bbox 1742 512 1819 584; x_wconf 67' lang='grc' dir='ltr'><strong>τῆς</strong></span> 
     </span>
    </p>
   </div>
   <div class='ocr_carea' id='block_1_5' title="bbox 1918 503 3506 584">
    <p class='ocr_par' dir='ltr' id='par_1_5' title="bbox 1942 503 3506 580">
     <span class='ocr_line' id='line_1_5' title="bbox 1942 503 3506 580; baseline -0.004 -15"><span class='ocrx_word' id='word_1_17' title='bbox 1942 509 2122 565; x_wconf 90' lang='lat' dir='ltr'><strong>dietur</strong></span> <span class='ocrx_word' id='word_1_18' title='bbox 2146 508 2297 580; x_wconf 85' lang='lat' dir='ltr'><strong>virga</strong></span> <span class='ocrx_word' id='word_1_19' title='bbox 2311 506 2376 564; x_wconf 90' lang='lat' dir='ltr'><strong>de</strong></span> <span class='ocrx_word' id='word_1_20' title='bbox 2392 506 2574 575; x_wconf 82' lang='lat' dir='ltr'><strong>radice</strong></span> <span class='ocrx_word' id='word_1_21' title='bbox 2591 505 2765 573; x_wconf 77' lang='lat' dir='ltr'><strong>Iesse,</strong></span> <span class='ocrx_word' id='word_1_22' title='bbox 2784 507 2889 577; x_wconf 75' lang='lat'><strong>75</strong></span> <span class='ocrx_word' id='word_1_23' title='bbox 2914 516 2968 563; x_wconf 88' lang='lat' dir='ltr'><strong>et</strong></span> <span class='ocrx_word' id='word_1_24' title='bbox 2992 506 3089 563; x_wconf 81' lang='lat' dir='ltr'><strong>llos</strong></span> <span class='ocrx_word' id='word_1_25' title='bbox 3106 505 3171 561; x_wconf 88' lang='lat' dir='ltr'><strong>de</strong></span> <span class='ocrx_word' id='word_1_26' title='bbox 3189 504 3368 560; x_wconf 81' lang='lat' dir='ltr'><strong>radice</strong></span> <span class='ocrx_word' id='word_1_27' title='bbox 3383 503 3506 574; x_wconf 85' lang='lat' dir='ltr'><strong>ejus</strong></span> 
     </span>
    </p>
   </div>
   <div class='ocr_carea' id='block_1_6' title="bbox 289 601 1838 677">
    <p class='ocr_par' dir='ltr' id='par_1_6' title="bbox 289 601 1838 677">
     <span class='ocr_line' id='line_1_6' title="bbox 289 601 1838 677; baseline -0.001 -19"><span class='ocrx_word' id='word_1_28' title='bbox 289 602 430 677; x_wconf 77' lang='grc' dir='ltr'>ῥίζης</span> <span class='ocrx_word' id='word_1_29' title='bbox 464 601 626 657; x_wconf 76' lang='grc' dir='ltr'>αὐτοῦ</span> <span class='ocrx_word' id='word_1_30' title='bbox 665 602 1021 675; x_wconf 77' lang='grc' dir='ltr'>ἀναδήσεται,</span> <span class='ocrx_word' id='word_1_31' title='bbox 1064 623 1082 649; x_wconf 77' lang='grc' dir='ltr'><strong>ι</strong></span> <span class='ocrx_word' id='word_1_32' title='bbox 1112 602 1205 656; x_wconf 77' lang='grc' dir='ltr'>καὶ</span> <span class='ocrx_word' id='word_1_33' title='bbox 1233 602 1300 656; x_wconf 86' lang='grc' dir='ltr'>τὰ</span> <span class='ocrx_word' id='word_1_34' title='bbox 1331 601 1475 673; x_wconf 78' lang='grc' dir='ltr'>ἑξῆς.</span> <span class='ocrx_word' id='word_1_35' title='bbox 1517 602 1838 673; x_wconf 81' lang='grc' dir='ltr'>Σαφέστατα</span> 
     </span>
    </p>
   </div>
   <div class='ocr_carea' id='block_1_7' title="bbox 286 687 1835 769">
    <p class='ocr_par' dir='ltr' id='par_1_7' title="bbox 286 687 1835 769">
     <span class='ocr_line' id='line_1_7' title="bbox 286 687 1835 769; baseline -0.001 -21"><span class='ocrx_word' id='word_1_36' title='bbox 286 697 373 769; x_wconf 66' lang='grc' dir='ltr'>τήν</span> <span class='ocrx_word' id='word_1_37' title='bbox 397 699 458 748; x_wconf 88' lang='grc' dir='ltr'><strong>ἐκ</strong></span> <span class='ocrx_word' id='word_1_38' title='bbox 480 694 636 766; x_wconf 78' lang='grc' dir='ltr'>ῥίζης</span> <span class='ocrx_word' id='word_1_39' title='bbox 676 695 868 749; x_wconf 74' lang='grc' dir='ltr'>Ἰεσσαὶ</span> <span class='ocrx_word' id='word_1_40' title='bbox 903 694 1103 767; x_wconf 85' lang='grc' dir='ltr'>(πατὴρ</span> <span class='ocrx_word' id='word_1_41' title='bbox 1130 695 1187 749; x_wconf 80' lang='grc' dir='ltr'>δὲ</span> <span class='ocrx_word' id='word_1_42' title='bbox 1213 690 1281 766; x_wconf 76' lang='grc' dir='ltr'>ἦν</span> <span class='ocrx_word' id='word_1_43' title='bbox 1310 687 1465 758; x_wconf 73' lang='grc' dir='ltr'>οὗτος</span> <span class='ocrx_word' id='word_1_44' title='bbox 1503 694 1595 748; x_wconf 81' lang='grc' dir='ltr'>τοῦ</span> <span class='ocrx_word' id='word_1_45' title='bbox 1649 694 1835 764; x_wconf 76' lang='grc' dir='ltr'><strong>Δαόὶδ)</strong></span> 
     </span>
    </p>
   </div>
   <div class='ocr_carea' id='block_1_8' title="bbox 284 780 1835 861">
    <p class='ocr_par' dir='ltr' id='par_1_8' title="bbox 284 780 1835 861">
     <span class='ocr_line' id='line_1_8' title="bbox 284 780 1835 861; baseline -0.001 -22"><span class='ocrx_word' id='word_1_46' title='bbox 284 789 476 858; x_wconf 73' lang='grc' dir='ltr'>γένεσιν</span> <span class='ocrx_word' id='word_1_47' title='bbox 527 785 625 842; x_wconf 82' lang='grc' dir='ltr'><strong>τοῦ</strong></span> <span class='ocrx_word' id='word_1_48' title='bbox 663 786 897 859; x_wconf 82' lang='grc' dir='ltr'><strong>Χριστοῦ</strong></span> <span class='ocrx_word' id='word_1_49' title='bbox 937 787 1225 857; x_wconf 76' lang='grc' dir='ltr'><strong>παριστὰς,</strong></span> <span class='ocrx_word' id='word_1_50' title='bbox 1267 787 1353 856; x_wconf 81' lang='grc' dir='ltr'><strong>ἐφ’</strong></span> <span class='ocrx_word' id='word_1_51' title='bbox 1397 780 1432 861; x_wconf 77' lang='grc' dir='ltr'>ᾖ</span> <span class='ocrx_word' id='word_1_52' title='bbox 1479 785 1689 856; x_wconf 81' lang='grc' dir='ltr'><strong>γενέσει</strong></span> <span class='ocrx_word' id='word_1_53' title='bbox 1737 786 1835 857; x_wconf 79' lang='grc' dir='ltr'>τὴν</span> 
     </span>
    </p>
   </div>
   <div class='ocr_carea' id='block_1_9' title="bbox 282 876 1834 951">
    <p class='ocr_par' dir='ltr' id='par_1_9' title="bbox 282 876 1834 951">
     <span class='ocr_line' id='line_1_9' title="bbox 282 876 1834 951; baseline -0.001 -19"><span class='ocrx_word' id='word_1_54' title='bbox 282 878 376 932; x_wconf 82' lang='grc' dir='ltr'><strong>τῶν</strong></span> <span class='ocrx_word' id='word_1_55' title='bbox 402 877 570 930; x_wconf 87' lang='grc' dir='ltr'>ἐθνῶν</span> <span class='ocrx_word' id='word_1_56' title='bbox 610 878 802 948; x_wconf 81' lang='grc' dir='ltr'><strong>κλῆσιν</strong></span> <span class='ocrx_word' id='word_1_57' title='bbox 834 878 1092 951; x_wconf 85' lang='grc' dir='ltr'>πρότερον</span> <span class='ocrx_word' id='word_1_58' title='bbox 1130 878 1228 949; x_wconf 78' lang='grc' dir='ltr'>μὲν</span> <span class='ocrx_word' id='word_1_59' title='bbox 1262 878 1328 932; x_wconf 79' lang='grc' dir='ltr'>δι’</span> <span class='ocrx_word' id='word_1_60' title='bbox 1353 876 1670 949; x_wconf 80' lang='grc' dir='ltr'>αἰνίγματος</span> <span class='ocrx_word' id='word_1_61' title='bbox 1699 894 1834 951; x_wconf 87' lang='grc' dir='ltr'>προ-</span> 
     </span>
    </p>
   </div>
   <div class='ocr_carea' id='block_1_10' title="bbox 280 965 1835 1045">
    <p class='ocr_par' dir='ltr' id='par_1_10' title="bbox 280 965 1835 1045">
     <span class='ocr_line' id='line_1_10' title="bbox 280 965 1835 1045; baseline -0.005 -18"><span class='ocrx_word' id='word_1_62' title='bbox 280 971 473 1045; x_wconf 78' lang='grc' dir='ltr'>φητικῷ</span> <span class='ocrx_word' id='word_1_63' title='bbox 503 972 696 1044; x_wconf 82' lang='grc' dir='ltr'>τρόπῳ</span> <span class='ocrx_word' id='word_1_64' title='bbox 727 972 1020 1039; x_wconf 79' lang='grc' dir='ltr'>άναφωνεῖ’</span> <span class='ocrx_word' id='word_1_65' title='bbox 1058 969 1119 1022; x_wconf 81' lang='grc' dir='ltr'>τὸ</span> <span class='ocrx_word' id='word_1_66' title='bbox 1145 969 1272 1040; x_wconf 77' lang='grc' dir='ltr'>γὰρ,</span> <span class='ocrx_word' id='word_1_67' title='bbox 1321 986 1340 1018; x_wconf 80' lang='grc' dir='ltr'><strong>ι</strong></span> <span class='ocrx_word' id='word_1_68' title='bbox 1384 965 1835 1039; x_wconf 77' lang='grc' dir='ltr'>Συμὸοσκηθήσε-</span> 
     </span>
    </p>
   </div>
   <div class='ocr_carea' id='block_1_11' title="bbox 277 1057 1833 1134">
    <p class='ocr_par' dir='ltr' id='par_1_11' title="bbox 277 1057 1833 1134">
     <span class='ocr_line' id='line_1_11' title="bbox 277 1057 1833 1134; baseline -0.006 -17"><span class='ocrx_word' id='word_1_69' title='bbox 277 1080 354 1117; x_wconf 78' lang='grc' dir='ltr'><strong>ται</strong></span> <span class='ocrx_word' id='word_1_70' title='bbox 386 1064 548 1126; x_wconf 87' lang='grc' dir='ltr'>λύκος</span> <span class='ocrx_word' id='word_1_71' title='bbox 580 1064 702 1133; x_wconf 82' lang='grc' dir='ltr'>μετ’</span> <span class='ocrx_word' id='word_1_72' title='bbox 743 1062 925 1134; x_wconf 80' lang='grc' dir='ltr'>ἀρνὸς,</span> <span class='ocrx_word' id='word_1_73' title='bbox 969 1060 1063 1114; x_wconf 83' lang='grc' dir='ltr'><strong>καί</strong></span> <span class='ocrx_word' id='word_1_74' title='bbox 1095 1058 1355 1131; x_wconf 84' lang='grc' dir='ltr'><strong>πάρδαλις</strong></span> <span class='ocrx_word' id='word_1_75' title='bbox 1376 1059 1471 1111; x_wconf 81' lang='grc' dir='ltr'><strong>σὺν</strong></span> <span class='ocrx_word' id='word_1_76' title='bbox 1504 1057 1676 1130; x_wconf 85' lang='grc' dir='ltr'>ἐρίφῳ</span> <span class='ocrx_word' id='word_1_77' title='bbox 1709 1073 1833 1110; x_wconf 88' lang='grc' dir='ltr'>συν-</span> 
     </span>
    </p>
   </div>
   <div class='ocr_carea' id='block_1_12' title="bbox 273 1149 1832 1221">
    <p class='ocr_par' dir='ltr' id='par_1_12' title="bbox 273 1149 1832 1221">
     <span class='ocr_line' id='line_1_12' title="bbox 273 1149 1832 1221; baseline -0.006 -11"><span class='ocrx_word' id='word_1_78' title='bbox 273 1155 657 1220; x_wconf 78' lang='grc' dir='ltr'>ινσπαύσεται,</span> <span class='ocrx_word' id='word_1_79' title='bbox 690 1173 712 1207; x_wconf 71' lang='grc' dir='ltr'><strong>ο</strong></span> <span class='ocrx_word' id='word_1_80' title='bbox 749 1152 936 1208; x_wconf 77' lang='grc' dir='ltr'>καὶτὰ</span> <span class='ocrx_word' id='word_1_81' title='bbox 971 1152 1212 1216; x_wconf 81' lang='grc' dir='ltr'>τοιαῦτα,</span> <span class='ocrx_word' id='word_1_82' title='bbox 1258 1151 1410 1206; x_wconf 80' lang='grc' dir='ltr'>οὐδὲν</span> <span class='ocrx_word' id='word_1_83' title='bbox 1431 1149 1617 1221; x_wconf 70' lang='grc' dir='ltr'>ἕτερον</span> <span class='ocrx_word' id='word_1_84' title='bbox 1647 1150 1681 1220; x_wconf 80' lang='grc' dir='ltr'>ἢ</span> <span class='ocrx_word' id='word_1_85' title='bbox 1724 1149 1832 1202; x_wconf 87' lang='grc' dir='ltr'><strong>τῶν</strong></span> 
     </span>
    </p>
   </div>
   <div class='ocr_carea' id='block_1_13' title="bbox 270 1243 1830 1321">
    <p class='ocr_par' dir='ltr' id='par_1_13' title="bbox 270 1243 1830 1321">
     <span class='ocr_line' id='line_1_13' title="bbox 270 1243 1830 1321; baseline -0.003 -21"><span class='ocrx_word' id='word_1_86' title='bbox 270 1249 461 1321; x_wconf 80' lang='grc' dir='ltr'>ἀγρίων</span> <span class='ocrx_word' id='word_1_87' title='bbox 509 1249 606 1301; x_wconf 79' lang='grc' dir='ltr'>καὶ</span> <span class='ocrx_word' id='word_1_88' title='bbox 652 1245 873 1318; x_wconf 85' lang='grc' dir='ltr'>άπηνῶν</span> <span class='ocrx_word' id='word_1_89' title='bbox 911 1243 1004 1299; x_wconf 86' lang='grc' dir='ltr'><strong>τδν</strong></span> <span class='ocrx_word' id='word_1_90' title='bbox 1038 1245 1236 1315; x_wconf 81' lang='grc' dir='ltr'><strong>τρόπον</strong></span> <span class='ocrx_word' id='word_1_91' title='bbox 1275 1244 1370 1297; x_wconf 71' lang='grc' dir='ltr'><strong>καὶ</strong></span> <span class='ocrx_word' id='word_1_92' title='bbox 1427 1244 1589 1316; x_wconf 84' lang='grc' dir='ltr'>μηδὲν</span> <span class='ocrx_word' id='word_1_93' title='bbox 1630 1243 1830 1315; x_wconf 84' lang='grc' dir='ltr'>θηρίων</span> 
     </span>
    </p>
   </div>
   <div class='ocr_carea' id='block_1_14' title="bbox 268 1335 1831 1410">
    <p class='ocr_par' dir='ltr' id='par_1_14' title="bbox 268 1335 1831 1410">
     <span class='ocr_line' id='line_1_14' title="bbox 268 1335 1831 1410; baseline -0.006 -14"><span class='ocrx_word' id='word_1_94' title='bbox 268 1338 620 1410; x_wconf 67' lang='grc' dir='ltr'>διαφερόντων</span> <span class='ocrx_word' id='word_1_95' title='bbox 647 1335 836 1401; x_wconf 91' lang='grc' dir='ltr'>ἐθνῶν,</span> <span class='ocrx_word' id='word_1_96' title='bbox 867 1336 965 1407; x_wconf 81' lang='grc' dir='ltr'>τὴν</span> <span class='ocrx_word' id='word_1_97' title='bbox 995 1338 1087 1389; x_wconf 74' lang='grc' dir='ltr'>ἐπὶ</span> <span class='ocrx_word' id='word_1_98' title='bbox 1129 1338 1220 1389; x_wconf 82' lang='grc' dir='ltr'>τὸν</span> <span class='ocrx_word' id='word_1_99' title='bbox 1258 1335 1453 1407; x_wconf 76' lang='grc' dir='ltr'>εὐσεϐῆ</span> <span class='ocrx_word' id='word_1_100' title='bbox 1486 1336 1579 1389; x_wconf 69' lang='grc' dir='ltr'>καὶ</span> <span class='ocrx_word' id='word_1_101' title='bbox 1623 1335 1831 1406; x_wconf 80' lang='grc' dir='ltr'>ἥμερόν</span> 
     </span>
    </p>
   </div>
   <div class='ocr_carea' id='block_1_15' title="bbox 273 1426 1831 1502">
    <p class='ocr_par' dir='ltr' id='par_1_15' title="bbox 273 1426 1831 1502">
     <span class='ocr_line' id='line_1_15' title="bbox 273 1426 1831 1502; baseline -0.003 -15"><span class='ocrx_word' id='word_1_102' title='bbox 273 1450 321 1487; x_wconf 78' lang='grc' dir='ltr'><strong>τε</strong></span> <span class='ocrx_word' id='word_1_103' title='bbox 359 1434 450 1486; x_wconf 76' lang='grc' dir='ltr'>καὶ</span> <span class='ocrx_word' id='word_1_104' title='bbox 493 1431 813 1489; x_wconf 76' lang='grc' dir='ltr'>κοινωνικὸν</span> <span class='ocrx_word' id='word_1_105' title='bbox 852 1430 1050 1502; x_wconf 84' lang='grc' dir='ltr'>τρόπον</span> <span class='ocrx_word' id='word_1_106' title='bbox 1092 1428 1389 1502; x_wconf 63' lang='lat' dir='ltr'><strong>peratioth</strong></span> <span class='ocrx_word' id='word_1_107' title='bbox 1427 1427 1641 1500; x_wconf 78' lang='grc' dir='ltr'>ἐδήλου·</span> <span class='ocrx_word' id='word_1_108' title='bbox 1678 1426 1831 1483; x_wconf 82' lang='grc' dir='ltr'>τοῦτο</span> 
     </span>
    </p>
   </div>
   <div class='ocr_carea' id='block_1_16' title="bbox 271 1508 1823 1596">
    <p class='ocr_par' dir='ltr' id='par_1_16' title="bbox 271 1508 1823 1596">
     <span class='ocr_line' id='line_1_16' title="bbox 271 1508 1823 1596; baseline -0.003 -16"><span class='ocrx_word' id='word_1_109' title='bbox 271 1525 317 1581; x_wconf 72' lang='grc' dir='ltr'><strong>δέ</strong></span> <span class='ocrx_word' id='word_1_110' title='bbox 341 1523 466 1579; x_wconf 71' lang='grc' dir='ltr'>αὐτὸ</span> <span class='ocrx_word' id='word_1_111' title='bbox 500 1526 586 1587; x_wconf 80' lang='grc' dir='ltr'><strong>είς</strong></span> <span class='ocrx_word' id='word_1_112' title='bbox 622 1522 848 1595; x_wconf 75' lang='grc' dir='ltr'>ὕστερον</span> <span class='ocrx_word' id='word_1_113' title='bbox 894 1523 1227 1596; x_wconf 89' lang='grc' dir='ltr'>γυμνότερον</span> <span class='ocrx_word' id='word_1_114' title='bbox 1261 1508 1523 1584; x_wconf 74' lang='grc' dir='ltr'>διδάσκει,</span> <span class='ocrx_word' id='word_1_115' title='bbox 1570 1521 1823 1591; x_wconf 83' lang='grc' dir='ltr'><strong>φάσκων·</strong></span> 
     </span>
    </p>
   </div>
   <div class='ocr_carea' id='block_1_17' title="bbox 269 1614 1824 1688">
    <p class='ocr_par' dir='ltr' id='par_1_17' title="bbox 269 1614 1824 1688">
     <span class='ocr_line' id='line_1_17' title="bbox 269 1614 1824 1688; baseline -0.001 -19"><span class='ocrx_word' id='word_1_116' title='bbox 269 1635 289 1669; x_wconf 76' lang='grc' dir='ltr'><strong>ι</strong></span> <span class='ocrx_word' id='word_1_117' title='bbox 339 1614 673 1688; x_wconf 79' lang='grc' dir='ltr'>Ἑνεπλήσθη</span> <span class='ocrx_word' id='word_1_118' title='bbox 697 1617 731 1686; x_wconf 82' lang='grc' dir='ltr'>ἠ</span> <span class='ocrx_word' id='word_1_119' title='bbox 762 1614 1024 1687; x_wconf 81' lang='grc' dir='ltr'><strong>σύμπασα</strong></span> <span class='ocrx_word' id='word_1_120' title='bbox 1042 1614 1231 1687; x_wconf 60' lang='grc' dir='ltr'>γῆητοῦ</span> <span class='ocrx_word' id='word_1_121' title='bbox 1252 1614 1454 1684; x_wconf 79' lang='grc' dir='ltr'>γνῶναι</span> <span class='ocrx_word' id='word_1_122' title='bbox 1485 1615 1576 1670; x_wconf 82' lang='grc' dir='ltr'>τὸν</span> <span class='ocrx_word' id='word_1_123' title='bbox 1601 1615 1824 1686; x_wconf 84' lang='grc' dir='ltr'>Κύριον,</span> 
     </span>
    </p>
   </div>
   <div class='ocr_carea' id='block_1_18' title="bbox 266 1691 1826 1779">
    <p class='ocr_par' dir='ltr' id='par_1_18' title="bbox 266 1691 1826 1779">
     <span class='ocr_line' id='line_1_18' title="bbox 266 1691 1826 1779; baseline -0.001 -19"><span class='ocrx_word' id='word_1_124' title='bbox 266 1705 331 1770; x_wconf 68' lang='grc' dir='ltr'>ὥς</span> <span class='ocrx_word' id='word_1_125' title='bbox 351 1705 490 1777; x_wconf 73' lang='grc' dir='ltr'>ὕδωρ</span> <span class='ocrx_word' id='word_1_126' title='bbox 535 1706 676 1760; x_wconf 82' lang='grc' dir='ltr'>πολὺ</span> <span class='ocrx_word' id='word_1_127' title='bbox 703 1705 1072 1776; x_wconf 83' lang='grc' dir='ltr'>κατακαλύψει</span> <span class='ocrx_word' id='word_1_128' title='bbox 1115 1691 1405 1779; x_wconf 79' lang='grc' dir='ltr'>θαλάσσας.</span> <span class='ocrx_word' id='word_1_129' title='bbox 1450 1725 1468 1758; x_wconf 67' lang='grc' dir='ltr'><strong>ι</strong></span> <span class='ocrx_word' id='word_1_130' title='bbox 1500 1706 1609 1760; x_wconf 76' lang='grc' dir='ltr'><strong>Καὶ</strong></span> <span class='ocrx_word' id='word_1_131' title='bbox 1647 1704 1729 1759; x_wconf 72' lang='grc' dir='ltr'>ἔτι</span> <span class='ocrx_word' id='word_1_132' title='bbox 1764 1721 1826 1776; x_wconf 85' lang='grc' dir='ltr'><strong>γε</strong></span> 
     </span>
    </p>
   </div>
   <div class='ocr_carea' id='block_1_19' title="bbox 264 1797 1823 1871">
    <p class='ocr_par' dir='ltr' id='par_1_19' title="bbox 264 1797 1823 1871">
     <span class='ocr_line' id='line_1_19' title="bbox 264 1797 1823 1871; baseline -0.001 -18"><span class='ocrx_word' id='word_1_133' title='bbox 264 1798 407 1861; x_wconf 73' lang='grc' dir='ltr'>αὐτὸς</span> <span class='ocrx_word' id='word_1_134' title='bbox 427 1798 625 1851; x_wconf 67' lang='grc' dir='ltr'>ἑαυτὸν</span> <span class='ocrx_word' id='word_1_135' title='bbox 644 1798 961 1871; x_wconf 77' lang='grc' dir='ltr'><strong>ἑρμηνεύων</strong></span> <span class='ocrx_word' id='word_1_136' title='bbox 983 1800 1012 1852; x_wconf 88' lang='grc' dir='ltr'><strong>ὁ</strong></span> <span class='ocrx_word' id='word_1_137' title='bbox 1035 1798 1369 1871; x_wconf 80' lang='grc' dir='ltr'>προφητικὸς</span> <span class='ocrx_word' id='word_1_138' title='bbox 1387 1798 1543 1868; x_wconf 86' lang='grc' dir='ltr'>λόγος</span> <span class='ocrx_word' id='word_1_139' title='bbox 1562 1797 1823 1867; x_wconf 80' lang='grc' dir='ltr'>ἐπιλέγει’</span> 
     </span>
    </p>
   </div>
   <div class='ocr_carea' id='block_1_20' title="bbox 1943 596 3509 670">
    <p class='ocr_par' dir='ltr' id='par_1_20' title="bbox 1943 596 3509 670">
     <span class='ocr_line' id='line_1_20' title="bbox 1943 596 3509 670; baseline -0.004 -15"><span class='ocrx_word' id='word_1_140' title='bbox 1943 602 2278 665; x_wconf 81' lang='lat' dir='ltr'><strong>ascendet&quot;,</strong></span> <span class='ocrx_word' id='word_1_141' title='bbox 2312 620 2331 653; x_wconf 77' lang='grc' dir='ltr'><strong>ι</strong></span> <span class='ocrx_word' id='word_1_142' title='bbox 2351 610 2403 657; x_wconf 88' lang='lat' dir='ltr'><strong>et</strong></span> <span class='ocrx_word' id='word_1_143' title='bbox 2422 606 2634 655; x_wconf 67' lang='lat' dir='ltr'><strong>caetera.</strong></span> <span class='ocrx_word' id='word_1_144' title='bbox 2654 598 2712 654; x_wconf 86' lang='lat' dir='ltr'><strong>In</strong></span> <span class='ocrx_word' id='word_1_145' title='bbox 2736 599 2934 670; x_wconf 83' lang='lat' dir='ltr'><strong>quibus</strong></span> <span class='ocrx_word' id='word_1_146' title='bbox 2963 596 3509 659; x_wconf 71' lang='lat' dir='ltr'><strong>manifestissime,ex</strong></span> 
     </span>
    </p>
   </div>
   <div class='ocr_carea' id='block_1_21' title="bbox 1942 688 3505 765">
    <p class='ocr_par' dir='ltr' id='par_1_21' title="bbox 1942 688 3505 765">
     <span class='ocr_line' id='line_1_21' title="bbox 1942 688 3505 765; baseline -0.006 -18"><span class='ocrx_word' id='word_1_147' title='bbox 1942 694 2129 751; x_wconf 78' lang='lat' dir='ltr'><strong>radice</strong></span> <span class='ocrx_word' id='word_1_148' title='bbox 2172 692 2327 763; x_wconf 68' lang='lat' dir='ltr'><strong>Iesse</strong></span> <span class='ocrx_word' id='word_1_149' title='bbox 2371 692 2549 765; x_wconf 85' lang='lat' dir='ltr'><strong>(pater</strong></span> <span class='ocrx_word' id='word_1_150' title='bbox 2588 699 2769 747; x_wconf 84' lang='lat' dir='ltr'><strong>autem</strong></span> <span class='ocrx_word' id='word_1_151' title='bbox 2807 690 2895 746; x_wconf 90' lang='lat' dir='ltr'><strong>hic</strong></span> <span class='ocrx_word' id='word_1_152' title='bbox 2940 690 3039 747; x_wconf 76' lang='lat' dir='ltr'><strong>fuit</strong></span> <span class='ocrx_word' id='word_1_153' title='bbox 3085 688 3274 763; x_wconf 80' lang='lat' dir='ltr'><strong>David)</strong></span> <span class='ocrx_word' id='word_1_154' title='bbox 3325 695 3505 743; x_wconf 71' lang='lat' dir='ltr'><strong>ortum</strong></span> 
     </span>
    </p>
   </div>
   <div class='ocr_carea' id='block_1_22' title="bbox 1940 786 3504 862">
    <p class='ocr_par' dir='ltr' id='par_1_22' title="bbox 1940 786 3504 862">
     <span class='ocr_line' id='line_1_22' title="bbox 1940 786 3504 862; baseline -0.006 -16"><span class='ocrx_word' id='word_1_155' title='bbox 1940 791 2142 848; x_wconf 87' lang='lat' dir='ltr'><strong>Christi</strong></span> <span class='ocrx_word' id='word_1_156' title='bbox 2191 790 2482 862; x_wconf 74' lang='lat' dir='ltr'><strong>signiﬁcat,</strong></span> <span class='ocrx_word' id='word_1_157' title='bbox 2516 790 2571 849; x_wconf 88' lang='lat' dir='ltr'><strong>in</strong></span> <span class='ocrx_word' id='word_1_158' title='bbox 2599 803 2708 860; x_wconf 87' lang='lat' dir='ltr'><strong>quo</strong></span> <span class='ocrx_word' id='word_1_159' title='bbox 2740 796 2885 853; x_wconf 89' lang='lat' dir='ltr'><strong>ortu,</strong></span> <span class='ocrx_word' id='word_1_160' title='bbox 2914 789 3248 845; x_wconf 85' lang='lat' dir='ltr'><strong>vocationem</strong></span> <span class='ocrx_word' id='word_1_161' title='bbox 3264 786 3504 858; x_wconf 88' lang='lat' dir='ltr'><strong>gentium</strong></span> 
     </span>
    </p>
   </div>
   <div class='ocr_carea' id='block_1_23' title="bbox 1940 878 3506 952">
    <p class='ocr_par' dir='ltr' id='par_1_23' title="bbox 1940 878 3506 952">
     <span class='ocr_line' id='line_1_23' title="bbox 1940 878 3506 952; baseline -0.004 -16"><span class='ocrx_word' id='word_1_162' title='bbox 1940 883 2092 952; x_wconf 81' lang='lat' dir='ltr'><strong>prius</strong></span> <span class='ocrx_word' id='word_1_163' title='bbox 2133 897 2229 952; x_wconf 90' lang='lat' dir='ltr'><strong>per</strong></span> <span class='ocrx_word' id='word_1_164' title='bbox 2256 880 2550 952; x_wconf 78' lang='lat' dir='ltr'><strong>quamdam</strong></span> <span class='ocrx_word' id='word_1_165' title='bbox 2603 880 2874 937; x_wconf 86' lang='lat' dir='ltr'><strong>sermonis</strong></span> <span class='ocrx_word' id='word_1_166' title='bbox 2913 878 3320 944; x_wconf 72' lang='lat' dir='ltr'><strong>obscuritatem,</strong></span> <span class='ocrx_word' id='word_1_167' title='bbox 3356 889 3506 930; x_wconf 89' lang='lat' dir='ltr'><strong>more</strong></span> 
     </span>
    </p>
   </div>
   <div class='ocr_carea' id='block_1_24' title="bbox 1939 966 3505 1047">
    <p class='ocr_par' dir='ltr' id='par_1_24' title="bbox 1939 966 3505 1047">
     <span class='ocr_line' id='line_1_24' title="bbox 1939 966 3505 1047; baseline -0.006 -17"><span class='ocrx_word' id='word_1_168' title='bbox 1939 976 2252 1047; x_wconf 87' lang='lat' dir='ltr'><strong>prophetico</strong></span> <span class='ocrx_word' id='word_1_169' title='bbox 2273 975 2527 1045; x_wconf 80' lang='lat' dir='ltr'><strong>explicat.</strong></span> <span class='ocrx_word' id='word_1_170' title='bbox 2567 974 2702 1029; x_wconf 83' lang='lat' dir='ltr'><strong>illud</strong></span> <span class='ocrx_word' id='word_1_171' title='bbox 2731 973 2875 1029; x_wconf 91' lang='lat' dir='ltr'><strong>enim</strong></span> <span class='ocrx_word' id='word_1_172' title='bbox 2915 993 2929 1027; x_wconf 74' lang='grc' dir='ltr'><strong>ι</strong></span> <span class='ocrx_word' id='word_1_173' title='bbox 2971 992 2990 1023; x_wconf 77' lang='grc' dir='ltr'><strong>ι</strong></span> <span class='ocrx_word' id='word_1_174' title='bbox 3034 971 3295 1027; x_wconf 84' lang='lat' dir='ltr'><strong>Pascetur</strong></span> <span class='ocrx_word' id='word_1_175' title='bbox 3342 966 3505 1025; x_wconf 88' lang='lat' dir='ltr'><strong>simul</strong></span> 
     </span>
    </p>
   </div>
   <div class='ocr_carea' id='block_1_25' title="bbox 1941 1062 3502 1139">
    <p class='ocr_par' dir='ltr' id='par_1_25' title="bbox 1941 1062 3502 1139">
     <span class='ocr_line' id='line_1_25' title="bbox 1941 1062 3502 1139; baseline -0.004 -17"><span class='ocrx_word' id='word_1_176' title='bbox 1941 1069 2102 1139; x_wconf 88' lang='lat' dir='ltr'><strong>lupus</strong></span> <span class='ocrx_word' id='word_1_177' title='bbox 2136 1083 2262 1122; x_wconf 88' lang='lat' dir='ltr'><strong>cum</strong></span> <span class='ocrx_word' id='word_1_178' title='bbox 2290 1082 2451 1139; x_wconf 88' lang='lat' dir='ltr'><strong>agno,</strong></span> <span class='ocrx_word' id='word_1_179' title='bbox 2475 1073 2529 1122; x_wconf 92' lang='lat' dir='ltr'><strong>et</strong></span> <span class='ocrx_word' id='word_1_180' title='bbox 2558 1066 2761 1137; x_wconf 85' lang='lat' dir='ltr'><strong>pardus</strong></span> <span class='ocrx_word' id='word_1_181' title='bbox 2791 1080 2916 1120; x_wconf 84' lang='lat' dir='ltr'><strong>eum</strong></span> <span class='ocrx_word' id='word_1_182' title='bbox 2958 1064 3122 1119; x_wconf 81' lang='lat' dir='ltr'><strong>haedo</strong></span> <span class='ocrx_word' id='word_1_183' title='bbox 3152 1062 3313 1119; x_wconf 89' lang='lat' dir='ltr'><strong>simul</strong></span> <span class='ocrx_word' id='word_1_184' title='bbox 3346 1062 3502 1131; x_wconf 85' lang='lat' dir='ltr'><strong>quie-</strong></span> 
     </span>
    </p>
   </div>
   <div class='ocr_carea' id='block_1_26' title="bbox 1940 1156 3502 1233">
    <p class='ocr_par' dir='ltr' id='par_1_26' title="bbox 1940 1156 3502 1233">
     <span class='ocr_line' id='line_1_26' title="bbox 1940 1156 3502 1233; baseline -0.008 -14"><span class='ocrx_word' id='word_1_185' title='bbox 1940 1170 2055 1219; x_wconf 88' lang='lat' dir='ltr'><strong>scet</strong></span> <span class='ocrx_word' id='word_1_186' title='bbox 2075 1163 2142 1227; x_wconf 81' lang='grc'><strong>⁵⁸,</strong></span> <span class='ocrx_word' id='word_1_187' title='bbox 2192 1183 2210 1216; x_wconf 75' lang='grc' dir='ltr'><strong>ι</strong></span> <span class='ocrx_word' id='word_1_188' title='bbox 2236 1169 2292 1229; x_wconf 80' lang='lat' dir='ltr'><strong>et</strong></span> <span class='ocrx_word' id='word_1_189' title='bbox 2319 1177 2439 1233; x_wconf 52' lang='lat' dir='ltr'><strong>quae</strong></span> <span class='ocrx_word' id='word_1_190' title='bbox 2474 1169 2602 1218; x_wconf 91' lang='lat' dir='ltr'><strong>sunt</strong></span> <span class='ocrx_word' id='word_1_191' title='bbox 2632 1159 2942 1230; x_wconf 74' lang='lat' dir='ltr'><strong>huiusmodi</strong></span> <span class='ocrx_word' id='word_1_192' title='bbox 2972 1158 3107 1214; x_wconf 85' lang='lat' dir='ltr'><strong>nihil</strong></span> <span class='ocrx_word' id='word_1_193' title='bbox 3149 1156 3294 1211; x_wconf 85' lang='lat' dir='ltr'><strong>aliud</strong></span> <span class='ocrx_word' id='word_1_194' title='bbox 3343 1169 3502 1225; x_wconf 85' lang='lat' dir='ltr'><strong>quam</strong></span> 
     </span>
    </p>
   </div>
   <div class='ocr_carea' id='block_1_27' title="bbox 1938 1246 3504 1325">
    <p class='ocr_par' dir='ltr' id='par_1_27' title="bbox 1938 1246 3504 1325">
     <span class='ocr_line' id='line_1_27' title="bbox 1938 1246 3504 1325; baseline -0.006 -15"><span class='ocrx_word' id='word_1_195' title='bbox 1938 1255 2177 1325; x_wconf 87' lang='lat' dir='ltr'><strong>gentium</strong></span> <span class='ocrx_word' id='word_1_196' title='bbox 2223 1255 2636 1320; x_wconf 86' lang='lat' dir='ltr'><strong>indomitarnm,</strong></span> <span class='ocrx_word' id='word_1_197' title='bbox 2671 1260 2724 1309; x_wconf 87' lang='lat' dir='ltr'><strong>et</strong></span> <span class='ocrx_word' id='word_1_198' title='bbox 2774 1252 3114 1315; x_wconf 84' lang='lat' dir='ltr'><strong>immanium,</strong></span> <span class='ocrx_word' id='word_1_199' title='bbox 3141 1258 3197 1306; x_wconf 90' lang='lat' dir='ltr'><strong>et</strong></span> <span class='ocrx_word' id='word_1_200' title='bbox 3254 1250 3309 1303; x_wconf 92' lang='lat' dir='ltr'><strong>in</strong></span> <span class='ocrx_word' id='word_1_201' title='bbox 3354 1246 3504 1302; x_wconf 83' lang='lat' dir='ltr'><strong>nulla</strong></span> 
     </span>
    </p>
   </div>
   <div class='ocr_carea' id='block_1_28' title="bbox 1936 1344 3501 1415">
    <p class='ocr_par' dir='ltr' id='par_1_28' title="bbox 1936 1344 3501 1415">
     <span class='ocr_line' id='line_1_28' title="bbox 1936 1344 3501 1415; baseline -0.006 -13"><span class='ocrx_word' id='word_1_202' title='bbox 1936 1362 1997 1403; x_wconf 89' lang='lat' dir='ltr'><strong>re</strong></span> <span class='ocrx_word' id='word_1_203' title='bbox 2026 1363 2061 1402; x_wconf 87' lang='lat' dir='ltr'><strong>a</strong></span> <span class='ocrx_word' id='word_1_204' title='bbox 2093 1348 2290 1404; x_wconf 85' lang='lat' dir='ltr'><strong>belluis</strong></span> <span class='ocrx_word' id='word_1_205' title='bbox 2323 1347 2711 1411; x_wconf 80' lang='lat' dir='ltr'><strong>dill‘erentium,</strong></span> <span class='ocrx_word' id='word_1_206' title='bbox 2757 1345 2824 1399; x_wconf 84' lang='lat' dir='ltr'><strong>ad</strong></span> <span class='ocrx_word' id='word_1_207' title='bbox 2856 1344 2974 1415; x_wconf 78' lang='lat' dir='ltr'><strong>pios</strong></span> <span class='ocrx_word' id='word_1_208' title='bbox 3000 1351 3058 1399; x_wconf 89' lang='lat' dir='ltr'><strong>et</strong></span> <span class='ocrx_word' id='word_1_209' title='bbox 3080 1347 3416 1404; x_wconf 83' lang='lat' dir='ltr'><strong>mansuetos,</strong></span> <span class='ocrx_word' id='word_1_210' title='bbox 3445 1348 3501 1394; x_wconf 88' lang='lat' dir='ltr'><strong>et</strong></span> 
     </span>
    </p>
   </div>
   <div class='ocr_carea' id='block_1_29' title="bbox 1935 1431 3502 1511">
    <p class='ocr_par' dir='ltr' id='par_1_29' title="bbox 1935 1431 3502 1511">
     <span class='ocr_line' id='line_1_29' title="bbox 1935 1431 3502 1511; baseline -0.006 -17"><span class='ocrx_word' id='word_1_211' title='bbox 1935 1439 2082 1511; x_wconf 85' lang='lat' dir='ltr'><strong>omni</strong></span> <span class='ocrx_word' id='word_1_212' title='bbox 2117 1440 2385 1507; x_wconf 86' lang='lat' dir='ltr'><strong>charitate</strong></span> <span class='ocrx_word' id='word_1_213' title='bbox 2414 1437 2644 1493; x_wconf 85' lang='lat' dir='ltr'><strong>refertos</strong></span> <span class='ocrx_word' id='word_1_214' title='bbox 2672 1452 2875 1500; x_wconf 87' lang='lat' dir='ltr'><strong>mores,</strong></span> <span class='ocrx_word' id='word_1_215' title='bbox 2910 1434 3321 1491; x_wconf 80' lang='lat' dir='ltr'><strong>conversionem</strong></span> <span class='ocrx_word' id='word_1_216' title='bbox 3355 1431 3502 1486; x_wconf 80' lang='lat' dir='ltr'><strong>futu-</strong></span> 
     </span>
    </p>
   </div>
   <div class='ocr_carea' id='block_1_30' title="bbox 1935 1522 3499 1600">
    <p class='ocr_par' dir='ltr' id='par_1_30' title="bbox 1935 1522 3499 1600">
     <span class='ocr_line' id='line_1_30' title="bbox 1935 1522 3499 1600; baseline -0.004 -16"><span class='ocrx_word' id='word_1_217' title='bbox 1935 1546 2050 1587; x_wconf 85' lang='lat' dir='ltr'><strong>ram</strong></span> <span class='ocrx_word' id='word_1_218' title='bbox 2086 1531 2351 1587; x_wconf 90' lang='lat' dir='ltr'><strong>indicant.</strong></span> <span class='ocrx_word' id='word_1_219' title='bbox 2385 1528 2493 1587; x_wconf 85' lang='lat' dir='ltr'><strong>Sed</strong></span> <span class='ocrx_word' id='word_1_220' title='bbox 2521 1530 2625 1587; x_wconf 87' lang='lat' dir='ltr'><strong>hoc</strong></span> <span class='ocrx_word' id='word_1_221' title='bbox 2664 1530 2845 1600; x_wconf 89' lang='lat' dir='ltr'><strong>ipsum</strong></span> <span class='ocrx_word' id='word_1_222' title='bbox 2879 1528 3038 1585; x_wconf 84' lang='lat' dir='ltr'><strong>docet</strong></span> <span class='ocrx_word' id='word_1_223' title='bbox 3071 1527 3315 1598; x_wconf 76' lang='lat' dir='ltr'><strong>apertius</strong></span> <span class='ocrx_word' id='word_1_224' title='bbox 3346 1526 3401 1579; x_wconf 92' lang='lat' dir='ltr'><strong>in</strong></span> <span class='ocrx_word' id='word_1_225' title='bbox 3430 1522 3499 1578; x_wconf 89' lang='lat' dir='ltr'><strong>iis</strong></span> 
     </span>
    </p>
   </div>
   <div class='ocr_carea' id='block_1_31' title="bbox 1933 1616 3499 1694">
    <p class='ocr_par' dir='ltr' id='par_1_31' title="bbox 1933 1616 3499 1694">
     <span class='ocr_line' id='line_1_31' title="bbox 1933 1616 3499 1694; baseline -0.006 -17"><span class='ocrx_word' id='word_1_226' title='bbox 1933 1638 2054 1693; x_wconf 76' lang='lat' dir='ltr'><strong>quae</strong></span> <span class='ocrx_word' id='word_1_227' title='bbox 2076 1632 2395 1694; x_wconf 85' lang='lat' dir='ltr'><strong>sequuntur,</strong></span> <span class='ocrx_word' id='word_1_228' title='bbox 2433 1622 2513 1678; x_wconf 87' lang='lat' dir='ltr'><strong>sic</strong></span> <span class='ocrx_word' id='word_1_229' title='bbox 2545 1621 2734 1676; x_wconf 91' lang='lat' dir='ltr'><strong>dicens</strong></span> <span class='ocrx_word' id='word_1_230' title='bbox 2765 1639 2778 1675; x_wconf 92' lang='lat'><strong>:</strong></span> <span class='ocrx_word' id='word_1_231' title='bbox 2819 1640 2838 1672; x_wconf 77' lang='grc' dir='ltr'><strong>ι</strong></span> <span class='ocrx_word' id='word_1_232' title='bbox 2881 1619 3102 1691; x_wconf 81' lang='lat' dir='ltr'><strong>Repleta</strong></span> <span class='ocrx_word' id='word_1_233' title='bbox 3130 1625 3214 1674; x_wconf 91' lang='lat' dir='ltr'><strong>est</strong></span> <span class='ocrx_word' id='word_1_234' title='bbox 3246 1616 3499 1672; x_wconf 85' lang='lat' dir='ltr'><strong>universa</strong></span> 
     </span>
    </p>
   </div>
   <div class='ocr_carea' id='block_1_32' title="bbox 1934 1706 3499 1783">
    <p class='ocr_par' dir='ltr' id='par_1_32' title="bbox 1934 1706 3499 1783">
     <span class='ocr_line' id='line_1_32' title="bbox 1934 1706 3499 1783; baseline -0.006 -16"><span class='ocrx_word' id='word_1_235' title='bbox 1934 1721 2079 1769; x_wconf 89' lang='lat' dir='ltr'><strong>terra</strong></span> <span class='ocrx_word' id='word_1_236' title='bbox 2112 1712 2422 1783; x_wconf 72' lang='lat' dir='ltr'><strong>cognitione</strong></span> <span class='ocrx_word' id='word_1_237' title='bbox 2454 1709 2692 1775; x_wconf 89' lang='lat' dir='ltr'><strong>Domini,</strong></span> <span class='ocrx_word' id='word_1_238' title='bbox 2727 1712 2870 1766; x_wconf 87' lang='lat' dir='ltr'><strong>sicut</strong></span> <span class='ocrx_word' id='word_1_239' title='bbox 2909 1723 3051 1781; x_wconf 82' lang='lat' dir='ltr'><strong>aqua</strong></span> <span class='ocrx_word' id='word_1_240' title='bbox 3088 1708 3257 1762; x_wconf 87' lang='lat' dir='ltr'><strong>multa</strong></span> <span class='ocrx_word' id='word_1_241' title='bbox 3288 1706 3356 1760; x_wconf 89' lang='lat' dir='ltr'><strong>ad</strong></span> <span class='ocrx_word' id='word_1_242' title='bbox 3404 1719 3499 1759; x_wconf 85' lang='lat' dir='ltr'><strong>co-</strong></span> 
     </span>
    </p>
   </div>
   <div class='ocr_carea' id='block_1_33' title="bbox 1932 1797 3497 1874">
    <p class='ocr_par' dir='ltr' id='par_1_33' title="bbox 1932 1797 3497 1874">
     <span class='ocr_line' id='line_1_33' title="bbox 1932 1797 3497 1874; baseline -0.005 -16"><span class='ocrx_word' id='word_1_243' title='bbox 1932 1803 2223 1874; x_wconf 88' lang='lat' dir='ltr'><strong>operienda</strong></span> <span class='ocrx_word' id='word_1_244' title='bbox 2250 1803 2423 1857; x_wconf 87' lang='lat' dir='ltr'><strong>maria</strong></span> <span class='ocrx_word' id='word_1_245' title='bbox 2439 1802 2505 1855; x_wconf 80' lang='lat'><strong>&quot;.</strong></span> <span class='ocrx_word' id='word_1_246' title='bbox 2546 1821 2565 1854; x_wconf 75' lang='grc' dir='ltr'><strong>ι</strong></span> <span class='ocrx_word' id='word_1_247' title='bbox 2591 1800 2861 1856; x_wconf 52' lang='lat' dir='ltr'><strong>Praeterea</strong></span> <span class='ocrx_word' id='word_1_248' title='bbox 2892 1803 3007 1870; x_wconf 84' lang='lat' dir='ltr'><strong>ipse</strong></span> <span class='ocrx_word' id='word_1_249' title='bbox 3052 1800 3293 1869; x_wconf 89' lang='lat' dir='ltr'><strong>seipsum</strong></span> <span class='ocrx_word' id='word_1_250' title='bbox 3329 1797 3497 1852; x_wconf 85' lang='lat' dir='ltr'><strong>inter-</strong></span> 
     </span>
    </p>
   </div>
   <div class='ocr_carea' id='block_1_34' title="bbox 268 1888 1819 1971">
    <p class='ocr_par' dir='ltr' id='par_1_34' title="bbox 268 1889 1819 1971">
     <span class='ocr_line' id='line_1_34' title="bbox 268 1889 1819 1971; baseline 0.001 -29"><span class='ocrx_word' id='word_1_251' title='bbox 268 1908 288 1942; x_wconf 77' lang='grc' dir='ltr'><strong>ι</strong></span> <span class='ocrx_word' id='word_1_252' title='bbox 326 1889 428 1942; x_wconf 77' lang='grc' dir='ltr'><strong>Καὶ</strong></span> <span class='ocrx_word' id='word_1_253' title='bbox 468 1889 626 1944; x_wconf 77' lang='grc' dir='ltr'>ἔσται</span> <span class='ocrx_word' id='word_1_254' title='bbox 654 1892 713 1945; x_wconf 90' lang='grc' dir='ltr'><strong>ἐν</strong></span> <span class='ocrx_word' id='word_1_255' title='bbox 739 1893 806 1963; x_wconf 76' lang='grc' dir='ltr'>τῇ</span> <span class='ocrx_word' id='word_1_256' title='bbox 845 1890 1032 1964; x_wconf 76' lang='grc' dir='ltr'>ἡμέρα</span> <span class='ocrx_word' id='word_1_257' title='bbox 1059 1891 1247 1971; x_wconf 65' lang='grc' dir='ltr'>ἐκείνῃ</span> <span class='ocrx_word' id='word_1_258' title='bbox 1269 1892 1304 1962; x_wconf 81' lang='grc' dir='ltr'>ἡ</span> <span class='ocrx_word' id='word_1_259' title='bbox 1333 1889 1458 1963; x_wconf 78' lang='grc' dir='ltr'>ῥίζα</span> <span class='ocrx_word' id='word_1_260' title='bbox 1496 1892 1712 1961; x_wconf 77' lang='grc' dir='ltr'>Ἰεσσαὶ,</span> <span class='ocrx_word' id='word_1_261' title='bbox 1735 1891 1819 1943; x_wconf 68' lang='grc' dir='ltr'>καὶ</span> 
     </span>
    </p>
   </div>
   <div class='ocr_carea' id='block_1_35' title="bbox 1918 1888 3493 1971">
    <p class='ocr_par' dir='ltr' id='par_1_35' title="bbox 1931 1888 3493 1965">
     <span class='ocr_line' id='line_1_35' title="bbox 1931 1888 3493 1965; baseline -0.004 -16"><span class='ocrx_word' id='word_1_262' title='bbox 1931 1904 2149 1965; x_wconf 84' lang='lat' dir='ltr'><strong>pretans</strong></span> <span class='ocrx_word' id='word_1_263' title='bbox 2206 1910 2388 1951; x_wconf 84' lang='lat' dir='ltr'><strong>sermo</strong></span> <span class='ocrx_word' id='word_1_264' title='bbox 2431 1893 2782 1964; x_wconf 85' lang='lat' dir='ltr'><strong>propheticus</strong></span> <span class='ocrx_word' id='word_1_265' title='bbox 2821 1892 3102 1962; x_wconf 83' lang='lat' dir='ltr'><strong>sequitur?</strong></span> <span class='ocrx_word' id='word_1_266' title='bbox 3148 1908 3168 1941; x_wconf 77' lang='grc' dir='ltr'><strong>ι</strong></span> <span class='ocrx_word' id='word_1_267' title='bbox 3215 1889 3281 1943; x_wconf 88' lang='lat' dir='ltr'><strong>Et</strong></span> <span class='ocrx_word' id='word_1_268' title='bbox 3308 1888 3413 1944; x_wconf 90' lang='lat' dir='ltr'><strong>erit</strong></span> <span class='ocrx_word' id='word_1_269' title='bbox 3438 1889 3493 1942; x_wconf 94' lang='lat' dir='ltr'><strong>in</strong></span> 
     </span>
    </p>
   </div>
   <div class='ocr_carea' id='block_1_36' title="bbox 263 1980 1825 2055">
    <p class='ocr_par' dir='ltr' id='par_1_36' title="bbox 263 1980 1825 2055">
     <span class='ocr_line' id='line_1_36' title="bbox 263 1980 1825 2055; baseline 0 -20"><span class='ocrx_word' id='word_1_270' title='bbox 263 1980 659 2050; x_wconf 69' lang='grc' dir='ltr'>δάνιστάμενος</span> <span class='ocrx_word' id='word_1_271' title='bbox 680 1982 868 2053; x_wconf 79' lang='grc' dir='ltr'>ἄρχειν</span> <span class='ocrx_word' id='word_1_272' title='bbox 892 1981 1081 2045; x_wconf 91' lang='grc' dir='ltr'>ἐθνῶν,</span> <span class='ocrx_word' id='word_1_273' title='bbox 1103 1981 1188 2035; x_wconf 86' lang='grc' dir='ltr'><strong>ἐπ’</strong></span> <span class='ocrx_word' id='word_1_274' title='bbox 1209 1981 1357 2053; x_wconf 81' lang='grc' dir='ltr'>αύτῷ</span> <span class='ocrx_word' id='word_1_275' title='bbox 1379 1982 1506 2055; x_wconf 77' lang='grc' dir='ltr'>ἔθνη</span> <span class='ocrx_word' id='word_1_276' title='bbox 1522 1981 1795 2050; x_wconf 76' lang='grc' dir='ltr'>ἐλπιοῦσιν</span> <span class='ocrx_word' id='word_1_277' title='bbox 1809 1999 1825 2012; x_wconf 66' lang='grc' dir='ltr'>θ</span> 
     </span>
    </p>
   </div>
   <div class='ocr_carea' id='block_1_37' title="bbox 264 2072 1827 2149">
    <p class='ocr_par' dir='ltr' id='par_1_37' title="bbox 264 2072 1827 2149">
     <span class='ocr_line' id='line_1_37' title="bbox 264 2072 1827 2149; baseline 0.003 -23"><span class='ocrx_word' id='word_1_278' title='bbox 264 2073 344 2126; x_wconf 69' lang='grc' dir='ltr'>καὶ</span> <span class='ocrx_word' id='word_1_279' title='bbox 367 2072 519 2127; x_wconf 74' lang='grc' dir='ltr'>ἔσται</span> <span class='ocrx_word' id='word_1_280' title='bbox 552 2076 581 2146; x_wconf 76' lang='grc'><strong>1]</strong></span> <span class='ocrx_word' id='word_1_281' title='bbox 610 2074 918 2138; x_wconf 83' lang='grc' dir='ltr'>ἀνάπαυσις</span> <span class='ocrx_word' id='word_1_282' title='bbox 948 2075 1116 2131; x_wconf 76' lang='grc' dir='ltr'>αὐτοῦ</span> <span class='ocrx_word' id='word_1_283' title='bbox 1144 2079 1301 2148; x_wconf 86' lang='grc' dir='ltr'>τιμή.</span> <span class='ocrx_word' id='word_1_284' title='bbox 1343 2097 1360 2129; x_wconf 73' lang='grc' dir='ltr'><strong>ι</strong></span> <span class='ocrx_word' id='word_1_285' title='bbox 1408 2077 1623 2149; x_wconf 81' lang='grc' dir='ltr'>Ἐπειδὴ</span> <span class='ocrx_word' id='word_1_286' title='bbox 1651 2077 1827 2137; x_wconf 77' lang='grc' dir='ltr'>τοίνυν</span> 
     </span>
    </p>
   </div>
   <div class='ocr_carea' id='block_1_38' title="bbox 262 2163 1828 2237">
    <p class='ocr_par' dir='ltr' id='par_1_38' title="bbox 262 2163 1828 2237">
     <span class='ocr_line' id='line_1_38' title="bbox 262 2163 1828 2237; baseline 0.005 -22"><span class='ocrx_word' id='word_1_287' title='bbox 262 2163 501 2234; x_wconf 76' lang='grc' dir='ltr'>ἀνωτέρω</span> <span class='ocrx_word' id='word_1_288' title='bbox 546 2165 651 2235; x_wconf 77' lang='grc' dir='ltr'>μὲν</span> <span class='ocrx_word' id='word_1_289' title='bbox 698 2165 796 2237; x_wconf 80' lang='grc' dir='ltr'>τὴν</span> <span class='ocrx_word' id='word_1_290' title='bbox 847 2167 1162 2221; x_wconf 86' lang='grc' dir='ltr'>ἀπόπτωσιν</span> <span class='ocrx_word' id='word_1_291' title='bbox 1207 2169 1298 2222; x_wconf 81' lang='grc' dir='ltr'>τοῦ</span> <span class='ocrx_word' id='word_1_292' title='bbox 1336 2168 1600 2223; x_wconf 85' lang='grc' dir='ltr'>Ἰουδαίων</span> <span class='ocrx_word' id='word_1_293' title='bbox 1645 2168 1828 2234; x_wconf 75' lang='grc' dir='ltr'>ἔθνους</span> 
     </span>
    </p>
   </div>
   <div class='ocr_carea' id='block_1_39' title="bbox 260 2255 1825 2331">
    <p class='ocr_par' dir='ltr' id='par_1_39' title="bbox 260 2255 1825 2331">
     <span class='ocr_line' id='line_1_39' title="bbox 260 2255 1825 2331; baseline 0.003 -23"><span class='ocrx_word' id='word_1_294' title='bbox 260 2255 537 2326; x_wconf 70' lang='grc' dir='ltr'>ἐσήμαινεν</span> <span class='ocrx_word' id='word_1_295' title='bbox 568 2256 1114 2330; x_wconf 69' lang='grc' dir='ltr'>ἐπικεκαλυμμένως,</span> <span class='ocrx_word' id='word_1_296' title='bbox 1143 2259 1281 2330; x_wconf 81' lang='grc' dir='ltr'>μετὰ</span> <span class='ocrx_word' id='word_1_297' title='bbox 1310 2258 1366 2313; x_wconf 83' lang='grc' dir='ltr'><strong>δέ</strong></span> <span class='ocrx_word' id='word_1_298' title='bbox 1388 2258 1560 2314; x_wconf 83' lang='grc' dir='ltr'>ταῦτα</span> <span class='ocrx_word' id='word_1_299' title='bbox 1589 2259 1687 2331; x_wconf 85' lang='grc' dir='ltr'>τὴν</span> <span class='ocrx_word' id='word_1_300' title='bbox 1716 2260 1825 2314; x_wconf 86' lang='grc' dir='ltr'><strong>τῶν</strong></span> 
     </span>
    </p>
   </div>
   <div class='ocr_carea' id='block_1_40' title="bbox 260 2347 1824 2423">
    <p class='ocr_par' dir='ltr' id='par_1_40' title="bbox 260 2347 1824 2423">
     <span class='ocr_line' id='line_1_40' title="bbox 260 2347 1824 2423; baseline 0.003 -23"><span class='ocrx_word' id='word_1_301' title='bbox 260 2348 410 2417; x_wconf 68' lang='grc' dir='ltr'>ἐθνῶν</span> <span class='ocrx_word' id='word_1_302' title='bbox 435 2347 657 2419; x_wconf 85' lang='grc' dir='ltr'>κλῆσιν,</span> <span class='ocrx_word' id='word_1_303' title='bbox 687 2350 807 2403; x_wconf 85' lang='grc' dir='ltr'><strong>τοτέ</strong></span> <span class='ocrx_word' id='word_1_304' title='bbox 851 2351 948 2422; x_wconf 77' lang='grc' dir='ltr'>μὲν</span> <span class='ocrx_word' id='word_1_305' title='bbox 996 2351 1441 2423; x_wconf 83' lang='grc' dir='ltr'>κεκαλυμμὲνως,</span> <span class='ocrx_word' id='word_1_306' title='bbox 1485 2352 1604 2405; x_wconf 80' lang='grc' dir='ltr'>τοτὲ</span> <span class='ocrx_word' id='word_1_307' title='bbox 1643 2352 1699 2406; x_wconf 83' lang='grc' dir='ltr'>δὲ</span> <span class='ocrx_word' id='word_1_308' title='bbox 1726 2370 1824 2421; x_wconf 89' lang='grc' dir='ltr'>γυ-</span> 
     </span>
    </p>
   </div>
   <div class='ocr_carea' id='block_1_41' title="bbox 262 2437 1825 2515">
    <p class='ocr_par' dir='ltr' id='par_1_41' title="bbox 262 2437 1825 2515">
     <span class='ocr_line' id='line_1_41' title="bbox 262 2437 1825 2515; baseline 0.003 -23"><span class='ocrx_word' id='word_1_309' title='bbox 262 2439 420 2511; x_wconf 78' lang='grc' dir='ltr'>μνῶς’</span> <span class='ocrx_word' id='word_1_310' title='bbox 454 2441 688 2507; x_wconf 76' lang='grc' dir='ltr'>εἰκότως</span> <span class='ocrx_word' id='word_1_311' title='bbox 713 2437 869 2507; x_wconf 82' lang='grc' dir='ltr'>αὖθις</span> <span class='ocrx_word' id='word_1_312' title='bbox 892 2443 1355 2515; x_wconf 81' lang='grc' dir='ltr'>ἐπαναλαμϐάνων</span> <span class='ocrx_word' id='word_1_313' title='bbox 1381 2444 1472 2497; x_wconf 86' lang='grc' dir='ltr'>τὸν</span> <span class='ocrx_word' id='word_1_314' title='bbox 1501 2443 1679 2514; x_wconf 85' lang='grc' dir='ltr'>λόγον,</span> <span class='ocrx_word' id='word_1_315' title='bbox 1714 2443 1825 2497; x_wconf 90' lang='grc' dir='ltr'><strong>τῶν</strong></span> 
     </span>
    </p>
   </div>
   <div class='ocr_carea' id='block_1_42' title="bbox 258 2533 1823 2609">
    <p class='ocr_par' dir='ltr' id='par_1_42' title="bbox 258 2533 1823 2609">
     <span class='ocr_line' id='line_1_42' title="bbox 258 2533 1823 2609; baseline 0.004 -25"><span class='ocrx_word' id='word_1_316' title='bbox 258 2533 316 2584; x_wconf 77' lang='grc' dir='ltr'><strong>ἐκ</strong></span> <span class='ocrx_word' id='word_1_317' title='bbox 338 2534 639 2605; x_wconf 77' lang='grc' dir='ltr'>περιτομῆς</span> <span class='ocrx_word' id='word_1_318' title='bbox 674 2536 754 2599; x_wconf 82' lang='grc' dir='ltr'><strong>είς</strong></span> <span class='ocrx_word' id='word_1_319' title='bbox 794 2535 885 2589; x_wconf 81' lang='grc' dir='ltr'><strong>τὸν</strong></span> <span class='ocrx_word' id='word_1_320' title='bbox 926 2537 1159 2606; x_wconf 77' lang='grc' dir='ltr'>Χριστὸν</span> <span class='ocrx_word' id='word_1_321' title='bbox 1208 2536 1569 2591; x_wconf 81' lang='grc' dir='ltr'>πιστευόντων</span> <span class='ocrx_word' id='word_1_322' title='bbox 1616 2554 1823 2609; x_wconf 77' lang='grc' dir='ltr'>μνημοο</span> 
     </span>
    </p>
   </div>
   <div class='ocr_carea' id='block_1_43' title="bbox 259 2623 1823 2701">
    <p class='ocr_par' dir='ltr' id='par_1_43' title="bbox 259 2623 1823 2701">
     <span class='ocr_line' id='line_1_43' title="bbox 259 2623 1823 2701; baseline 0.006 -27"><span class='ocrx_word' id='word_1_323' title='bbox 259 2623 405 2690; x_wconf 73' lang='grc' dir='ltr'>νεύει,</span> <span class='ocrx_word' id='word_1_324' title='bbox 436 2626 581 2697; x_wconf 79' lang='grc' dir='ltr'>ὑπὲρ</span> <span class='ocrx_word' id='word_1_325' title='bbox 613 2627 709 2681; x_wconf 83' lang='grc' dir='ltr'><strong>τοῦ</strong></span> <span class='ocrx_word' id='word_1_326' title='bbox 740 2628 815 2698; x_wconf 89' lang='grc' dir='ltr'>μὴ</span> <span class='ocrx_word' id='word_1_327' title='bbox 840 2628 1013 2701; x_wconf 79' lang='grc' dir='ltr'>πάντῃ</span> <span class='ocrx_word' id='word_1_328' title='bbox 1041 2628 1359 2683; x_wconf 83' lang='grc' dir='ltr'>ἀποκλεῖσαι</span> <span class='ocrx_word' id='word_1_329' title='bbox 1400 2627 1578 2683; x_wconf 80' lang='grc' dir='ltr'>αὐτῶν</span> <span class='ocrx_word' id='word_1_330' title='bbox 1617 2628 1716 2701; x_wconf 81' lang='grc' dir='ltr'>τὴν</span> <span class='ocrx_word' id='word_1_331' title='bbox 1744 2631 1823 2693; x_wconf 86' lang='grc' dir='ltr'><strong>είς</strong></span> 
     </span>
    </p>
   </div>
   <div class='ocr_carea' id='block_1_44' title="bbox 258 2712 1839 2791">
    <p class='ocr_par' dir='ltr' id='par_1_44' title="bbox 258 2712 1839 2791">
     <span class='ocr_line' id='line_1_44' title="bbox 258 2712 1839 2791; baseline 0.003 -22"><span class='ocrx_word' id='word_1_332' title='bbox 258 2712 338 2769; x_wconf 64' lang='grc' dir='ltr'><strong>τὸν</strong></span> <span class='ocrx_word' id='word_1_333' title='bbox 367 2714 599 2786; x_wconf 78' lang='grc' dir='ltr'>Χριστὸν</span> <span class='ocrx_word' id='word_1_334' title='bbox 631 2718 843 2773; x_wconf 74' lang='grc' dir='ltr'>ἐλπίδα*</span> <span class='ocrx_word' id='word_1_335' title='bbox 868 2737 888 2771; x_wconf 80' lang='grc' dir='ltr'><strong>ι</strong></span> <span class='ocrx_word' id='word_1_336' title='bbox 925 2720 1116 2773; x_wconf 82' lang='grc' dir='ltr'>Ἔσται</span> <span class='ocrx_word' id='word_1_337' title='bbox 1151 2719 1250 2790; x_wconf 82' lang='grc' dir='ltr'>μὲν</span> <span class='ocrx_word' id='word_1_338' title='bbox 1293 2719 1420 2791; x_wconf 78' lang='grc' dir='ltr'>γὰρ,</span> <span class='ocrx_word' id='word_1_339' title='bbox 1457 2737 1477 2771; x_wconf 67' lang='grc' dir='ltr'><strong>ι</strong></span> <span class='ocrx_word' id='word_1_340' title='bbox 1511 2721 1694 2791; x_wconf 71' lang='grc' dir='ltr'>φησιν,</span> <span class='ocrx_word' id='word_1_341' title='bbox 1734 2739 1754 2772; x_wconf 78' lang='grc' dir='ltr'><strong>ι</strong></span> <span class='ocrx_word' id='word_1_342' title='bbox 1793 2721 1839 2783; x_wconf 27' lang='grc' dir='ltr'><strong>δη</strong></span> 
     </span>
    </p>
   </div>
   <div class='ocr_carea' id='block_1_45' title="bbox 257 2803 1819 2883">
    <p class='ocr_par' dir='ltr' id='par_1_45' title="bbox 257 2803 1819 2883">
     <span class='ocr_line' id='line_1_45' title="bbox 257 2803 1819 2883; baseline 0.003 -26"><span class='ocrx_word' id='word_1_343' title='bbox 257 2803 598 2874; x_wconf 79' lang='grc' dir='ltr'>ἀνιστάμενος</span> <span class='ocrx_word' id='word_1_344' title='bbox 628 2807 815 2879; x_wconf 77' lang='grc' dir='ltr'>ἄρχειν</span> <span class='ocrx_word' id='word_1_345' title='bbox 842 2807 1029 2863; x_wconf 84' lang='grc' dir='ltr'>ἐθνῶν.</span> <span class='ocrx_word' id='word_1_346' title='bbox 1073 2828 1093 2861; x_wconf 73' lang='grc' dir='ltr'><strong>ι</strong></span> <span class='ocrx_word' id='word_1_347' title='bbox 1124 2809 1221 2873; x_wconf 84' lang='grc' dir='ltr'><strong>Τίς</strong></span> <span class='ocrx_word' id='word_1_348' title='bbox 1253 2810 1299 2864; x_wconf 79' lang='grc' dir='ltr'>δ’</span> <span class='ocrx_word' id='word_1_349' title='bbox 1326 2806 1394 2880; x_wconf 81' lang='grc' dir='ltr'><strong>ῆν</strong></span> <span class='ocrx_word' id='word_1_350' title='bbox 1418 2812 1447 2863; x_wconf 88' lang='grc' dir='ltr'><strong>ό</strong></span> <span class='ocrx_word' id='word_1_351' title='bbox 1464 2809 1819 2883; x_wconf 74' lang='grc' dir='ltr'>ἀνιστάμενος</span> 
     </span>
    </p>
   </div>
   <div class='ocr_carea' id='block_1_46' title="bbox 259 2892 1818 2973">
    <p class='ocr_par' dir='ltr' id='par_1_46' title="bbox 259 2892 1818 2973">
     <span class='ocr_line' id='line_1_46' title="bbox 259 2892 1818 2973; baseline 0.005 -27"><span class='ocrx_word' id='word_1_352' title='bbox 259 2892 412 2965; x_wconf 74' lang='grc' dir='ltr'>ἀλλ’ἢ</span> <span class='ocrx_word' id='word_1_353' title='bbox 438 2896 569 2966; x_wconf 80' lang='grc' dir='ltr'>ῥίζα</span> <span class='ocrx_word' id='word_1_354' title='bbox 610 2897 705 2951; x_wconf 77' lang='grc' dir='ltr'>τοῦ</span> <span class='ocrx_word' id='word_1_355' title='bbox 740 2900 952 2963; x_wconf 82' lang='grc' dir='ltr'>Ἰεσσαὶ,</span> <span class='ocrx_word' id='word_1_356' title='bbox 991 2900 1050 2955; x_wconf 80' lang='grc' dir='ltr'>ὃν</span> <span class='ocrx_word' id='word_1_357' title='bbox 1083 2901 1178 2955; x_wconf 77' lang='grc' dir='ltr'><strong>καὶ</strong></span> <span class='ocrx_word' id='word_1_358' title='bbox 1218 2901 1402 2971; x_wconf 82' lang='grc' dir='ltr'>σαφῶς</span> <span class='ocrx_word' id='word_1_359' title='bbox 1435 2918 1599 2972; x_wconf 86' lang='grc' dir='ltr'>φησιν</span> <span class='ocrx_word' id='word_1_360' title='bbox 1635 2899 1818 2973; x_wconf 78' lang='grc' dir='ltr'>ἄρξειν</span> 
     </span>
    </p>
   </div>
   <div class='ocr_carea' id='block_1_47' title="bbox 257 2980 1817 3064">
    <p class='ocr_par' dir='ltr' id='par_1_47' title="bbox 257 2980 1817 3064">
     <span class='ocr_line' id='line_1_47' title="bbox 257 2980 1817 3064; baseline 0.006 -29"><span class='ocrx_word' id='word_1_361' title='bbox 257 2980 426 3046; x_wconf 69' lang='grc' dir='ltr'>ἐθνῶν,</span> <span class='ocrx_word' id='word_1_362' title='bbox 470 2983 589 3037; x_wconf 79' lang='grc' dir='ltr'>ἀλλ’</span> <span class='ocrx_word' id='word_1_363' title='bbox 631 2986 750 3056; x_wconf 77' lang='grc' dir='ltr'><strong>οὐχὶ</strong></span> <span class='ocrx_word' id='word_1_364' title='bbox 786 2988 1034 3060; x_wconf 74' lang='grc' dir='ltr'>Ἰσραηλς</span> <span class='ocrx_word' id='word_1_365' title='bbox 1083 2989 1298 3062; x_wconf 77' lang='grc' dir='ltr'>Ἐπειδὴ</span> <span class='ocrx_word' id='word_1_366' title='bbox 1341 2989 1519 3045; x_wconf 85' lang='grc' dir='ltr'>τοίνυν</span> <span class='ocrx_word' id='word_1_367' title='bbox 1549 2990 1817 3064; x_wconf 73' lang='grc' dir='ltr'>διαφόρως</span> 
     </span>
    </p>
   </div>
   <div class='ocr_carea' id='block_1_48' title="bbox 257 3072 1817 3154">
    <p class='ocr_par' dir='ltr' id='par_1_48' title="bbox 257 3072 1817 3154">
     <span class='ocr_line' id='line_1_48' title="bbox 257 3072 1817 3154; baseline 0.006 -28"><span class='ocrx_word' id='word_1_368' title='bbox 257 3072 342 3145; x_wconf 75' lang='grc' dir='ltr'>τὴν</span> <span class='ocrx_word' id='word_1_369' title='bbox 370 3074 474 3131; x_wconf 89' lang='grc' dir='ltr'><strong>τῶν</strong></span> <span class='ocrx_word' id='word_1_370' title='bbox 498 3076 673 3132; x_wconf 81' lang='grc' dir='ltr'>ἐθνῶν</span> <span class='ocrx_word' id='word_1_371' title='bbox 703 3080 1032 3153; x_wconf 78' lang='grc' dir='ltr'>ἐπιστροφὴν</span> <span class='ocrx_word' id='word_1_372' title='bbox 1070 3082 1164 3135; x_wconf 73' lang='grc' dir='ltr'>ἐπὶ</span> <span class='ocrx_word' id='word_1_373' title='bbox 1195 3082 1286 3135; x_wconf 76' lang='grc' dir='ltr'>τὸν</span> <span class='ocrx_word' id='word_1_374' title='bbox 1323 3084 1390 3136; x_wconf 79' lang='grc' dir='ltr'><strong>ἐκ</strong></span> <span class='ocrx_word' id='word_1_375' title='bbox 1424 3081 1579 3154; x_wconf 76' lang='grc' dir='ltr'>ῥίζης</span> <span class='ocrx_word' id='word_1_376' title='bbox 1622 3083 1817 3137; x_wconf 80' lang='grc' dir='ltr'>Ἰεσσαὶ</span> 
     </span>
    </p>
   </div>
   <div class='ocr_carea' id='block_1_49' title="bbox 260 3163 1816 3241">
    <p class='ocr_par' dir='ltr' id='par_1_49' title="bbox 260 3163 1816 3241">
     <span class='ocr_line' id='line_1_49' title="bbox 260 3163 1816 3241; baseline 0.003 -22"><span class='ocrx_word' id='word_1_377' title='bbox 260 3163 411 3231; x_wconf 74' lang='grc' dir='ltr'>φύντα</span> <span class='ocrx_word' id='word_1_378' title='bbox 462 3170 556 3222; x_wconf 70' lang='grc' dir='ltr'><strong>καὶ</strong></span> <span class='ocrx_word' id='word_1_379' title='bbox 600 3167 972 3241; x_wconf 84' lang='grc' dir='ltr'>βλαστήσαντα</span> <span class='ocrx_word' id='word_1_380' title='bbox 1021 3171 1278 3237; x_wconf 79' lang='grc' dir='ltr'>ἐδίδαξεν,</span> <span class='ocrx_word' id='word_1_381' title='bbox 1313 3172 1463 3225; x_wconf 82' lang='grc' dir='ltr'>οὐδὲν</span> <span class='ocrx_word' id='word_1_382' title='bbox 1504 3171 1561 3223; x_wconf 84' lang='grc' dir='ltr'>δὲ</span> <span class='ocrx_word' id='word_1_383' title='bbox 1607 3171 1816 3224; x_wconf 77' lang='grc' dir='ltr'>οὐδέπω</span> 
     </span>
    </p>
   </div>
   <div class='ocr_carea' id='block_1_50' title="bbox 1926 1980 3495 2055">
    <p class='ocr_par' dir='ltr' id='par_1_50' title="bbox 1926 1980 3495 2055">
     <span class='ocr_line' id='line_1_50' title="bbox 1926 1980 3495 2055; baseline -0.005 -15"><span class='ocrx_word' id='word_1_384' title='bbox 1926 1985 2017 2042; x_wconf 91' lang='lat' dir='ltr'><strong>die</strong></span> <span class='ocrx_word' id='word_1_385' title='bbox 2053 1986 2165 2050; x_wconf 86' lang='lat' dir='ltr'><strong>illa,</strong></span> <span class='ocrx_word' id='word_1_386' title='bbox 2196 1986 2354 2043; x_wconf 76' lang='lat' dir='ltr'><strong>radix</strong></span> <span class='ocrx_word' id='word_1_387' title='bbox 2386 1984 2557 2050; x_wconf 81' lang='lat' dir='ltr'><strong>Jesse,</strong></span> <span class='ocrx_word' id='word_1_388' title='bbox 2589 1994 2643 2041; x_wconf 91' lang='lat' dir='ltr'><strong>et</strong></span> <span class='ocrx_word' id='word_1_389' title='bbox 2663 1985 2756 2055; x_wconf 92' lang='lat' dir='ltr'><strong>qui</strong></span> <span class='ocrx_word' id='word_1_390' title='bbox 2790 1985 2964 2054; x_wconf 81' lang='lat' dir='ltr'><strong>surgit</strong></span> <span class='ocrx_word' id='word_1_391' title='bbox 2989 1992 3051 2038; x_wconf 90' lang='lat' dir='ltr'><strong>ut</strong></span> <span class='ocrx_word' id='word_1_392' title='bbox 3074 1983 3300 2054; x_wconf 89' lang='lat' dir='ltr'><strong>imperet</strong></span> <span class='ocrx_word' id='word_1_393' title='bbox 3321 1980 3495 2052; x_wconf 85' lang='lat' dir='ltr'><strong>genti-</strong></span> 
     </span>
    </p>
   </div>
   <div class='ocr_carea' id='block_1_51' title="bbox 1925 2072 3494 2150">
    <p class='ocr_par' dir='ltr' id='par_1_51' title="bbox 1925 2072 3494 2150">
     <span class='ocr_line' id='line_1_51' title="bbox 1925 2072 3494 2150; baseline -0.003 -17"><span class='ocrx_word' id='word_1_394' title='bbox 1925 2078 2051 2149; x_wconf 85' lang='lat' dir='ltr'><strong>bus,</strong></span> <span class='ocrx_word' id='word_1_395' title='bbox 2078 2079 2136 2133; x_wconf 92' lang='lat' dir='ltr'><strong>in</strong></span> <span class='ocrx_word' id='word_1_396' title='bbox 2170 2092 2237 2133; x_wconf 90' lang='lat' dir='ltr'><strong>eo</strong></span> <span class='ocrx_word' id='word_1_397' title='bbox 2263 2087 2449 2150; x_wconf 84' lang='lat' dir='ltr'><strong>gentes</strong></span> <span class='ocrx_word' id='word_1_398' title='bbox 2481 2078 2783 2149; x_wconf 78' lang='lat' dir='ltr'><strong>sperabunt</strong></span> <span class='ocrx_word' id='word_1_399' title='bbox 2820 2096 2833 2131; x_wconf 91' lang='lat'><strong>:</strong></span> <span class='ocrx_word' id='word_1_400' title='bbox 2872 2085 2930 2132; x_wconf 87' lang='lat' dir='ltr'><strong>et</strong></span> <span class='ocrx_word' id='word_1_401' title='bbox 2972 2076 3078 2132; x_wconf 89' lang='lat' dir='ltr'><strong>erit</strong></span> <span class='ocrx_word' id='word_1_402' title='bbox 3110 2075 3328 2146; x_wconf 87' lang='lat' dir='ltr'><strong>requies</strong></span> <span class='ocrx_word' id='word_1_403' title='bbox 3375 2072 3494 2142; x_wconf 86' lang='lat' dir='ltr'><strong>ejus</strong></span> 
     </span>
    </p>
   </div>
   <div class='ocr_carea' id='block_1_52' title="bbox 1925 2163 3493 2242">
    <p class='ocr_par' dir='ltr' id='par_1_52' title="bbox 1925 2163 3493 2242">
     <span class='ocr_line' id='line_1_52' title="bbox 1925 2163 3493 2242; baseline -0.002 -19"><span class='ocrx_word' id='word_1_404' title='bbox 1925 2183 2050 2242; x_wconf 87' lang='lat' dir='ltr'><strong>cum</strong></span> <span class='ocrx_word' id='word_1_405' title='bbox 2082 2169 2367 2226; x_wconf 77' lang='lat' dir='ltr'><strong>honore”.</strong></span> <span class='ocrx_word' id='word_1_406' title='bbox 2409 2190 2427 2221; x_wconf 72' lang='grc' dir='ltr'><strong>ι</strong></span> <span class='ocrx_word' id='word_1_407' title='bbox 2467 2168 2734 2236; x_wconf 85' lang='lat' dir='ltr'><strong>Quoniam</strong></span> <span class='ocrx_word' id='word_1_408' title='bbox 2769 2169 2934 2239; x_wconf 81' lang='lat' dir='ltr'><strong>igitur</strong></span> <span class='ocrx_word' id='word_1_409' title='bbox 2967 2167 3222 2237; x_wconf 77' lang='lat' dir='ltr'><strong>superius</strong></span> <span class='ocrx_word' id='word_1_410' title='bbox 3255 2163 3493 2221; x_wconf 69' lang='lat' dir='ltr'><strong>Iudaica:</strong></span> 
     </span>
    </p>
   </div>
   <div class='ocr_carea' id='block_1_53' title="bbox 1925 2260 3491 2335">
    <p class='ocr_par' dir='ltr' id='par_1_53' title="bbox 1925 2260 3491 2335">
     <span class='ocr_line' id='line_1_53' title="bbox 1925 2260 3491 2335; baseline -0.001 -21"><span class='ocrx_word' id='word_1_411' title='bbox 1925 2260 2346 2330; x_wconf 74' lang='lat' dir='ltr'><strong>gentisruinam</strong></span> <span class='ocrx_word' id='word_1_412' title='bbox 2381 2261 2622 2318; x_wconf 86' lang='lat' dir='ltr'><strong>involute</strong></span> <span class='ocrx_word' id='word_1_413' title='bbox 2651 2260 2997 2335; x_wconf 83' lang='lat' dir='ltr'><strong>signiﬁcavit,</strong></span> <span class='ocrx_word' id='word_1_414' title='bbox 3033 2266 3157 2330; x_wconf 88' lang='lat' dir='ltr'><strong>post</strong></span> <span class='ocrx_word' id='word_1_415' title='bbox 3194 2274 3323 2313; x_wconf 87' lang='lat' dir='ltr'><strong>vero</strong></span> <span class='ocrx_word' id='word_1_416' title='bbox 3358 2274 3491 2327; x_wconf 85' lang='lat' dir='ltr'><strong>gen-</strong></span> 
     </span>
    </p>
   </div>
   <div class='ocr_carea' id='block_1_54' title="bbox 1924 2350 3492 2422">
    <p class='ocr_par' dir='ltr' id='par_1_54' title="bbox 1924 2350 3492 2422">
     <span class='ocr_line' id='line_1_54' title="bbox 1924 2350 3492 2422; baseline 0.001 -19"><span class='ocrx_word' id='word_1_417' title='bbox 1924 2350 2061 2404; x_wconf 87' lang='lat' dir='ltr'><strong>tium</strong></span> <span class='ocrx_word' id='word_1_418' title='bbox 2106 2351 2469 2417; x_wconf 85' lang='lat' dir='ltr'><strong>vocationem,</strong></span> <span class='ocrx_word' id='word_1_419' title='bbox 2528 2367 2675 2408; x_wconf 91' lang='lat' dir='ltr'><strong>nunc</strong></span> <span class='ocrx_word' id='word_1_420' title='bbox 2715 2351 2932 2422; x_wconf 89' lang='lat' dir='ltr'><strong>quidem</strong></span> <span class='ocrx_word' id='word_1_421' title='bbox 2993 2350 3309 2412; x_wconf 89' lang='lat' dir='ltr'><strong>involutius,</strong></span> <span class='ocrx_word' id='word_1_422' title='bbox 3347 2365 3492 2404; x_wconf 88' lang='lat' dir='ltr'><strong>nunc</strong></span> 
     </span>
    </p>
   </div>
   <div class='ocr_carea' id='block_1_55' title="bbox 1923 2440 3494 2515">
    <p class='ocr_par' dir='ltr' id='par_1_55' title="bbox 1923 2440 3494 2515">
     <span class='ocr_line' id='line_1_55' title="bbox 1923 2440 3494 2515; baseline 0.001 -20"><span class='ocrx_word' id='word_1_423' title='bbox 1923 2448 2105 2515; x_wconf 80' lang='lat' dir='ltr'><strong>autem</strong></span> <span class='ocrx_word' id='word_1_424' title='bbox 2151 2442 2511 2513; x_wconf 82' lang='lat' dir='ltr'><strong>explicatius:</strong></span> <span class='ocrx_word' id='word_1_425' title='bbox 2546 2444 2743 2503; x_wconf 83' lang='lat' dir='ltr'><strong>merito</strong></span> <span class='ocrx_word' id='word_1_426' title='bbox 2793 2456 2995 2504; x_wconf 77' lang='lat' dir='ltr'><strong>rursus.</strong></span> <span class='ocrx_word' id='word_1_427' title='bbox 3037 2440 3286 2497; x_wconf 87' lang='lat' dir='ltr'><strong>eumdem</strong></span> <span class='ocrx_word' id='word_1_428' title='bbox 3336 2456 3494 2512; x_wconf 89' lang='lat' dir='ltr'><strong>repe-</strong></span> 
     </span>
    </p>
   </div>
   <div class='ocr_carea' id='block_1_56' title="bbox 1924 2533 3493 2606">
    <p class='ocr_par' dir='ltr' id='par_1_56' title="bbox 1924 2533 3493 2606">
     <span class='ocr_line' id='line_1_56' title="bbox 1924 2533 3493 2606; baseline -0.001 -18"><span class='ocrx_word' id='word_1_429' title='bbox 1924 2543 2046 2606; x_wconf 76' lang='lat' dir='ltr'><strong>tens</strong></span> <span class='ocrx_word' id='word_1_430' title='bbox 2099 2548 2429 2599; x_wconf 80' lang='lat' dir='ltr'><strong>sermonem,</strong></span> <span class='ocrx_word' id='word_1_431' title='bbox 2481 2535 2549 2590; x_wconf 91' lang='lat' dir='ltr'><strong>de</strong></span> <span class='ocrx_word' id='word_1_432' title='bbox 2601 2535 2668 2591; x_wconf 87' lang='lat' dir='ltr'><strong>iis</strong></span> <span class='ocrx_word' id='word_1_433' title='bbox 2700 2534 2796 2605; x_wconf 90' lang='lat' dir='ltr'><strong>qui</strong></span> <span class='ocrx_word' id='word_1_434' title='bbox 2850 2551 2931 2605; x_wconf 20' lang='lat' dir='ltr'><strong>ex.</strong></span> <span class='ocrx_word' id='word_1_435' title='bbox 2972 2533 3389 2589; x_wconf 85' lang='lat' dir='ltr'><strong>circumcisione</strong></span> <span class='ocrx_word' id='word_1_436' title='bbox 3434 2534 3493 2601; x_wconf 30' lang='lat' dir='ltr'><strong>in,</strong></span> 
     </span>
    </p>
   </div>
   <div class='ocr_carea' id='block_1_57' title="bbox 1921 2625 3505 2698">
    <p class='ocr_par' dir='ltr' id='par_1_57' title="bbox 1921 2625 3505 2698">
     <span class='ocr_line' id='line_1_57' title="bbox 1921 2625 3505 2698; baseline -0.001 -17"><span class='ocrx_word' id='word_1_437' title='bbox 1921 2626 2200 2681; x_wconf 82' lang='lat' dir='ltr'><strong>Christum</strong></span> <span class='ocrx_word' id='word_1_438' title='bbox 2231 2626 2492 2698; x_wconf 82' lang='lat' dir='ltr'><strong>credituri</strong></span> <span class='ocrx_word' id='word_1_439' title='bbox 2521 2635 2670 2697; x_wconf 87' lang='lat' dir='ltr'><strong>sunt,</strong></span> <span class='ocrx_word' id='word_1_440' title='bbox 2705 2632 3032 2692; x_wconf 88' lang='lat' dir='ltr'><strong>mentionem</strong></span> <span class='ocrx_word' id='word_1_441' title='bbox 3067 2625 3219 2691; x_wconf 75' lang='lat' dir='ltr'><strong>facit,</strong></span> <span class='ocrx_word' id='word_1_442' title='bbox 3251 2642 3319 2681; x_wconf 92' lang='lat' dir='ltr'><strong>ne</strong></span> <span class='ocrx_word' id='word_1_443' title='bbox 3340 2626 3505 2695; x_wconf 87' lang='lat' dir='ltr'><strong>omni</strong></span> 
     </span>
    </p>
   </div>
   <div class='ocr_carea' id='block_1_58' title="bbox 1920 2714 3507 2788">
    <p class='ocr_par' dir='ltr' id='par_1_58' title="bbox 1920 2714 3507 2788">
     <span class='ocr_line' id='line_1_58' title="bbox 1920 2714 3507 2788; baseline 0 -19"><span class='ocrx_word' id='word_1_444' title='bbox 1920 2716 2134 2779; x_wconf 84' lang='lat' dir='ltr'><strong>ratione</strong></span> <span class='ocrx_word' id='word_1_445' title='bbox 2179 2730 2210 2769; x_wconf 78' lang='grc' dir='ltr'><strong>ιι</strong></span> <span class='ocrx_word' id='word_1_446' title='bbox 2257 2715 2478 2784; x_wconf 83' lang='lat' dir='ltr'><strong>Christo</strong></span> <span class='ocrx_word' id='word_1_447' title='bbox 2524 2733 2674 2788; x_wconf 82' lang='lat' dir='ltr'><strong>spem</strong></span> <span class='ocrx_word' id='word_1_448' title='bbox 2721 2720 2938 2777; x_wconf 88' lang='lat' dir='ltr'><strong>illorum</strong></span> <span class='ocrx_word' id='word_1_449' title='bbox 2991 2717 3261 2788; x_wconf 76' lang='lat' dir='ltr'><strong>excludat.</strong></span> <span class='ocrx_word' id='word_1_450' title='bbox 3299 2736 3318 2769; x_wconf 79' lang='grc' dir='ltr'><strong>ι</strong></span> <span class='ocrx_word' id='word_1_451' title='bbox 3373 2714 3507 2783; x_wconf 38' lang='lat' dir='ltr'><strong>Erit.</strong></span> 
     </span>
    </p>
   </div>
   <div class='ocr_carea' id='block_1_59' title="bbox 1919 2808 3503 2880">
    <p class='ocr_par' dir='ltr' id='par_1_59' title="bbox 1919 2808 3503 2880">
     <span class='ocr_line' id='line_1_59' title="bbox 1919 2808 3503 2880; baseline -0.003 -17"><span class='ocrx_word' id='word_1_452' title='bbox 1919 2810 2087 2873; x_wconf 91' lang='lat' dir='ltr'><strong>enim,</strong></span> <span class='ocrx_word' id='word_1_453' title='bbox 2140 2808 2338 2880; x_wconf 86' lang='lat' dir='ltr'><strong>inquit,</strong></span> <span class='ocrx_word' id='word_1_454' title='bbox 2384 2809 2479 2879; x_wconf 93' lang='lat' dir='ltr'><strong>qui</strong></span> <span class='ocrx_word' id='word_1_455' title='bbox 2526 2810 2719 2878; x_wconf 83' lang='lat' dir='ltr'><strong>surgit,</strong></span> <span class='ocrx_word' id='word_1_456' title='bbox 2770 2818 2831 2864; x_wconf 87' lang='lat' dir='ltr'><strong>nt</strong></span> <span class='ocrx_word' id='word_1_457' title='bbox 2885 2809 3112 2877; x_wconf 87' lang='lat' dir='ltr'><strong>imperet</strong></span> <span class='ocrx_word' id='word_1_458' title='bbox 3145 2808 3418 2878; x_wconf 75' lang='lat' dir='ltr'><strong>gentibus.</strong></span> <span class='ocrx_word' id='word_1_459' title='bbox 3462 2826 3503 2869; x_wconf 63' lang='grc' dir='ltr'><strong>ι,</strong></span> 
     </span>
    </p>
   </div>
   <div class='ocr_carea' id='block_1_60' title="bbox 1923 2896 3496 2985">
    <p class='ocr_par' dir='ltr' id='par_1_60' title="bbox 1923 2896 3496 2985">
     <span class='ocr_line' id='line_1_60' title="bbox 1923 2896 3496 2985; baseline -0.001 -31"><span class='ocrx_word' id='word_1_460' title='bbox 1923 2898 2028 2954; x_wconf 89' lang='lat' dir='ltr'><strong>Sed</strong></span> <span class='ocrx_word' id='word_1_461' title='bbox 2063 2899 2186 2969; x_wconf 89' lang='lat' dir='ltr'><strong>quis</strong></span> <span class='ocrx_word' id='word_1_462' title='bbox 2213 2899 2431 2954; x_wconf 89' lang='lat' dir='ltr'><strong>tandem</strong></span> <span class='ocrx_word' id='word_1_463' title='bbox 2466 2898 2556 2953; x_wconf 85' lang='lat' dir='ltr'><strong>hic</strong></span> <span class='ocrx_word' id='word_1_464' title='bbox 2584 2907 2668 2955; x_wconf 89' lang='lat' dir='ltr'><strong>est</strong></span> <span class='ocrx_word' id='word_1_465' title='bbox 2690 2901 2784 2971; x_wconf 86' lang='lat' dir='ltr'><strong>qui</strong></span> <span class='ocrx_word' id='word_1_466' title='bbox 2806 2900 3002 2971; x_wconf 85' lang='lat' dir='ltr'><strong>surgit,</strong></span> <span class='ocrx_word' id='word_1_467' title='bbox 3041 2898 3148 2953; x_wconf 90' lang='lat' dir='ltr'><strong>nisi</strong></span> <span class='ocrx_word' id='word_1_468' title='bbox 3176 2896 3496 2985; x_wconf 14' lang='lat' dir='ltr'><strong>radixrlesi</strong></span> 
     </span>
    </p>
   </div>
   <div class='ocr_carea' id='block_1_61' title="bbox 1920 2990 3487 3063">
    <p class='ocr_par' dir='ltr' id='par_1_61' title="bbox 1920 2990 3487 3063">
     <span class='ocr_line' id='line_1_61' title="bbox 1920 2990 3487 3063; baseline -0.001 -14"><span class='ocrx_word' id='word_1_469' title='bbox 1920 3008 1979 3049; x_wconf 89' lang='lat' dir='ltr'><strong>se</strong></span> <span class='ocrx_word' id='word_1_470' title='bbox 1992 2994 2025 3047; x_wconf 59' lang='grc' dir='ltr'>ἰη</span> <span class='ocrx_word' id='word_1_471' title='bbox 2044 3006 2205 3062; x_wconf 89' lang='lat' dir='ltr'><strong>quem</strong></span> <span class='ocrx_word' id='word_1_472' title='bbox 2238 2990 2401 3047; x_wconf 90' lang='lat' dir='ltr'><strong>etiam</strong></span> <span class='ocrx_word' id='word_1_473' title='bbox 2435 2992 2686 3061; x_wconf 87' lang='lat' dir='ltr'><strong>gentibus</strong></span> <span class='ocrx_word' id='word_1_474' title='bbox 2710 3008 2820 3048; x_wconf 90' lang='lat' dir='ltr'><strong>non</strong></span> <span class='ocrx_word' id='word_1_475' title='bbox 2854 2993 2959 3063; x_wconf 88' lang='lat' dir='ltr'><strong>ipsi</strong></span> <span class='ocrx_word' id='word_1_476' title='bbox 2988 2992 3156 3048; x_wconf 85' lang='lat' dir='ltr'><strong>Israel</strong></span> <span class='ocrx_word' id='word_1_477' title='bbox 3191 2994 3487 3063; x_wconf 80' lang='lat' dir='ltr'><strong>imperatu—</strong></span> 
     </span>
    </p>
   </div>
   <div class='ocr_carea' id='block_1_62' title="bbox 1918 3081 3505 3156">
    <p class='ocr_par' dir='ltr' id='par_1_62' title="bbox 1918 3081 3505 3156">
     <span class='ocr_line' id='line_1_62' title="bbox 1918 3081 3505 3156; baseline 0.002 -20"><span class='ocrx_word' id='word_1_478' title='bbox 1918 3097 2039 3137; x_wconf 92' lang='lat' dir='ltr'><strong>rum</strong></span> <span class='ocrx_word' id='word_1_479' title='bbox 2067 3081 2314 3155; x_wconf 81' lang='lat' dir='ltr'><strong>allirmat.</strong></span> <span class='ocrx_word' id='word_1_480' title='bbox 2351 3082 2617 3153; x_wconf 85' lang='lat' dir='ltr'><strong>Quoniam</strong></span> <span class='ocrx_word' id='word_1_481' title='bbox 2647 3099 2778 3154; x_wconf 88' lang='lat' dir='ltr'><strong>ergo</strong></span> <span class='ocrx_word' id='word_1_482' title='bbox 2807 3084 2955 3139; x_wconf 86' lang='lat' dir='ltr'><strong>varie</strong></span> <span class='ocrx_word' id='word_1_483' title='bbox 2978 3084 3162 3139; x_wconf 87' lang='lat' dir='ltr'><strong>docuit</strong></span> <span class='ocrx_word' id='word_1_484' title='bbox 3196 3084 3334 3147; x_wconf 87' lang='lat' dir='ltr'><strong>hanc</strong></span> <span class='ocrx_word' id='word_1_485' title='bbox 3354 3099 3505 3156; x_wconf 11' lang='lat' dir='ltr'><strong>gen-7</strong></span> 
     </span>
    </p>
   </div>
   <div class='ocr_carea' id='block_1_63' title="bbox 1919 3175 3505 3246">
    <p class='ocr_par' dir='ltr' id='par_1_63' title="bbox 1919 3175 3505 3246">
     <span class='ocr_line' id='line_1_63' title="bbox 1919 3175 3505 3246; baseline 0.003 -18"><span class='ocrx_word' id='word_1_486' title='bbox 1919 3175 2054 3241; x_wconf 84' lang='lat' dir='ltr'><strong>tium</strong></span> <span class='ocrx_word' id='word_1_487' title='bbox 2107 3175 2544 3239; x_wconf 81' lang='lat' dir='ltr'><strong>conversionem,</strong></span> <span class='ocrx_word' id='word_1_488' title='bbox 2580 3176 2647 3230; x_wconf 87' lang='lat' dir='ltr'><strong>ad</strong></span> <span class='ocrx_word' id='word_1_489' title='bbox 2683 3192 2805 3230; x_wconf 88' lang='lat' dir='ltr'><strong>eum</strong></span> <span class='ocrx_word' id='word_1_490' title='bbox 2849 3176 2939 3246; x_wconf 92' lang='lat' dir='ltr'><strong>qui</strong></span> <span class='ocrx_word' id='word_1_491' title='bbox 2989 3177 3056 3232; x_wconf 93' lang='lat' dir='ltr'><strong>de</strong></span> <span class='ocrx_word' id='word_1_492' title='bbox 3116 3177 3301 3232; x_wconf 88' lang='lat' dir='ltr'><strong>radice</strong></span> <span class='ocrx_word' id='word_1_493' title='bbox 3331 3175 3505 3233; x_wconf 80' lang='lat' dir='ltr'><strong>Jesse.</strong></span> 
     </span>
    </p>
   </div>
   <div class='ocr_carea' id='block_1_64' title="bbox 258 3254 1819 3339">
    <p class='ocr_par' dir='ltr' id='par_1_64' title="bbox 258 3254 1816 3335">
     <span class='ocr_line' id='line_1_64' title="bbox 258 3254 1816 3335; baseline 0.006 -28"><span class='ocrx_word' id='word_1_494' title='bbox 258 3254 468 3327; x_wconf 75' lang='grc' dir='ltr'>Χριστὸν</span> <span class='ocrx_word' id='word_1_495' title='bbox 506 3262 639 3332; x_wconf 79' lang='grc' dir='ltr'>περὶ</span> <span class='ocrx_word' id='word_1_496' title='bbox 686 3261 795 3315; x_wconf 88' lang='grc' dir='ltr'><strong>τῶν</strong></span> <span class='ocrx_word' id='word_1_497' title='bbox 839 3262 904 3316; x_wconf 86' lang='grc' dir='ltr'><strong>ἐκ</strong></span> <span class='ocrx_word' id='word_1_498' title='bbox 954 3263 1254 3335; x_wconf 86' lang='grc' dir='ltr'>περιτομῆς</span> <span class='ocrx_word' id='word_1_499' title='bbox 1298 3265 1543 3335; x_wconf 85' lang='grc' dir='ltr'>είρήκει·</span> <span class='ocrx_word' id='word_1_500' title='bbox 1593 3264 1816 3326; x_wconf 79' lang='grc' dir='ltr'>εἰκότως</span> 
     </span>
    </p>
   </div>
   <div class='ocr_carea' id='block_1_65' title="bbox 1918 3254 3485 3339">
    <p class='ocr_par' dir='ltr' id='par_1_65' title="bbox 1918 3266 3485 3339">
     <span class='ocr_line' id='line_1_65' title="bbox 1918 3266 3485 3339; baseline 0.004 -20"><span class='ocrx_word' id='word_1_501' title='bbox 1918 3273 2191 3331; x_wconf 87' lang='lat' dir='ltr'><strong>nascetur,</strong></span> <span class='ocrx_word' id='word_1_502' title='bbox 2221 3274 2275 3322; x_wconf 87' lang='lat' dir='ltr'><strong>et</strong></span> <span class='ocrx_word' id='word_1_503' title='bbox 2299 3267 2602 3336; x_wconf 83' lang='lat' dir='ltr'><strong>pullulabit,</strong></span> <span class='ocrx_word' id='word_1_504' title='bbox 2634 3266 2863 3322; x_wconf 90' lang='lat' dir='ltr'><strong>necdum</strong></span> <span class='ocrx_word' id='word_1_505' title='bbox 2911 3269 3038 3322; x_wconf 90' lang='lat' dir='ltr'><strong>boni</strong></span> <span class='ocrx_word' id='word_1_506' title='bbox 3097 3269 3391 3339; x_wconf 85' lang='lat' dir='ltr'><strong>quidquam</strong></span> <span class='ocrx_word' id='word_1_507' title='bbox 3417 3271 3485 3325; x_wconf 80' lang='lat' dir='ltr'><strong>de</strong></span> 
     </span>
    </p>
   </div>
   <div class='ocr_carea' id='block_1_66' title="bbox 258 3346 1806 3427">
    <p class='ocr_par' dir='ltr' id='par_1_66' title="bbox 258 3346 1806 3427">
     <span class='ocr_line' id='line_1_66' title="bbox 258 3346 1806 3427; baseline 0.006 -28"><span class='ocrx_word' id='word_1_508' title='bbox 258 3346 310 3399; x_wconf 82' lang='grc' dir='ltr'><strong>τὺ</strong></span> <span class='ocrx_word' id='word_1_509' title='bbox 349 3348 588 3416; x_wconf 81' lang='grc' dir='ltr'>ἐλλειπές</span> <span class='ocrx_word' id='word_1_510' title='bbox 634 3352 738 3427; x_wconf 82' lang='grc' dir='ltr'><strong>τῆς</strong></span> <span class='ocrx_word' id='word_1_511' title='bbox 792 3356 1148 3427; x_wconf 81' lang='grc' dir='ltr'>προρῥήσεως</span> <span class='ocrx_word' id='word_1_512' title='bbox 1191 3356 1504 3419; x_wconf 83' lang='grc' dir='ltr'>ἀποδίδωσι,</span> <span class='ocrx_word' id='word_1_513' title='bbox 1555 3356 1806 3426; x_wconf 61' lang='grc' dir='ltr'>φάσκων</span> 
     </span>
    </p>
   </div>
   <div class='ocr_carea' id='block_1_67' title="bbox 261 3440 1812 3522">
    <p class='ocr_par' dir='ltr' id='par_1_67' title="bbox 261 3440 1812 3522">
     <span class='ocr_line' id='line_1_67' title="bbox 261 3440 1812 3522; baseline 0.004 -29"><span class='ocrx_word' id='word_1_514' title='bbox 261 3457 279 3488; x_wconf 79' lang='grc' dir='ltr'><strong>ι</strong></span> <span class='ocrx_word' id='word_1_515' title='bbox 316 3440 413 3494; x_wconf 77' lang='grc' dir='ltr'><strong>Καὶ</strong></span> <span class='ocrx_word' id='word_1_516' title='bbox 445 3441 604 3499; x_wconf 77' lang='grc' dir='ltr'>ἐσται</span> <span class='ocrx_word' id='word_1_517' title='bbox 636 3446 692 3498; x_wconf 90' lang='grc' dir='ltr'><strong>ἐν</strong></span> <span class='ocrx_word' id='word_1_518' title='bbox 722 3449 790 3517; x_wconf 83' lang='grc' dir='ltr'>τῇ</span> <span class='ocrx_word' id='word_1_519' title='bbox 844 3447 1024 3520; x_wconf 77' lang='grc' dir='ltr'>ἡμέρᾳ</span> <span class='ocrx_word' id='word_1_520' title='bbox 1070 3448 1274 3522; x_wconf 78' lang='grc' dir='ltr'>ἐκείνῃ,</span> <span class='ocrx_word' id='word_1_521' title='bbox 1315 3468 1335 3501; x_wconf 78' lang='grc' dir='ltr'><strong>ι</strong></span> <span class='ocrx_word' id='word_1_522' title='bbox 1378 3448 1524 3502; x_wconf 78' lang='grc' dir='ltr'>τοῦτ’</span> <span class='ocrx_word' id='word_1_523' title='bbox 1562 3448 1708 3501; x_wconf 80' lang='grc' dir='ltr'>εστιν</span> <span class='ocrx_word' id='word_1_524' title='bbox 1754 3449 1812 3500; x_wconf 81' lang='grc' dir='ltr'><strong>ἐν</strong></span> 
     </span>
    </p>
   </div>
   <div class='ocr_carea' id='block_1_68' title="bbox 257 3532 1810 3614">
    <p class='ocr_par' dir='ltr' id='par_1_68' title="bbox 257 3532 1810 3614">
     <span class='ocr_line' id='line_1_68' title="bbox 257 3532 1810 3614; baseline -0.006 -11"><span class='ocrx_word' id='word_1_525' title='bbox 257 3532 324 3602; x_wconf 67' lang='grc' dir='ltr'><strong>τῷ</strong></span> <span class='ocrx_word' id='word_1_526' title='bbox 344 3535 515 3608; x_wconf 79' lang='grc' dir='ltr'>χρόνῳ</span> <span class='ocrx_word' id='word_1_527' title='bbox 544 3538 646 3609; x_wconf 79' lang='grc' dir='ltr'><strong>τῆς</strong></span> <span class='ocrx_word' id='word_1_528' title='bbox 676 3539 995 3611; x_wconf 66' lang='grc' dir='ltr'>ἐπιφανείας</span> <span class='ocrx_word' id='word_1_529' title='bbox 1025 3540 1120 3595; x_wconf 81' lang='grc' dir='ltr'>τοῦ</span> <span class='ocrx_word' id='word_1_530' title='bbox 1160 3544 1226 3595; x_wconf 80' lang='grc' dir='ltr'><strong>ἐκ</strong></span> <span class='ocrx_word' id='word_1_531' title='bbox 1259 3540 1417 3614; x_wconf 80' lang='grc' dir='ltr'>ῥίζης</span> <span class='ocrx_word' id='word_1_532' title='bbox 1450 3540 1642 3595; x_wconf 83' lang='grc' dir='ltr'>Ἰεσσαὶ</span> <span class='ocrx_word' id='word_1_533' title='bbox 1677 3542 1810 3610; x_wconf 86' lang='grc' dir='ltr'>φύν-</span> 
     </span>
    </p>
   </div>
   <div class='ocr_carea' id='block_1_69' title="bbox 256 3629 1807 3704">
    <p class='ocr_par' dir='ltr' id='par_1_69' title="bbox 256 3629 1807 3704">
     <span class='ocr_line' id='line_1_69' title="bbox 256 3629 1807 3704; baseline -0.001 -16"><span class='ocrx_word' id='word_1_534' title='bbox 256 3639 352 3688; x_wconf 77' lang='grc' dir='ltr'><strong>τος.</strong></span> <span class='ocrx_word' id='word_1_535' title='bbox 380 3644 399 3677; x_wconf 71' lang='grc' dir='ltr'><strong>ι</strong></span> <span class='ocrx_word' id='word_1_536' title='bbox 432 3629 731 3703; x_wconf 79' lang='grc' dir='ltr'>προσθήσει</span> <span class='ocrx_word' id='word_1_537' title='bbox 762 3630 963 3703; x_wconf 84' lang='grc' dir='ltr'>Κύριος</span> <span class='ocrx_word' id='word_1_538' title='bbox 988 3631 1082 3685; x_wconf 78' lang='grc' dir='ltr'><strong>τοῦ</strong></span> <span class='ocrx_word' id='word_1_539' title='bbox 1113 3632 1281 3697; x_wconf 79' lang='grc' dir='ltr'>δεῖξαι</span> <span class='ocrx_word' id='word_1_540' title='bbox 1314 3633 1411 3703; x_wconf 73' lang='grc' dir='ltr'>τὴν</span> <span class='ocrx_word' id='word_1_541' title='bbox 1445 3634 1601 3704; x_wconf 75' lang='grc' dir='ltr'>χεῖρα</span> <span class='ocrx_word' id='word_1_542' title='bbox 1623 3633 1807 3697; x_wconf 75' lang='grc' dir='ltr'>αὐτοῦ,</span> 
     </span>
    </p>
   </div>
   <div class='ocr_carea' id='block_1_70' title="bbox 256 3714 1807 3794">
    <p class='ocr_par' dir='ltr' id='par_1_70' title="bbox 256 3714 1807 3794">
     <span class='ocr_line' id='line_1_70' title="bbox 256 3714 1807 3794; baseline -0.001 -16"><span class='ocrx_word' id='word_1_543' title='bbox 256 3714 487 3788; x_wconf 75' lang='grc' dir='ltr'>ζητῆσαι,</span> <span class='ocrx_word' id='word_1_544' title='bbox 515 3722 613 3774; x_wconf 72' lang='grc' dir='ltr'>καὶ</span> <span class='ocrx_word' id='word_1_545' title='bbox 640 3721 877 3794; x_wconf 78' lang='grc' dir='ltr'>ζηλῶσαι</span> <span class='ocrx_word' id='word_1_546' title='bbox 909 3723 971 3777; x_wconf 85' lang='grc' dir='ltr'>τὸ</span> <span class='ocrx_word' id='word_1_547' title='bbox 1008 3723 1359 3793; x_wconf 86' lang='grc' dir='ltr'>καταλειφθὲν</span> <span class='ocrx_word' id='word_1_548' title='bbox 1396 3724 1682 3779; x_wconf 80' lang='grc' dir='ltr'>ὑπόλοιπον</span> <span class='ocrx_word' id='word_1_549' title='bbox 1713 3724 1807 3777; x_wconf 76' lang='grc' dir='ltr'>τοῦ</span> 
     </span>
    </p>
   </div>
   <div class='ocr_carea' id='block_1_71' title="bbox 256 3804 1807 3886">
    <p class='ocr_par' dir='ltr' id='par_1_71' title="bbox 256 3804 1807 3886">
     <span class='ocr_line' id='line_1_71' title="bbox 256 3804 1807 3886; baseline 0.005 -26"><span class='ocrx_word' id='word_1_550' title='bbox 256 3804 385 3871; x_wconf 76' lang='grc' dir='ltr'>λαοῦ,</span> <span class='ocrx_word' id='word_1_551' title='bbox 413 3809 443 3863; x_wconf 83' lang='grc' dir='ltr'><strong>δ</strong></span> <span class='ocrx_word' id='word_1_552' title='bbox 468 3811 540 3864; x_wconf 80' lang='grc' dir='ltr'>ἂν</span> <span class='ocrx_word' id='word_1_553' title='bbox 572 3812 904 3886; x_wconf 72' lang='grc' dir='ltr'>καταλειφθῇ</span> <span class='ocrx_word' id='word_1_554' title='bbox 935 3814 1047 3868; x_wconf 81' lang='grc' dir='ltr'>ἀπὸ</span> <span class='ocrx_word' id='word_1_555' title='bbox 1070 3814 1234 3869; x_wconf 89' lang='grc' dir='ltr'>τῶνδε</span> <span class='ocrx_word' id='word_1_556' title='bbox 1266 3815 1361 3870; x_wconf 73' lang='grc' dir='ltr'>καὶ</span> <span class='ocrx_word' id='word_1_557' title='bbox 1390 3814 1687 3869; x_wconf 87' lang='grc' dir='ltr'>τῶνδε-τῶν</span> <span class='ocrx_word' id='word_1_558' title='bbox 1712 3832 1807 3868; x_wconf 85' lang='grc' dir='ltr'>πο-</span> 
     </span>
    </p>
   </div>
   <div class='ocr_carea' id='block_1_72' title="bbox 255 3895 1819 3979">
    <p class='ocr_par' dir='ltr' id='par_1_72' title="bbox 255 3895 1819 3979">
     <span class='ocr_line' id='line_1_72' title="bbox 255 3895 1819 3979; baseline 0.004 -25"><span class='ocrx_word' id='word_1_559' title='bbox 255 3895 451 3969; x_wconf 74' lang='grc' dir='ltr'>λεμίων.</span> <span class='ocrx_word' id='word_1_560' title='bbox 488 3922 511 3955; x_wconf 76' lang='grc' dir='ltr'><strong>ι</strong></span> <span class='ocrx_word' id='word_1_561' title='bbox 562 3903 703 3979; x_wconf 72' lang='grc' dir='ltr'>Ἀνθ’</span> <span class='ocrx_word' id='word_1_562' title='bbox 746 3901 807 3958; x_wconf 77' lang='grc' dir='ltr'><strong>οὗ</strong></span> <span class='ocrx_word' id='word_1_563' title='bbox 855 3908 884 3960; x_wconf 89' lang='grc' dir='ltr'><strong>ό</strong></span> <span class='ocrx_word' id='word_1_564' title='bbox 940 3907 1040 3978; x_wconf 84' lang='grc' dir='ltr'>μὲν</span> <span class='ocrx_word' id='word_1_565' title='bbox 1083 3908 1313 3973; x_wconf 81' lang='grc' dir='ltr'>’Δκύλας</span> <span class='ocrx_word' id='word_1_566' title='bbox 1362 3908 1650 3976; x_wconf 81' lang='grc' dir='ltr'>πεποίηκε’</span> <span class='ocrx_word' id='word_1_567' title='bbox 1696 3907 1819 3962; x_wconf 61' lang='grc' dir='ltr'><strong>Καὶ</strong></span> 
     </span>
    </p>
   </div>
   <div class='ocr_carea' id='block_1_73' title="bbox 254 3987 1808 4071">
    <p class='ocr_par' dir='ltr' id='par_1_73' title="bbox 254 3987 1808 4071">
     <span class='ocr_line' id='line_1_73' title="bbox 254 3987 1808 4071; baseline 0.007 -30"><span class='ocrx_word' id='word_1_568' title='bbox 254 3987 385 4046; x_wconf 81' lang='grc' dir='ltr'>ισται</span> <span class='ocrx_word' id='word_1_569' title='bbox 414 3996 472 4048; x_wconf 88' lang='grc' dir='ltr'><strong>ἐν</strong></span> <span class='ocrx_word' id='word_1_570' title='bbox 504 3998 573 4067; x_wconf 75' lang='grc' dir='ltr'><strong>τῇ</strong></span> <span class='ocrx_word' id='word_1_571' title='bbox 603 3997 784 4069; x_wconf 76' lang='grc' dir='ltr'>ἡμέρᾳ</span> <span class='ocrx_word' id='word_1_572' title='bbox 814 3998 1018 4071; x_wconf 82' lang='grc' dir='ltr'>ἐκείνῃ,</span> <span class='ocrx_word' id='word_1_573' title='bbox 1057 3999 1350 4071; x_wconf 76' lang='grc' dir='ltr'>προσθήσει</span> <span class='ocrx_word' id='word_1_574' title='bbox 1385 3998 1587 4068; x_wconf 82' lang='grc' dir='ltr'>Κύριος</span> <span class='ocrx_word' id='word_1_575' title='bbox 1627 3998 1808 4052; x_wconf 87' lang='grc' dir='ltr'>δεύτε-</span> 
     </span>
    </p>
   </div>
   <div class='ocr_carea' id='block_1_74' title="bbox 256 4082 1807 4161">
    <p class='ocr_par' dir='ltr' id='par_1_74' title="bbox 256 4082 1807 4161">
     <span class='ocr_line' id='line_1_74' title="bbox 256 4082 1807 4161; baseline 0.005 -26"><span class='ocrx_word' id='word_1_576' title='bbox 256 4096 333 4150; x_wconf 81' lang='grc' dir='ltr'><strong>ρον</strong></span> <span class='ocrx_word' id='word_1_577' title='bbox 360 4082 454 4154; x_wconf 81' lang='grc' dir='ltr'><strong>τῆν</strong></span> <span class='ocrx_word' id='word_1_578' title='bbox 498 4087 658 4158; x_wconf 79' lang='grc' dir='ltr'>χεῖρα</span> <span class='ocrx_word' id='word_1_579' title='bbox 700 4086 883 4152; x_wconf 82' lang='grc' dir='ltr'>αὐτοῦ,</span> <span class='ocrx_word' id='word_1_580' title='bbox 925 4087 1018 4161; x_wconf 76' lang='grc' dir='ltr'><strong>τοῦ</strong></span> <span class='ocrx_word' id='word_1_581' title='bbox 1068 4088 1366 4160; x_wconf 87' lang='grc' dir='ltr'>κτήσασθαι</span> <span class='ocrx_word' id='word_1_582' title='bbox 1397 4090 1465 4144; x_wconf 76' lang='grc' dir='ltr'>τὸ</span> <span class='ocrx_word' id='word_1_583' title='bbox 1493 4089 1807 4160; x_wconf 82' lang='grc' dir='ltr'>ὑπόλειμμα</span> 
     </span>
    </p>
   </div>
   <div class='ocr_carea' id='block_1_75' title="bbox 254 4170 1804 4252">
    <p class='ocr_par' dir='ltr' id='par_1_75' title="bbox 254 4170 1804 4252">
     <span class='ocr_line' id='line_1_75' title="bbox 254 4170 1804 4252; baseline 0.006 -26"><span class='ocrx_word' id='word_1_584' title='bbox 254 4170 330 4225; x_wconf 76' lang='grc' dir='ltr'>τοῦ</span> <span class='ocrx_word' id='word_1_585' title='bbox 358 4174 482 4229; x_wconf 81' lang='grc' dir='ltr'>λαοῦ</span> <span class='ocrx_word' id='word_1_586' title='bbox 514 4177 703 4244; x_wconf 82' lang='grc' dir='ltr'>αὐτοῦ,</span> <span class='ocrx_word' id='word_1_587' title='bbox 744 4178 774 4231; x_wconf 84' lang='grc' dir='ltr'><strong>δ</strong></span> <span class='ocrx_word' id='word_1_588' title='bbox 813 4179 1268 4252; x_wconf 81' lang='grc' dir='ltr'>ύπολειφθήσεται</span> <span class='ocrx_word' id='word_1_589' title='bbox 1318 4181 1426 4234; x_wconf 83' lang='grc' dir='ltr'>άπὸ</span> <span class='ocrx_word' id='word_1_590' title='bbox 1467 4181 1576 4235; x_wconf 91' lang='grc' dir='ltr'><strong>τῶν</strong></span> <span class='ocrx_word' id='word_1_591' title='bbox 1615 4181 1804 4235; x_wconf 81' lang='grc' dir='ltr'>’Δσσυ-</span> 
     </span>
    </p>
   </div>
   <div class='ocr_carea' id='block_1_76' title="bbox 257 4265 1802 4346">
    <p class='ocr_par' dir='ltr' id='par_1_76' title="bbox 257 4265 1802 4346">
     <span class='ocr_line' id='line_1_76' title="bbox 257 4265 1802 4346; baseline 0.005 -26"><span class='ocrx_word' id='word_1_592' title='bbox 257 4265 386 4333; x_wconf 80' lang='grc' dir='ltr'>ρξων,</span> <span class='ocrx_word' id='word_1_593' title='bbox 407 4270 502 4324; x_wconf 78' lang='grc' dir='ltr'>καὶ</span> <span class='ocrx_word' id='word_1_594' title='bbox 532 4270 641 4325; x_wconf 76' lang='grc' dir='ltr'><strong>τῶν</strong></span> <span class='ocrx_word' id='word_1_595' title='bbox 663 4270 804 4341; x_wconf 76' lang='grc' dir='ltr'>ἑξῆς.</span> <span class='ocrx_word' id='word_1_596' title='bbox 832 4273 1061 4345; x_wconf 82' lang='grc' dir='ltr'>Νοήσεις</span> <span class='ocrx_word' id='word_1_597' title='bbox 1082 4274 1140 4327; x_wconf 80' lang='grc' dir='ltr'>δὲ</span> <span class='ocrx_word' id='word_1_598' title='bbox 1157 4274 1250 4331; x_wconf 74' lang='grc' dir='ltr'>καὶ</span> <span class='ocrx_word' id='word_1_599' title='bbox 1262 4274 1495 4327; x_wconf 80' lang='grc' dir='ltr'>ἐνταῦθα</span> <span class='ocrx_word' id='word_1_600' title='bbox 1518 4273 1802 4346; x_wconf 86' lang='grc' dir='ltr'>πολεμίους</span> 
     </span>
    </p>
   </div>
   <div class='ocr_carea' id='block_1_77' title="bbox 254 4357 1797 4438">
    <p class='ocr_par' dir='ltr' id='par_1_77' title="bbox 254 4357 1797 4438">
     <span class='ocr_line' id='line_1_77' title="bbox 254 4357 1797 4438; baseline 0.006 -28"><span class='ocrx_word' id='word_1_601' title='bbox 254 4357 329 4411; x_wconf 78' lang='grc' dir='ltr'>τοῦ</span> <span class='ocrx_word' id='word_1_602' title='bbox 352 4359 478 4415; x_wconf 80' lang='grc' dir='ltr'>λαοῦ</span> <span class='ocrx_word' id='word_1_603' title='bbox 507 4362 602 4415; x_wconf 75' lang='grc' dir='ltr'><strong>τοῦ</strong></span> <span class='ocrx_word' id='word_1_604' title='bbox 632 4363 767 4417; x_wconf 90' lang='grc' dir='ltr'><strong>Θεοῦ</strong></span> <span class='ocrx_word' id='word_1_605' title='bbox 800 4366 1020 4437; x_wconf 88' lang='grc' dir='ltr'>νοητούς</span> <span class='ocrx_word' id='word_1_606' title='bbox 1055 4384 1207 4438; x_wconf 74' lang='grc' dir='ltr'>τινας</span> <span class='ocrx_word' id='word_1_607' title='bbox 1238 4368 1331 4422; x_wconf 82' lang='grc' dir='ltr'>καὶ</span> <span class='ocrx_word' id='word_1_608' title='bbox 1378 4367 1797 4438; x_wconf 52' lang='grc' dir='ltr'>πνευματικοὺςλ,</span> 
     </span>
    </p>
   </div>
   <div class='ocr_carea' id='block_1_78' title="bbox 252 4433 1800 4532">
    <p class='ocr_par' dir='ltr' id='par_1_78' title="bbox 252 4433 1800 4532">
     <span class='ocr_line' id='line_1_78' title="bbox 252 4433 1800 4532; baseline -0.005 -12"><span class='ocrx_word' id='word_1_609' title='bbox 252 4449 351 4520; x_wconf 61' lang='grc' dir='ltr'><strong>ἦτοι</strong></span> <span class='ocrx_word' id='word_1_610' title='bbox 378 4453 632 4526; x_wconf 79' lang='grc' dir='ltr'>δαίμονας</span> <span class='ocrx_word' id='word_1_611' title='bbox 662 4433 949 4530; x_wconf 63' lang='grc' dir='ltr'>πονηρούς,</span> <span class='ocrx_word' id='word_1_612' title='bbox 973 4460 1006 4531; x_wconf 79' lang='grc' dir='ltr'>ἢ</span> <span class='ocrx_word' id='word_1_613' title='bbox 1041 4433 1295 4531; x_wconf 66' lang='grc' dir='ltr'>δύναμεις</span> <span class='ocrx_word' id='word_1_614' title='bbox 1331 4433 1702 4532; x_wconf 73' lang='grc' dir='ltr'>ἀντικειμένας</span> <span class='ocrx_word' id='word_1_615' title='bbox 1721 4457 1800 4530; x_wconf 76' lang='grc' dir='ltr'><strong>τῷ</strong></span> 
     </span>
    </p>
   </div>
   <div class='ocr_carea' id='block_1_79' title="bbox 1916 3357 3484 3431">
    <p class='ocr_par' dir='ltr' id='par_1_79' title="bbox 1916 3357 3484 3431">
     <span class='ocr_line' id='line_1_79' title="bbox 1916 3357 3484 3431; baseline 0.002 -19"><span class='ocrx_word' id='word_1_616' title='bbox 1916 3357 1985 3414; x_wconf 90' lang='lat' dir='ltr'><strong>iis</strong></span> <span class='ocrx_word' id='word_1_617' title='bbox 2004 3359 2098 3428; x_wconf 92' lang='lat' dir='ltr'><strong>qui</strong></span> <span class='ocrx_word' id='word_1_618' title='bbox 2124 3359 2178 3425; x_wconf 89' lang='lat' dir='ltr'><strong>in</strong></span> <span class='ocrx_word' id='word_1_619' title='bbox 2207 3358 2627 3414; x_wconf 88' lang='lat' dir='ltr'><strong>circumcisione</strong></span> <span class='ocrx_word' id='word_1_620' title='bbox 2661 3368 2809 3426; x_wconf 88' lang='lat' dir='ltr'><strong>sunt,</strong></span> <span class='ocrx_word' id='word_1_621' title='bbox 2831 3361 3083 3430; x_wconf 89' lang='lat' dir='ltr'><strong>protulit:</strong></span> <span class='ocrx_word' id='word_1_622' title='bbox 3112 3362 3309 3427; x_wconf 86' lang='lat' dir='ltr'><strong>merito</strong></span> <span class='ocrx_word' id='word_1_623' title='bbox 3335 3360 3484 3431; x_wconf 88' lang='lat' dir='ltr'><strong>quod</strong></span> 
     </span>
    </p>
   </div>
   <div class='ocr_carea' id='block_1_80' title="bbox 1916 3448 3484 3518">
    <p class='ocr_par' dir='ltr' id='par_1_80' title="bbox 1916 3448 3484 3518">
     <span class='ocr_line' id='line_1_80' title="bbox 1916 3448 3484 3518; baseline 0.003 -16"><span class='ocrx_word' id='word_1_624' title='bbox 1916 3448 2253 3518; x_wconf 70' lang='lat' dir='ltr'><strong>pmdictioni</strong></span> <span class='ocrx_word' id='word_1_625' title='bbox 2274 3449 2544 3518; x_wconf 87' lang='lat' dir='ltr'><strong>ejusmodi</strong></span> <span class='ocrx_word' id='word_1_626' title='bbox 2590 3449 2799 3515; x_wconf 89' lang='lat' dir='ltr'><strong>deerat,</strong></span> <span class='ocrx_word' id='word_1_627' title='bbox 2841 3452 3039 3516; x_wconf 85' lang='lat' dir='ltr'><strong>reddit,</strong></span> <span class='ocrx_word' id='word_1_628' title='bbox 3071 3451 3258 3507; x_wconf 88' lang='lat' dir='ltr'><strong>dicens</strong></span> <span class='ocrx_word' id='word_1_629' title='bbox 3297 3470 3310 3506; x_wconf 89' lang='lat'><strong>:</strong></span> <span class='ocrx_word' id='word_1_630' title='bbox 3351 3472 3369 3505; x_wconf 78' lang='grc' dir='ltr'><strong>ι</strong></span> <span class='ocrx_word' id='word_1_631' title='bbox 3416 3453 3484 3506; x_wconf 84' lang='lat' dir='ltr'><strong>Et</strong></span> 
     </span>
    </p>
   </div>
   <div class='ocr_carea' id='block_1_81' title="bbox 1915 3538 3481 3616">
    <p class='ocr_par' dir='ltr' id='par_1_81' title="bbox 1915 3538 3481 3616">
     <span class='ocr_line' id='line_1_81' title="bbox 1915 3538 3481 3616; baseline 0.006 -26"><span class='ocrx_word' id='word_1_632' title='bbox 1915 3538 2017 3591; x_wconf 88' lang='lat' dir='ltr'><strong>erit</strong></span> <span class='ocrx_word' id='word_1_633' title='bbox 2056 3538 2111 3592; x_wconf 92' lang='lat' dir='ltr'><strong>in</strong></span> <span class='ocrx_word' id='word_1_634' title='bbox 2158 3538 2248 3595; x_wconf 91' lang='lat' dir='ltr'><strong>die</strong></span> <span class='ocrx_word' id='word_1_635' title='bbox 2297 3540 2411 3605; x_wconf 90' lang='lat' dir='ltr'><strong>illa,</strong></span> <span class='ocrx_word' id='word_1_636' title='bbox 2450 3558 2469 3592; x_wconf 76' lang='grc' dir='ltr'><strong>ι</strong></span> <span class='ocrx_word' id='word_1_637' title='bbox 2505 3539 2608 3594; x_wconf 88' lang='lat' dir='ltr'><strong>hoc</strong></span> <span class='ocrx_word' id='word_1_638' title='bbox 2637 3548 2745 3608; x_wconf 92' lang='lat' dir='ltr'><strong>est,</strong></span> <span class='ocrx_word' id='word_1_639' title='bbox 2771 3542 2827 3597; x_wconf 93' lang='lat' dir='ltr'><strong>in</strong></span> <span class='ocrx_word' id='word_1_640' title='bbox 2866 3542 2960 3597; x_wconf 93' lang='lat' dir='ltr'><strong>illo</strong></span> <span class='ocrx_word' id='word_1_641' title='bbox 2988 3549 3235 3614; x_wconf 85' lang='lat' dir='ltr'><strong>tempore</strong></span> <span class='ocrx_word' id='word_1_642' title='bbox 3280 3546 3336 3599; x_wconf 90' lang='lat' dir='ltr'><strong>in</strong></span> <span class='ocrx_word' id='word_1_643' title='bbox 3370 3561 3481 3616; x_wconf 80' lang='lat' dir='ltr'><strong>quo</strong></span> 
     </span>
    </p>
   </div>
   <div class='ocr_carea' id='block_1_82' title="bbox 1916 3628 3485 3706">
    <p class='ocr_par' dir='ltr' id='par_1_82' title="bbox 1916 3628 3485 3706">
     <span class='ocr_line' id='line_1_82' title="bbox 1916 3628 3485 3706; baseline 0.006 -24"><span class='ocrx_word' id='word_1_644' title='bbox 1916 3628 2163 3703; x_wconf 82' lang='lat' dir='ltr'><strong>adveniet</strong></span> <span class='ocrx_word' id='word_1_645' title='bbox 2186 3630 2235 3685; x_wconf 87' lang='lat' dir='ltr'><strong>is</strong></span> <span class='ocrx_word' id='word_1_646' title='bbox 2255 3631 2346 3701; x_wconf 92' lang='lat' dir='ltr'><strong>qui</strong></span> <span class='ocrx_word' id='word_1_647' title='bbox 2378 3639 2600 3687; x_wconf 80' lang='lat' dir='ltr'><strong>arturus</strong></span> <span class='ocrx_word' id='word_1_648' title='bbox 2627 3641 2712 3688; x_wconf 90' lang='lat' dir='ltr'><strong>est</strong></span> <span class='ocrx_word' id='word_1_649' title='bbox 2745 3633 2813 3689; x_wconf 91' lang='lat' dir='ltr'><strong>de</strong></span> <span class='ocrx_word' id='word_1_650' title='bbox 2840 3634 3023 3690; x_wconf 90' lang='lat' dir='ltr'><strong>radice</strong></span> <span class='ocrx_word' id='word_1_651' title='bbox 3070 3633 3244 3700; x_wconf 82' lang='lat' dir='ltr'><strong>Jesse,</strong></span> <span class='ocrx_word' id='word_1_652' title='bbox 3281 3656 3301 3688; x_wconf 76' lang='grc' dir='ltr'><strong>ι</strong></span> <span class='ocrx_word' id='word_1_653' title='bbox 3337 3638 3485 3706; x_wconf 69' lang='lat' dir='ltr'><strong>adii--</strong></span> 
     </span>
    </p>
   </div>
   <div class='ocr_carea' id='block_1_83' title="bbox 1914 3720 3478 3792">
    <p class='ocr_par' dir='ltr' id='par_1_83' title="bbox 1914 3720 3478 3792">
     <span class='ocr_line' id='line_1_83' title="bbox 1914 3720 3478 3792; baseline 0.004 -16"><span class='ocrx_word' id='word_1_654' title='bbox 1914 3722 2021 3781; x_wconf 80' lang='lat' dir='ltr'><strong>ciet</strong></span> <span class='ocrx_word' id='word_1_655' title='bbox 2054 3720 2313 3786; x_wconf 85' lang='lat' dir='ltr'><strong>Dominus</strong></span> <span class='ocrx_word' id='word_1_656' title='bbox 2342 3724 2719 3780; x_wconf 90' lang='lat' dir='ltr'><strong>demonstrare</strong></span> <span class='ocrx_word' id='word_1_657' title='bbox 2756 3741 2975 3780; x_wconf 88' lang='lat' dir='ltr'><strong>manum</strong></span> <span class='ocrx_word' id='word_1_658' title='bbox 3004 3742 3180 3792; x_wconf 89' lang='lat' dir='ltr'><strong>suam,</strong></span> <span class='ocrx_word' id='word_1_659' title='bbox 3218 3735 3276 3782; x_wconf 91' lang='lat' dir='ltr'><strong>ut</strong></span> <span class='ocrx_word' id='word_1_660' title='bbox 3307 3744 3478 3783; x_wconf 67' lang='lat' dir='ltr'><strong>temu-</strong></span> 
     </span>
    </p>
   </div>
   <div class='ocr_carea' id='block_1_84' title="bbox 1913 3814 3593 3890">
    <p class='ocr_par' dir='ltr' id='par_1_84' title="bbox 1913 3814 3593 3890">
     <span class='ocr_line' id='line_1_84' title="bbox 1913 3814 3593 3890; baseline 0.004 -22"><span class='ocrx_word' id='word_1_661' title='bbox 1913 3814 2074 3877; x_wconf 90' lang='lat' dir='ltr'><strong>letur,</strong></span> <span class='ocrx_word' id='word_1_662' title='bbox 2106 3823 2160 3869; x_wconf 89' lang='lat' dir='ltr'><strong>et</strong></span> <span class='ocrx_word' id='word_1_663' title='bbox 2196 3823 2404 3885; x_wconf 67' lang='lat' dir='ltr'><strong>quaerat</strong></span> <span class='ocrx_word' id='word_1_664' title='bbox 2425 3815 2573 3885; x_wconf 90' lang='lat' dir='ltr'><strong>quod</strong></span> <span class='ocrx_word' id='word_1_665' title='bbox 2617 3818 2942 3873; x_wconf 86' lang='lat' dir='ltr'><strong>remanserit</strong></span> <span class='ocrx_word' id='word_1_666' title='bbox 2974 3818 3243 3889; x_wconf 87' lang='lat' dir='ltr'><strong>reliquum</strong></span> <span class='ocrx_word' id='word_1_667' title='bbox 3270 3822 3475 3890; x_wconf 89' lang='lat' dir='ltr'><strong>populi,</strong></span> <span class='ocrx_word' id='word_1_668' title='bbox 3584 3880 3593 3890; x_wconf 29' lang='grc' dir='ltr'>θ</span> 
     </span>
    </p>
   </div>
   <div class='ocr_carea' id='block_1_85' title="bbox 1912 3905 3479 3981">
    <p class='ocr_par' dir='ltr' id='par_1_85' title="bbox 1912 3905 3479 3981">
     <span class='ocr_line' id='line_1_85' title="bbox 1912 3905 3479 3981; baseline 0.004 -24"><span class='ocrx_word' id='word_1_669' title='bbox 1912 3917 2238 3975; x_wconf 89' lang='lat' dir='ltr'><strong>quocunque</strong></span> <span class='ocrx_word' id='word_1_670' title='bbox 2263 3905 2515 3960; x_wconf 89' lang='lat' dir='ltr'><strong>relictum</strong></span> <span class='ocrx_word' id='word_1_671' title='bbox 2562 3905 2726 3961; x_wconf 85' lang='lat' dir='ltr'><strong>fuerit</strong></span> <span class='ocrx_word' id='word_1_672' title='bbox 2759 3907 2841 3981; x_wconf 27' lang='lat'><strong>“,‘</strong></span> <span class='ocrx_word' id='word_1_673' title='bbox 2864 3926 2881 3958; x_wconf 76' lang='grc' dir='ltr'><strong>ι</strong></span> <span class='ocrx_word' id='word_1_674' title='bbox 2920 3914 3015 3962; x_wconf 90' lang='lat' dir='ltr'><strong>aut</strong></span> <span class='ocrx_word' id='word_1_675' title='bbox 3047 3909 3116 3964; x_wconf 84' lang='lat' dir='ltr'><strong>ab</strong></span> <span class='ocrx_word' id='word_1_676' title='bbox 3145 3909 3250 3973; x_wconf 89' lang='lat' dir='ltr'><strong>his,</strong></span> <span class='ocrx_word' id='word_1_677' title='bbox 3283 3918 3377 3964; x_wconf 85' lang='lat' dir='ltr'><strong>aut</strong></span> <span class='ocrx_word' id='word_1_678' title='bbox 3409 3912 3479 3964; x_wconf 88' lang='lat' dir='ltr'><strong>ab</strong></span> 
     </span>
    </p>
   </div>
   <div class='ocr_carea' id='block_1_86' title="bbox 1912 3994 3474 4071">
    <p class='ocr_par' dir='ltr' id='par_1_86' title="bbox 1912 3994 3474 4071">
     <span class='ocr_line' id='line_1_86' title="bbox 1912 3994 3474 4071; baseline 0.005 -23"><span class='ocrx_word' id='word_1_679' title='bbox 1912 3994 2020 4050; x_wconf 89' lang='lat' dir='ltr'><strong>illis</strong></span> <span class='ocrx_word' id='word_1_680' title='bbox 2045 3995 2314 4050; x_wconf 85' lang='lat' dir='ltr'><strong>hostibus.</strong></span> <span class='ocrx_word' id='word_1_681' title='bbox 2348 3994 2520 4063; x_wconf 86' lang='lat' dir='ltr'><strong>Quem</strong></span> <span class='ocrx_word' id='word_1_682' title='bbox 2546 3997 2768 4067; x_wconf 91' lang='lat' dir='ltr'><strong>quidem</strong></span> <span class='ocrx_word' id='word_1_683' title='bbox 2801 3998 2980 4065; x_wconf 83' lang='lat' dir='ltr'><strong>locum</strong></span> <span class='ocrx_word' id='word_1_684' title='bbox 3010 4000 3206 4071; x_wconf 87' lang='lat' dir='ltr'><strong>Aquila</strong></span> <span class='ocrx_word' id='word_1_685' title='bbox 3237 4001 3310 4055; x_wconf 88' lang='lat' dir='ltr'><strong>ita</strong></span> <span class='ocrx_word' id='word_1_686' title='bbox 3342 4016 3474 4055; x_wconf 85' lang='lat' dir='ltr'><strong>con-</strong></span> 
     </span>
    </p>
   </div>
   <div class='ocr_carea' id='block_1_87' title="bbox 1910 4086 3477 4159">
    <p class='ocr_par' dir='ltr' id='par_1_87' title="bbox 1910 4086 3477 4159">
     <span class='ocr_line' id='line_1_87' title="bbox 1910 4086 3477 4159; baseline 0.005 -19"><span class='ocrx_word' id='word_1_687' title='bbox 1910 4087 2142 4142; x_wconf 66' lang='lat' dir='ltr'><strong>vertitu</strong></span> <span class='ocrx_word' id='word_1_688' title='bbox 2181 4086 2245 4142; x_wconf 85' lang='lat' dir='ltr'><strong>Et</strong></span> <span class='ocrx_word' id='word_1_689' title='bbox 2270 4088 2375 4142; x_wconf 90' lang='lat' dir='ltr'><strong>erit</strong></span> <span class='ocrx_word' id='word_1_690' title='bbox 2426 4088 2482 4142; x_wconf 93' lang='lat' dir='ltr'><strong>in</strong></span> <span class='ocrx_word' id='word_1_691' title='bbox 2537 4088 2626 4143; x_wconf 91' lang='lat' dir='ltr'><strong>die</strong></span> <span class='ocrx_word' id='word_1_692' title='bbox 2680 4088 2795 4152; x_wconf 88' lang='lat' dir='ltr'><strong>illa,</strong></span> <span class='ocrx_word' id='word_1_693' title='bbox 2824 4089 3043 4159; x_wconf 79' lang='lat' dir='ltr'><strong>adjiciet</strong></span> <span class='ocrx_word' id='word_1_694' title='bbox 3092 4089 3356 4147; x_wconf 91' lang='lat' dir='ltr'><strong>Dominus</strong></span> <span class='ocrx_word' id='word_1_695' title='bbox 3389 4108 3477 4148; x_wconf 85' lang='lat' dir='ltr'><strong>se-</strong></span> 
     </span>
    </p>
   </div>
   <div class='ocr_carea' id='block_1_88' title="bbox 1911 4178 3475 4253">
    <p class='ocr_par' dir='ltr' id='par_1_88' title="bbox 1911 4178 3475 4253">
     <span class='ocr_line' id='line_1_88' title="bbox 1911 4178 3475 4253; baseline 0.003 -21"><span class='ocrx_word' id='word_1_696' title='bbox 1911 4178 2090 4233; x_wconf 88' lang='lat' dir='ltr'><strong>cundo</strong></span> <span class='ocrx_word' id='word_1_697' title='bbox 2118 4193 2336 4247; x_wconf 85' lang='lat' dir='ltr'><strong>manum</strong></span> <span class='ocrx_word' id='word_1_698' title='bbox 2374 4194 2529 4235; x_wconf 87' lang='lat' dir='ltr'><strong>suam</strong></span> <span class='ocrx_word' id='word_1_699' title='bbox 2553 4181 2620 4235; x_wconf 89' lang='lat' dir='ltr'><strong>ad</strong></span> <span class='ocrx_word' id='word_1_700' title='bbox 2646 4180 3037 4250; x_wconf 87' lang='lat' dir='ltr'><strong>acquirendum</strong></span> <span class='ocrx_word' id='word_1_701' title='bbox 3074 4181 3352 4237; x_wconf 88' lang='lat' dir='ltr'><strong>residuum</strong></span> <span class='ocrx_word' id='word_1_702' title='bbox 3376 4199 3475 4253; x_wconf 82' lang='lat' dir='ltr'><strong>po-</strong></span> 
     </span>
    </p>
   </div>
   <div class='ocr_carea' id='block_1_89' title="bbox 1908 4273 3470 4347">
    <p class='ocr_par' dir='ltr' id='par_1_89' title="bbox 1908 4273 3470 4347">
     <span class='ocr_line' id='line_1_89' title="bbox 1908 4273 3470 4347; baseline 0.003 -21"><span class='ocrx_word' id='word_1_703' title='bbox 1908 4274 2021 4343; x_wconf 82' lang='lat' dir='ltr'><strong>puli</strong></span> <span class='ocrx_word' id='word_1_704' title='bbox 2053 4274 2161 4342; x_wconf 88' lang='lat' dir='ltr'><strong>sui,</strong></span> <span class='ocrx_word' id='word_1_705' title='bbox 2183 4273 2329 4344; x_wconf 93' lang='lat' dir='ltr'><strong>quod</strong></span> <span class='ocrx_word' id='word_1_706' title='bbox 2354 4274 2695 4345; x_wconf 89' lang='lat' dir='ltr'><strong>relinquetur</strong></span> <span class='ocrx_word' id='word_1_707' title='bbox 2717 4274 2785 4329; x_wconf 92' lang='lat' dir='ltr'><strong>ab</strong></span> <span class='ocrx_word' id='word_1_708' title='bbox 2825 4276 3087 4347; x_wconf 81' lang='lat' dir='ltr'><strong>Assyriis,</strong></span> <span class='ocrx_word' id='word_1_709' title='bbox 3127 4294 3146 4328; x_wconf 76' lang='grc' dir='ltr'><strong>ι</strong></span> <span class='ocrx_word' id='word_1_710' title='bbox 3173 4285 3226 4331; x_wconf 91' lang='lat' dir='ltr'><strong>et</strong></span> <span class='ocrx_word' id='word_1_711' title='bbox 3253 4283 3470 4331; x_wconf 82' lang='lat' dir='ltr'><strong>caetera.</strong></span> 
     </span>
    </p>
   </div>
   <div class='ocr_carea' id='block_1_90' title="bbox 1907 4364 3472 4437">
    <p class='ocr_par' dir='ltr' id='par_1_90' title="bbox 1907 4364 3472 4437">
     <span class='ocr_line' id='line_1_90' title="bbox 1907 4364 3472 4437; baseline 0 -15"><span class='ocrx_word' id='word_1_712' title='bbox 1907 4364 2171 4422; x_wconf 63' lang='lat' dir='ltr'><strong>Caeterum</strong></span> <span class='ocrx_word' id='word_1_713' title='bbox 2220 4367 2335 4421; x_wconf 67' lang='lat' dir='ltr'><strong>haec</strong></span> <span class='ocrx_word' id='word_1_714' title='bbox 2388 4380 2607 4436; x_wconf 86' lang='lat' dir='ltr'><strong>quoque</strong></span> <span class='ocrx_word' id='word_1_715' title='bbox 2650 4376 2703 4422; x_wconf 89' lang='lat' dir='ltr'><strong>te</strong></span> <span class='ocrx_word' id='word_1_716' title='bbox 2750 4367 3102 4425; x_wconf 87' lang='lat' dir='ltr'><strong>considerare</strong></span> <span class='ocrx_word' id='word_1_717' title='bbox 3152 4367 3472 4437; x_wconf 90' lang='lat' dir='ltr'><strong>oportebit:</strong></span> 
     </span>
    </p>
   </div>
   <div class='ocr_carea' id='block_1_91' title="bbox 1906 4458 3472 4531">
    <p class='ocr_par' dir='ltr' id='par_1_91' title="bbox 1906 4458 3472 4531">
     <span class='ocr_line' id='line_1_91' title="bbox 1906 4458 3472 4531; baseline 0.001 -17"><span class='ocrx_word' id='word_1_718' title='bbox 1906 4458 2094 4514; x_wconf 87' lang='lat' dir='ltr'><strong>hostes</strong></span> <span class='ocrx_word' id='word_1_719' title='bbox 2126 4459 2313 4529; x_wconf 85' lang='lat' dir='ltr'><strong>populi</strong></span> <span class='ocrx_word' id='word_1_720' title='bbox 2341 4458 2435 4515; x_wconf 81' lang='lat' dir='ltr'><strong>Dei</strong></span> <span class='ocrx_word' id='word_1_721' title='bbox 2462 4460 2768 4528; x_wconf 84' lang='lat' dir='ltr'><strong>censendos</strong></span> <span class='ocrx_word' id='word_1_722' title='bbox 2804 4460 3178 4531; x_wconf 87' lang='lat' dir='ltr'><strong>intelligibiles</strong></span> <span class='ocrx_word' id='word_1_723' title='bbox 3202 4460 3472 4531; x_wconf 83' lang='lat' dir='ltr'><strong>quosdam</strong></span> 
     </span>
    </p>
   </div>
   <div class='ocr_carea' id='block_1_92' title="bbox 252 4540 1819 4624">
    <p class='ocr_par' dir='ltr' id='par_1_92' title="bbox 252 4540 1801 4623">
     <span class='ocr_line' id='line_1_92' title="bbox 252 4540 1801 4623; baseline 0.004 -25"><span class='ocrx_word' id='word_1_724' title='bbox 252 4540 373 4614; x_wconf 75' lang='grc' dir='ltr'>λάγῳ</span> <span class='ocrx_word' id='word_1_725' title='bbox 399 4545 725 4615; x_wconf 74' lang='grc' dir='ltr'>θεοσεϐείας,</span> <span class='ocrx_word' id='word_1_726' title='bbox 747 4549 817 4613; x_wconf 82' lang='grc' dir='ltr'>οἶ,</span> <span class='ocrx_word' id='word_1_727' title='bbox 841 4549 948 4604; x_wconf 89' lang='grc' dir='ltr'><strong>τῶν</strong></span> <span class='ocrx_word' id='word_1_728' title='bbox 979 4552 1482 4623; x_wconf 81' lang='grc' dir='ltr'>κατωνομασμένων</span> <span class='ocrx_word' id='word_1_729' title='bbox 1505 4551 1671 4606; x_wconf 89' lang='grc' dir='ltr'>ἐθνῶν</span> <span class='ocrx_word' id='word_1_730' title='bbox 1702 4549 1801 4617; x_wconf 83' lang='grc' dir='ltr'>πά-</span> 
     </span>
    </p>
   </div>
   <div class='ocr_carea' id='block_1_93' title="bbox 1918 4540 3475 4624">
    <p class='ocr_par' dir='ltr' id='par_1_93' title="bbox 1918 4551 3475 4624">
     <span class='ocr_line' id='line_1_93' title="bbox 1918 4551 3475 4624; baseline 0.001 -17"><span class='ocrx_word' id='word_1_731' title='bbox 1918 4558 1959 4607; x_wconf 65' lang='lat' dir='ltr'><strong>at</strong></span> <span class='ocrx_word' id='word_1_732' title='bbox 2012 4551 2344 4621; x_wconf 89' lang='lat' dir='ltr'><strong>spirituales,</strong></span> <span class='ocrx_word' id='word_1_733' title='bbox 2389 4553 2496 4607; x_wconf 87' lang='lat' dir='ltr'><strong>hoc</strong></span> <span class='ocrx_word' id='word_1_734' title='bbox 2531 4560 2636 4613; x_wconf 85' lang='lat' dir='ltr'><strong>est,</strong></span> <span class='ocrx_word' id='word_1_735' title='bbox 2674 4552 2846 4608; x_wconf 89' lang='lat' dir='ltr'><strong>malos</strong></span> <span class='ocrx_word' id='word_1_736' title='bbox 2906 4552 3203 4621; x_wconf 70' lang='lat' dir='ltr'><strong>daemones,</strong></span> <span class='ocrx_word' id='word_1_737' title='bbox 3233 4554 3347 4609; x_wconf 87' lang='lat' dir='ltr'><strong>sive</strong></span> <span class='ocrx_word' id='word_1_738' title='bbox 3375 4568 3475 4624; x_wconf 80' lang='lat' dir='ltr'><strong>po-</strong></span> 
     </span>
    </p>
   </div>
   <div class='ocr_carea' id='block_1_94' title="bbox 252 4615 1819 4717">
    <p class='ocr_par' dir='ltr' id='par_1_94' title="bbox 252 4615 1797 4715">
     <span class='ocr_line' id='line_1_94' title="bbox 252 4615 1797 4715; baseline 0.003 -27"><span class='ocrx_word' id='word_1_739' title='bbox 252 4628 326 4684; x_wconf 79' lang='grc' dir='ltr'><strong>λαι</strong></span> <span class='ocrx_word' id='word_1_740' title='bbox 355 4636 616 4710; x_wconf 83' lang='grc' dir='ltr'>πρότερον</span> <span class='ocrx_word' id='word_1_741' title='bbox 643 4640 889 4710; x_wconf 81' lang='grc' dir='ltr'>ἀοράτως</span> <span class='ocrx_word' id='word_1_742' title='bbox 928 4615 1289 4713; x_wconf 79' lang='grc' dir='ltr'>προεστῶτες,</span> <span class='ocrx_word' id='word_1_743' title='bbox 1309 4615 1421 4706; x_wconf 48' lang='grc' dir='ltr'>’τὰς</span> <span class='ocrx_word' id='word_1_744' title='bbox 1459 4640 1634 4715; x_wconf 78' lang='grc' dir='ltr'>ψυχὰς</span> <span class='ocrx_word' id='word_1_745' title='bbox 1668 4616 1797 4694; x_wconf 81' lang='grc' dir='ltr'>ἐπο-</span> 
     </span>
    </p>
   </div>
   <div class='ocr_carea' id='block_1_95' title="bbox 1918 4615 3479 4717">
    <p class='ocr_par' dir='ltr' id='par_1_95' title="bbox 1918 4615 3479 4717">
     <span class='ocr_line' id='line_1_95' title="bbox 1918 4615 3479 4717; baseline 0.006 -24"><span class='ocrx_word' id='word_1_746' title='bbox 1918 4615 2147 4709; x_wconf 72' lang='lat' dir='ltr'><strong>estates,</strong></span> <span class='ocrx_word' id='word_1_747' title='bbox 2183 4640 2499 4713; x_wconf 67' lang='lat' dir='ltr'><strong>quteYerbo</strong></span> <span class='ocrx_word' id='word_1_748' title='bbox 2529 4644 2904 4700; x_wconf 84' lang='lat' dir='ltr'><strong>adversentur.</strong></span> <span class='ocrx_word' id='word_1_749' title='bbox 2939 4644 3003 4699; x_wconf 83' lang='lat' dir='ltr'><strong>Hi</strong></span> <span class='ocrx_word' id='word_1_750' title='bbox 3045 4615 3208 4717; x_wconf 83' lang='lat' dir='ltr'><strong>porro</strong></span> <span class='ocrx_word' id='word_1_751' title='bbox 3240 4615 3479 4703; x_wconf 43' lang='lat' dir='ltr'><strong>sunt&#39;illi</strong></span> 
     </span>
    </p>
   </div>
   <div class='ocr_carea' id='block_1_96' title="bbox 251 4720 1799 4802">
    <p class='ocr_par' dir='ltr' id='par_1_96' title="bbox 251 4720 1799 4802">
     <span class='ocr_line' id='line_1_96' title="bbox 251 4720 1799 4802; baseline 0.016 -26"><span class='ocrx_word' id='word_1_752' title='bbox 251 4720 473 4794; x_wconf 84' lang='grc' dir='ltr'>λιόρκουν</span> <span class='ocrx_word' id='word_1_753' title='bbox 495 4727 589 4782; x_wconf 81' lang='grc' dir='ltr'><strong>τοῦ</strong></span> <span class='ocrx_word' id='word_1_754' title='bbox 625 4731 859 4802; x_wconf 83' lang='grc' dir='ltr'>Ἰσραὴλ,</span> <span class='ocrx_word' id='word_1_755' title='bbox 890 4732 1154 4797; x_wconf 83' lang='grc' dir='ltr'>ποικίλοις</span> <span class='ocrx_word' id='word_1_756' title='bbox 1196 4733 1421 4795; x_wconf 83' lang='grc' dir='ltr'>πάθεσιν</span> <span class='ocrx_word' id='word_1_757' title='bbox 1453 4731 1621 4796; x_wconf 71' lang='grc' dir='ltr'>αὐτά-ς</span> <span class='ocrx_word' id='word_1_758' title='bbox 1645 4747 1799 4802; x_wconf 72' lang='grc' dir='ltr'>περι·</span> 
     </span>
    </p>
   </div>
   <div class='ocr_carea' id='block_1_97' title="bbox 250 4811 1799 4895">
    <p class='ocr_par' dir='ltr' id='par_1_97' title="bbox 250 4811 1799 4895">
     <span class='ocr_line' id='line_1_97' title="bbox 250 4811 1799 4895; baseline 0.003 -25"><span class='ocrx_word' id='word_1_759' title='bbox 250 4811 533 4882; x_wconf 70' lang='grc' dir='ltr'>ϐάλλοντες,</span> <span class='ocrx_word' id='word_1_760' title='bbox 574 4819 933 4892; x_wconf 85' lang='grc' dir='ltr'>ύποσύροντές</span> <span class='ocrx_word' id='word_1_761' title='bbox 976 4838 1036 4877; x_wconf 87' lang='grc' dir='ltr'><strong>τε</strong></span> <span class='ocrx_word' id='word_1_762' title='bbox 1074 4824 1166 4878; x_wconf 82' lang='grc' dir='ltr'>καὶ</span> <span class='ocrx_word' id='word_1_763' title='bbox 1207 4816 1693 4895; x_wconf 71' lang='grc' dir='ltr'>αἰχμαλωτίζοντες</span> <span class='ocrx_word' id='word_1_764' title='bbox 1720 4823 1799 4884; x_wconf 80' lang='grc' dir='ltr'><strong>είς</strong></span> 
     </span>
    </p>
   </div>
   <div class='ocr_carea' id='block_1_98' title="bbox 252 4906 1796 4986">
    <p class='ocr_par' dir='ltr' id='par_1_98' title="bbox 252 4906 1796 4986">
     <span class='ocr_line' id='line_1_98' title="bbox 252 4906 1796 4986; baseline 0.009 -27"><span class='ocrx_word' id='word_1_765' title='bbox 252 4906 325 4959; x_wconf 75' lang='grc' dir='ltr'>τὸν</span> <span class='ocrx_word' id='word_1_766' title='bbox 352 4910 534 4979; x_wconf 84' lang='grc' dir='ltr'>ὅμοιον</span> <span class='ocrx_word' id='word_1_767' title='bbox 559 4911 657 4981; x_wconf 87' lang='grc' dir='ltr'><strong>τῆς</strong></span> <span class='ocrx_word' id='word_1_768' title='bbox 682 4911 789 4965; x_wconf 91' lang='grc' dir='ltr'><strong>τῶν</strong></span> <span class='ocrx_word' id='word_1_769' title='bbox 832 4913 1141 4983; x_wconf 78' lang='grc' dir='ltr'>ἀλλοφύλων</span> <span class='ocrx_word' id='word_1_770' title='bbox 1165 4916 1385 4986; x_wconf 82' lang='grc' dir='ltr'>ἀγωγῆς</span> <span class='ocrx_word' id='word_1_771' title='bbox 1424 4915 1558 4986; x_wconf 88' lang='grc' dir='ltr'>βίον.</span> <span class='ocrx_word' id='word_1_772' title='bbox 1595 4914 1796 4979; x_wconf 70' lang='grc' dir='ltr'>Τούτου</span> 
     </span>
    </p>
   </div>
   <div class='ocr_carea' id='block_1_99' title="bbox 249 4994 1849 5077">
    <p class='ocr_par' dir='ltr' id='par_1_99' title="bbox 249 4994 1849 5077">
     <span class='ocr_line' id='line_1_99' title="bbox 249 4994 1849 5077; baseline 0.009 -27"><span class='ocrx_word' id='word_1_773' title='bbox 249 4994 301 5067; x_wconf 76' lang='grc' dir='ltr'>δὴ</span> <span class='ocrx_word' id='word_1_774' title='bbox 324 4995 409 5052; x_wconf 76' lang='grc' dir='ltr'>οὖν</span> <span class='ocrx_word' id='word_1_775' title='bbox 458 5003 659 5065; x_wconf 76' lang='grc' dir='ltr'>παντὸς</span> <span class='ocrx_word' id='word_1_776' title='bbox 703 5003 886 5073; x_wconf 80' lang='grc' dir='ltr'>σχεδὸν</span> <span class='ocrx_word' id='word_1_777' title='bbox 924 5006 1096 5061; x_wconf 78' lang='grc' dir='ltr'>εἰπεῖν</span> <span class='ocrx_word' id='word_1_778' title='bbox 1138 5006 1232 5061; x_wconf 82' lang='grc' dir='ltr'>τοῦ</span> <span class='ocrx_word' id='word_1_779' title='bbox 1275 5006 1403 5061; x_wconf 77' lang='grc' dir='ltr'>λαοῦ</span> <span class='ocrx_word' id='word_1_780' title='bbox 1445 5007 1585 5067; x_wconf 74' lang='grc' dir='ltr'>κατὰ</span> <span class='ocrx_word' id='word_1_781' title='bbox 1621 5004 1797 5077; x_wconf 77' lang='grc' dir='ltr'>ψυχὴν</span> <span class='ocrx_word' id='word_1_782' title='bbox 1843 5037 1849 5045; x_wconf 60' lang='grc' dir='ltr'><strong><em>ο</em></strong></span> 
     </span>
    </p>
   </div>
   <div class='ocr_carea' id='block_1_100' title="bbox 250 5086 1804 5168">
    <p class='ocr_par' dir='ltr' id='par_1_100' title="bbox 250 5086 1804 5168">
     <span class='ocr_line' id='line_1_100' title="bbox 250 5086 1804 5168; baseline 0.001 -24"><span class='ocrx_word' id='word_1_783' title='bbox 250 5086 572 5158; x_wconf 70' lang='grc' dir='ltr'>αἰχμαλώτου</span> <span class='ocrx_word' id='word_1_784' title='bbox 604 5090 891 5162; x_wconf 79' lang='grc' dir='ltr'>ληφθέντος</span> <span class='ocrx_word' id='word_1_785' title='bbox 917 5094 1020 5148; x_wconf 74' lang='grc' dir='ltr'>ὑπὸ</span> <span class='ocrx_word' id='word_1_786' title='bbox 1047 5094 1154 5149; x_wconf 85' lang='grc' dir='ltr'><strong>τῶν</strong></span> <span class='ocrx_word' id='word_1_787' title='bbox 1182 5095 1584 5168; x_wconf 76' lang='grc' dir='ltr'>δεδηλωμένων,</span> <span class='ocrx_word' id='word_1_788' title='bbox 1617 5097 1664 5148; x_wconf 85' lang='grc' dir='ltr'>οἱ</span> <span class='ocrx_word' id='word_1_789' title='bbox 1700 5111 1804 5163; x_wconf 80' lang='grc' dir='ltr'>φυ-</span> 
     </span>
    </p>
   </div>
   <div class='ocr_carea' id='block_1_101' title="bbox 250 5177 1797 5259">
    <p class='ocr_par' dir='ltr' id='par_1_101' title="bbox 250 5177 1797 5259">
     <span class='ocr_line' id='line_1_101' title="bbox 250 5177 1797 5259; baseline 0.003 -22"><span class='ocrx_word' id='word_1_790' title='bbox 250 5177 511 5251; x_wconf 77' lang='grc' dir='ltr'>λαχθέντες</span> <span class='ocrx_word' id='word_1_791' title='bbox 550 5185 645 5238; x_wconf 75' lang='grc' dir='ltr'>καὶ</span> <span class='ocrx_word' id='word_1_792' title='bbox 688 5185 1133 5256; x_wconf 83' lang='grc' dir='ltr'>καταλειφθέντες</span> <span class='ocrx_word' id='word_1_793' title='bbox 1184 5188 1417 5259; x_wconf 75' lang='grc' dir='ltr'>ἄτρωτοι</span> <span class='ocrx_word' id='word_1_794' title='bbox 1464 5189 1556 5242; x_wconf 79' lang='grc' dir='ltr'>καὶ</span> <span class='ocrx_word' id='word_1_795' title='bbox 1608 5187 1797 5243; x_wconf 84' lang='grc' dir='ltr'>άσυλοι</span> 
     </span>
    </p>
   </div>
   <div class='ocr_carea' id='block_1_102' title="bbox 250 5273 1796 5354">
    <p class='ocr_par' dir='ltr' id='par_1_102' title="bbox 250 5273 1796 5354">
     <span class='ocr_line' id='line_1_102' title="bbox 250 5273 1796 5354; baseline 0.005 -27"><span class='ocrx_word' id='word_1_796' title='bbox 250 5273 371 5327; x_wconf 77' lang='grc' dir='ltr'>κατὰ</span> <span class='ocrx_word' id='word_1_797' title='bbox 392 5276 488 5348; x_wconf 80' lang='grc' dir='ltr'>τὴν</span> <span class='ocrx_word' id='word_1_798' title='bbox 514 5277 842 5354; x_wconf 70' lang='grc' dir='ltr'>πρρφητείαν</span> <span class='ocrx_word' id='word_1_799' title='bbox 860 5279 959 5350; x_wconf 85' lang='grc' dir='ltr'><strong>τῆς</strong></span> <span class='ocrx_word' id='word_1_800' title='bbox 977 5278 1308 5352; x_wconf 80' lang='grc' dir='ltr'>δηλουμένης</span> <span class='ocrx_word' id='word_1_801' title='bbox 1337 5280 1663 5350; x_wconf 82' lang='grc' dir='ltr'>ἐπαγγελίας</span> <span class='ocrx_word' id='word_1_802' title='bbox 1682 5280 1796 5334; x_wconf 79' lang='grc' dir='ltr'>τεύ-</span> 
     </span>
    </p>
   </div>
   <div class='ocr_carea' id='block_1_103' title="bbox 249 5358 1793 5444">
    <p class='ocr_par' dir='ltr' id='par_1_103' title="bbox 249 5358 1793 5444">
     <span class='ocr_line' id='line_1_103' title="bbox 249 5358 1793 5444; baseline 0.002 -19"><span class='ocrx_word' id='word_1_803' title='bbox 249 5358 425 5431; x_wconf 76' lang='grc' dir='ltr'>ξονται,</span> <span class='ocrx_word' id='word_1_804' title='bbox 465 5368 716 5439; x_wconf 54' lang='grc' dir='ltr'>ὀψόμενοι</span> <span class='ocrx_word' id='word_1_805' title='bbox 751 5371 842 5425; x_wconf 84' lang='grc' dir='ltr'>τοῦ</span> <span class='ocrx_word' id='word_1_806' title='bbox 885 5370 1089 5443; x_wconf 85' lang='grc' dir='ltr'>Κυρίου</span> <span class='ocrx_word' id='word_1_807' title='bbox 1134 5372 1231 5444; x_wconf 77' lang='grc' dir='ltr'>τὴν</span> <span class='ocrx_word' id='word_1_808' title='bbox 1272 5375 1429 5443; x_wconf 84' lang='grc' dir='ltr'>χεῖρα</span> <span class='ocrx_word' id='word_1_809' title='bbox 1471 5374 1565 5426; x_wconf 76' lang='grc' dir='ltr'>καὶ</span> <span class='ocrx_word' id='word_1_810' title='bbox 1608 5373 1793 5443; x_wconf 86' lang='grc' dir='ltr'>κτῆμα</span> 
     </span>
    </p>
   </div>
   <div class='ocr_carea' id='block_1_104' title="bbox 250 5451 1793 5538">
    <p class='ocr_par' dir='ltr' id='par_1_104' title="bbox 250 5451 1793 5538">
     <span class='ocr_line' id='line_1_104' title="bbox 250 5451 1793 5538; baseline 0.01 -34"><span class='ocrx_word' id='word_1_811' title='bbox 250 5451 394 5509; x_wconf 74' lang='grc' dir='ltr'>αὑτοῦ</span> <span class='ocrx_word' id='word_1_812' title='bbox 418 5458 787 5532; x_wconf 81' lang='grc' dir='ltr'>γενησόμενοι,</span> <span class='ocrx_word' id='word_1_813' title='bbox 822 5461 961 5515; x_wconf 80' lang='grc' dir='ltr'>κατὰ</span> <span class='ocrx_word' id='word_1_814' title='bbox 989 5462 1049 5516; x_wconf 72' lang='grc' dir='ltr'><strong>τὸ</strong></span> <span class='ocrx_word' id='word_1_815' title='bbox 1082 5463 1286 5532; x_wconf 75' lang='grc' dir='ltr'>φάσκον</span> <span class='ocrx_word' id='word_1_816' title='bbox 1316 5464 1491 5533; x_wconf 88' lang='grc' dir='ltr'>λόγιον</span> <span class='ocrx_word' id='word_1_817' title='bbox 1510 5481 1522 5494; x_wconf 93' lang='grc'><strong>·</strong></span> <span class='ocrx_word' id='word_1_818' title='bbox 1564 5484 1583 5515; x_wconf 82' lang='grc' dir='ltr'><strong>ι</strong></span> <span class='ocrx_word' id='word_1_819' title='bbox 1619 5466 1793 5538; x_wconf 88' lang='grc' dir='ltr'>Προσ-</span> 
     </span>
    </p>
   </div>
   <div class='ocr_carea' id='block_1_105' title="bbox 252 5540 1787 5630">
    <p class='ocr_par' dir='ltr' id='par_1_105' title="bbox 252 5540 1787 5630">
     <span class='ocr_line' id='line_1_105' title="bbox 252 5540 1787 5630; baseline 0.009 -33"><span class='ocrx_word' id='word_1_820' title='bbox 252 5540 387 5613; x_wconf 74' lang='grc' dir='ltr'>οήσει</span> <span class='ocrx_word' id='word_1_821' title='bbox 407 5548 606 5621; x_wconf 80' lang='grc' dir='ltr'>Κύριος</span> <span class='ocrx_word' id='word_1_822' title='bbox 626 5551 720 5604; x_wconf 77' lang='grc' dir='ltr'>τοῦ</span> <span class='ocrx_word' id='word_1_823' title='bbox 743 5551 909 5621; x_wconf 68' lang='grc' dir='ltr'>δεῖξαι</span> <span class='ocrx_word' id='word_1_824' title='bbox 935 5554 1030 5626; x_wconf 74' lang='grc' dir='ltr'>τὴν</span> <span class='ocrx_word' id='word_1_825' title='bbox 1051 5557 1207 5628; x_wconf 85' lang='grc' dir='ltr'>χεῖρα</span> <span class='ocrx_word' id='word_1_826' title='bbox 1233 5555 1417 5619; x_wconf 78' lang='grc' dir='ltr'>αὐτοῦ,</span> <span class='ocrx_word' id='word_1_827' title='bbox 1434 5556 1525 5610; x_wconf 78' lang='grc' dir='ltr'>τοῦ</span> <span class='ocrx_word' id='word_1_828' title='bbox 1552 5557 1787 5630; x_wconf 73' lang='grc' dir='ltr'>ζηλῶσαι</span> 
     </span>
    </p>
   </div>
   <div class='ocr_carea' id='block_1_106' title="bbox 252 5634 1787 5723">
    <p class='ocr_par' dir='ltr' id='par_1_106' title="bbox 252 5634 1787 5723">
     <span class='ocr_line' id='line_1_106' title="bbox 252 5634 1787 5723; baseline 0.008 -33"><span class='ocrx_word' id='word_1_829' title='bbox 252 5634 303 5686; x_wconf 71' lang='grc' dir='ltr'><strong>τὸ</strong></span> <span class='ocrx_word' id='word_1_830' title='bbox 331 5641 674 5710; x_wconf 84' lang='grc' dir='ltr'>καταλειφθὲν</span> <span class='ocrx_word' id='word_1_831' title='bbox 702 5645 987 5700; x_wconf 84' lang='grc' dir='ltr'>ὑπόλοιπον</span> <span class='ocrx_word' id='word_1_832' title='bbox 1013 5647 1106 5700; x_wconf 77' lang='grc' dir='ltr'><strong>τοῦ</strong></span> <span class='ocrx_word' id='word_1_833' title='bbox 1136 5647 1286 5705; x_wconf 76' lang='grc' dir='ltr'>λαοῦ.</span> <span class='ocrx_word' id='word_1_834' title='bbox 1324 5669 1342 5700; x_wconf 73' lang='grc' dir='ltr'><strong>ι</strong></span> <span class='ocrx_word' id='word_1_835' title='bbox 1375 5649 1439 5702; x_wconf 83' lang='grc' dir='ltr'>Τί</span> <span class='ocrx_word' id='word_1_836' title='bbox 1466 5649 1520 5703; x_wconf 79' lang='grc' dir='ltr'><strong>δέ</strong></span> <span class='ocrx_word' id='word_1_837' title='bbox 1557 5652 1787 5723; x_wconf 64' lang='grc' dir='ltr'>προσθή-</span> 
     </span>
    </p>
   </div>
   <div class='ocr_carea' id='block_1_107' title="bbox 306 5818 1810 5893">
    <p class='ocr_par' dir='ltr' id='par_1_107' title="bbox 306 5818 1810 5893">
     <span class='ocr_line' id='line_1_107' title="bbox 306 5818 1810 5893; baseline 0.01 -20"><span class='ocrx_word' id='word_1_838' title='bbox 306 5818 466 5875; x_wconf 67' lang='lat' dir='ltr'><strong>ausa.</strong></span> <span class='ocrx_word' id='word_1_839' title='bbox 507 5838 581 5889; x_wconf 78' lang='grc' dir='ltr'><strong>ιι,</strong></span> <span class='ocrx_word' id='word_1_840' title='bbox 627 5824 677 5893; x_wconf 56' lang='grc' dir='ltr'>ιί.</span> <span class='ocrx_word' id='word_1_841' title='bbox 749 5827 794 5859; x_wconf 61' lang='grc' dir='ltr'>εκ</span> <span class='ocrx_word' id='word_1_842' title='bbox 831 5825 957 5891; x_wconf 71' lang='lat' dir='ltr'><strong>Ima.</strong></span> <span class='ocrx_word' id='word_1_843' title='bbox 990 5828 1043 5884; x_wconf 91' lang='lat'><strong>8.</strong></span> <span class='ocrx_word' id='word_1_844' title='bbox 1122 5829 1163 5861; x_wconf 77' lang='grc' dir='ltr'>ιο</span> <span class='ocrx_word' id='word_1_845' title='bbox 1194 5826 1325 5885; x_wconf 81' lang='lat' dir='ltr'><strong>Ibid.</strong></span> <span class='ocrx_word' id='word_1_846' title='bbox 1361 5829 1412 5885; x_wconf 86' lang='lat'><strong>9.</strong></span> <span class='ocrx_word' id='word_1_847' title='bbox 1491 5831 1810 5891; x_wconf 66' lang='lat' dir='ltr'><strong>“Ibidlo.</strong></span> 
     </span>
    </p>
   </div>
   <div class='ocr_carea' id='block_1_108' title="bbox 1899 4732 3479 4813">
    <p class='ocr_par' dir='ltr' id='par_1_108' title="bbox 1899 4732 3479 4813">
     <span class='ocr_line' id='line_1_108' title="bbox 1899 4732 3479 4813; baseline 0.004 -28"><span class='ocrx_word' id='word_1_848' title='bbox 1899 4732 1991 4805; x_wconf 84' lang='lat' dir='ltr'><strong>qui</strong></span> <span class='ocrx_word' id='word_1_849' title='bbox 2019 4733 2149 4787; x_wconf 91' lang='lat' dir='ltr'><strong>olim</strong></span> <span class='ocrx_word' id='word_1_850' title='bbox 2184 4732 2250 4788; x_wconf 92' lang='lat' dir='ltr'><strong>iis</strong></span> <span class='ocrx_word' id='word_1_851' title='bbox 2279 4734 2533 4803; x_wconf 85' lang='lat' dir='ltr'><strong>gentibus</strong></span> <span class='ocrx_word' id='word_1_852' title='bbox 2562 4750 2683 4804; x_wconf 65' lang='lat' dir='ltr'><strong>quae</strong></span> <span class='ocrx_word' id='word_1_853' title='bbox 2716 4734 2803 4789; x_wconf 87' lang='lat' dir='ltr'><strong>hic</strong></span> <span class='ocrx_word' id='word_1_854' title='bbox 2836 4737 3129 4795; x_wconf 74' lang='lat' dir='ltr'><strong>nominata:</strong></span> <span class='ocrx_word' id='word_1_855' title='bbox 3174 4738 3285 4811; x_wconf 76' lang='lat'><strong>76</strong></span> <span class='ocrx_word' id='word_1_856' title='bbox 3316 4746 3479 4813; x_wconf 87' lang='lat' dir='ltr'><strong>sunt,_</strong></span> 
     </span>
    </p>
   </div>
   <div class='ocr_carea' id='block_1_109' title="bbox 1896 4822 3475 4894">
    <p class='ocr_par' dir='ltr' id='par_1_109' title="bbox 1896 4822 3475 4894">
     <span class='ocr_line' id='line_1_109' title="bbox 1896 4822 3475 4894; baseline 0.004 -16"><span class='ocrx_word' id='word_1_857' title='bbox 1896 4822 2243 4885; x_wconf 86' lang='lat' dir='ltr'><strong>invisibiliter</strong></span> <span class='ocrx_word' id='word_1_858' title='bbox 2254 4832 2541 4894; x_wconf 78' lang='lat' dir='ltr'><strong>praeerant,</strong></span> <span class='ocrx_word' id='word_1_859' title='bbox 2554 4833 2607 4880; x_wconf 87' lang='lat' dir='ltr'><strong>et</strong></span> <span class='ocrx_word' id='word_1_860' title='bbox 2619 4826 2831 4881; x_wconf 88' lang='lat' dir='ltr'><strong>animas</strong></span> <span class='ocrx_word' id='word_1_861' title='bbox 2848 4827 3012 4882; x_wconf 89' lang='lat' dir='ltr'><strong>Israel</strong></span> <span class='ocrx_word' id='word_1_862' title='bbox 3028 4827 3475 4892; x_wconf 50' lang='lat' dir='ltr'><strong>vastabant,cum.</strong></span> 
     </span>
    </p>
   </div>
   <div class='ocr_carea' id='block_1_110' title="bbox 1896 4915 3466 4991">
    <p class='ocr_par' dir='ltr' id='par_1_110' title="bbox 1896 4915 3466 4991">
     <span class='ocr_line' id='line_1_110' title="bbox 1896 4915 3466 4991; baseline 0.006 -23"><span class='ocrx_word' id='word_1_863' title='bbox 1896 4930 1995 4974; x_wconf 69' lang='lat' dir='ltr'><strong>eas,</strong></span> <span class='ocrx_word' id='word_1_864' title='bbox 2017 4915 2073 4969; x_wconf 89' lang='lat' dir='ltr'><strong>in</strong></span> <span class='ocrx_word' id='word_1_865' title='bbox 2101 4916 2283 4975; x_wconf 84' lang='lat' dir='ltr'><strong>varios</strong></span> <span class='ocrx_word' id='word_1_866' title='bbox 2314 4915 2540 4972; x_wconf 70' lang='lat' dir='ltr'><strong>effectus</strong></span> <span class='ocrx_word' id='word_1_867' title='bbox 2566 4916 2906 4983; x_wconf 81' lang='lat' dir='ltr'><strong>inducerent,</strong></span> <span class='ocrx_word' id='word_1_868' title='bbox 2944 4926 2997 4975; x_wconf 85' lang='lat' dir='ltr'><strong>et</strong></span> <span class='ocrx_word' id='word_1_869' title='bbox 3028 4920 3274 4991; x_wconf 83' lang='lat' dir='ltr'><strong>captivas</strong></span> <span class='ocrx_word' id='word_1_870' title='bbox 3318 4921 3466 4977; x_wconf 80' lang='lat' dir='ltr'><strong>face—</strong></span> 
     </span>
    </p>
   </div>
   <div class='ocr_carea' id='block_1_111' title="bbox 1898 5005 3466 5081">
    <p class='ocr_par' dir='ltr' id='par_1_111' title="bbox 1898 5005 3466 5081">
     <span class='ocr_line' id='line_1_111' title="bbox 1898 5005 3466 5081; baseline 0.005 -22"><span class='ocrx_word' id='word_1_871' title='bbox 1898 5012 2039 5071; x_wconf 87' lang='lat' dir='ltr'><strong>rent,</strong></span> <span class='ocrx_word' id='word_1_872' title='bbox 2062 5012 2118 5059; x_wconf 91' lang='lat' dir='ltr'><strong>et</strong></span> <span class='ocrx_word' id='word_1_873' title='bbox 2148 5005 2214 5061; x_wconf 86' lang='lat' dir='ltr'><strong>ad</strong></span> <span class='ocrx_word' id='word_1_874' title='bbox 2244 5020 2450 5061; x_wconf 88' lang='lat' dir='ltr'><strong>morem</strong></span> <span class='ocrx_word' id='word_1_875' title='bbox 2475 5007 2673 5071; x_wconf 85' lang='lat' dir='ltr'><strong>victus,</strong></span> <span class='ocrx_word' id='word_1_876' title='bbox 2702 5008 3002 5073; x_wconf 86' lang='lat' dir='ltr'><strong>alienarum</strong></span> <span class='ocrx_word' id='word_1_877' title='bbox 3030 5009 3271 5081; x_wconf 82' lang='lat' dir='ltr'><strong>gentium</strong></span> <span class='ocrx_word' id='word_1_878' title='bbox 3298 5012 3466 5067; x_wconf 88' lang='lat' dir='ltr'><strong>victui</strong></span> 
     </span>
    </p>
   </div>
   <div class='ocr_carea' id='block_1_112' title="bbox 1898 5097 3471 5172">
    <p class='ocr_par' dir='ltr' id='par_1_112' title="bbox 1898 5097 3471 5172">
     <span class='ocr_line' id='line_1_112' title="bbox 1898 5097 3471 5172; baseline 0.004 -20"><span class='ocrx_word' id='word_1_879' title='bbox 1898 5097 2154 5164; x_wconf 88' lang='lat' dir='ltr'><strong>similem,</strong></span> <span class='ocrx_word' id='word_1_880' title='bbox 2192 5099 2548 5156; x_wconf 86' lang='lat' dir='ltr'><strong>attraherent.</strong></span> <span class='ocrx_word' id='word_1_881' title='bbox 2599 5100 2736 5155; x_wconf 86' lang='lat' dir='ltr'><strong>Cum</strong></span> <span class='ocrx_word' id='word_1_882' title='bbox 2796 5101 2963 5172; x_wconf 86' lang='lat' dir='ltr'><strong>igitur</strong></span> <span class='ocrx_word' id='word_1_883' title='bbox 3017 5102 3106 5156; x_wconf 85' lang='lat' dir='ltr'><strong>hic</strong></span> <span class='ocrx_word' id='word_1_884' title='bbox 3150 5102 3471 5167; x_wconf 87' lang='lat' dir='ltr'><strong>universus,-</strong></span> 
     </span>
    </p>
   </div>
   <div class='ocr_carea' id='block_1_113' title="bbox 1899 5191 3467 5267">
    <p class='ocr_par' dir='ltr' id='par_1_113' title="bbox 1899 5191 3467 5267">
     <span class='ocr_line' id='line_1_113' title="bbox 1899 5191 3467 5267; baseline 0.003 -22"><span class='ocrx_word' id='word_1_885' title='bbox 1899 5206 2073 5262; x_wconf 86' lang='lat' dir='ltr'><strong>prope.</strong></span> <span class='ocrx_word' id='word_1_886' title='bbox 2094 5191 2346 5256; x_wconf 83' lang='lat' dir='ltr'><strong>dixerim,</strong></span> <span class='ocrx_word' id='word_1_887' title='bbox 2373 5194 2641 5264; x_wconf 76' lang='lat' dir='ltr'><strong>populus,</strong></span> <span class='ocrx_word' id='word_1_888' title='bbox 2668 5194 2869 5263; x_wconf 83' lang='lat' dir='ltr'><strong>animis</strong></span> <span class='ocrx_word' id='word_1_889' title='bbox 2900 5193 3080 5249; x_wconf 78' lang='lat' dir='ltr'><strong>factus</strong></span> <span class='ocrx_word' id='word_1_890' title='bbox 3118 5203 3264 5253; x_wconf 86' lang='lat' dir='ltr'><strong>esset</strong></span> <span class='ocrx_word' id='word_1_891' title='bbox 3292 5198 3467 5267; x_wconf 87' lang='lat' dir='ltr'><strong>capti-</strong></span> 
     </span>
    </p>
   </div>
   <div class='ocr_carea' id='block_1_114' title="bbox 1897 5284 3466 5360">
    <p class='ocr_par' dir='ltr' id='par_1_114' title="bbox 1897 5284 3466 5360">
     <span class='ocr_line' id='line_1_114' title="bbox 1897 5284 3466 5360; baseline 0.004 -23"><span class='ocrx_word' id='word_1_892' title='bbox 1897 5300 1998 5340; x_wconf 87' lang='lat' dir='ltr'><strong>vus</strong></span> <span class='ocrx_word' id='word_1_893' title='bbox 2032 5284 2101 5340; x_wconf 85' lang='lat' dir='ltr'><strong>ab</strong></span> <span class='ocrx_word' id='word_1_894' title='bbox 2133 5286 2225 5349; x_wconf 86' lang='lat' dir='ltr'><strong>iis,</strong></span> <span class='ocrx_word' id='word_1_895' title='bbox 2257 5302 2397 5357; x_wconf 87' lang='lat' dir='ltr'><strong>quos</strong></span> <span class='ocrx_word' id='word_1_896' title='bbox 2426 5288 2664 5344; x_wconf 80' lang='lat' dir='ltr'><strong>diximus</strong></span> <span class='ocrx_word' id='word_1_897' title='bbox 2699 5289 3081 5360; x_wconf 84' lang='lat' dir='ltr'><strong>bostibus,qui</strong></span> <span class='ocrx_word' id='word_1_898' title='bbox 3116 5291 3341 5354; x_wconf 87' lang='lat' dir='ltr'><strong>servati,</strong></span> <span class='ocrx_word' id='word_1_899' title='bbox 3376 5306 3466 5343; x_wconf 88' lang='lat' dir='ltr'><strong>re-</strong></span> 
     </span>
    </p>
   </div>
   <div class='ocr_carea' id='block_1_115' title="bbox 1896 5377 3465 5453">
    <p class='ocr_par' dir='ltr' id='par_1_115' title="bbox 1896 5377 3465 5453">
     <span class='ocr_line' id='line_1_115' title="bbox 1896 5377 3465 5453; baseline 0.008 -22"><span class='ocrx_word' id='word_1_900' title='bbox 1896 5377 2118 5449; x_wconf 88' lang='lat' dir='ltr'><strong>lictique</strong></span> <span class='ocrx_word' id='word_1_901' title='bbox 2145 5389 2275 5436; x_wconf 91' lang='lat' dir='ltr'><strong>sunt</strong></span> <span class='ocrx_word' id='word_1_902' title='bbox 2302 5380 2421 5437; x_wconf 87' lang='lat' dir='ltr'><strong>sine</strong></span> <span class='ocrx_word' id='word_1_903' title='bbox 2456 5382 2698 5446; x_wconf 75' lang='lat' dir='ltr'><strong>vulnere,</strong></span> <span class='ocrx_word' id='word_1_904' title='bbox 2731 5397 2839 5438; x_wconf 87' lang='lat' dir='ltr'><strong>non</strong></span> <span class='ocrx_word' id='word_1_905' title='bbox 2875 5383 3091 5453; x_wconf 84' lang='lat' dir='ltr'><strong>spoliati</strong></span> <span class='ocrx_word' id='word_1_906' title='bbox 3123 5385 3238 5442; x_wconf 86' lang='lat' dir='ltr'><strong>suis</strong></span> <span class='ocrx_word' id='word_1_907' title='bbox 3279 5385 3465 5450; x_wconf 80' lang='lat' dir='ltr'><strong>rebus,</strong></span> 
     </span>
    </p>
   </div>
   <div class='ocr_carea' id='block_1_116' title="bbox 1896 5471 3468 5546">
    <p class='ocr_par' dir='ltr' id='par_1_116' title="bbox 1896 5471 3468 5546">
     <span class='ocr_line' id='line_1_116' title="bbox 1896 5471 3468 5546; baseline 0.005 -23"><span class='ocrx_word' id='word_1_908' title='bbox 1896 5471 2227 5539; x_wconf 77' lang='lat' dir='ltr'><strong>promissum</strong></span> <span class='ocrx_word' id='word_1_909' title='bbox 2267 5471 2421 5535; x_wconf 85' lang='lat' dir='ltr'><strong>illud,</strong></span> <span class='ocrx_word' id='word_1_910' title='bbox 2458 5471 2525 5526; x_wconf 88' lang='lat' dir='ltr'><strong>de</strong></span> <span class='ocrx_word' id='word_1_911' title='bbox 2570 5488 2681 5542; x_wconf 88' lang='lat' dir='ltr'><strong>quo</strong></span> <span class='ocrx_word' id='word_1_912' title='bbox 2706 5473 2993 5544; x_wconf 80' lang='lat' dir='ltr'><strong>prophetia</strong></span> <span class='ocrx_word' id='word_1_913' title='bbox 3021 5474 3287 5546; x_wconf 86' lang='lat' dir='ltr'><strong>loquitur,</strong></span> <span class='ocrx_word' id='word_1_914' title='bbox 3324 5475 3468 5531; x_wconf 87' lang='lat' dir='ltr'><strong>obti-</strong></span> 
     </span>
    </p>
   </div>
   <div class='ocr_carea' id='block_1_117' title="bbox 1898 5561 3467 5641">
    <p class='ocr_par' dir='ltr' id='par_1_117' title="bbox 1898 5561 3467 5641">
     <span class='ocr_line' id='line_1_117' title="bbox 1898 5561 3467 5641; baseline 0.007 -28"><span class='ocrx_word' id='word_1_915' title='bbox 1898 5561 2148 5631; x_wconf 73' lang='lat' dir='ltr'><strong>nebunt:</strong></span> <span class='ocrx_word' id='word_1_916' title='bbox 2179 5570 2363 5632; x_wconf 88' lang='lat' dir='ltr'><strong>utpote</strong></span> <span class='ocrx_word' id='word_1_917' title='bbox 2392 5564 2485 5632; x_wconf 93' lang='lat' dir='ltr'><strong>qui</strong></span> <span class='ocrx_word' id='word_1_918' title='bbox 2521 5563 2693 5641; x_wconf 79' lang='lat' dir='ltr'><strong>visuri</strong></span> <span class='ocrx_word' id='word_1_919' title='bbox 2722 5566 2833 5621; x_wconf 90' lang='lat' dir='ltr'><strong>sint</strong></span> <span class='ocrx_word' id='word_1_920' title='bbox 2878 5581 3098 5629; x_wconf 84' lang='lat' dir='ltr'><strong>manum</strong></span> <span class='ocrx_word' id='word_1_921' title='bbox 3131 5565 3370 5633; x_wconf 88' lang='lat' dir='ltr'><strong>Domini,</strong></span> <span class='ocrx_word' id='word_1_922' title='bbox 3408 5577 3467 5624; x_wconf 86' lang='lat' dir='ltr'><strong>et</strong></span> 
     </span>
    </p>
   </div>
   <div class='ocr_carea' id='block_1_118' title="bbox 1897 5653 3465 5729">
    <p class='ocr_par' dir='ltr' id='par_1_118' title="bbox 1897 5653 3465 5729">
     <span class='ocr_line' id='line_1_118' title="bbox 1897 5653 3465 5729; baseline 0.008 -22"><span class='ocrx_word' id='word_1_923' title='bbox 1897 5654 2042 5710; x_wconf 89' lang='lat' dir='ltr'><strong>illius</strong></span> <span class='ocrx_word' id='word_1_924' title='bbox 2072 5654 2348 5724; x_wconf 88' lang='lat' dir='ltr'><strong>possessio</strong></span> <span class='ocrx_word' id='word_1_925' title='bbox 2380 5653 2579 5725; x_wconf 81' lang='lat' dir='ltr'><strong>futuri;</strong></span> <span class='ocrx_word' id='word_1_926' title='bbox 2621 5658 3080 5729; x_wconf 85' lang='lat' dir='ltr'><strong>quemadmodum</strong></span> <span class='ocrx_word' id='word_1_927' title='bbox 3120 5661 3252 5716; x_wconf 91' lang='lat' dir='ltr'><strong>illud</strong></span> <span class='ocrx_word' id='word_1_928' title='bbox 3302 5661 3465 5720; x_wconf 81' lang='lat' dir='ltr'><strong>habet</strong></span> 
     </span>
    </p>
   </div>
   <div class='ocr_carea' id='block_1_119' title="bbox 1890 5836 2219 5893">
    <p class='ocr_par' dir='ltr' id='par_1_119' title="bbox 1890 5836 2219 5893">
     <span class='ocr_line' id='line_1_119' title="bbox 1890 5836 2219 5893; baseline 0.012 -4"><span class='ocrx_word' id='word_1_929' title='bbox 1890 5836 1929 5868; x_wconf 84' lang='grc'><strong>⁶¹</strong></span> <span class='ocrx_word' id='word_1_930' title='bbox 1967 5836 2098 5892; x_wconf 84' lang='lat' dir='ltr'><strong>Ibid.</strong></span> <span class='ocrx_word' id='word_1_931' title='bbox 2137 5839 2219 5893; x_wconf 83' lang='grc' dir='ltr'><strong>Η.</strong></span> 
     </span>
    </p>
   </div>
  </div>
