4120 6420
558 365 676 420 ἨῚ

1168 357 1431 414 EUSEBH
1468 355 1942 412 CESARIENSIS
1979 355 2131 412 OPP.
2173 353 2351 411 PARS
2393 356 2456 412 ll.
2494 385 2564 402 -ο
2603 356 3102 414 APOLOGETICA.

3710 356 3814 412 με

569 478 851 534 oraculum
891 475 1036 545 quod
1074 470 1152 527 ita
1201 473 1278 526 ait
1320 491 1333 526 ε
1371 490 1388 524 ‹
1437 470 1672 540 Adjiciet
1721 469 1983 524 Dominus
2041 473 2134 525 de-

2246 485 2320 522 σει
2348 470 2579 541 Κύριος;
2604 471 2739 524 άλλά
2765 473 2872 544 γὰρ
2903 470 3040 542 πρὸς
3070 461 3150 528 οἷς
3186 469 3330 537 ἀπαξ
3364 469 3672 539 ἐπεδείξατο
3704 472 3814 526 πά.

571 577 877 623 monstrare
915 579 1132 618 manum
1168 578 1347 626 suam,
1383 570 1441 616 ut
1471 563 1756 616 aemuletur
1798 561 1869 616 ob
1908 560 1961 614 id
1991 562 2135 630 quod

574 659 900 715 remanserit
936 657 1202 726 reliquum
1248 654 1454 725 populi.
1488 675 1506 706 ι
1540 652 1681 719 Quid
1709 660 1887 708 autem
1921 651 2138 722 adjiciet

576 749 873 806 Dominus?
902 764 1113 819 nempe,
1141 749 1208 804 iis
1241 763 1379 817 quos
1401 747 1567 802 semel
1593 744 1868 815 quondam
1901 760 1997 816 per
2022 760 2146 814 pro-

576 841 765 912 phetas
789 839 1026 896 ostendit
1063 839 1328 908 :Adjecta
1354 850 1439 896 est
1473 856 1670 896 manus
1706 839 1939 904 Domini,
1960 845 2019 895 ut
2052 837 2139 894 his

577 934 710 1004 ipsis
740 932 903 988 veluti
942 932 1009 987 de
1065 934 1234 989 totius
1293 933 1478 1003 populi
1528 934 1686 988 ruina
1737 933 1987 996 servatis,
2021 947 2140 1002 qua:

575 1025 848 1095 prioribus
887 1026 1130 1089 deerant,
1160 1026 1606 1096 adjungerentnr.
1638 1024 1763 1080 Hmc
1794 1040 1954 1097 porro
1985 1032 2139 1080 erant

571 1119 708 1175 Novi
761 1119 1095 1177 Testamenti
1151 1120 1447 1190 mysteria,
1505 1135 1625 1188 qua:
1693 1134 1857 1173 manu
1925 1117 2139 1172 Domini

572 1218 794 1267 ostensa
816 1217 945 1267 sunt
968 1211 1018 1264 ei
1049 1211 1188 1279 parti
1220 1223 1340 1278 quae
1369 1209 1435 1263 de
1462 1209 1661 1280 populo
1691 1209 1880 1263 relicta
1908 1218 2012 1264 est.
2032 1207 2138 1263 Sed

573 1304 759 1366 etiam,
792 1321 811 1354 ι
859 1310 918 1357 ut
944 1303 1250 1366 aemuletur,
1280 1303 1475 1372 inquit,
1503 1302 1573 1355 ob
1602 1301 1654 1355 id
1695 1302 1840 1370 quod
1868 1317 2142 1357 remanse-

573 1395 646 1450 rit
683 1396 951 1465 reliquum
981 1394 1182 1464 populi.
1226 1415 1244 1446 ι
1284 1393 1390 1449 Pro
1432 1409 1539 1463 quo
1591 1393 1785 1464 Aquila
1811 1403 1863 1448 et
1891 1392 2139 1449 Theodo-

575 1489 690 1544 tion
705 1487 1069 1552 concorditer,
1093 1505 1110 1538 ‹
1143 1486 1210 1540 ad
1224 1485 1636 1556 acquirendum,
1667 1506 1685 1539 ι
1708 1487 1982 1557 inquiunt,
2005 1507 2022 1539 ι
2055 1504 2140 1543 re-

576 1578 792 1635 siduum
828 1578 1006 1649 populi
1039 1579 1146 1642 sui,
1195 1579 1556 1650 quodcunque
1599 1581 1845 1635 relictum
1882 1580 2041 1634 fuerit
2071 1580 2141 1635 ab

573 1668 837 1739 Assyriis,
873 1689 890 1722 ι
927 1680 978 1724 et
1002 1683 1030 1722 a
1066 1669 1294 1739 reliquis
1324 1669 1563 1725 inimicis
1595 1671 1866 1742 gentibus.
1895 1671 2006 1727 Hoc
2043 1687 2142 1726 au-

575 1769 680 1814 tem
723 1759 866 1829 quod
916 1760 1164 1818 relictum
1218 1760 1380 1815 fuerit
1423 1759 1491 1816 de
1531 1763 1752 1832 populo,
1808 1781 1828 1815 ι
1894 1764 2136 1826 extollet,

575 1849 770 1922 inquit,
824 1853 1038 1921 signum
1089 1857 1141 1907 in
1177 1861 1364 1925 gentes
1398 1873 1410 1908 :
1457 1874 1474 1906 ι
1510 1871 1604 1925 per
1661 1870 1756 1910 eos
1795 1857 1938 1910 enim
1979 1858 2138 1926 plane
2168 1825 2211 1886 Β

575 1943 838 1998 Dominus
868 1943 1083 2014 signum
1121 1961 1282 1999 suum
1314 1946 1367 1999 in
1402 1946 1620 2001 cunctis
1645 1947 1898 2017 gentibus
1931 1948 2142 2018 patefe-

574 2035 668 2098 cit,
694 2041 748 2089 et
777 2051 873 2106 per
893 2037 1112 2092 eosdem
1149 2038 1368 2108 collegit
1409 2054 1525 2105 eos,
1557 2040 1650 2109 qui
1683 2055 1749 2095 ex
1777 2039 1942 2095 Israel
1970 2046 2144 2112 perie—

577 2134 720 2187 rant.
755 2135 808 2182 et
846 2127 937 2196 qui
989 2141 1052 2181 ex
1096 2124 1234 2181 Juda
1283 2126 1515 2196 dispersi
1571 2135 1748 2192 erant,
1789 2137 2075 2199 postquam
2112 2146 2142 2184 a

577 2225 811 2286 quatuor
842 2216 943 2272 alis
965 2222 1142 2281 terrae,
1176 2216 1245 2271 ad
1293 2214 1570 2270 Christum
1608 2216 1722 2279 Dei,
1760 2233 1826 2271 ex
1880 2217 2144 2286 praedica-

576 2310 725 2386 tione
772 2308 1142 2378 apostolorum
1199 2307 1391 2378 ipsius,
1440 2307 1846 2379 confugerunt:
1880 2309 1960 2364 sic
2013 2324 2144 2364 sane

576 2400 836 2456 collectos
861 2414 981 2456 esse
999 2399 1310 2469 intelligens
1338 2415 1456 2463 eos,
1480 2400 1573 2470 qui
1596 2400 1871 2471 quondam
1893 2415 1958 2454 ex
1977 2398 2144 2456 lsrael

573 2489 815 2555 etluda,
862 2489 1164 2546 secundum
1210 2490 1533 2546 sententiam
1586 2489 1945 2547 consideratis
1984 2498 2146 2560 atque

577 2582 836 2651 acceptis,
881 2578 1100 2636 abducti
1134 2580 1348 2652 procul,
1384 2579 1733 2650 separatique
1763 2578 1997 2648 fuerant.
2029 2579 2145 2634 Mos

578 2681 761 2730 autem
804 2671 1184 2742 hujuscemodi
1234 2672 1563 2734 animarum,
1603 2685 1790 2725 verum
1840 2667 2008 2725 Israel
2051 2668 2145 2724 Dei

576 2766 938 2831 demonstrat,
975 2765 1120 2817 sicut
1167 2778 1197 2817 e
1259 2761 1561 2828 contrario,
1619 2760 1814 2815 vitiosa
1873 2775 2147 2830 pravaque

575 2856 790 2914 affectio
821 2872 945 2913 eum
977 2855 1162 2919 Israel,
1187 2856 1280 2925 qui
1316 2855 1529 2911 ratione
1548 2854 1795 2923 corporis
1822 2867 1942 2908 eam
1969 2853 2148 2923 appel-

580 2948 839 3006 lationem
870 2947 1100 3003 sortitus
1131 2955 1238 3009 est,
1269 2945 1546 3016 principes
1571 2942 1952 3006 Sodomorum,
1979 2949 2033 2997 et
2058 2958 2148 3012 po-

578 3041 765 3112 pulum
797 3037 1114 3098 Gomorrhae
1157 3038 1430 3108 appellare
1462 3038 1517 3094 in
1549 3036 1789 3091 oraculis
1820 3035 1967 3090 facit.
2001 3035 2149 3091 Reli-

575 3133 720 3203 quias
770 3132 936 3202 igitur
977 3129 1277 3186 secundum
1318 3127 1639 3185 electionem
1673 3128 1880 3198 gratiae,
1910 3135 1963 3183 et
1999 3128 2146 3198 quod

577 3225 633 3282 in
689 3223 969 3297 prophetia
1021 3223 1241 3287 dicitur,
1303 3222 1552 3276 relictum
1599 3219 1880 3275 residuum
1937 3219 2146 3291 populi,

575 3317 790 3388 signum
849 3313 1064 3370 Domini
1124 3313 1264 3386 apud
1341 3320 1571 3368 cunctas
1629 3318 1820 3383 gentes
1880 3311 2148 3381 praedica-

573 3416 750 3464 runt:
783 3416 838 3465 et
885 3407 1197 3467 istiusmodi
1244 3407 1486 3478 gentium
1540 3405 1752 3460 animas
1781 3404 1854 3460 ab
1901 3405 2143 3469 interitu,

574 3502 644 3559 ad
705 3501 918 3558 Domini
989 3500 1355 3572 cognitionem
1420 3499 1733 3564 trahentes,
1790 3514 1962 3555 unum
2037 3497 2152 3552 Deo.

571 3593 834 3664 populum
879 3591 1275 3655 confecerunt,
1327 3590 1420 3662 qui
1479 3605 1510 3644 a
1559 3598 1796 3661 quatuor
1843 3591 1944 3644 alis
1988 3598 2149 3644 teme

571 3683 736 3742 hodie
783 3699 1001 3754 quoque
1061 3699 1168 3738 una
1225 3683 1432 3738 Christi
1504 3683 1708 3738 virtute
1779 3683 2144 3737 contrahitur.

577 3775 684 3846 77
708 3774 774 3830 Hi
805 3791 933 3832 vero
977 3776 1079 3846 ipsi
1121 3775 1190 3830 de
1236 3773 1477 3831 Iudaica:
1534 3777 1712 3846 gentis
1747 3775 1969 3831 interitu
2015 3791 2150 3830 con-

572 3868 778 3932 servati
803 3866 1082 3938 discipuli,
1126 3876 1181 3925 et
1239 3869 1473 3939 apostoli
1507 3868 1809 3925 Salvatoris
1860 3867 2147 3933 nostri,ex

572 3958 806 4016 diversis
839 3958 1095 4015 tribubus
1145 3959 1386 4022 oriundi,
1428 3960 1881 4027 unae-vocatione,
1934 3974 2151 4030 unaque

573 4050 774 4120 gratia,
801 4057 965 4120 atque
1002 4065 1112 4123 uno
1146 4058 1338 4107 sancto
1370 4049 1574 4122 Spiritu
1616 4052 1766 4125 digni
1789 4051 1988 4116 eﬁecti,
2031 4068 2150 4108 om-

574 4158 698 4199 nem
729 4157 994 4208 amorem,
1027 4160 1186 4215 quem
1235 4145 1364 4202 olim
1397 4161 1524 4216 erga
1555 4147 1705 4217 ipsos
1735 4146 2016 4203 Hebraicae
2044 4149 2147 4202 tri-

571 4237 681 4292 bus
731 4236 1032 4304 habebant,
1063 4237 1326 4307 abjecturi
1379 4248 1555 4302 erant,
1603 4248 1660 4292 ut
1715 4241 1792 4294 ait
1841 4241 2146 4312 prophetia.

571 4327 711 4384 Cum
737 4328 934 4400 ,igitur
978 4329 1166 4385 eodem
1221 4329 1499 4387 intellectu
1528 4331 1829 4403 eademque
1880 4334 2147 4408 sententia

571 4421 803 4493 perfecti
854 4429 1059 4487 essent,
1120 4438 1230 4480 non
1267 4423 1444 4478 solum
1501 4425 1870 4480 continentem
1921 4434 2142 4492 terram,

573 4513 670 4568 sed
697 4520 753 4570 et
783 4512 993 4568 insulas
1043 4515 1284 4584 gentium
1340 4516 1610 4586 pervagati
1659 4524 1809 4582 sunt,
1857 4525 1911 4572 et
1955 4533 2147 4573 omnes

572 4605 817 4677 undique
844 4605 1128 4662 hominum
1156 4607 1368 4663 animas
1387 4608 1679 4679 depraedati
1706 4651 1722 4672 ,
1760 4624 1853 4664 eas
1883 4609 2148 4689 ducentes

573 4699 840 4769 captivas,
876 4707 937 4754 ut
959 4699 1188 4770 imperio
1211 4699 1416 4756 Christi
1438 4702 1859 4771 subjicerentur.
1895 4701 1999 4770 Qui
2025 4705 2148 4776 qui-

570 4789 696 4847 dem
725 4791 778 4846 in
802 4790 907 4846 hoc
940 4799 1311 4847 consentanea
1349 4792 1425 4847 illi
1449 4795 1676 4850 oraculo
1722 4805 1972 4867 egerunt,
2001 4799 2145 4868 quod

572 4883 685 4938 ait:
717 4902 736 4935 ι
769 4883 834 4938 Et
861 4885 1122 4940 volabunt
1170 4884 1228 4940 in
1275 4887 1510 4958 navigiis
1557 4895 1846 4944 externum
1893 4906 2044 4946 mare
2074 4893 2148 4947 si-

571 4974 687 5031 mul
738 4974 1134 5046 depraedantes,
1169 4987 1225 5034 et
1253 4993 1370 5046 eos,
1407 4981 1500 5051 qui
1528 4981 1596 5036 ad
1626 4981 1760 5037 solis
1813 4991 1991 5036 ortum
2020 4998 2146 5053 spe-

570 5073 725 5126 ctant
756 5067 821 5124 “.
857 5087 879 5120 ι
940 5069 1172 5142 Reliqua
1216 5088 1346 5129 vero
1386 5072 1630 5144 ejusdem
1683 5073 2002 5145 prophetiae,
2060 5074 2145 5132 his

573 5158 703 5212 item
741 5163 1095 5232 proportione
1138 5165 1472 5236 respondere
1496 5167 1820 5233 intueberis,
1856 5167 1902 5223 si
1951 5182 2146 5223 unam-

572 5264 850 5322 quamque
899 5253 1190 5312 dictionem
1229 5264 1409 5313 tecum
1443 5259 1558 5330 ipse
1599 5257 1887 5330 diligenter
1915 5273 2148 5330 perpen-

2177 4562 2226 4620 Ι)

2237 561 2324 628 λαι
2346 563 2606 634 πρότερον
2630 563 2717 617 διὰ
2747 565 2852 618 τῶν
2886 561 3196 636 προφητῶν·
3232 583 3249 613 ι
3284 562 3659 636 Προσεγενήθη
3690 565 3814 634 χεὶρ

2237 653 2464 724 Κυρίου,
2509 655 2603 708 καὶ
2643 655 2852 718 τούτοις
2892 654 3228 708 διασωθεῖσιν
3269 656 3376 709 ἀπὸ
3421 656 3521 725 τῆς
3557 655 3817 718 πτώσεως

2237 743 2330 796 τοῦ
2359 745 2556 809 παντὸς
2583 746 2735 808 λαοῦ,
2765 746 2835 798 τὰ
2874 745 3124 798 λείποντα
3173 749 3284 810 τοῖς
3326 748 3608 818 προτέροις
3644 763 3819 818 προσκ-

2240 831 2440 905 θήσειν.
2475 853 2490 884 ι
2517 834 2701 888 Ταῦτα
2721 834 2776 889 δὲ
2805 830 2872 906 ἦν
2889 835 2956 888 τά
2983 835 3078 905 τῆς
3099 835 3288 905 καινῆς
3310 835 3581 907 Διαθήκης
3613 837 3820 907 μυστή-

2243 940 2350 994 ρια,
2385 924 2472 980 διὰ
2501 925 2604 994 τῆς
2631 925 2811 994 χειρὸς
2841 923 2934 978 τοῦ
2968 926 3171 996 Κυρίου
3204 926 3518 996 δεδειγμένα
3542 925 3620 997 τῷ
3654 942 3819 980 κατα-

2238 1017 2505 1088 λειφθέντι
2537 1019 2644 1071 ἀπὸ
2671 1016 2762 1069 τοῦ
2793 1016 2940 1070 λαοῦ.
2974 1018 3132 1072 ’Δλλά
3147 1021 3240 1073 καὶ
3267 1019 3358 1080 τοῦ
3389 1018 3625 1090 ζηλῶσαι
3649 1036 3816 1091 φησιν

2238 1110 2298 1163 τὸ
2326 1109 2680 1179 καταλειφθὲν
2704 1110 2993 1164 ὑπόλοιπον
3023 1109 3118 1164 τοῦ
3142 1111 3294 1165 λαοῦ.
3339 1111 3477 1165 Ἀνθ’
3507 1104 3569 1164 οὗ
3593 1110 3820 1183 συμφὼ-

2239 1220 2346 1266 νως
2378 1205 2406 1256 ὁ
2447 1201 2673 1265 ’Δκύλας
2700 1203 2790 1255 καὶ
2824 1201 3135 1268 Θεοδοτίων,
3165 1201 3255 1256 τοῦ
3275 1202 3595 1274 κτήσασθαι,
3628 1203 3816 1273 φησιν,

2237 1298 2299 1349 τὸ
2322 1296 2631 1367 ὑπόλειμμα
2659 1295 2751 1349 τοῦ
2773 1295 2898 1349 λαοῦ
2924 1296 3107 1360 αὑτοῦ,
3130 1296 3158 1348 ὃ
3188 1296 3254 1349 ἂν
3281 1297 3550 1368 καταλίπῃ
3576 1297 3683 1350 ἀπὸ
3707 1296 3817 1349 τῶν

2253 1389 2546 1460 Ἀσσυρίων
2597 1389 2690 1442 καὶ
2736 1389 2844 1442 ἀπὸ
2890 1388 2997 1441 τῶν
3057 1388 3255 1441 λοιπῶν
3302 1387 3573 1458 πολεμίων
3625 1386 3814 1443 ἐθνῶν.

2240 1480 2410 1534 Τοῦτο
2453 1480 2508 1535 δὲ
2542 1480 2602 1536 τὸ
2648 1479 3002 1549 καταλειφθὲν
3031 1478 3122 1532 τοῦ
3171 1478 3301 1532 λαοῦ
3342 1479 3628 1533 ὑπόλοιπον
3672 1481 3817 1549 ἀρεῖ,

2243 1572 2425 1644 φησὶν,
2453 1574 2675 1643 σημεῖον
2706 1574 2786 1636 είς
2814 1571 2880 1624 τὰ
2903 1571 3052 1643 ἔθνη·
3087 1572 3274 1640 σαφῶς
3305 1571 3371 1624 δι’
3397 1571 3573 1624 αὐτῶν
3595 1571 3655 1623 τὸ
3687 1572 3820 1624 ἐαυ-

2241 1664 2333 1719 τοῦ
2367 1668 2590 1737 σημεῖον
2618 1667 2646 1720 ό
2676 1665 2878 1737 Κύριος
2901 1667 2958 1718 ἐν
2986 1666 3117 1718 πᾶσι
3150 1667 3263 1728 τοῖς
3291 1664 3498 1718 ἔθνεσιν
3523 1662 3823 1718 ἐπιδεικνὺ-

2247 1773 2405 1828 μενος
2426 1774 2438 1788 ·
2470 1758 2564 1811 καὶ
2597 1756 2812 1821 συνάξει
2854 1757 2920 1809 δι’
2952 1756 3125 1810 αὑτῶν
3156 1757 3282 1820 τοὺς
3314 1757 3678 1828 ἀπολομένους
3719 1757 3822 1812 Ἰσ-

2244 1849 2399 1919 ραὴλ,
2433 1848 2526 1902 καὶ
2550 1850 2676 1912 τοὺς
2706 1849 3135 1921 διεσπαρμένους
3175 1848 3366 1914 Ἰούδα,
3415 1850 3478 1902 ἐκ
3506 1849 3612 1904 τῶν
3639 1849 3828 1903 τεσσά⁶

2245 1957 2354 2011 ρων
2387 1940 2669 2012 πτερύγων
2709 1941 2808 2012 τῆς
2851 1940 2955 2011 γῆς
2991 1941 3083 1993 ἐπὶ
3132 1941 3224 1994 τὸν
3265 1941 3497 2012 Χριστὸν
3537 1941 3635 1994 τοῦ
3663 1940 3822 2004 Θεοῦ,

2242 2031 2328 2086 διὰ
2366 2031 2459 2085 τοῦ
2495 2031 2602 2086 τῶν
2633 2033 2946 2087 ἀποστόλων
2993 2032 3156 2087 αὑτοῦ
3200 2032 3550 2105 κηρύγματος
3592 2049 3826 2088 καταπεο

2245 2123 2539 2193 φευγότας·
2567 2126 2692 2186 τοὺς
2732 2125 3093 2196 συναχθέντας
3127 2120 3263 2178 εἶναι
3313 2125 3484 2194 λέγων
3513 2125 3620 2178 τῶν
3654 2125 3826 2178 πάλαι

2244 2215 2641 2286 ἀπῳκισμένων
2664 2217 2758 2269 καὶ
2786 2217 3182 2288 ἀφωρισμένων
3205 2220 3267 2270 ἐκ
3299 2216 3390 2270 τοῦ
3425 2217 3565 2272 κατὰ
3585 2217 3826 2272 διάνοιαν

2256 2306 2471 2378 Ἰσραὴλ
2510 2309 2603 2365 καὶ
2634 2307 2821 2360 Ἰούδα.
2870 2309 3082 2378 Τρόπος
3129 2309 3183 2362 δὲ
3235 2309 3452 2363 τοιῶνδε
3503 2309 3690 2380 ψυχῶν
3733 2309 3826 2363 τὸν

2245 2396 2494 2466 ἀληθινὸν
2541 2397 2755 2469 Ἰσραὴλ
2807 2398 2900 2452 τοῦ
2955 2398 3088 2452 Θεοῦ
3129 2400 3419 2463 δείκνυσιν,
3443 2400 3518 2464 ὡς
3559 2400 3827 2454 ἀνάπαλιν

2245 2486 2423 2557 φαύλη
2470 2486 2566 2546 καὶ
2618 2489 2864 2558 μοχθηρά
2909 2489 3146 2552 διάθεσις
3193 2490 3285 2542 τὸν
3335 2490 3476 2542 κατὰ
3517 2491 3694 2563 σάρκα
3725 2491 3828 2544 '16.-

2249 2577 2406 2648 ραὴλ,
2436 2578 2702 2649 ἄρχοντας
2741 2578 2989 2650 Σοδόμων
3035 2581 3126 2633 καὶ
3157 2580 3284 2634 λαὸν
3312 2581 3590 2654 Γομόρρας
3619 2600 3829 2654 χρημα-
3854 2590 3867 2600 ³

2245 2669 2412 2734 τίζειν
2458 2675 2621 2728 ποιεῖ.
2658 2671 2730 2725 Τὸ
2770 2675 2947 2726 τοίνυν
2993 2673 3199 2745 λεῖμμα
3241 2678 3358 2728 κατ’
3391 2676 3620 2747 ἐκλογὴν
3668 2678 3828 2750 χάρι-

2245 2776 2356 2824 τος,
2393 2761 2488 2813 καὶ
2525 2761 2585 2814 τὸ
2618 2761 2910 2832 λεγόμενον
2937 2765 3005 2815 -ἐν
3028 2767 3092 2835 τῇ
3129 2765 3434 2837 προφητείᾳ
3468 2766 3828 2836 καταλειφθὲν

2247 2851 2539 2909 ὑπόλοιπον
2587 2853 2682 2907 τοῦ
2722 2854 2873 2918 λαοῦ,
2913 2855 2974 2908 τὸ
3019 2859 3245 2927 σημεῖον
3291 2857 3382 2910 τοῦ
3433 2858 3638 2930 Κυρίου
3695 2861 3828 2912 πᾶσι

2246 2949 2358 3010 τοῖς
2415 2945 2623 3002 ἔθνεσιν
2673 2947 3025 3019 ἀνεκήρυξεν,
3085 2948 3179 3001 καὶ
3220 2948 3319 3012 τὰς
3372 2950 3583 3004 τοιάσδε
3650 2951 3830 3022 ψυχὰς

2245 3037 2354 3092 τῶν
2407 3037 2577 3092 ἐθνῶν
2619 3038 2678 3104 ἐξ
2715 3038 2988 3102 ἀπωλείας
3033 3041 3125 3092 ἐπὶ
3167 3040 3267 3111 τὴν
3303 3040 3398 3094 τοῦ
3441 3042 3646 3115 Κυρίου
3689 3041 3831 3112 γνῶ-

2250 3143 2361 3186 σιν
2397 3131 2834 3202 ἐφελκυσάμενον
2861 3173 2874 3196 ,
2935 3133 3030 3188 ἕνα
3089 3133 3213 3186 λαὸν
3279 3134 3471 3205 συνῆξε
3526 3136 3604 3208 τῷ
3664 3135 3785 3207 Θεῷ
3812 3177 3828 3202 ,

2248 3221 2341 3275 τὸν
2386 3224 2451 3277 ἐκ
2501 3223 2609 3276 τῶν
2664 3223 2946 3294 τεσσάρων
3001 3223 3285 3295 πτερύγων
3345 3225 3444 3296 τῆς
3498 3227 3600 3296 γῆς
3662 3226 3831 3281 εἰσέτι

2248 3314 2343 3369 νῦν
2395 3318 2459 3387 τῇ
2510 3314 2604 3370 τοῦ
2657 3315 2895 3387 Χριστοῦ
2940 3316 3166 3388 δυνάμει
3210 3317 3694 3389 συγκροτούμενον.
3735 3312 3834 3372 05-

2247 3425 2332 3461 τοι
2360 3407 2416 3460 δὲ
2446 3408 2600 3462 αὑτοὶ
2636 3409 2685 3461 oi
2727 3409 2836 3462 ἀπὸ
2881 3408 2988 3462 τῶν
3034 3409 3387 3465 ἀπολωλότων
3423 3411 3518 3464 τοῦ
3566 3411 3833 3466 Ἰουδαίων

2250 3499 2435 3564 ἔθνους
2465 3499 2820 3564 διασωθέντες
2861 3499 3101 3572 μαθηταὶ
3132 3501 3226 3555 καὶ
3261 3501 3546 3554 ἀπόστολοι
3579 3503 3832 3574 Σωτῆρος

2249 3592 2426 3665 ήμῶν,
2451 3594 2516 3648 ἐκ
2535 3593 2804 3664 διαφόρων
2829 3593 3010 3662 φυλῶν
3031 3594 3407 3664 τυγχάνοντες,
3430 3597 3558 3665 μιᾶς
3586 3596 3832 3667 κλήσεως

2250 3685 2342 3739 καὶ
2371 3685 2496 3757 μιᾶς
2527 3685 2748 3758 χάριτος
2789 3686 2908 3749 ἐνὸς
2946 3685 3264 3756 Πνεύματος
3303 3687 3454 3755 ἁγίου
3489 3687 3832 3758 κατηξιωμέ-

2250 3793 2350 3840 νοι,
2381 3777 2556 3830 πάντα
2585 3776 2749 3848 ζῆλον
2777 3775 2835 3829 ὃν
2870 3775 3035 3830 πάλαι
3070 3776 3206 3848 πρὸς
3236 3777 3432 3842 αὐτοὺς
3467 3773 3611 3850 εἶχον
3641 3780 3696 3831 αἱ
3735 3778 3831 3832 τοῦ

2262 3867 2529 3939 Ἑϐραίων
2567 3867 2751 3932 ἔθνους
2786 3867 2968 3938 φυλαὶ,
3000 3869 3415 3940 ἀπορρίψωσιν,
3454 3870 3584 3943 ὠςή
3615 3889 3833 3943 προφη-

2249 3960 2372 4015 τεία
2404 3962 2588 4032 φησίν.
2619 3961 3059 4033 Κατηρτισμένοι
3089 3960 3218 4031 γοῦν
3254 3963 3332 4034 τῷ
3355 3963 3502 4035 αύτῷ
3535 3964 3615 4018 νοῒ
3647 3967 3741 4018 καὶ
3762 3967 3830 4035 τῇ

2252 4056 2388 4127 αὑτῇ
2419 4054 2632 4130 γνώμῃ,
2681 4055 2742 4108 οὑ
2793 4056 2958 4126 μόνον.
2996 4056 3094 4127 τὴν
3128 4057 3374 4128 ἤπειρον,
3420 4058 3554 4113 ἀλλά
3599 4060 3694 4113 καὶ
3733 4060 3832 4125 τάς

2249 4148 2448 4218 νήσους
2479 4147 2690 4218 διῆλθον
2732 4147 2840 4198 τῶν
2883 4147 3072 4212 ἐθνῶν,
3131 4150 3312 4214 πάσας
3357 4151 3692 4223 πανταχόθεν
3731 4152 3832 4215 τὰς

2251 4241 2361 4294 τῶν
2408 4239 2708 4314 ἀνθρώπων
2749 4241 2926 4312 ψυχὰς
2962 4244 3386 4314 προνομεύοντες
3423 4246 3514 4300 καὶ
3555 4247 3832 4317 αἰχμαλω-

2251 4333 2498 4396 τεύοντες
2531 4334 2612 4396 εἰς
2651 4333 2749 4404 τὴν
2791 4333 3068 4406 ὑποταγὴν
3103 4333 3195 4387 τοῦ
3233 4336 3490 4408 Χριστοῦ,
3523 4337 3833 4402 ἀκολούθως

2251 4425 2327 4496 τῷ
2355 4425 2588 4498 χρησμῷ
2617 4426 2870 4496 φήσαντι·
2903 4445 2924 4476 ι
2953 4428 3062 4480 Καὶ
3089 4428 3521 4500 πετασθήσονται
3548 4431 3604 4483 ἐν
3627 4431 3833 4497 πλοίοις

2254 4517 2586 4588 ἀλλοφύλων,
2629 4515 2905 4577 θάλασσαν
2949 4518 3066 4589 ἅμα
3101 4521 3546 4591 προνομεύοντες,
3583 4522 3833 4586 καὶτοὺς

2255 4614 2347 4683 ἀφ’
2379 4611 2530 4683 ἡλίου
2559 4609 2854 4665 ἀνατολῶν.
2899 4631 2920 4662 ι
2957 4612 3066 4665 Καὶ
3090 4611 3157 4665 τὰ
3189 4613 3351 4667 λοιπὰ
3395 4613 3450 4667 δὲ
3478 4614 3577 4685 τῆς
3621 4633 3833 4688 προφη-

2253 4704 2404 4766 τείας
2428 4702 2638 4766 τούτοις
2662 4701 2939 4770 ἀναλόγως
2966 4702 3379 4773 ἐπιθεωρήσεις,
3414 4704 3649 4775 ἑκάστην
3686 4704 3833 4773 λέξιν

2254 4794 2407 4867 παρά
2441 4795 2618 4865 σαυτῷ
2663 4794 2980 4866 βασανίσας,
3018 4792 3108 4846 καὶ
3156 4795 3264 4846 πᾶν
3300 4794 3398 4865 μὲν
3430 4795 3490 4847 τὸ
3529 4793 3832 4851 ἀσύστατον

2254 4888 2346 4940 καὶ
2381 4887 2633 4942 ταπεινὸν
2661 4886 2835 4957 αὐτῆς
2866 4885 3344 4957 διακρουσάμενος,
3377 4885 3476 4957 τὴν
3508 4887 3564 4940 δὲ
3594 4886 3832 4940 διάνοιαν

2251 4979 2342 5033 τοῦ
2375 4978 2702 5051 πνεύματος,
2731 4979 2806 5044 ὡς
2844 4979 2912 5034 ἂν
2945 4978 3079 5033 αὑτό
3114 4994 3195 5031 σοι
3226 4978 3287 5031 τὸ
3320 4978 3537 5050 πνεῦμα
3572 4978 3663 5032 τοῦ
3696 4977 3834 5033 Θεοῦ

2253 5071 2478 5144 θεωρεῖν
2524 5073 2791 5147 ὑποϐάλῃ,
2829 5073 3047 5144 νοήσας.
3103 5071 3262 5141 Ὑμῖν
3294 5070 3402 5143 γὰρ
3431 5073 3459 5124 ό
3503 5072 3693 5144 καιρὸς
3732 5070 3835 5126 οὑκ

2252 5165 2538 5236 ἐπιτρέπει
2569 5167 2682 5230 τοῖς
2716 5165 2902 5227 τόποις
2954 5163 3046 5216 ἐπὶ
3099 5162 3282 5216 πλεῖον
3315 5163 3692 5234 ἐνδιατρίϐειν,
3732 5164 3835 5236 τὴν

2253 5259 2620 5332 προκειμένην
2653 5257 2910 5311 ὑπόθεσιν
2940 5255 3198 5322 ἐξανύσαι
3226 5255 3726 5327 κατεπειγομένοις.

571 5363 741 5432 deris,
767 5375 822 5424 et
848 5371 991 5441 quod
1021 5372 1241 5444 quidem
1272 5391 1340 5431 ex
1392 5392 1457 5433 ea
1498 5376 1817 5432 inconstans
1844 5378 1927 5433 vel
1949 5377 2153 5433 humile
2177 5377 2353 5434 visum
2385 5377 2572 5441 fuerit,
2629 5375 2907 5445 rejeceris,
2967 5372 3195 5436 spiritus
3231 5387 3360 5428 vero
3405 5371 3578 5442 ipsius
3633 5370 3834 5424 intelli-

571 5466 811 5535 gentiam
843 5473 1170 5539 perceperis,
1205 5479 1476 5545 quatenus
1503 5474 1619 5546 ipse
1672 5475 1770 5530 tibi
1795 5474 1889 5529 Dei
1940 5476 2167 5547 spiritus
2219 5473 2693 5546 contemplandum
2748 5470 3196 5543 suppeditaverit.
3224 5468 3393 5525 Nobis
3433 5469 3580 5525 enim
3613 5477 3830 5540 tempus

569 5574 680 5620 non
706 5567 973 5636 permittit
1023 5568 1230 5629 diutius
1262 5569 1434 5629 iubis
1487 5571 1623 5628 locis
1686 5569 1989 5639 immorari,
2049 5574 2142 5645 qui
2170 5573 2453 5631 materiam
2495 5571 2824 5641 propositam
2857 5568 3139 5625 absolvere
3165 5565 3506 5624 festinamus.

641 5792 913 5858 “15mm,
952 5795 1033 5851 Η.
