4056 6418
231 361 328 417 149

1124 350 2272 413 οεδιοΝδτιιΑΤιοΝιδΕνΑΝεειιωις
2314 348 2439 405 LIB.
2487 349 2549 405 11.

3385 350 3484 405 ιεο

299 482 435 535 MB'.
489 500 509 531 ι
551 481 659 534 Kal
690 478 1014 549 ὲντελοῦμαι
1061 479 1126 547 τῇ
1176 476 1468 550 οἰκουμένη
1503 477 1602 550 ὅλῃ
1642 475 1809 541 κακά,

1983 471 2141 530 XL‘ll.
2169 491 2189 524 ι
2222 472 2292 527 Et
2317 472 2590 528 mandabo
2619 470 2736 525 orbi
2762 472 3018 526 universo
3045 468 3206 532 mala,
3232 475 3284 524 et
3302 466 3486 539 impiis

234 574 454 635 καὶτοῖς
475 571 699 625 ἀσεϐέσι
718 570 819 633 τάς
838 570 1111 641 ἁμαρτίας
1124 568 1327 633 αὐτῶν,
1348 569 1443 621 καὶ
1457 566 1639 621 ἀπολῶ
1655 565 1810 636 ὓϐριν

233 664 469 736 ἀνόμων,
523 665 619 718 καὶ
680 662 843 735 ὓϐριν
892 662 1256 734 ὑπερηφάνων
1304 658 1648 715 ταπεινώσω.
1700 661 1810 714 Καὶ

234 758 448 813 ἔσονται
496 759 559 811 οἱ
595 755 1150 826 ὲγκαταλελειμμένοι
1196 753 1407 827 ἔντιμοι
1455 752 1716 826 μᾶλλονῆ
1749 752 1812 806 τὸ

235 848 541 921 χρυσίοντδ
569 847 802 919 ἄπυρον⁸
831 847 925 900 καὶ
947 846 1231 919 ἄνθρωπος
1259 845 1475 918 ἔντιμος
1498 843 1650 899 ἔσται
1678 843 1813 915 μᾶλ-

235 941 325 994 λον
361 939 398 1011 ἢ
439 942 468 995 6
500 938 647 1003 λίθος
684 941 714 992 ό
756 941 821 994 ὲκ
869 939 1120 1011 Σουφείρ.
1162 958 1180 990 ι
1228 938 1340 993 Καὶ
1378 937 1505 1010 ἑξῆς
1546 936 1806 1005 ἐπιλέγει·

240 1052 262 1086 ι
288 1033 403 1086 Καὶ
431 1032 645 1087 ἔσονται
669 1034 731 1086 οἱ·
751 1031 1230 1104 καταλελειμμένοι
1260 1032 1336 1098 ὼς
1365 1030 1652 1103 δορκάδων.
1679 1028 1812 1100 φεῦ-

237 1144 353 1198 γον,
378 1126 475 1181 καὶ
496 1126 574 1190 ὡς
602 1125 873 1198 πρόϐατον
899 1124 1269 1196 πλανώμενον.
1307 1143 1327 1177 ι
1363 1124 1477 1178 Kal.
1501 1123 1588 1178 διὰ
1609 1122 1813 1177 τούτων

241 1221 297 1273 τὸ
329 1219 563 1273 σπάνιον
588 1217 696 1271 τῶν
737 1216 1129 1288 σωθησομένων
1173 1217 1232 1269 ὲν
1258 1214 1337 1285 τῷ
1365 1214 1545 1288 καιρῷ
1578 1213 1677 1284 τῆς
1705 1212 1813 1267 τῶν

235 1310 451 1365 ἀσεϐῶν
503 1308 775 1372 ἀπωλείας
826 1307 1139 1377 σαφέστατα
1186 1308 1215 1360 ό
1255 1305 1411 1374 λόγος
1452 1304 1809 1377 παρίστησιν

238 1402 378 1455 ὥστε
415 1403 494 1473 μὴ
544 1399 728 1473 χώραν
762 1400 905 1469 ἔχειν
945 1400 1189 1452 ὑπονοεῖν
1230 1396 1559 1469 ἀδιακρίτως
1606 1395 1814 1460 πάντας

240 1492 581 1560 ἁπαξαπλῶς
605 1493 731 1555 τοὺς
753 1494 818 1545 ὲκ
837 1490 1159 1563 περιτομῆς,
1190 1490 1286 1543 καὶ
1313 1490 1421 1543 πᾶν
1433 1487 1502 1543 τὸ
1543 1487 1815 1542 Ἰουδαίων

239 1588 408 1653 Ξθνος,
442 1586 555 1640 τῶν
580 1583 674 1641 τοῦ
698 1584 833 1639 Θεοῦ
865 1583 1144 1650 τεύξεσθαι
1174 1583 1533 1653 ἐπαγγελιῶν.

1911 564 2408 637 peccataipsorum
2433 604 2448 628 ,
2498 571 2555 618 et
2592 561 2812 632 perdam
2867 561 3120 631 injuriaui
3151 560 3482 629 iniquorum.

1911 665 1965 714 et
1990 657 2382 713 contumeliam
2434 655 2797 727 superborum
2852 652 3174 708 bumiliabo.
3215 651 3280 705 Et
3325 663 3485 708 erunt

1910 748 2005 818 qui
2032 747 2396 803 remanserint
2425 745 2651 816 pretiosi
2675 745 2869 816 magis,
2901 758 3065 814 quam
3122 758 3315 797 aurum
3338 743 3484 813 quod

1912 840 2089 912 ignem
2121 854 2233 893 non
2278 837 2482 893 sentit:
2512 845 2567 892 et
2606 836 2770 891 homo
2812 834 3087 906 pretiosus
3131 833 3237 889 erit
3288 834 3484 903 magis,

1911 945 2077 1002 quam
2127 930 2264 1000 lapis
2318 930 2374 983 in
2421 927 2624 998 Suphir
2657 927 2724 992 “,
2775 941 2841 980 ac
2873 925 3133 995 deinceps
3192 924 3483 995 adiungit:

1919 1039 1937 1071 ι
1975 1019 2243 1086 Eterunt,
2282 1037 2300 1070 ι
2354 1020 2447 1089 qui
2487 1017 2662 1072 relicti
2722 1015 2947 1078 fuerint,
2982 1033 3002 1067 ι
3035 1014 3195 1086 quasi
3235 1015 3487 1086 capreoli

1915 1108 2147 1180 fugiens,
2182 1117 2238 1162 et
2276 1108 2432 1177 quasi
2460 1105 2580 1161 ovis
2600 1101 2911 1160 errabunda
2935 1101 2982 1135 “
3013 1117 3025 1152 :
3071 1119 3090 1153 ι
3124 1108 3285 1170 atque
3316 1100 3370 1154 in
3403 1099 3489 1156 bis

1913 1201 2130 1272 quidem
2162 1200 2489 1272 paucitatem
2504 1212 2718 1262 eorum,
2750 1195 2844 1266 qui
2858 1192 3192 1265 superfuturi
3216 1192 3328 1247 sint
3350 1198 3490 1246 tem-

1913 1309 2046 1363 pore
2101 1291 2353 1347 interitus
2404 1289 2736 1361 impiorum,
2803 1286 2892 1341 bic
2939 1299 3121 1342 sermo
3172 1283 3491 1354 planissime

1914 1387 2290 1445 ostenditzex
2318 1401 2429 1457 quo
2490 1383 2543 1438 id
2598 1380 2976 1452 intelligimus,
3034 1378 3153 1433 sine
3179 1377 3287 1432 ulla
3336 1390 3492 1432 exce-

1916 1482 2132 1552 ptione,
2171 1479 2441 1534 carituros
2478 1491 2599 1532 esse
2632 1473 2847 1545 propria
2882 1470 3105 1539 regione
3143 1483 3335 1525 omnes
3372 1484 3492 1524 om-

1915 1572 2067 1638 niuo,
2104 1571 2196 1641 qui
2230 1569 2297 1625 ad
2326 1566 2801 1624 circumcisionem
2831 1562 3128 1634 pertinent,
3176 1567 3339 1630 atque
3375 1573 3493 1613 om-

1918 1679 2041 1718 nem
2071 1660 2360 1717 Judaicam
2411 1667 2648 1730 gentem,
2698 1655 2979 1725 promissa.
3004 1653 3189 1709 divina
3220 1666 3328 1705 non
3370 1664 3493 1706 esse

1918 1761 2357 1810 consecuturam.

309 1847 446 1903 ΜΓ.
488 1864 508 1898 ι
544 1846 656 1901 Καὶ
684 1844 845 1898 ἔσται
877 1844 935 1896 ὲν
959 1846 1025 1915 τῇ
1050 1841 1232 1915 ἡμέρᾳ
1258 1841 1443 1912 ἐκείνῃ
1474 1839 1711 1910 ἔκλειψις
1731 1838 1818 1893 δό-

1994 1845 2175 1901 XLIII.
2222 1864 2248 1896 ι
2279 1843 2350 1897 Et
2375 1841 2554 1909 eritin
2582 1840 2670 1895 die
2702 1839 2797 1893 illa
2816 1836 3065 1894 defectus
3094 1834 3281 1906 gloria:
3299 1831 3492 1892 Jacob.

243 1941 338 2012 ξης
376 1938 601 2003 Ἰακὼϐ,
626 1937 718 1993 καὶ
742 1935 815 1991 τά
836 1935 993 1990 πίονα
1013 1934 1115 2006 τῆς
1140 1933 1298 2005 δόξης
1315 1930 1480 1987 αὐτοῦ
1510 1931 1819 2004 σεισθήσον-

243 2051 350 2087 ται.
382 2033 496 2087 Καὶ
529 2029 682 2084 ἔσται
714 2029 774 2082 ὃν
806 2027 1009 2100 τρόπον
1045 2026 1141 2081 ὲάν
1171 2043 1256 2090 τις
1295 2024 1587 2097 συναγάγῃ
1608 2022 1821 2095 ἀμητόν

245 2125 535 2196 ἑστηκότα,
578 2123 672 2177 καὶ.
718 2121 943 2194 σπέρμα
985 2118 1234 2190 σταχύων
1275 2118 1485 2191 ἀμήστγ
1531 2118 1625 2171 καὶ
1666 2115 1819 2169 ἔσται

246 2219 303 2272 ὂν
336 2218 542 2290 τρόπον
594 2215 690 2269 ἐάν
735 2229 818 2277 τις
858 2211 1143 2282 συναγάγῃ
1182 2209 1419 2280 στάχυας
1470 2210 1528 2261 ὲν
1577 2207 1821 2279 φάραγγι

248 2310 462 2382 στερεᾷ,
497 2307 593 2362 καὶ
615 2304 943 2375 καταλειφθῇ
974 2306 1032 2357 ὲν
1057 2304 1194 2374 αὐτῇ
1220 2302 1457 2373 καλάμηο
1492 2301 1524 2372 ἢ
1550 2300 1626 2365 ὡς
1648 2300 1823 2372 ρὦες

245 2401 429 2464 ἐλαίας
455 2398 574 2466 δύο,
601 2398 636 2469 ἢ
659 2399 811 2470 τρεῖς
837 2396 923 2449 ἐπ’
949 2394 1121 2467 ἄκρου
1156 2393 1452 2467 μετεώρου,
1478 2394 1511 2465 ἢ
1536 2393 1818 2464 τέσσαρες,

251 2493 278 2561 ἢ
308 2494 473 2546 πέντε
507 2490 604 2544 ἐπὶ
633 2488 743 2543 τῶν
779 2487 988 2542 κλάδων
1017 2485 1198 2541 αὐτῶν
1225 2483 1645 2554 καταλειφθῶσι.
1684 2482 1823 2537 Τάδε

246 2584 389 2652 λέγει
428 2582 639 2654 Κύριος
664 2584 695 2635 ό
723 2578 858 2643 Θεὸς
883 2577 978 2632 τοῦ
1029 2576 1245 2650 Ἰσραήλ
1265 2594 1281 2609 ι
1314 2575 1392 2649 Τῇ
1426 2575 1610 2648 ἡμέρᾳ
1639 2574 1821 2645 ὲκείνῃ

254 2672 527 2737 πεποιθὼς
555 2671 713 2725 ἔσται
749 2670 1030 2742 ἄνθρωπος
1075 2668 1167 2722 ἐπὶ
1208 2667 1286 2739 τῷ
1316 2669 1601 2739 ποιήσαντι
1638 2665 1819 2720 αὐτόν·

247 2769 295 2822 οἱ
321 2767 379 2821 δὲ
411 2764 689 2837 ὀφθαλμοὶ
718 2761 882 2817 αὑτοῦ
909 2764 990 2826 είς
1011 2761 1104 2814 τὸν
1135 2760 1289 2828 ἅγιον
1327 2758 1421 2813 τοῦ
1470 2757 1682 2831 Ἰσραὴλ
1726 2759 1824 2828 ὲμ-

253 2858 561 2928 ϐλέψονται,
597 2855 690 2909 καὶ
719 2855 780 2908 οὐ
818 2852 892 2926 μὴ
926 2850 1244 2915 πεποιθότες
1286 2843 1419 2905 ὦσιν
1449 2851 1541 2904 ὲπὶ
1570 2851 1682 2913 τοῖς
1718 2848 1824 2919 βω-

253 2953 397 3022 μοῖς,
446 2948 573 3004 οὐδὲ
614 2947 709 3000 ἐπὶ
751 2948 863 3009 τοῖς
914 2944 1096 3016 ἔργοις
1134 2944 1242 2996 τῶν
1295 2942 1492 3014 χειρῶν
1536 2940 1736 3003 αὐτῶν,
1788 2938 1826 2993 ἀ

253 3046 517 3116 εποίησαν
540 3044 591 3096 οί
624 3039 873 3097 δάκτυλοι
899 3037 1099 3094 αὐτῶν.
1137 3058 1155 3089 t
1193 3036 1410 3091 Καὶδιά
1432 3035 1634 3089 τούτων
1663 3034 1824 3105 ὲναρο

1918 1949 1973 1995 et
2002 1939 2220 2011 pinguia
2246 1935 2430 2009 gloriae
2452 1933 2625 2004 ipsius
2653 1930 3083 2001 quassabuntur.
3103 1924 3168 1980 Et
3180 1924 3285 1981 erit
3312 1938 3495 1994 quem-

1920 2031 2213 2087 admodum
2245 2029 2293 2084 si
2319 2025 2445 2098 quis
2461 2024 2683 2094 colligat
2705 2036 2936 2078 messem
2961 2025 3218 2083 stantem,
3237 2023 3292 2072 et
3309 2028 3495 2071 semen

1922 2121 2195 2192 spicarum
2222 2124 2424 2183 metut;
2460 2120 2515 2169 et
2540 2114 2645 2168 erit
2666 2108 3125 2182 quemadmodum
3155 2106 3204 2162 si
3226 2105 3352 2177 quis
3384 2104 3496 2159 col-

1922 2215 2054 2284 ligat
2077 2212 2256 2282 spicas
2301 2210 2359 2264 in
2414 2208 2663 2264 convalle
2691 2201 2890 2266 solida,
2924 2208 2979 2257 et
3011 2200 3123 2272 78
3154 2199 3347 2256 relicta
3380 2196 3496 2251 fue:

1922 2308 1994 2360 rit
2020 2306 2077 2359 in
2126 2319 2192 2359 ea
2232 2301 2471 2372 stipula:
2503 2305 2597 2353 aut
2627 2295 2788 2367 quasi
2813 2294 2994 2349 baccae
3019 2291 3178 2347 olivae
3210 2289 3352 2351 duae.
3382 2288 3497 2343 sive

1922 2404 2034 2452 tres
2071 2395 2128 2449 in
2178 2392 2466 2449 cacumine
2494 2385 2741 2451 sublimi,
2773 2400 2869 2441 seu
2899 2390 3157 2453 quatuor,
3193 2393 3290 2435 seu
3336 2377 3504 2447 quin‘

1923 2504 2029 2558 que
2056 2488 2113 2542 in
2146 2485 2317 2540 ramis
2338 2481 2474 2553 ipsis
2495 2479 2700 2537 relicta:
2731 2476 2952 2532 fuerint.
2989 2472 3116 2530 Hac
3148 2471 3291 2527 dicit
3313 2468 3498 2524 Domi.-

1924 2595 2030 2635 nus
2058 2577 2200 2633 Deus
2228 2573 2397 2632 lsrael
2433 2587 2446 2623 :
2483 2570 2541 2625 ln
2571 2569 2661 2625 die
2686 2567 2778 2622 illa
2798 2564 3081 2620 conlidens
3110 2561 3214 2619 erit
3250 2561 3412 2615 homo
3442 2559 3497 2612 in

1923 2687 2010 2732 eo,
2033 2668 2127 2740 qui
2158 2667 2287 2722 fecit
2333 2664 2512 2736 ipsum
2548 2680 2561 2715 :
2595 2658 2747 2715 oculi
2771 2663 2954 2711 autem
2992 2654 3112 2723 ejus
3150 2652 3217 2707 ad
3249 2657 3498 2709 sanctum

1926 2761 2091 2817 Israel
2148 2757 2460 2828 respicient,
2489 2762 2545 2808 et
2571 2767 2679 2807 non
2728 2755 2899 2806 erunt.
2921 2747 3259 2803 conﬁdentes
3279 2745 3334 2797 in
3362 2743 3501 2795 altae

1926 2857 2099 2915 ritus.
2130 2867 2305 2922 neque
2327 2851 2382 2905 in
2404 2848 2664 2920 Operibus
2685 2858 2945 2901 manuum
2982 2853 3228 2901 suarum,
3268 2850 3391 2906 qua:
3423 2833 3513 2888 [ρο.

1926 2959 2120 3002 cerunt
2154 2940 2674 3013 digitiipsorum“.
2700 2956 2733 2990 »ρ
2754 2934 2817 2992 In
2858 2933 2943 2989 bis
2977 2943 3197 3002 quoque
3220 2926 3514 2982 evidenter.

1928 3037 2186 3099 canitur;
2220 3030 2681 3107 quemadmodum
2735 3027 2909 3100 gloria
2951 3022 3138 3084 Israel,
3198 3027 3255 3076 et
3303 3025 3516 3074 cuncta.

258 3138 361 3207 (Et;
398 3114 718 3199 θεσπίζεται
766 3136 799 3204 ἠ
835 3130 961 3198 δόξα
1010 3129 1105 3184 τοῦ
1153 3128 1368 3201 Ἰσραὴλ
1410 3130 1503 3183 καὶ
1544 3127 1720 3181 πάντα
1758 3124 1826 3179 τὰ

1933 3129 2153 3201 pinguia
2179 3142 2369 3183 eorum
2400 3123 2697 3181 auferenda
2728 3122 2859 3187 sint,
2898 3127 2953 3174 et
2995 3114 3153 3187 pauci
3183 3126 3379 3168 rursus
3395 3125 3502 3163 nu-

284 3178 358 3202 ...ς
403 3178 718 3199 -..-...,--...
771 3178 782 3185 .
838 3178 961 3198 -.-τ-
1022 3178 1099 3184 η-
1170 3178 1218 3183 --
1268 3178 1368 3200 τη--
1411 3178 1502 3183 πη-
1774 3178 1823 3179 η

257 3178 414 3283 πίονα
462 3225 644 3282 αὐτῶν
673 3178 1185 3295 καθαιρεθήσεσθαι,
1230 3178 1403 3288 ἓλίγοι
1440 3220 1497 3273 δὲ
1542 3215 1696 3282 αὖθις
1731 3218 1826 3271 καὶ

1931 3178 2192 3291 ἷιιοῖοιιιιε
2248 3213 2774 3288 comprehensibiles
2819 3178 3161 3281 relinquendi
3194 3221 3207 3257 :
3241 3210 3408 3273 atque
3447 3201 3520 3260 bi.

254 3319 475 3392 ἀριθμῷ
503 3318 721 3389 ληπτοὶ,
743 3315 892 3369 ὠσάν
914 3315 1100 3378 ἐλαίας
1126 3315 1185 3367 ὲν
1209 3311 1360 3383 φυτῷ
1384 3312 1559 3384 ρὦες
1588 3311 1827 3383 βραχεῖς,

254 3407 789 3480 καταλειφθήσεσθαι
820 3406 1088 3474 λέγονταιο
1138 3398 1283 3459 οὗτοι
1323 3402 1382 3455 δὲ
1423 3402 1489 3457 ἂν
1526 3396 1637 3457 εἷεν
1688 3402 1737 3454 οί
1769 3398 1830 3465 ἐξ

256 3502 438 3557 αὐτῶν
475 3503 559 3565 εἰς
596 3500 688 3553 τον
729 3496 933 3570 Κύριον
983 3495 1141 3568 ἡμῶν
1182 3492 1628 3557 πεπιστευκότες.
1674 3492 1831 3546 Ἀκο-

224 3594 463 3657 ,ωύΘως
518 3592 578 3647 δὲ
629 3590 766 3663 μετά
810 3588 880 3643 τά
936 3588 1065 3660 περὶ
1113 3586 1339 3641 ἐκείνων
1386 3584 1671 3658 εἰρημένα,
1702 3583 1832 3654 περὶ

254 3686 459 3751 παντὸς
520 3683 824 3756 ἀνθρώπων
874 3681 1065 3751 γένους
1121 3677 1674 3749 ἀποστραφησομένου
1733 3676 1832 3747 τὴν

254 3780 399 3833 κατά
438 3775 512 3831 τά
544 3775 738 3830 εἴδωλα
768 3772 998 3843 πλάνην,
1037 3768 1474 3841 ὲπιγνωσομένου
1501 3769 1559 3823 δὲ
1588 3766 1677 3821 τὸν
1701 3766 1839 3823 Θεὸν

264 3870 510 3943 Ἰσραὴλ,
547 3865 968 3939 προφητεύεται.

325 3964 461 4018 MA'.
499 3980 520 4015 ι
574 3959 895 4023 Ἀκούσατε,
921 3957 1096 4027 νῆσοι.
1143 3956 1693 4026 έγκαταλελειμμένοι
1741 3956 1837 4010 καῖ

258 4051 613 4124 ὀδυνώμενοι,
649 4049 943 4112 ἀκούσατε,
969 4047 1005 4103 ἀ
1051 4048 1261 4119 ἥκουσα
1292 4045 1442 4117 παρὰ
1478 4046 1683 4119 Κυρίου
1727 4047 1835 4099 Σα-

255 4145 427 4201 ϐαώθ·
458 4146 490 4199 ό
534 4143 667 4207 Θεὸς
698 4140 803 4196 τοῦι
834 4139 1050 4213 Ἰσραὴλ
1090 4140 1409 4212 ἀνήγγειλεν
1443 4141 1597 4212 ἡμῖν.
1634 4158 1653 4191 ι
1690 4140 1841 4211 Ὅρα

261 4239 379 4293 τίνα
418 4238 622 4310 τρόπον
662 4237 757 4290 καὶ
799 4233 1031 4289 ἐνταῦθα
1079 4235 1140 4289 ού
1173 4236 1380 4298 πάντας
1413 4234 1542 4297 τοὺς
1582 4235 1646 4287 ὲκ
1680 4250 1835 4303 περι-

257 4334 434 4404 τομῆς
473 4332 570 4384 ὲπὶ
595 4331 695 4400 τὴν
716 4329 828 4383 τῶν
857 4329 1190 4400 ἀπορρήτων.
1212 4328 1473 4400 ἀκρόασιν
1506 4324 1834 4397 παρακαλεῖ,

260 4424 373 4478 ἀλλ’
424 4422 461 4494 ἢ
509 4421 728 4493 μόνους,
763 4418 856 4485 οὓς
893 4417 1149 4489 ὀνομάζει
1182 4414 1707 4487 καταλελειμμένους
1742 4416 1839 4469 καὶ

261 4513 665 4585 όδυνωμένουςο
723 4506 825 4566 οἷοι
868 4508 1007 4585 ἦσαν
1057 4514 1106 4566 οἱ
1154 4509 1297 4564 κατὰ
1339 4508 1430 4561 τὸν
1491 4505 1833 4569 Ἀπόστολον,

264 4605 618 4672 στενάζοντες
655 4605 752 4659 καὶ
788 4602 1183 4674 ἀποκλαόμενοι
1227 4598 1327 4671 τὴν
1365 4597 1563 4653 κακίαν
1600 4595 1712 4664 rei.
1726 4595 1836 4651 τῶν

265 4696 568 4770 ἀνθρώπων
599 4695 734 4767 βίου.

334 4792 468 4846 ΜΒ.
508 4808 529 4842 ι
582 4788 915 4860 Ἑπένθησαν
954 4788 1003 4841 οί
1034 4784 1226 4858 ὑψηλοὶ
1273 4783 1372 4854 τῆς
1416 4783 1550 4852 γῆς,
1598 4782 1631 4851 ὴ
1669 4779 1727 4833 δὲ
1767 4779 1840 4850 γῆ

269 4885 510 4956 ὴνόμησε
567 4882 658 4935 διὰ
703 4882 830 4945 τοὺς
868 4878 1256 4941 κατοικοῦντας
1306 4877 1496 4948 αὐτην.
1548 4873 1646 4928 Διά
1681 4872 1841 4926 τοῦτο

269 4978 473 5047 πτωχοὶ⁵
498 4975 715 5028 ἔσονται
739 4974 791 5026 oi
827 4969 1164 5033 ἐνοικοῦντες
1197 4970 1291 5023 ἐπὶ
1317 4968 1416 5038 τῆς
1459 4966 1583 5037 γῆς,
1614 4966 1719 5020 atat
1744 4980 1841 5018 κα-

274 5065 721 5137 ταλειφθήσονται
758 5061 1031 5135 ἄνθρωποι
1062 5059 1253 5129 ὀλίγοι.
1297 5078 1319 5111 ι
1370 5058 1478 5112 Καὶ.
1524 5056 1583 5109 ὲν
1632 5053 1843 5116 τούτοις

272 5160 393 5223 τοὺς
443 5155 901 5230 παραϐεϐηκότας
949 5154 1041 5208 τὸν
1083 5152 1267 5222 νόμον,
1309 5150 1418 5210 καὶ,
1444 5148 1542 5219 τὴν
1580 5145 1676 5200 τοῦ
1706 5143 1843 5199 Θεοῦ

272 5251 532 5321 διαθήκην
558 5248 661 5302 τοῦ
681 5248 745 5300 ὲκ
779 5243 1080 5316 περιτομῆς
1106 5241 1245 5296 λαοῦ.
1262 5237 1587 5307 ἀπελέγξας,
1618 5235 1846 5305 ἀπειλή-

274 5357 371 5405 σας
388 5357 448 5394 τε
477 5340 666 5402 αὐτοῖς
701 5337 772 5391 τὰ
804 5333 1288 5405 ἀναγεγραμμένα,
1316 5324 1845 5399 καταλειφθήσεσθαι

274 5432 587 5506 ἀνθρώπους
622 5429 685 5494 ἐξ
710 5426 888 5484 αὐτῶν
925 5426 1138 5493 ὀλίγους
1171 5421 1529 5496 προφητεύει’
1560 5414 1669 5473 εἷεν
1709 5416 1753 5471 δ’
1780 5416 1847 5470 ἂν

274 5521 413 5583 οὗτοι
451 5527 514 5581 τὸ
543 5521 936 5596 ὠνομασμένον
975 5519 1126 5591 παρά
1162 5517 1240 5589 τῷ
1294 5513 1598 5583 Ἀποστόλῳ
1640 5512 1848 5583 λεῖμμα

276 5622 386 5681 »φατ’
410 5617 644 5691 ἐκλογὴν
680 5615 811 5691 χάρ.
824 5631 921 5675 ιος.

1928 3314 2144 3387 quidem
2169 3318 2353 3375 erunt,
2389 3309 2484 3380 qui
2508 3308 2683 3364 exeis
2707 3307 2762 3361 in
2785 3304 3075 3360 Dominum
3106 3306 3354 3355 nostrum
3382 3309 3516 3349 cre-

1928 3407 2188 3463 diderint.
2220 3403 2488 3472 Deinceps
2518 3406 2699 3454 autem
2722 3406 2844 3468 post
2874 3411 2940 3453 ea
2971 3410 3095 3466 quae
3125 3392 3194 3450 de
3222 3393 3331 3447 illis
3355 3389 3506 3445 dicta

1930 3507 2078 3564 sunt,
2106 3498 2185 3562 de.
2206 3496 2466 3552 universo
2495 3507 2695 3566 genere
2750 3491 3031 3548 hominum
3054 3527 3069 3551 ,
3104 3485 3250 3558 quod
3281 3500 3505 3540 aversu-

1930 3606 2052 3647 rum
2083 3605 2142 3646 se
2169 3588 2241 3644 sit
2261 3586 2331 3641 ab
2348 3598 2537 3641 errore
2569 3580 3010 3643 simulacrorum,
3031 3575 3310 3644 Deumque
3340 3570 3526 3628 Israel.

1932 3683 2263 3755 agniturum,
2281 3675 2601 3735 vaticinium
2637 3672 2905 3744 sequitur.

2003 3942 2187 4001 XLIV.
2221 3958 2242 3994 t
2273 3940 2491 4005 Audite,
2512 3935 2727 3999 insulse,
2752 3947 2847 4005 qui
2867 3930 3042 3987 relicti
3073 3926 3211 3984 estis
3236 3932 3291 3981 et
3320 3922 3519 3979 dolore

1934 4032 2258 4092 cruciamini
2283 4047 2299 4086 :
2327 4031 2510 4085 audite
2534 4042 2655 4099 qua
2688 4023 2872 4080 audivi
2911 4037 2942 4076 a
2964 4019 3197 4076 Domino
3227 4014 3469 4072 Sabaoth
3500 4053 3511 4067 .

1935 4127 2083 4183 Deus
2110 4123 2280 4182 Israel
2328 4120 2603 4177 nuntiavit
2654 4116 2814 4171 nobis
2836 4113 2905 4168 “.
2946 4132 2964 4165 ι
2998 4110 3196 4181 Specta
3244 4105 3509 4179 quemad-

1935 4218 2157 4274 modum
2182 4215 2274 4270 bic
2310 4217 2534 4284 quoque
2562 4224 2671 4263 non
2711 4220 2926 4268 omnes,
2980 4202 3072 4273 qui
3108 4201 3177 4256 ad
3220 4200 3503 4255 circumci-

1938 4314 2151 4371 sionem
2173 4312 2461 4380 spectant,
2479 4303 2547 4359 ad
2573 4297 2846 4372 ejusmodi
2893 4310 3098 4351 arcana
3127 4289 3396 4348 audienda
3430 4291 3509 4344 iu—

1937 4404 2093 4469 vitet,
2116 4401 2212 4458 sed
2234 4400 2522 4465 soloseos,
2566 4409 2707 4467 quos
2727 4391 2861 4447 dicit
2898 4389 3123 4445 relictos
3156 4399 3300 4448 esse,
3322 4397 3387 4439 ac
3408 4380 3511 4437 do,

1940 4497 2055 4553 lore
2078 4491 2314 4550 cruciari
2342 4509 2357 4545 :
2382 4489 2574 4560 quales
2627 4490 2808 4549 erant,
2845 4481 2962 4552 qui,
2988 4488 3047 4535 ut
3089 4477 3166 4532 ait
3194 4473 3521 4546 Apostolus,

1864 4562 1909 4617 ι)
1936 4587 2221 4662 gemebant
2255 4598 2319 4640 ac
2338 4580 2697 4652 deplorabant
2743 4575 3006 4630 malitiam
3046 4571 3169 4625 vitae
3206 4566 3512 4623 hominum.

2010 4770 2174 4828 XLV.
2216 4769 2540 4823 «Luserunt
2566 4762 2770 4820 excelsi
2812 4768 2994 4819 terrae.
3039 4765 3094 4811 et
3148 4761 3298 4809 terra
3328 4748 3517 4817 inique

1937 4867 2047 4936 egit
2074 4870 2295 4936 propter
2324 4860 2632 4915 habitantes
2662 4868 2811 4911 eam.
2855 4850 3067 4907 Idcirco
3122 4848 3313 4915 inopes
3356 4845 3518 4897 erunt

1939 4934 2313 5013 inhabitantes
2362 4952 2422 5006 in
2478 4960 2646 5013 terra,
2709 4953 2765 5002 et
2827 4944 3207 5012 relinquentur
3267 4934 3520 4991 homines

1940 5047 2099 5121 pauci
2130 5049 2198 5103 ⁸⁷.
2222 5065 2242 5099 ι
2280 5043 2337 5100 In
2365 5044 2454 5099 his
2492 5055 2709 5113 quoque
2740 5036 2835 5091 ubi
2891 5050 2995 5121 eos
3016 5026 3388 5101 reprehendit,
3424 5027 3523 5097 qui

1941 5120 2005 5195 ex
2037 5136 2239 5208 populo
2271 5130 2711 5190 circumcisionis
2749 5127 2921 5196 legem
2980 5120 3098 5185 Dei,
3124 5127 3179 5176 et
3216 5126 3522 5175 testamen-

1941 5240 2058 5285 tum
2080 5226 2530 5298 contempserint,
2558 5231 2615 5279 et
2632 5221 2715 5277 eis
2743 5219 2986 5273 minatus
3011 5222 3097 5270 est
3143 5226 3206 5269 ea
3235 5226 3360 5283 qua:
3383 5209 3523 5266 scri-

1946 5334 2035 5395 pta
2061 5330 2226 5389 sunt;
2257 5330 2374 5375 tum
2405 5336 2473 5375 ex
2524 5318 2636 5371 illis
2662 5326 2866 5387 paucos
2916 5308 3167 5364 homines
3217 5319 3342 5361 esse
3357 5303 3523 5358 relin-

1945 5415 2196 5488 quendos
2219 5413 2570 5468 vaticinatur.
2596 5407 2663 5462 Hi
2693 5420 2822 5462 vero
2845 5402 2958 5459 sint
2980 5417 3114 5457 sane
3140 5400 3406 5470 illamque:
3428 5412 3524 5450 no-

1944 5486 2227 5566 minantur
2281 5504 2426 5577 apud
2489 5500 2811 5571 Apostolum
2847 5516 2866 5547 ι
2914 5494 3163 5565 reliquiae
3224 5486 3525 5549 secundum

1947 5599 2266 5656 electionem
2283 5594 2469 5666 gnatize
2493 5592 2557 5644 “.
2584 5611 2602 5644 ι

335 5802 379 5836 ⁸⁸
406 5799 512 5858 lsa.
533 5797 773 5863 xm.ll,
802 5794 885 5851 ιε.
965 5795 1008 5827 ⁸³
1043 5793 1177 5850 Ibid.
1208 5744 1292 5847 li.
1373 5789 1415 5823 ⁸³
1443 5788 1547 5845 lsa.
1570 5801 1697 5844 x-vu.
1729 5782 1822 5841 4-8

1924 5785 1967 5818 ⁸⁸
1999 5780 2103 5838 lsa.
2140 5797 2285 5835 xux.
2324 5779 2375 5834 l.
2403 5778 2458 5833 2.
2540 5776 2704 5830 "lsa.
2737 5789 2883 5829 χειν.
2905 5771 3035 5827 4-6..
3092 5771 3134 5801 εδ
3175 5766 3334 5822 item.
3361 5777 3441 5819 ιι.
3475 5758 3525 5816 5.
