4056 6418
559 327 656 380 ,51

631 439 812 496 XLVI.
845 461 863 492 ι
888 439 1287 510 Relinquentur
1317 441 1567 497 civitates
1585 441 1835 504 deserta,
1856 449 1904 496 et
1937 441 2132 496 domus
2163 447 2210 502 Α
2307 441 2456 506 MCT.

558 550 682 605 qua:
713 533 910 588 relicuo
949 531 1172 595 fuerint,
1218 532 1540 586 interibunt.
1575 530 1702 586 llazc
1735 532 1923 587 omnia
1973 538 2134 587 erunt

557 622 612 680 in
645 631 790 678 terra
815 623 868 675 in
905 622 1084 677 medio
1146 622 1386 693 gentium
1411 641 1422 676 :
1449 623 1906 693 quemadmodum
1931 623 1976 679 si
2010 624 2134 694 quis

557 712 779 782 colligat
814 727 1018 781 paucas
1054 712 1272 776 baccas,
1332 729 1455 783 quae
1492 713 1548 768 in
1573 714 1717 768 oliva
1743 714 2129 777 remanserint,

557 805 639 861 sic
663 804 921 875 colligent
942 819 1077 869 eos;
1107 814 1162 858 et
1202 803 1248 858 si
1278 805 1387 874 79
1413 807 1712 860 cessaverit
1760 805 2056 868 vindemia,
2077 805 2132 860 bi

557 913 689 953 voce
709 896 1024 952 clamabunt
1056 911 1071 946 :
1105 895 1198 965 qui
1229 905 1410 951 autem
1434 897 1610 951 relicti
1643 897 1845 951 fuerint
1873 898 1924 951 iu
1961 905 2130 963 terra,

556 989 887 1044 laetabuntur
918 988 1082 1042 simul
1113 1002 1238 1042 cum
1269 989 1441 1058 gloria
1456 989 1673 1044 Domini
1703 991 1768 1044 θ’.
1813 1011 1833 1042 ›
1872 989 1972 1044 Hic
1993 1007 2132 1062 quo-

553 1099 658 1154 que
683 1082 784 1138 soli
809 1081 902 1151 qui
943 1079 1117 1134 relicti
1155 1079 1380 1144 fuerint,
1423 1081 1664 1152 gavisuri
1689 1081 1969 1146 dicuntur,
2002 1097 2126 1137 cum

552 1172 748 1242 reliqui
779 1185 969 1226 omnes
1024 1168 1134 1236 his,
1165 1185 1288 1239 quae
1331 1172 1386 1226 in
1443 1173 1707 1228 vaticinio
1753 1173 2124 1240 continentur,

553 1264 664 1318 sint
691 1262 964 1317 tradendi.

617 1354 828 1410 XLVII.
865 1375 884 1406 ‹
920 1355 1353 1412 Conculcabitur
1373 1369 1575 1409 corona
1601 1355 1964 1422 contumeliae,
1983 1371 2128 1410 mer-

548 1449 752 1504 cenarii
788 1447 1045 1518 Ephraim
1085 1468 1099 1504 :
1136 1459 1188 1504 et
1216 1449 1320 1504 erit
1355 1447 1474 1514 ﬂos,
1505 1447 1598 1518 qui
1648 1445 1862 1502 decidet
1905 1447 1972 1503 de
2028 1462 2126 1518 spe

547 1540 734 1610 gloriae
766 1541 818 1594 in
854 1542 1142 1595 cacumine
1186 1541 1392 1595 montis
1439 1540 1662 1604 excelsi,
1700 1539 1859 1609 quasi
1907 1553 2125 1610 praecox

549 1633 684 1686 ﬁcus
724 1631 862 1701 :qui
894 1632 1032 1685 vidit
1065 1648 1188 1687 eum
1240 1632 1557 1702 priusquam
1616 1630 1670 1684 in
1729 1644 1924 1684 manus
1977 1629 2126 1683 acci~

547 1725 680 1795 piat,
726 1725 886 1780 vellet
921 1741 1045 1780 eum
1089 1725 1374 1779 devorare.
1429 1723 1525 1778 Die
1580 1724 1670 1778 illa
1726 1722 1990 1777 Dominus
2020 1722 2125 1776 erit

1160 315 1432 374 EUSEBll
1469 314 1948 371 CAESABlENSIS
1985 314 2134 371 OPP.
2175 315 2356 376 PARS
2395 315 2456 370 Il.
2498 345 2568 356 ——
2606 310 3101 394 APOLOCETICA.

3703 323 3808 380 15$

2536 458 2554 489 ι
2614 437 3148 509 Καταλειφθήσονται
3207 439 3384 503 πόλεις
3444 439 3658 510 ἔρημοι,
3713 445 3806 498 καὶ

2235 533 2283 590 οἱ
2339 526 2477 584 οἶκοι
2536 532 2586 582 οἱ
2634 528 3179 599 ὲγκαταλελειμμένοι
3232 529 3575 584 ἀπολοῦνται.
3621 532 3805 588 Ταῦτα

2236 622 2409 675 πάντα
2438 621 2588 675 ἔσται
2625 623 2682 673 ὲν
2713 623 2778 691 τῇ
2815 623 2885 690 γῇ
2908 621 2966 672 ὲν
2997 619 3146 690 μέσῳ
3166 619 3272 672 τῶν
3303 618 3493 674 ὲθνῶψ
3521 621 3580 674 ὃν
3609 623 3804 692 τρόπον

2234 715 2328 770 ἐάν
2373 732 2456 777 τις
2501 713 2889 784 καλαμήσηται
2930 711 3135 776 ὲλαίαν,
3181 711 3354 776 οὕτως
3398 711 3805 784 καλαμήσονται

2233 805 2458 868 αὐτούς·
2493 804 2588 859 καὶ
2631 804 2726 859 ἐὰν
2759 805 3032 876 παύσηται
3072 807 3100 859 6
3140 804 3428 876 τρυγητὸς,
3457 797 3606 860 οὗτοι
3649 809 3801 880 φωνῇ

2234 897 2590 967 φωνήσουσινσ
2633 897 2682 948 οἱ
2714 895 2771 948 δὲ
2805 894 3256 964 καταλειφθέντες
3297 896 3390 948 ἐπὶ
3429 895 3524 966 τῆς
3563 896 3667 966 γῆς
3709 897 3803 950 εύ-

2238 988 2635 1060 φρανθήσονται
2659 989 2774 1058 ἅμα
2804 992 2867 1059 τῇ
2897 988 3024 1062 δόξῃ
3047 991 3269 1060 Κυρίου.
3303 1006 3321 1038 ι
3357 989 3464 1042 Kal
3498 988 3731 1044 ἐνταῦθα
3755 991 3803 1043 οἱ

2231 1075 2683 1144 καταλειφθέντες
2720 1077 2868 1146 μόνοι
2895 1075 3363 1147 εὐφρανθήσεσθαι
3401 1075 3670 1145 λέγονται,
3696 1079 3805 1133 τῶν

2229 1167 2428 1220 λοιπῶν
2479 1168 2736 1221 ἁπάντων
2794 1169 2906 1229 τοῖς
2967 1165 3376 1238 θεσπιζομένοις
3429 1168 3802 1240 παραδοθησοο

2231 1259 2424 1328 μένων.

2300 1350 2425 1403 MZ’.
2463 1351 3049 1421 (Καταπατηθήσεται
3081 1350 3109 1401 6
3140 1351 3399 1419 στέφανος
3438 1351 3536 1422 τῆς
3569 1351 3802 1422 ὕϐρεως,

2226 1445 2273 1496 οἱ
2308 1441 2566 1513 μισθωτοὶ
2593 1442 2688 1496 τοῦ
2735 1442 2972 1514 Ἐφραῖμ
2991 1459 3002 1471 ·
3036 1442 3130 1495 καὶ
3157 1441 3310 1495 ἔσται
3340 1441 3401 1496 τὸ
3429 1442 3586 1506 ἄνθος
3622 1444 3682 1496 τὸ
3711 1445 3805 1498 ἐκρ-

2227 1534 2389 1587 πεσὺν
2434 1535 2532 1605 τῆς
2582 1534 2795 1598 ἐλπίδος
2845 1533 2945 1604 τῆς
2993 1532 3154 1604 δόξης
3188 1535 3273 1586 ἐπ’
3321 1535 3488 1606 ἄκρου
3519 1535 3611 1588 τοῦ
3642 1537 3804 1607 ὅρους

2225 1625 2317 1679 τοῦ
2363 1625 2602 1698 ὐψηλοῦ,
2651 1626 2726 1690 ὡς
2785 1626 3088 1697 πρόδρομος
3145 1627 3348 1680 σύκουο
3398 1630 3426 1681 6
3475 1626 3596 1681 ἰδὼν
3647 1629 3800 1691 αὐτὸ,

2226 1719 2354 1789 πρὶν
2385 1719 2418 1789 ἢ
2456 1720 2534 1781 εἰς
2567 1719 2665 1790 τὴν
2696 1721 2852 1790 χεῖρα
2884 1719 3068 1772 λαϐεῖν
3111 1721 3263 1786 αὐτὸ,
3297 1719 3508 1791 θελήσει
3541 1723 3673 1776 αὐτὸ
3703 1741 3805 1779 κα-

545 1832 751 1872 corona
783 1817 922 1886 spei,
952 1823 1205 1872 contexta
1234 1817 1421 1888 gloriae
1450 1817 1523 1879 ei,
1571 1818 1664 1886 qui
1699 1817 1924 1872 relictus
1955 1816 2026 1870 sit
2055 1815 2118 1870 de

2230 1815 2461 1865 ταπιεῖν.
2503 1813 2581 1882 Τῇ
2611 1814 2794 1884 ἡμέρα
2820 1812 3003 1886 ἐκείνῃ
3034 1813 3236 1885 Κύριος
3282 1813 3434 1870 ἔσται
3471 1816 3500 1867 6
3543 1814 3805 1883 στέφανος

545 1909 746 1978 populo
807 1908 982 1976 ipsius
1022 1926 1034 1962 :
1073 1909 1450 1978 relinquentur
1491 1907 1636 1962 enim
1685 1907 1740 1962 in
1800 1907 1995 1976 spiritu
2027 1906 2120 1976 ju-

544 1997 695 2054 dicii.
725 2019 743 2050 ι
773 1998 949 2053 Etiam
982 2000 1072 2054 hic
1095 2000 1166 2067 ei,
1194 2000 1285 2069 qui
1313 2001 1535 2056 relictus
1569 2001 1640 2054 sit
1665 2000 1730 2054 de
1759 2001 1978 2070 p0pulo,
2011 2015 2121 2054 non

546 2091 818 2145 universae
843 2092 918 2145 illi
949 2091 1117 2161 genti,
1150 2091 1284 2146 solis
1333 2092 1522 2161 utique
1553 2091 1682 2155 illis,
1726 2092 1818 2162 qui
1855 2091 2117 2161 reliquia-

542 2197 665 2236 rum
698 2185 918 2240 nomine
950 2184 1350 2254 significantur,
1379 2183 1667 2240 Dominum
1687 2200 1945 2239 coronam
1979 2185 2116 2257 spei,

539 2281 597 2328 et
628 2274 814 2342 gloria:
845 2274 1112 2339 futurum,
1141 2275 1472 2328 vaticinatur
1509 2294 1522 2328 :
1572 2277 1708 2330 alios
1743 2292 1867 2330 vero
1918 2283 2119 2345 prazter

542 2367 728 2436 populi
753 2367 1038 2437 reliquias,
1065 2381 1326 2420 coronam
1351 2367 1717 2431 contumeliae,
1748 2375 1803 2421 et
1836 2381 2118 2424 mercena-

541 2457 654 2515 rius
690 2456 946 2528 Ephraim
976 2457 1243 2512 nominat.

609 2636 843 2693 XLVIII.
881 2657 899 2689 ι
938 2637 1004 2692 Ει
1030 2645 1214 2698 erunt,
1243 2635 1338 2706 qui
1373 2633 1550 2691 relicti
1586 2633 1788 2690 fuerint
1822 2633 1878 2688 in
1903 2631 2112 2698 Iudaea,

538 2733 758 2788 mittent
789 2731 1028 2786 radicem
1065 2731 1348 2792 deorsum,
1379 2737 1434 2784 et
1469 2727 1672 2783 facient
1717 2725 1954 2786 fructum
1995 2743 2118 2782 sur-

539 2840 661 2881 sum
717 2825 976 2895 quoniam
1029 2838 1094 2877 ex
1149 2821 1488 2877 Hierusalem
1537 2827 1722 2884 erunt,
1794 2819 1888 2889 qui
1941 2820 2115 2874 relicti

538 2917 762 2982 fuerint,
810 2925 864 2971 et
907 2916 1000 2986 qui
1047 2916 1185 2969 salvi
1236 2913 1403 2968 futuri
1451 2920 1676 2969 suntex
1710 2921 1896 2969 monte
1929 2911 2058 2968 Sion
2098 2935 2110 2968 :

537 3009 814 3070 cmulatio
839 3007 1052 3062 Domini
1086 3005 1328 3060 Sabaoth
1358 3004 1521 3060 faciet
1546 3005 1660 3060 huic
1688 3007 1729 3036 '”
1765 3025 1776 3059 :
1822 3025 1840 3060 ι
1879 3020 1995 3068 eos,
2019 3006 2111 3075 qui

538 3101 840 3156 secumlum
873 3100 1193 3155 electionem
1225 3097 1413 3168 gratize
1459 3098 1633 3152 relicti
1689 3096 1891 3152 fuerint
1921 3113 1988 3153 ex
2015 3097 2112 3152 .luo

2228 1903 2326 1972 τῆς
2359 1903 2589 1966 ἐλπίδος,
2617 1906 2646 1955 ὁ
2684 1903 2910 1967 πλακεὶς
2943 1903 3042 1974 τῆς
3081 1904 3237 1974 δόξης
3268 1905 3344 1976 τῷ
3385 1905 3803 1974 καταλειφθέντι

2227 1995 2320 2048 τοῦ
2351 1995 2481 2049 λαοῦ
2528 1994 2714 2048 αὐτοῦ’
2751 1995 3274 2066 καταλειφθήσονται
3302 1995 3408 2068 γὰρ
3439 1998 3497 2049 ὲν
3533 1996 3804 2066 πνεύματι

2229 2087 2475 2158 κρίσεως.
2525 2108 2542 2140 ι
2571 2088 2680 2142 Kal
2713 2087 2943 2142 ἐνταῦθα
2973 2086 3049 2158 τῷ
3089 2087 3495 2156 καταλειφθέντι
3524 2088 3616 2141 τοῦ
3646 2088 3804 2154 λαοῦ,

2225 2181 2344 2250 οὐχ).
2371 2180 2428 2233 δὲ
2462 2182 2625 2233 παντὶ
2654 2181 2732 2251 τῷ
2764 2180 2907 2233 ἔθνει
2942 2181 3141 2244 αὐτῶν,
3172 2179 3310 2234 ἀλλὰ
3350 2181 3531 2252 μόνοις
3558 2185 3671 2244 τοῖς
3713 2181 3805 2234 διὰ

2225 2269 2318 2322 τοῦ
2361 2269 2803 2341 καταλείμματος
2848 2269 3288 2340 σημαινομένοις,
3318 2271 3410 2324 τὸν
3435 2273 3636 2343 Κυριον
3677 2273 3804 2324 στέ-

2227 2375 2392 2432 φανον
2438 2360 2654 2416 ἔσεσθαι
2701 2360 2912 2424 ἐλπίδος
2957 2362 3050 2414 καὶ
3093 2361 3253 2433 δόξης
3300 2362 3648 2432 προφητεύει,
3679 2364 3807 2426 τοὺς

2226 2450 2418 2516 ἄλλους
2475 2452 2630 2526 παρὰ
2683 2453 2741 2507 τὸ
2795 2453 3143 2524 κατάλειμμα
3195 2453 3286 2508 τοῦ
3347 2454 3476 2508 λαοῦ
3540 2454 3804 2523 στέφανον

2226 2543 2435 2616 ὕϐρεως
2463 2550 2557 2600 καὶ
2587 2546 2888 2617 μισθωτοὺς
2917 2547 3013 2601 τοῦ
3057 2545 3296 2619 Ἐφραῖμ
3320 2547 3620 2618 ὀνομάζων.

2293 2637 2431 2690 MH’.
2481 2655 2499 2688 ι
2538 2638 2647 2691 Kal
2679 2637 2890 2691 ἔσονται
2934 2640 2981 2691 οί
3031 2639 3584 2712 ἐγκαταλελειμμένα
3631 2645 3690 2696 ὲν
3735 2647 3801 2715 τῇ

2237 2729 2488 2801 Ἰουδαίᾳ,
2513 2730 2777 2800 φυήσουσι
2795 2729 2950 2802 ῥίζαν
2973 2731 3143 2795 κάτω,
3165 2733 3256 2786 καὶ
3278 2734 3560 2804 ποιήσουσι
3578 2735 3805 2808 σπέρμα

2223 2823 2353 2886 ἄνω,
2404 2823 2486 2874 ὅτι
2534 2823 2592 2886 ἐξ
2647 2822 3004 2894 Ἰερουσαλήμ
3051 2822 3262 2878 ἔσονται
3304 2825 3355 2877 οἱ
3403 2825 3696 2897 σωζόμενοι
3741 2826 3804 2894 ἐξ

2222 2911 2380 2983 ὅρους
2403 2911 2559 2965 Σιών.
2591 2912 2650 2965 '0
2671 2911 2829 2983 ζῆλος
2853 2913 3056 2984 Κυρίου
3078 2912 3304 2967 Σαϐαὼθ
3330 2915 3544 2986 ποιήσει
3568 2915 3760 2969 ταῦτα.
3775 2935 3796 2968 ι

2222 3004 2358 3066 Τοὺς
2404 3005 2522 3056 κατ’
2563 3003 2792 3075 ἐκλογὴν
2839 3005 3060 3075 χάριτος
3109 3005 3564 3076 καταλειφθέντας
3608 3010 3672 3061 ἐκ
3704 3007 3800 3062 τοῦ

2233 3096 2500 3151 Ἰουδαίων
2533 3097 2717 3162 ἔθνους
2750 3101 2973 3171 φυήσειν
3010 3099 3164 3171 ῥίζαν
3195 3100 3365 3162 κάτω,
3411 3101 3503 3180 καί
3550 3102 3802 3172 ποιήσειν

536 3195 778 3249 deorum
802 3201 963 3263 gente
989 3192 1257 3250 missuros
1285 3190 1520 3245 radicem
1546 3190 1828 3258 deorsum,
1857 3199 1910 3246 et
1938 3191 2115 3246 factu-

2224 3188 2438 3261 σπέρμα
2471 3189 2582 3242 ἄνω
2617 3189 2945 3260 προφητεύει
2966 3229 2980 3251 ,
3029 3189 3340 3258 σαφέστατα
3372 3191 3470 3260 τὴν
3521 3191 3626 3244 τῶν
3660 3193 3800 3245 ἁπο-

536 3301 629 3340 ros
661 3301 844 3340 semen
875 3300 1095 3340 sursum
1127 3284 1478 3337 vaticinatur.
1528 3283 1631 3338 Ubi
1668 3283 2116 3354 manifestissime

536 3378 914 3448 apostolorum
944 3386 999 3432 et
1040 3376 1438 3446 discipulorum
1471 3376 1773 3431 Salvatoris
1801 3378 1975 3432 nostri
2006 3378 2116 3432 ele-

536 3469 776 3524 ctionem
815 3467 1107 3539 significat.
1141 3466 1425 3537 Siquidem
1451 3468 1528 3529 hi,
1559 3484 1626 3524 ex
1659 3470 1727 3523 iis
1773 3469 1863 3539 qui
1909 3473 1976 3523 ad
2007 3470 2116 3525 cir~

536 3559 931 3613 cumcisionem
965 3558 1259 3627 pertinent,
1290 3557 1490 3623 relicti,
1528 3557 1784 3612 deorsum
1817 3557 1873 3611 in
1910 3565 2114 3620 terram

536 3651 799 3707 doctrinae
848 3665 962 3707 sua:
1011 3651 1227 3706 radices
1278 3649 1568 3712 miserunt,
1608 3649 1746 3703 adeo
1778 3649 2020 3718 quidem,
2057 3657 2116 3702 ut

535 3743 628 3801 illa
663 3745 780 3812 ipsa
819 3741 1137 3796 eorumdem
1164 3741 1412 3796 doctrina
1445 3741 1608 3794 inﬁxa
1641 3741 1733 3804 sit,
1763 3747 1816 3794 et
1837 3738 2119 3812 radicibus

539 3834 752 3888 ﬁrmata
776 3849 874 3904 per
905 3841 1076 3886 totum
1108 3841 1380 3890 terrarum
1411 3832 1600 3886 orbem
1627 3852 1640 3885 ;
1679 3846 1898 3886 sursum
1933 3837 2115 3885 autem

537 3926 679 3981 ferre
732 3942 920 3981 semen
969 3933 1022 3979 et
1055 3925 1293 3979 fructum
1327 3925 1394 3979 ad
1428 3924 1700 3994 promissa
1739 3923 1985 3977 cmlestia
2015 3939 2115 3978 ex-

538 4020 738 4074 hortati
769 4027 920 4073 sunt.
968 4017 1036 4072 Ili
1081 4034 1208 4073 vero
1259 4019 1362 4089 ipsi
1395 4019 1462 4073 de
1492 4025 1652 4089 gente
1681 4015 1994 4072 Judteorum
2028 4033 2114 4072 re-

536 4113 674 4176 licti,
734 4113 948 4167 caneris
985 4112 1361 4181 pereuntibus,
1424 4111 1525 4165 soli
1578 4111 1784 4164 servari
1829 4111 2110 4164 dicuntur.

536 4204 662 4260 llzec
705 4215 884 4260 autem
927 4205 1132 4268 omnia,
1177 4206 1452 4260 aemulatio
1505 4203 1717 4258 Domini
1777 4205 1921 4258 fecit.
1979 4203 2113 4257 Nam

535 4298 812 4352 armulatio
865 4296 1101 4359 Domini,
1135 4313 1256 4366 quae
1305 4297 1404 4350 Ιιοε
1457 4296 1524 4350 ad
1582 4295 1990 4366 provocandum
2021 4311 2115 4350 eos

537 4391 756 4458 impios,
790 4391 880 4459 qui
914 4391 968 4444 in
991 4389 1412 4444 circumcisione
1436 4397 1758 4443 manserunt
1783 4389 1964 4456 elegit,
1994 4388 2115 4441 illos

2221 3281 2423 3334 στόλων
2455 3281 2548 3334 καὶ
2577 3281 2835 3352 μαθητῶν
2859 3281 2951 3336 τοῦ
2979 3282 3228 3353 Σωτῆρος
3259 3283 3418 3354 ἡμῶν
3445 3283 3672 3355 ἐκλογὴν
3703 3303 3804 3338 παν

2221 3374 2430 3446 ριστὰς.
2468 3369 2626 3428 Οὗτοι
2654 3373 2782 3446 γὰρ,
2819 3375 2928 3428 ἀπὸ
2967 3375 3075 3427 τῶν
3118 3376 3182 3428 ἐκ
3217 3377 3516 3447 περιτομῆς
3543 3380 3800 3433 καταλει-

2219 3466 2466 3536 φθέντες,
2503 3469 2653 3520 κάτω
2680 3467 2778 3537 μὲν
2800 3468 2880 3530 είς
2907 3468 3008 3538 γῆν
3035 3468 3131 3530 τὰς
3158 3468 3314 3538 ῥίζας
3337 3470 3435 3541 τῆς
3454 3470 3800 3536 διδασκαλίας

2217 3558 2393 3610 αὐτῶν
2425 3558 2768 3622 κατέϐαλλον,
2801 3560 2877 3623 ὡς
2907 3560 3239 3630 ἐμπαγῆναι,
3280 3561 3374 3616 καὶ
3411 3560 3634 3632 ῥιζῶσαι
3672 3562 3799 3615 καθ’

2217 3649 2343 3720 ὅλης
2379 3649 2480 3720 τῆς
2520 3651 2841 3722 οἰκουμένης
2882 3650 2980 3720 τὴν
3009 3650 3228 3721 διδαχὴν
3265 3651 3444 3705 αὐτῶν
3466 3671 3477 3683 ·
3511 3653 3623 3707 ἄνω
3651 3655 3709 3708 δὲ
3737 3656 3800 3708 τὸ

2220 3742 2438 3812 σπέρμα
2470 3743 2564 3794 καὶ
2605 3742 2694 3794 τὸν
2736 3742 2948 3814 καρπὸν
2991 3742 3252 3814 φέρεσθαι
3291 3745 3370 3809 είς
3419 3744 3517 3806 τὰς
3562 3746 3798 3817 ἐπουρα-

2218 3833 2359 3897 νίους
2393 3835 2723 3902 ἐπαγγελίας
2772 3835 3259 3906 παρεκελεύσαντο.
3293 3839 3354 3891 Οἱ
3397 3838 3441 3890 δ’
3473 3839 3626 3892 αὐτοὶ
3653 3835 3798 3894 οὗτοι

2219 3929 2281 3979 ὲκ
2327 3925 2419 3978 τοῦ
2482 3926 2748 3980 Ἰουδαίων
2783 3926 2966 3990 ἔθνους
3001 3927 3504 3999 καταλελειμμένοι,
3538 3929 3644 3982 τῶν
3691 3931 3799 3983 λοι-

2220 4017 2334 4068 πῶν
2367 4016 2772 4087 ἀπολλυμένων,
2811 4018 2962 4088 μόνοι
2987 4017 3282 4088 σωζόμενοι
3312 4019 3578 4087 λέγονται.
3614 4020 3798 4073 Ταῦτα

2217 4108 2273 4162 δὲ
2311 4109 2486 4164 πάντα
2515 4110 2543 4161 ὁ
2580 4108 2742 4180 ζῆλος
2783 4110 2988 4181 Κυρίου
3022 4110 3298 4179 ἐποίησεν.
3333 4112 3428 4173 Εἰς
3455 4109 3562 4182 γὰρ
3600 4111 3661 4164 τὸ
3695 4130 3798 4164 πα-

2221 4202 2527 4272 ραζηλῶσαι
2560 4205 2683 4265 τοὺς
2713 4203 2930 4266 ἀσεϐεῖς
2971 4202 3080 4256 τῶν
3114 4202 3180 4254 ὲκ
3208 4203 3532 4274 περιτομῆς,
3575 4203 3798 4272 ἐκλεξά-

2222 4309 2378 4362 μενος
2421 4295 2449 4347 6
2480 4292 2637 4365 ζῆλος
2670 4295 2876 4364 Κυρίου
2926 4293 3173 4358 τούτους,
3222 4295 3603 4366 παρεζήλωσεν
3645 4297 3794 4350 ὲκεί-

2217 4403 2339 4448 νους
2358 4403 2369 4414 ·
2419 4385 2560 4438 κατὰ
2602 4387 2664 4438 τὸ
2707 4386 2855 4458 παρὰ
2882 4387 3070 4439 Μωσεῖ
3102 4385 3388 4457 λεγόμενον
3408 4405 3422 4418 ο
3447 4407 3464 4439 ι
3499 4390 3662 4443 Αὐτοὶ
3691 4407 3796 4444 πα-

537 4483 875 4551 provocavit,
907 4489 1064 4535 utest
1089 4481 1218 4534 illud
1249 4480 1392 4550 apud
1412 4479 1649 4551 Moysem
1679 4481 1885 4535 dictum
1911 4499 1924 4533 :
1961 4501 1978 4530 ‹
2013 4481 2114 4550 ipsi

2224 4478 2532 4550 ρεζήλωσάν
2555 4496 2621 4550 με
2641 4479 2728 4531 ἐπ’
2759 4479 2819 4532 οὐ
2845 4478 2984 4550 Θεῷ,
3015 4477 3170 4547 κάγὼ
3198 4479 3574 4552 παραζηλώσω
3595 4483 3794 4548 αὐτοὺς

537 4587 623 4625 me
650 4582 1085 4642 provocaverunt
1119 4573 1174 4627 in
1204 4588 1291 4638 eo,
1326 4573 1418 4643 qui
1461 4588 1572 4627 non
1603 4582 1685 4627 est
1717 4573 1864 4628 Deus
1897 4581 1990 4652 ret
2011 4589 2112 4644 ego

2219 4573 2305 4622 ἐπ’
2331 4571 2429 4623 οὐκ
2459 4570 2598 4623 ἔθνει
2623 4589 2636 4602 θ
2669 4573 2754 4624 ἐπ’
2786 4569 2926 4624 ἔθνει
2949 4571 3191 4642 ἀσυνέτῳ
3217 4572 3498 4644 παροργιῶ
3527 4575 3744 4639 αὐτούς.
3771 4596 3790 4627 ι

535 4665 846 4735 provocabo
899 4681 995 4719 eos
1054 4666 1106 4718 in
1164 4679 1250 4729 ea,
1286 4681 1408 4734 qua:
1449 4682 1556 4719 non
1603 4674 1688 4720 est
1717 4681 1848 4735 gens
1885 4686 1896 4720 :
1936 4666 1989 4719 in
2024 4675 2182 4736 gente
2217 4667 2381 4721 stulta
2422 4665 2646 4718 irritabo
2671 4679 2766 4718 eos
2787 4665 2855 4716 7’.
2893 4682 2910 4714 ι

607 4755 792 4810 XLIX.
828 4775 847 4806 ι
888 4754 980 4809 Sic
1000 4755 1134 4809 dicit
1165 4754 1428 4810 Dominus
1459 4775 1472 4810 :
1508 4754 1977 4821 Quemadmodum
2004 4759 2116 4828 80

535 4847 845 4903 invenietur
884 4847 1075 4901 acinus
1101 4846 1154 4900 in
1179 4862 1420 4912 racemo,
1457 4855 1512 4903 et
1551 4849 1757 4912 dicent,
1790 4865 1857 4904 ne
1879 4849 2114 4920 dissipa-

535 4940 683 4994 veris
710 4955 832 4994 eum
860 4984 872 5004 ,
933 4939 1190 5008 quoniam
1224 4939 1536 4995 benedictio
1571 4939 1784 4996 Domini
1821 4948 1905 4995 est
1938 4943 1992 4995 in
2023 4957 2109 5004 eo,

535 5031 618 5086 sic
650 5031 847 5085 faciam
883 5039 1104 5100 propter
1131 5047 1278 5093 eum,
1332 5033 1424 5102 qui
1477 5035 1647 5088 servit
1696 5034 1826 5088 mihi
1875 5053 1886 5086 :
1952 5034 2115 5101 hujus

534 5139 703 5179 causa
732 5141 838 5178 non
866 5127 1088 5193 perdam
1123 5142 1318 5181 omnes
1349 5148 1358 5182 :
1391 5135 1443 5182 et
1478 5127 1705 5181 educam
1743 5143 1806 5180 ex
1833 5125 2002 5178 Jacob
2026 5141 2114 5179 se-

535 5230 680 5273 men.
707 5223 760 5268 et
789 5231 854 5268 ex
896 5215 1035 5269 Juda
1071 5238 1080 5270 :
1123 5226 1176 5270 et
1218 5218 1558 5272 luereditabit
1598 5225 1834 5271 montem
1865 5223 2115 5271 sanctum

535 5319 739 5359 meum.
783 5315 835 5357 et
869 5308 1263 5362 hmreditabunt
1293 5308 1452 5362 electi
1498 5309 1600 5362 mei
1634 5316 1686 5363 et
1719 5309 1862 5362 servi
1898 5309 2027 5372 mei,
2063 5316 2116 5360 et

535 5395 862 5450 liabitabuut
894 5398 1022 5452 illic.
1064 5398 1129 5452 Et
1158 5401 1259 5454 erit
1304 5402 1359 5456 in
1391 5402 1525 5456 silva
1557 5401 1833 5454 stabulum
1869 5414 2113 5469 gregum,

534 5491 590 5539 ct
614 5486 772 5540 vallis
804 5488 984 5542 Acbor
1035 5490 1087 5542 in
1139 5496 1383 5560 requiem
1417 5501 1785 5546 armentorum
1819 5491 1981 5545 boum
2019 5506 2114 5560 po-

536 5579 666 5649 pulo
700 5596 841 5646 meo,
873 5583 967 5651 qui
1003 5583 1418 5652 exquisiverunt
1465 5600 1571 5637 me.
1634 5583 1742 5637 Vos
1773 5593 1976 5648 autem,
2014 5586 2107 5654 qui

607 5734 650 5767 ⁶⁹
679 5733 782 5792 lsa.
809 5753 955 5794 xxiv.
992 5739 1170 5794 lO-H.
1250 5741 1293 5771 ⁷ο
1321 5739 1418 5794 lsa.
1450 5755 1640 5795 nun.
1676 5740 1780 5794 ’5-6.

1861 5742 1901 5772 τί
1935 5740 2036 5797 lsa.
2073 5755 2277 5798 nam.
2305 5739 2487 5800 31,32.

2293 4757 2424 4810 MG'.
2458 4775 2475 4806 ι
2514 4756 2698 4818 Οὕτως
2720 4754 2864 4824 λέγει
2895 4755 3115 4827 Κύριος·
3149 4758 3244 4810 Ὃν
3276 4759 3473 4830 τρόπον
3502 4759 3793 4831 εὑρήσεται

2221 4851 2249 4903 6
2285 4848 2392 4920 ῥὼξ
2421 4849 2479 4902 ὲν
2507 4847 2583 4919 τῷ
2613 4848 2817 4919 βότρυῖ,
2842 4849 2934 4902 καλ⁸
2966 4847 3182 4920 ἐροῦσιν
3200 4866 3212 4879 ·
3252 4851 3342 4922 Μὴ
3370 4851 3582 4923 λυμήνῃ
3610 4854 3790 4917 αὐτὸν,

2222 4944 2303 4996 ὄτι
2337 4939 2551 5011 εὐλογία
2595 4940 2801 5012 Κυρίου
2842 4940 2992 4995 ἐστὶν
3039 4941 3098 4994 ὲν
3141 4942 3320 5013 αὐτῷ·
3363 4943 3534 5007 οὕτως
3586 4948 3793 5017 ποιήσι.)

2224 5034 2410 5087 ’ἐνεκεν
2446 5033 2537 5086 τοῦ
2591 5032 2930 5096 δουλεύοντός
2980 5051 3097 5104 μοι·
3147 5034 3337 5088 τούτου
3390 5035 3573 5089 ἕνεκεν
3622 5037 3684 5091 οὐ
3721 5038 3792 5110 μὴ

2223 5127 2471 5180 ἀπολέσω
2515 5126 2746 5189 πάντας·
2794 5126 2887 5178 καὶ
2926 5124 3098 5190 ἐξάξω
3135 5127 3194 5180 τὸ
3220 5127 3277 5194 ἐξ
3315 5127 3509 5181 Ἰακὼϐ
3555 5132 3790 5202 σπέρμα,

2223 5220 2314 5272 καὶ
2347 5219 2409 5271 τὸ
2438 5218 2496 5284 ἐξ
2534 5218 2720 5272 Ἰούδα·
2758 5219 2849 5272 καὶ
2888 5220 3283 5291 κληρονομήσει
3308 5219 3366 5272 τὸ
3397 5220 3521 5292 ὅρος
3548 5223 3607 5275 τὸ
3629 5224 3794 5293 λᾶγιόν

2222 5329 2359 5382 μου·
2399 5310 2491 5364 καὶ
2532 5309 3030 5382 κληρονομήσουσιν
3071 5313 3120 5363 οἱ
3161 5311 3404 5364 ἐκλεκτοί
3455 5331 3556 5383 μου
3603 5315 3702 5368 καὶ
3742 5317 3792 5368 οἱ

2217 5400 2391 5454 δοῦλοί
2422 5419 2542 5471 μου,
2579 5401 2672 5453 καὶ
2705 5402 3120 5471 κατοικήσουσιν
3142 5401 3275 5455 ἐκεῖ.
3307 5403 3415 5454 Kal
3448 5402 3600 5456 ἔσται
3625 5406 3683 5457 ὲν
3716 5403 3792 5475 τῷ

2219 5492 2409 5563 δρυμῷ
2457 5491 2678 5554 ἔπαυλις
2728 5492 3023 5560 ποιμνίων,
3074 5493 3167 5546 καὶ
3217 5493 3433 5564 φάραγξ
3487 5493 3665 5566 ’Λχὼρ
3712 5499 3790 5560 εἰς

2220 5586 2520 5638 ἀνάπαυσιν
2564 5584 2852 5652 βουκολίων
2883 5583 2958 5653 τῷ
2991 5584 3103 5655 λαῷ
3148 5603 3267 5656 μου,
3303 5588 3351 5637 οἳ
3391 5587 3659 5657 ἐζήτησάν
3701 5605 3784 5659 με.

2568 5741 2612 5772 ⁷²
2643 5738 2796 5794 Deut.
2829 5755 2996 5799 χχιιι,
3030 5738 3119 5796 21.
