4120 6420
282 373 380 430 £55

1185 370 1836 430 DEMONSTRATIONIS
1871 371 2327 430 ΕνΑΝϐειιοίΕ
2367 372 2492 427 LIB.
2535 372 2596 427 Il.

3430 373 3530 429 I56

289 491 477 560 Ὑμεῖς
501 491 562 544 δὲ
594 493 649 545 οἱ
685 491 1138 560 ἐγκαταλιπόντες
1167 507 1234 561 με
1265 491 1359 544 καὶ
1385 490 1863 561 ἐπιλανθανόμενοι

1969 491 2268 561 reliquistis
2299 505 2406 554 me,
2446 497 2500 545 et
2547 488 2930 546 obliviscimini
2975 495 3214 546 montem
3279 498 3529 546 sanctum

279 582 334 636 τὸ
359 582 484 652 ὅρος
507 582 572 635 τὸ
602 582 766 652 ἅγιόν
802 601 922 654 μου,
956 585 1048 637 καὶ
1077 584 1451 654 ἐτοιμάζοντες
1474 588 1539 655 τῇ
1569 585 1705 657 τύχῃ
1733 585 1865 656 τρά-

279 673 476 736 πεζαν,
527 674 632 727 καὶ
683 673 1015 746 πληροῦντες
1056 673 1134 744 τῷ
1177 673 1389 745 δαίμονι
1434 673 1710 746 κέρασμα,
1753 675 1864 744 ἐγὼ

278 764 592 836 παραδώσω
621 766 776 838 ὑμᾶς
806 769 886 831 είς
918 767 1208 839 μάχαιραν.
1235 767 1441 831 Πάντες
1469 769 1526 820 ἐν
1554 770 1731 838 σφαγῇ
1768 785 1865 820 πε-

277 856 453 911 σεῖσθε
473 875 488 887 ·
521 858 614 910 ὅτι
667 859 900 912 ἐκάλεσα
924 859 1087 929 ὑμᾶς,
1117 859 1211 912 καὶ
1239 859 1336 929 οὐχ
1363 859 1730 930 ὑπηκούσατε,
1772 860 1866 912 καὶ

275 950 574 1020 ἐποιήσατε
632 951 698 1004 τὸ
754 951 988 1020 πονηρὸν
1048 949 1288 1004 ἐναντίον
1343 950 1498 1020 ἐμοῦ,
1549 952 1641 1004 καὶ
1687 949 1724 1004 δι
1765 952 1865 1002 ούκ

275 1041 582 1111 ἐϐουλόμην
626 1041 968 1108 ἐξελέξασθε.
1015 1061 1033 1092 ›
1068 1041 1264 1094 Διελὼν
1287 1042 1380 1095 καὶ
1417 1043 1474 1095 ἐν
1501 1042 1708 1106 τούτοις
1732 1043 1760 1095 6
1782 1041 1867 1094 λό-

274 1149 383 1203 γος,
420 1131 610 1202 βραχὺ
653 1132 752 1202 μέν
784 1133 835 1186 τί
865 1150 996 1203 φησι
1027 1133 1244 1203 σπέρμα
1267 1133 1325 1199 ἐξ
1359 1132 1552 1186 Ἰακὼϐ
1581 1132 1864 1198 τεύξεσθαι

273 1225 377 1277 τῶν
419 1225 899 1296 ἐπηγγελμένων·
935 1224 1222 1288 ἐκλεκτούς
1261 1243 1317 1278 τε
1354 1221 1646 1289 εἶναιτοὺς
1690 1243 1867 1278 κατοι-

275 1319 558 1386 κήσαντας
599 1318 666 1371 ἐν
690 1317 769 1387 τῷ
795 1316 1014 1388 δρυμιξγ
1041 1316 1212 1382 οὕτως
1237 1317 1516 1388 ὀνομάζων
1546 1318 1645 1387 τὴν
1673 1316 1866 1386 κλῆσιν

272 1409 375 1464 τῶν
405 1408 614 1473 ἐθνῶν,
649 1411 710 1462 ἐν
803 1411 851 1462 οἱ
881 1409 1125 1462 ἐκλεκτοὶ
1157 1408 1248 1462 τοῦ
1282 1409 1508 1482 Κυρίου,
1541 1410 1633 1462 καὶ
1669 1408 1729 1460 τὸ
1764 1409 1868 1461 ἰα-

273 1500 384 1555 κὼϐ
410 1502 673 1572 σπέρμα,
706 1496 814 1554 εἷεν
842 1500 888 1553 δ’
922 1501 996 1571 (I)
1023 1500 1088 1554 ἂν
1117 1503 1163 1555 οἱ
1190 1500 1474 1555 ἀπόστολοι
1502 1502 1594 1556 καὶ
1631 1499 1869 1570 μαθηταὶ

273 1592 363 1646 τοῦ
387 1593 660 1664 Σωτῆρος
694 1591 853 1663 ἡμῶν
872 1610 885 1623 ·
914 1593 964 1645 οἱ
982 1591 1038 1644 δέ
1063 1591 1240 1646 λοιποὶ
1261 1591 1459 1656 πάντες
1484 1593 1634 1664 παρὰ
1652 1591 1869 1656 τούτους

272 1687 390 1748 ταῖς
427 1684 808 1755 δηλουμέναις
843 1683 1093 1747 ἀπειλαῖς
1129 1683 1552 1754 ὑποϐέϐληνται·
1589 1686 1870 1755 μονονουχὶ

274 1776 363 1830 τοῦ
385 1773 558 1844 λόγου
587 1775 906 1847 γυμνότατα
933 1775 1322 1848 παριστῶντος,
1358 1775 1431 1848 μὴ
1460 1776 1536 1840 ὼς
1561 1776 1748 1846 ἐτυχεν
1777 1777 1869 1829 ἐπὶ

274 1869 380 1920 πᾶν
410 1869 477 1920 τὸ
525 1867 808 1921 Ἰουδαίων
836 1865 987 1931 ἔθνος
1027 1866 1254 1936 φθάσειν
1289 1867 1386 1931 τὰς
1417 1867 1511 1920 τοῦ
1538 1867 1672 1922 Θεοῦ
1696 1870 1869 1938 ἐπαγ-

277 1960 482 2029 γελίας,
550 1961 676 2015 ἀλλ’
713 1961 806 2014 ἐπὶ
869 1961 1027 2030 μόνον
1087 1962 1148 2014 τὸ
1183 1961 1567 2032 ὠνομασμένον
1617 1963 1860 2034 σπέρμα.

277 2053 368 2106 καὶ
401 2053 536 2116 τοὺς
570 2053 1038 2124 ἐπικαλουμένους
1069 2053 1356 2117 ἐκλεκτοὺς
1379 2053 1471 2109 τοῦ
1505 2052 1669 2108 Θεοῦο
1704 2076 1722 2106 ι
1749 2058 1870 2110 ἐπεὶ

281 2144 463 2196 πολλοὶ
502 2143 725 2216 κλητοὶ,
773 2144 943 2213 ὀλίγοι
984 2145 1042 2198 δὲ
1085 2144 1348 2198 ἐκλεκτοί.
1383 2165 1401 2197 ι
1433 2145 1654 2210 Τούτοις
1689 2147 1746 2201 δὲ
1777 2149 1870 2202 καὶ

277 2236 369 2296 νῦν
393 2236 577 2306 ὄνομα
621 2235 807 2290 καινὸν
846 2235 1258 2307 ἐπιτεθήσεσθαι
1294 2236 1422 2308 ἑξῆς
1455 2239 1484 2291 6
1506 2237 1661 2306 λόγος
1683 2239 1871 2293 θεσπί-

280 2325 379 2392 ζει,
412 2328 658 2396 φάσκων
694 2328 832 2400 πρὸς
861 2329 986 2390 τοὺς
1023 2326 1267 2390 ἀσεϐεῖςο
1301 2345 1320 2378 ι
1358 2327 1869 2400 Καταλειφθήσεται

279 2417 382 2490 γὰρ
423 2418 488 2471 τὸ
527 2418 708 2490 ὄνομα
755 2417 910 2488 ὑμῶν
956 2418 1036 2482 είς
1081 2416 1398 2488 πλησμονὴν
1434 2420 1547 2481 τοῖς
1595 2418 1870 2483 ἐκλεκτοῖς

283 2527 407 2581 μῆν’
442 2510 600 2582 ὑμᾶς
624 2511 670 2564 δ’
703 2511 881 2566 ἀνελεῖ
908 2510 1110 2582 Κύριος
1131 2527 1144 2540 ο
1176 2513 1288 2573 τοῖς
1313 2509 1370 2563 δὲ
1402 2510 1746 2568 δουλεύσουσι
1779 2529 1868 2579 μοι

281 2602 624 2675 κληθήσεται
647 2603 818 2673 δνομα
848 2603 1051 2656 καινόν.
1095 2620 1114 2653 ι
1151 2601 1224 2654 T6
1251 2601 1315 2673 δὴ
1345 2598 1436 2656 οῦν
1462 2603 1632 2674 δνομα
1659 2605 1864 2664 καινὸν.

282 2694 307 2749 δ
335 2695 407 2768 μὴ
438 2695 600 2768 παρὰ
631 2698 745 2768 τοῖς
768 2693 1016 2758 παλαιοῖς
1047 2694 1304 2762 ἔγνωστο,
1343 2697 1494 2748 ποῖον
1522 2695 1588 2748 ἂν
1621 2697 1706 2768 εἴη
1749 2698 1782 2768 ἢ
1808 2698 1869 2750 τὸ

285 2763 930 2858 ἁπδντῆςῂτοῦοΣωτῆρος
961 2789 993 2858 ὴ
1004 2786 1118 2857 μῶν
1160 2785 1333 2856 Ἰησοῦ
1359 2787 1450 2840 τοῦ
1477 2763 1716 2860 Χριστοῦ
1745 2763 1871 2862 προ-

286 2880 570 2950 σωνυμίας
622 2878 742 2934 καθ’
795 2879 924 2950 ὅλης
975 2878 1076 2949 τῆς
1129 2878 1456 2951 οἰκουμένης
1507 2880 1868 2952 εὐλογημένον

288 2971 632 3042 Χριστιανῶν
663 2972 834 3042 ὄνομα
857 2987 872 3034 ;

711 3144 794 3197 N'.
841 3143 982 3198 Ἀπὸ
1023 3143 1130 3198 τοῦ
1158 3144 1437 3213 Μιχαίου.

359 3253 379 3286 ι
412 3235 528 3290 Καὶ
559 3235 713 3290 ἔσται
737 3237 803 3290 ἐκ
839 3235 939 3305 τῆς
977 3235 1237 3304 σταγόνος
1263 3233 1358 3289 τοῦ
1394 3234 1523 3290 λαοῦ
1550 3235 1741 3290 τούτου
1784 3253 1869 3288 συ-

291 3324 588 3394 ναγόμενος
611 3341 624 3354 ·
661 3324 1058 3397 συναχθήσεται
1122 3323 1314 3378 Ἰακὼϐ
1366 3325 1462 3378 σὺν
1516 3326 1700 3380 πᾶσιν.
1755 3325 1869 3379 Ἐκ-

289 3413 576 3484 δεχόμενος
617 3416 904 3486 ἐκδέξομαι
932 3417 1062 3479 τοὺς
1094 3415 1454 3481 καταλοίπους
1482 3415 1574 3470 τοῦ
1616 3417 1860 3490 Ἰσραήλ·

291 3505 378 3558 ἐπὶ
396 3507 457 3560 τὸ
483 3508 623 3562 αὐτὸ
656 3508 893 3579 θήσομαι
920 3506 1018 3579 τὴν
1042 3507 1394 3582 ἀποστροφὴν
1428 3508 1624 3562 αὐτῶν.
1670 3529 1688 3561 ι
1726 3510 1868 3580 Συμ-

294 3597 477 3664 φώνως
505 3604 624 3665 τοῖς
657 3600 1059 3672 προεκτεθεωιν
1100 3601 1163 3654 ἐκ
1193 3599 1288 3653 τοῦ
1335 3600 1555 3654 Ἡσαΐου
1585 3601 1678 3654 καὶ
1708 3603 1737 3654 6
1762 3603 1867 3654 Μι-

292 3687 442 3755 χαίας
475 3687 800 3755 ἐκδέξασθαι
839 3688 928 3742 τὸν
957 3688 1088 3741 Θεὸν
1129 3689 1225 3758 οὐχ
1260 3688 1444 3752 ἁπλῶς
1471 3689 1696 3752 πάντας,
1729 3691 1866 3744 ἀλλὰ

297 3779 480 3847 μόνους
525 3779 654 3842 τοῦς
685 3779 1044 3844 καταλοὶπους
1079 3780 1354 3851 ὀνομάζει.
1391 3781 1600 3852 Ὥσπερ
1625 3781 1682 3834 δέ
1715 3781 1865 3853 παρὰ

293 3868 364 3940 τῷ
404 3871 607 3943 Ἡσαΐᾳ
649 3872 870 3942 σπέρμα
902 3872 1212 3943 ὠνομάζετο
1239 3872 1300 3924 τὸ
1332 3870 1391 3935 ἐξ
1429 3872 1605 3925 αὐτῶν
1635 3872 1860 3944 λεῖμμα,

296 3960 457 4028 οὕτως
491 3965 589 4018 καὶ
621 3962 717 4017 νῦν
740 3963 973 4032 σταγόνα
1014 3962 1268 4034 ὀνομάζει
1304 3964 1430 4026 τοὺς
1467 3963 1526 4029 ἐξ
1555 3964 1733 4018 αὐτῶν
1761 3981 1865 4017 σω-

296 4051 642 4126 θησομένους.
669 4053 931 4126 Δηλοῦται
961 4054 1016 4108 δὲ
1051 4056 1142 4108 καὶ
1169 4053 1256 4108 διὰ
1286 4054 1489 4108 τούτων
1531 4058 1558 4109 ὁ
1596 4055 1701 4108 τῶν
1731 4057 1865 4109 ἀπο·-

302 4147 497 4201 στόλων
523 4147 700 4218 χορὸς,
729 4147 805 4210 ὼς
837 4145 1050 4214 σταγών
1087 4163 1170 4208 τις
1209 4147 1303 4199 καὶ
1349 4145 1566 4217 σπέρμα
1603 4146 1696 4199 τοῦ
1736 4148 1864 4201 ’1ου-

300 4235 455 4290 δαίων
485 4237 671 4301 ἔθνους
703 4236 1066 4308 γεγενημένος
1087 4253 1098 4266 ·
1129 4235 1188 4302 ἐξ
1211 4233 1279 4308 ῆς
1309 4237 1564 4304 σταγόνος
1590 4238 1788 4301 πάντες
1814 4241 1862 4294 οἱ

305 4328 410 4381 καθ’
441 4328 574 4400 ὅλης
608 4328 707 4398 τῆς
737 4322 1058 4399 οἰκουμένης
1091 4328 1180 4382 τὸν
1220 4328 1453 4397 Χριστὸν
1488 4329 1862 4397 ἐπεγνωκότες

300 4415 385 4470 τοῦ
418 4416 578 4481 Θεοῦ,
621 4417 712 4470 καὶ
748 4417 845 4487 τὴν
887 4417 1230 4472 διδασκαλίαν
1264 4418 1427 4472 αὐτοῦ
1463 4419 1862 4491 παραδεδεγμέ-

1967 599 2172 646 meum,
2203 590 2257 638 et
2279 582 2489 653 paratis
2510 580 2743 635 fortuna:
2777 596 3044 646 mensam,
3068 591 3120 638 et
3151 581 3385 653 impletis
3417 582 3530 654 da:-

1966 674 2114 730 moni
2163 676 2416 744 poculum
2453 675 2672 729 mistum
2720 692 2732 727 :
2787 688 2887 745 ego
2936 675 3141 730 tradam
3180 691 3278 731 vos
3325 677 3381 731 in
3415 677 3532 747 gla-

1965 765 2136 821 dium.
2171 764 2374 821 Omnes
2405 767 2458 822 in
2481 768 2754 823 occisione
2776 767 2986 823 cadetis
3013 786 3029 835 ;
3059 769 3318 838 quoniam
3340 767 3530 824 vocavi

1968 871 2089 920 vos,
2116 866 2170 916 et
2200 873 2308 912 non
2331 860 2708 923 auscultastis,
2734 867 2788 915 et
2821 844 3032 914 fecistis
3071 861 3272 914 malum
3311 860 3366 914 in
3396 875 3532 930 con-

1969 957 2157 1017 spectu
2186 965 2327 1018 meo,
2352 960 2406 1004 et
2431 966 2552 1021 qua:
2577 951 2848 1014 nolebam,
2884 951 3129 1022 elegistis
3149 951 3216 1006 ⁷⁸.
3247 970 3265 1003 ι
3306 952 3441 1007 Cum
3477 953 3534 1008 in

1971 1039 2059 1094 his
2091 1041 2364 1097 divisione
2406 1043 2638 1112 quadam
2677 1058 2859 1102 sermo
2898 1042 3118 1097 divinus
3160 1051 3363 1109 utatur,
3416 1051 3535 1099 tum

1967 1128 2224 1200 exiguum
2272 1130 2544 1200 quoddam
2579 1146 2765 1188 semen
2793 1128 2983 1196 Jacob,
3025 1146 3088 1185 ea
3118 1147 3237 1202 qua:
3265 1133 3538 1202 promissa

1969 1229 2097 1276 sunt
2138 1231 2562 1280 consecuturum
2604 1222 2835 1278 allii-mat
2883 1243 2895 1278 :
2945 1224 3148 1280 electos
3193 1235 3370 1279 autem
3414 1241 3538 1280 esse

1968 1328 2088 1378 eos,
2135 1315 2230 1386 qui
2275 1315 2520 1371 habitent
2568 1316 2624 1373 in
2676 1316 2833 1371 silva.
2888 1315 3024 1371 Nam
3075 1317 3156 1372 sic
3202 1316 3538 1372 vocationem

1972 1406 2216 1475 gentium
2249 1409 2520 1474 nominat,
2551 1409 2604 1464 in
2635 1425 2742 1482 qua
2788 1411 2946 1466 electi
2979 1410 3216 1474 Domini,
3251 1419 3306 1467 et
3354 1425 3538 1466 semen

1971 1495 2142 1552 Jacob
2174 1497 2310 1564 sint,
2343 1515 2476 1556 sane
2509 1501 2610 1572 ipsi
2645 1503 2877 1573 apostoli
2917 1510 2972 1558 et
2997 1502 3252 1572 discipuli
3297 1500 3538 1558 Salvato-

1969 1588 2051 1644 ris
2080 1592 2258 1645 nostri
2292 1611 2304 1644 :
2335 1599 2532 1662 praeter
2559 1608 2698 1663 quos
2729 1595 2820 1664 qui
2848 1595 3040 1664 reliqui
3076 1601 3222 1658 sunt,
3259 1608 3451 1648 omnes
3483 1593 3539 1648 in

1971 1697 2089 1747 eas,
2128 1699 2250 1752 quae
2276 1685 2540 1754 exposita:
2565 1694 2715 1751 sunt,
2744 1687 2920 1742 minas
2958 1685 3271 1742 reciderunt
3317 1705 3331 1740 :
3367 1700 3540 1757 quan-

1974 1769 2268 1840 doquidem
2322 1773 2440 1844 ipsa
2479 1776 2654 1830 oratio
2699 1791 2868 1848 prope
2919 1776 3264 1847 apertissime
3311 1776 3540 1833 demon-

1975 1869 2136 1924 strat,
2185 1879 2296 1920 non
2347 1880 2481 1921 casu
2519 1866 2752 1938 quodam
2813 1868 2869 1921 in
2918 1875 3173 1923 cunctam
3229 1867 3542 1938 Judaaorum

1973 1962 2188 2026 gentem
2237 1959 2507 2026 promissa
2548 1958 2730 2013 divina
2765 1973 2890 2023 esse
2922 1969 3173 2026 ventura,
3227 1960 3325 2014 sed
3377 1961 3434 2015 in
3487 1960 3540 2015 id

1972 2047 2149 2102 solum
2199 2049 2345 2119 quod
2394 2066 2580 2107 semen
2615 2060 2698 2107 est
2733 2051 3095 2114 nominatum,
3126 2059 3181 2108 et
3210 2052 3266 2108 in
3301 2068 3417 2117 eos,
3450 2053 3544 2125 qui

1970 2136 2154 2191 vocari
2191 2138 2369 2194 solent
2400 2140 2558 2194 electi
2592 2139 2685 2196 Dei
2712 2160 2724 2196 :
2769 2159 2788 2193 ι
2828 2140 2982 2195 multi
3013 2142 3158 2196 enim
3189 2150 3320 2204 sunt
3341 2141 3541 2207 vocati,

1971 2228 2131 2300 pauci
2163 2245 2292 2286 vero
2317 2231 2472 2287 electi
2503 2232 2569 2288 ⁷⁸.
2608 2252 2626 2286 ι
2662 2233 2872 2300 Quibus
2899 2235 3065 2290 etiam
3095 2249 3296 2290 nomen
3341 2247 3543 2288 novum

1971 2318 2360 2390 imponendum
2396 2323 2660 2395 deinceps
2693 2326 2976 2381 oraculum
3003 2326 3170 2392 canit,
3211 2325 3292 2381 sic
3339 2325 3408 2382 ad
3442 2326 3544 2380 im-

1969 2412 2090 2485 pios
2121 2411 2350 2468 dicens:
2392 2431 2411 2464 ι
2452 2412 2814 2485 Relinquetur
2855 2417 3002 2472 enim
3052 2431 3253 2472 nomen
3296 2424 3541 2478 vestrum

1969 2505 2026 2559 in
2068 2507 2376 2561 satietatem
2427 2509 2616 2564 electis
2673 2511 2833 2570 meis.
2868 2510 2979 2572 Vos
3024 2518 3204 2566 autem
3253 2509 3544 2570 interﬁciet

1974 2595 2234 2655 Dominus
2267 2618 2280 2653 :
2324 2599 2362 2653 ii
2394 2615 2545 2666 vero,
2593 2602 2684 2672 qui
2734 2603 2866 2656 mihi
2905 2601 3166 2666 servient,
3197 2601 3545 2662 vocabuntur

1971 2690 2192 2746 nomine
2222 2706 2362 2747 novo
2382 2693 2448 2748 ⁷⁸.
2487 2713 2506 2745 ›
2540 2692 2704 2764 Atqui
2725 2710 2928 2749 novum
2965 2695 3110 2749 istud
3143 2709 3366 2757 nomen,
3395 2691 3543 2763 quod

1970 2784 2211 2853 antiquis
2257 2785 2502 2855 ignotum
2559 2785 2744 2851 fuerit,
2786 2787 3063 2858 quodnam
3117 2801 3302 2856 quaeso
3357 2784 3544 2849 fuerit.

1969 2876 2076 2932 nisi
2109 2877 2592 2934 Christianorum?
2626 2880 2772 2950 quod
2803 2895 2834 2934 a
2867 2879 3172 2937 Salvatoris
3203 2880 3380 2936 nostri
3410 2878 3543 2938 Iesu

1968 2967 2171 3024 Christi
2200 2969 2563 3039 appellatione
2589 2969 2885 3026 deductum
2927 2972 2981 3027 in
3035 2980 3150 3027 toto
3202 2972 3335 3028 orbe
3362 2983 3540 3030 terra-

1971 3074 2097 3115 rum
2121 3059 2374 3116 laudibus
2403 3068 2458 3117 et
2485 3061 2671 3117 favore
2701 3062 3048 3118 celebratur?

2493 3153 2598 3224 81
2637 3152 2700 3208 L.
2731 3153 2774 3206 A
2815 3153 3057 3209 Michwa.

2045 3259 2065 3291 ι
2109 3239 2174 3296 Et
2200 3242 2304 3297 erit
2331 3243 2398 3298 de
2427 3245 2572 3298 stilla
2622 3245 2807 3316 populi
2862 3246 3048 3316 hujus,
3107 3247 3200 3318 qui
3236 3263 3542 3320 congrega-

1967 3338 2055 3384 tur
2088 3351 2100 3385 :
2130 3333 2549 3404 congregabitur
2584 3333 2753 3390 Iacob
2781 3351 2910 3391 cum
2941 3337 3218 3393 omnibus.
3250 3337 3544 3410 Excipiens

1966 3423 2235 3493 excipiam
2271 3425 2510 3495 reliquos
2540 3441 2605 3481 ex
2635 3425 2801 3483 Israel
2834 3445 2849 3483 :
2891 3429 2948 3483 in
2981 3445 3148 3485 unum
3185 3445 3383 3500 ponam
3406 3447 3541 3486 con-

1965 3515 2274 3572 versionem
2303 3532 2491 3573 eorum
2517 3518 2582 3572 ⁷⁸.
2649 3539 2668 3572 ι
2721 3519 3101 3578 Consentanea
3164 3522 3253 3586 iis,
3304 3540 3426 3595 qua:
3471 3523 3542 3578 ab

1965 3605 2108 3662 Isaia
2137 3617 2359 3680 accepta
2386 3618 2533 3674 sunt,
2580 3627 2854 3684 supraque
2883 3629 2913 3667 a
2943 3615 3102 3669 nobis
3131 3616 3401 3686 exposita,
3435 3615 3540 3671 Mi-

1965 3700 2146 3771 cbaaas
2184 3717 2401 3772 quoque
2432 3703 2635 3758 indicat
2669 3723 2681 3758 :
2712 3705 2806 3775 qui
2842 3704 3011 3760 Deum
3055 3721 3163 3760 non
3222 3707 3540 3777 simpliciter

1965 3803 2180 3853 omnes,
2218 3791 2313 3846 sed
2348 3791 2496 3847 solos
2518 3808 2636 3856 eos,
2668 3795 2760 3862 qui
2786 3794 2979 3865 reliqui
3009 3793 3232 3859 fuerint,
3268 3804 3540 3866 exceptu—

1965 3895 2088 3933 rum
2114 3889 2300 3935 narrat
2329 3899 2341 3935 :
2379 3892 2436 3936 et
2465 3883 2924 3952 quemadmodum
2956 3885 3098 3955 apud
3142 3885 3334 3939 Isaiam
3373 3887 3417 3917 ⁷⁷
3449 3901 3540 3941 se-

1966 3989 2092 4028 men
2128 3974 2518 4030 nominabatur
2550 3975 2727 4048 ipsum
2761 3978 2978 4032 illorum
3010 3979 3314 4044 residuum,
3345 3979 3418 4033 ita
3450 3979 3539 4033 hic

1966 4066 2167 4122 stillam
2195 4083 2291 4123 eos
2324 4068 2591 4131 nominat,
2624 4069 2717 4138 qui
2764 4085 2831 4125 ex
2870 4071 2977 4125 illis
3014 4071 3340 4140 superstites
3368 4070 3538 4125 futun'

1965 4166 2114 4212 sunt.
2173 4158 2525 4232 Significatur
2577 4170 2758 4216 autem
2801 4161 2888 4216 his
2937 4162 3116 4216 verbis
3173 4163 3290 4232 ipse
3335 4163 3537 4217 chorus

1966 4247 2357 4312 apostolorum,
2389 4249 2484 4318 qui
2513 4251 2672 4319 quasi
2728 4251 2874 4305 stilla
2926 4251 3195 4320 quaedam,
3247 4260 3301 4306 et
3349 4268 3533 4308 semen

1965 4335 2208 4404 Iudaica}
2237 4341 2415 4410 gentis
2459 4342 2786 4402 exstiterunt
2822 4360 2835 4396 :
2873 4341 2940 4397 de
2987 4358 3093 4411 qua
3149 4343 3295 4398 stilla
3345 4358 3535 4399 omnes

1966 4427 2279 4499 quicunque
2308 4446 2375 4486 ex
2405 4439 2521 4487 toto
2554 4433 2685 4490 orbe
2708 4431 2989 4487 Christum
3034 4433 3125 4488 Dei
3157 4435 3533 4504 cognoverint,

301 4526 391 4575 νοι,
421 4512 522 4582 τῆς
550 4510 942 4581 θεσπιζομένης
972 4511 1389 4582 ἐπισυναγωγῆς
1422 4511 1854 4582 κατηξιώθησαν,

1966 4526 2013 4573 et
2043 4517 2347 4574 doctrinam
2377 4520 2499 4591 ejus
2529 4522 2861 4591 acceperint,
2911 4536 2974 4576 ea
3026 4538 3191 4591 quam
3250 4523 3533 4576 oraculum

297 4601 384 4673 τὴν
409 4605 517 4657 ἀπὸ
543 4603 649 4656 τῶν
681 4603 953 4673 πολεμίων
976 4601 1242 4674 λύτρωσιν
1274 4602 1585 4674 εὑράμενοι.

359 4781 481 4835 NA'.
526 4801 545 4832 ι
592 4783 698 4835 Καὶ
730 4783 792 4834 σὺ
829 4780 1092 4852 Βηθλεὲμ,
1119 4775 1265 4845 οἶκος
1307 4781 1398 4835 τοῦ
1434 4781 1714 4853 Εύφραθὰ,
1746 4783 1855 4837 ὀλι-

297 4873 474 4938 γοστὸς
514 4869 565 4926 εἴ
588 4875 644 4926 ἐν
701 4873 932 4944 χιλιάσιν
966 4873 1134 4927 Ἰούδα
1163 4892 1175 4902 ·
1216 4876 1281 4927 ἐκ
1325 4874 1416 4927 σοῦ
1449 4891 1539 4946 μοι
1576 4874 1854 4939 ἐξελεύσε-

299 4979 377 5018 ται
415 4965 734 5036 ἡγούμενος,
777 4966 868 5020 τοῦ
909 4960 1046 5020 εἶναι
1093 4969 1172 5030 εἰς
1215 4967 1449 5039 ἄρχοντα
1492 4967 1568 5038 τῷ
1613 4970 1850 5042 Ἰσραὴλ,

298 5057 381 5110 καὶ
422 5058 590 5122 ἔξοδοι
623 5057 785 5112 αὐτοῦ
815 5059 909 5112 ἀπ’
950 5059 1123 5131 ἀρχῆς
1156 5059 1215 5123 ἐξ
1247 5060 1469 5132 ἡμερῶν
1512 5061 1724 5125 αἰῶνος.
1757 5063 1855 5116 Διὰ

296 5145 438 5201 ⁴τοῦτο
469 5147 629 5201 δώσει
663 5149 860 5214 αὐτοὺς
899 5150 1002 5214 ἕως
1037 5150 1228 5211 καιροῦ
1258 5151 1546 5224 τικτούσης
1567 5169 1581 5184 ⁸
1620 5153 1850 5219 τέξεται,

297 5238 380 5292 καὶ
412 5241 461 5294 οἱ
485 5239 755 5294 ἐπίλοιποι
782 5241 886 5294 τῶν
919 5241 1161 5311 ἀδελφῶν
1186 5243 1364 5298 οὔτῶν
1394 5244 1794 5316 ἐπιστρέφουσι.
1830 5267 1845 5297 ι

297 5327 393 5383 Καὶ
437 5332 575 5403 μετὰ
621 5332 827 5404 βραχέα
871 5333 1138 5410 ἐπιλέγει’
1195 5353 1214 5385 ι
1272 5336 1380 5388 Καὶ
1419 5335 1569 5389 ἔσται
1617 5337 1677 5390 τὸ
1723 5339 1854 5392 61:6-

296 5419 486 5495 λειμμα
517 5424 611 5479 τοῦ
665 5426 856 5479 Ἰακὼϐ
899 5429 956 5480 ἐν
997 5429 1108 5490 τοῖς
1153 5426 1378 5491 ἔθνεσιν,
1413 5432 1469 5482 ἐν
1514 5428 1664 5500 μέσῳ
1705 5429 1847 5484 λαῶν

297 5517 517 5583 1κολλῶν,
547 5518 623 5582 ὼς
665 5519 855 5589 δρόσος
891 5520 1040 5591 παρὰ
1074 5521 1276 5591 Κυρίου
1325 5521 1616 5586 πίπτουσα,
1650 5525 1740 5576 καὶ
1771 5523 1846 5588 ὼς

277 5639 323 5726 ‘n
352 5632 520 5726 ’;Isqa.
561 5650 682 5700 uv,
705 5637 856 5692 8-12.
936 5641 980 5679 τι
1010 5639 1198 5694 Matth.
1231 5658 1366 5706 nu,
1406 5643 1485 5698 Η.
1561 5643 1608 5674 ⁷⁵
1645 5641 1746 5698 Isa.
1776 5661 1863 5700 ιιι

1970 5651 2020 5708 ὅ.
2099 5655 2142 5686 ⁷⁶
2171 5653 2329 5712 Mich.
2386 5657 2658 5726 tt,II,I?.
2740 5661 2780 5691 ⁷’ί
2819 5659 2923 5716 Isa.
2959 5675 3081 5724 uv,
3119 5660 3172 5714 9.

300 5716 340 5763 t',
370 5703 427 5766 2,
459 5706 512 5758 3.

360 5791 436 5858 fl)
473 5793 634 5854 Forte
670 5799 1046 5874 corrigendum
1087 5803 1137 5868 γ’
1171 5821 1268 5866 pro
1304 5805 1368 5860 δ’.
1415 5805 1568 5862 Eon.
1604 5806 1772 5876 ΡΑτιι.

1961 4612 2110 4667 canit
2141 4615 2561 4685 congregatione
2586 4614 2736 4686 digni
2772 4613 2951 4670 eﬂ‘ecti
2985 4622 3135 4681 sunt,
3169 4621 3225 4670 et
3253 4613 3532 4669 liberatio-

1959 4719 2082 4758 nem
2117 4703 2185 4758 ab
2216 4704 2467 4760 hostibus
2498 4706 2663 4760 nacti.

2028 4794 2114 4852 LI.
2152 4815 2170 4848 ι
2197 4795 2260 4850 Et
2291 4805 2348 4851 tu
2383 4795 2716 4862 Bethlehem,
2749 4798 2945 4854 domus
2973 4797 3210 4867 Ephrata
3237 4836 3252 4862 ,
3305 4795 3530 4849 minima

1957 4904 2050 4952 cs,
2092 4895 2151 4942 ut
2197 4889 2275 4944 sis
2306 4889 2362 4952 in
2397 4890 2644 4954 millibus
2680 4889 2854 4957 Juda;
2888 4906 2956 4946 ex
2987 4900 3040 4944 te
3071 4889 3202 4944 mihi
3225 4889 3534 4960 egredietur

1958 4983 2050 5052 qui
2084 4983 2265 5053 praesit
2287 5025 2303 5050 ,
2334 4992 2395 5040 ut
2431 4985 2501 5040 sit
2533 4985 2586 5040 in
2618 4985 2922 5055 principem
2951 4983 3054 5053 ipsi
3086 4981 3292 5046 Israel,
3329 4989 3383 5036 et
3413 4981 3533 5035 exi-

1959 5081 2045 5129 tus
2085 5072 2205 5142 ejus
2250 5074 2318 5129 ab
2357 5073 2512 5130 initio
2556 5090 2620 5130 ex
2665 5073 2857 5129 diebus
2899 5073 3104 5130 saeculi.
3153 5071 3382 5142 Propter
3427 5073 3531 5126 hoc

1955 5163 2104 5218 dabit
2145 5179 2242 5218 eos
2287 5180 2462 5235 usque
2502 5167 2569 5218 ad
2617 5172 2833 5235 tempus
2879 5161 3181 5234 parientis:
3225 5161 3433 5232 pariet,
3475 5170 3531 5217 et

1955 5256 2152 5326 reliqui
2203 5272 2269 5311 ex
2317 5257 2583 5312 fratribus
2630 5272 2817 5311 eorum
2866 5262 3255 5311 convertentur
3289 5256 3354 5310 ⁷⁸.
3393 5274 3413 5308 ι
3464 5253 3530 5310 Et

1961 5354 2085 5417 post
2122 5362 2297 5419 pauca
2330 5349 2576 5422 adjungit
2604 5369 2617 5405 :
2653 5369 2671 5401 ι
2702 5348 2767 5403 Ει
2800 5349 2903 5404 erit
2932 5350 3077 5420 quod
3112 5349 3381 5420 reliquum
3413 5347 3530 5402 fue-

1955 5441 2026 5496 rit
2054 5455 2120 5496 ex
2155 5439 2325 5498 Jacob
2356 5443 2409 5498 in
2440 5445 2694 5514 gentibus
2725 5443 2778 5497 in
2814 5441 2993 5497 medio
3027 5443 3353 5515 populorum
3385 5442 3528 5495 mul-

1956 5539 2172 5602 torum,
2219 5537 2374 5606 quasi
2426 5524 2517 5594 res
2565 5554 2596 5593 a
2632 5538 2862 5595 Domino
2910 5538 3150 5604 cadens,
3179 5543 3234 5595 et
3264 5542 3524 5605 tanquam

3281 5659 3324 5690 ’⁸
3357 5655 3518 5713 Mich.
