4056 6418
535 376 640 431 155

1138 379 1406 438 EUSEBll
1447 383 1927 444 (ἓΑΞὸΑΜΕΝδΙδ
1957 387 2087 445 θΡΡ

2196 367 2326 444 ms
2367 387 2428 443 ιι.
2468 418 2539 430 ..-
2573 385 3068 444 APOLOGETICA.

3669 389 3770 444 156

521 491 662 573 ωειιί
711 509 877 564 super
925 512 1184 566 gramen,
1229 508 1289 554 ut
1333 517 1442 556 non
1475 514 1835 576 congregetur
1867 508 2090 577 aliquis,

2203 507 2362 578 ἄρνες
2395 507 2479 560 ἐπ’
2514 507 2806 576 ἄγρωστιν,
2841 507 2988 569 ὅπως
3019 505 3093 576 μὴ
3125 503 3363 576 συναχθῇ
3397 503 3603 574 μηδεὶς,
3637 505 3770 576 μηδὲ

533 601 709 656 neque
753 588 1021 644 subsistat
1061 591 1117 645 in
1162 591 1286 648 ﬁliis
1341 595 1622 650 hominum
1649 585 1688 652 ἓν
1710 610 1764 653 et
1810 600 1912 654 erit
1955 599 2099 669 quod

523 676 801 747 'reliquum
838 678 994 734 fuerit
1029 697 1093 734 ex
1146 681 1312 737 Jacob
1362 685 1416 738 in
1463 688 1756 756 gentibus,
1809 690 1865 744 in
1919 691 2099 745 medio

529 770 855 838 populorum
905 773 1231 838 multorum,
1288 786 1545 846 tanquam
1600 781 1684 834 leo
1736 781 1789 834 in
1826 782 2096 850 jumentis

529 859 717 925 silvae,
752 869 806 916 et
837 863 992 932 quasi
1023 866 1238 921 catulus
1267 867 1444 924 leonis
1485 870 1540 923 in
1583 873 1836 941 gregibus
1880 874 2094 939 ovium,

495 939 989 1019 lquemadmodum
1035 970 1161 1008 cum
1203 961 1485 1013 transierit
1539 939 1961 1031 et‘disperticns
2011 981 2098 1020 ra-

527 1045 746 1113 puerit,
793 1054 848 1100 et
887 1061 996 1100 non
1040 1049 1112 1101 sit
1151 1051 1243 1118 qui
1288 1052 1526 1122 eripiat:
1570 1056 1862 1110 extolletur
1903 1073 2096 1114 manus

528 1143 618 1187 tua
651 1151 818 1205 super
846 1136 1144 1208 aﬁligentes
1180 1149 1264 1204 te,
1295 1149 1348 1197 et
1376 1159 1564 1200 omnes
1622 1147 1827 1201 inimici
1864 1149 1941 1202 lui
1975 1166 2098 1219 per-

525 1225 724 1278 dentur
750 1227 793 1258 ⁷⁹
823 1244 834 1278 :
864 1246 881 1278 ι
909 1228 994 1280 his
1024 1231 1267 1298 profecto
1297 1233 1432 1287 nihil
1471 1235 1584 1289 ﬁeri
1619 1247 1804 1306 posset
1835 1239 2092 1306 lucidius,

523 1332 645 1384 qua:
674 1325 727 1370 et
762 1327 944 1372 ortum
973 1318 1274 1378 Salvatoris
1303 1324 1356 1378 in
1385 1325 1693 1381 Bethlehem
1719 1369 1733 1392 ,
1767 1338 1822 1385 et
1848 1331 2095 1400 ejusdem

525 1411 594 1461 ab
624 1417 832 1465 aeterno
881 1416 1354 1484 propagationem,
1397 1429 1449 1473 et
1477 1419 1716 1491 Virginis
1754 1435 2001 1494 partum,
2043 1434 2096 1481 et

525 1501 896 1569 apostolorum
938 1513 991 1558 et
1032 1505 1428 1577 discipulorum
1473 1511 1595 1580 ejus
1633 1516 2005 1580 vocationem,
2041 1527 2096 1571 et

525 1591 963 1660 praedicationem
993 1595 1059 1650 de
1087 1596 1337 1664 Christo,
1372 1604 1466 1671 qui
1497 1604 1549 1658 in
1581 1613 1754 1659 totum
1783 1607 1967 1660 orbem
2000 1623 2096 1678 per

521 1696 617 1736 eos
648 1681 938 1754 importata
970 1694 1090 1752 est,
1127 1689 1391 1746 referunt.
1423 1693 1558 1748 Cum
1588 1695 1732 1750 enim
1763 1697 1810 1752 is
1843 1699 2095 1770 princeps

521 1773 592 1828 de
634 1790 744 1846 quo
789 1779 1066 1848 prophetia
1107 1779 1366 1851 loquitur,
1412 1795 1464 1840 et
1495 1787 1653 1856 cujus
1680 1790 1859 1845 exitus
1884 1806 1949 1846 ex
1981 1791 2096 1848 dic-

2208 599 2412 668 ὑποστῇ
2441 600 2497 650 ἐν
2531 599 2664 660 υἱοῖς
2694 597 2995 668 ἀνθρώπων
3014 613 3027 625 ·
3061 597 3155 648 καὶ
3176 594 3330 649 ἔσται
3360 593 3420 648 τὸ
3461 594 3772 666 ὑπόλειμμα

2217 689 2411 744 Ἰακὼϐ
2456 691 2513 742 ἐν
2550 693 2662 752 τοῖς
2706 688 2934 754 ἔθνεσιν,
2972 690 3029 740 tv
3070 687 3218 757 μέσῳ
3261 686 3404 740 λαῶν
3439 685 3667 749 πολλῶν,
3694 687 3771 751 ὡς

2203 781 2338 835 λέων
2371 783 2430 834 ἐν
2459 783 2572 843 τοῖς
2621 780 2845 849 κτήνεσι
2883 778 2975 831 τοῦ
3019 776 3246 848 δρυμοῦ,
3281 779 3374 830 καὶ⁵
3421 777 3497 840 ὡς
3535 777 3771 848 σκύμνος

2204 877 2262 926 tv
2289 873 2555 944 ποιμνίοις
2583 870 2888 943 προϐάτων,
2937 870 2996 922 ὃν
3032 871 3229 940 τρόπον
3270 871 3396 922 ὅταν
3439 869 3641 943 διέλθῃ,
3677 871 3772 922 καὶ

2201 964 2505 1027 διαστείλας
2535 964 2776 1035 ἁρπάσῃ,
2801 962 2894 1014 καὶ
2931 963 3005 1032 μὴ
3097 963 3124 1014 ὁ
3166 963 3546 1034 ἐξαιρούμενος
3565 979 3578 992 ο
3621 962 3769 1031 ὑψωο

2204 1051 2425 1122 θήσεται
2457 1054 2489 1121 ἡ
2523 1052 2644 1122 χείρ
2679 1069 2772 1104 σου
2801 1051 2894 1103 ἐπὶ
2935 1053 3057 1114 τοὺς
3097 1042 3373 1114 θλίϐοντάς
3403 1069 3481 1114 σε,
3517 1053 3607 1105 καὶ
3639 1055 3770 1105 πάν-

2202 1161 2293 1206 τες
2323 1144 2372 1196 οἱ
2397 1143 2580 1214 ἐχθροί
2599 1160 2691 1196 σου
2712 1141 3268 1213 ἐξολοθρευθήσονται.
3298 1162 3315 1192 ι
3339 1140 3552 1196 Τούτων
3569 1144 3676 1195 οὐδ’
3695 1145 3772 1214 (l)

2204 1237 2268 1290 ἄν
2293 1254 2344 1289 τι
2373 1237 2582 1304 γένοιτο
2609 1235 2948 1306 λευκότερον,
2973 1234 3113 1287 κατά
3145 1233 3206 1287 τὺ
3233 1235 3364 1288 αὑτὸ
3390 1236 3485 1288 καὶ
3508 1235 3606 1306 τὴν
3631 1238 3781 1305 γένεο

2205 1345 2285 1380 σιν
2310 1328 2406 1398 τὴν
2435 1331 2491 1381 tv
2518 1327 2762 1397 Βηθλεέμ
2791 1325 2885 1379 τοῦ
2927 1327 3178 1398 Σωτῆρος
3212 1327 3654 1396 άναφωνούντων,
3680 1332 3773 1382 καὶ

2201 1423 2299 1491 τὴν
2334 1421 2438 1490 πρὸ
2472 1420 2666 1484 αἰῶνος
2708 1420 2962 1472 οὑσίωσιν
3002 1419 3189 1483 αὑτοῦ,
3227 1421 3321 1472 καὶ
3369 1421 3458 1472 τὸν
3502 1421 3600 1492 τῆς
3628 1423 3776 1492 Παρ-

2203 1510 2355 1564 θένου
2389 1511 2626 1576 τοκετὺν,
2659 1512 2752 1563 καὶ
2790 1511 2899 1564 τῶν
2933 1509 3242 1564 ἀποστόλων
3267 1511 3358 1562 καὶ
3387 1509 3641 1580 μαθητῶν
3680 1513 3776 1564 αὑ-

2202 1601 2295 1655 τοῦ
2336 1605 2436 1674 τὴν
2467 1602 2677 1673 κλῆσιν,
2717 1603 2811 1656 καὶ
2851 1602 2913 1655 τὸ
2940 1603 3204 1673 κήρυγμα
3243 1602 3304 1654 τὸ
3349 1600 3466 1654 καθ’
3512 1602 3639 1672 ὅλης
3674 1603 3774 1678 τῆς

2200 1695 2521 1766 οἰκουμένης
2566 1696 2696 1766 περὶ
2737 1693 2831 1747 τοῦ
2863 1693 3099 1764 Χριστοῦ
3129 1693 3195 1747 δι’
3247 1693 3425 1747 αὑτῶν
3474 1695 3775 1764 κατηγγελ-

2205 1783 2379 1853 μένον.
2415 1783 2521 1838 Τοῦ
2553 1785 2663 1856 γάρ
2685 1783 3012 1854 δηλουμένου
3041 1785 3320 1854 ἄρχοντος,
3348 1775 3410 1837 οὗ
3435 1785 3534 1847 τὰς
3561 1784 3774 1850 ἐξόδους
3853 1854 3857 1857 _

523 1866 626 1922 bus
654 1868 872 1923 aeternis
901 1885 1026 1926 esse
1068 1871 1344 1939 declarat,
1391 1875 1458 1932 de
1503 1877 1816 1936 Bethlebem
1856 1882 1927 1936 sit
1967 1898 2090 1953 pro-

2196 1876 2222 1925 ό
2247 1875 2406 1942 λόγος
2425 1875 2485 1940 ἐξ
2505 1875 2732 1946 ἡμερῶν.
2752 1875 2946 1938 αἰῶνος
2967 1871 3105 1928 εἶναι
3124 1875 3291 1945 δηλοῖ,
3311 1878 3375 1929 ἐκ
3399 1877 3497 1948 τῆς
3523 1877 3770 1950 Βηθλεέμ

524 1957 767 2014 tecturus
791 2000 806 2024 ,
838 1960 1098 2032 buncque
1129 1964 1308 2035 ipsum
1341 1983 1405 2023 ea
1436 1985 1558 2039 qua:
1591 1973 1811 2041 pariens
1849 1975 2098 2028 nomina-

523 2059 635 2116 tur,
671 2061 862 2106 sancta
893 2051 1062 2125 Virgo
1095 2057 1166 2110 sit
1196 2058 1446 2126 paritura
1473 2081 1485 2116 :
1518 2078 1628 2116 non
1665 2078 1856 2119 omnes
1891 2066 1983 2135 qui
2028 2063 2095 2120 ad

519 2143 998 2200 circumcisionem
1026 2157 1276 2218 spectant
1297 2191 1311 2210 .
1344 2151 1446 2207 sed
1470 2154 1619 2208 solos
1647 2170 1744 2209 eos
1770 2156 1863 2225 qui
1901 2138 2094 2227 reliqui

521 2234 758 2300 fuerint,
794 2238 975 2292 salvos
1005 2239 1216 2297 futuros
1249 2243 1508 2310 allirmat,
1553 2262 1690 2316 quos
1723 2255 1777 2302 et
1820 2249 2094 2304 residuum

521 2323 641 2381 fore
675 2323 843 2380 Iacob
864 2366 878 2390 ,
910 2336 964 2382 et
996 2330 1139 2385 roris
1173 2333 1348 2386 inst-ar
1377 2333 1431 2387 in
1462 2350 1654 2390 omnes
1683 2337 1870 2390 datum
1901 2337 1966 2391 iri
1994 2353 2093 2392 na-

519 2417 718 2473 tiones.
754 2436 774 2470 r
810 2417 926 2474 Erit
976 2422 1144 2485 enim,
1218 2424 1416 2494 inquit,
1480 2428 1763 2482 residuum
1810 2428 1980 2486 Iacob
2034 2430 2093 2484 in

520 2511 773 2580 gentibus
795 2551 810 2574 ,
843 2520 902 2566 ut
933 2529 1024 2569 ros
1057 2528 1087 2567 a
1124 2513 1354 2570 Domino
1387 2518 1624 2585 cadens,
1669 2528 1723 2576 et
1767 2522 1923 2592 quasi
1968 2525 2091 2594 agni

519 2619 687 2674 super
734 2620 993 2675 gramen,
1024 2625 1042 2658 ι
1068 2623 1168 2678 pro
1211 2624 1354 2678 quo,
1395 2630 1412 2660 ι
1444 2614 1601 2682 quasi
1653 2614 1814 2669 stillae
1862 2616 1918 2668 in
1965 2615 2092 2671 her-

519 2697 677 2760 bam,
711 2715 730 2748 ›
756 2697 866 2767 82
894 2698 1120 2769 Aquila;
1169 2698 1510 2757 Theodotion
1539 2713 1720 2760 autem
1744 2748 1756 2772 ,
1789 2723 1808 2758 ι
1832 2714 2089 2778 tanquam

519 2789 612 2842 nix
662 2804 828 2859 super
881 2789 1096 2854 fenum,
1132 2812 1148 2843 ι
1182 2794 1488 2850 reddidere.
1523 2796 1653 2851 ltem
1689 2814 1786 2868 pro
1820 2799 1948 2863 illo.
1980 2819 1998 2851 ι
2029 2807 2090 2854 ιιι

515 2894 627 2934 non
673 2892 1036 2950 congregetur
1071 2883 1305 2952 aliquis,
1353 2901 1527 2954 neque
1566 2889 1830 2944 subsistat
1873 2891 1927 2944 in
1963 2890 2089 2948 ﬁliis

514 2969 798 3027 hominum
821 3013 837 3036 ,
869 2990 1045 3044 neque
1085 2976 1322 3030 otl‘endat
1367 2978 1512 3034 ﬁlius
1553 2980 1791 3036 hominis
1813 3023 1827 3046 ,
1860 3003 1878 3035 ι
1911 2982 2089 3039 Theo-

515 3061 704 3116 dotion
745 3067 1025 3134 reposuit,
1057 3086 1075 3118 ι
1101 3069 1194 3138 qui
1243 3085 1350 3124 non
1391 3073 1732 3142 exspectabit
1773 3074 2083 3140 hominem,

513 3165 569 3210 et
617 3170 728 3210 non
780 3158 1020 3227 sperabit
1073 3161 1128 3214 in
1178 3161 1289 3216 ﬁlio
1341 3163 1598 3219 hominis.
1633 3166 1874 3236 iAquila
1923 3183 2086 3231 vero,

520 3264 541 3297 σ
577 3247 670 3316 qui
718 3262 830 3302 non
871 3251 1211 3320 exspectabit
1255 3254 1469 3320 virum,
1517 3265 1572 3311 et
1621 3272 1728 3311 non
1771 3274 1902 3328 erga
1949 3261 2089 3316 ﬁlios

515 3337 796 3394 hominum
822 3359 835 3395 :
882 3361 901 3394 ι
929 3342 984 3396 ἰη
1014 3343 1250 3414 quibus,
1277 3347 1459 3402 omnis
1491 3350 1863 3418 apostolorum
1899 3349 2091 3405 Salva-

513 3430 653 3484 toris
683 3432 855 3486 nostri
886 3449 1012 3504 spes
1032 3474 1046 3498 ,
1085 3450 1206 3505 quae
1235 3451 1344 3490 non
1380 3437 1434 3491 in
1469 3438 1722 3503 homine,
1754 3440 1848 3494 sed
1882 3440 1935 3494 in
1969 3438 2090 3494 Sal-

515 3531 723 3588 vatore,
745 3535 800 3580 et
825 3522 1056 3580 Domino
1085 3542 1187 3582 suo
1223 3526 1406 3582 futura
1434 3530 1506 3583 sit
1533 3528 1964 3595 demonstratur,
1994 3531 2090 3602 qui

516 3616 712 3686 utique
745 3616 997 3674 Salvator
1053 3617 1148 3674 Dei
1181 3618 1420 3676 Verbum
1449 3629 1589 3677 erat.
1631 3620 1729 3677 His
1759 3637 1890 3677 vero
1930 3623 2089 3678 dein-

516 3724 646 3780 ceps
694 3711 986 3780 adjungit:
1020 3731 1037 3763 ι
1069 3723 1124 3767 et
1163 3714 1269 3767 erit
1318 3714 1462 3784 quod
1512 3715 1780 3784 reliquum
1817 3714 1981 3770 fuerit
2021 3731 2088 3772 ex

516 3799 687 3855 Jacob
735 3803 990 3872 gentibus
1038 3804 1092 3856 in
1143 3803 1323 3859 medio
1370 3805 1696 3874 populorum
1749 3807 2085 3872 multorum,

517 3892 677 3962 quasi
708 3892 792 3948 leo
823 3894 877 3947 in
903 3895 1173 3964 jumentis
1199 3895 1350 3953 silvae
1373 3935 1388 3960 ,
1421 3903 1476 3951 et
1517 3898 1676 3966 quasi
1722 3899 1940 3954 catulus
1981 3900 2090 3955 leo-

517 3987 604 4042 nis
631 3987 684 4041 in
712 3988 968 4058 gregibus
997 3991 1181 4044 ovium
1211 4009 1223 4043 :
1256 3992 1710 4060 quemadmodum
1746 4007 1869 4047 cum
1910 4003 2089 4048 trans-

519 4078 678 4140 ierit.
711 4089 765 4134 et
793 4080 1121 4150 dispertiens
1159 4082 1438 4154 rapuerit,
1485 4091 1539 4139 et
1569 4099 1679 4138 non
1724 4085 1795 4140 sit
1837 4084 1931 4156 qui
1980 4085 2090 4140 eri-

519 4171 634 4240 piat
664 4190 676 4225 :
713 4191 730 4223 ι
758 4172 959 4242 quibus
999 4173 1209 4236 verbis,
1239 4183 1298 4228 ut
1331 4175 1590 4239 arbitror,
1651 4176 1985 4231 conﬁdentia
2035 4185 2088 4231 et

518 4262 847 4333 intrepidum
886 4263 1058 4318 robur
1101 4266 1510 4334 praedicationis
1549 4269 1862 4338 apostolicae
1905 4269 2091 4323 deela-

518 4361 692 4409 ratur.
737 4353 1019 4426 Siquidem
1051 4357 1229 4412 instar
1261 4359 1434 4415 leonis
1463 4370 1516 4414 et
1546 4361 1714 4414 catuli
1736 4401 1750 4421 ,
1797 4361 1854 4415 in
1897 4361 2090 4416 silvam

517 4449 760 4517 gentium
783 4485 797 4514 ,
829 4456 884 4502 et
922 4448 978 4502 in
1007 4450 1191 4502 ovium
1221 4450 1585 4506 humanarum
1620 4468 1811 4523 greges
1831 4491 1846 4518 ,
1879 4452 1957 4506 illi
2010 4452 2089 4505 ir-

2200 1967 2678 2038 προελευσομένου,
2713 1968 2806 2020 κα)⁵
2844 1967 2944 2037 τῆς
2966 1966 3153 2020 τοῦτον
3181 1969 3574 2041 άποτικτούσῆς
3611 1972 3783 2040 ἁγίας,

2197 2057 2472 2129 Παρθένου
2505 2057 2816 2130 τεξομένης,
2851 2060 2910 2112 οὑ
2947 2061 3155 2123 πάντας
3187 2061 3318 2130 φησὶ
3358 2063 3482 2126 τοὺς
3515 2065 3577 2116 ἐκ
3618 2081 3775 2136 περι--

2195 2150 2386 2220 τομῆς,
2419 2149 2552 2202 ἀλλὰ
2589 2149 2780 2221 μόνους
2812 2153 2940 2215 τοὺς
2972 2151 3274 2215 ἐπιλοίποις
3301 2153 3768 2224 ἁνασωθήσεσθαι.

2195 2241 2289 2304 οὓς
2333 2242 2427 2294 καὶ
2467 2241 2675 2312 λεῖμμα
2720 2243 3046 2313 γενήσεσθαι
3089 2243 3182 2296 τοῦ
3224 2243 3436 2307 Ἰακὼϐ,
3481 2247 3574 2298 καί
3615 2248 3772 2318 δίκην

2193 2333 2382 2403 δρόσου
2404 2332 2497 2385 ἐπὶ
2527 2333 2703 2387 πάντα
2725 2333 3041 2405 δοθήσεσθαι
3064 2335 3134 2388 τὰ
3154 2335 3301 2406 ἔθνη.
3331 2355 3350 2388 ι
3382 2339 3575 2392 Ἔσται
3605 2340 3765 2410 γὰρ,ι

2194 2423 2348 2495 φησὶ,
2395 2443 2413 2474 ‹
2466 2423 2528 2476 τὸ
2570 2424 2882 2496 ὑπόλειμμα
2915 2425 3010 2480 τοῦ
3053 2427 3243 2480 Ἰακὼϐ
3284 2431 3342 2482 tv
3385 2432 3500 2494 τοῖς
3559 2431 3771 2484 ἔθνεσιν

2193 2515 2266 2578 ὡς
2291 2515 2479 2586 δρόσος
2508 2515 2658 2587 παρὰ
2681 2516 2888 2588 Κυρίου
2931 2518 3224 2584 πίπτουσα,
3269 2522 3364 2573 καὶ
3394 2521 3468 2584 ὼς
3501 2522 3660 2594 ἄρνες
3684 2526 3770 2575 ἐπ’

2192 2605 2482 2678 ἄγρωστιν.
2518 2627 2534 2659 ι
2581 2608 2721 2662 Ἀνθ’
2748 2606 2830 2674 οὗ,
2867 2628 2886 2661 ι
2917 2611 3010 2664 καὶ
3041 2611 3118 2675 ὡς
3143 2611 3378 2681 ψεκάδες
3409 2615 3500 2666 ἐπὶ
3525 2615 3715 2678 πόαν,›
3741 2619 3772 2671 ὁ

2205 2699 2450 2764 Ἀκύλας,
2485 2704 2513 2754 ό
2539 2701 2596 2754 δὲ
2624 2702 2935 2765 Θεοδοτίων,
2965 2721 2984 2754 ι
3017 2704 3110 2756 καὶ⁵
3128 2704 3258 2758 ὡσεὶ
3283 2706 3494 2774 νιφετὸς
3522 2707 3614 2759 ἐπὶ
3644 2709 3772 2778 χόρ-

2193 2810 2302 2853 τον,
2317 2813 2334 2844 »
2361 2791 2707 2846 ἐκδεδώκασι.
2726 2795 2836 2847 Καὶ
2859 2793 3018 2846 πάλιν
3045 2795 3166 2848 άντὶ
3188 2796 3301 2859 τοῦ,
3330 2779 3514 2861 ’ὅπως
3541 2799 3618 2871 μὴ
3637 2816 3765 2853 συν-

2193 2883 2328 2954 αχθῇ
2368 2885 2556 2955 μηδεὶς
2591 2885 2725 2956 μηδὲ
2759 2885 2963 2958 ὑποστῇ
2999 2887 3058 2939 tv
3091 2887 3225 2950 υἱοῖς
3262 2887 3582 2966 άνθρῴπων,
3625 2890 3766 2962 μηδὲ

2193 2975 2476 3049 προσκόψῃ
2505 2975 2617 3039 υίὸς
2644 2975 2953 3048 ἀνθρώπου,
2982 2979 3192 3048 φησὶνό,
3214 2979 3520 3042 Θεοδοτίων,
3542 3000 3560 3032 σ
3579 2982 3673 3044 ’ος
3703 2980 3768 3036 σὺ

2196 3067 2658 3138 μενεῖάνθρωπον,
2677 3068 2769 3121 καὶ
2798 3069 2897 3121 οὑκ
2922 3068 3130 3122 ἐλπίσει
3158 3071 3248 3122 ἐπὶ
3275 3071 3387 3123 υἱὸν
3414 3071 3718 3142 ἀνθρώπου.
3741 3092 3767 3125 ι

2194 3162 2304 3214 Καὶ
2321 3164 2350 3215 ό
2377 3161 2656 3228 Ἀκύλας,‹
2674 3165 2770 3226 Ὃς
2800 3164 2898 3234 οὑχ
2929 3164 3191 3234 ὑπομενεῖ
3212 3153 3398 3236 ἄνδρα,
3434 3167 3527 3220 καὶ
3551 3168 3612 3220 οὑ
3640 3168 3772 3240 περὶ

2195 3255 2343 3317 υἱοὺς
2384 3253 2712 3326 ἀνθρώπων·
2756 3273 2773 3305 9
2812 3254 2879 3307 δι’
2913 3247 2989 3310 ὧν
3020 3257 3169 3309 πᾶσα
3200 3255 3309 3309 τῶν
3336 3258 3643 3311 ἀποστόλων
3670 3259 3770 3312 τοῦ

2192 3345 2439 3418 Σωτῆρος
2463 3346 2619 3417 ήμῶν
2650 3345 2804 3410 ἐλπὶς
2827 3345 2949 3400 οὔτε
2977 3345 3055 3417 (2)
3090 3349 3170 3411 εἰς
3211 3347 3513 3420 ἄνθρωπον,
3548 3350 3661 3404 ἀλλ’
3688 3353 3771 3415 εἰς

2191 3436 2280 3490 τὺν
2297 3438 2525 3509 Σωτῆρα
2556 3440 2649 3492 καὶ
2681 3438 2882 3510 Κύριον
2911 3437 3108 3492 αὐτῶν·
3142 3435 3292 3503 οὗτος
3321 3441 3377 3495 δέ
3389 3437 3455 3512 ῆν
3481 3443 3617 3495 ότοῦ
3633 3444 3770 3498 Θεοῦ

2191 3525 2366 3596 λόγος.
2403 3522 2496 3591 Οἷς
2526 3527 2652 3599 ἑξῆς
2683 3528 2924 3596 ἐπιλέγει
2948 3543 2964 3556 ⁵
3003 3546 3020 3577 ε
3051 3529 3160 3580 Καὶ
3181 3528 3331 3583 ἔσται
3362 3530 3422 3582 τὸ
3457 3533 3770 3602 ὑπόλειμμα

2205 3617 2398 3671 Ἰακὼϐ
2445 3621 2501 3672 ἐν
2533 3623 2644 3682 τοῖς
2687 3619 2912 3679 ἔθνεσιν,
2945 3620 3004 3672 tv
3039 3620 3191 3692 μέσῳ
3235 3621 3378 3674 λαῶν
3427 3622 3656 3686 πολλῶν,
3690 3623 3769 3685 ὡς

2191 3708 2326 3762 λέων
2359 3711 2417 3762 ἐν
2448 3715 2558 3774 τοῖς
2591 3712 2809 3783 κτήνεσι
2837 3711 2930 3764 τοῦ
2955 3711 3180 3782 δρυμοῦ,
3215 3714 3309 3766 καὶ
3337 3713 3412 3775 ὡς
3443 3713 3678 3783 σκύμνος
3709 3716 3768 3766 ἐν

2193 3804 2463 3874 ποιμνίοις
2489 3805 2774 3877 προϐάτων
2794 3822 2806 3835 ’
2839 3804 2898 3858 ὃν
2925 3805 3124 3876 τρόπον
3149 3805 3277 3857 ὅταν
3302 3803 3503 3878 διέλθῃ,
3538 3807 3632 3858 καὶ
3660 3805 3769 3859 δια-

2194 3897 2405 3960 στείλας
2437 3897 2680 3969 άρπάση,
2714 3896 2808 3949 καὶ
2839 3895 2912 3967 μὴ
3007 3897 3035 3948 ὁ
3064 3895 3445 3966 ἐξαιρούμενος
3467 3913 3480 3925 ·
3523 3915 3540 3946 ι
3577 3897 3646 3950 δι’
3687 3891 3767 3951 ὧν

2191 3984 2342 4059 οἶμαι
2364 3985 2652 4058 δηλοῦσθαι
2675 3986 2736 4040 τὸ
2764 3985 3058 4056 θαρσαλέον
3093 3987 3185 4039 καὶ
3217 3986 3632 4054 ἀκατάπληκτον
3669 3987 3765 4040 τοῦ

2193 4079 2548 4135 άποστολικοῦ
2597 4077 2969 4150 κηρύγματος.
3018 4077 3182 4144 Δίκην
3233 4077 3362 4144 γοῦν
3403 4075 3610 4140 λέοντος
3670 4079 3764 4132 καὶ

2195 4172 2432 4243 σκύμνου
2481 4175 2537 4226 tv
2567 4171 2642 4241 τῷ
2677 4169 2865 4243 δρυμῷ
2909 4170 3018 4222 τῶν
3045 4170 3233 4232 ἐθνῶν,
3268 4171 3358 4223 καὶ
3393 4173 3450 4223 ἐν
3495 4175 3612 4235 ταῖς
3653 4173 3766 4226 τῶν

2192 4264 2542 4337 ἀνθρωπίνων
2566 4264 2849 4335 προϐάτων
2881 4263 3103 4332 ἀγέλαις
3140 4263 3498 4328 εἰσϐαλόντες,
3527 4265 3621 4317 καὶ
3650 4265 3762 4318 δια-

2195 4357 2496 4418 στείλαντες
2517 4359 2640 4417 τοὺς
2668 4353 2848 4420 ἀξίους
2875 4355 2983 4406 ἀπὸ
3014 4353 3119 4405 τῶν
3141 4355 3394 4420 ἀναξίων,
3419 4356 3762 4427 ὑπηγάγοντο
3821 4411 3825 4415 ,

2193 4449 2268 4518 τῷ
2291 4447 2526 4518 Χριστοῦ
2557 4446 2698 4516 λόγῳ
2723 4463 2736 4475 ·
2768 4445 2901 4516 πρὸς
2928 4445 2987 4498 ὃν
3013 4446 3137 4514 ἑξῆς
3177 4447 3536 4514 ἁναφωνεῖται
3569 4446 3635 4500 τὰ
3668 4447 3761 4500 ἀπ’

518 4548 777 4603 ruentes,
812 4547 866 4593 et
897 4539 1282 4611 dispertientes
1327 4543 1523 4614 dignos
1567 4545 1635 4598 ab
1679 4544 1919 4614 indignis
1941 4585 1956 4609 ,
1990 4559 2086 4599 eos

2196 4541 2352 4596 αὑτοῦ
2379 4557 2392 4570 ⁸
2427 4559 2446 4591 ι
2493 4537 2869 4608 ’Υψωθήσεται
2917 4539 2951 4608 ἡ
2981 4538 3101 4608 χείρ
3134 4556 3225 4591 σου
3270 4539 3362 4592 ἐπὶ
3401 4540 3527 4602 τοὺς
3558 4538 3749 4592 θλίϐον-

515 4629 720 4686 Christi
755 4629 923 4684 verbo
951 4631 1327 4700 subjecerunt.
1365 4633 1444 4688 Ad
1475 4651 1635 4704 quem
1668 4635 1927 4706 deinceps
1959 4651 2086 4704 pro-

516 4723 786 4785 feruntur,
817 4737 939 4792 quae
969 4723 1040 4776 ab
1077 4723 1196 4792 ipso
1237 4723 1347 4778 sint
1392 4734 1711 4779 manatura:
1747 4744 1764 4776 ι
1797 4727 2087 4781 extolletur

515 4831 710 4869 manus
743 4825 834 4869 tua
865 4831 1030 4886 super
1058 4815 1363 4886 allligentes
1408 4824 1496 4880 te,
1541 4829 1595 4872 et
1633 4833 1828 4873 omnes
1881 4817 2086 4873 inimici

513 4906 589 4959 tni
623 4907 916 4975 perdentur
944 4926 957 4961 :
1000 4927 1018 4958 ι
1048 4908 1195 4976 quod
1232 4909 1573 4978 ipsum'sane
1603 4909 1770 4963 etiam
1800 4909 1976 4965 oculis
2004 4910 2086 4963 in-

513 4999 654 5052 tueri
688 5000 833 5054 licet.
867 5001 1130 5065 Quamvis
1178 5001 1324 5055 enim
1365 5001 1583 5064 multis,
1628 5002 1877 5071 quamvis
1922 5002 2084 5055 innu-

512 5088 872 5146 merabilibus
891 5130 906 5153 ,
935 5091 1144 5147 Christi
1174 5092 1400 5148 verbum
1436 5093 1667 5148 antehac
1699 5092 2083 5162 alﬂigentibus,

511 5187 568 5236 et
596 5180 758 5236 hodie
796 5197 1016 5254 quoque
1055 5185 1498 5257 oppugnantibus
1521 5225 1537 5248 ,
1570 5186 1736 5242 altius
1770 5195 1951 5240 tamen
1998 5201 2082 5256 ip-

513 5289 634 5329 sum
667 5275 838 5341 abiit,
881 5287 936 5332 et
969 5283 1242 5350 potentius
1275 5281 1488 5336 cunctis
1531 5280 1782 5336 eﬁ‘ectum
1821 5289 1925 5336 est.
1977 5277 2084 5336 Sed

2185 4635 2282 4697 τάς
2325 4649 2404 4696 σε,
2441 4631 2534 4685 καὶ
2595 4630 2794 4693 πάντες
2835 4631 2884 4682 οἱ
2918 4631 3096 4699 ἐχθροί
3146 4648 3236 4684 σου
3288 4630 3759 4703 ἐξολοθρευθήσονο

2187 4742 2306 4780 ταιο
2337 4725 2365 4778 ὃ
2391 4725 2483 4778 καὶ
2513 4723 2645 4778 αὑτὸ
2680 4723 2940 4793 πάρεστιν
2970 4722 3266 4793 ὀφθαλμοῖς
3295 4723 3742 4794 παραλαμϐάνειν

2188 4817 2411 4888 Μυρίων
2440 4816 2549 4886 γὰρ
2575 4817 2713 4869 ὅσων
2739 4816 2828 4868 τὸν
2862 4815 3097 4888 Χριστοῦ
3131 4816 3287 4884 λόγον
3317 4813 3639 4884 θλιψάντων,
3671 4817 3758 4868 καὶ

2188 4908 2355 4961 εἰσέτι
2407 4908 2500 4960 νῦν
2554 4906 2950 4977 πολεμούντων,
3007 4905 3292 4978 ὑπερήρθη
3350 4906 3442 4958 καὶ
3501 4904 3757 4974 κρείττων

2187 5001 2402 5054 πάντων
2430 5001 2672 5068 γέγονεν.
2717 4999 2875 5052 Ἀλλὰ
2906 5000 3002 5053 καὶ
3034 4997 3222 5068 ὑψώθη
3269 4999 3300 5067 ἠ
3338 4997 3457 5068 χεὶρ
3486 4995 3580 5048 τοῦ
3630 4997 3753 5065 Χρι·

2186 5091 2311 5146 στοῦ
2365 5091 2506 5146 κατὰ
2553 5092 2771 5145 πάντων
2819 5090 2924 5144 τῶν
2976 5090 3278 5160 θλιψὰντων
3331 5089 3493 5141 αὐτόν
3516 5105 3528 5118 ⁸
3591 5088 3645 5140 οῖ
3702 5104 3763 5139 τε

2185 5185 2367 5258 ἐχθροὶ
2393 5183 2554 5238 αὑτοῦ
2586 5184 2802 5247 πάντες,
2839 5185 2886 5236 οε
2921 5182 3061 5236 κατὰ
3094 5181 3316 5251 χρόνους
3339 5179 3761 5249 ἐπανιστάμενοι

2183 5276 2349 5333 αὑτοῦ
2375 5279 2439 5347 τῇ
2480 5274 2790 5345 Ἐκκλησία,
2819 5271 3356 5343 ἐξολοθρευθήσεσθαι
3385 5271 3655 5339 λέγονται.

512 5369 675 5422 etiam
731 5369 783 5424 in
841 5372 1059 5428 sublimi
1116 5377 1377 5431 collocata
1438 5386 1521 5433 est
1553 5393 1748 5433 manus
1794 5377 2026 5441 Christi,
2088 5384 2280 5430 contra
2311 5391 2501 5430 omnes
2543 5375 2635 5443 qui
2673 5373 2849 5442 ipsum
2897 5370 3228 5425 aﬁlixerint:
3280 5369 3511 5438 ejusque
3551 5361 3754 5420 inimici

515 5459 788 5526 universi,
826 5463 989 5519 variis
1021 5467 1356 5534 temporibus
1392 5475 1583 5523 contra
1613 5467 1732 5538 ejus
1764 5467 2063 5522 Ecclesiam
2094 5466 2440 5534 insurgentes
2461 5507 2474 5532 ,
2510 5462 2768 5534 perdendi
2799 5477 2918 5515 esse
2950 5461 3228 5514 dicuntur.

1041 5555 1149 5610 Lll.
1191 5557 1229 5610 A
1267 5557 1550 5626 Sopltonia.

591 5663 610 5697 ι
639 5645 776 5712 Quia
804 5655 937 5704 tunc
966 5663 1279 5706 convertam
1308 5654 1360 5707 in
1389 5654 1619 5723 pooulos
1646 5654 1884 5725 linguam
1908 5694 1920 5720 ,
1952 5653 2086 5711 utin

588 5736 636 5765 ’³
670 5738 827 5793 Μὶι.Ἰι.
868 5755 922 5800 ν,
963 5739 1076 5796 7-9.

595 5830 668 5901 (li
707 5831 862 5888 Οὐδ’.
892 5828 1049 5892 Forte
1075 5832 1192 5887 οὑκ.
1226 5831 1385 5888 Eutr.
1422 5830 1593 5887 Pun.

2609 5555 2734 5608 NB‘.
2762 5553 2893 5606 Ἀπὸ
2925 5551 3028 5606 τοῦ
3060 5551 3370 5620 Σοφονιόυ.

2325 5650 2447 5704 ’Ὁτι
2483 5647 2601 5700 τότε
2647 5641 3000 5714 μεταστρέψω
3045 5642 3133 5692 ἐπὶ
3181 5641 3339 5702 λαοὺς
3385 5638 3637 5708 γλῶσσαν
3683 5636 3762 5699 εἰς

2264 5827 2339 5893 (ε)
2385 5828 2550 5882 Οὔτε.
2585 5825 2746 5885 Forte
2773 5826 2892 5881 οὐκ.
2921 5825 3075 5884 Enn.
3102 5825 3273 5882 Pun.
