4120 6420
277 381 374 435 [57

1150 376 1802 434 DEMONSTBATIONIS
1847 375 2306 434 EVANGELICAL
2345 381 2473 432 LIB.
2514 384 2579 433 lt.

3385 383 3488 439 158

272 496 430 564 όνομα
461 495 689 566 Κυρίου,
732 490 830 546 τοῦ
862 491 1132 546 δουλεύειν
1174 491 1324 560 αὑτῷ
1369 491 1474 546 ὑπὸ
1505 491 1666 561 ζυγὸν
1708 491 1820 546 ἕνα.

1929 492 2149 546 nomine
2172 489 2386 546 Domini
2419 490 2664 547 serviant
2692 489 2743 544 ei
2771 489 2874 547 sub
2894 490 3028 561 iugo
3056 505 3184 546 uno.
3212 490 3256 546 Α
3288 491 3488 549 finibus

281 585 367 637 Ἐκ
398 584 650 653 περάτων
693 582 954 651 ποταμῶν
995 581 1277 646 Αἰθιοπίας
1309 580 1668 654 προσδέξομαι
1698 583 1822 646 τοὺς

269 676 599 740 ίκετεύοντάς
631 692 696 746 με
720 693 736 706 ·
771 674 878 727 υίοὶ
911 673 1020 727 τῶν
1045 673 1454 745 διεσπαρμένων
1494 674 1697 728 οἰσουσι
1727 673 1820 727 θυ-

267 769 378 832 σίας
423 783 535 838 μοι.
585 767 674 820 Ἐν
704 769 769 838 τῇ
804 766 985 837 ἡμέρα
1013 765 1194 838 ἐκείνῃ
1228 767 1289 820 οὐ
1321 767 1394 839 μὴ
1422 765 1823 837 καταισχυνθμῇς

262 865 321 917 ίκ
351 865 566 917 πάντων
598 863 706 916 τῶν
736 860 1176 934 ἐπιτηδευμάτων
1201 875 1314 923 σου,
1339 852 1414 912 ὧν
1446 858 1718 930 ἠσέϐησας
1745 859 1824 920 εἰς

261 953 383 1024 ἐμέ·
422 953 504 1005 ὅτι
533 953 658 1006 τότε
698 952 931 1024 περιελῶ
969 951 1076 1006 ἀπὸ
1117 949 1211 1004 σοῦ
1241 948 1310 1002 τὰ
1341 948 1685 1020 φαυλίσματα
1723 948 1824 1018 τῆς

261 1043 458 1116 ὕϐρεώς
493 1061 615 1109 σου,
640 1047 734 1100 καὶ
767 1045 953 1098 οὐκέτι
1001 1046 1060 1098 ού
1097 1043 1172 1115 μὴ
1200 1042 1500 1115 προστεθῇς
1525 1042 1619 1096 τοῦ
1657 1059 1822 1114 μιγα-

258 1137 510 1208 ὶαυχῆσαι
545 1141 641 1192 ἐπὶ
668 1140 728 1192 τὺ
752 1139 874 1210 όρος
897 1140 959 1192 τὸ
994 1139 1145 1208 ἅγιόν
1179 1156 1298 1210 μου,
1331 1140 1425 1192 καὶ
1465 1138 1824 1209 ὑπολείψομαι

257 1233 309 1286 ιν
342 1231 598 1285 σοὶ⁰λαδν
638 1235 812 1304 πρᾶον
844 1233 938 1286 καὶ
978 1233 1266 1286 ταπεινόν·
1314 1233 1408 1286 καὶ
1439 1231 1824 1302 εὐλαϐήσονται

257 1323 306 1374 ἐν
327 1321 407 1392 τῷ
426 1321 661 1393 ὀνόματι
691 1323 894 1395 Κυρίου
927 1324 976 1376 oi
1006 1322 1438 1376 κατάλοιποιτοῦ
1475 1321 1706 1393 Ἰσραὴλ,
1731 1321 1826 1374 καὶ

254 1415 310 1467 οὐ
337 1415 660 1482 ποιήσουσιν
688 1413 918 1477 ἀδικίαν,
950 1413 1046 1467 καὶ
1073 1414 1134 1466 οὐ
1157 1413 1446 1484 λαλήσουσι
1481 1413 1704 1483 μάταια,
1735 1412 1827 1464 καὶ

252 1504 310 1558 οὐ
342 1504 414 1576 μὴ
437 1505 644 1576 εὑρεθῇ
679 1507 734 1558 ὲν
768 1505 993 1576 στόματι
1023 1504 1201 1560 αὐτῶν
1221 1503 1438 1574 γλῶσσα
1479 1501 1658 1557 δολία·
1694 1501 1826 1555 διότι

253 1597 396 1652 αὐτοὶ
419 1599 755 1669 νεμήσονται
784 1597 880 1652 καὶ
919 1596 1383 1668 κοιτασθησονται,
1425 1595 1520 1649 καὶ
1550 1595 1651 1648 οὐκ
1675 1593 1828 1647 ἕσται

251 1693 279 1745 ὁ
315 1689 560 1759 ὲκιροϐὦν
615 1689 828 1754 αὐτούς.
873 1707 892 1742 ι
949 1690 1057 1743 Kal
1092 1691 1149 1742 ὲν
1201 1688 1410 1751 τούτοις
1444 1684 1826 1756 ὑπολείψεσθαι

254 1781 423 1851 ἑαυτῷ
459 1781 592 1835 λαὸν
631 1783 815 1855 πραῢν
841 1783 935 1836 καὶ
969 1781 1221 1834 ταπεινὸν
1247 1781 1276 1832 ό
1319 1780 1521 1851 Κύριος
1558 1778 1828 1850 ἐπήγγελ-

1921 582 2204 638 ﬂuminum
2242 583 2534 654 Ethiopiaa
2577 584 2873 654 suscipiam
2909 584 3284 655 supplicantes
3313 586 3444 640 mihi
3474 602 3488 640 :

1921 677 2293 748 dispersorum
2345 677 2523 733 ferent
2568 676 2777 733 hostias
2825 677 2982 731 mihi.
3034 677 3091 732 In
3135 679 3223 734 die
3254 680 3346 734 illa
3377 695 3488 735 non

1922 770 2222 825 erubesces.
2255 785 2319 825 ex
2364 769 2620 824 omnibus
2663 769 2862 825 studiis
2906 771 3046 835 tuis,
3079 771 3280 841 quibus
3325 773 3489 840 impie

1922 861 2079 933 egisti
2109 862 2395 918 adversum
2425 878 2548 929 me;
2580 863 2708 933 quia
2743 868 2872 916 tunc
2921 861 3162 918 auferam
3205 872 3317 921 ate
3361 881 3489 936 pro-

1925 957 2020 1009 bra
2050 955 2395 1011 contumeliae
2425 964 2531 1010 tua:
2551 996 2565 1018 ,
2598 966 2652 1010 et
2682 971 2790 1010 non
2824 957 2966 1010 ultra
3007 954 3234 1026 adjicies
3263 959 3489 1030 gloriari

1924 1061 2092 1116 super
2117 1053 2299 1102 monte
2327 1055 2521 1102 sancto
2551 1062 2709 1111 meo,
2753 1055 2806 1102 et
2849 1047 3154 1118 relinquam
3195 1048 3253 1103 in
3293 1056 3348 1105 te
3387 1065 3491 1120 po-

1925 1139 2109 1207 putum
2169 1146 2515 1193 mansuetum
2571 1146 2626 1192 et
2677 1137 2970 1203 humilem,
3013 1146 3066 1194 et
3117 1139 3389 1194 cavehunt
3431 1140 3493 1196 in

1927 1231 2149 1284 nomine
2194 1229 2450 1293 Domini,
2494 1231 2586 1293 qui
2634 1230 2829 1300 reliqui
2876 1230 3078 1286 fuerint
3105 1247 3169 1286 ex
3203 1231 3406 1299 Israel,
3437 1242 3492 1288 et

1925 1338 2033 1377 non
2062 1322 2265 1378 facient
2295 1323 2646 1393 injustitiam,
2679 1332 2734 1378 et
2767 1339 2873 1377 non
2907 1325 3198 1393 loquentur
3231 1340 3368 1379 vana
3390 1365 3407 1389 ,
3438 1332 3493 1380 et

1925 1430 2036 1469 non
2069 1415 2376 1471 invenietur
2405 1416 2583 1471 inore
2620 1431 2809 1472 eorum
2854 1417 3036 1487 lingua
3078 1416 3308 1484 dolosa;
3354 1431 3494 1488 quo-

1925 1507 2072 1560 niam
2110 1507 2211 1577 ipsi
2251 1515 2543 1577 pascentur
2571 1517 2625 1563 et
2659 1508 2974 1572 cubabunt,
3017 1517 3071 1565 et
3107 1523 3216 1563 non
3251 1509 3356 1564 erit
3396 1508 3494 1580 qui

1925 1603 2198 1653 exterreat
2226 1614 2321 1654 eos
2351 1600 2417 1654 ⁸ο.
2453 1619 2476 1650 ι
2499 1599 2610 1669 83
2638 1599 2696 1652 In
2745 1600 2830 1656 his
2863 1602 2990 1656 item
3032 1601 3346 1656 relicturum
3387 1601 3492 1656 sibi

1929 1689 2182 1757 populum
2203 1697 2544 1744 mansuetum
2571 1699 2625 1743 et
2653 1690 2907 1745 humilem
2932 1690 3191 1747 Dominus
3218 1692 3493 1762 pollicitus

1927 1788 2008 1835 est
2030 1821 2044 1843 ,
2077 1797 2181 1836 non
2215 1783 2380 1835 alium
2415 1785 2605 1854 utique
2635 1784 2952 1854 signiﬁcans
2973 1825 2987 1847 ,
3017 1799 3181 1854 quam
3207 1799 3330 1840 eum
3354 1824 3369 1849 ,
3399 1786 3492 1856 qui

251 1891 355 1936 ται,
382 1875 484 1927 οὐκ
530 1874 695 1928 ἄλλον
740 1874 933 1946 δηλῶν,
970 1875 1002 1945 ἢ
1047 1873 1139 1926 τὸν
1177 1875 1244 1926 ὲκ
1285 1871 1584 1944 περιτομῆς
1619 1872 1700 1933 εἰς
1733 1871 1820 1923 τὸν

1927 1870 1995 1926 de
2021 1872 2441 1929 circumcisione
2468 1875 2520 1928 in
2553 1875 2834 1930 Christum
2863 1876 3035 1946 ipsius
3065 1876 3137 1931 sit
3161 1875 3492 1932 crediturus.

253 1966 477 2037 Χριστὸν
505 1967 676 2020 αὐτοῦ
717 1967 1134 2021 πεπιστευκότα.
1163 1967 1272 2019 Καὶ
1305 1965 1464 2019 πάλιν
1503 1965 1628 2028 τοὺς
1658 1981 1825 2017 κατα-

252 2060 458 2124 λοίπους
502 2062 604 2114 τοῦ
654 2060 866 2132 Ἰσραὴλ
915 2060 1109 2130 μόνους
1149 2057 1487 2130 σωθήσεσθαι
1540 2055 1678 2126 μετά
1719 2055 1824 2124 τῆς

253 2152 350 2207 τῶν
383 2151 592 2206 λοιπῶν
621 2152 787 2206 ἐθνῶν
815 2153 1078 2224 κλήσεως,
1106 2152 1174 2224 ἠν
1217 2152 1278 2205 ὲν
1301 2153 1415 2214 τοῖς
1459 2147 1693 2220 πρώτοις
1723 2148 1824 2219 τῆς

254 2245 586 2316 προφητείας
619 2247 710 2316 ἒσή
720 2262 925 2316 μαινεν.

636 2360 756 2413 Nl".
800 2357 942 2413 Ἀπὸ
973 2358 1077 2412 τοῦ
1110 2357 1426 2428 Ζαχαρίου.

321 2467 339 2499 ι
379 2447 512 2502 ’ἰδοὺ
549 2448 735 2521 ἡμέρα
774 2447 988 2519 ἔρχεται
1017 2451 1075 2502 ὲν
1101 2449 1203 2511 σοὶ,
1227 2448 1320 2502 καὶ
1348 2445 1822 2519 διαμερισθήσεται

251 2539 313 2592 τὰ
342 2537 512 2592 σκῦλά
546 2555 647 2592 σου
681 2540 738 2592 ὲν
773 2541 890 2593 σοί·
924 2541 1018 2594 καὶ
1051 2538 1359 2602 ἐπισυνάξω
1394 2539 1568 2592 πάντα
1597 2536 1666 2590 τὰ
1692 2536 1820 2606 ἔθνη

253 2631 335 2683 ἐπὶ
375 2629 732 2702 Ἰερουσαλὴμ
754 2634 832 2695 εἰς
868 2631 1123 2701 πόλεμον,
1154 2630 1247 2683 καὶ
1281 2627 1544 2683 άλὼσεται
1573 2630 1605 2699 ὴ
1643 2627 1816 2690 πόλις,

253 2721 337 2774 καὶ
365 2721 838 2793 διαρπαγήσονται
875 2721 1062 2785 οἰκίαι,
1111 2722 1205 2774 καὶ
1237 2723 1290 2774 αἰ
1329 2723 1586 2788 γυναῖκες
1627 2719 1819 2789 μολυν-

253 2811 516 2881 θήσονται,
575 2813 667 2866 καὶ
702 2811 1037 2879 ἐξελεύσεται
1069 2812 1130 2864 τὸ
1173 2813 1340 2882 ἥμισυ
1382 2812 1486 2881 τῆς
1527 2810 1730 2873 πόλεως
1763 2812 1820 2862 ἑν

254 2904 614 2976 αἰχμαλωσίᾳ*
655 2907 704 2957 οἱ
745 2904 802 2957 δὲ
847 2904 1161 2958 κατάλοιποι
1209 2903 1304 2957 τοῦ
1348 2903 1478 2957 λαοῦ
1515 2920 1615 2974 μου
1647 2902 1706 2955 οὗ
1747 2901 1820 2973 μὴ

254 2995 788 3067 ὲξολοθρευθήσονται
833 2999 896 3050 ἐκ
936 2997 1038 3067 τῆς
1089 2995 1318 3058 πόλεως.
1377 3015 1396 3046 ι
1449 2987 1672 3066 Συνᾴδει
1727 2995 1820 3047 καὶ

251 3087 407 3138 ταῦτα
434 3088 551 3150 τοῖς
579 3084 1014 3157 προτεθειμένοις
1041 3085 1133 3139 ἐπὶ
1158 3084 1236 3156 τῷ
1257 3083 1461 3155 ὀλέθρῳ
1492 3083 1587 3137 τοῦ
1621 3084 1820 3147 παντὸς

264 3176 517 3231 Ἰουδαίων
565 3176 766 3240 ἔθνους,
811 3177 1119 3248 μετελθόντι
1159 3178 1356 3241 αὐτοὺς
1406 3175 1543 3257 μετά
1582 3176 1681 3248 τὴν
1725 3175 1818 3229 τοῦ
1847 3201 1888 3256 c

254 3269 469 3338 Χριστοῦ
499 3270 802 3341 παρουσίαν
828 3268 1250 3342 πεπληρωμένα.
1280 3268 1433 3322 Μετὰ
1462 3264 1553 3322 οὖν
1584 3267 1682 3340 τὴν
1715 3267 1822 3321 ἀπὸ

256 3358 562 3423 Βαϐυλῶνος
601 3361 856 3413 ἐπάνοδον
884 3361 1056 3414 ταῦτα
1089 3363 1118 3414 ό
1153 3360 1428 3433 Ζαχαρίας
1460 3361 1818 3433 προφητεύει,

256 3449 515 3515 θεσπίζων
559 3452 656 3522 τὴν
691 3453 796 3505 ὑπὸ
846 3453 1129 3523 Ῥωμαίων
1172 3454 1542 3524 γενησομένην
1577 3454 1815 3524 ὑστάτην

257 3542 564 3615 πολιορκίαν
591 3543 684 3597 τοῦ
722 3543 870 3608 λαοῦ,
904 3547 986 3614 ἐφ’
1097 3545 1188 3598 τοῦ
1222 3547 1422 3610 παντὸς
1451 3546 1635 3610 ἔθνους
1687 3547 1819 3599 ’1ου-

255 3634 402 3688 ἂλίων
420 3636 744 3708 ὑποχειρίου
768 3639 878 3698 τοῖς
900 3637 1179 3707 πολεμίοις
1206 3639 1596 3709 γενησομένου,
1630 3640 1822 3710 μόνους

258 3726 888 3796 φησὶξτοὺςκαταλοίπους
908 3727 1001 3781 τοῦ
1022 3728 1151 3781 λαοῦ
1173 3729 1530 3800 σωθήσεσθαι,
1558 3731 1818 3804 ἄντικρυς

255 3819 436 3885 αὐτους
488 3820 616 3884 τοὺς
660 3821 1098 3886 ἀποστόλουςτοῦ
1152 3823 1401 3893 Σωτῆρος
1444 3822 1597 3893 ἡμῶν
1625 3823 1817 3894 δηλῶν.

641 3934 763 3987 NA'.
807 3935 950 3989 Ἀπὸ
985 3935 1092 3990 τοῦ
1127 3936 1422 4005 Ἰερεμίου.

326 4046 342 4077 ι
389 4027 820 4099 Ἐπιστράφητε,
853 4027 961 4079 υίοὶ
993 4027 1380 4095 άιρεσττπκότες,
1411 4027 1558 4096 λέγει
1598 4028 1816 4100 Κύριοςο

258 4115 378 4171 διότι
399 4117 516 4187 ἐγὼ
535 4116 948 4188 κατακυριεύσω
970 4116 1142 4188 ὑμῶν,
1168 4118 1262 4170 καὶ
1276 4117 1513 4188 λήψομαι
1539 4119 1700 4188 ὑμᾶς,
1725 4118 1818 4170 ἕνα

258 4210 316 4261 ἐκ
341 4209 568 4272 πόλεως,
604 4209 695 4261 καὶ
723 4208 815 4261 δύο
838 4209 899 4260 ἐκ
934 4208 1184 4278 πατριᾶςο
1223 4208 1315 4260 καὶ
1346 4207 1545 4274 εἰσάξω
1572 4209 1714 4279 ὑμᾶς
1741 4211 1820 4272 εἰς

259 4298 403 4362 Σιὼν,
428 4301 527 4353 καὶ
555 4298 706 4353 δώσω
731 4301 858 4371 ὑμῖν
880 4300 1144 4372 ποιμένας
1167 4299 1306 4354 κατά
1327 4299 1424 4371 τὴν
1441 4301 1667 4372 καρδίαν
1693 4319 1815 4372 μου,

259 4389 342 4442 καὶ
369 4389 726 4460 ποιμανοῦσιν
752 4392 916 4464 ὑμᾶς,
947 4392 1324 4463 ποιμαίνοντες
1349 4393 1466 4464 μετ’
1488 4393 1812 4464 ἐπιστήμης.

258 4479 357 4534 Kal
413 4483 588 4545 ἔσται,
632 4483 728 4536 ὲάν
777 4484 1137 4556 πληθυνθῆτε,
1183 4485 1277 4537 καὶ
1335 4485 1624 4556 αὐξηθῆτε,
1667 4485 1813 4554 λέγει

259 4572 469 4643 Κύριος,
523 4576 580 4628 ὲν
619 4578 739 4638 ταῖς
779 4575 1012 4649 ἡμέραις
1040 4576 1276 4639 ἐκείναις
1306 4577 1404 4628 οὐκ
1455 4576 1668 4648 ἐροῦσιν
1708 4575 1807 4629 ἔτι·

259 4663 490 4728 Κιϐωτδς
532 4666 804 4738 Διαθήκης
841 4667 1045 4740 Κυρίου
1100 4667 1316 4740 Ἰσραὴλ
1353 4669 1451 4722 οὐκ
1484 4669 1814 4740 ἀναϐήσεται

260 4755 343 4808 ἐπὶ
371 4757 617 4828 καρδίαν,
641 4758 758 4812 οὐδὲ
779 4757 1230 4831 όνομασθήσεται,
1259 4759 1353 4812 xal
1375 4759 1435 4812 οὺ
1459 4758 1812 4829 ποιηθήσεται

259 4845 346 4900 In.
403 4867 423 4899 ι
486 4848 653 4920 Ὀμοῦ
702 4850 794 4902 καὶ
836 4851 894 4904 ἐν
935 4849 1137 4914 τούτοις
1189 4849 1288 4920 τὴν
1343 4849 1674 4921 ἐπιστροφὴν
1719 4849 1812 4902 τοῦ

269 4938 472 5011 Ἰσραὴλ
506 4941 602 5012 τὴν
635 4944 692 4995 ὲν
721 4945 787 5014 τῇ
821 4943 1088 5015 παρουσίᾳ
1117 4941 1211 4996 τοῦ
1243 4942 1494 5014 Σωτῆρος
1518 4943 1673 5014 ἡμῶν
1709 4943 1813 5012 Ἰη-

261 5031 347 5084 σοῧ
375 5032 608 5104 Χριστοῦ
645 5035 1008 5106 γενησομένην
1039 5034 1302 5100 θεσπίζει,
1332 5033 1451 5088 καθ’
1485 5034 1572 5105 ἢν,
1620 5033 1718 5088 ἕνα
1745 5035 1813 5086 ἐκ

260 5124 474 5190 πόλεως,
491 5126 689 5180 καὶδύο
706 5129 768 5179 ὲκ
786 5129 1040 5199 πατριᾶς,
1061 5130 1152 5181 καὶ
1171 5127 1370 5200 σφόδρα
1390 5123 1698 5195 ὀλιγοστοὺς
1716 5127 1809 5179 καὶ

259 5214 461 5288 ἀριθμῷ
488 5217 705 5290 βραχεῖς
734 5219 1108 5291 ἐκλεξάμενος,
1133 5221 1394 5291 ποιμένας
1413 5220 1518 5273 τῶν
1542 5221 1622 5283 είς
1648 5218 1809 5273 αὑτὸν

261 5310 682 5364 πεπιστευκότων
730 5310 897 5364 ἐθνῶν
939 5311 1037 5382 (1),
1073 5313 1167 5365 καὶ
1203 5311 1545 5383 αὐξηθέντων
1576 5311 1670 5364 ἐπὶ
1711 5310 1809 5381 τῆς

266 5397 352 5468 γῆς
368 5403 423 5454 ὲν
439 5403 503 5472 τῇ
525 5401 589 5454 δι’
604 5402 778 5455 αὐτῶν
801 5404 1027 5475 ἐσομένη
1059 5405 1246 5474 κλήσει
1270 5422 1378 5456 των
1401 5403 1587 5457 ἐθνῶνο
1618 5422 1635 5454 ι
1663 5403 1805 5456 Οὐκ-

265 5489 351 5554 ίτι,
368 5495 544 5563 φησὶν,
562 5493 792 5566 ἐροῦσιν
811 5498 1053 5562 Κιϐωτδς
1071 5498 1339 5568 Διαθήκης
1356 5497 1576 5568 Κυρίου·
1593 5515 1610 5547 ›
1627 5495 1808 5549 οὐκέτι

267 5584 357 5653 γὰρ
387 5586 477 5638 ἑπί
508 5584 605 5649 τὰς
629 5586 868 5652 Μωσέως
896 5589 1325 5660 ἁναδραμοῦνται
1357 5587 1810 5660 σωματικωτέοας

1926 1962 1991 2015 Et
2021 1978 2213 2018 rursus
2242 1977 2337 2018 eos
2369 2005 2383 2030 ,
2416 1965 2508 2034 qui
2548 1965 2746 2034 reliqui
2783 1966 2983 2022 iuerint
3011 1982 3078 2022 ex
3111 1965 3274 2022 Israel
3296 2007 3312 2031 ,
3349 1968 3494 2024 solos

1925 2054 2109 2110 salvos
2135 2053 2349 2110 futuros
2373 2095 2386 2114 .
2425 2071 2549 2110 cum
2595 2057 2929 2127 reliquarum
2973 2059 3216 2128 gentium
3252 2061 3494 2115 vocatio-

1923 2162 2021 2211 ne,
2058 2163 2220 2218 quam
2256 2149 2410 2203 initio
2443 2151 2743 2220 prophetia:
2775 2150 3124 2220 significavit.

2435 2347 2567 2406 LIII.
2617 2349 2660 2403 Α
2700 2348 2745 2402 Ζ
2747 2349 2984 2405 acharia.

1999 2456 2017 2487 ι
2047 2436 2187 2493 Ecce
2212 2437 2329 2494 dies
2359 2439 2538 2494 veniet
2565 2440 2619 2494 in
2649 2448 2721 2505 te,
2754 2448 2809 2496 et
2855 2441 3172 2497 dividentur
3196 2444 3368 2514 spolia
3402 2453 3495 2500 tua

1922 2528 1976 2582 in
2009 2536 2061 2584 te
2094 2549 2106 2583 :
2138 2537 2192 2584 et
2221 2531 2560 2601 congregabo
2606 2545 2798 2586 omnes
2829 2539 3018 2602 gentes
3059 2534 3115 2588 in
3156 2532 3494 2592 Hierusalem

1923 2619 1988 2674 ad
2029 2621 2248 2686 bellum,
2295 2629 2348 2676 et
2387 2624 2633 2693 capietur
2677 2624 2892 2684 civitas.
2945 2634 2999 2680 et
3039 2625 3366 2696 diripientur
3393 2629 3494 2684 doc

1921 2728 2065 2775 mus,
2096 2720 2151 2768 et
2175 2713 2431 2769 mulieres
2455 2715 2906 2786 inquinabuntur,
2933 2724 2983 2773 et
3009 2717 3177 2773 exibit
3209 2718 3494 2774 dimidium

1920 2804 2158 2860 civitatis
2189 2806 2244 2860 in
2273 2807 2590 2877 captivitate
2620 2827 2632 2862 :
2666 2809 2860 2879 reliqui
2894 2825 3025 2864 vero
3048 2826 3115 2866 ex
3147 2812 3346 2881 populo
3371 2827 3495 2866 meo

1920 2908 2030 2948 non
2076 2893 2372 2965 perdentur
2414 2895 2482 2952 de
2529 2896 2750 2953 civitate
2770 2898 2839 2954 ⁸¹.
2871 2918 2892 2950 ι
2938 2899 3320 2956 Consentanea
3368 2909 3499 2956 sunt

1921 2984 2036 3040 haec
2080 2985 2148 3040 iis
2177 3001 2300 3055 qua:
2347 2986 2628 3056 proposita
2683 3000 2814 3042 sunt
2842 2988 2909 3044 de
2957 2989 3180 3045 interitu
3227 2992 3498 3048 universa:

1922 3078 2159 3134 nationis
2183 3076 2516 3143 Judaaorum,
2537 3077 2628 3148 qui
2661 3079 2728 3133 ad
2756 3081 2876 3136 illas
2905 3090 3027 3151 post
3055 3081 3260 3138 Christi
3291 3083 3496 3140 adven-

1921 3178 2035 3224 tum
2072 3171 2336 3239 pervenit.
2379 3170 2505 3226 IIaac
2547 3173 2694 3227 enim
2745 3171 3040 3230 Zacharias
3092 3183 3215 3245 post
3262 3175 3496 3233 reditum

1922 3265 1990 3320 de
2036 3264 2307 3335 Babylone
2343 3267 2694 3328 vaticinatur,
2744 3282 2949 3322 canens
2990 3277 3289 3324 extremam
3347 3271 3494 3326 illam

1923 3357 2105 3426 populi
2135 3359 2518 3423 vastationem,
2551 3376 2673 3430 qua:
2695 3376 2727 3414 a
2756 3359 3020 3417 Romanis
3047 3361 3329 3418 inferenda
3355 3375 3494 3431 erat,

1922 3453 1977 3505 in
2006 3465 2114 3522 qua
2150 3466 2274 3506 cum
2312 3459 2424 3507 tota
2450 3451 2677 3508 Judaica
2705 3469 2838 3526 gens
2873 3456 2927 3509 in
2970 3455 3207 3511 hostium
3251 3467 3494 3529 potesta-

1922 3550 2028 3598 tem
2060 3552 2288 3598 ventura
2321 3555 2486 3610 esset,
2522 3545 2670 3600 solos
2707 3559 2805 3599 eos
2852 3543 3010 3610 dicit,
3045 3546 3138 3616 qui
3181 3546 3249 3602 de
3295 3548 3495 3618 popqu

1919 3635 2113 3704 reliqui
2147 3635 2369 3698 fuerint,
2401 3638 2582 3694 salvos
2614 3636 2732 3692 fore
2767 3657 2780 3692 :
2807 3637 2890 3694 sic
2911 3653 3042 3693 sane
3064 3639 3342 3710 apostolos
3377 3639 3497 3694 Sal-

1923 3727 2124 3782 vatoris
2156 3729 2328 3783 nostri
2351 3729 2694 3799 apertissime
2722 3729 3067 3801 signiﬁcans.

2421 3928 2556 3983 LIV.
2612 3929 2691 3982 Ab
2730 3928 2986 3984 Ieremia.

1995 4037 2014 4071 ι
2047 4020 2462 4088 Convertimini,
2506 4022 2624 4086 lilii,
2657 4022 2750 4092 qui
2797 4020 3098 4087 defecistis,
3143 4020 3278 4075 dicit
3319 4019 3496 4078 Domi-

1920 4127 2066 4178 nus;
2123 4113 2379 4181 quoniam
2419 4126 2521 4182 ego
2559 4111 2883 4166 dominahor
2927 4112 2982 4165 in
3020 4111 3196 4175 vobis,
3249 4119 3304 4166 et
3349 4114 3496 4167 acci-

1918 4205 2064 4277 piam
2087 4221 2208 4269 vos,
2247 4221 2415 4260 unum
2452 4207 2518 4261 de
2559 4206 2799 4271 civitate,
2829 4213 2884 4260 et
2909 4208 3049 4262 duos
3077 4204 3145 4261 de
3181 4204 3406 4271 familia,
3441 4217 3491 4263 et

1920 4297 2186 4352 adducam
2220 4313 2316 4353 vos
2357 4299 2412 4352 in
2444 4297 2598 4363 Sion,
2645 4307 2698 4353 et
2727 4298 2869 4353 dabo
2918 4298 3071 4354 vobis
3108 4306 3358 4367 pastores
3405 4316 3494 4355 se-

1919 4392 2157 4444 cundum
2189 4405 2282 4443 σοι·
2315 4405 2515 4455 meum,
2547 4399 2601 4444 et
2636 4399 2862 4460 pascent
2896 4405 3014 4454 VOS,
3047 4398 3332 4460 pascentes
3366 4406 3491 4447 cum

1921 4483 2168 4538 scientia.
2221 4480 2285 4536 Et
2315 4482 2438 4546 erit,
2471 4497 2595 4537 cum
2645 4482 2993 4553 multiplicati
3024 4482 3242 4538 fueritis
3285 4492 3338 4538 et
3368 4499 3488 4538 cre-

1917 4575 2126 4638 veritis,
2175 4573 2307 4629 dicit
2351 4574 2638 4638 Dominus,
2665 4574 2724 4646 in
2775 4573 2970 4630 diebus
3019 4575 3131 4631 illis
3167 4591 3278 4630 non
3308 4575 3490 4630 dicent

1915 4666 2150 4737 amplius
2196 4685 2208 4720 :
2247 4681 2376 4720 arca
2437 4664 2772 4721 Testamenti
2837 4666 3051 4722 Domini
3113 4669 3311 4734 Israel,
3379 4685 3489 4726 non

1915 4759 2172 4815 ascendet
2228 4760 2282 4814 in
2335 4773 2452 4822 cor,
2487 4774 2663 4828 neque
2710 4760 3107 4822 nominabitur,
3153 4770 3208 4815 et
3247 4776 3356 4814 non
3399 4761 3490 4816 [let

1916 4851 2230 4922 amplius“.
2265 4870 2283 4902 ι
2319 4849 2376 4905 In
2408 4851 2494 4906 his
2518 4866 2738 4921 quoque
2769 4853 3182 4906 conversionem
3212 4851 3401 4917 Israel,
3430 4853 3485 4907 in

1915 4943 2153 4998 adventu
2185 4941 2485 4997 Salvatoris
2521 4945 2692 4998 nostri
2728 4940 2857 4998 Jesu
2888 4941 3095 4996 Christi
3124 4941 3360 4996 futuram
3392 4959 3458 4999 ca

1914 5037 2014 5100 nit,
2045 5035 2102 5088 in
2137 5048 2266 5104 qua,
2301 5047 2425 5086 cum
2473 5047 2641 5086 unum
2690 5031 2756 5085 de
2793 5030 3010 5085 civitate
3038 5038 3092 5082 et
3133 5030 3271 5084 duos
3305 5030 3372 5085 de
3407 5030 3487 5084 fa—

1914 5126 2084 5190 milia,
2119 5132 2172 5180 et
2204 5123 2360 5180 valde
2388 5139 2590 5194 paucos
2644 5131 2698 5179 et
2730 5137 2957 5176 numero
2985 5121 3212 5192 exiguos
3239 5121 3482 5194 elegerit,

1911 5232 2101 5273 earum
2131 5233 2251 5288 qua:
2279 5217 2334 5271 in
2369 5217 2546 5287 ipsum
2573 5214 2903 5271 crediderint
2939 5214 3180 5285 gentium
3213 5224 3481 5284 pastores.

1912 5324 2146 5380 cumque
2175 5309 2229 5363 in
2273 5319 2417 5364 terra
2463 5316 2650 5378 gentes
2684 5307 2736 5361 in
2769 5321 2866 5361 sua
2905 5305 3145 5376 ipsarum
3176 5303 3358 5360 futura
3391 5320 3483 5359 vo-

1913 5405 2130 5458 catione
2161 5403 2435 5458 creverint
2471 5422 2483 5456 :
2532 5421 2549 5453 ι
2579 5400 2697 5456 Non
2752 5401 2916 5464 ultra,
2953 5401 3149 5471 inquit,
3178 5399 3248 5454 ab
3284 5398 3366 5454 eis
3399 5398 3482 5452 di-

1915 5505 2090 5561 cetur,
2141 5511 2269 5551 arca
2307 5493 2640 5550 Testamenti
2677 5492 2932 5559 Domini;
2967 5515 2984 5545 ι
3040 5509 3148 5547 non
3179 5491 3324 5547 enim
3364 5506 3479 5544 am-

1917 5590 2060 5659 plius
2093 5590 2160 5644 ad
2210 5588 2410 5660 Moysis
2443 5587 2756 5658 corporales
2803 5587 3147 5644 adorationes
3176 5591 3478 5650 recurrent,

318 5735 361 5767 ⁸⁸
390 5737 626 5811 SOphon.
659 5757 742 5806 ill,
784 5742 933 5798 9-15.
1007 5744 1049 5776 ‘“
1100 5743 1326 5799 Zachar.
1365 5761 1476 5809 xxv,
1501 5745 1627 5815 ιβ.
1703 5746 1746 5778 ⁸³
1776 5744 1820 5799 ιι

1920 5743 1983 5796 ΙΙ.
2023 5745 2206 5800 Η-ίϐ.

322 5853 396 5924 ll)
431 5854 588 5914 Deest
623 5859 824 5927 aliquid
856 5859 922 5916 ad
945 5860 1356 5919 sulfulciendam
1379 5863 1724 5928 sententiam,
1758 5860 1820 5919 ἴοι

1927 5863 2276 5936 καταστήσει.
2301 5862 2399 5920 Eo.
