4120 6420
568 379 673 437 159

1203 378 1474 436 EUSEBII
1511 373 1987 433 CASSARIENSIS
2026 372 2174 429 OPP.
2219 370 2395 427 PARS
2430 368 2491 424 II.
2531 399 2605 410 —-
2637 366 3132 438 APOLOGETICA.

3698 367 3797 419 160

568 509 757 570 utpote
823 518 946 562 cum
996 503 1076 560 eis
1153 513 1383 556 novum“
1419 499 1742 556 tradendum
1806 499 1877 554 sit
1937 497 2132 552 Testa-

2241 491 2566 565 θρησκείας,
2623 491 2715 544 ἅτε
2756 490 2945 557 καινῆς
3001 486 3271 558 Διαθήκης
3325 487 3506 548 αὐτοῖς
3563 484 3797 554 magnﬁc—

569 600 830 646 mentum.

1069 683 1180 756 84
1201 683 1312 740 LV.
1338 683 1416 737 Ab
1443 682 1640 737 eodem.

645 799 665 834 ι
696 777 1190 847 Multiplicaverunt
1227 777 1535 846 impietates
1582 788 1742 838 suas,
1788 771 2135 830 invaluerunt

572 875 627 930 in
660 870 1038 927 aversionibus
1068 869 1205 925 suis.
1241 868 1489 933 Quanam
1528 882 1594 922 ex
1626 865 1712 920 bis
1741 864 2007 936 propitius
2036 878 2134 921 ero.

569 962 708 1018 tibi?
751 961 848 1015 lilii
888 960 968 1014 tui
1010 958 1419 1029 dereliquerunt
1463 971 1571 1019 me,
1625 962 1680 1011 et
1717 955 2037 1025 iuraverunt
2077 952 2134 1007 in

571 1053 659 1117 iis,
689 1052 786 1123 qui
817 1051 893 1106 dii
930 1065 1038 1106 non
1083 1057 1232 1117 sunt,
1280 1059 1336 1104 et
1372 1047 1615 1106 saturavi
1647 1061 1762 1111 eos,
1793 1055 1845 1100 et
1878 1043 2133 1107 mmchati

572 1151 726 1205 sunt,
771 1147 826 1195 et
851 1141 908 1194 in
945 1139 1198 1194 domibus
1233 1144 1540 1195 scortorum
1571 1134 1966 1204 habitaverunt,
2008 1131 2138 1202 equi

578 1233 805 1288 libidine
863 1231 1057 1302 perciti
1099 1237 1425 1293 evaserunt,
1471 1226 1851 1298 unusquisque
1889 1225 1956 1279 ad
1998 1239 2137 1279 uxo-

571 1341 688 1380 rem
723 1324 960 1395 proximi
993 1323 1266 1378 hinnitum
1295 1323 1477 1378 emisit
1505 1341 1518 1376 :
1553 1320 1799 1392 nunquid
1825 1334 1934 1383 non
1974 1333 2140 1388 super

572 1415 660 1470 his
698 1413 974 1470 visitabo?
1013 1414 1146 1468 dicit
1171 1413 1457 1478 Dominus,
1495 1429 1563 1467 an
1594 1413 1662 1468 in-
1691 1419 1848 1483 gente
1885 1411 1979 1466 tali
2028 1425 2137 1464 non

574 1502 870 1557 ulciscetur
928 1502 1109 1556 anima
1165 1501 1325 1558 mea?
1389 1502 1681 1567 Ascendite
1735 1501 2137 1572 propugnacula

572 1592 716 1662 ejus,
751 1601 804 1648 et
825 1592 1073 1662 jugulate
1103 1611 1114 1646 :
1143 1594 1672 1649 consummationem
1698 1608 1829 1648 vero
1858 1609 1927 1648 ne
1956 1593 2134 1657 facile,

572 1684 864 1754 relinquite
882 1684 1196 1751 fulcimenta
1211 1684 1352 1755 ejus,
1372 1685 1631 1755 quoniam
1650 1683 1864 1739 Domini
1884 1685 2096 1741 sunt“.
2113 1707 2130 1738 ι

573 1776 635 1830 In
677 1776 764 1831 his
806 1776 992 1838 simul,
1035 1783 1088 1830 et
1120 1777 1396 1834 accusatio
1437 1777 1606 1834 totius
1649 1776 1890 1832 nationis
1925 1792 2136 1842 eorum,

2241 585 2307 656 θη
2315 583 2564 654 σομένης.

2679 673 2812 726 ME’.
2861 667 3001 723 Ἀπὸ
3030 669 3135 723 τοῦ
3173 667 3376 723 αὑτοῦ.

2315 786 2334 820 ι
2369 764 2702 837 Ἐπλήθυναν
2720 759 2972 823 ἀσέὸείας
2990 758 3186 824 αὐτῶν,
3206 757 3430 828 ἴσχυσαν
3445 758 3500 810 ὲν
3526 759 3644 820 ταῖς
3662 757 3799 809 ἀπο-

2242 860 2501 931 στροφαῖς
2525 855 2724 910 αύτῶν.
2747 854 2894 924 Ποίῳ
2925 851 3128 905 τούτων
3149 851 3305 913 ἵλεως
3324 849 3514 921 ἔσομαί
3538 866 3617 903 σοι
3640 867 3654 913 ;
3683 848 3799 902 Υίοί

2242 969 2333 1004 σου
2356 947 2709 1015 ὲγκατέλιπόν
2739 963 2826 1017 με,
2845 946 2939 998 καὶ
2954 943 3166 1014 ὤμνυον
3183 943 3240 995 ὲν
3257 946 3368 1006 τοῖς
3381 943 3482 996 οὐκ
3500 937 3615 995 οὖσι
3635 941 3798 1006 θεοῖς,

2239 1044 2335 1097 καὶ
2375 1043 2645 1114 ὲχόρτασα
2673 1039 2890 1102 αὐτοὺς,
2931 1038 3028 1092 καὶ
3061 1036 3374 1107 ἐμοιχῶντο,
3415 1035 3506 1088 καὶ
3545 1036 3602 1086 έν
3632 1034 3802 1099 οἴκοις

2240 1135 2451 1207 πορνῶν
2485 1132 2831 1188 κατελύοσαν·
2887 1131 3042 1183 ἵπποι
3075 1129 3398 1200 θηλυμανεῖς
3445 1125 3801 1197 ἐγενήθησαν,

2236 1231 2466 1292 ’ἕκαστος
2499 1226 2592 1280 ἐπὶ
2628 1225 2726 1298 τὴν
2756 1226 2986 1292 γυναῖκα
3024 1220 3117 1274 τοῦ
3158 1221 3380 1292 πλησίον
3427 1216 3800 1289 ἐχρεμέτιζον.

2237 1323 2332 1394 Μὴ
2378 1321 2470 1373 ἐπὶ
2507 1318 2714 1380 τούτοις
2744 1317 2844 1370 οὐκ
2886 1313 3271 1384 ἐπισκέψομαι,
3321 1311 3466 1380 λέγει
3503 1310 3724 1380 Κύριος,
3765 1307 3802 1380 ἢ

2239 1414 2297 1466 ὲν
2345 1411 2487 1464 ἔθνει
2538 1410 2614 1480 τῷ
2665 1413 2886 1477 τοιούτῳ
2938 1410 3038 1463 οὐκ
3083 1406 3358 1476 ἐκδικήσει
3409 1406 3442 1474 ἡ
3475 1402 3620 1474 ψυχή
3667 1416 3801 1472 μους

2251 1503 2512 1574 Ἀνάὸητε
2536 1503 2627 1556 ἐπὶ
2647 1503 2771 1567 τοὺς
2791 1501 3157 1573 προμαχῶνας
3189 1498 3376 1571 αὐτῆς,
3401 1497 3494 1550 καὶ
3519 1493 3805 1563 κατασφά-

2241 1596 2386 1663 ξατε.
2434 1594 2748 1648 Συντέλειαν
2779 1595 2837 1648 δὲ
2888 1596 2958 1666 μὴ
3003 1595 3285 1664 ποιήσητε⁹
3329 1587 3684 1643 ὑπολείπεσθε
3734 1586 3808 1641 τά

2241 1686 2693 1766 ὑποστηρίγματα
2717 1685 2904 1755 αύτῆςο
2939 1685 3019 1738 ὅτι
3044 1683 3137 1742 τοῦ
3161 1681 3365 1754 Κυρίου
3393 1679 3517 1734 είσί.
3550 1699 3568 1731 ι
3604 1679 3712 1732 Καὶ
3745 1680 3806 1730 έν

2241 1779 2447 1842 τούτοις
2466 1777 2600 1848 ὀμοῦ
2619 1777 2920 1848 κατηγορία
2944 1776 3037 1835 τοῦ
3059 1775 3258 1838 παντὸς
3278 1773 3461 1836 ἔθνους
3482 1771 3678 1833 αὐτῶν,
3710 1771 3802 1823 καὶ

574 1876 629 1921 et
681 1881 801 1936 quae
851 1881 944 1921 eos
989 1866 1262 1936 oppressit
1305 1865 1519 1921 obsidio
1566 1866 1960 1922 indicaturzet
2002 1883 2137 1936 prae-

2240 1874 2270 1941 ὴ
2302 1870 2628 1943 μετελθοῦσα
2667 1869 2862 1931 αὐτοὺς
2893 1869 3177 1940 πολιορκία
3214 1865 3483 1938 δηλοῦται,
3520 1866 3612 1918 καὶ
3643 1863 3805 1917 πάλιν

575 1965 724 2012 terea
767 1957 1069 2020 residuum,
1100 1957 1246 2024 quod
1283 1955 1658 2013 fulcimentum
1687 1957 1806 2026 ejus
1847 1957 2090 2011 nominat
2122 1976 2137 2012 :

575 2062 699 2102 cum
747 2044 919 2117 ip'sius
961 2046 1174 2101 Domini
1219 2049 1311 2108 sit.
1365 2046 1482 2103 Hoc
1528 2063 1658 2103 vero
1703 2047 1984 2103 residuum
2016 2047 2137 2112 fuit,

577 2135 718 2205 quod
750 2151 815 2190 ex
845 2135 948 2190 ﬁde
978 2150 1138 2204 quam
1172 2136 1226 2190 in
1260 2136 1542 2192 Christum
1571 2137 1664 2194 Dei
1695 2139 1902 2202 habuit,
1935 2137 2139 2193 contir-

577 2236 778 2280 matum
836 2211 1238 2294 solid‘atumque
1271 2234 1376 2290 est,
1413 2234 1473 2280 ut
1497 2244 1566 2283 ne
1599 2229 1665 2282 iis
1697 2229 1894 2284 similia
1924 2237 2141 2299 patere-

577 2326 683 2381 tur,
714 2331 836 2386 quae
871 2316 1128 2370 universa
1164 2317 1254 2370 illa
1289 2332 1424 2387 gens
1465 2333 1719 2387 perpessa
1753 2328 1858 2374 est.

1068 2408 1203 2464 LVI.
1248 2410 1324 2462 Ab
1359 2409 1651 2466 Ezechiele.

651 2517 670 2551 ι
711 2499 776 2555 Ει
803 2500 1002 2556 cadent
1028 2501 1298 2567 vulnerati
1329 2502 1387 2556 in
1419 2502 1596 2557 medio
1621 2504 1812 2569 vestri,
1850 2511 1905 2561 et
1932 2519 2140 2573 cogno-

578 2592 745 2646 scetis
775 2591 920 2662 quod
961 2606 1062 2663 ego
1099 2591 1384 2658 Dominus,
1430 2609 1554 2648 cum
1595 2593 1830 2648 abierint
1860 2594 1928 2648 de
1963 2594 2139 2658 vobis,

577 2684 668 2752 qui
712 2683 1091 2738 liberabuntur
1135 2699 1164 2738 a
1214 2685 1394 2754 gladio
1443 2685 1513 2739 ad
1543 2693 1753 2755 gentes,
1801 2691 1854 2739 et
1893 2699 2015 2738 cum
2046 2700 2143 2741 vos

577 2773 808 2843 dispersi
831 2773 983 2829 eritis
1015 2788 1112 2844 per
1142 2774 1413 2844 regiones,
1451 2781 1506 2829 et
1544 2774 1975 2832 recordabuntur
2011 2775 2138 2838 mei,

576 2865 669 2936 qui
715 2865 930 2919 liberati
963 2873 1125 2920 erunt
1171 2881 1238 2919 ex
1286 2865 1440 2921 vobis
1473 2865 1528 2919 in
1578 2865 1852 2935 gentibus,
1893 2864 1962 2918 ad
2005 2880 2141 2936 quas

575 2955 775 3025 Captivi
805 2955 955 3010 ducti
1005 2955 1201 3010 sint”.
1237 2975 1256 3006 ι
1301 2954 1526 3008 Videtur
1560 2970 1691 3010 sane
1723 2956 1811 3010 hic
1844 2955 1975 3009 mihi
2007 2970 2142 3025 quo-

575 3064 681 3116 que
720 3048 1057 3103 concordare
1087 3047 1176 3112 iis,
1207 3047 1300 3118 qui
1332 3063 1362 3100 a
1397 3047 1622 3117 reliquis
1658 3048 1955 3118 prophetiis
1987 3063 2142 3103 acce—

577 3147 668 3210 pta
719 3147 846 3195 sunt
879 3157 892 3192 :
923 3154 1019 3194 eos
1071 3139 1214 3194 enim
1250 3140 1343 3209 qui
1383 3139 1592 3193 liberati
1631 3147 1826 3204 erunt,
1871 3155 2136 3210 quosnam

576 3231 712 3285 alios
739 3229 965 3296 dixeris,
997 3231 1100 3284 nisi
1131 3230 1278 3300 quod
1324 3230 1381 3284 in
1425 3231 1658 3294 caeteris,
1701 3232 2001 3296 residuum,
2042 3248 2138 3287 seu

577 3322 871 3390 reliquum,
906 3331 959 3376 et
989 3323 1154 3385 stilla,
1176 3331 1230 3378 et
1259 3337 1373 3388 ros,
1406 3323 1591 3393 populi
1619 3323 1764 3379 illius
1797 3325 2141 3380 nominatur?

577 3416 777 3486 quibus
812 3415 998 3485 utique
1030 3413 1586 3478 denominationibus,
1623 3417 1993 3486 apostolorum
2023 3416 2142 3470 Sal-

579 3508 784 3562 vatoris
813 3507 987 3562 nostri
1009 3515 1314 3562 conventus
1344 3506 1636 3561 indicatur.
1667 3507 1732 3561 lli
1771 3524 1900 3578 ergo
1930 3509 2140 3572 liberati

579 3597 652 3654 ab
687 3599 910 3653 interitu
945 3598 1214 3655 universa:
1253 3599 1469 3653 illorum
1513 3599 1751 3656 nationis
1791 3607 1845 3654 et
1872 3615 1902 3653 a
1930 3601 2141 3671 disper-

581 3689 734 3742 sione
769 3689 1003 3755 illorum,
1036 3689 1310 3746 recordati
1351 3697 1479 3744 sunt
1513 3688 1628 3753 Dei,
1662 3698 1721 3744 ut
1769 3691 1841 3744 sit
1873 3692 2140 3764 conﬁten-

580 3779 731 3844 dum,
773 3795 836 3835 ea
867 3796 989 3851 qua;
1017 3781 1219 3851 scripta
1245 3788 1394 3842 sunt,
1420 3781 1487 3836 de
1525 3782 1609 3835 bis
1638 3781 1806 3837 fuisse
1834 3781 1998 3851 dicta.

1112 3896 1270 3952 LVII.
1310 3897 1389 3952 Ab
1407 3904 1605 3953 eodem.

657 4009 674 4043 ι
702 3992 828 4046 Hmc
857 3990 990 4056 dicit
1034 3990 1244 4046 Adonai
1292 3991 1554 4048 Dominus
1583 4011 1594 4046 :
1621 3992 1896 4062 Expellam
1943 4009 2038 4054 eos
2073 3994 2148 4048 ad

580 4091 788 4152 gentes,
822 4090 877 4137 et
905 4083 1214 4153 dispergam
1247 4099 1343 4139 eos
1374 4086 1429 4137 in
1459 4098 1648 4140 omnes
1679 4085 1950 4151 nationes,
1981 4093 2034 4140 et
2059 4085 2142 4140 di-

580 4188 828 4243 spergam
861 4189 956 4229 eos
985 4173 1040 4227 in
1073 4190 1290 4229 omnem
1324 4183 1522 4230 terram
1551 4195 1562 4228 :
1591 4183 1645 4228 et
1671 4190 1764 4230 ero
1802 4175 1881 4230 eis
1921 4177 1975 4229 in
2015 4191 2143 4231 san-

578 4262 962 4318 ctiﬁcationem
996 4280 1218 4335 parvam
1254 4267 1310 4320 in
1334 4265 1671 4336 regionibus,
1703 4282 2030 4336 quocunque
2057 4268 2141 4322 in-

579 4356 753 4424 gressi
790 4355 988 4412 iuerint
1036 4357 1185 4410 illuc.
1219 4376 1238 4408 ›
1280 4356 1380 4411 ilic
1405 4372 1622 4427 quoque
1650 4358 1757 4425 alio
1784 4358 2005 4412 nomine
2047 4374 2142 4414 eos

576 4447 810 4509 vocavit,
842 4448 934 4502 ubi
965 4448 1451 4504 sanctiﬁcationem
1480 4465 1700 4518 parvam
1734 4449 1891 4515 dixit,
1924 4464 2018 4504 eos
2047 4448 2141 4519 qui

2238 1964 2298 2016 τὸ
2329 1964 2696 2034 κατάλειμμα,
2735 1963 2871 2031 ὅπερ
2905 1962 3182 2032 στήριγμα
3221 1958 3390 2028 αὐτῆς
3421 1956 3674 2028 ὀνομάζει
3706 1954 3804 2007 τοῦ

2238 2054 2440 2125 Κυρίου
2472 2054 2748 2121 τυγχάνον.
2797 2048 2964 2104 Τοῦτο
3006 2049 3062 2102 δὲ
3099 2044 3168 2119 ἦν
3209 2047 3271 2100 τὺ
3308 2045 3394 2099 διὰ
3439 2044 3541 2113 τῆς
3583 2045 3660 2106 είς
3709 2042 3802 2096 τὸν

2238 2141 2470 2212 Χριστὸν
2485 2139 2576 2193 τοῦ
2598 2139 2731 2192 Θεοῦ
2748 2139 2983 2201 πίστεως
3017 2135 3330 2206 δυναμωθὲν
3355 2136 3448 2189 καὶ
3477 2133 3800 2204 στερῥωθὲν,

2237 2232 2312 2293 ὡς
2335 2230 2467 2302 μηδὲ
2489 2230 2556 2283 τὰ
2587 2231 2748 2300 ὅμοια
2785 2230 3092 2299 ὑπομεῖναι,
3116 2222 3196 2290 οἷς
3222 2226 3284 2279 τὸ
3314 2228 3420 2279 πᾶν
3449 2225 3599 2288 ἔθνος
3623 2222 3804 2278 αὐτῶν

2238 2319 2544 2373 ἐπεπόνθει.

2616 2412 2758 2478 NG’.
2819 2409 2951 2466 Ἀπὸ
2985 2411 3090 2464 τοῦ
3135 2408 3419 2476 Ἐζεκιήλ.

2315 2522 2333 2556 ι
2369 2504 2480 2557 Ka‘t
2516 2504 2804 2575 πεσοῦνται
2837 2501 3169 2574 τραυματίαι
3203 2503 3261 2555 ὲν
3300 2502 3446 2573 μέσῳ
3492 2500 3666 2571 ὑμῶν,
3708 2500 3805 2554 καὶ

2238 2594 2622 2662 ἐπιγνώσεσθε,
2667 2595 2747 2648 ὅτι
2790 2593 2898 2662 ἐγὼ
2946 2593 3170 2665 Κύριος,
3211 2594 3268 2646 ὲν
3311 2593 3390 2664 τῷ
3441 2592 3689 2662 γενέσθαι
3742 2592 3804 2656 ἐξ

2240 2686 2392 2759 ὑμῶν
2438 2684 2879 2756 ἀνασωζομένους
2923 2687 2987 2737 ὲκ
3032 2685 3306 2756 ῥομφαίας
3348 2686 3403 2736 ὲν
3445 2686 3556 2746 τοῖς
3603 2681 3801 2742 ἔθνεσι.

2240 2781 2334 2833 καὶ
2361 2783 2418 2832 ἐν
2446 2778 2523 2849 τῷ
2555 2776 2968 2850 διασκορπισμῷ
3012 2777 3166 2847 ὑμῶν
3197 2779 3255 2830 ἐν
3277 2779 3394 2840 ταῖς
3425 2774 3649 2847 χώραις.
3691 2775 3804 2828 Καὶ

2244 2868 2639 2941 μνησθήσονταί
2674 2886 2775 2940 μου
2804 2869 2852 2921 οί
2894 2867 3294 2938 ἀνασωζόμενοι
3323 2866 3382 2931 ἐξ
3409 2867 3560 2937 ὑμῶν
3597 2868 3654 2920 ἐν
3688 2867 3802 2929 τοις

2241 2961 2465 3025 ἔθνεσιν,
2505 2956 2565 3016 οὗ
2593 2959 3084 3032 ᾐχμαλωτεύθησαν
3128 2960 3262 3012 ἐκεῖ.
3300 2978 3319 3010 ι
3353 2960 3507 3010 Δοκεῖ
3547 2975 3636 3027 μοι
3671 2959 3801 3012 κάν-

2239 3052 2414 3108 ταῦθα
2457 3052 2698 3123 συνᾴδειν
2739 3055 2853 3114 τοῖς
2893 3050 3000 3104 ἀπὸ
3039 3050 3148 3102 τῶν
3193 3048 3392 3102 λοιπῶν
3435 3049 3798 3120 προφητειῶν.

2243 3145 2380 3208 Τοὺς
2406 3143 2513 3215 γὰρ
2532 3141 2975 3214 ἀνασωζομένους
2999 3141 3146 3204 τίνας
3175 3140 3238 3194 ἂν
3264 3140 3439 3212 εἴποις
3471 3140 3504 3211 ἢ
3535 3139 3594 3192 τὸ
3618 3142 3673 3192 ὲν
3695 3139 3806 3192 ἑτέ-

2246 3253 2355 3306 ροις
2385 3234 2766 3305 ὠνομασμένον
2809 3233 3139 3302 ὑπόλειμμα,
3176 3232 3272 3288 καὶ
3299 3231 3398 3303 τὴν
3443 3233 3674 3299 σταγόνα
3709 3233 3804 3285 καὶ

2239 3325 2428 3396 δρόσον
2475 3323 2567 3394 τοῦ
2612 3322 2738 3376 λαοῦ
2787 3323 3025 3386 ἐκείνου,
3079 3323 3146 3376 δι’
3185 3315 3260 3375 ὧν
3311 3321 3561 3393 ἐδηλοῦτο
3612 3323 3644 3392 ἡ
3695 3321 3804 3376 τῶν

2241 3415 2546 3486 ἀποστόλων
2567 3415 2659 3469 τοῦ
2682 3416 2929 3488 Σωτῆρος
2957 3417 2988 3485 ἡ
2998 3415 3109 3485 μῶν
3140 3414 3393 3477 σύστασις
3419 3432 3433 3480 ;
3469 3407 3626 3466 Οὗτοι
3649 3413 3802 3481 γοῦν,

2242 3506 2604 3578 ἀνασωθέντες
2651 3509 2716 3560 ὲκ
2773 3507 2874 3576 τῆς
2929 3505 3200 3568 ἀπωλείας
3245 3505 3336 3558 τοῦ
3385 3507 3583 3571 παντὸς
3628 3505 3806 3560 αὐτῶν

2241 3599 2444 3664 ἔθνους,
2479 3601 2573 3653 καὶ
2603 3602 2660 3653 έν
2695 3599 2770 3670 τῷ
2819 3598 3234 3670 διασκορπισμῴ
3281 3599 3480 3663 αὐτῶν,
3531 3598 3805 3670 ἐμνήσθη-

2243 3707 2341 3744 σαν
2371 3689 2465 3743 τοῦ
2503 3690 2658 3753 Θεοῦ,
2687 3690 2763 3750 ὼς
2790 3688 3160 3762 ὁμολογεῖσθαι
3195 3690 3323 3759 περὶ
3346 3690 3520 3742 αὐτῶν
3554 3688 3806 3760 εἰρῆσθαι

2242 3782 2308 3835 τὰ
2337 3780 2822 3853 ἀναγεγραμμένα.

2683 3895 2804 3948 ΝΖ’.
2853 3894 2984 3949 Ἀπὸ
3013 3894 3118 3948 τοῦ
3155 3895 3362 3950 αὑτοῦ.

2315 4007 2334 4039 ι
2375 3989 2511 4042 Τάδε
2539 3987 2684 4057 λέγει
2729 3989 2949 4043 Ἀδωναῒ
2978 3988 3196 4061 Κύριοςο
3233 3992 3315 4043 ὃτι
3360 3987 3674 4059 Ἀπώσομαι
3705 3989 3804 4042 αύ-

2240 4082 2364 4144 τοὺς
2393 4082 2472 4144 είς
2501 4079 2576 4134 τὰ
2609 4080 2759 4155 έθνη,
2788 4083 2881 4135 καὶ
2919 4081 3252 4153 διασκορπιῶ
3283 4081 3479 4144 αὐτοὺς
3518 4081 3596 4144 είς
3627 4080 3811 4146 πάντα,

2240 4172 2307 4226 τὰ
2346 4171 2492 4245 ἔθνη,
2522 4151 2979 4242 καὶ’διασκορπιῶ
3008 4151 3201 4237 αὐτοὺς
3233 4176 3312 4237 εἰς
3341 4175 3516 4227 πᾶσαν
3554 4173 3650 4244 τὴν
3677 4172 3801 4242 γῆν·

2241 4267 2335 4319 καὶ
2355 4265 2546 4336 ἔσομαι
2572 4266 2751 4330 αὐτοῖς
2771 4269 2849 4330 είς
2873 4267 3117 4337 ἀγίασμα
3143 4267 3332 4338 μικρὸν
3352 4268 3408 4320 ὲν
3438 4269 3554 4330 ταῖς
3574 4265 3802 4339 χώραις,

2241 4351 2299 4410 οὗ
2334 4356 2397 4409 ἂν
2443 4356 2755 4410 εἰσέλθωσιν
2783 4358 2918 4410 ἐκεῖ.
2949 4377 2967 4409 ι
3021 4359 3130 4411 Καὶ
3155 4357 3386 4410 ἐνταῦθα
3433 4358 3634 4429 ἑτέρως
3672 4357 3798 4420 τοὺς

2241 4450 2432 4512 αὐτοὺς
2461 4449 2748 4520 κέκληκεν,
2788 4468 2806 4500 ι
2838 4449 3080 4520 ἀγίασμα
3117 4450 3309 4521 μικρὸν
3343 4470 3360 4501 ι
3397 4449 3563 4503 εἰπὼν
3583 4451 3709 4513 τοὺς
3743 4449 3805 4517 ἐξ

574 4552 640 4600 ex
673 4539 780 4594 illis
827 4539 1152 4610 superstites
1181 4541 1423 4596 mansuri
1457 4543 1566 4596 sint
1604 4550 1659 4596 et
1687 4540 1988 4596 incolumes
2011 4540 2082 4598 ⁸⁸.
2112 4560 2130 4592 ι

2241 4538 2417 4592 αὐτῶν
2443 4539 2956 4610 ἀνασωθησομένους
2985 4541 3078 4594 καὶ
3101 4541 3676 4612 ύνπολειφθησομένους.

1091 4650 1268 4706 LVI-Il.
1310 4654 1387 4706 Ab
1419 4653 1618 4708 eodem.

645 4756 666 4790 ι
697 4738 762 4792 Ει
808 4755 998 4796 omnes
1051 4744 1410 4811 suscipientes
1457 4760 1551 4799 eos
1579 4744 1686 4814 85
1727 4744 2029 4815 dispergam
2082 4745 2137 4800 in

571 4849 788 4890 omnem
829 4842 1084 4890 ventum:
1113 4845 1167 4891 et
1205 4836 1442 4907 gladium
1486 4835 1755 4891 elfundam
1788 4853 1817 4891 a
1853 4848 2000 4908 tergo
2038 4854 2135 4894 eo-

574 4938 715 4986 rum,
766 4931 820 4980 et
862 4936 1196 4995 cognoscent
1226 4926 1373 4997 quod
1419 4943 1520 4998 ego
1553 4926 1836 4992 Dominus,
1880 4928 2008 4986 dum
2041 4930 2135 4984 di-

573 5029 820 5084 spergam
866 5032 961 5072 eos
1003 5018 1145 5072 inter
1183 5027 1394 5088 gentes,
1445 5027 1500 5074 et
1539 5019 1907 5075 disseminabo
1947 5037 2042 5077 eos
2076 5022 2132 5076 in

572 5107 891 5176 regionibus
919 5129 932 5164 :
964 5118 1018 5165 et
1059 5112 1361 5182 relinquam
1415 5127 1479 5166 ex
1521 5113 1602 5169 eis
1634 5114 1784 5169 viros
1817 5114 1871 5167 in
1904 5129 2132 5170 numero

568 5211 636 5251 ex
680 5197 881 5268 gladio,
921 5210 975 5254 et
1019 5217 1084 5255 ex
1131 5201 1292 5266 fame,
1337 5209 1392 5257 et
1433 5217 1500 5256 ex
1545 5211 1760 5259 morte:
1788 5213 1845 5259 ut
1879 5215 2130 5262 enarrent

569 5301 759 5342 omnes
791 5287 1108 5358 iniquitates
1143 5308 1272 5348 suas
1301 5293 1357 5347 in
1385 5293 1658 5363 gentibus,
1693 5311 2020 5367 quocunque
2047 5300 2132 5353 in-

567 5377 743 5447 gressi
773 5377 975 5435 fuerint
1007 5379 1138 5436 illuc
1173 5400 1186 5436 :
1217 5389 1270 5438 et
1297 5391 1626 5453 cognoscent
1645 5385 1790 5454 quod
1820 5401 1921 5456 ego
1950 5384 2133 5440 Domi-

574 5486 676 5523 nus
705 5471 769 5524 ⁸⁵.
803 5489 822 5522 ι
875 5471 931 5526 In
984 5477 1154 5530 totius
1190 5476 1369 5546 populi
1421 5477 1792 5547 dispersione,
1835 5479 1998 5534 etiam
2043 5480 2131 5534 hic

572 5559 672 5613 sibi
710 5560 814 5631 ipsi
852 5563 1171 5620 relicturum
1219 5567 1295 5620 ait
1323 5583 1528 5637 paucos
1572 5584 1822 5634 numero,
1855 5584 1961 5624 non
1995 5569 2130 5624 alios

571 5654 756 5722 utique
785 5655 1120 5723 signiﬁcans,
1159 5675 1320 5728 quam
1359 5675 1476 5724 eos,
1512 5663 1602 5731 qui
1633 5663 1870 5732 praedicti
1907 5670 2052 5718 sunt.

2677 4653 2808 4705 NH'.
2859 4653 2989 4707 Ἀπὸ
3018 4654 3124 4707 τοῦ
3152 4655 3356 4708 αὑτοῦ.

2315 4763 2333 4796 ι
2373 4744 2482 4798 Καὶ
2514 4743 2720 4806 πάντας
2747 4743 2870 4807 τοὺς
2891 4744 3452 4815 ἀντιλαμϐανομένους
3484 4745 3660 4798 αὐτῶν
3683 4745 3801 4800 δια-

2240 4834 2425 4906 σπερῶ
2453 4837 2532 4897 είς
2561 4834 2737 4891 πάντα
2763 4837 2981 4906 ἄνεμον,
3012 4836 3105 4888 καὶ
3130 4837 3400 4907 ῥομφαίαν
3427 4837 3603 4907 ἐκχεῶ
3631 4837 3804 4892 ὀπίσω

2240 4928 2435 4990 αὐτῶν,
2461 4929 2554 4981 καὶ
2573 4927 2981 4996 ὲπιγνώσονται,
3008 4928 3088 4980 ὃτι
3110 4927 3220 4995 ἐγὼ
3244 4927 3466 5000 Κύριος,
3498 4930 3558 4981 ὲν
3588 4929 3665 5000 τῷ
3694 4929 3802 4983 διας

2242 5018 2531 5090 σκορπίσαι
2563 5035 2630 5088 με
2655 5020 2711 5071 ὲν
2742 5021 2850 5081 τοῖς
2875 5017 3071 5080 ἔθνεσι,
3104 5020 3196 5072 καὶ
3221 5018 3495 5090 διασπερῶ
3525 5021 3719 5082 αὐτοὺς
3742 5020 3803 5073 ἐν

2241 5114 2358 5174 ταῖς
2398 5111 2619 5181 χώραις·
2665 5111 2757 5164 καὶ
2785 5111 3138 5182 ὑπολείψομαι
3189 5109 3247 5174 ἐξ
3289 5111 3464 5164 αὐτῶν
3501 5112 3700 5184 ἄνδρας
3743 5113 3800 5165 ὲν

2240 5202 2457 5276 ἀριθμῷ
2481 5205 2544 5257 ὲκ
2575 5203 2865 5274 ῥομφαίας,
2901 5203 2995 5256 καὶ
3024 5205 3088 5256 ἐκ
3125 5202 3306 5273 λιμοῦ,
3335 5203 3426 5256 καὶ
3452 5203 3516 5256 ὲκ
3549 5203 3799 5266 θανάτου,

2238 5296 2385 5358 ὅπως
2421 5295 2848 5365 ὲκδιηγήσωνται
2889 5295 3064 5359 πάσας
3105 5294 3203 5356 τὰς
3249 5294 3476 5364 ἀνομίας
3525 5295 3704 5349 αὐτῶν
3742 5299 3800 5348 ὲν

2237 5393 2348 5452 τοῖς
2379 5388 2606 5450 ἔθνεσιν,
2656 5381 2717 5440 οὗ
2765 5387 2832 5441 ἂν
2870 5386 3180 5440 εἰσέλθωσιν
3210 5387 3341 5440 ὲκεί’
3384 5389 3476 5441 καὶ
3505 5387 3800 5457 γνώσονται

2235 5482 2314 5534 ὅτι
2369 5478 2480 5548 ὲγὼ
2525 5479 2746 5551 Κύριος.
2792 5499 2810 5530 ι
2872 5479 2993 5532 Ἐπὶ
3031 5481 3096 5550 τῇ
3139 5478 3231 5531 τοῦ
3276 5480 3473 5543 παντὸς
3525 5480 3655 5534 λαοῦ
3687 5481 3802 5536 δια-

2239 5574 2415 5644 σπορᾷ
2449 5572 2543 5626 καὶ
2580 5571 2673 5624 νῦν
2714 5569 3097 5638 ὑπολείψεσθαι
3130 5571 3306 5641 ἑαυτῷ
3339 5571 3551 5639 ὀλίγους
3577 5571 3798 5643 ἀριθμῷ

2241 5680 2421 5733 φησιν,
2459 5663 2563 5714 οὐδ’
2585 5661 2651 5734 [Ῑ.
2673 5662 2795 5734 οὐκ]
2831 5661 3020 5725 ἄλλους
3037 5661 3208 5734 δηλῶν
3231 5663 3335 5716 τῶν
3365 5662 3798 5735 προειρημένων.

635 5807 680 5848 ιτ
705 5806 809 5866 3m.
847 5827 896 5876 γ,
930 5811 1078 5866 6-10.
1157 5814 1199 5845 ⁸³
1230 5811 1422 5871 Ezech.
1463 5833 1533 5881 vr,
1567 5816 1678 5874 7-9.
1759 5821 1802 5850 ⁸⁵
1831 5817 2026 5877 Ezech.
2062 5835 2135 5886 xu

2240 5857 2247 5872 .
2327 5820 2369 5851 ⁸⁸
2400 5818 2596 5876 E16311.
2626 5833 2723 5880 xtl,
2760 5817 2940 5875 14-16.
