  <div class='ocr_page' id='page_1' title='image "/cluster/home/n/w/nwhite01/storage/ocr_20150623/22/hvd.32044073501140/088.png"; bbox 0 0 4158 6418; ppageno 0'>
   <div class='ocr_carea' id='block_1_1' title="bbox 305 375 2635 448">
    <p class='ocr_par' dir='ltr' id='par_1_1' title="bbox 305 375 2635 448">
     <span class='ocr_line' id='line_1_1' title="bbox 305 375 2635 448; baseline 0.001 -12"><span class='ocrx_word' id='word_1_1' title='bbox 305 379 390 441; x_wconf 74' lang='grc'><strong>161</strong></span> <span class='ocrx_word' id='word_1_2' title='bbox 771 443 774 448; x_wconf 96' lang='lat'><em>_</em></span> <span class='ocrx_word' id='word_1_3' title='bbox 1211 375 1864 433; x_wconf 70' lang='lat' dir='ltr'><strong>DEMONSTRATION’IS</strong></span> <span class='ocrx_word' id='word_1_4' title='bbox 1902 375 2363 433; x_wconf 64' lang='lat' dir='ltr'><strong>EVANGEIJCE</strong></span> <span class='ocrx_word' id='word_1_5' title='bbox 2402 379 2528 436; x_wconf 86' lang='lat' dir='ltr'><strong>LIB.</strong></span> <span class='ocrx_word' id='word_1_6' title='bbox 2571 381 2635 441; x_wconf 92' lang='lat' dir='ltr'><strong>II.</strong></span> 
     </span>
    </p>
   </div>
   <div class='ocr_carea' id='block_1_2' title="bbox 1912 506 1959 564">
    <p class='ocr_par' dir='ltr' id='par_1_2' title="bbox 1912 506 1959 564">
     <span class='ocr_line' id='line_1_2' title="bbox 1912 506 1959 564; baseline 0 0"><span class='ocrx_word' id='word_1_7' title='bbox 1912 506 1959 564; x_wconf 77' lang='grc' dir='ltr'><strong>Δ</strong></span> 
     </span>
    </p>
   </div>
   <div class='ocr_carea' id='block_1_3' title="bbox 745 500 1432 556">
    <p class='ocr_par' dir='ltr' id='par_1_3' title="bbox 745 500 1432 556">
     <span class='ocr_line' id='line_1_3' title="bbox 745 500 1432 556; baseline -0.001 0"><span class='ocrx_word' id='word_1_8' title='bbox 745 502 870 556; x_wconf 74' lang='lat' dir='ltr'><strong>NB‘.</strong></span> <span class='ocrx_word' id='word_1_9' title='bbox 909 501 1039 556; x_wconf 75' lang='grc' dir='ltr'><strong>Ἀπό</strong></span> <span class='ocrx_word' id='word_1_10' title='bbox 1092 500 1194 555; x_wconf 80' lang='grc' dir='ltr'><strong>τοῦ</strong></span> <span class='ocrx_word' id='word_1_11' title='bbox 1228 503 1432 555; x_wconf 80' lang='grc' dir='ltr'>αὑτοῦ.</span> 
     </span>
    </p>
   </div>
   <div class='ocr_carea' id='block_1_4' title="bbox 370 594 1878 666">
    <p class='ocr_par' dir='ltr' id='par_1_4' title="bbox 370 594 1878 666">
     <span class='ocr_line' id='line_1_4' title="bbox 370 594 1878 666; baseline 0 -19"><span class='ocrx_word' id='word_1_12' title='bbox 370 616 385 647; x_wconf 81' lang='grc' dir='ltr'><strong>ι</strong></span> <span class='ocrx_word' id='word_1_13' title='bbox 422 595 561 648; x_wconf 79' lang='grc' dir='ltr'>Τάδε</span> <span class='ocrx_word' id='word_1_14' title='bbox 597 595 748 664; x_wconf 82' lang='grc' dir='ltr'>λέγει</span> <span class='ocrx_word' id='word_1_15' title='bbox 817 594 1038 648; x_wconf 82' lang='grc' dir='ltr'>Ἀδωναῖ</span> <span class='ocrx_word' id='word_1_16' title='bbox 1080 595 1314 666; x_wconf 85' lang='grc' dir='ltr'>Κύριος·</span> <span class='ocrx_word' id='word_1_17' title='bbox 1381 594 1506 648; x_wconf 80' lang='grc' dir='ltr'>Ἐὰν</span> <span class='ocrx_word' id='word_1_18' title='bbox 1545 594 1600 647; x_wconf 81' lang='grc' dir='ltr'>δὲ</span> <span class='ocrx_word' id='word_1_19' title='bbox 1645 594 1738 648; x_wconf 79' lang='grc' dir='ltr'>καὶ</span> <span class='ocrx_word' id='word_1_20' title='bbox 1781 594 1878 657; x_wconf 79' lang='grc' dir='ltr'><strong>τὰς</strong></span> 
     </span>
    </p>
   </div>
   <div class='ocr_carea' id='block_1_5' title="bbox 317 685 1875 760">
    <p class='ocr_par' dir='ltr' id='par_1_5' title="bbox 317 685 1875 760">
     <span class='ocr_line' id='line_1_5' title="bbox 317 685 1875 760; baseline -0.003 -17"><span class='ocrx_word' id='word_1_21' title='bbox 317 691 579 760; x_wconf 79' lang='grc' dir='ltr'>τέσσαρας</span> <span class='ocrx_word' id='word_1_22' title='bbox 636 688 945 758; x_wconf 80' lang='grc' dir='ltr'>ὲκδικήσεις</span> <span class='ocrx_word' id='word_1_23' title='bbox 996 703 1095 758; x_wconf 87' lang='grc' dir='ltr'><strong>μου</strong></span> <span class='ocrx_word' id='word_1_24' title='bbox 1139 685 1239 750; x_wconf 68' lang='grc' dir='ltr'><strong>τὰς</strong></span> <span class='ocrx_word' id='word_1_25' title='bbox 1271 685 1532 760; x_wconf 81' lang='grc' dir='ltr'>πονηρὰς,</span> <span class='ocrx_word' id='word_1_26' title='bbox 1578 685 1875 758; x_wconf 75' lang='grc' dir='ltr'><strong>ῥομφαίαν,</strong></span> 
     </span>
    </p>
   </div>
   <div class='ocr_carea' id='block_1_6' title="bbox 299 778 1876 853">
    <p class='ocr_par' dir='ltr' id='par_1_6' title="bbox 299 778 1876 853">
     <span class='ocr_line' id='line_1_6' title="bbox 299 778 1876 853; baseline -0.004 -16"><span class='ocrx_word' id='word_1_27' title='bbox 299 783 388 837; x_wconf 71' lang='grc' dir='ltr'><strong>καὶ</strong></span> <span class='ocrx_word' id='word_1_28' title='bbox 417 782 596 852; x_wconf 84' lang='grc' dir='ltr'>λιμὸν,</span> <span class='ocrx_word' id='word_1_29' title='bbox 661 783 755 834; x_wconf 75' lang='grc' dir='ltr'><strong>καὶ</strong></span> <span class='ocrx_word' id='word_1_30' title='bbox 797 781 961 853; x_wconf 82' lang='grc' dir='ltr'>θηρία</span> <span class='ocrx_word' id='word_1_31' title='bbox 1000 780 1234 851; x_wconf 76' lang='grc' dir='ltr'>πονηρὰ,</span> <span class='ocrx_word' id='word_1_32' title='bbox 1274 779 1366 832; x_wconf 76' lang='grc' dir='ltr'>καὶ</span> <span class='ocrx_word' id='word_1_33' title='bbox 1403 779 1630 833; x_wconf 81' lang='grc' dir='ltr'>θάνατον</span> <span class='ocrx_word' id='word_1_34' title='bbox 1679 778 1876 845; x_wconf 79' lang='grc' dir='ltr'>ὲξαπο-</span> 
     </span>
    </p>
   </div>
   <div class='ocr_carea' id='block_1_7' title="bbox 301 868 1878 944">
    <p class='ocr_par' dir='ltr' id='par_1_7' title="bbox 301 868 1878 944">
     <span class='ocr_line' id='line_1_7' title="bbox 301 868 1878 944; baseline -0.004 -16"><span class='ocrx_word' id='word_1_35' title='bbox 301 873 467 928; x_wconf 86' lang='grc' dir='ltr'>στελῶ</span> <span class='ocrx_word' id='word_1_36' title='bbox 514 873 608 926; x_wconf 73' lang='grc' dir='ltr'><strong>ἐπὶ</strong></span> <span class='ocrx_word' id='word_1_37' title='bbox 661 871 1037 944; x_wconf 75' lang='grc' dir='ltr'>Ἰερουσαλὴμ,</span> <span class='ocrx_word' id='word_1_38' title='bbox 1086 870 1180 925; x_wconf 85' lang='grc' dir='ltr'><strong>τοῦ</strong></span> <span class='ocrx_word' id='word_1_39' title='bbox 1213 869 1584 942; x_wconf 79' lang='grc' dir='ltr'>ὲξολοθρεῦσαι</span> <span class='ocrx_word' id='word_1_40' title='bbox 1623 868 1682 935; x_wconf 77' lang='grc' dir='ltr'><strong>ἐξ</strong></span> <span class='ocrx_word' id='word_1_41' title='bbox 1711 869 1878 942; x_wconf 82' lang='grc' dir='ltr'>αὐτῆς</span> 
     </span>
    </p>
   </div>
   <div class='ocr_carea' id='block_1_8' title="bbox 296 963 1878 1039">
    <p class='ocr_par' dir='ltr' id='par_1_8' title="bbox 296 963 1878 1039">
     <span class='ocr_line' id='line_1_8' title="bbox 296 963 1878 1039; baseline -0.001 -19"><span class='ocrx_word' id='word_1_42' title='bbox 296 966 582 1039; x_wconf 76' lang='grc' dir='ltr'>ἄνθρωπον</span> <span class='ocrx_word' id='word_1_43' title='bbox 647 964 744 1018; x_wconf 72' lang='grc' dir='ltr'><strong>καὶ</strong></span> <span class='ocrx_word' id='word_1_44' title='bbox 788 965 1004 1034; x_wconf 75' lang='grc' dir='ltr'>κτῆνος,</span> <span class='ocrx_word' id='word_1_45' title='bbox 1053 964 1146 1017; x_wconf 77' lang='grc' dir='ltr'>καὶ</span> <span class='ocrx_word' id='word_1_46' title='bbox 1183 963 1291 1017; x_wconf 61' lang='lat' dir='ltr'><strong>eos</strong></span> <span class='ocrx_word' id='word_1_47' title='bbox 1335 963 1780 1034; x_wconf 83' lang='grc' dir='ltr'><strong>ὑπολελειμμένοι</strong></span> <span class='ocrx_word' id='word_1_48' title='bbox 1820 965 1878 1018; x_wconf 86' lang='grc' dir='ltr'>ὲν</span> 
     </span>
    </p>
   </div>
   <div class='ocr_carea' id='block_1_9' title="bbox 296 1055 1880 1130">
    <p class='ocr_par' dir='ltr' id='par_1_9' title="bbox 296 1055 1880 1130">
     <span class='ocr_line' id='line_1_9' title="bbox 296 1055 1880 1130; baseline -0.001 -18"><span class='ocrx_word' id='word_1_49' title='bbox 296 1061 456 1130; x_wconf 78' lang='grc' dir='ltr'>αὐτῇ,</span> <span class='ocrx_word' id='word_1_50' title='bbox 492 1061 541 1112; x_wconf 80' lang='grc' dir='ltr'>οἱ</span> <span class='ocrx_word' id='word_1_51' title='bbox 571 1057 994 1127; x_wconf 82' lang='grc' dir='ltr'>ἀνασεσωμένοι.</span> <span class='ocrx_word' id='word_1_52' title='bbox 1041 1075 1060 1107; x_wconf 75' lang='grc' dir='ltr'><strong>ι</strong></span> <span class='ocrx_word' id='word_1_53' title='bbox 1101 1055 1269 1110; x_wconf 80' lang='grc' dir='ltr'>Οὐδὲν</span> <span class='ocrx_word' id='word_1_54' title='bbox 1317 1055 1382 1109; x_wconf 83' lang='grc' dir='ltr'>ἂν</span> <span class='ocrx_word' id='word_1_55' title='bbox 1429 1056 1525 1110; x_wconf 78' lang='grc' dir='ltr'><strong>καὶ</strong></span> <span class='ocrx_word' id='word_1_56' title='bbox 1564 1055 1738 1109; x_wconf 81' lang='grc' dir='ltr'>ταῦτα</span> <span class='ocrx_word' id='word_1_57' title='bbox 1764 1056 1880 1110; x_wconf 81' lang='grc' dir='ltr'>δια-</span> 
     </span>
    </p>
   </div>
   <div class='ocr_carea' id='block_1_10' title="bbox 295 1146 1066 1222">
    <p class='ocr_par' dir='ltr' id='par_1_10' title="bbox 295 1146 1066 1222">
     <span class='ocr_line' id='line_1_10' title="bbox 295 1146 1066 1222; baseline -0.004 -18"><span class='ocrx_word' id='word_1_58' title='bbox 295 1150 450 1222; x_wconf 78' lang='grc' dir='ltr'>φέροι</span> <span class='ocrx_word' id='word_1_59' title='bbox 484 1149 595 1202; x_wconf 87' lang='grc' dir='ltr'><strong>τῶν</strong></span> <span class='ocrx_word' id='word_1_60' title='bbox 635 1146 1066 1220; x_wconf 77' lang='grc' dir='ltr'>προειρημένων.</span> 
     </span>
    </p>
   </div>
   <div class='ocr_carea' id='block_1_11' title="bbox 770 1239 1406 1295">
    <p class='ocr_par' dir='ltr' id='par_1_11' title="bbox 770 1239 1406 1295">
     <span class='ocr_line' id='line_1_11' title="bbox 770 1239 1406 1295; baseline 0 -2"><span class='ocrx_word' id='word_1_61' title='bbox 770 1239 845 1295; x_wconf 85' lang='grc' dir='ltr'><strong>Ξ’.</strong></span> <span class='ocrx_word' id='word_1_62' title='bbox 890 1240 1020 1294; x_wconf 78' lang='grc' dir='ltr'><strong>Ἀπὸ</strong></span> <span class='ocrx_word' id='word_1_63' title='bbox 1061 1239 1168 1293; x_wconf 84' lang='grc' dir='ltr'><strong>τοῦ</strong></span> <span class='ocrx_word' id='word_1_64' title='bbox 1198 1239 1406 1293; x_wconf 82' lang='grc' dir='ltr'>αὐτοῦ.</span> 
     </span>
    </p>
   </div>
   <div class='ocr_carea' id='block_1_12' title="bbox 366 1328 1878 1405">
    <p class='ocr_par' dir='ltr' id='par_1_12' title="bbox 366 1328 1878 1405">
     <span class='ocr_line' id='line_1_12' title="bbox 366 1328 1878 1405; baseline -0.003 -19"><span class='ocrx_word' id='word_1_65' title='bbox 366 1355 382 1386; x_wconf 79' lang='grc' dir='ltr'><strong>ι</strong></span> <span class='ocrx_word' id='word_1_66' title='bbox 418 1334 608 1397; x_wconf 65' lang='grc' dir='ltr'>Οὕτως</span> <span class='ocrx_word' id='word_1_67' title='bbox 670 1333 840 1405; x_wconf 89' lang='grc' dir='ltr'>κρινῶ</span> <span class='ocrx_word' id='word_1_68' title='bbox 878 1332 1044 1403; x_wconf 81' lang='grc' dir='ltr'>ὑμᾶς,</span> <span class='ocrx_word' id='word_1_69' title='bbox 1109 1332 1259 1400; x_wconf 85' lang='grc' dir='ltr'>λέγει</span> <span class='ocrx_word' id='word_1_70' title='bbox 1301 1331 1525 1403; x_wconf 77' lang='grc' dir='ltr'>Κύριος,</span> <span class='ocrx_word' id='word_1_71' title='bbox 1573 1331 1668 1384; x_wconf 71' lang='grc' dir='ltr'>καὶ</span> <span class='ocrx_word' id='word_1_72' title='bbox 1713 1328 1878 1396; x_wconf 78' lang='grc' dir='ltr'>διάξω</span> 
     </span>
    </p>
   </div>
   <div class='ocr_carea' id='block_1_13' title="bbox 289 1423 1879 1500">
    <p class='ocr_par' dir='ltr' id='par_1_13' title="bbox 289 1423 1879 1500">
     <span class='ocr_line' id='line_1_13' title="bbox 289 1423 1879 1500; baseline -0.003 -19"><span class='ocrx_word' id='word_1_73' title='bbox 289 1427 436 1500; x_wconf 77' lang='grc' dir='ltr'>ὑμᾶς</span> <span class='ocrx_word' id='word_1_74' title='bbox 469 1427 576 1480; x_wconf 80' lang='grc' dir='ltr'>ὑπὸ</span> <span class='ocrx_word' id='word_1_75' title='bbox 597 1426 695 1497; x_wconf 76' lang='grc' dir='ltr'>τὴν</span> <span class='ocrx_word' id='word_1_76' title='bbox 745 1425 938 1498; x_wconf 77' lang='grc' dir='ltr'>ράὁδον</span> <span class='ocrx_word' id='word_1_77' title='bbox 976 1443 1100 1498; x_wconf 85' lang='grc' dir='ltr'>μου,</span> <span class='ocrx_word' id='word_1_78' title='bbox 1131 1425 1225 1478; x_wconf 70' lang='grc' dir='ltr'><strong>καὶ</strong></span> <span class='ocrx_word' id='word_1_79' title='bbox 1273 1423 1471 1491; x_wconf 81' lang='grc' dir='ltr'>είσάξω</span> <span class='ocrx_word' id='word_1_80' title='bbox 1505 1424 1648 1496; x_wconf 80' lang='grc' dir='ltr'>ὑμᾶς</span> <span class='ocrx_word' id='word_1_81' title='bbox 1678 1424 1734 1477; x_wconf 83' lang='grc' dir='ltr'>ὲν</span> <span class='ocrx_word' id='word_1_82' title='bbox 1760 1423 1879 1493; x_wconf 87' lang='grc' dir='ltr'>ἀρι-</span> 
     </span>
    </p>
   </div>
   <div class='ocr_carea' id='block_1_14' title="bbox 288 1517 1878 1592">
    <p class='ocr_par' dir='ltr' id='par_1_14' title="bbox 288 1517 1878 1592">
     <span class='ocr_line' id='line_1_14' title="bbox 288 1517 1878 1592; baseline -0.001 -19"><span class='ocrx_word' id='word_1_83' title='bbox 288 1519 418 1592; x_wconf 83' lang='grc' dir='ltr'><strong>θμῷ</strong></span> <span class='ocrx_word' id='word_1_84' title='bbox 465 1520 567 1588; x_wconf 76' lang='grc' dir='ltr'>τῆς</span> <span class='ocrx_word' id='word_1_85' title='bbox 610 1519 884 1590; x_wconf 82' lang='grc' dir='ltr'>Διαθήκης</span> <span class='ocrx_word' id='word_1_86' title='bbox 931 1537 1055 1590; x_wconf 90' lang='grc' dir='ltr'>μου,</span> <span class='ocrx_word' id='word_1_87' title='bbox 1099 1520 1194 1572; x_wconf 72' lang='grc' dir='ltr'><strong>καὶ</strong></span> <span class='ocrx_word' id='word_1_88' title='bbox 1242 1517 1444 1585; x_wconf 81' lang='grc' dir='ltr'>ὲκλέξω</span> <span class='ocrx_word' id='word_1_89' title='bbox 1475 1517 1534 1583; x_wconf 81' lang='grc' dir='ltr'>ἐξ</span> <span class='ocrx_word' id='word_1_90' title='bbox 1573 1517 1726 1589; x_wconf 84' lang='grc' dir='ltr'>ὑμῶν</span> <span class='ocrx_word' id='word_1_91' title='bbox 1752 1518 1878 1582; x_wconf 73' lang='grc' dir='ltr'>τοὺς</span> 
     </span>
    </p>
   </div>
   <div class='ocr_carea' id='block_1_15' title="bbox 283 1602 1878 1683">
    <p class='ocr_par' dir='ltr' id='par_1_15' title="bbox 283 1602 1878 1683">
     <span class='ocr_line' id='line_1_15' title="bbox 283 1602 1878 1683; baseline -0.001 -17"><span class='ocrx_word' id='word_1_92' title='bbox 283 1611 674 1682; x_wconf 72' lang='grc' dir='ltr'><strong>ἀφεστηκότας</strong></span> <span class='ocrx_word' id='word_1_93' title='bbox 696 1611 790 1663; x_wconf 73' lang='grc' dir='ltr'><strong>καὶ</strong></span> <span class='ocrx_word' id='word_1_94' title='bbox 812 1611 936 1674; x_wconf 74' lang='grc' dir='ltr'>τοὺς</span> <span class='ocrx_word' id='word_1_95' title='bbox 960 1609 1175 1674; x_wconf 80' lang='grc' dir='ltr'>ἀσεϐεῖς</span> <span class='ocrx_word' id='word_1_96' title='bbox 1193 1627 1206 1641; x_wconf 88' lang='grc'>·</span> <span class='ocrx_word' id='word_1_97' title='bbox 1230 1602 1360 1664; x_wconf 84' lang='grc' dir='ltr'>διότι</span> <span class='ocrx_word' id='word_1_98' title='bbox 1384 1612 1447 1663; x_wconf 86' lang='grc' dir='ltr'>ὲκ</span> <span class='ocrx_word' id='word_1_99' title='bbox 1461 1610 1562 1681; x_wconf 85' lang='grc' dir='ltr'>τῆς</span> <span class='ocrx_word' id='word_1_100' title='bbox 1590 1611 1878 1683; x_wconf 73' lang='grc' dir='ltr'>παροικίας</span> 
     </span>
    </p>
   </div>
   <div class='ocr_carea' id='block_1_16' title="bbox 287 1704 1879 1777">
    <p class='ocr_par' dir='ltr' id='par_1_16' title="bbox 287 1704 1879 1777">
     <span class='ocr_line' id='line_1_16' title="bbox 287 1704 1879 1777; baseline -0.001 -17"><span class='ocrx_word' id='word_1_101' title='bbox 287 1705 477 1760; x_wconf 82' lang='grc' dir='ltr'>αὐτῶν</span> <span class='ocrx_word' id='word_1_102' title='bbox 523 1705 698 1771; x_wconf 73' lang='grc' dir='ltr'>ἐξάξω</span> <span class='ocrx_word' id='word_1_103' title='bbox 747 1705 964 1769; x_wconf 74' lang='grc' dir='ltr'>αὐτοὺς,</span> <span class='ocrx_word' id='word_1_104' title='bbox 1013 1706 1108 1758; x_wconf 73' lang='grc' dir='ltr'><strong>καὶ</strong></span> <span class='ocrx_word' id='word_1_105' title='bbox 1157 1707 1234 1768; x_wconf 86' lang='grc' dir='ltr'><strong>είς</strong></span> <span class='ocrx_word' id='word_1_106' title='bbox 1264 1704 1360 1777; x_wconf 77' lang='grc' dir='ltr'>τὴν</span> <span class='ocrx_word' id='word_1_107' title='bbox 1397 1706 1501 1777; x_wconf 83' lang='grc' dir='ltr'>γῆν</span> <span class='ocrx_word' id='word_1_108' title='bbox 1532 1704 1622 1759; x_wconf 89' lang='grc' dir='ltr'><strong>τοῦ</strong></span> <span class='ocrx_word' id='word_1_109' title='bbox 1667 1705 1879 1777; x_wconf 80' lang='grc' dir='ltr'>Ἰσραὴλ</span> 
     </span>
    </p>
   </div>
   <div class='ocr_carea' id='block_1_17' title="bbox 284 1797 1880 1870">
    <p class='ocr_par' dir='ltr' id='par_1_17' title="bbox 284 1797 1880 1870">
     <span class='ocr_line' id='line_1_17' title="bbox 284 1797 1880 1870; baseline 0.001 -19"><span class='ocrx_word' id='word_1_110' title='bbox 284 1799 390 1852; x_wconf 74' lang='grc' dir='ltr'><strong>οὐκ</strong></span> <span class='ocrx_word' id='word_1_111' title='bbox 443 1797 864 1852; x_wconf 80' lang='grc' dir='ltr'>εἰσελεύσονται.</span> <span class='ocrx_word' id='word_1_112' title='bbox 904 1817 921 1848; x_wconf 78' lang='grc' dir='ltr'><strong>ι</strong></span> <span class='ocrx_word' id='word_1_113' title='bbox 969 1797 1160 1867; x_wconf 76' lang='grc' dir='ltr'>Σαφῶς</span> <span class='ocrx_word' id='word_1_114' title='bbox 1197 1798 1292 1850; x_wconf 79' lang='grc' dir='ltr'>καὶ</span> <span class='ocrx_word' id='word_1_115' title='bbox 1322 1799 1378 1850; x_wconf 81' lang='grc' dir='ltr'><strong>ὲν</strong></span> <span class='ocrx_word' id='word_1_116' title='bbox 1411 1797 1622 1863; x_wconf 80' lang='grc' dir='ltr'>τούτοις</span> <span class='ocrx_word' id='word_1_117' title='bbox 1661 1797 1880 1870; x_wconf 87' lang='grc' dir='ltr'>ἀριθμῷ</span> 
     </span>
    </p>
   </div>
   <div class='ocr_carea' id='block_1_18' title="bbox 284 1889 1878 1962">
    <p class='ocr_par' dir='ltr' id='par_1_18' title="bbox 284 1889 1878 1962">
     <span class='ocr_line' id='line_1_18' title="bbox 284 1889 1878 1962; baseline 0 -18"><span class='ocrx_word' id='word_1_118' title='bbox 284 1891 518 1962; x_wconf 83' lang='grc' dir='ltr'><strong>βραχεῖς</strong></span> <span class='ocrx_word' id='word_1_119' title='bbox 543 1889 650 1942; x_wconf 80' lang='grc' dir='ltr'><strong>ὑπὸ</strong></span> <span class='ocrx_word' id='word_1_120' title='bbox 667 1890 764 1961; x_wconf 76' lang='grc' dir='ltr'><strong>τὴν</strong></span> <span class='ocrx_word' id='word_1_121' title='bbox 799 1889 992 1961; x_wconf 73' lang='grc' dir='ltr'>ῥάϐδον</span> <span class='ocrx_word' id='word_1_122' title='bbox 1021 1889 1111 1942; x_wconf 87' lang='grc' dir='ltr'><strong>τοῦ</strong></span> <span class='ocrx_word' id='word_1_123' title='bbox 1141 1890 1275 1943; x_wconf 84' lang='grc' dir='ltr'>Θεοῦ</span> <span class='ocrx_word' id='word_1_124' title='bbox 1308 1891 1759 1961; x_wconf 75' lang='grc' dir='ltr'>γενήσεσθαι,ὲπὶ</span> <span class='ocrx_word' id='word_1_125' title='bbox 1801 1889 1878 1962; x_wconf 82' lang='grc' dir='ltr'><strong>τῷ</strong></span> 
     </span>
    </p>
   </div>
   <div class='ocr_carea' id='block_1_19' title="bbox 282 1982 1878 2054">
    <p class='ocr_par' dir='ltr' id='par_1_19' title="bbox 282 1982 1878 2054">
     <span class='ocr_line' id='line_1_19' title="bbox 282 1982 1878 2054; baseline 0 -18"><span class='ocrx_word' id='word_1_126' title='bbox 282 1986 416 2046; x_wconf 74' lang='grc' dir='ltr'>τοὺς</span> <span class='ocrx_word' id='word_1_127' title='bbox 473 1983 697 2046; x_wconf 73' lang='grc' dir='ltr'>λοιποὺς</span> <span class='ocrx_word' id='word_1_128' title='bbox 729 1983 824 2036; x_wconf 84' lang='grc' dir='ltr'><strong>τοῦ</strong></span> <span class='ocrx_word' id='word_1_129' title='bbox 872 1982 1085 2054; x_wconf 69' lang='grc' dir='ltr'>Ἰσραὴλ</span> <span class='ocrx_word' id='word_1_130' title='bbox 1114 1982 1510 2037; x_wconf 84' lang='grc' dir='ltr'>ἀποπεσεῖσθαι</span> <span class='ocrx_word' id='word_1_131' title='bbox 1551 1983 1660 2038; x_wconf 85' lang='grc' dir='ltr'><strong>τῶν</strong></span> <span class='ocrx_word' id='word_1_132' title='bbox 1705 1984 1878 2052; x_wconf 75' lang='grc' dir='ltr'>ἐπαγ-</span> 
     </span>
    </p>
   </div>
   <div class='ocr_carea' id='block_1_20' title="bbox 281 2072 1876 2147">
    <p class='ocr_par' dir='ltr' id='par_1_20' title="bbox 281 2072 1876 2147">
     <span class='ocr_line' id='line_1_20' title="bbox 281 2072 1876 2147; baseline 0.001 -22"><span class='ocrx_word' id='word_1_133' title='bbox 281 2073 508 2142; x_wconf 85' lang='grc' dir='ltr'>γελιῶν,</span> <span class='ocrx_word' id='word_1_134' title='bbox 573 2073 930 2146; x_wconf 85' lang='grc' dir='ltr'>μαρτύρεται.</span> <span class='ocrx_word' id='word_1_135' title='bbox 977 2072 1135 2125; x_wconf 76' lang='grc' dir='ltr'>Ἀλλὰ</span> <span class='ocrx_word' id='word_1_136' title='bbox 1190 2073 1295 2146; x_wconf 78' lang='grc' dir='ltr'><strong>γὰρ</strong></span> <span class='ocrx_word' id='word_1_137' title='bbox 1343 2073 1649 2138; x_wconf 76' lang='grc' dir='ltr'>ἀποδείξας,</span> <span class='ocrx_word' id='word_1_138' title='bbox 1675 2074 1757 2127; x_wconf 84' lang='grc' dir='ltr'><strong>ὅτι</strong></span> <span class='ocrx_word' id='word_1_139' title='bbox 1799 2075 1876 2147; x_wconf 82' lang='grc' dir='ltr'>μὴ</span> 
     </span>
    </p>
   </div>
   <div class='ocr_carea' id='block_1_21' title="bbox 281 2164 1875 2237">
    <p class='ocr_par' dir='ltr' id='par_1_21' title="bbox 281 2164 1875 2237">
     <span class='ocr_line' id='line_1_21' title="bbox 281 2164 1875 2237; baseline 0.001 -19"><span class='ocrx_word' id='word_1_140' title='bbox 281 2167 359 2230; x_wconf 83' lang='grc' dir='ltr'>ὼς</span> <span class='ocrx_word' id='word_1_141' title='bbox 406 2165 598 2236; x_wconf 78' lang='grc' dir='ltr'>ἔτυχεν</span> <span class='ocrx_word' id='word_1_142' title='bbox 651 2165 980 2237; x_wconf 83' lang='grc' dir='ltr'>ἀδιακρίτως</span> <span class='ocrx_word' id='word_1_143' title='bbox 1047 2167 1212 2218; x_wconf 76' lang='grc' dir='ltr'>πᾶσιν</span> <span class='ocrx_word' id='word_1_144' title='bbox 1255 2164 1440 2228; x_wconf 81' lang='grc' dir='ltr'>ἁπλῶς</span> <span class='ocrx_word' id='word_1_145' title='bbox 1484 2167 1596 2230; x_wconf 79' lang='grc' dir='ltr'>τοῖς</span> <span class='ocrx_word' id='word_1_146' title='bbox 1632 2165 1742 2219; x_wconf 83' lang='grc' dir='ltr'>ἀπὸ</span> <span class='ocrx_word' id='word_1_147' title='bbox 1781 2165 1875 2220; x_wconf 86' lang='grc' dir='ltr'><strong>τοῦ</strong></span> 
     </span>
    </p>
   </div>
   <div class='ocr_carea' id='block_1_22' title="bbox 294 2256 1875 2328">
    <p class='ocr_par' dir='ltr' id='par_1_22' title="bbox 294 2256 1875 2328">
     <span class='ocr_line' id='line_1_22' title="bbox 294 2256 1875 2328; baseline -0.002 -17"><span class='ocrx_word' id='word_1_148' title='bbox 294 2258 576 2311; x_wconf 75' lang='grc' dir='ltr'><strong>Ἰουδαίων</strong></span> <span class='ocrx_word' id='word_1_149' title='bbox 603 2257 788 2321; x_wconf 81' lang='grc' dir='ltr'>ἔθνους</span> <span class='ocrx_word' id='word_1_150' title='bbox 821 2256 1043 2326; x_wconf 70' lang='grc' dir='ltr'>φαύλοις</span> <span class='ocrx_word' id='word_1_151' title='bbox 1070 2275 1127 2310; x_wconf 87' lang='grc' dir='ltr'><strong>τε</strong></span> <span class='ocrx_word' id='word_1_152' title='bbox 1160 2256 1253 2310; x_wconf 76' lang='grc' dir='ltr'><strong>καὶ</strong></span> <span class='ocrx_word' id='word_1_153' title='bbox 1275 2256 1518 2320; x_wconf 68' lang='grc' dir='ltr'>ἀσεϐέσι,</span> <span class='ocrx_word' id='word_1_154' title='bbox 1553 2256 1648 2310; x_wconf 74' lang='grc' dir='ltr'><strong>καὶ</strong></span> <span class='ocrx_word' id='word_1_155' title='bbox 1671 2259 1782 2320; x_wconf 84' lang='grc' dir='ltr'>τοῖς</span> <span class='ocrx_word' id='word_1_156' title='bbox 1801 2256 1875 2328; x_wconf 85' lang='grc' dir='ltr'>μὴ</span> 
     </span>
    </p>
   </div>
   <div class='ocr_carea' id='block_1_23' title="bbox 279 2348 1876 2419">
    <p class='ocr_par' dir='ltr' id='par_1_23' title="bbox 279 2348 1876 2419">
     <span class='ocr_line' id='line_1_23' title="bbox 279 2348 1876 2419; baseline 0 -17"><span class='ocrx_word' id='word_1_157' title='bbox 279 2349 554 2414; x_wconf 75' lang='grc' dir='ltr'>τοιούτοις</span> <span class='ocrx_word' id='word_1_158' title='bbox 585 2350 684 2414; x_wconf 77' lang='grc' dir='ltr'>τὰς</span> <span class='ocrx_word' id='word_1_159' title='bbox 709 2350 818 2402; x_wconf 88' lang='grc' dir='ltr'><strong>τῶν</strong></span> <span class='ocrx_word' id='word_1_160' title='bbox 868 2348 1087 2419; x_wconf 89' lang='grc' dir='ltr'>ἀγαθῶν</span> <span class='ocrx_word' id='word_1_161' title='bbox 1121 2349 1451 2417; x_wconf 78' lang='grc' dir='ltr'>ἐπαγγελίας</span> <span class='ocrx_word' id='word_1_162' title='bbox 1484 2349 1533 2400; x_wconf 83' lang='grc' dir='ltr'>οἱ</span> <span class='ocrx_word' id='word_1_163' title='bbox 1567 2348 1698 2402; x_wconf 85' lang='grc' dir='ltr'>θεῖοι</span> <span class='ocrx_word' id='word_1_164' title='bbox 1730 2348 1876 2417; x_wconf 89' lang='grc' dir='ltr'>λόγοι</span> 
     </span>
    </p>
   </div>
   <div class='ocr_carea' id='block_1_24' title="bbox 280 2439 1872 2517">
    <p class='ocr_par' dir='ltr' id='par_1_24' title="bbox 280 2439 1872 2517">
     <span class='ocr_line' id='line_1_24' title="bbox 280 2439 1872 2517; baseline -0.003 -19"><span class='ocrx_word' id='word_1_165' title='bbox 280 2443 710 2517; x_wconf 76' lang='grc' dir='ltr'>προεθέσπιζον,</span> <span class='ocrx_word' id='word_1_166' title='bbox 728 2443 972 2506; x_wconf 79' lang='grc' dir='ltr'>σπανίοις</span> <span class='ocrx_word' id='word_1_167' title='bbox 1001 2442 1055 2495; x_wconf 79' lang='grc' dir='ltr'>δὲ</span> <span class='ocrx_word' id='word_1_168' title='bbox 1079 2441 1259 2494; x_wconf 78' lang='grc' dir='ltr'>αὐτῶν</span> <span class='ocrx_word' id='word_1_169' title='bbox 1276 2442 1369 2494; x_wconf 74' lang='grc' dir='ltr'><strong>καὶ</strong></span> <span class='ocrx_word' id='word_1_170' title='bbox 1394 2439 1611 2514; x_wconf 81' lang='grc' dir='ltr'>ἀριθμῷ</span> <span class='ocrx_word' id='word_1_171' title='bbox 1630 2441 1872 2512; x_wconf 80' lang='grc' dir='ltr'>ληπτοϊς,</span> 
     </span>
    </p>
   </div>
   <div class='ocr_carea' id='block_1_25' title="bbox 278 2533 1876 2611">
    <p class='ocr_par' dir='ltr' id='par_1_25' title="bbox 278 2533 1876 2611">
     <span class='ocr_line' id='line_1_25' title="bbox 278 2533 1876 2611; baseline -0.002 -19"><span class='ocrx_word' id='word_1_172' title='bbox 278 2541 404 2611; x_wconf 72' lang='grc' dir='ltr'>ἦτοι</span> <span class='ocrx_word' id='word_1_173' title='bbox 431 2541 547 2602; x_wconf 88' lang='grc' dir='ltr'>τοῖς</span> <span class='ocrx_word' id='word_1_174' title='bbox 569 2538 649 2601; x_wconf 85' lang='grc' dir='ltr'><strong>είς</strong></span> <span class='ocrx_word' id='word_1_175' title='bbox 671 2537 761 2590; x_wconf 85' lang='grc' dir='ltr'><strong>τὸν</strong></span> <span class='ocrx_word' id='word_1_176' title='bbox 790 2535 1019 2608; x_wconf 83' lang='grc' dir='ltr'><strong>Σωτῆρα</strong></span> <span class='ocrx_word' id='word_1_177' title='bbox 1059 2538 1152 2590; x_wconf 76' lang='grc' dir='ltr'><strong>καὶ</strong></span> <span class='ocrx_word' id='word_1_178' title='bbox 1191 2533 1395 2607; x_wconf 86' lang='grc' dir='ltr'>Κύριον</span> <span class='ocrx_word' id='word_1_179' title='bbox 1429 2534 1584 2606; x_wconf 66' lang='grc' dir='ltr'><strong>⁴ἡμῶν</strong></span> <span class='ocrx_word' id='word_1_180' title='bbox 1607 2536 1668 2601; x_wconf 80' lang='grc' dir='ltr'>ἐξ</span> <span class='ocrx_word' id='word_1_181' title='bbox 1699 2535 1876 2589; x_wconf 81' lang='grc' dir='ltr'>αὐτῶν</span> 
     </span>
    </p>
   </div>
   <div class='ocr_carea' id='block_1_26' title="bbox 277 2629 1878 2702">
    <p class='ocr_par' dir='ltr' id='par_1_26' title="bbox 277 2629 1878 2702">
     <span class='ocr_line' id='line_1_26' title="bbox 277 2629 1878 2702; baseline -0.002 -16"><span class='ocrx_word' id='word_1_182' title='bbox 277 2632 738 2696; x_wconf 80' lang='grc' dir='ltr'>πεπιστευκόσιν,</span> <span class='ocrx_word' id='word_1_183' title='bbox 775 2631 808 2702; x_wconf 79' lang='grc' dir='ltr'>ἢ</span> <span class='ocrx_word' id='word_1_184' title='bbox 863 2634 973 2696; x_wconf 84' lang='grc' dir='ltr'>τοῖς</span> <span class='ocrx_word' id='word_1_185' title='bbox 1005 2633 1109 2702; x_wconf 69' lang='grc' dir='ltr'>πρὸ</span> <span class='ocrx_word' id='word_1_186' title='bbox 1136 2631 1234 2702; x_wconf 76' lang='grc' dir='ltr'>τῆς</span> <span class='ocrx_word' id='word_1_187' title='bbox 1272 2629 1572 2702; x_wconf 80' lang='grc' dir='ltr'>παρουσίας</span> <span class='ocrx_word' id='word_1_188' title='bbox 1600 2629 1769 2684; x_wconf 78' lang='grc' dir='ltr'>αὑτοῦ</span> <span class='ocrx_word' id='word_1_189' title='bbox 1799 2630 1878 2684; x_wconf 84' lang='grc' dir='ltr'>δε-</span> 
     </span>
    </p>
   </div>
   <div class='ocr_carea' id='block_1_27' title="bbox 277 2724 1876 2797">
    <p class='ocr_par' dir='ltr' id='par_1_27' title="bbox 277 2724 1876 2797">
     <span class='ocr_line' id='line_1_27' title="bbox 277 2724 1876 2797; baseline -0.002 -16"><span class='ocrx_word' id='word_1_190' title='bbox 277 2726 693 2797; x_wconf 81' lang='grc' dir='ltr'>δικαιωμένοις,</span> <span class='ocrx_word' id='word_1_191' title='bbox 747 2725 1035 2797; x_wconf 79' lang='grc' dir='ltr'>αὐτάρκως</span> <span class='ocrx_word' id='word_1_192' title='bbox 1085 2725 1321 2796; x_wconf 64' lang='grc' dir='ltr'><strong>⁴ἠγοῦμαι</strong></span> <span class='ocrx_word' id='word_1_193' title='bbox 1366 2724 1753 2795; x_wconf 82' lang='grc' dir='ltr'>δεδηλωκέναι,</span> <span class='ocrx_word' id='word_1_194' title='bbox 1795 2724 1876 2778; x_wconf 86' lang='grc' dir='ltr'>ὃτι</span> 
     </span>
    </p>
   </div>
   <div class='ocr_carea' id='block_1_28' title="bbox 283 2816 1876 2891">
    <p class='ocr_par' dir='ltr' id='par_1_28' title="bbox 283 2816 1876 2891">
     <span class='ocr_line' id='line_1_28' title="bbox 283 2816 1876 2891; baseline -0.001 -18"><span class='ocrx_word' id='word_1_195' title='bbox 283 2819 362 2891; x_wconf 78' lang='grc' dir='ltr'>μὴ</span> <span class='ocrx_word' id='word_1_196' title='bbox 391 2818 728 2890; x_wconf 81' lang='grc' dir='ltr'>ἀδιακρίτως</span> <span class='ocrx_word' id='word_1_197' title='bbox 773 2820 852 2882; x_wconf 84' lang='grc' dir='ltr'><strong>είς</strong></span> <span class='ocrx_word' id='word_1_198' title='bbox 884 2819 1127 2881; x_wconf 76' lang='grc' dir='ltr'>ἅπαντας</span> <span class='ocrx_word' id='word_1_199' title='bbox 1173 2817 1460 2881; x_wconf 81' lang='grc' dir='ltr'>Ἰουδαίους</span> <span class='ocrx_word' id='word_1_200' title='bbox 1481 2816 1550 2870; x_wconf 79' lang='grc' dir='ltr'><strong>τὰ</strong></span> <span class='ocrx_word' id='word_1_201' title='bbox 1585 2817 1694 2871; x_wconf 88' lang='grc' dir='ltr'><strong>τῶν</strong></span> <span class='ocrx_word' id='word_1_202' title='bbox 1717 2817 1876 2872; x_wconf 88' lang='grc' dir='ltr'>θείων</span> 
     </span>
    </p>
   </div>
   <div class='ocr_carea' id='block_1_29' title="bbox 278 2909 1874 2983">
    <p class='ocr_par' dir='ltr' id='par_1_29' title="bbox 278 2909 1874 2983">
     <span class='ocr_line' id='line_1_29' title="bbox 278 2909 1874 2983; baseline -0.001 -19"><span class='ocrx_word' id='word_1_203' title='bbox 278 2911 637 2980; x_wconf 77' lang='grc' dir='ltr'>ἐπαγγελιῶν</span> <span class='ocrx_word' id='word_1_204' title='bbox 708 2909 1027 2983; x_wconf 73' lang='grc' dir='ltr'>ἐπληροῦτο,</span> <span class='ocrx_word' id='word_1_205' title='bbox 1065 2910 1158 2964; x_wconf 75' lang='grc' dir='ltr'><strong>καὶ</strong></span> <span class='ocrx_word' id='word_1_206' title='bbox 1209 2910 1292 2962; x_wconf 84' lang='grc' dir='ltr'>ὅτι</span> <span class='ocrx_word' id='word_1_207' title='bbox 1330 2911 1402 2982; x_wconf 80' lang='grc' dir='ltr'>μὴ</span> <span class='ocrx_word' id='word_1_208' title='bbox 1433 2909 1632 2981; x_wconf 79' lang='grc' dir='ltr'>μᾶλλον</span> <span class='ocrx_word' id='word_1_209' title='bbox 1671 2910 1874 2975; x_wconf 77' lang='grc' dir='ltr'>αὐτοῖς,</span> 
     </span>
    </p>
   </div>
   <div class='ocr_carea' id='block_1_30' title="bbox 277 3002 1876 3076">
    <p class='ocr_par' dir='ltr' id='par_1_30' title="bbox 277 3002 1876 3076">
     <span class='ocr_line' id='line_1_30' title="bbox 277 3002 1876 3076; baseline -0.001 -19"><span class='ocrx_word' id='word_1_210' title='bbox 277 3005 313 3075; x_wconf 74' lang='grc' dir='ltr'><strong>ἢ</strong></span> <span class='ocrx_word' id='word_1_211' title='bbox 355 3008 471 3068; x_wconf 88' lang='grc' dir='ltr'>τοῖς</span> <span class='ocrx_word' id='word_1_212' title='bbox 493 3005 552 3071; x_wconf 78' lang='grc' dir='ltr'>ἐξ</span> <span class='ocrx_word' id='word_1_213' title='bbox 580 3003 749 3057; x_wconf 80' lang='grc' dir='ltr'>ἐθνῶν</span> <span class='ocrx_word' id='word_1_214' title='bbox 768 3005 858 3056; x_wconf 72' lang='grc' dir='ltr'>τὸν</span> <span class='ocrx_word' id='word_1_215' title='bbox 879 3003 1110 3076; x_wconf 74' lang='grc' dir='ltr'>Χριστὸν</span> <span class='ocrx_word' id='word_1_216' title='bbox 1136 3003 1230 3056; x_wconf 88' lang='grc' dir='ltr'><strong>τοῦ</strong></span> <span class='ocrx_word' id='word_1_217' title='bbox 1254 3003 1388 3056; x_wconf 82' lang='grc' dir='ltr'>Θεοῦ</span> <span class='ocrx_word' id='word_1_218' title='bbox 1414 3002 1876 3074; x_wconf 77' lang='grc' dir='ltr'>παραδεξαμένοις</span> 
     </span>
    </p>
   </div>
   <div class='ocr_carea' id='block_1_31' title="bbox 276 3087 1875 3169">
    <p class='ocr_par' dir='ltr' id='par_1_31' title="bbox 276 3087 1875 3169">
     <span class='ocr_line' id='line_1_31' title="bbox 276 3087 1875 3169; baseline 0 -19"><span class='ocrx_word' id='word_1_219' title='bbox 276 3098 350 3151; x_wconf 73' lang='grc' dir='ltr'>τὰ</span> <span class='ocrx_word' id='word_1_220' title='bbox 380 3098 491 3151; x_wconf 88' lang='grc' dir='ltr'><strong>τῶν</strong></span> <span class='ocrx_word' id='word_1_221' title='bbox 520 3096 818 3169; x_wconf 68' lang='grc' dir='ltr'>προφητῶν</span> <span class='ocrx_word' id='word_1_222' title='bbox 839 3097 1170 3168; x_wconf 78' lang='grc' dir='ltr'>ὲφαρμόττει</span> <span class='ocrx_word' id='word_1_223' title='bbox 1197 3096 1372 3166; x_wconf 84' lang='grc' dir='ltr'>λόγια.</span> <span class='ocrx_word' id='word_1_224' title='bbox 1407 3087 1501 3161; x_wconf 88' lang='grc' dir='ltr'><strong>Τίς</strong></span> <span class='ocrx_word' id='word_1_225' title='bbox 1529 3097 1584 3150; x_wconf 84' lang='grc' dir='ltr'>δὲ</span> <span class='ocrx_word' id='word_1_226' title='bbox 1617 3093 1684 3169; x_wconf 78' lang='grc' dir='ltr'>ἦν</span> <span class='ocrx_word' id='word_1_227' title='bbox 1714 3095 1875 3169; x_wconf 76' lang='grc' dir='ltr'>ἡτῶν</span> 
     </span>
    </p>
   </div>
   <div class='ocr_carea' id='block_1_32' title="bbox 279 3187 1874 3262">
    <p class='ocr_par' dir='ltr' id='par_1_32' title="bbox 279 3187 1874 3262">
     <span class='ocr_line' id='line_1_32' title="bbox 279 3187 1874 3262; baseline 0 -20"><span class='ocrx_word' id='word_1_228' title='bbox 279 3188 446 3244; x_wconf 84' lang='grc' dir='ltr'>θείων</span> <span class='ocrx_word' id='word_1_229' title='bbox 485 3189 832 3259; x_wconf 77' lang='grc' dir='ltr'>ἐπαγγελιῶν</span> <span class='ocrx_word' id='word_1_230' title='bbox 867 3189 1091 3252; x_wconf 81' lang='grc' dir='ltr'>διάνοια,</span> <span class='ocrx_word' id='word_1_231' title='bbox 1127 3187 1268 3242; x_wconf 84' lang='grc' dir='ltr'>κατὰ</span> <span class='ocrx_word' id='word_1_232' title='bbox 1305 3188 1498 3261; x_wconf 79' lang='grc' dir='ltr'>καιρὸν</span> <span class='ocrx_word' id='word_1_233' title='bbox 1561 3189 1655 3244; x_wconf 83' lang='grc' dir='ltr'><strong>τὸν</strong></span> <span class='ocrx_word' id='word_1_234' title='bbox 1701 3207 1874 3262; x_wconf 86' lang='grc' dir='ltr'>προσ-</span> 
     </span>
    </p>
   </div>
   <div class='ocr_carea' id='block_1_33' title="bbox 287 3281 1876 3355">
    <p class='ocr_par' dir='ltr' id='par_1_33' title="bbox 287 3281 1876 3355">
     <span class='ocr_line' id='line_1_33' title="bbox 287 3281 1876 3355; baseline 0.001 -19"><span class='ocrx_word' id='word_1_235' title='bbox 287 3286 498 3353; x_wconf 70' lang='grc' dir='ltr'>ήκοντα</span> <span class='ocrx_word' id='word_1_236' title='bbox 547 3285 904 3355; x_wconf 76' lang='grc' dir='ltr'>παραστήσω.</span> <span class='ocrx_word' id='word_1_237' title='bbox 962 3281 1147 3335; x_wconf 82' lang='grc' dir='ltr'>Ταῦτα</span> <span class='ocrx_word' id='word_1_238' title='bbox 1177 3282 1232 3334; x_wconf 81' lang='grc' dir='ltr'>δὲ</span> <span class='ocrx_word' id='word_1_239' title='bbox 1289 3281 1363 3345; x_wconf 81' lang='grc' dir='ltr'><strong>ὡς</strong></span> <span class='ocrx_word' id='word_1_240' title='bbox 1423 3282 1735 3351; x_wconf 85' lang='grc' dir='ltr'>ἀναγκαίως</span> <span class='ocrx_word' id='word_1_241' title='bbox 1785 3301 1876 3353; x_wconf 89' lang='grc' dir='ltr'><strong>μοι</strong></span> 
     </span>
    </p>
   </div>
   <div class='ocr_carea' id='block_1_34' title="bbox 284 3373 1878 3452">
    <p class='ocr_par' dir='ltr' id='par_1_34' title="bbox 284 3373 1878 3452">
     <span class='ocr_line' id='line_1_34' title="bbox 284 3373 1878 3452; baseline -0.001 -23"><span class='ocrx_word' id='word_1_242' title='bbox 284 3377 632 3429; x_wconf 85' lang='grc' dir='ltr'>συνείλεκται</span> <span class='ocrx_word' id='word_1_243' title='bbox 663 3377 740 3440; x_wconf 85' lang='grc' dir='ltr'>εἰς</span> <span class='ocrx_word' id='word_1_244' title='bbox 781 3375 998 3452; x_wconf 81' lang='grc' dir='ltr'>ἔλεγχον</span> <span class='ocrx_word' id='word_1_245' title='bbox 1042 3374 1148 3426; x_wconf 87' lang='grc' dir='ltr'><strong>τῶν</strong></span> <span class='ocrx_word' id='word_1_246' title='bbox 1175 3375 1238 3426; x_wconf 81' lang='grc' dir='ltr'>ὲκ</span> <span class='ocrx_word' id='word_1_247' title='bbox 1276 3373 1597 3445; x_wconf 82' lang='grc' dir='ltr'>περιτομῆς,</span> <span class='ocrx_word' id='word_1_248' title='bbox 1626 3373 1716 3427; x_wconf 83' lang='grc' dir='ltr'>ὑπ’</span> <span class='ocrx_word' id='word_1_249' title='bbox 1755 3374 1878 3427; x_wconf 85' lang='grc' dir='ltr'>ἀλό-</span> 
     </span>
    </p>
   </div>
   <div class='ocr_carea' id='block_1_35' title="bbox 279 3465 1879 3540">
    <p class='ocr_par' dir='ltr' id='par_1_35' title="bbox 279 3465 1879 3540">
     <span class='ocr_line' id='line_1_35' title="bbox 279 3465 1879 3540; baseline -0.002 -17"><span class='ocrx_word' id='word_1_250' title='bbox 279 3487 384 3539; x_wconf 85' lang='grc' dir='ltr'><strong>γου</strong></span> <span class='ocrx_word' id='word_1_251' title='bbox 418 3469 796 3540; x_wconf 77' lang='grc' dir='ltr'>μεγαλαυχίας</span> <span class='ocrx_word' id='word_1_252' title='bbox 858 3469 1037 3538; x_wconf 85' lang='grc' dir='ltr'>μόνοις</span> <span class='ocrx_word' id='word_1_253' title='bbox 1081 3468 1264 3531; x_wconf 72' lang='grc' dir='ltr'>αὐτοῖς</span> <span class='ocrx_word' id='word_1_254' title='bbox 1299 3465 1387 3519; x_wconf 78' lang='grc' dir='ltr'><strong>τὸν</strong></span> <span class='ocrx_word' id='word_1_255' title='bbox 1417 3466 1646 3538; x_wconf 86' lang='grc' dir='ltr'>Χριστὸν</span> <span class='ocrx_word' id='word_1_256' title='bbox 1692 3467 1879 3538; x_wconf 74' lang='grc' dir='ltr'>ἐπιδη-</span> 
     </span>
    </p>
   </div>
   <div class='ocr_carea' id='block_1_36' title="bbox 283 3558 1876 3634">
    <p class='ocr_par' dir='ltr' id='par_1_36' title="bbox 283 3558 1876 3634">
     <span class='ocr_line' id='line_1_36' title="bbox 283 3558 1876 3634; baseline -0.001 -20"><span class='ocrx_word' id='word_1_257' title='bbox 283 3565 508 3634; x_wconf 83' lang='grc' dir='ltr'>μήσειν,</span> <span class='ocrx_word' id='word_1_258' title='bbox 543 3563 664 3632; x_wconf 72' lang='grc' dir='ltr'>οὐχὶ</span> <span class='ocrx_word' id='word_1_259' title='bbox 683 3561 736 3613; x_wconf 78' lang='grc' dir='ltr'>δὲ</span> <span class='ocrx_word' id='word_1_260' title='bbox 765 3563 858 3614; x_wconf 73' lang='grc' dir='ltr'><strong>καὶ</strong></span> <span class='ocrx_word' id='word_1_261' title='bbox 903 3563 1067 3614; x_wconf 71' lang='grc' dir='ltr'>πᾶσιν</span> <span class='ocrx_word' id='word_1_262' title='bbox 1111 3558 1418 3632; x_wconf 82' lang='grc' dir='ltr'>ἀνθρώποις</span> <span class='ocrx_word' id='word_1_263' title='bbox 1449 3558 1876 3631; x_wconf 78' lang='grc' dir='ltr'>ὲπαυθαδιζομέ-</span> 
     </span>
    </p>
   </div>
   <div class='ocr_carea' id='block_1_37' title="bbox 281 3649 1874 3723">
    <p class='ocr_par' dir='ltr' id='par_1_37' title="bbox 281 3649 1874 3723">
     <span class='ocr_line' id='line_1_37' title="bbox 281 3649 1874 3723; baseline -0.003 -16"><span class='ocrx_word' id='word_1_264' title='bbox 281 3672 414 3719; x_wconf 87' lang='grc' dir='ltr'>νων,</span> <span class='ocrx_word' id='word_1_265' title='bbox 450 3653 532 3717; x_wconf 81' lang='grc' dir='ltr'>εἷς</span> <span class='ocrx_word' id='word_1_266' title='bbox 560 3670 619 3706; x_wconf 89' lang='grc' dir='ltr'><strong>τε</strong></span> <span class='ocrx_word' id='word_1_267' title='bbox 646 3652 920 3720; x_wconf 75' lang='grc' dir='ltr'>ἀπόδειξιν</span> <span class='ocrx_word' id='word_1_268' title='bbox 958 3653 1056 3722; x_wconf 83' lang='grc' dir='ltr'>τῆς</span> <span class='ocrx_word' id='word_1_269' title='bbox 1088 3652 1244 3723; x_wconf 78' lang='grc' dir='ltr'>ἡμῶν</span> <span class='ocrx_word' id='word_1_270' title='bbox 1270 3651 1449 3706; x_wconf 82' lang='grc' dir='ltr'>αὐτῶν</span> <span class='ocrx_word' id='word_1_271' title='bbox 1482 3649 1609 3722; x_wconf 84' lang='grc' dir='ltr'>περὶ</span> <span class='ocrx_word' id='word_1_272' title='bbox 1637 3651 1706 3704; x_wconf 76' lang='grc' dir='ltr'>τὰ</span> <span class='ocrx_word' id='word_1_273' title='bbox 1735 3651 1874 3705; x_wconf 73' lang='grc' dir='ltr'>ὲκείο</span> 
     </span>
    </p>
   </div>
   <div class='ocr_carea' id='block_1_38' title="bbox 283 3743 1874 3818">
    <p class='ocr_par' dir='ltr' id='par_1_38' title="bbox 283 3743 1874 3818">
     <span class='ocr_line' id='line_1_38' title="bbox 283 3743 1874 3818; baseline 0 -20"><span class='ocrx_word' id='word_1_274' title='bbox 283 3765 392 3799; x_wconf 85' lang='grc' dir='ltr'><strong>νων</strong></span> <span class='ocrx_word' id='word_1_275' title='bbox 426 3746 588 3814; x_wconf 81' lang='grc' dir='ltr'>λόγια</span> <span class='ocrx_word' id='word_1_276' title='bbox 643 3746 865 3813; x_wconf 83' lang='grc' dir='ltr'>εὐλόγου</span> <span class='ocrx_word' id='word_1_277' title='bbox 901 3745 1152 3814; x_wconf 80' lang='grc' dir='ltr'>σπουδῆς.</span> <span class='ocrx_word' id='word_1_278' title='bbox 1187 3746 1422 3817; x_wconf 79' lang='grc' dir='ltr'>Συνέστη</span> <span class='ocrx_word' id='word_1_279' title='bbox 1450 3745 1504 3798; x_wconf 85' lang='grc' dir='ltr'><strong>δέ</strong></span> <span class='ocrx_word' id='word_1_280' title='bbox 1534 3765 1623 3818; x_wconf 89' lang='grc' dir='ltr'><strong>μοι</strong></span> <span class='ocrx_word' id='word_1_281' title='bbox 1663 3744 1748 3799; x_wconf 79' lang='grc' dir='ltr'>διὰ</span> <span class='ocrx_word' id='word_1_282' title='bbox 1780 3743 1874 3798; x_wconf 90' lang='grc' dir='ltr'><strong>τοῦ</strong></span> 
     </span>
    </p>
   </div>
   <div class='ocr_carea' id='block_1_39' title="bbox 284 3837 1876 3911">
    <p class='ocr_par' dir='ltr' id='par_1_39' title="bbox 284 3837 1876 3911">
     <span class='ocr_line' id='line_1_39' title="bbox 284 3837 1876 3911; baseline 0 -21"><span class='ocrx_word' id='word_1_283' title='bbox 284 3839 398 3911; x_wconf 79' lang='grc' dir='ltr'>πρὸ</span> <span class='ocrx_word' id='word_1_284' title='bbox 421 3838 619 3891; x_wconf 81' lang='grc' dir='ltr'>τούτου</span> <span class='ocrx_word' id='word_1_285' title='bbox 645 3837 1072 3908; x_wconf 78' lang='grc' dir='ltr'>συγγράμματος</span> <span class='ocrx_word' id='word_1_286' title='bbox 1102 3838 1194 3890; x_wconf 74' lang='grc' dir='ltr'>καὶ</span> <span class='ocrx_word' id='word_1_287' title='bbox 1227 3838 1286 3890; x_wconf 83' lang='grc' dir='ltr'>τὺ</span> <span class='ocrx_word' id='word_1_288' title='bbox 1317 3838 1487 3891; x_wconf 84' lang='grc' dir='ltr'>αἴτιον</span> <span class='ocrx_word' id='word_1_289' title='bbox 1507 3837 1600 3892; x_wconf 85' lang='grc' dir='ltr'><strong>τοῦ</strong></span> <span class='ocrx_word' id='word_1_290' title='bbox 1630 3839 1703 3911; x_wconf 84' lang='grc' dir='ltr'>μὴ</span> <span class='ocrx_word' id='word_1_291' title='bbox 1749 3839 1876 3891; x_wconf 76' lang='grc' dir='ltr'>Ἰου-</span> 
     </span>
    </p>
   </div>
   <div class='ocr_carea' id='block_1_40' title="bbox 281 3930 1876 4003">
    <p class='ocr_par' dir='ltr' id='par_1_40' title="bbox 281 3930 1876 4003">
     <span class='ocr_line' id='line_1_40' title="bbox 281 3930 1876 4003; baseline -0.001 -19"><span class='ocrx_word' id='word_1_292' title='bbox 281 3931 492 3996; x_wconf 74' lang='grc' dir='ltr'>δαῖζειν</span> <span class='ocrx_word' id='word_1_293' title='bbox 527 3933 698 4002; x_wconf 78' lang='grc' dir='ltr'>ἡμᾶς,</span> <span class='ocrx_word' id='word_1_294' title='bbox 734 3932 827 3983; x_wconf 75' lang='grc' dir='ltr'><strong>καὶ</strong></span> <span class='ocrx_word' id='word_1_295' title='bbox 871 3930 1037 3983; x_wconf 85' lang='grc' dir='ltr'>ταῦτα</span> <span class='ocrx_word' id='word_1_296' title='bbox 1060 3934 1180 3994; x_wconf 83' lang='grc' dir='ltr'>ταῖς</span> <span class='ocrx_word' id='word_1_297' title='bbox 1213 3931 1390 3984; x_wconf 80' lang='grc' dir='ltr'>αὐτῶν</span> <span class='ocrx_word' id='word_1_298' title='bbox 1427 3931 1714 4001; x_wconf 82' lang='grc' dir='ltr'>χαίροντας</span> <span class='ocrx_word' id='word_1_299' title='bbox 1746 3947 1876 4003; x_wconf 86' lang='grc' dir='ltr'>προ-</span> 
     </span>
    </p>
   </div>
   <div class='ocr_carea' id='block_1_41' title="bbox 284 4023 1876 4096">
    <p class='ocr_par' dir='ltr' id='par_1_41' title="bbox 284 4023 1876 4096">
     <span class='ocr_line' id='line_1_41' title="bbox 284 4023 1876 4096; baseline 0 -20"><span class='ocrx_word' id='word_1_300' title='bbox 284 4027 546 4096; x_wconf 72' lang='grc' dir='ltr'>φητικαίς</span> <span class='ocrx_word' id='word_1_301' title='bbox 583 4023 846 4094; x_wconf 77' lang='grc' dir='ltr'>Γραφαίς.</span> <span class='ocrx_word' id='word_1_302' title='bbox 903 4023 1060 4076; x_wconf 74' lang='grc' dir='ltr'>Ἀλλὰ</span> <span class='ocrx_word' id='word_1_303' title='bbox 1118 4024 1210 4077; x_wconf 74' lang='grc' dir='ltr'>καὶ</span> <span class='ocrx_word' id='word_1_304' title='bbox 1231 4024 1412 4086; x_wconf 84' lang='grc' dir='ltr'>ὁποῖος</span> <span class='ocrx_word' id='word_1_305' title='bbox 1461 4027 1487 4077; x_wconf 80' lang='grc' dir='ltr'>ὁ</span> <span class='ocrx_word' id='word_1_306' title='bbox 1515 4024 1627 4094; x_wconf 76' lang='grc' dir='ltr'>βίος</span> <span class='ocrx_word' id='word_1_307' title='bbox 1675 4023 1876 4093; x_wconf 87' lang='grc' dir='ltr'>τυγχά-</span> 
     </span>
    </p>
   </div>
   <div class='ocr_carea' id='block_1_42' title="bbox 283 4113 1876 4185">
    <p class='ocr_par' dir='ltr' id='par_1_42' title="bbox 283 4113 1876 4185">
     <span class='ocr_line' id='line_1_42' title="bbox 283 4113 1876 4185; baseline -0.003 -15"><span class='ocrx_word' id='word_1_308' title='bbox 283 4133 382 4179; x_wconf 88' lang='grc' dir='ltr'>νει,</span> <span class='ocrx_word' id='word_1_309' title='bbox 418 4119 449 4168; x_wconf 80' lang='grc' dir='ltr'>ὁ</span> <span class='ocrx_word' id='word_1_310' title='bbox 476 4115 566 4168; x_wconf 72' lang='grc' dir='ltr'><strong>διὰ</strong></span> <span class='ocrx_word' id='word_1_311' title='bbox 598 4113 692 4166; x_wconf 89' lang='grc' dir='ltr'><strong>τοῦ</strong></span> <span class='ocrx_word' id='word_1_312' title='bbox 738 4113 974 4185; x_wconf 77' lang='grc' dir='ltr'>Χριστοῦ</span> <span class='ocrx_word' id='word_1_313' title='bbox 1014 4115 1148 4166; x_wconf 78' lang='grc' dir='ltr'>πᾶσι</span> <span class='ocrx_word' id='word_1_314' title='bbox 1177 4116 1289 4176; x_wconf 82' lang='grc' dir='ltr'>τοῖς</span> <span class='ocrx_word' id='word_1_315' title='bbox 1321 4113 1497 4167; x_wconf 76' lang='grc' dir='ltr'>ἔθνεσι</span> <span class='ocrx_word' id='word_1_316' title='bbox 1527 4113 1876 4185; x_wconf 81' lang='grc' dir='ltr'>κεκηρυγμέ-</span> 
     </span>
    </p>
   </div>
   <div class='ocr_carea' id='block_1_43' title="bbox 282 4205 1874 4278">
    <p class='ocr_par' dir='ltr' id='par_1_43' title="bbox 282 4205 1874 4278">
     <span class='ocr_line' id='line_1_43' title="bbox 282 4205 1874 4278; baseline -0.001 -18"><span class='ocrx_word' id='word_1_317' title='bbox 282 4227 392 4272; x_wconf 86' lang='grc' dir='ltr'>νος,</span> <span class='ocrx_word' id='word_1_318' title='bbox 424 4209 461 4278; x_wconf 75' lang='grc' dir='ltr'>ἦ</span> <span class='ocrx_word' id='word_1_319' title='bbox 492 4225 553 4260; x_wconf 89' lang='grc' dir='ltr'><strong>τε</strong></span> <span class='ocrx_word' id='word_1_320' title='bbox 621 4207 917 4277; x_wconf 80' lang='grc' dir='ltr'>ἀρχαιότης</span> <span class='ocrx_word' id='word_1_321' title='bbox 963 4205 1057 4258; x_wconf 87' lang='grc' dir='ltr'><strong>τοῦ</strong></span> <span class='ocrx_word' id='word_1_322' title='bbox 1115 4207 1316 4277; x_wconf 84' lang='grc' dir='ltr'>τρόπου</span> <span class='ocrx_word' id='word_1_323' title='bbox 1368 4208 1465 4276; x_wconf 76' lang='grc' dir='ltr'><strong>τῆς</strong></span> <span class='ocrx_word' id='word_1_324' title='bbox 1515 4206 1874 4276; x_wconf 79' lang='grc' dir='ltr'>εύαγγελικῆς</span> 
     </span>
    </p>
   </div>
   <div class='ocr_carea' id='block_1_44' title="bbox 283 4293 1876 4370">
    <p class='ocr_par' dir='ltr' id='par_1_44' title="bbox 283 4293 1876 4370">
     <span class='ocr_line' id='line_1_44' title="bbox 283 4293 1876 4370; baseline -0.002 -17"><span class='ocrx_word' id='word_1_325' title='bbox 283 4300 590 4364; x_wconf 82' lang='grc' dir='ltr'>πολιτείας,</span> <span class='ocrx_word' id='word_1_326' title='bbox 623 4300 699 4362; x_wconf 84' lang='grc' dir='ltr'>ὼς</span> <span class='ocrx_word' id='word_1_327' title='bbox 753 4293 867 4352; x_wconf 71' lang='grc' dir='ltr'>οἷόν</span> <span class='ocrx_word' id='word_1_328' title='bbox 907 4316 964 4352; x_wconf 89' lang='grc' dir='ltr'><strong>τε</strong></span> <span class='ocrx_word' id='word_1_329' title='bbox 996 4294 1082 4370; x_wconf 71' lang='grc' dir='ltr'><strong>ἦν,</strong></span> <span class='ocrx_word' id='word_1_330' title='bbox 1115 4299 1172 4351; x_wconf 83' lang='grc' dir='ltr'>ὲν</span> <span class='ocrx_word' id='word_1_331' title='bbox 1210 4299 1356 4370; x_wconf 80' lang='grc' dir='ltr'>αύτῷ</span> <span class='ocrx_word' id='word_1_332' title='bbox 1391 4299 1695 4370; x_wconf 75' lang='grc' dir='ltr'>διελήλυθα.</span> <span class='ocrx_word' id='word_1_333' title='bbox 1742 4299 1876 4351; x_wconf 88' lang='grc' dir='ltr'>Τού-</span> 
     </span>
    </p>
   </div>
   <div class='ocr_carea' id='block_1_45' title="bbox 285 4391 1876 4465">
    <p class='ocr_par' dir='ltr' id='par_1_45' title="bbox 285 4391 1876 4465">
     <span class='ocr_line' id='line_1_45' title="bbox 285 4391 1876 4465; baseline -0.003 -17"><span class='ocrx_word' id='word_1_334' title='bbox 285 4413 389 4448; x_wconf 87' lang='grc' dir='ltr'><strong>των</strong></span> <span class='ocrx_word' id='word_1_335' title='bbox 422 4395 469 4447; x_wconf 79' lang='grc' dir='ltr'>δ’</span> <span class='ocrx_word' id='word_1_336' title='bbox 498 4397 531 4465; x_wconf 78' lang='grc' dir='ltr'><strong>ἡ</strong></span> <span class='ocrx_word' id='word_1_337' title='bbox 541 4397 636 4465; x_wconf 84' lang='grc' dir='ltr'><strong>μίν</strong></span> <span class='ocrx_word' id='word_1_338' title='bbox 667 4392 1076 4463; x_wconf 84' lang='grc' dir='ltr'>προηνυμένων,</span> <span class='ocrx_word' id='word_1_339' title='bbox 1108 4393 1208 4463; x_wconf 70' lang='grc' dir='ltr'>ἤδη</span> <span class='ocrx_word' id='word_1_340' title='bbox 1245 4392 1372 4446; x_wconf 82' lang='grc' dir='ltr'>ποτὲ</span> <span class='ocrx_word' id='word_1_341' title='bbox 1411 4391 1598 4464; x_wconf 79' lang='grc' dir='ltr'>καιρὸς</span> <span class='ocrx_word' id='word_1_342' title='bbox 1632 4393 1876 4463; x_wconf 77' lang='grc' dir='ltr'>ἀπορρη-</span> 
     </span>
    </p>
   </div>
   <div class='ocr_carea' id='block_1_46' title="bbox 283 4482 1871 4558">
    <p class='ocr_par' dir='ltr' id='par_1_46' title="bbox 283 4482 1871 4558">
     <span class='ocr_line' id='line_1_46' title="bbox 283 4482 1871 4558; baseline -0.004 -18"><span class='ocrx_word' id='word_1_343' title='bbox 283 4487 522 4558; x_wconf 84' lang='grc' dir='ltr'>τοτέρων</span> <span class='ocrx_word' id='word_1_344' title='bbox 551 4483 788 4554; x_wconf 71' lang='grc' dir='ltr'>ἅψασθαι</span> <span class='ocrx_word' id='word_1_345' title='bbox 815 4483 1007 4551; x_wconf 80' lang='grc' dir='ltr'>λόγων,</span> <span class='ocrx_word' id='word_1_346' title='bbox 1035 4483 1144 4537; x_wconf 88' lang='grc' dir='ltr'><strong>τῶν</strong></span> <span class='ocrx_word' id='word_1_347' title='bbox 1175 4484 1301 4555; x_wconf 79' lang='grc' dir='ltr'>περὶ</span> <span class='ocrx_word' id='word_1_348' title='bbox 1329 4483 1426 4553; x_wconf 77' lang='grc' dir='ltr'>τῆς</span> <span class='ocrx_word' id='word_1_349' title='bbox 1454 4483 1594 4536; x_wconf 79' lang='grc' dir='ltr'><strong>κατά</strong></span> <span class='ocrx_word' id='word_1_350' title='bbox 1628 4482 1720 4536; x_wconf 76' lang='grc' dir='ltr'><strong>τὸν</strong></span> <span class='ocrx_word' id='word_1_351' title='bbox 1755 4483 1871 4535; x_wconf 92' lang='grc' dir='ltr'><strong>Σω-</strong></span> 
     </span>
    </p>
   </div>
   <div class='ocr_carea' id='block_1_47' title="bbox 3457 390 3552 447">
    <p class='ocr_par' dir='ltr' id='par_1_47' title="bbox 3457 390 3552 447">
     <span class='ocr_line' id='line_1_47' title="bbox 3457 390 3552 447; baseline 0.011 -1"><span class='ocrx_word' id='word_1_352' title='bbox 3457 390 3552 447; x_wconf 69' lang='grc'><strong>162</strong></span> 
     </span>
    </p>
   </div>
   <div class='ocr_carea' id='block_1_48' title="bbox 2523 503 3027 562">
    <p class='ocr_par' dir='ltr' id='par_1_48' title="bbox 2523 503 3027 562">
     <span class='ocr_line' id='line_1_48' title="bbox 2523 503 3027 562; baseline 0.004 -4"><span class='ocrx_word' id='word_1_353' title='bbox 2523 503 2659 560; x_wconf 76' lang='lat' dir='ltr'><strong>LIX.</strong></span> <span class='ocrx_word' id='word_1_354' title='bbox 2702 505 2780 559; x_wconf 77' lang='lat' dir='ltr'><strong>Ab</strong></span> <span class='ocrx_word' id='word_1_355' title='bbox 2829 506 3027 562; x_wconf 83' lang='lat' dir='ltr'><strong>eodem.</strong></span> 
     </span>
    </p>
   </div>
   <div class='ocr_carea' id='block_1_49' title="bbox 2055 593 3554 667">
    <p class='ocr_par' dir='ltr' id='par_1_49' title="bbox 2055 593 3554 667">
     <span class='ocr_line' id='line_1_49' title="bbox 2055 593 3554 667; baseline 0.009 -21"><span class='ocrx_word' id='word_1_356' title='bbox 2055 611 2075 646; x_wconf 80' lang='grc' dir='ltr'><strong>ι</strong></span> <span class='ocrx_word' id='word_1_357' title='bbox 2118 593 2241 650; x_wconf 61' lang='lat' dir='ltr'><strong>[Iac</strong></span> <span class='ocrx_word' id='word_1_358' title='bbox 2299 594 2435 652; x_wconf 97' lang='lat' dir='ltr'><strong>dicit</strong></span> <span class='ocrx_word' id='word_1_359' title='bbox 2484 597 2693 653; x_wconf 79' lang='lat' dir='ltr'><strong>Adonai</strong></span> <span class='ocrx_word' id='word_1_360' title='bbox 2752 597 3015 656; x_wconf 88' lang='lat' dir='ltr'><strong>Dominus</strong></span> <span class='ocrx_word' id='word_1_361' title='bbox 3052 620 3064 654; x_wconf 87' lang='lat'><strong><em>:</em></strong></span> <span class='ocrx_word' id='word_1_362' title='bbox 3096 598 3249 667; x_wconf 88' lang='lat' dir='ltr'><strong>Quod</strong></span> <span class='ocrx_word' id='word_1_363' title='bbox 3297 603 3343 656; x_wconf 91' lang='lat' dir='ltr'><strong>si</strong></span> <span class='ocrx_word' id='word_1_364' title='bbox 3390 602 3554 659; x_wconf 78' lang='lat' dir='ltr'><strong>etiam</strong></span> 
     </span>
    </p>
   </div>
   <div class='ocr_carea' id='block_1_50' title="bbox 1979 685 3556 760">
    <p class='ocr_par' dir='ltr' id='par_1_50' title="bbox 1979 685 3556 760">
     <span class='ocr_line' id='line_1_50' title="bbox 1979 685 3556 760; baseline 0.008 -22"><span class='ocrx_word' id='word_1_365' title='bbox 1979 694 2212 756; x_wconf 92' lang='lat' dir='ltr'><strong>quatuor</strong></span> <span class='ocrx_word' id='word_1_366' title='bbox 2230 685 2464 743; x_wconf 77' lang='lat' dir='ltr'><strong>ultiones</strong></span> <span class='ocrx_word' id='word_1_367' title='bbox 2480 703 2630 744; x_wconf 89' lang='lat' dir='ltr'><strong>meas</strong></span> <span class='ocrx_word' id='word_1_368' title='bbox 2661 689 2852 753; x_wconf 87' lang='lat' dir='ltr'><strong>malas,</strong></span> <span class='ocrx_word' id='word_1_369' title='bbox 2885 689 3143 760; x_wconf 89' lang='lat' dir='ltr'><strong>gladium,</strong></span> <span class='ocrx_word' id='word_1_370' title='bbox 3174 699 3228 748; x_wconf 89' lang='lat' dir='ltr'><strong>et</strong></span> <span class='ocrx_word' id='word_1_371' title='bbox 3261 691 3478 760; x_wconf 73' lang='lat' dir='ltr'><strong>famem,</strong></span> <span class='ocrx_word' id='word_1_372' title='bbox 3500 705 3556 750; x_wconf 79' lang='lat' dir='ltr'><strong>et</strong></span> 
     </span>
    </p>
   </div>
   <div class='ocr_carea' id='block_1_51' title="bbox 1978 776 3554 852">
    <p class='ocr_par' dir='ltr' id='par_1_51' title="bbox 1978 776 3554 852">
     <span class='ocr_line' id='line_1_51' title="bbox 1978 776 3554 852; baseline 0.006 -20"><span class='ocrx_word' id='word_1_373' title='bbox 1978 776 2183 832; x_wconf 75' lang='lat' dir='ltr'><strong>bestias</strong></span> <span class='ocrx_word' id='word_1_374' title='bbox 2215 777 2408 844; x_wconf 87' lang='lat' dir='ltr'><strong>malas,</strong></span> <span class='ocrx_word' id='word_1_375' title='bbox 2443 785 2498 834; x_wconf 91' lang='lat' dir='ltr'><strong>et</strong></span> <span class='ocrx_word' id='word_1_376' title='bbox 2535 788 2768 834; x_wconf 87' lang='lat' dir='ltr'><strong>mortem</strong></span> <span class='ocrx_word' id='word_1_377' title='bbox 2817 782 3053 836; x_wconf 85' lang='lat' dir='ltr'><strong>emisero</strong></span> <span class='ocrx_word' id='word_1_378' title='bbox 3101 797 3263 852; x_wconf 84' lang='lat' dir='ltr'><strong>super</strong></span> <span class='ocrx_word' id='word_1_379' title='bbox 3295 781 3554 841; x_wconf 84' lang='lat' dir='ltr'><strong>Hierusa-</strong></span> 
     </span>
    </p>
   </div>
   <div class='ocr_carea' id='block_1_52' title="bbox 1979 869 3549 944">
    <p class='ocr_par' dir='ltr' id='par_1_52' title="bbox 1979 869 3549 944">
     <span class='ocr_line' id='line_1_52' title="bbox 1979 869 3549 944; baseline 0.004 -21"><span class='ocrx_word' id='word_1_380' title='bbox 1979 869 2108 933; x_wconf 92' lang='lat' dir='ltr'><strong>lem,</strong></span> <span class='ocrx_word' id='word_1_381' title='bbox 2142 870 2214 924; x_wconf 83' lang='lat' dir='ltr'><strong>ad</strong></span> <span class='ocrx_word' id='word_1_382' title='bbox 2240 872 2572 941; x_wconf 88' lang='lat' dir='ltr'><strong>perdendum</strong></span> <span class='ocrx_word' id='word_1_383' title='bbox 2613 888 2677 928; x_wconf 82' lang='lat' dir='ltr'><strong>ex</strong></span> <span class='ocrx_word' id='word_1_384' title='bbox 2718 889 2780 928; x_wconf 91' lang='lat' dir='ltr'><strong>ea</strong></span> <span class='ocrx_word' id='word_1_385' title='bbox 2810 874 3086 930; x_wconf 86' lang='lat' dir='ltr'><strong>hominem</strong></span> <span class='ocrx_word' id='word_1_386' title='bbox 3129 883 3182 930; x_wconf 91' lang='lat' dir='ltr'><strong>et</strong></span> <span class='ocrx_word' id='word_1_387' title='bbox 3219 875 3549 944; x_wconf 89' lang='lat' dir='ltr'><strong>jumentum,</strong></span> 
     </span>
    </p>
   </div>
   <div class='ocr_carea' id='block_1_53' title="bbox 1977 963 3547 1036">
    <p class='ocr_par' dir='ltr' id='par_1_53' title="bbox 1977 963 3547 1036">
     <span class='ocr_line' id='line_1_53' title="bbox 1977 963 3547 1036; baseline 0.003 -18"><span class='ocrx_word' id='word_1_388' title='bbox 1977 971 2032 1019; x_wconf 88' lang='lat' dir='ltr'><strong>et</strong></span> <span class='ocrx_word' id='word_1_389' title='bbox 2057 978 2185 1018; x_wconf 91' lang='lat' dir='ltr'><strong>ecce</strong></span> <span class='ocrx_word' id='word_1_390' title='bbox 2213 963 2303 1034; x_wconf 90' lang='lat' dir='ltr'><strong>qui</strong></span> <span class='ocrx_word' id='word_1_391' title='bbox 2336 963 2509 1020; x_wconf 89' lang='lat' dir='ltr'><strong>relicti</strong></span> <span class='ocrx_word' id='word_1_392' title='bbox 2546 963 2748 1019; x_wconf 80' lang='lat' dir='ltr'><strong>fuerint</strong></span> <span class='ocrx_word' id='word_1_393' title='bbox 2783 967 2838 1020; x_wconf 90' lang='lat' dir='ltr'><strong>in</strong></span> <span class='ocrx_word' id='word_1_394' title='bbox 2867 981 2952 1028; x_wconf 91' lang='lat' dir='ltr'><strong>ea,</strong></span> <span class='ocrx_word' id='word_1_395' title='bbox 2985 967 3078 1036; x_wconf 89' lang='lat' dir='ltr'><strong>qui</strong></span> <span class='ocrx_word' id='word_1_396' title='bbox 3109 969 3418 1023; x_wconf 78' lang='lat' dir='ltr'><strong>conservati</strong></span> <span class='ocrx_word' id='word_1_397' title='bbox 3447 967 3492 1001; x_wconf 80' lang='grc'><strong>⁸⁷</strong></span> <span class='ocrx_word' id='word_1_398' title='bbox 3528 990 3547 1022; x_wconf 74' lang='grc' dir='ltr'><strong>ι</strong></span> 
     </span>
    </p>
   </div>
   <div class='ocr_carea' id='block_1_54' title="bbox 1977 1056 3554 1131">
    <p class='ocr_par' dir='ltr' id='par_1_54' title="bbox 1977 1056 3554 1131">
     <span class='ocr_line' id='line_1_54' title="bbox 1977 1056 3554 1131; baseline 0.003 -19"><span class='ocrx_word' id='word_1_399' title='bbox 1977 1065 2032 1112; x_wconf 87' lang='lat' dir='ltr'><strong>ct</strong></span> <span class='ocrx_word' id='word_1_400' title='bbox 2069 1064 2283 1112; x_wconf 58' lang='lat' dir='ltr'><strong>cetera.</strong></span> <span class='ocrx_word' id='word_1_401' title='bbox 2321 1056 2446 1112; x_wconf 73' lang='lat' dir='ltr'><strong>Haec</strong></span> <span class='ocrx_word' id='word_1_402' title='bbox 2475 1073 2693 1128; x_wconf 88' lang='lat' dir='ltr'><strong>quoque</strong></span> <span class='ocrx_word' id='word_1_403' title='bbox 2716 1058 2851 1113; x_wconf 85' lang='lat' dir='ltr'><strong>nihil</strong></span> <span class='ocrx_word' id='word_1_404' title='bbox 2884 1059 3044 1129; x_wconf 86' lang='lat' dir='ltr'><strong>plane</strong></span> <span class='ocrx_word' id='word_1_405' title='bbox 3068 1059 3136 1114; x_wconf 90' lang='lat' dir='ltr'><strong>ab</strong></span> <span class='ocrx_word' id='word_1_406' title='bbox 3169 1059 3236 1115; x_wconf 88' lang='lat' dir='ltr'><strong>iis</strong></span> <span class='ocrx_word' id='word_1_407' title='bbox 3263 1073 3382 1131; x_wconf 67' lang='lat' dir='ltr'><strong>quae</strong></span> <span class='ocrx_word' id='word_1_408' title='bbox 3415 1075 3554 1131; x_wconf 79' lang='lat' dir='ltr'><strong>pra:-</strong></span> 
     </span>
    </p>
   </div>
   <div class='ocr_carea' id='block_1_55' title="bbox 1977 1149 2606 1213">
    <p class='ocr_par' dir='ltr' id='par_1_55' title="bbox 1977 1149 2606 1213">
     <span class='ocr_line' id='line_1_55' title="bbox 1977 1149 2606 1213; baseline -0.003 -9"><span class='ocrx_word' id='word_1_409' title='bbox 1977 1149 2124 1204; x_wconf 86' lang='lat' dir='ltr'><strong>dicta</strong></span> <span class='ocrx_word' id='word_1_410' title='bbox 2146 1155 2296 1213; x_wconf 91' lang='lat' dir='ltr'><strong>sunt,</strong></span> <span class='ocrx_word' id='word_1_411' title='bbox 2327 1149 2606 1204; x_wconf 74' lang='lat' dir='ltr'><strong>differunt.</strong></span> 
     </span>
    </p>
   </div>
   <div class='ocr_carea' id='block_1_56' title="bbox 2529 1241 3003 1296">
    <p class='ocr_par' dir='ltr' id='par_1_56' title="bbox 2529 1241 3003 1296">
     <span class='ocr_line' id='line_1_56' title="bbox 2529 1241 3003 1296; baseline 0 -1"><span class='ocrx_word' id='word_1_412' title='bbox 2529 1241 2641 1296; x_wconf 84' lang='lat' dir='ltr'><strong>LX.</strong></span> <span class='ocrx_word' id='word_1_413' title='bbox 2687 1241 2764 1294; x_wconf 78' lang='lat' dir='ltr'><strong>Ab</strong></span> <span class='ocrx_word' id='word_1_414' title='bbox 2803 1242 3003 1296; x_wconf 81' lang='lat' dir='ltr'><strong>eodem.</strong></span> 
     </span>
    </p>
   </div>
   <div class='ocr_carea' id='block_1_57' title="bbox 2053 1332 3554 1403">
    <p class='ocr_par' dir='ltr' id='par_1_57' title="bbox 2053 1332 3554 1403">
     <span class='ocr_line' id='line_1_57' title="bbox 2053 1332 3554 1403; baseline 0.005 -18"><span class='ocrx_word' id='word_1_415' title='bbox 2053 1351 2072 1384; x_wconf 79' lang='grc' dir='ltr'><strong>ι</strong></span> <span class='ocrx_word' id='word_1_416' title='bbox 2120 1332 2212 1388; x_wconf 89' lang='lat' dir='ltr'><strong>Sic</strong></span> <span class='ocrx_word' id='word_1_417' title='bbox 2243 1332 2503 1403; x_wconf 77' lang='lat' dir='ltr'><strong>iudicabo</strong></span> <span class='ocrx_word' id='word_1_418' title='bbox 2538 1349 2654 1398; x_wconf 90' lang='lat' dir='ltr'><strong>vos,</strong></span> <span class='ocrx_word' id='word_1_419' title='bbox 2687 1335 2820 1388; x_wconf 82' lang='lat' dir='ltr'><strong>dicit</strong></span> <span class='ocrx_word' id='word_1_420' title='bbox 2851 1333 3116 1391; x_wconf 89' lang='lat' dir='ltr'><strong>Dominus</strong></span> <span class='ocrx_word' id='word_1_421' title='bbox 3163 1354 3176 1390; x_wconf 88' lang='lat'><strong>:</strong></span> <span class='ocrx_word' id='word_1_422' title='bbox 3211 1344 3266 1390; x_wconf 90' lang='lat' dir='ltr'><strong>et</strong></span> <span class='ocrx_word' id='word_1_423' title='bbox 3289 1335 3554 1392; x_wconf 86' lang='lat' dir='ltr'><strong>deducam</strong></span> 
     </span>
    </p>
   </div>
   <div class='ocr_carea' id='block_1_58' title="bbox 1976 1427 3558 1497">
    <p class='ocr_par' dir='ltr' id='par_1_58' title="bbox 1976 1427 3558 1497">
     <span class='ocr_line' id='line_1_58' title="bbox 1976 1427 3558 1497; baseline 0.003 -17"><span class='ocrx_word' id='word_1_424' title='bbox 1976 1443 2075 1483; x_wconf 87' lang='lat' dir='ltr'><strong>vos</strong></span> <span class='ocrx_word' id='word_1_425' title='bbox 2100 1428 2202 1482; x_wconf 87' lang='lat' dir='ltr'><strong>sub</strong></span> <span class='ocrx_word' id='word_1_426' title='bbox 2237 1427 2442 1497; x_wconf 79' lang='lat' dir='ltr'><strong>virgam</strong></span> <span class='ocrx_word' id='word_1_427' title='bbox 2472 1442 2646 1482; x_wconf 87' lang='lat' dir='ltr'><strong>meam</strong></span> <span class='ocrx_word' id='word_1_428' title='bbox 2685 1443 2698 1480; x_wconf 87' lang='lat'><strong>:</strong></span> <span class='ocrx_word' id='word_1_429' title='bbox 2733 1435 2788 1482; x_wconf 89' lang='lat' dir='ltr'><strong>et</strong></span> <span class='ocrx_word' id='word_1_430' title='bbox 2821 1427 3083 1482; x_wconf 90' lang='lat' dir='ltr'><strong>adducam</strong></span> <span class='ocrx_word' id='word_1_431' title='bbox 3120 1444 3218 1484; x_wconf 91' lang='lat' dir='ltr'><strong>vos</strong></span> <span class='ocrx_word' id='word_1_432' title='bbox 3249 1431 3304 1484; x_wconf 92' lang='lat' dir='ltr'><strong>in</strong></span> <span class='ocrx_word' id='word_1_433' title='bbox 3330 1444 3558 1488; x_wconf 83' lang='lat' dir='ltr'><strong>numeto</strong></span> 
     </span>
    </p>
   </div>
   <div class='ocr_carea' id='block_1_59' title="bbox 1979 1517 3558 1590">
    <p class='ocr_par' dir='ltr' id='par_1_59' title="bbox 1979 1517 3558 1590">
     <span class='ocr_line' id='line_1_59' title="bbox 1979 1517 3558 1590; baseline 0.001 -16"><span class='ocrx_word' id='word_1_434' title='bbox 1979 1518 2315 1574; x_wconf 83' lang='lat' dir='ltr'><strong>Testamenti</strong></span> <span class='ocrx_word' id='word_1_435' title='bbox 2347 1519 2452 1573; x_wconf 90' lang='lat' dir='ltr'><strong>mei</strong></span> <span class='ocrx_word' id='word_1_436' title='bbox 2503 1537 2517 1574; x_wconf 90' lang='lat'><strong>:</strong></span> <span class='ocrx_word' id='word_1_437' title='bbox 2553 1517 2620 1573; x_wconf 87' lang='lat' dir='ltr'><strong>Et</strong></span> <span class='ocrx_word' id='word_1_438' title='bbox 2665 1519 2859 1590; x_wconf 78' lang='lat' dir='ltr'><strong>eligam</strong></span> <span class='ocrx_word' id='word_1_439' title='bbox 2914 1535 2983 1574; x_wconf 82' lang='lat' dir='ltr'><strong>ex</strong></span> <span class='ocrx_word' id='word_1_440' title='bbox 3029 1521 3184 1576; x_wconf 88' lang='lat' dir='ltr'><strong>vobis</strong></span> <span class='ocrx_word' id='word_1_441' title='bbox 3235 1522 3468 1580; x_wconf 79' lang='lat' dir='ltr'><strong>rebelles</strong></span> <span class='ocrx_word' id='word_1_442' title='bbox 3500 1532 3558 1579; x_wconf 89' lang='lat' dir='ltr'><strong>ct</strong></span> 
     </span>
    </p>
   </div>
   <div class='ocr_carea' id='block_1_60' title="bbox 1979 1612 3554 1683">
    <p class='ocr_par' dir='ltr' id='par_1_60' title="bbox 1979 1612 3554 1683">
     <span class='ocr_line' id='line_1_60' title="bbox 1979 1612 3554 1683; baseline 0.003 -17"><span class='ocrx_word' id='word_1_443' title='bbox 1979 1612 2200 1682; x_wconf 87' lang='lat' dir='ltr'><strong>impios,</strong></span> <span class='ocrx_word' id='word_1_444' title='bbox 2231 1613 2490 1682; x_wconf 89' lang='lat' dir='ltr'><strong>quoniam</strong></span> <span class='ocrx_word' id='word_1_445' title='bbox 2519 1627 2586 1668; x_wconf 82' lang='lat' dir='ltr'><strong>ex</strong></span> <span class='ocrx_word' id='word_1_446' title='bbox 2618 1612 3057 1683; x_wconf 77' lang='lat' dir='ltr'><strong>peregrinatione</strong></span> <span class='ocrx_word' id='word_1_447' title='bbox 3086 1629 3276 1670; x_wconf 90' lang='lat' dir='ltr'><strong>eorum</strong></span> <span class='ocrx_word' id='word_1_448' title='bbox 3322 1615 3554 1673; x_wconf 76' lang='lat' dir='ltr'><strong>educam</strong></span> 
     </span>
    </p>
   </div>
   <div class='ocr_carea' id='block_1_61' title="bbox 1977 1704 3558 1776">
    <p class='ocr_par' dir='ltr' id='par_1_61' title="bbox 1977 1704 3558 1776">
     <span class='ocr_line' id='line_1_61' title="bbox 1977 1704 3558 1776; baseline 0.003 -16"><span class='ocrx_word' id='word_1_449' title='bbox 1977 1721 2093 1770; x_wconf 90' lang='lat' dir='ltr'><strong>eos,</strong></span> <span class='ocrx_word' id='word_1_450' title='bbox 2122 1712 2176 1760; x_wconf 87' lang='lat' dir='ltr'><strong>et</strong></span> <span class='ocrx_word' id='word_1_451' title='bbox 2220 1705 2275 1758; x_wconf 94' lang='lat' dir='ltr'><strong>in</strong></span> <span class='ocrx_word' id='word_1_452' title='bbox 2321 1712 2520 1761; x_wconf 88' lang='lat' dir='ltr'><strong>terram</strong></span> <span class='ocrx_word' id='word_1_453' title='bbox 2563 1704 2730 1761; x_wconf 90' lang='lat' dir='ltr'><strong>Israel</strong></span> <span class='ocrx_word' id='word_1_454' title='bbox 2767 1720 2876 1760; x_wconf 93' lang='lat' dir='ltr'><strong>non</strong></span> <span class='ocrx_word' id='word_1_455' title='bbox 2923 1706 3299 1776; x_wconf 89' lang='lat' dir='ltr'><strong>ingredientur</strong></span> <span class='ocrx_word' id='word_1_456' title='bbox 3333 1709 3400 1764; x_wconf 80' lang='grc'>⁸⁸.</span> <span class='ocrx_word' id='word_1_457' title='bbox 3441 1728 3461 1762; x_wconf 78' lang='grc' dir='ltr'><strong>ι</strong></span> <span class='ocrx_word' id='word_1_458' title='bbox 3493 1706 3558 1765; x_wconf 86' lang='lat' dir='ltr'><strong>In</strong></span> 
     </span>
    </p>
   </div>
   <div class='ocr_carea' id='block_1_62' title="bbox 1979 1797 3554 1872">
    <p class='ocr_par' dir='ltr' id='par_1_62' title="bbox 1979 1797 3554 1872">
     <span class='ocr_line' id='line_1_62' title="bbox 1979 1797 3554 1872; baseline 0.004 -22"><span class='ocrx_word' id='word_1_459' title='bbox 1979 1797 2064 1852; x_wconf 89' lang='lat' dir='ltr'><strong>his</strong></span> <span class='ocrx_word' id='word_1_460' title='bbox 2096 1812 2312 1867; x_wconf 85' lang='lat' dir='ltr'><strong>quoque</strong></span> <span class='ocrx_word' id='word_1_461' title='bbox 2339 1797 2646 1868; x_wconf 82' lang='lat' dir='ltr'><strong>perspicue,</strong></span> <span class='ocrx_word' id='word_1_462' title='bbox 2698 1798 2924 1868; x_wconf 78' lang='lat' dir='ltr'><strong>exiguos</strong></span> <span class='ocrx_word' id='word_1_463' title='bbox 2953 1813 3181 1853; x_wconf 91' lang='lat' dir='ltr'><strong>numero</strong></span> <span class='ocrx_word' id='word_1_464' title='bbox 3215 1800 3317 1855; x_wconf 87' lang='lat' dir='ltr'><strong>sub</strong></span> <span class='ocrx_word' id='word_1_465' title='bbox 3349 1802 3554 1872; x_wconf 80' lang='lat' dir='ltr'><strong>virgam</strong></span> 
     </span>
    </p>
   </div>
   <div class='ocr_carea' id='block_1_63' title="bbox 1909 1861 3555 1964">
    <p class='ocr_par' dir='ltr' id='par_1_63' title="bbox 1909 1861 3555 1964">
     <span class='ocr_line' id='line_1_63' title="bbox 1909 1861 3555 1964; baseline 0.004 -22"><span class='ocrx_word' id='word_1_466' title='bbox 1909 1861 1949 1917; x_wconf 69' lang='grc' dir='ltr'><strong>Β</strong></span> <span class='ocrx_word' id='word_1_467' title='bbox 1982 1888 2076 1943; x_wconf 90' lang='lat' dir='ltr'><strong>Dei</strong></span> <span class='ocrx_word' id='word_1_468' title='bbox 2102 1900 2362 1946; x_wconf 89' lang='lat' dir='ltr'><strong>venturos</strong></span> <span class='ocrx_word' id='word_1_469' title='bbox 2397 1888 2645 1954; x_wconf 75' lang='lat' dir='ltr'><strong>aﬂirmat,</strong></span> <span class='ocrx_word' id='word_1_470' title='bbox 2673 1887 2804 1944; x_wconf 85' lang='lat' dir='ltr'><strong>dum</strong></span> <span class='ocrx_word' id='word_1_471' title='bbox 2839 1891 3034 1961; x_wconf 85' lang='lat' dir='ltr'><strong>reliqui</strong></span> <span class='ocrx_word' id='word_1_472' title='bbox 3065 1906 3128 1945; x_wconf 80' lang='lat' dir='ltr'><strong>ex</strong></span> <span class='ocrx_word' id='word_1_473' title='bbox 3162 1889 3328 1947; x_wconf 82' lang='lat' dir='ltr'><strong>Israel</strong></span> <span class='ocrx_word' id='word_1_474' title='bbox 3362 1907 3392 1946; x_wconf 91' lang='lat' dir='ltr'><strong>a</strong></span> <span class='ocrx_word' id='word_1_475' title='bbox 3425 1861 3555 1964; x_wconf 67' lang='lat' dir='ltr'><strong>pro-</strong></span> 
     </span>
    </p>
   </div>
   <div class='ocr_carea' id='block_1_64' title="bbox 1978 1982 3556 2042">
    <p class='ocr_par' dir='ltr' id='par_1_64' title="bbox 1978 1982 3556 2042">
     <span class='ocr_line' id='line_1_64' title="bbox 1978 1982 3556 2042; baseline 0.004 -6"><span class='ocrx_word' id='word_1_476' title='bbox 1978 1982 2163 2038; x_wconf 89' lang='lat' dir='ltr'><strong>missis</strong></span> <span class='ocrx_word' id='word_1_477' title='bbox 2193 1983 2409 2039; x_wconf 86' lang='lat' dir='ltr'><strong>cadent.</strong></span> <span class='ocrx_word' id='word_1_478' title='bbox 2441 1982 2510 2037; x_wconf 86' lang='lat' dir='ltr'><strong>At</strong></span> <span class='ocrx_word' id='word_1_479' title='bbox 2538 1983 2685 2037; x_wconf 91' lang='lat' dir='ltr'><strong>enim</strong></span> <span class='ocrx_word' id='word_1_480' title='bbox 2717 1998 2842 2038; x_wconf 90' lang='lat' dir='ltr'><strong>cum</strong></span> <span class='ocrx_word' id='word_1_481' title='bbox 2871 1983 3306 2039; x_wconf 85' lang='lat' dir='ltr'><strong>demonstratum</strong></span> <span class='ocrx_word' id='word_1_482' title='bbox 3332 2000 3360 2040; x_wconf 91' lang='lat' dir='ltr'><strong>a</strong></span> <span class='ocrx_word' id='word_1_483' title='bbox 3396 1988 3556 2042; x_wconf 84' lang='lat' dir='ltr'><strong>nobis</strong></span> 
     </span>
    </p>
   </div>
   <div class='ocr_carea' id='block_1_65' title="bbox 1977 2074 3557 2148">
    <p class='ocr_par' dir='ltr' id='par_1_65' title="bbox 1977 2074 3557 2148">
     <span class='ocr_line' id='line_1_65' title="bbox 1977 2074 3557 2148; baseline 0 -17"><span class='ocrx_word' id='word_1_484' title='bbox 1977 2076 2050 2131; x_wconf 89' lang='lat' dir='ltr'><strong>sit</strong></span> <span class='ocrx_word' id='word_1_485' title='bbox 2076 2090 2184 2130; x_wconf 90' lang='lat' dir='ltr'><strong>non</strong></span> <span class='ocrx_word' id='word_1_486' title='bbox 2215 2074 2461 2142; x_wconf 80' lang='lat' dir='ltr'><strong>fortuito,</strong></span> <span class='ocrx_word' id='word_1_487' title='bbox 2492 2091 2670 2146; x_wconf 89' lang='lat' dir='ltr'><strong>neque</strong></span> <span class='ocrx_word' id='word_1_488' title='bbox 2719 2074 3014 2132; x_wconf 88' lang='lat' dir='ltr'><strong>indiscrete</strong></span> <span class='ocrx_word' id='word_1_489' title='bbox 3065 2078 3321 2133; x_wconf 87' lang='lat' dir='ltr'><strong>omnibus</strong></span> <span class='ocrx_word' id='word_1_490' title='bbox 3349 2079 3557 2148; x_wconf 91' lang='lat' dir='ltr'><strong>simpli-</strong></span> 
     </span>
    </p>
   </div>
   <div class='ocr_carea' id='block_1_66' title="bbox 1976 2163 3556 2238">
    <p class='ocr_par' dir='ltr' id='par_1_66' title="bbox 1976 2163 3556 2238">
     <span class='ocr_line' id='line_1_66' title="bbox 1976 2163 3556 2238; baseline 0.001 -18"><span class='ocrx_word' id='word_1_491' title='bbox 1976 2164 2113 2220; x_wconf 85' lang='lat' dir='ltr'><strong>citer</strong></span> <span class='ocrx_word' id='word_1_492' title='bbox 2143 2163 2384 2220; x_wconf 60' lang='lat' dir='ltr'><strong>Iudaicae</strong></span> <span class='ocrx_word' id='word_1_493' title='bbox 2413 2166 2590 2237; x_wconf 84' lang='lat' dir='ltr'><strong>gentis</strong></span> <span class='ocrx_word' id='word_1_494' title='bbox 2619 2179 2744 2220; x_wconf 92' lang='lat' dir='ltr'><strong>cum</strong></span> <span class='ocrx_word' id='word_1_495' title='bbox 2778 2165 2988 2222; x_wconf 80' lang='lat' dir='ltr'><strong>vitiosis</strong></span> <span class='ocrx_word' id='word_1_496' title='bbox 3019 2175 3180 2238; x_wconf 85' lang='lat' dir='ltr'><strong>atque</strong></span> <span class='ocrx_word' id='word_1_497' title='bbox 3209 2167 3414 2237; x_wconf 91' lang='lat' dir='ltr'><strong>impiis,</strong></span> <span class='ocrx_word' id='word_1_498' title='bbox 3442 2176 3556 2222; x_wconf 88' lang='lat' dir='ltr'><strong>tum</strong></span> 
     </span>
    </p>
   </div>
   <div class='ocr_carea' id='block_1_67' title="bbox 1977 2257 3558 2328">
    <p class='ocr_par' dir='ltr' id='par_1_67' title="bbox 1977 2257 3558 2328">
     <span class='ocr_line' id='line_1_67' title="bbox 1977 2257 3558 2328; baseline 0.003 -15"><span class='ocrx_word' id='word_1_499' title='bbox 1977 2258 2141 2313; x_wconf 89' lang='lat' dir='ltr'><strong>etiam</strong></span> <span class='ocrx_word' id='word_1_500' title='bbox 2193 2259 2264 2314; x_wconf 89' lang='lat' dir='ltr'><strong>iis</strong></span> <span class='ocrx_word' id='word_1_501' title='bbox 2320 2257 2412 2328; x_wconf 90' lang='lat' dir='ltr'><strong>qui</strong></span> <span class='ocrx_word' id='word_1_502' title='bbox 2451 2259 2590 2314; x_wconf 86' lang='lat' dir='ltr'><strong>tales</strong></span> <span class='ocrx_word' id='word_1_503' title='bbox 2638 2274 2746 2312; x_wconf 94' lang='lat' dir='ltr'><strong>non</strong></span> <span class='ocrx_word' id='word_1_504' title='bbox 2783 2257 2914 2321; x_wconf 90' lang='lat' dir='ltr'><strong>sint,</strong></span> <span class='ocrx_word' id='word_1_505' title='bbox 2946 2262 3170 2316; x_wconf 89' lang='lat' dir='ltr'><strong>oracula</strong></span> <span class='ocrx_word' id='word_1_506' title='bbox 3197 2261 3401 2325; x_wconf 92' lang='lat' dir='ltr'><strong>divina,</strong></span> <span class='ocrx_word' id='word_1_507' title='bbox 3436 2261 3558 2318; x_wconf 81' lang='lat' dir='ltr'><strong>illas</strong></span> 
     </span>
    </p>
   </div>
   <div class='ocr_carea' id='block_1_68' title="bbox 1976 2348 3556 2422">
    <p class='ocr_par' dir='ltr' id='par_1_68' title="bbox 1976 2348 3556 2422">
     <span class='ocr_line' id='line_1_68' title="bbox 1976 2348 3556 2422; baseline 0.001 -20"><span class='ocrx_word' id='word_1_508' title='bbox 1976 2348 2242 2403; x_wconf 91' lang='lat' dir='ltr'><strong>bonorum</strong></span> <span class='ocrx_word' id='word_1_509' title='bbox 2273 2349 2664 2420; x_wconf 89' lang='lat' dir='ltr'><strong>promissiones</strong></span> <span class='ocrx_word' id='word_1_510' title='bbox 2694 2350 2984 2413; x_wconf 84' lang='lat' dir='ltr'><strong>cecinisse,</strong></span> <span class='ocrx_word' id='word_1_511' title='bbox 3022 2351 3116 2407; x_wconf 90' lang='lat' dir='ltr'><strong>sed</strong></span> <span class='ocrx_word' id='word_1_512' title='bbox 3145 2353 3336 2422; x_wconf 85' lang='lat' dir='ltr'><strong>paucis</strong></span> <span class='ocrx_word' id='word_1_513' title='bbox 3365 2367 3556 2408; x_wconf 80' lang='lat' dir='ltr'><strong>eorum</strong></span> 
     </span>
    </p>
   </div>
   <div class='ocr_carea' id='block_1_69' title="bbox 1977 2440 3557 2515">
    <p class='ocr_par' dir='ltr' id='par_1_69' title="bbox 1977 2440 3557 2515">
     <span class='ocr_line' id='line_1_69' title="bbox 1977 2440 3557 2515; baseline 0.003 -21"><span class='ocrx_word' id='word_1_514' title='bbox 1977 2440 2242 2495; x_wconf 77' lang='lat' dir='ltr'><strong>duntaxat</strong></span> <span class='ocrx_word' id='word_1_515' title='bbox 2273 2448 2326 2496; x_wconf 85' lang='lat' dir='ltr'><strong>et</strong></span> <span class='ocrx_word' id='word_1_516' title='bbox 2368 2440 2528 2496; x_wconf 79' lang='lat' dir='ltr'><strong>facile</strong></span> <span class='ocrx_word' id='word_1_517' title='bbox 2558 2444 3010 2508; x_wconf 89' lang='lat' dir='ltr'><strong>numerabilibus,</strong></span> <span class='ocrx_word' id='word_1_518' title='bbox 3044 2443 3112 2500; x_wconf 91' lang='lat' dir='ltr'><strong>iis</strong></span> <span class='ocrx_word' id='word_1_519' title='bbox 3143 2444 3416 2509; x_wconf 86' lang='lat' dir='ltr'><strong>videlicet,</strong></span> <span class='ocrx_word' id='word_1_520' title='bbox 3462 2445 3557 2515; x_wconf 89' lang='lat' dir='ltr'><strong>qui</strong></span> 
     </span>
    </p>
   </div>
   <div class='ocr_carea' id='block_1_70' title="bbox 1979 2531 3558 2603">
    <p class='ocr_par' dir='ltr' id='par_1_70' title="bbox 1979 2531 3558 2603">
     <span class='ocr_line' id='line_1_70' title="bbox 1979 2531 3558 2603; baseline 0.003 -17"><span class='ocrx_word' id='word_1_521' title='bbox 1979 2533 2033 2586; x_wconf 92' lang='lat' dir='ltr'><strong>in</strong></span> <span class='ocrx_word' id='word_1_522' title='bbox 2066 2531 2408 2588; x_wconf 89' lang='lat' dir='ltr'><strong>Salvatorem</strong></span> <span class='ocrx_word' id='word_1_523' title='bbox 2456 2542 2510 2589; x_wconf 93' lang='lat' dir='ltr'><strong>et</strong></span> <span class='ocrx_word' id='word_1_524' title='bbox 2560 2533 2853 2589; x_wconf 89' lang='lat' dir='ltr'><strong>Dominum</strong></span> <span class='ocrx_word' id='word_1_525' title='bbox 2904 2543 3150 2590; x_wconf 90' lang='lat' dir='ltr'><strong>nostrum</strong></span> <span class='ocrx_word' id='word_1_526' title='bbox 3203 2536 3558 2603; x_wconf 75' lang='lat' dir='ltr'><strong>crediderint,</strong></span> 
     </span>
    </p>
   </div>
   <div class='ocr_carea' id='block_1_71' title="bbox 1977 2626 3554 2700">
    <p class='ocr_par' dir='ltr' id='par_1_71' title="bbox 1977 2626 3554 2700">
     <span class='ocr_line' id='line_1_71' title="bbox 1977 2626 3554 2700; baseline 0.007 -21"><span class='ocrx_word' id='word_1_527' title='bbox 1977 2633 2072 2680; x_wconf 87' lang='lat' dir='ltr'><strong>aut</strong></span> <span class='ocrx_word' id='word_1_528' title='bbox 2120 2626 2189 2681; x_wconf 89' lang='lat' dir='ltr'><strong>iis</strong></span> <span class='ocrx_word' id='word_1_529' title='bbox 2228 2626 2321 2697; x_wconf 90' lang='lat' dir='ltr'><strong>qui</strong></span> <span class='ocrx_word' id='word_1_530' title='bbox 2368 2636 2494 2682; x_wconf 89' lang='lat' dir='ltr'><strong>ante</strong></span> <span class='ocrx_word' id='word_1_531' title='bbox 2539 2627 2660 2697; x_wconf 84' lang='lat' dir='ltr'><strong>ejus</strong></span> <span class='ocrx_word' id='word_1_532' title='bbox 2694 2627 2988 2686; x_wconf 85' lang='lat' dir='ltr'><strong>adventum</strong></span> <span class='ocrx_word' id='word_1_533' title='bbox 3027 2629 3162 2700; x_wconf 87' lang='lat' dir='ltr'><strong>justi</strong></span> <span class='ocrx_word' id='word_1_534' title='bbox 3193 2631 3372 2688; x_wconf 69' lang='lat' dir='ltr'><strong>eﬂ‘ecti</strong></span> <span class='ocrx_word' id='word_1_535' title='bbox 3424 2635 3554 2690; x_wconf 88' lang='lat' dir='ltr'><strong>sint.</strong></span> 
     </span>
    </p>
   </div>
   <div class='ocr_carea' id='block_1_72' title="bbox 1977 2719 3555 2795">
    <p class='ocr_par' dir='ltr' id='par_1_72' title="bbox 1977 2719 3555 2795">
     <span class='ocr_line' id='line_1_72' title="bbox 1977 2719 3555 2795; baseline 0.006 -23"><span class='ocrx_word' id='word_1_536' title='bbox 1977 2719 2207 2776; x_wconf 82' lang='lat' dir='ltr'><strong>Abunde</strong></span> <span class='ocrx_word' id='word_1_537' title='bbox 2256 2734 2359 2775; x_wconf 91' lang='lat' dir='ltr'><strong>nos</strong></span> <span class='ocrx_word' id='word_1_538' title='bbox 2411 2719 2648 2774; x_wconf 88' lang='lat' dir='ltr'><strong>arbitror</strong></span> <span class='ocrx_word' id='word_1_539' title='bbox 2698 2722 3031 2791; x_wconf 79' lang='lat' dir='ltr'><strong>declarasse,</strong></span> <span class='ocrx_word' id='word_1_540' title='bbox 3089 2724 3555 2795; x_wconf 83' lang='lat' dir='ltr'><strong>quemadmodum</strong></span> 
     </span>
    </p>
   </div>
   <div class='ocr_carea' id='block_1_73' title="bbox 1975 2812 3558 2887">
    <p class='ocr_par' dir='ltr' id='par_1_73' title="bbox 1975 2812 3558 2887">
     <span class='ocr_line' id='line_1_73' title="bbox 1975 2812 3558 2887; baseline 0.004 -20"><span class='ocrx_word' id='word_1_541' title='bbox 1975 2827 2042 2867; x_wconf 85' lang='lat' dir='ltr'><strong>ea</strong></span> <span class='ocrx_word' id='word_1_542' title='bbox 2085 2825 2208 2882; x_wconf 71' lang='lat' dir='ltr'><strong>qua:</strong></span> <span class='ocrx_word' id='word_1_543' title='bbox 2253 2812 2322 2866; x_wconf 90' lang='lat' dir='ltr'><strong>ad</strong></span> <span class='ocrx_word' id='word_1_544' title='bbox 2350 2812 2626 2883; x_wconf 90' lang='lat' dir='ltr'><strong>promissa</strong></span> <span class='ocrx_word' id='word_1_545' title='bbox 2658 2813 2843 2868; x_wconf 90' lang='lat' dir='ltr'><strong>divina</strong></span> <span class='ocrx_word' id='word_1_546' title='bbox 2878 2817 3174 2887; x_wconf 88' lang='lat' dir='ltr'><strong>pertinent,</strong></span> <span class='ocrx_word' id='word_1_547' title='bbox 3209 2833 3316 2874; x_wconf 93' lang='lat' dir='ltr'><strong>non</strong></span> <span class='ocrx_word' id='word_1_548' title='bbox 3343 2819 3558 2874; x_wconf 61' lang='lat' dir='ltr'><strong>indide-</strong></span> 
     </span>
    </p>
   </div>
   <div class='ocr_carea' id='block_1_74' title="bbox 1976 2903 3560 2984">
    <p class='ocr_par' dir='ltr' id='par_1_74' title="bbox 1976 2903 3560 2984">
     <span class='ocr_line' id='line_1_74' title="bbox 1976 2903 3560 2984; baseline 0.004 -26"><span class='ocrx_word' id='word_1_549' title='bbox 1976 2911 2160 2960; x_wconf 88' lang='lat' dir='ltr'><strong>renter</strong></span> <span class='ocrx_word' id='word_1_550' title='bbox 2175 2905 2230 2960; x_wconf 90' lang='lat' dir='ltr'><strong>in</strong></span> <span class='ocrx_word' id='word_1_551' title='bbox 2243 2905 2498 2960; x_wconf 87' lang='lat' dir='ltr'><strong>omnibus</strong></span> <span class='ocrx_word' id='word_1_552' title='bbox 2511 2903 2733 2970; x_wconf 67' lang='lat' dir='ltr'><strong>Iudaeis,</strong></span> <span class='ocrx_word' id='word_1_553' title='bbox 2754 2904 2914 2960; x_wconf 83' lang='lat' dir='ltr'><strong>ﬁnem</strong></span> <span class='ocrx_word' id='word_1_554' title='bbox 2947 2909 3284 2979; x_wconf 82' lang='lat' dir='ltr'><strong>acceperint:</strong></span> <span class='ocrx_word' id='word_1_555' title='bbox 3304 2918 3358 2966; x_wconf 89' lang='lat' dir='ltr'><strong>et</strong></span> <span class='ocrx_word' id='word_1_556' title='bbox 3376 2927 3560 2984; x_wconf 86' lang='lat' dir='ltr'><strong>quem-</strong></span> 
     </span>
    </p>
   </div>
   <div class='ocr_carea' id='block_1_75' title="bbox 1977 2995 3559 3072">
    <p class='ocr_par' dir='ltr' id='par_1_75' title="bbox 1977 2995 3559 3072">
     <span class='ocr_line' id='line_1_75' title="bbox 1977 2995 3559 3072; baseline 0.006 -24"><span class='ocrx_word' id='word_1_557' title='bbox 1977 2995 2271 3050; x_wconf 88' lang='lat' dir='ltr'><strong>admodum</strong></span> <span class='ocrx_word' id='word_1_558' title='bbox 2302 3011 2413 3051; x_wconf 89' lang='lat' dir='ltr'><strong>non</strong></span> <span class='ocrx_word' id='word_1_559' title='bbox 2457 2996 2594 3068; x_wconf 89' lang='lat' dir='ltr'><strong>ipsis</strong></span> <span class='ocrx_word' id='word_1_560' title='bbox 2642 2997 2836 3067; x_wconf 87' lang='lat' dir='ltr'><strong>magis,</strong></span> <span class='ocrx_word' id='word_1_561' title='bbox 2868 3014 3030 3068; x_wconf 90' lang='lat' dir='ltr'><strong>quam</strong></span> <span class='ocrx_word' id='word_1_562' title='bbox 3082 3000 3150 3054; x_wconf 86' lang='lat' dir='ltr'><strong>iis</strong></span> <span class='ocrx_word' id='word_1_563' title='bbox 3195 3001 3287 3071; x_wconf 90' lang='lat' dir='ltr'><strong>qui</strong></span> <span class='ocrx_word' id='word_1_564' title='bbox 3316 3000 3384 3056; x_wconf 94' lang='lat' dir='ltr'><strong>de</strong></span> <span class='ocrx_word' id='word_1_565' title='bbox 3428 3017 3559 3072; x_wconf 84' lang='lat' dir='ltr'><strong>gen-</strong></span> 
     </span>
    </p>
   </div>
   <div class='ocr_carea' id='block_1_76' title="bbox 1978 3087 3556 3165">
    <p class='ocr_par' dir='ltr' id='par_1_76' title="bbox 1978 3087 3556 3165">
     <span class='ocr_line' id='line_1_76' title="bbox 1978 3087 3556 3165; baseline 0.003 -23"><span class='ocrx_word' id='word_1_566' title='bbox 1978 3087 2125 3144; x_wconf 87' lang='lat' dir='ltr'><strong>tibus</strong></span> <span class='ocrx_word' id='word_1_567' title='bbox 2155 3097 2531 3154; x_wconf 90' lang='lat' dir='ltr'><strong>assumuntur,</strong></span> <span class='ocrx_word' id='word_1_568' title='bbox 2569 3091 2661 3144; x_wconf 74' lang='lat' dir='ltr'><strong>ubi</strong></span> <span class='ocrx_word' id='word_1_569' title='bbox 2701 3088 2984 3145; x_wconf 87' lang='lat' dir='ltr'><strong>Christum</strong></span> <span class='ocrx_word' id='word_1_570' title='bbox 3030 3090 3124 3147; x_wconf 88' lang='lat' dir='ltr'><strong>Dei</strong></span> <span class='ocrx_word' id='word_1_571' title='bbox 3175 3105 3556 3165; x_wconf 89' lang='lat' dir='ltr'><strong>susceperunt,</strong></span> 
     </span>
    </p>
   </div>
   <div class='ocr_carea' id='block_1_77' title="bbox 1979 3182 3556 3257">
    <p class='ocr_par' dir='ltr' id='par_1_77' title="bbox 1979 3182 3556 3257">
     <span class='ocr_line' id='line_1_77' title="bbox 1979 3182 3556 3257; baseline 0.003 -20"><span class='ocrx_word' id='word_1_572' title='bbox 1979 3182 2379 3254; x_wconf 80' lang='lat' dir='ltr'><strong>prophetarum</strong></span> <span class='ocrx_word' id='word_1_573' title='bbox 2407 3197 2671 3254; x_wconf 89' lang='lat' dir='ltr'><strong>responsa</strong></span> <span class='ocrx_word' id='word_1_574' title='bbox 2719 3184 3066 3239; x_wconf 85' lang='lat' dir='ltr'><strong>conveniant.</strong></span> <span class='ocrx_word' id='word_1_575' title='bbox 3104 3186 3279 3240; x_wconf 87' lang='lat' dir='ltr'><strong>Porro</strong></span> <span class='ocrx_word' id='word_1_576' title='bbox 3307 3201 3556 3257; x_wconf 77' lang='lat' dir='ltr'><strong>quamam</strong></span> 
     </span>
    </p>
   </div>
   <div class='ocr_carea' id='block_1_78' title="bbox 1982 3273 3558 3349">
    <p class='ocr_par' dir='ltr' id='par_1_78' title="bbox 1982 3273 3558 3349">
     <span class='ocr_line' id='line_1_78' title="bbox 1982 3273 3558 3349; baseline 0.004 -21"><span class='ocrx_word' id='word_1_577' title='bbox 1982 3274 2145 3329; x_wconf 85' lang='lat' dir='ltr'><strong>fuerit</strong></span> <span class='ocrx_word' id='word_1_578' title='bbox 2173 3273 2484 3330; x_wconf 83' lang='lat' dir='ltr'><strong>divinorum</strong></span> <span class='ocrx_word' id='word_1_579' title='bbox 2527 3279 2920 3348; x_wconf 89' lang='lat' dir='ltr'><strong>promissorum</strong></span> <span class='ocrx_word' id='word_1_580' title='bbox 2973 3277 3086 3349; x_wconf 77' lang='lat'><strong>86</strong></span> <span class='ocrx_word' id='word_1_581' title='bbox 3139 3280 3432 3344; x_wconf 89' lang='lat' dir='ltr'><strong>sententia,</strong></span> <span class='ocrx_word' id='word_1_582' title='bbox 3466 3280 3558 3335; x_wconf 85' lang='lat' dir='ltr'><strong>ubi</strong></span> 
     </span>
    </p>
   </div>
   <div class='ocr_carea' id='block_1_79' title="bbox 1981 3368 3558 3440">
    <p class='ocr_par' dir='ltr' id='par_1_79' title="bbox 1981 3368 3558 3440">
     <span class='ocr_line' id='line_1_79' title="bbox 1981 3368 3558 3440; baseline 0.003 -19"><span class='ocrx_word' id='word_1_583' title='bbox 1981 3375 2200 3438; x_wconf 87' lang='lat' dir='ltr'><strong>tempus</strong></span> <span class='ocrx_word' id='word_1_584' title='bbox 2242 3368 2345 3423; x_wconf 89' lang='lat' dir='ltr'><strong>erit</strong></span> <span class='ocrx_word' id='word_1_585' title='bbox 2369 3369 2676 3424; x_wconf 87' lang='lat' dir='ltr'><strong>ostendam.</strong></span> <span class='ocrx_word' id='word_1_586' title='bbox 2697 3369 2823 3425; x_wconf 71' lang='lat' dir='ltr'><strong>Haec</strong></span> <span class='ocrx_word' id='word_1_587' title='bbox 2841 3378 3022 3424; x_wconf 87' lang='lat' dir='ltr'><strong>autem</strong></span> <span class='ocrx_word' id='word_1_588' title='bbox 3046 3385 3215 3440; x_wconf 89' lang='lat' dir='ltr'><strong>prope</strong></span> <span class='ocrx_word' id='word_1_589' title='bbox 3245 3373 3558 3428; x_wconf 89' lang='lat' dir='ltr'><strong>necessario</strong></span> 
     </span>
    </p>
   </div>
   <div class='ocr_carea' id='block_1_80' title="bbox 1979 3457 3561 3533">
    <p class='ocr_par' dir='ltr' id='par_1_80' title="bbox 1979 3457 3561 3533">
     <span class='ocr_line' id='line_1_80' title="bbox 1979 3457 3561 3533; baseline 0 -21"><span class='ocrx_word' id='word_1_590' title='bbox 1979 3473 2010 3512; x_wconf 89' lang='lat' dir='ltr'><strong>a</strong></span> <span class='ocrx_word' id='word_1_591' title='bbox 2035 3473 2119 3512; x_wconf 92' lang='lat' dir='ltr'><strong>me</strong></span> <span class='ocrx_word' id='word_1_592' title='bbox 2137 3457 2362 3514; x_wconf 90' lang='lat' dir='ltr'><strong>collecta</strong></span> <span class='ocrx_word' id='word_1_593' title='bbox 2389 3466 2608 3527; x_wconf 87' lang='lat' dir='ltr'><strong>sunt,ut</strong></span> <span class='ocrx_word' id='word_1_594' title='bbox 2625 3461 2948 3533; x_wconf 86' lang='lat' dir='ltr'><strong>redarguam</strong></span> <span class='ocrx_word' id='word_1_595' title='bbox 2978 3475 3074 3516; x_wconf 92' lang='lat' dir='ltr'><strong>eos</strong></span> <span class='ocrx_word' id='word_1_596' title='bbox 3103 3461 3195 3530; x_wconf 88' lang='lat' dir='ltr'><strong>qui</strong></span> <span class='ocrx_word' id='word_1_597' title='bbox 3229 3459 3295 3514; x_wconf 90' lang='lat' dir='ltr'><strong>ad</strong></span> <span class='ocrx_word' id='word_1_598' title='bbox 3324 3459 3561 3516; x_wconf 89' lang='lat' dir='ltr'><strong>circum-</strong></span> 
     </span>
    </p>
   </div>
   <div class='ocr_carea' id='block_1_81' title="bbox 1979 3547 3555 3620">
    <p class='ocr_par' dir='ltr' id='par_1_81' title="bbox 1979 3547 3555 3620">
     <span class='ocr_line' id='line_1_81' title="bbox 1979 3547 3555 3620; baseline 0.002 -17"><span class='ocrx_word' id='word_1_599' title='bbox 1979 3547 2244 3604; x_wconf 87' lang='lat' dir='ltr'><strong>cisionem</strong></span> <span class='ocrx_word' id='word_1_600' title='bbox 2285 3549 2577 3619; x_wconf 90' lang='lat' dir='ltr'><strong>pertinent,</strong></span> <span class='ocrx_word' id='word_1_601' title='bbox 2609 3548 2845 3620; x_wconf 79' lang='lat' dir='ltr'><strong>quadam</strong></span> <span class='ocrx_word' id='word_1_602' title='bbox 2879 3549 3028 3604; x_wconf 89' lang='lat' dir='ltr'><strong>inani</strong></span> <span class='ocrx_word' id='word_1_603' title='bbox 3067 3549 3331 3619; x_wconf 74' lang='lat' dir='ltr'><strong>iactantia</strong></span> <span class='ocrx_word' id='word_1_604' title='bbox 3360 3550 3555 3614; x_wconf 89' lang='lat' dir='ltr'><strong>elatos,</strong></span> 
     </span>
    </p>
   </div>
   <div class='ocr_carea' id='block_1_82' title="bbox 1977 3640 3558 3707">
    <p class='ocr_par' dir='ltr' id='par_1_82' title="bbox 1977 3640 3558 3707">
     <span class='ocr_line' id='line_1_82' title="bbox 1977 3640 3558 3707; baseline 0 -11"><span class='ocrx_word' id='word_1_605' title='bbox 1977 3649 2032 3696; x_wconf 88' lang='lat' dir='ltr'><strong>et</strong></span> <span class='ocrx_word' id='word_1_606' title='bbox 2066 3641 2135 3696; x_wconf 90' lang='lat' dir='ltr'><strong>ad</strong></span> <span class='ocrx_word' id='word_1_607' title='bbox 2183 3657 2242 3698; x_wconf 90' lang='lat' dir='ltr'><strong>se</strong></span> <span class='ocrx_word' id='word_1_608' title='bbox 2284 3643 2431 3697; x_wconf 92' lang='lat' dir='ltr'><strong>solos</strong></span> <span class='ocrx_word' id='word_1_609' title='bbox 2459 3642 2764 3707; x_wconf 87' lang='lat' dir='ltr'><strong>Christum,</strong></span> <span class='ocrx_word' id='word_1_610' title='bbox 2810 3657 2921 3698; x_wconf 92' lang='lat' dir='ltr'><strong>non</strong></span> <span class='ocrx_word' id='word_1_611' title='bbox 2952 3641 3018 3697; x_wconf 92' lang='lat' dir='ltr'><strong>ad</strong></span> <span class='ocrx_word' id='word_1_612' title='bbox 3065 3657 3257 3697; x_wconf 90' lang='lat' dir='ltr'><strong>omnes</strong></span> <span class='ocrx_word' id='word_1_613' title='bbox 3307 3640 3558 3696; x_wconf 88' lang='lat' dir='ltr'><strong>homines</strong></span> 
     </span>
    </p>
   </div>
   <div class='ocr_carea' id='block_1_83' title="bbox 1977 3735 3537 3807">
    <p class='ocr_par' dir='ltr' id='par_1_83' title="bbox 1977 3735 3537 3807">
     <span class='ocr_line' id='line_1_83' title="bbox 1977 3735 3537 3807; baseline -0.001 -17"><span class='ocrx_word' id='word_1_614' title='bbox 1977 3743 2268 3790; x_wconf 88' lang='lat' dir='ltr'><strong>venturum</strong></span> <span class='ocrx_word' id='word_1_615' title='bbox 2294 3735 2645 3805; x_wconf 84' lang='lat' dir='ltr'><strong>pertinaciter</strong></span> <span class='ocrx_word' id='word_1_616' title='bbox 2671 3735 2992 3807; x_wconf 89' lang='lat' dir='ltr'><strong>gloriantes,</strong></span> <span class='ocrx_word' id='word_1_617' title='bbox 3025 3749 3124 3789; x_wconf 91' lang='lat' dir='ltr'><strong>nec</strong></span> <span class='ocrx_word' id='word_1_618' title='bbox 3156 3749 3265 3788; x_wconf 92' lang='lat' dir='ltr'><strong>non</strong></span> <span class='ocrx_word' id='word_1_619' title='bbox 3299 3741 3357 3788; x_wconf 91' lang='lat' dir='ltr'><strong>ut</strong></span> <span class='ocrx_word' id='word_1_620' title='bbox 3378 3741 3537 3790; x_wconf 91' lang='lat' dir='ltr'><strong>osten</strong></span> 
     </span>
    </p>
   </div>
   <div class='ocr_carea' id='block_1_84' title="bbox 1977 3827 3534 3900">
    <p class='ocr_par' dir='ltr' id='par_1_84' title="bbox 1977 3827 3534 3900">
     <span class='ocr_line' id='line_1_84' title="bbox 1977 3827 3534 3900; baseline -0.002 -18"><span class='ocrx_word' id='word_1_621' title='bbox 1977 3828 2104 3882; x_wconf 90' lang='lat' dir='ltr'><strong>dam</strong></span> <span class='ocrx_word' id='word_1_622' title='bbox 2152 3844 2346 3900; x_wconf 83' lang='lat' dir='ltr'><strong>magna</strong></span> <span class='ocrx_word' id='word_1_623' title='bbox 2392 3843 2516 3883; x_wconf 90' lang='lat' dir='ltr'><strong>cum</strong></span> <span class='ocrx_word' id='word_1_624' title='bbox 2562 3828 2775 3883; x_wconf 85' lang='lat' dir='ltr'><strong>ratione</strong></span> <span class='ocrx_word' id='word_1_625' title='bbox 2823 3842 2946 3884; x_wconf 91' lang='lat' dir='ltr'><strong>esse</strong></span> <span class='ocrx_word' id='word_1_626' title='bbox 2981 3827 3223 3882; x_wconf 90' lang='lat' dir='ltr'><strong>studium</strong></span> <span class='ocrx_word' id='word_1_627' title='bbox 3279 3833 3534 3882; x_wconf 86' lang='lat' dir='ltr'><strong>nostrum</strong></span> 
     </span>
    </p>
   </div>
   <div class='ocr_carea' id='block_1_85' title="bbox 1977 3918 3553 3975">
    <p class='ocr_par' dir='ltr' id='par_1_85' title="bbox 1977 3918 3553 3975">
     <span class='ocr_line' id='line_1_85' title="bbox 1977 3918 3553 3975; baseline -0.001 -1"><span class='ocrx_word' id='word_1_628' title='bbox 1977 3935 2100 3974; x_wconf 91' lang='lat' dir='ltr'><strong>cum</strong></span> <span class='ocrx_word' id='word_1_629' title='bbox 2134 3920 2303 3975; x_wconf 87' lang='lat' dir='ltr'><strong>libros</strong></span> <span class='ocrx_word' id='word_1_630' title='bbox 2337 3920 2556 3974; x_wconf 90' lang='lat' dir='ltr'><strong>illorum</strong></span> <span class='ocrx_word' id='word_1_631' title='bbox 2586 3929 2639 3975; x_wconf 86' lang='lat' dir='ltr'><strong>et</strong></span> <span class='ocrx_word' id='word_1_632' title='bbox 2678 3919 2896 3974; x_wconf 88' lang='lat' dir='ltr'><strong>oracula</strong></span> <span class='ocrx_word' id='word_1_633' title='bbox 2925 3918 3193 3974; x_wconf 83' lang='lat' dir='ltr'><strong>versando</strong></span> <span class='ocrx_word' id='word_1_634' title='bbox 3235 3926 3553 3973; x_wconf 86' lang='lat' dir='ltr'><strong>tractamus.</strong></span> 
     </span>
    </p>
   </div>
   <div class='ocr_carea' id='block_1_86' title="bbox 1977 4009 3556 4080">
    <p class='ocr_par' dir='ltr' id='par_1_86' title="bbox 1977 4009 3556 4080">
     <span class='ocr_line' id='line_1_86' title="bbox 1977 4009 3556 4080; baseline -0.003 -12"><span class='ocrx_word' id='word_1_635' title='bbox 1977 4011 2288 4068; x_wconf 88' lang='lat' dir='ltr'><strong>Constituta</strong></span> <span class='ocrx_word' id='word_1_636' title='bbox 2327 4023 2410 4067; x_wconf 90' lang='lat' dir='ltr'><strong>est</strong></span> <span class='ocrx_word' id='word_1_637' title='bbox 2452 4028 2482 4066; x_wconf 93' lang='lat' dir='ltr'><strong>a</strong></span> <span class='ocrx_word' id='word_1_638' title='bbox 2514 4027 2600 4065; x_wconf 91' lang='lat' dir='ltr'><strong>me</strong></span> <span class='ocrx_word' id='word_1_639' title='bbox 2646 4011 2786 4065; x_wconf 85' lang='lat' dir='ltr'><strong>libro</strong></span> <span class='ocrx_word' id='word_1_640' title='bbox 2827 4010 3111 4080; x_wconf 89' lang='lat' dir='ltr'><strong>superiore</strong></span> <span class='ocrx_word' id='word_1_641' title='bbox 3151 4025 3335 4075; x_wconf 88' lang='lat' dir='ltr'><strong>causa,</strong></span> <span class='ocrx_word' id='word_1_642' title='bbox 3369 4024 3469 4064; x_wconf 91' lang='lat' dir='ltr'><strong>cur</strong></span> <span class='ocrx_word' id='word_1_643' title='bbox 3499 4009 3556 4063; x_wconf 88' lang='lat' dir='ltr'><strong>in</strong></span> 
     </span>
    </p>
   </div>
   <div class='ocr_carea' id='block_1_87' title="bbox 1977 4100 3554 4172">
    <p class='ocr_par' dir='ltr' id='par_1_87' title="bbox 1977 4100 3554 4172">
     <span class='ocr_line' id='line_1_87' title="bbox 1977 4100 3554 4172; baseline -0.002 -12"><span class='ocrx_word' id='word_1_644' title='bbox 1977 4120 2188 4160; x_wconf 88' lang='lat' dir='ltr'><strong>morem</strong></span> <span class='ocrx_word' id='word_1_645' title='bbox 2226 4102 2512 4158; x_wconf 76' lang='lat' dir='ltr'><strong>Iudaicum</strong></span> <span class='ocrx_word' id='word_1_646' title='bbox 2543 4118 2652 4158; x_wconf 92' lang='lat' dir='ltr'><strong>non</strong></span> <span class='ocrx_word' id='word_1_647' title='bbox 2699 4101 3018 4166; x_wconf 87' lang='lat' dir='ltr'><strong>recidimus,</strong></span> <span class='ocrx_word' id='word_1_648' title='bbox 3063 4101 3280 4157; x_wconf 89' lang='lat' dir='ltr'><strong>tametsi</strong></span> <span class='ocrx_word' id='word_1_649' title='bbox 3314 4100 3554 4172; x_wconf 85' lang='lat' dir='ltr'><strong>prophe-</strong></span> 
     </span>
    </p>
   </div>
   <div class='ocr_carea' id='block_1_88' title="bbox 1979 4192 3552 4266">
    <p class='ocr_par' dir='ltr' id='par_1_88' title="bbox 1979 4192 3552 4266">
     <span class='ocr_line' id='line_1_88' title="bbox 1979 4192 3552 4266; baseline -0.002 -16"><span class='ocrx_word' id='word_1_650' title='bbox 1979 4196 2101 4252; x_wconf 89' lang='lat' dir='ltr'><strong>ticis</strong></span> <span class='ocrx_word' id='word_1_651' title='bbox 2161 4197 2376 4250; x_wconf 90' lang='lat' dir='ltr'><strong>illorum</strong></span> <span class='ocrx_word' id='word_1_652' title='bbox 2429 4195 2648 4266; x_wconf 88' lang='lat' dir='ltr'><strong>scriptis</strong></span> <span class='ocrx_word' id='word_1_653' title='bbox 2699 4194 3019 4265; x_wconf 88' lang='lat' dir='ltr'><strong>gaudemus,</strong></span> <span class='ocrx_word' id='word_1_654' title='bbox 3049 4208 3150 4248; x_wconf 90' lang='lat' dir='ltr'><strong>nec</strong></span> <span class='ocrx_word' id='word_1_655' title='bbox 3176 4193 3305 4247; x_wconf 92' lang='lat' dir='ltr'><strong>item</strong></span> <span class='ocrx_word' id='word_1_656' title='bbox 3347 4192 3552 4259; x_wconf 79' lang='lat' dir='ltr'><strong>minus,</strong></span> 
     </span>
    </p>
   </div>
   <div class='ocr_carea' id='block_1_89' title="bbox 1977 4285 3556 4363">
    <p class='ocr_par' dir='ltr' id='par_1_89' title="bbox 1977 4285 3556 4363">
     <span class='ocr_line' id='line_1_89' title="bbox 1977 4285 3556 4363; baseline -0.004 -19"><span class='ocrx_word' id='word_1_657' title='bbox 1977 4288 2283 4359; x_wconf 87' lang='lat' dir='ltr'><strong>cujusmodi</strong></span> <span class='ocrx_word' id='word_1_658' title='bbox 2324 4303 2387 4343; x_wconf 90' lang='lat' dir='ltr'><strong>ea</strong></span> <span class='ocrx_word' id='word_1_659' title='bbox 2427 4286 2497 4342; x_wconf 88' lang='lat' dir='ltr'><strong>sit</strong></span> <span class='ocrx_word' id='word_1_660' title='bbox 2524 4288 2656 4352; x_wconf 86' lang='lat' dir='ltr'><strong>vita,</strong></span> <span class='ocrx_word' id='word_1_661' title='bbox 2697 4302 2817 4356; x_wconf 83' lang='lat' dir='ltr'><strong>quae</strong></span> <span class='ocrx_word' id='word_1_662' title='bbox 2855 4285 3075 4363; x_wconf 85' lang='lat' dir='ltr'><strong>Christo</strong></span> <span class='ocrx_word' id='word_1_663' title='bbox 3101 4294 3346 4352; x_wconf 89' lang='lat' dir='ltr'><strong>auctore,</strong></span> <span class='ocrx_word' id='word_1_664' title='bbox 3375 4285 3556 4339; x_wconf 79' lang='lat' dir='ltr'><strong>omni-</strong></span> 
     </span>
    </p>
   </div>
   <div class='ocr_carea' id='block_1_90' title="bbox 1978 4373 3556 4450">
    <p class='ocr_par' dir='ltr' id='par_1_90' title="bbox 1978 4373 3556 4450">
     <span class='ocr_line' id='line_1_90' title="bbox 1978 4373 3556 4450; baseline -0.004 -15"><span class='ocrx_word' id='word_1_665' title='bbox 1978 4381 2079 4435; x_wconf 90' lang='lat' dir='ltr'><strong>bus</strong></span> <span class='ocrx_word' id='word_1_666' title='bbox 2122 4379 2374 4450; x_wconf 89' lang='lat' dir='ltr'><strong>gentibus</strong></span> <span class='ocrx_word' id='word_1_667' title='bbox 2408 4376 2657 4431; x_wconf 91' lang='lat' dir='ltr'><strong>nuntiata</strong></span> <span class='ocrx_word' id='word_1_668' title='bbox 2701 4374 3105 4447; x_wconf 68' lang='lat' dir='ltr'><strong>prmdicataque</strong></span> <span class='ocrx_word' id='word_1_669' title='bbox 3152 4373 3243 4437; x_wconf 86' lang='lat' dir='ltr'><strong>sit,</strong></span> <span class='ocrx_word' id='word_1_670' title='bbox 3279 4385 3556 4443; x_wconf 79' lang='lat' dir='ltr'><strong>quamque</strong></span> 
     </span>
    </p>
   </div>
   <div class='ocr_carea' id='block_1_91' title="bbox 1977 4464 3553 4543">
    <p class='ocr_par' dir='ltr' id='par_1_91' title="bbox 1977 4464 3553 4543">
     <span class='ocr_line' id='line_1_91' title="bbox 1977 4464 3553 4543; baseline -0.006 -15"><span class='ocrx_word' id='word_1_671' title='bbox 1977 4473 2199 4543; x_wconf 89' lang='lat' dir='ltr'><strong>antiqua</strong></span> <span class='ocrx_word' id='word_1_672' title='bbox 2246 4472 2318 4527; x_wconf 89' lang='lat' dir='ltr'><strong>sit</strong></span> <span class='ocrx_word' id='word_1_673' title='bbox 2351 4470 2676 4541; x_wconf 73' lang='lat' dir='ltr'><strong>evangelica:</strong></span> <span class='ocrx_word' id='word_1_674' title='bbox 2715 4469 3026 4540; x_wconf 79' lang='lat' dir='ltr'><strong>reipublicae</strong></span> <span class='ocrx_word' id='word_1_675' title='bbox 3059 4467 3220 4531; x_wconf 86' lang='lat' dir='ltr'><strong>ratio,</strong></span> <span class='ocrx_word' id='word_1_676' title='bbox 3273 4466 3328 4521; x_wconf 88' lang='lat' dir='ltr'><strong>in</strong></span> <span class='ocrx_word' id='word_1_677' title='bbox 3357 4464 3553 4520; x_wconf 87' lang='lat' dir='ltr'><strong>eodem</strong></span> 
     </span>
    </p>
   </div>
   <div class='ocr_carea' id='block_1_92' title="bbox 281 4557 1874 4653">
    <p class='ocr_par' dir='ltr' id='par_1_92' title="bbox 281 4574 1869 4653">
     <span class='ocr_line' id='line_1_92' title="bbox 281 4574 1869 4653; baseline -0.004 -19"><span class='ocrx_word' id='word_1_678' title='bbox 281 4581 426 4653; x_wconf 76' lang='grc' dir='ltr'>τῆρα</span> <span class='ocrx_word' id='word_1_679' title='bbox 460 4580 558 4632; x_wconf 66' lang='grc' dir='ltr'><strong>καὶ</strong></span> <span class='ocrx_word' id='word_1_680' title='bbox 586 4578 790 4648; x_wconf 81' lang='grc' dir='ltr'>Κύριον</span> <span class='ocrx_word' id='word_1_681' title='bbox 819 4576 975 4649; x_wconf 80' lang='grc' dir='ltr'>ἡμῶν</span> <span class='ocrx_word' id='word_1_682' title='bbox 1010 4575 1216 4647; x_wconf 88' lang='grc' dir='ltr'>Ἰησοῦν</span> <span class='ocrx_word' id='word_1_683' title='bbox 1243 4576 1332 4628; x_wconf 75' lang='grc' dir='ltr'><strong>τὸν</strong></span> <span class='ocrx_word' id='word_1_684' title='bbox 1358 4576 1590 4647; x_wconf 76' lang='grc' dir='ltr'>Χριστὸν</span> <span class='ocrx_word' id='word_1_685' title='bbox 1611 4575 1705 4628; x_wconf 90' lang='grc' dir='ltr'><strong>τοῦ</strong></span> <span class='ocrx_word' id='word_1_686' title='bbox 1734 4574 1869 4627; x_wconf 88' lang='grc' dir='ltr'>Θεοῦ</span> 
     </span>
    </p>
   </div>
   <div class='ocr_carea' id='block_1_93' title="bbox 1975 4557 3553 4653">
    <p class='ocr_par' dir='ltr' id='par_1_93' title="bbox 1975 4557 3553 4636">
     <span class='ocr_line' id='line_1_93' title="bbox 1975 4557 3553 4636; baseline -0.007 -15"><span class='ocrx_word' id='word_1_687' title='bbox 1975 4565 2261 4636; x_wconf 81' lang='lat' dir='ltr'><strong>explanavi</strong></span> <span class='ocrx_word' id='word_1_688' title='bbox 2306 4579 2406 4636; x_wconf 91' lang='lat' dir='ltr'><strong>pro</strong></span> <span class='ocrx_word' id='word_1_689' title='bbox 2452 4563 2687 4619; x_wconf 82' lang='lat' dir='ltr'><strong>viribus.</strong></span> <span class='ocrx_word' id='word_1_690' title='bbox 2737 4561 3080 4632; x_wconf 84' lang='lat' dir='ltr'><strong>Quapropter</strong></span> <span class='ocrx_word' id='word_1_691' title='bbox 3130 4560 3223 4630; x_wconf 90' lang='lat' dir='ltr'><strong>qui</strong></span> <span class='ocrx_word' id='word_1_692' title='bbox 3277 4558 3392 4613; x_wconf 66' lang='lat' dir='ltr'><strong>haec</strong></span> <span class='ocrx_word' id='word_1_693' title='bbox 3451 4557 3553 4610; x_wconf 85' lang='lat' dir='ltr'><strong>ali-</strong></span> 
     </span>
    </p>
   </div>
   <div class='ocr_carea' id='block_1_94' title="bbox 286 4664 1865 4742">
    <p class='ocr_par' dir='ltr' id='par_1_94' title="bbox 286 4664 1865 4742">
     <span class='ocr_line' id='line_1_94' title="bbox 286 4664 1865 4742; baseline -0.004 -18"><span class='ocrx_word' id='word_1_694' title='bbox 286 4669 564 4742; x_wconf 79' lang='grc' dir='ltr'>μυστικῆς</span> <span class='ocrx_word' id='word_1_695' title='bbox 587 4667 916 4738; x_wconf 87' lang='grc' dir='ltr'>οἰκονομίας,</span> <span class='ocrx_word' id='word_1_696' title='bbox 951 4669 1043 4721; x_wconf 72' lang='grc' dir='ltr'><strong>καὶ</strong></span> <span class='ocrx_word' id='word_1_697' title='bbox 1067 4667 1142 4732; x_wconf 83' lang='grc' dir='ltr'>ὡς</span> <span class='ocrx_word' id='word_1_698' title='bbox 1167 4667 1232 4720; x_wconf 82' lang='grc' dir='ltr'><strong>ἂν</strong></span> <span class='ocrx_word' id='word_1_699' title='bbox 1262 4665 1525 4738; x_wconf 83' lang='grc' dir='ltr'>μάθοιμεν</span> <span class='ocrx_word' id='word_1_700' title='bbox 1553 4664 1642 4720; x_wconf 71' lang='grc' dir='ltr'>διὰ</span> <span class='ocrx_word' id='word_1_701' title='bbox 1671 4665 1723 4718; x_wconf 85' lang='grc' dir='ltr'><strong>τί</strong></span> <span class='ocrx_word' id='word_1_702' title='bbox 1751 4664 1865 4731; x_wconf 86' lang='grc' dir='ltr'>νῦν,</span> 
     </span>
    </p>
   </div>
   <div class='ocr_carea' id='block_1_95' title="bbox 280 4758 1867 4832">
    <p class='ocr_par' dir='ltr' id='par_1_95' title="bbox 280 4758 1867 4832">
     <span class='ocr_line' id='line_1_95' title="bbox 280 4758 1867 4832; baseline -0.002 -17"><span class='ocrx_word' id='word_1_703' title='bbox 415 4763 479 4814; x_wconf 83' lang='grc' dir='ltr'><strong>ού</strong></span> <span class='ocrx_word' id='word_1_704' title='bbox 526 4760 636 4831; x_wconf 76' lang='grc' dir='ltr'><strong>πρὸ</strong></span> <span class='ocrx_word' id='word_1_705' title='bbox 668 4761 876 4826; x_wconf 88' lang='grc' dir='ltr'>τούτου,</span> <span class='ocrx_word' id='word_1_706' title='bbox 905 4761 1002 4832; x_wconf 77' lang='grc' dir='ltr'>τὴν</span> <span class='ocrx_word' id='word_1_707' title='bbox 1031 4762 1109 4824; x_wconf 87' lang='grc' dir='ltr'>εἰς</span> <span class='ocrx_word' id='word_1_708' title='bbox 1132 4758 1716 4832; x_wconf 72' lang='grc' dir='ltr'>ἅπανταςάνθρώπους</span> <span class='ocrx_word' id='word_1_709' title='bbox 1745 4761 1867 4813; x_wconf 78' lang='grc' dir='ltr'>ἐπι-</span> 
     </span>
    </p>
   </div>
   <div class='ocr_carea' id='block_1_96' title="bbox 284 4849 1866 4925">
    <p class='ocr_par' dir='ltr' id='par_1_96' title="bbox 284 4849 1866 4925">
     <span class='ocr_line' id='line_1_96' title="bbox 284 4849 1866 4925; baseline -0.004 -13"><span class='ocrx_word' id='word_1_710' title='bbox 284 4858 512 4925; x_wconf 66' lang='grc' dir='ltr'>φάνειαν</span> <span class='ocrx_word' id='word_1_711' title='bbox 555 4855 721 4908; x_wconf 73' lang='grc' dir='ltr'>αὐτοῦ</span> <span class='ocrx_word' id='word_1_712' title='bbox 751 4857 1032 4925; x_wconf 82' lang='grc' dir='ltr'>πεποίητο,</span> <span class='ocrx_word' id='word_1_713' title='bbox 1062 4856 1155 4909; x_wconf 80' lang='grc' dir='ltr'><strong>καὶ</strong></span> <span class='ocrx_word' id='word_1_714' title='bbox 1185 4857 1236 4908; x_wconf 85' lang='grc' dir='ltr'><strong>τί</strong></span> <span class='ocrx_word' id='word_1_715' title='bbox 1273 4857 1332 4908; x_wconf 76' lang='grc' dir='ltr'>τὸ</span> <span class='ocrx_word' id='word_1_716' title='bbox 1365 4856 1534 4908; x_wconf 75' lang='grc' dir='ltr'>αἴτιον</span> <span class='ocrx_word' id='word_1_717' title='bbox 1555 4849 1623 4925; x_wconf 78' lang='grc' dir='ltr'>ἦν</span> <span class='ocrx_word' id='word_1_718' title='bbox 1659 4853 1751 4907; x_wconf 90' lang='grc' dir='ltr'><strong>τοῦ</strong></span> <span class='ocrx_word' id='word_1_719' title='bbox 1792 4855 1866 4925; x_wconf 82' lang='grc' dir='ltr'>μὴ</span> 
     </span>
    </p>
   </div>
   <div class='ocr_carea' id='block_1_97' title="bbox 283 4945 1870 5019">
    <p class='ocr_par' dir='ltr' id='par_1_97' title="bbox 283 4945 1870 5019">
     <span class='ocr_line' id='line_1_97' title="bbox 283 4945 1870 5019; baseline -0.002 -17"><span class='ocrx_word' id='word_1_720' title='bbox 283 4951 448 5004; x_wconf 75' lang='grc' dir='ltr'>πάλαι</span> <span class='ocrx_word' id='word_1_721' title='bbox 508 4949 797 5019; x_wconf 88' lang='grc' dir='ltr'>πρότερον,</span> <span class='ocrx_word' id='word_1_722' title='bbox 849 4947 1074 5018; x_wconf 74' lang='grc' dir='ltr'>ἔναγχος</span> <span class='ocrx_word' id='word_1_723' title='bbox 1107 4948 1160 5002; x_wconf 81' lang='grc' dir='ltr'>δὲ</span> <span class='ocrx_word' id='word_1_724' title='bbox 1206 4949 1297 5001; x_wconf 75' lang='grc' dir='ltr'><strong>καὶ</strong></span> <span class='ocrx_word' id='word_1_725' title='bbox 1347 4946 1484 5018; x_wconf 83' lang='grc' dir='ltr'><strong>μετά</strong></span> <span class='ocrx_word' id='word_1_726' title='bbox 1524 4945 1615 5000; x_wconf 75' lang='grc' dir='ltr'><strong>τὸν</strong></span> <span class='ocrx_word' id='word_1_727' title='bbox 1660 4945 1870 5018; x_wconf 83' lang='grc' dir='ltr'>μακρὸν</span> 
     </span>
    </p>
   </div>
   <div class='ocr_carea' id='block_1_98' title="bbox 283 5038 1870 5113">
    <p class='ocr_par' dir='ltr' id='par_1_98' title="bbox 283 5038 1870 5113">
     <span class='ocr_line' id='line_1_98' title="bbox 283 5038 1870 5113; baseline -0.002 -18"><span class='ocrx_word' id='word_1_728' title='bbox 283 5045 473 5106; x_wconf 82' lang='grc' dir='ltr'>αἰῶνα,</span> <span class='ocrx_word' id='word_1_729' title='bbox 510 5042 683 5096; x_wconf 78' lang='grc' dir='ltr'>ἐθνῶν</span> <span class='ocrx_word' id='word_1_730' title='bbox 697 5041 1047 5113; x_wconf 82' lang='grc' dir='ltr'>ἀπάρξασθαι</span> <span class='ocrx_word' id='word_1_731' title='bbox 1076 5041 1235 5095; x_wconf 71' lang='grc' dir='ltr'>αὐτὸν</span> <span class='ocrx_word' id='word_1_732' title='bbox 1262 5041 1525 5112; x_wconf 78' lang='grc' dir='ltr'>κλήσεως,</span> <span class='ocrx_word' id='word_1_733' title='bbox 1545 5039 1615 5093; x_wconf 81' lang='grc' dir='ltr'>τά</span> <span class='ocrx_word' id='word_1_734' title='bbox 1644 5057 1701 5093; x_wconf 90' lang='grc' dir='ltr'><strong>τε</strong></span> <span class='ocrx_word' id='word_1_735' title='bbox 1736 5038 1870 5094; x_wconf 75' lang='grc' dir='ltr'>ἄλλα</span> 
     </span>
    </p>
   </div>
   <div class='ocr_carea' id='block_1_99' title="bbox 284 5130 1870 5208">
    <p class='ocr_par' dir='ltr' id='par_1_99' title="bbox 284 5130 1870 5208">
     <span class='ocr_line' id='line_1_99' title="bbox 284 5130 1870 5208; baseline -0.004 -18"><span class='ocrx_word' id='word_1_736' title='bbox 284 5138 381 5190; x_wconf 80' lang='grc' dir='ltr'>ὅσα</span> <span class='ocrx_word' id='word_1_737' title='bbox 436 5136 640 5208; x_wconf 81' lang='grc' dir='ltr'>δήποτε</span> <span class='ocrx_word' id='word_1_738' title='bbox 682 5133 783 5204; x_wconf 80' lang='grc' dir='ltr'>τῆς</span> <span class='ocrx_word' id='word_1_739' title='bbox 837 5133 952 5187; x_wconf 85' lang='grc' dir='ltr'>κατ’</span> <span class='ocrx_word' id='word_1_740' title='bbox 1004 5133 1162 5187; x_wconf 77' lang='grc' dir='ltr'>αὑτὸν</span> <span class='ocrx_word' id='word_1_741' title='bbox 1233 5134 1541 5206; x_wconf 77' lang='grc' dir='ltr'>ἀπορρήτου</span> <span class='ocrx_word' id='word_1_742' title='bbox 1594 5130 1870 5200; x_wconf 85' lang='grc' dir='ltr'>θεολογίας</span> 
     </span>
    </p>
   </div>
   <div class='ocr_carea' id='block_1_100' title="bbox 285 5224 1867 5300">
    <p class='ocr_par' dir='ltr' id='par_1_100' title="bbox 285 5224 1867 5300">
     <span class='ocr_line' id='line_1_100' title="bbox 285 5224 1867 5300; baseline -0.004 -18"><span class='ocrx_word' id='word_1_743' title='bbox 285 5233 457 5284; x_wconf 84' lang='grc' dir='ltr'>οἰκεῖα</span> <span class='ocrx_word' id='word_1_744' title='bbox 482 5227 745 5299; x_wconf 76' lang='grc' dir='ltr'>τυγχάνει</span> <span class='ocrx_word' id='word_1_745' title='bbox 765 5245 778 5257; x_wconf 71' lang='grc' dir='ltr'><strong>ο</strong></span> <span class='ocrx_word' id='word_1_746' title='bbox 813 5229 892 5282; x_wconf 78' lang='grc' dir='ltr'><strong>ἔτι</strong></span> <span class='ocrx_word' id='word_1_747' title='bbox 930 5227 1033 5300; x_wconf 77' lang='grc' dir='ltr'><strong>μὴν</strong></span> <span class='ocrx_word' id='word_1_748' title='bbox 1066 5229 1159 5281; x_wconf 72' lang='grc' dir='ltr'><strong>καὶ</strong></span> <span class='ocrx_word' id='word_1_749' title='bbox 1188 5225 1254 5279; x_wconf 73' lang='grc' dir='ltr'><strong>τὰ</strong></span> <span class='ocrx_word' id='word_1_750' title='bbox 1295 5226 1420 5297; x_wconf 73' lang='grc' dir='ltr'>περὶ</span> <span class='ocrx_word' id='word_1_751' title='bbox 1453 5226 1550 5296; x_wconf 71' lang='grc' dir='ltr'>τῆς</span> <span class='ocrx_word' id='word_1_752' title='bbox 1593 5224 1867 5295; x_wconf 79' lang='grc' dir='ltr'>ἐνανθρωο</span> 
     </span>
    </p>
   </div>
   <div class='ocr_carea' id='block_1_101' title="bbox 287 5317 1866 5394">
    <p class='ocr_par' dir='ltr' id='par_1_101' title="bbox 287 5317 1866 5394">
     <span class='ocr_line' id='line_1_101' title="bbox 287 5317 1866 5394; baseline 0.025 -28"><span class='ocrx_word' id='word_1_753' title='bbox 287 5325 502 5394; x_wconf 70' lang='grc' dir='ltr'>πήσεως</span> <span class='ocrx_word' id='word_1_754' title='bbox 526 5320 717 5385; x_wconf 78' lang='grc' dir='ltr'>αὑτοῦ,</span> <span class='ocrx_word' id='word_1_755' title='bbox 739 5320 774 5375; x_wconf 80' lang='grc' dir='ltr'><strong>ἂ</strong></span> <span class='ocrx_word' id='word_1_756' title='bbox 797 5323 890 5374; x_wconf 71' lang='grc' dir='ltr'>καὶ</span> <span class='ocrx_word' id='word_1_757' title='bbox 923 5320 1112 5393; x_wconf 75' lang='grc' dir='ltr'>πρῶτα</span> <span class='ocrx_word' id='word_1_758' title='bbox 1148 5318 1207 5384; x_wconf 74' lang='grc' dir='ltr'>ἐξ</span> <span class='ocrx_word' id='word_1_759' title='bbox 1235 5318 1426 5388; x_wconf 64' lang='grc' dir='ltr'><strong>ἐτέρας</strong></span> <span class='ocrx_word' id='word_1_760' title='bbox 1467 5317 1626 5386; x_wconf 64' lang='grc' dir='ltr'>λόγου</span> <span class='ocrx_word' id='word_1_761' title='bbox 1671 5317 1866 5388; x_wconf 45' lang='lat' dir='ltr'><strong>apta&quot;</strong></span> 
     </span>
    </p>
   </div>
   <div class='ocr_carea' id='block_1_102' title="bbox 285 5408 1870 5488">
    <p class='ocr_par' dir='ltr' id='par_1_102' title="bbox 285 5408 1870 5488">
     <span class='ocr_line' id='line_1_102' title="bbox 285 5408 1870 5488; baseline -0.004 -20"><span class='ocrx_word' id='word_1_762' title='bbox 285 5417 353 5480; x_wconf 84' lang='grc' dir='ltr'>ὡς</span> <span class='ocrx_word' id='word_1_763' title='bbox 379 5417 518 5488; x_wconf 79' lang='grc' dir='ltr'>πρὸς</span> <span class='ocrx_word' id='word_1_764' title='bbox 550 5418 678 5480; x_wconf 77' lang='grc' dir='ltr'>τοὺς</span> <span class='ocrx_word' id='word_1_765' title='bbox 719 5416 1001 5479; x_wconf 84' lang='grc' dir='ltr'>ἀπίστους,</span> <span class='ocrx_word' id='word_1_766' title='bbox 1028 5411 1164 5476; x_wconf 86' lang='grc' dir='ltr'>τέως</span> <span class='ocrx_word' id='word_1_767' title='bbox 1193 5412 1351 5465; x_wconf 77' lang='grc' dir='ltr'>αὑτὸν</span> <span class='ocrx_word' id='word_1_768' title='bbox 1391 5410 1584 5483; x_wconf 81' lang='grc' dir='ltr'>βοηθὸν</span> <span class='ocrx_word' id='word_1_769' title='bbox 1618 5408 1870 5464; x_wconf 72' lang='grc' dir='ltr'>ἐπικαλεο</span> 
     </span>
    </p>
   </div>
   <div class='ocr_carea' id='block_1_103' title="bbox 288 5500 1760 5577">
    <p class='ocr_par' dir='ltr' id='par_1_103' title="bbox 288 5500 1760 5577">
     <span class='ocr_line' id='line_1_103' title="bbox 288 5500 1760 5577; baseline -0.003 -18"><span class='ocrx_word' id='word_1_770' title='bbox 288 5508 508 5577; x_wconf 81' lang='grc' dir='ltr'>σάμενοι</span> <span class='ocrx_word' id='word_1_771' title='bbox 536 5506 630 5560; x_wconf 78' lang='grc' dir='ltr'>τὸν</span> <span class='ocrx_word' id='word_1_772' title='bbox 656 5506 750 5559; x_wconf 88' lang='grc' dir='ltr'><strong>τοῦ</strong></span> <span class='ocrx_word' id='word_1_773' title='bbox 775 5505 909 5559; x_wconf 84' lang='grc' dir='ltr'>Θεοῦ</span> <span class='ocrx_word' id='word_1_774' title='bbox 941 5506 1131 5574; x_wconf 86' lang='grc' dir='ltr'>Λόγον,</span> <span class='ocrx_word' id='word_1_775' title='bbox 1161 5504 1291 5576; x_wconf 82' lang='grc' dir='ltr'>φέρε</span> <span class='ocrx_word' id='word_1_776' title='bbox 1317 5500 1760 5572; x_wconf 77' lang='grc' dir='ltr'>διασκεψώμεθα.</span> 
     </span>
    </p>
   </div>
   <div class='ocr_carea' id='block_1_104' title="bbox 1974 4654 3555 4731">
    <p class='ocr_par' dir='ltr' id='par_1_104' title="bbox 1974 4654 3555 4731">
     <span class='ocr_line' id='line_1_104' title="bbox 1974 4654 3555 4731; baseline -0.006 -18"><span class='ocrx_word' id='word_1_777' title='bbox 1974 4659 2195 4731; x_wconf 89' lang='lat' dir='ltr'><strong>quando</strong></span> <span class='ocrx_word' id='word_1_778' title='bbox 2235 4658 2453 4714; x_wconf 87' lang='lat' dir='ltr'><strong>tandem</strong></span> <span class='ocrx_word' id='word_1_779' title='bbox 2494 4656 2852 4719; x_wconf 87' lang='lat' dir='ltr'><strong>absolvimus,</strong></span> <span class='ocrx_word' id='word_1_780' title='bbox 2883 4654 2996 4726; x_wconf 89' lang='lat' dir='ltr'><strong>jam</strong></span> <span class='ocrx_word' id='word_1_781' title='bbox 3035 4669 3182 4709; x_wconf 89' lang='lat' dir='ltr'><strong>nunc</strong></span> <span class='ocrx_word' id='word_1_782' title='bbox 3219 4663 3434 4722; x_wconf 90' lang='lat' dir='ltr'><strong>tempus</strong></span> <span class='ocrx_word' id='word_1_783' title='bbox 3465 4664 3555 4704; x_wconf 85' lang='lat' dir='ltr'><strong>ar-</strong></span> 
     </span>
    </p>
   </div>
   <div class='ocr_carea' id='block_1_105' title="bbox 1975 4742 3550 4817">
    <p class='ocr_par' dir='ltr' id='par_1_105' title="bbox 1975 4742 3550 4817">
     <span class='ocr_line' id='line_1_105' title="bbox 1975 4742 3550 4817; baseline -0.008 -9"><span class='ocrx_word' id='word_1_784' title='bbox 1975 4753 2244 4808; x_wconf 84' lang='lat' dir='ltr'><strong>bitramur</strong></span> <span class='ocrx_word' id='word_1_785' title='bbox 2285 4766 2430 4817; x_wconf 90' lang='lat' dir='ltr'><strong>esse,</strong></span> <span class='ocrx_word' id='word_1_786' title='bbox 2465 4757 2526 4805; x_wconf 90' lang='lat' dir='ltr'><strong>ut</strong></span> <span class='ocrx_word' id='word_1_787' title='bbox 2569 4748 2637 4804; x_wconf 91' lang='lat' dir='ltr'><strong>de</strong></span> <span class='ocrx_word' id='word_1_788' title='bbox 2675 4748 2888 4804; x_wconf 89' lang='lat' dir='ltr'><strong>occulta</strong></span> <span class='ocrx_word' id='word_1_789' title='bbox 2934 4755 2989 4802; x_wconf 91' lang='lat' dir='ltr'><strong>et</strong></span> <span class='ocrx_word' id='word_1_790' title='bbox 3034 4745 3264 4816; x_wconf 82' lang='lat' dir='ltr'><strong>mystica</strong></span> <span class='ocrx_word' id='word_1_791' title='bbox 3316 4742 3550 4805; x_wconf 90' lang='lat' dir='ltr'><strong>ratione,</strong></span> 
     </span>
    </p>
   </div>
   <div class='ocr_carea' id='block_1_106' title="bbox 1974 4826 3553 4917">
    <p class='ocr_par' dir='ltr' id='par_1_106' title="bbox 1974 4826 3553 4917">
     <span class='ocr_line' id='line_1_106' title="bbox 1974 4826 3553 4917; baseline -0.008 -16"><span class='ocrx_word' id='word_1_792' title='bbox 1974 4861 2096 4917; x_wconf 65' lang='lat' dir='ltr'><strong>qum</strong></span> <span class='ocrx_word' id='word_1_793' title='bbox 2152 4847 2219 4902; x_wconf 86' lang='lat' dir='ltr'><strong>ad</strong></span> <span class='ocrx_word' id='word_1_794' title='bbox 2273 4845 2610 4901; x_wconf 83' lang='lat' dir='ltr'><strong>Salvatorem</strong></span> <span class='ocrx_word' id='word_1_795' title='bbox 2656 4849 2712 4896; x_wconf 89' lang='lat' dir='ltr'><strong>et</strong></span> <span class='ocrx_word' id='word_1_796' title='bbox 2754 4840 3044 4896; x_wconf 91' lang='lat' dir='ltr'><strong>Dominum</strong></span> <span class='ocrx_word' id='word_1_797' title='bbox 3085 4826 3334 4892; x_wconf 75' lang='lat' dir='ltr'><strong>nostrum</strong></span> <span class='ocrx_word' id='word_1_798' title='bbox 3363 4834 3553 4890; x_wconf 87' lang='lat' dir='ltr'><strong>Jesum</strong></span> 
     </span>
    </p>
   </div>
   <div class='ocr_carea' id='block_1_107' title="bbox 1972 4927 3552 5010">
    <p class='ocr_par' dir='ltr' id='par_1_107' title="bbox 1972 4927 3552 5010">
     <span class='ocr_line' id='line_1_107' title="bbox 1972 4927 3552 5010; baseline -0.009 -14"><span class='ocrx_word' id='word_1_799' title='bbox 1972 4941 2276 5006; x_wconf 85' lang='lat' dir='ltr'><strong>Christum,</strong></span> <span class='ocrx_word' id='word_1_800' title='bbox 2300 4939 2391 5010; x_wconf 89' lang='lat' dir='ltr'><strong>qui</strong></span> <span class='ocrx_word' id='word_1_801' title='bbox 2425 4936 2678 4994; x_wconf 87' lang='lat' dir='ltr'><strong>Christus</strong></span> <span class='ocrx_word' id='word_1_802' title='bbox 2707 4941 2792 4989; x_wconf 84' lang='lat' dir='ltr'><strong>est</strong></span> <span class='ocrx_word' id='word_1_803' title='bbox 2821 4933 2936 4998; x_wconf 92' lang='lat' dir='ltr'><strong>Dei,</strong></span> <span class='ocrx_word' id='word_1_804' title='bbox 2963 4931 3217 5002; x_wconf 84' lang='lat' dir='ltr'><strong>pertinet,</strong></span> <span class='ocrx_word' id='word_1_805' title='bbox 3253 4927 3552 4983; x_wconf 85' lang='lat' dir='ltr'><strong>occultiora</strong></span> 
     </span>
    </p>
   </div>
   <div class='ocr_carea' id='block_1_108' title="bbox 1975 5019 3554 5105">
    <p class='ocr_par' dir='ltr' id='par_1_108' title="bbox 1975 5019 3554 5105">
     <span class='ocr_line' id='line_1_108' title="bbox 1975 5019 3554 5105; baseline -0.01 -17"><span class='ocrx_word' id='word_1_806' title='bbox 1975 5035 2102 5089; x_wconf 88' lang='lat' dir='ltr'><strong>item</strong></span> <span class='ocrx_word' id='word_1_807' title='bbox 2149 5032 2398 5105; x_wconf 59' lang='lat' dir='ltr'><strong>quadam</strong></span> <span class='ocrx_word' id='word_1_808' title='bbox 2446 5031 2801 5103; x_wconf 86' lang='lat' dir='ltr'><strong>attingamus,</strong></span> <span class='ocrx_word' id='word_1_809' title='bbox 2847 5036 2906 5084; x_wconf 87' lang='lat' dir='ltr'><strong>ut</strong></span> <span class='ocrx_word' id='word_1_810' title='bbox 2942 5041 3066 5082; x_wconf 86' lang='lat' dir='ltr'><strong>cum</strong></span> <span class='ocrx_word' id='word_1_811' title='bbox 3109 5024 3214 5078; x_wconf 88' lang='lat' dir='ltr'><strong>hoc</strong></span> <span class='ocrx_word' id='word_1_812' title='bbox 3254 5019 3458 5092; x_wconf 89' lang='lat' dir='ltr'><strong>pariter</strong></span> <span class='ocrx_word' id='word_1_813' title='bbox 3487 5019 3554 5073; x_wconf 76' lang='lat' dir='ltr'><strong>il-</strong></span> 
     </span>
    </p>
   </div>
   <div class='ocr_carea' id='block_1_109' title="bbox 1975 5111 3553 5194">
    <p class='ocr_par' dir='ltr' id='par_1_109' title="bbox 1975 5111 3553 5194">
     <span class='ocr_line' id='line_1_109' title="bbox 1975 5111 3553 5194; baseline -0.007 -16"><span class='ocrx_word' id='word_1_814' title='bbox 1975 5124 2067 5178; x_wconf 90' lang='lat' dir='ltr'><strong>lud</strong></span> <span class='ocrx_word' id='word_1_815' title='bbox 2104 5124 2404 5187; x_wconf 89' lang='lat' dir='ltr'><strong>discamus,</strong></span> <span class='ocrx_word' id='word_1_816' title='bbox 2451 5137 2612 5194; x_wconf 89' lang='lat' dir='ltr'><strong>quam</strong></span> <span class='ocrx_word' id='word_1_817' title='bbox 2645 5123 2716 5179; x_wconf 90' lang='lat' dir='ltr'><strong>ob</strong></span> <span class='ocrx_word' id='word_1_818' title='bbox 2749 5137 2862 5177; x_wconf 86' lang='lat' dir='ltr'><strong>rem</strong></span> <span class='ocrx_word' id='word_1_819' title='bbox 2891 5133 3060 5180; x_wconf 91' lang='lat' dir='ltr'><strong>nunc,</strong></span> <span class='ocrx_word' id='word_1_820' title='bbox 3092 5128 3145 5194; x_wconf 77' lang='lat' dir='ltr'><strong>et</strong></span> <span class='ocrx_word' id='word_1_821' title='bbox 3179 5130 3287 5169; x_wconf 89' lang='lat' dir='ltr'><strong>non</strong></span> <span class='ocrx_word' id='word_1_822' title='bbox 3321 5111 3553 5167; x_wconf 86' lang='lat' dir='ltr'><strong>antehac</strong></span> 
     </span>
    </p>
   </div>
   <div class='ocr_carea' id='block_1_110' title="bbox 1973 5206 3550 5287">
    <p class='ocr_par' dir='ltr' id='par_1_110' title="bbox 1973 5206 3550 5287">
     <span class='ocr_line' id='line_1_110' title="bbox 1973 5206 3550 5287; baseline -0.009 -15"><span class='ocrx_word' id='word_1_823' title='bbox 1973 5217 2040 5272; x_wconf 88' lang='lat' dir='ltr'><strong>ad</strong></span> <span class='ocrx_word' id='word_1_824' title='bbox 2073 5231 2262 5272; x_wconf 90' lang='lat' dir='ltr'><strong>omnes</strong></span> <span class='ocrx_word' id='word_1_825' title='bbox 2296 5223 2484 5287; x_wconf 83' lang='lat' dir='ltr'><strong>gentes</strong></span> <span class='ocrx_word' id='word_1_826' title='bbox 2531 5215 2832 5281; x_wconf 85' lang='lat' dir='ltr'><strong>advenerit,</strong></span> <span class='ocrx_word' id='word_1_827' title='bbox 2877 5222 2931 5269; x_wconf 93' lang='lat' dir='ltr'><strong>et</strong></span> <span class='ocrx_word' id='word_1_828' title='bbox 2965 5223 3212 5283; x_wconf 62' lang='lat' dir='ltr'><strong>quaenam</strong></span> <span class='ocrx_word' id='word_1_829' title='bbox 3260 5220 3425 5263; x_wconf 83' lang='lat' dir='ltr'><strong>causa</strong></span> <span class='ocrx_word' id='word_1_830' title='bbox 3455 5206 3550 5268; x_wconf 88' lang='lat' dir='ltr'><strong>sit,</strong></span> 
     </span>
    </p>
   </div>
   <div class='ocr_carea' id='block_1_111' title="bbox 1977 5305 3552 5376">
    <p class='ocr_par' dir='ltr' id='par_1_111' title="bbox 1977 5305 3552 5376">
     <span class='ocr_line' id='line_1_111' title="bbox 1977 5305 3552 5376; baseline -0.011 -10"><span class='ocrx_word' id='word_1_831' title='bbox 1977 5319 2036 5366; x_wconf 87' lang='lat' dir='ltr'><strong>ut</strong></span> <span class='ocrx_word' id='word_1_832' title='bbox 2077 5325 2187 5366; x_wconf 90' lang='lat' dir='ltr'><strong>non</strong></span> <span class='ocrx_word' id='word_1_833' title='bbox 2227 5309 2398 5364; x_wconf 91' lang='lat' dir='ltr'><strong>multo</strong></span> <span class='ocrx_word' id='word_1_834' title='bbox 2437 5317 2582 5372; x_wconf 88' lang='lat' dir='ltr'><strong>ante,</strong></span> <span class='ocrx_word' id='word_1_835' title='bbox 2614 5307 2707 5363; x_wconf 88' lang='lat' dir='ltr'><strong>sed</strong></span> <span class='ocrx_word' id='word_1_836' title='bbox 2749 5320 2923 5376; x_wconf 90' lang='lat' dir='ltr'><strong>nuper</strong></span> <span class='ocrx_word' id='word_1_837' title='bbox 2950 5305 3215 5359; x_wconf 81' lang='lat' dir='ltr'><strong>duntaxat</strong></span> <span class='ocrx_word' id='word_1_838' title='bbox 3263 5308 3387 5370; x_wconf 89' lang='lat' dir='ltr'><strong>post</strong></span> <span class='ocrx_word' id='word_1_839' title='bbox 3435 5313 3552 5350; x_wconf 85' lang='lat' dir='ltr'><strong>ma-</strong></span> 
     </span>
    </p>
   </div>
   <div class='ocr_carea' id='block_1_112' title="bbox 1977 5389 3550 5477">
    <p class='ocr_par' dir='ltr' id='par_1_112' title="bbox 1977 5389 3550 5477">
     <span class='ocr_line' id='line_1_112' title="bbox 1977 5389 3550 5477; baseline -0.013 -17"><span class='ocrx_word' id='word_1_840' title='bbox 1977 5419 2144 5477; x_wconf 88' lang='lat' dir='ltr'><strong>gnum</strong></span> <span class='ocrx_word' id='word_1_841' title='bbox 2193 5417 2485 5458; x_wconf 88' lang='lat' dir='ltr'><strong>numerum</strong></span> <span class='ocrx_word' id='word_1_842' title='bbox 2525 5401 2873 5464; x_wconf 64' lang='lat' dir='ltr'><strong>saeculorum,</strong></span> <span class='ocrx_word' id='word_1_843' title='bbox 2905 5409 3102 5452; x_wconf 90' lang='lat' dir='ltr'><strong>vocare</strong></span> <span class='ocrx_word' id='word_1_844' title='bbox 3144 5399 3332 5463; x_wconf 83' lang='lat' dir='ltr'><strong>gentes</strong></span> <span class='ocrx_word' id='word_1_845' title='bbox 3378 5389 3550 5443; x_wconf 62' lang='lat' dir='ltr'><strong>inca:-</strong></span> 
     </span>
    </p>
   </div>
   <div class='ocr_carea' id='block_1_113' title="bbox 1978 5482 3551 5569">
    <p class='ocr_par' dir='ltr' id='par_1_113' title="bbox 1978 5482 3551 5569">
     <span class='ocr_line' id='line_1_113' title="bbox 1978 5482 3551 5569; baseline -0.012 -16"><span class='ocrx_word' id='word_1_846' title='bbox 1978 5497 2118 5569; x_wconf 89' lang='lat' dir='ltr'><strong>perit</strong></span> <span class='ocrx_word' id='word_1_847' title='bbox 2153 5516 2165 5551; x_wconf 91' lang='lat'><strong>:</strong></span> <span class='ocrx_word' id='word_1_848' title='bbox 2197 5505 2315 5552; x_wconf 89' lang='lat' dir='ltr'><strong>tum</strong></span> <span class='ocrx_word' id='word_1_849' title='bbox 2346 5497 2450 5551; x_wconf 88' lang='lat' dir='ltr'><strong>alia</strong></span> <span class='ocrx_word' id='word_1_850' title='bbox 2482 5493 2726 5565; x_wconf 88' lang='lat' dir='ltr'><strong>ejusdem</strong></span> <span class='ocrx_word' id='word_1_851' title='bbox 2758 5490 2992 5562; x_wconf 85' lang='lat' dir='ltr'><strong>generis,</strong></span> <span class='ocrx_word' id='word_1_852' title='bbox 3018 5502 3138 5560; x_wconf 71' lang='lat' dir='ltr'><strong>quae</strong></span> <span class='ocrx_word' id='word_1_853' title='bbox 3169 5498 3382 5540; x_wconf 69' lang='lat' dir='ltr'><strong>arcana:</strong></span> <span class='ocrx_word' id='word_1_854' title='bbox 3405 5482 3551 5536; x_wconf 85' lang='lat' dir='ltr'><strong>illius</strong></span> 
     </span>
    </p>
   </div>
   <div class='ocr_carea' id='block_1_114' title="bbox 288 5577 3548 5674">
    <p class='ocr_par' dir='ltr' id='par_1_114' title="bbox 288 5577 3548 5674">
     <span class='ocr_line' id='line_1_114' title="bbox 288 5577 3548 5674; baseline -0.008 -19"><span class='ocrx_word' id='word_1_855' title='bbox 288 5602 569 5674; x_wconf 71' lang='lat' dir='ltr'><strong>theologia:</strong></span> <span class='ocrx_word' id='word_1_856' title='bbox 604 5601 827 5674; x_wconf 88' lang='lat' dir='ltr'><strong>propria</strong></span> <span class='ocrx_word' id='word_1_857' title='bbox 863 5609 1014 5664; x_wconf 91' lang='lat' dir='ltr'><strong>sunt,</strong></span> <span class='ocrx_word' id='word_1_858' title='bbox 1071 5615 1300 5671; x_wconf 73' lang='lat' dir='ltr'><strong>quaeque</strong></span> <span class='ocrx_word' id='word_1_859' title='bbox 1344 5598 1412 5651; x_wconf 84' lang='lat' dir='ltr'><strong>ad</strong></span> <span class='ocrx_word' id='word_1_860' title='bbox 1454 5597 1608 5652; x_wconf 90' lang='lat' dir='ltr'><strong>illum</strong></span> <span class='ocrx_word' id='word_1_861' title='bbox 1643 5603 1896 5668; x_wconf 87' lang='lat' dir='ltr'><strong>spectant</strong></span> <span class='ocrx_word' id='word_1_862' title='bbox 1923 5602 2224 5650; x_wconf 86' lang='lat' dir='ltr'><strong>tractemus</strong></span> <span class='ocrx_word' id='word_1_863' title='bbox 2259 5613 2271 5649; x_wconf 89' lang='lat'><strong>:</strong></span> <span class='ocrx_word' id='word_1_864' title='bbox 2319 5594 2468 5658; x_wconf 88' lang='lat' dir='ltr'><strong>item,</strong></span> <span class='ocrx_word' id='word_1_865' title='bbox 2524 5605 2632 5661; x_wconf 85' lang='lat' dir='ltr'><strong>qua</strong></span> <span class='ocrx_word' id='word_1_866' title='bbox 2686 5588 2901 5658; x_wconf 80' lang='lat' dir='ltr'><strong>ratione</strong></span> <span class='ocrx_word' id='word_1_867' title='bbox 2934 5585 3025 5641; x_wconf 90' lang='lat' dir='ltr'><strong>ille</strong></span> <span class='ocrx_word' id='word_1_868' title='bbox 3050 5584 3214 5674; x_wconf 89' lang='lat' dir='ltr'><strong>homo</strong></span> <span class='ocrx_word' id='word_1_869' title='bbox 3247 5580 3422 5674; x_wconf 76' lang='lat' dir='ltr'><strong>Iactus</strong></span> <span class='ocrx_word' id='word_1_870' title='bbox 3457 5577 3548 5641; x_wconf 83' lang='lat' dir='ltr'><strong>sit,</strong></span> 
     </span>
    </p>
   </div>
   <div class='ocr_carea' id='block_1_115' title="bbox 292 5671 3552 5764">
    <p class='ocr_par' dir='ltr' id='par_1_115' title="bbox 292 5671 3552 5764">
     <span class='ocr_line' id='line_1_115' title="bbox 292 5671 3552 5764; baseline -0.008 -15"><span class='ocrx_word' id='word_1_871' title='bbox 292 5711 403 5764; x_wconf 76' lang='lat' dir='ltr'><strong>qua:</strong></span> <span class='ocrx_word' id='word_1_872' title='bbox 431 5671 568 5751; x_wconf 74' lang='lat' dir='ltr'><strong>sane</strong></span> <span class='ocrx_word' id='word_1_873' title='bbox 604 5671 788 5749; x_wconf 64' lang='lat' dir='ltr'><strong>etiam</strong></span> <span class='ocrx_word' id='word_1_874' title='bbox 842 5693 1018 5764; x_wconf 91' lang='lat' dir='ltr'><strong>prima</strong></span> <span class='ocrx_word' id='word_1_875' title='bbox 1051 5692 1292 5748; x_wconf 89' lang='lat' dir='ltr'><strong>omnium</strong></span> <span class='ocrx_word' id='word_1_876' title='bbox 1336 5706 1476 5745; x_wconf 90' lang='lat' dir='ltr'><strong>novo</strong></span> <span class='ocrx_word' id='word_1_877' title='bbox 1507 5689 1743 5759; x_wconf 88' lang='lat' dir='ltr'><strong>quodam</strong></span> <span class='ocrx_word' id='word_1_878' title='bbox 1787 5696 2070 5759; x_wconf 85' lang='lat' dir='ltr'><strong>assumpto</strong></span> <span class='ocrx_word' id='word_1_879' title='bbox 2122 5685 2368 5750; x_wconf 80' lang='lat' dir='ltr'><strong>exordio,</strong></span> <span class='ocrx_word' id='word_1_880' title='bbox 2419 5683 2576 5756; x_wconf 87' lang='lat' dir='ltr'><strong>quasi</strong></span> <span class='ocrx_word' id='word_1_881' title='bbox 2599 5681 2666 5738; x_wconf 85' lang='lat' dir='ltr'><strong>ad</strong></span> <span class='ocrx_word' id='word_1_882' title='bbox 2726 5680 2976 5736; x_wconf 87' lang='lat' dir='ltr'><strong>homines</strong></span> <span class='ocrx_word' id='word_1_883' title='bbox 3019 5673 3331 5733; x_wconf 83' lang='lat' dir='ltr'><strong>incredulos</strong></span> <span class='ocrx_word' id='word_1_884' title='bbox 3371 5671 3552 5740; x_wconf 81' lang='lat' dir='ltr'><strong>ipsum</strong></span> 
     </span>
    </p>
   </div>
   <div class='ocr_carea' id='block_1_116' title="bbox 294 5786 2337 5857">
    <p class='ocr_par' dir='ltr' id='par_1_116' title="bbox 294 5786 2337 5857">
     <span class='ocr_line' id='line_1_116' title="bbox 294 5786 2337 5857; baseline -0.005 -11"><span class='ocrx_word' id='word_1_885' title='bbox 294 5789 376 5846; x_wconf 87' lang='lat' dir='ltr'><strong>Dei</strong></span> <span class='ocrx_word' id='word_1_886' title='bbox 419 5792 650 5848; x_wconf 81' lang='lat' dir='ltr'><strong>verbum</strong></span> <span class='ocrx_word' id='word_1_887' title='bbox 687 5791 1028 5854; x_wconf 86' lang='lat' dir='ltr'><strong>invocantes,</strong></span> <span class='ocrx_word' id='word_1_888' title='bbox 1082 5797 1142 5844; x_wconf 89' lang='lat' dir='ltr'><strong>ut</strong></span> <span class='ocrx_word' id='word_1_889' title='bbox 1187 5804 1288 5844; x_wconf 86' lang='lat' dir='ltr'><strong>nos</strong></span> <span class='ocrx_word' id='word_1_890' title='bbox 1337 5787 1576 5857; x_wconf 87' lang='lat' dir='ltr'><strong>adjuvet,</strong></span> <span class='ocrx_word' id='word_1_891' title='bbox 1614 5801 1712 5856; x_wconf 89' lang='lat' dir='ltr'><strong>age</strong></span> <span class='ocrx_word' id='word_1_892' title='bbox 1759 5786 1872 5856; x_wconf 86' lang='lat' dir='ltr'><strong>jam</strong></span> <span class='ocrx_word' id='word_1_893' title='bbox 1907 5786 2337 5842; x_wconf 88' lang='lat' dir='ltr'><strong>consideremus.</strong></span> 
     </span>
    </p>
   </div>
   <div class='ocr_carea' id='block_1_117' title="bbox 284 5899 1764 5992">
    <p class='ocr_par' dir='ltr' id='par_1_117' title="bbox 284 5899 1764 5992">
     <span class='ocr_line' id='line_1_117' title="bbox 284 5899 1764 5992; baseline -0.014 -27"><span class='ocrx_word' id='word_1_894' title='bbox 284 5975 296 5992; x_wconf 46' lang='lat'><em>.</em></span> <span class='ocrx_word' id='word_1_895' title='bbox 352 5905 392 5936; x_wconf 86' lang='lat'><strong>&quot;</strong></span> <span class='ocrx_word' id='word_1_896' title='bbox 430 5903 632 5962; x_wconf 83' lang='lat' dir='ltr'><strong>Ezech.</strong></span> <span class='ocrx_word' id='word_1_897' title='bbox 669 5899 1005 5966; x_wconf 71' lang='lat' dir='ltr'><strong>xrv.21,22.</strong></span> <span class='ocrx_word' id='word_1_898' title='bbox 1085 5903 1127 5934; x_wconf 83' lang='lat'><strong>&quot;</strong></span> <span class='ocrx_word' id='word_1_899' title='bbox 1161 5900 1357 5958; x_wconf 82' lang='lat' dir='ltr'><strong>Ezech.</strong></span> <span class='ocrx_word' id='word_1_900' title='bbox 1393 5915 1523 5961; x_wconf 76' lang='lat' dir='ltr'><strong>xxx,</strong></span> <span class='ocrx_word' id='word_1_901' title='bbox 1572 5899 1764 5955; x_wconf 79' lang='lat'><strong>36-38,</strong></span> 
     </span>
    </p>
   </div>
  </div>
