4158 6418
331 362 427 421 165

1227 342 1880 417 DEMONSTRATIONIS
1919 358 2379 419 svaxcwcm
2414 360 2542 418 LlB.
2583 362 2671 420 ιιι.

3484 369 3587 425 186

329 482 471 541 ὅπως
495 481 544 534 οἰ
576 479 859 551 προφῆται
884 477 983 551 τὴν
1006 477 1098 532 τοῦ
1124 478 1451 549 Εὐαγγελίου
1484 480 1701 554 μνήμην
1717 479 1807 535 ἐπὶ
1826 480 1898 535 toi

2026 482 2102 537 illi
2139 482 2236 537 uni
2265 497 2430 554 posse
2471 483 2902 549 accommodari,
2928 500 2992 540 ex
3023 487 3233 542 eventis
3263 466 3587 543 certissimis

329 571 558 644 Χριστοῦ
580 570 1021 644 παρελάμϐανον.

2017 573 2130 643 jam
2175 574 2287 645 jam
2338 575 2835 647 comprobabimus,
2895 576 2964 638 si.
3019 577 3163 647 quod
3214 578 3583 635 necessarium

327 674 429 729 est,
460 665 613 736 prius
636 664 771 719 illud
801 664 1146 737 contemplati
1170 666 1396 732 erimus,
1427 666 1889 738 quemadmodum
1938 674 2214 742 propheta:
2246 670 2523 742 Evangelii
2555 668 2886 726 mentionem
2937 671 2994 726 in
3043 671 3262 729 Christo
3293 689 3402 729 non
3445 686 3586 743 pra!-

332 759 692 814 termiserint.

326 874 524 939 Ὀπως
555 872 945 963 ollam???
978 872 1226 963 tingat?
1246 876 1616 963 Εῠργγξλῐου
1664 876 1908 947 μνήμην

602 943 702 996 ἐπί
738 943 846 997 τοῦ
874 945 1131 1012 Χριστοῦ
1159 943 1638 1016 παρελάμϐανον.

396 1038 469 1087 A'.
514 1054 533 1087 ι
570 1036 677 1088 Τοῦ
716 1036 1044 1108 δηλωθέντος
1084 1040 1293 1111 μάρτυς
1323 1039 1389 1093 ἂν
1429 1040 1515 1112 εἴη
1549 1040 1787 1113 ῥήμασιν
1810 1038 1908 1093 αὐ-

320 1129 431 1189 τοῖς
470 1127 723 1191 Ἡσαΐας,
765 1129 829 1180 ὲκ
867 1127 1159 1199 προσώπου
1198 1130 1292 1184 τοῦ
1317 1130 1555 1203 Χριστοῦ
1600 1130 1905 1203 κεκραγώς·

326 1236 344 1267 ι
378 1217 607 1288 Πνεῦμα
630 1219 837 1291 Κυρίου
860 1220 946 1274 ἐπ’
970 1222 1090 1290 ἐμὲ,
1111 1214 1172 1273 οὗ
1196 1222 1399 1277 εῖνεκεν
1432 1222 1612 1294 εχρισέ
1642 1239 1729 1294 με·
1753 1223 1912 1291 εὐαγ-

320 1309 639 1375 γελίσασθαι
666 1316 899 1383 πτωχοῖς
924 1313 1231 1367 ἀπέσταλκέ
1265 1331 1353 1385 με,
1382 1315 1613 1386 κηρύξαι
1632 1314 1909 1387 αἰχμαλώ-

322 1418 437 1465 τοις
464 1404 685 1473 ἄφεσιν,
726 1406 821 1458 καὶ
850 1405 1066 1474 τυφλοῖς
1107 1405 1420 1478 ἀνάϐλεψινο
1461 1427 1479 1458 ι
1508 1408 1576 1478 ἦν
1603 1425 1725 1462 τινα
1774 1426 1908 1481 προ-

319 1495 555 1564 φητείαν
577 1496 607 1548 ὁ
634 1496 827 1569 Σωτὴρ
850 1496 1008 1567 ἡμῶν
1036 1499 1092 1551 ὲν
1113 1501 1178 1570 τῇ
1211 1501 1498 1571 συναγωγῇ
1525 1500 1656 1553 ποτὲ
1683 1498 1904 1553 διελθὼν

315 1583 412 1635 ἐπὶ
448 1583 546 1637 τοῦ
597 1584 837 1656 πλήθους
868 1586 975 1640 τῶν
1014 1587 1300 1651 Ἰουδαίων,
1362 1587 1568 1653 πτύξας
1612 1588 1673 1641 τὸ
1699 1587 1902 1660 βιϐλίον

314 1673 441 1730 εἷπε
462 1692 476 1705 ⁸
519 1698 537 1729 ι
572 1679 818 1751 Σήμερον
858 1680 1214 1753 πεπλήρωται
1241 1684 1274 1754 ἡ
1306 1683 1494 1757 Γραφὴ
1524 1682 1661 1754 αῦτη
1694 1683 1767 1743 ἐν⁴
1790 1684 1902 1744 τοῖς

2016 874 2169 942 Quod
2200 874 2462 945 prophetis
2490 874 2548 929 in
2576 874 2689 943 ipso
2721 873 2930 929 Christo
2961 873 3233 947 Evangelii
3270 879 3581 936 mentionem

2597 961 2723 999 assu
2732 946 3001 1014 mpserint.

2082 1033 2121 1088 l.
2162 1033 2407 1105 liujusce
2437 1034 2688 1092 veritatis
2735 1035 2894 1090 testis
2923 1035 2991 1090 ad
3018 1036 3242 1091 verbum
3281 1038 3352 1094 sit
3380 1039 3580 1105 lsaias.

2012 1124 2106 1195 qui
2141 1140 2205 1179 ex
2251 1140 2484 1195 persona
2516 1123 2721 1181 Christi
2771 1126 2992 1193 clamat,
3030 1145 3049 1177 ι
3088 1126 3328 1198 Spiritus
3368 1128 3581 1186 Domini

2012 1232 2180 1288 super
2212 1232 2319 1280 me,
2366 1224 2588 1287 propter
2635 1216 2782 1287 quod
2828 1218 2987 1272 unxit
3034 1234 3156 1274 me:
3196 1218 3582 1291 Evangelizare

2014 1309 2347 1379 pauperibus
2378 1308 2525 1363 misit
2557 1323 2677 1372 mc,
2706 1309 3003 1378 praedicare
3032 1310 3262 1380 captivis
3302 1312 3581 1369 remissio-

2012 1417 2159 1463 nem,
2183 1409 2236 1455 et
2278 1401 2439 1457 caecis
2474 1400 2651 1456 visum
2679 1400 2724 1433 ⁸⁸
2752 1418 2767 1455 :
2813 1420 2833 1453 ι
2869 1417 3033 1472 quam
3078 1418 3211 1458 sane
3243 1403 3580 1474 prophetiam

2014 1490 2263 1547 Salvator
2295 1501 2482 1547 noster
2512 1492 2675 1555 olim.
2702 1494 2755 1548 in
2782 1502 3053 1549 conventu
3087 1496 3228 1565 apud
3273 1497 3580 1553 multitudi-

2007 1601 2131 1639 nem
2189 1583 2499 1640 Judaeorum
2537 1599 2663 1639 cum
2699 1586 2938 1656 legisset,
2984 1587 3290 1658 librumque
3327 1597 3450 1659 post
3488 1590 3570 1645 le-

2007 1676 2244 1731 ctionem
2269 1677 2572 1747 plicuisset,
2604 1676 2684 1732 sic
2706 1677 2922 1733 locutus
2949 1685 3034 1733 est
3064 1697 3077 1731 :
3116 1697 3135 1729 ι
3171 1677 3332 1734 hodie
3357 1680 3577 1751 impleta

314 1771 455 1855 ὠσὶν
483 1771 662 1843 ὑμῶν,
701 1790 721 1825 ι
758 1774 853 1826 καί
886 1773 949 1844 δὴ
988 1772 1199 1827 ἐνθένδε
1237 1772 1541 1845 ἀρξάμενος
1574 1773 1676 1842 τῆς
1700 1773 1898 1836 οἰκείας

2006 1778 2090 1826 est
2143 1769 2418 1839 scriptura
2455 1768 2573 1824 haec
2626 1768 2684 1823 in
2734 1768 2962 1824 auribus
3005 1769 3202 1825 vestris
3237 1770 3306 1834 θ’,
3341 1788 3360 1822 i
3406 1772 3578 1841 proti-

313 1864 669 1928 διδασκαλίας
711 1868 945 1935 πτωχοῖς
990 1865 1367 1937 εὐηγγελίζετο
1417 1866 1527 1920 τῶν
1579 1867 1707 1938 παρ’
1755 1866 1898 1938 αὐτῷ

2006 1878 2217 1933 nusque
2247 1862 2374 1916 hinc
2396 1876 2552 1918 suam
2592 1860 2898 1916 doctrinam
2939 1875 3169 1917 exorsus
3204 1863 3576 1934 evangelizare

317 1956 717 2029 μακαρισμῶν,
757 1958 1104 2029 προτάττωνο
1144 1976 1161 2009 ι
1201 1958 1473 2029 Μακάριοι
1504 1959 1552 2012 οἱ
1585 1960 1791 2030 πτωχοὶ
1828 1960 1905 2032 τῷ

314 2048 615 2119 πνεύματι,
656 2049 739 2102 ὃτι
759 2048 938 2102 αὐτῶν
967 2050 1111 2102 ἐστιν
1141 2049 1441 2120 ἡβασιλεία
1462 2050 1570 2103 τῶν
1603 2050 1898 2122 οὐρανῶν.)

326 2141 493 2195 Ἀλλά
520 2140 619 2195 καί
648 2144 761 2205 τοῖς
783 2140 888 2194 ὐπὸ
916 2142 1238 2212 πνευμάτων
1266 2141 1514 2214 πονηρῶν
1539 2143 1902 2215 ὀχλουμένοις,

314 2235 424 2289 ὑπὸ
454 2252 513 2289 τε
534 2233 807 2305 δαιμόνων
836 2234 1033 2305 τρόπον
1055 2233 1414 2304 αἰχμαλώτων
1445 2235 1611 2288 πάλαι
1644 2235 1905 2307 πρότερον

313 2326 774 2399 κεκρατημένοις,
809 2326 907 2399 τὴν
931 2325 1125 2395 ἄφεσιν
1147 2327 1515 2397 προεκήρυττε
1542 2328 1668 2390 τοὺς
1699 2326 1904 2391 πάντας

312 2414 395 2478 εἰς
424 2412 742 2485 ἐλευθερίαν
764 2412 859 2465 καὶ
886 2411 1037 2464 λύσιν
1065 2410 1174 2465 τῶν
1203 2411 1311 2465 ἀπὸ
1332 2411 1526 2474 κακίας
1549 2410 1758 2481 δεσμῶν
1776 2412 1905 2463 ἀνα·

312 2505 676 2577 καλούμενος,
718 2504 784 2558 δι’
811 2497 887 2558 ὧν
929 2503 1185 2573 ἔφασκενο
1220 2522 1237 2554 ι
1276 2503 1440 2557 Δεῦτε
1474 2505 1609 2577 πρός
1665 2521 1733 2575 με
1767 2503 1903 2557 πάν-

312 2615 408 2662 τες
436 2600 485 2652 oi
515 2597 819 2661 κοπιῶντες
837 2597 931 2650 καὶ
963 2596 1403 2668 πεφορτισμένοι,
1428 2596 1582 2666 κάγὼ
1603 2595 1903 2651 ἀναπαύσω

311 2692 483 2763 ὑμᾶς.
529 2710 549 2743 ι
578 2692 691 2743 Καὶ
719 2688 937 2759 τυφλοῖς
968 2688 1023 2742 δὲ
1070 2690 1169 2762 τὴν
1195 2688 1486 2757 ἀνάϐλεψιν
1516 2691 1762 2761 παρεῖχε,
1788 2692 1902 2753 τοῖς

310 2783 416 2845 τάς
448 2780 604 2852 δψεις
633 2778 726 2832 τοῦ
763 2777 1012 2848 σώματος
1042 2776 1451 2849 διεφθαρμένοις
1482 2775 1544 2828 τὸ
1566 2774 1781 2846 βλέπειν
1800 2775 1903 2828 δω-

316 2873 606 2946 ρούμενος,
626 2870 767 2925 κατά
792 2871 1030 2924 διάνοιαν
1049 2872 1161 2933 τοῖς
1184 2868 1350 2923 πάλαι
1379 2868 1505 2940 περὶ
1528 2867 1624 2938 τὴν
1645 2867 1899 2939 ἀλήθειαν

312 2966 684 3021 ἀναϐλέπουσι
707 2964 806 3034 (i),
838 2963 899 3016 τὸ
936 2962 1050 3033 φῶς
1081 2962 1180 3033 τῆς
1217 2960 1447 3033 ἀληθοῦς
1485 2960 1764 3024 εὐσεϐείας
1796 2978 1900 3013 πα-

316 3058 496 3129 ρέχων
526 3058 681 3127 όρᾷν.
723 3054 826 3108 Τὸν
859 3054 958 3126 μὲν
979 3049 1072 3107 οὖν
1093 3051 1326 3123 Χριστὸν
1357 3052 1415 3103 ὲν
1446 3049 1681 3121 πρώτοις
1718 3050 1901 3103 αὐθένο

2003 1956 2169 2025 coepit
2212 1954 2579 2024 pauperibus,
2621 1968 2718 2011 eos
2770 1955 2824 2008 in
2873 1954 3348 2010 commendatione
3390 1954 3576 2010 beato—

2002 2048 2242 2117 rum,qui
2284 2047 2426 2117 apud
2457 2062 2517 2103 se
2559 2046 2726 2103 futuri
2764 2048 2910 2112 sint,
2942 2047 3167 2118 reliquis
3193 2054 3572 2119 anteponens:

2009 2160 2028 2193 ι
2066 2140 2238 2206 Beati,
2265 2142 2460 2212 inquit,
2494 2156 2765 2212 pauperes
2794 2142 3009 2211 spiritu,
3043 2143 3300 2213 quoniam
3330 2143 3573 2213 ipsorum

2002 2245 2085 2287 est
2117 2250 2341 2304 regnum
2367 2233 2631 2288 caelorum
2664 2234 2729 2288 ⁹¹.
2763 2252 2782 2286 i
2816 2232 2887 2289 lis
2918 2243 3179 2304 pra:terea
3220 2234 3313 2305 qui
3351 2249 3383 2289 a
3414 2237 3576 2294 malis

2003 2326 2286 2395 spiritibus
2314 2332 2662 2387 vexarentur,
2688 2324 2891 2396 quique
2934 2341 2964 2379 a
2998 2325 3369 2392 daemonibus,
3399 2326 3576 2398 capti-

2001 2432 2194 2471 vorum
2239 2418 2435 2482 instar,
2478 2417 2592 2487 jam
2643 2416 2737 2471 diu
2790 2410 3138 2481 tenerentur,
3196 2416 3571 2473 dimissionem

2002 2513 2129 2560 ante
2161 2505 2452 2572 nuntiavit,
2480 2520 2673 2561 omnes
2703 2504 2771 2559 ad
2806 2506 3112 2561 libertatem
3149 2513 3204 2560 et
3244 2506 3571 2563 solutionem

2002 2611 2033 2651 a
2063 2596 2281 2652 malitiae
2324 2596 2559 2651 vinculis
2599 2596 2859 2660 invitans,
2908 2596 3090 2651 verbis
3132 2596 3286 2652 illis:
3335 2614 3355 2649 ι
3392 2598 3573 2653 venite

2004 2687 2068 2742 ad
2097 2702 2204 2753 me,
2238 2702 2431 2748 omnes
2450 2687 2549 2758 qui
2593 2687 2856 2744 laboratis
2895 2696 2950 2742 et
2976 2689 3187 2742 onerati
3213 2688 3368 2754 estis,
3395 2696 3450 2744 et
3469 2704 3573 2760 ego

2002 2779 2240 2833 reﬁciam
2273 2793 2370 2833 vos
2396 2780 2463 2832 ".
2508 2780 2532 2833 ὁ
2569 2778 2741 2834 Caecis
2770 2795 2920 2843 vero,
2941 2779 3036 2850 qui
3058 2794 3353 2849 corporeus
3380 2782 3571 2837 oculos

2005 2870 2266 2925 haberi-nt
2290 2880 2596 2941 corruptos,
2634 2871 2998 2942 integritatem
3028 2871 3357 2940 restituens,
3386 2872 3569 2929 visum

2003 2962 2233 3032 largitus
2261 2977 2367 3026 est,
2406 2972 2465 3016 ut
2500 2961 2579 3018 sic
2603 2962 2957 3033 signiﬁcaret,
2986 2977 3045 3017 se
3068 2964 3135 3018 iis
3158 2966 3251 3032 qui
3273 2964 3403 3018 olim
3423 2962 3571 3019 veri-

2000 3061 2165 3110 tatem
2187 3070 2376 3125 parum
2405 3054 2766 3117 intuerentur,
2798 3055 3055 3110 virtutem
3084 3070 3191 3124 qua
3218 3054 3400 3109 lumen
3428 3069 3571 3117 vera:

315 3164 414 3218 την
451 3147 549 3200 καὶ
590 3144 831 3217 ἀρχηγὸν
864 3142 1079 3196 ἔσεσθαι
1109 3132 1209 3213 τῆς
1251 3139 1606 3210 εὐαγγελικῆς
1640 3157 1896 3212 πραγμα-

2001 3147 2215 3218 pictatis
2248 3146 2602 3218 respicerent,
2633 3162 2883 3218 erogare.
2911 3145 3191 3203 Christum
3222 3161 3352 3217 ergo
3379 3145 3434 3200 in
3459 3148 3570 3218 pri-

313 3240 465 3303 τείας
491 3240 525 3310 ή
565 3234 933 3307 παρατεθεῖσα
961 3232 1263 3306 προφητεία
1312 3231 1624 3302 παρίστησι.
1655 3232 1807 3285 Μετὰ
1838 3232 1895 3285 δὲ

314 3329 480 3384 αὐτὸν
515 3328 616 3399 τῆς
643 3326 816 3397 αὐτῆς
854 3322 1157 3386 ὑποθέσεως
1196 3321 1473 3392 ὑπηρέτας
1518 3319 1732 3373 ἔσεσθαι
1771 3321 1898 3384 τοὺς

313 3419 483 3475 αὐτοῦ
534 3416 782 3490 μαθητὰς
826 3412 1067 3478 θεσπίζει
1104 3414 1132 3467 ό
1161 3411 1321 3475 αὐτὸς
1349 3411 1522 3479 λέγων
1579 3411 1892 3483 προφήτηςι

320 3532 339 3564 ι
394 3511 485 3574 Ὦς
516 3510 709 3581 ὡραῖοι
738 3509 787 3560 οἰ
816 3506 973 3568 πόδες
1001 3504 1108 3558 τῶν
1160 3501 1659 3573 εὐαγγελιζομένων
1692 3502 1893 3570 ἀγαθὰ,

313 3604 350 3674 ᾗ
392 3602 503 3656 τῶν
542 3598 1041 3669 εὐαγγελιζομένων
1090 3597 1335 3668 εἰρήνην.
1392 3614 1411 3647 ι
1470 3594 1637 3648 Ἔνθα
1697 3595 1897 3667 σφόδρα

315 3692 795 3766 ἀπηκριϐωμένως
824 3690 1057 3762 ὡραίους
1087 3688 1285 3760 ἔφησεν
1316 3686 1531 3741 ἔσεσθαι
1573 3686 1700 3750 τοὺς
1734 3686 1897 3751 πόδας

313 3787 422 3841 τῶν
460 3782 968 3855 εὐαγγελιζομένων
1016 3781 1084 3835 τὰ
1129 3779 1224 3835 τοῦ
1266 3780 1500 3852 Χριστοῦ
1532 3778 1732 3849 ἀγαθὰ,
1779 3778 1897 3843 πῶς

315 3881 414 3934 οὐκ
448 3878 677 3950 ἔμελλον
707 3876 899 3947 ὡραῖοι
933 3874 1168 3939 ἔσεσθαι,
1201 3874 1251 3925 oi.
1284 3873 1341 3925 ὲν
1367 3872 1535 3945 ὀλίγῳ
1572 3872 1666 3927 καὶ
1704 3870 1897 3943 βραχεῖ

316 3972 496 4043 χρόνῳ
539 3969 642 4041 τὴν
688 3971 867 4022 πᾶσαν
906 3963 1394 4037 περιδραμούμενοι
1424 3963 1765 4036 οἰκουμένην,
1801 3964 1895 4017 καὶ

318 4064 495 4117 πάντα
525 4061 693 4114 τόπον
726 4057 1110 4131 πληρώσαντες
1135 4057 1231 4129 τῆς
1251 4057 1378 4129 περί
1403 4056 1496 4110 τοῦ
1528 4058 1775 4131 Σωτῆρος
1799 4057 1893 4112 τοῦ

318 4156 526 4226 κόσμου
563 4151 850 4215 θεοσεϐοῦς
868 4148 1250 4213 διδασκαλίας;
1302 4150 1422 4202 Ὅτι
1452 4148 1509 4202 δὲ
1545 4150 1618 4221 μὴ
1659 4152 1894 4221 ῥήμασιν

317 4248 684 4320 ἀνθρωπίνοις
714 4246 1009 4316 ἐκέχρηντο
1044 4244 1125 4306 είς
1157 4240 1327 4295 πειθὼ
1358 4241 1465 4294 τῶν
1506 4242 1891 4313 ἀκροωμένων,

318 4339 450 4393 Θεοῦ
478 4340 537 4393 δὲ
571 4338 798 4409 δύναμις
828 4332 895 4407 ἦν
921 4336 954 4406 ἡ
987 4332 1317 4405 συνεργοῦσα
1338 4333 1520 4396 αὐτοῖς
1551 4333 1609 4385 ὲν
1636 4331 1713 4403 τῷ
1733 4332 1893 4400 εὐαγ-

319 4432 519 4504 γελικῷ
553 4429 888 4502 κηρύγματι,
924 4427 1077 4490 ἄλλος
1105 4426 1266 4479 πάλιν
1290 4426 1572 4497 προφήτης
1600 4424 1887 4493 ἀναφωνεῖ·

326 4545 346 4576 ι
386 4525 593 4595 Κύριος
623 4520 779 4574 δώσει
816 4519 965 4592 ῥῆμα
989 4521 1101 4581 τοῖς
1139 4514 1638 4585 εὐαγγελιζομένοις
1668 4513 1893 4585 δυνάμει

318 4619 507 4691 πολλῇ.
547 4636 568 4669 ι
606 4615 717 4669 Καὶ
763 4613 924 4671 πάλιν
951 4614 979 4665 ὁ
1023 4610 1266 4673 Ἡσαΐας·
1305 4627 1324 4661 ι
1377 4609 1492 4661 Ἐπ’
1538 4607 1662 4679 ὅρος
1695 4605 1894 4678 ὑψηλὸν

320 4709 557 4782 ἀνάϐηθι
588 4711 618 4763 ὁ
661 4704 1163 4775 εὐαγγελιζόμενος,
1214 4700 1373 4766 Σιὼν,
1409 4700 1620 4770 ὖψωσον
1651 4701 1716 4771 τῇ
1751 4699 1895 4770 ἰσχύϊ

321 4803 418 4874 τὴν
439 4801 626 4873 φωνήν
662 4816 753 4853 σου
775 4800 803 4852 ὁ
838 4793 1316 4865 εὐαγγελιζόμενος
1354 4791 1723 4864 Ἰερουσαλήμ·
1749 4791 1896 4861 ὑψώ-

325 4910 472 4956 σατε,
510 4892 588 4963 μὴ
620 4887 889 4960 φοϐεῖσθε,
917 4887 1068 4940 εἰπὸν
1115 4887 1236 4947 ταῖς
1270 4882 1483 4935 πόλεσιν
1547 4880 1736 4943 Ἰούδα,
1784 4881 1892 4934 ἰδοὺ

319 4990 349 5041 ὁ
376 4987 510 5049 Θεὸς
543 4983 719 5054 ὐμῶν,
758 4981 868 5035 ίδού
899 4978 1103 5052 Κύριος
1134 4975 1272 5048 μετὰ
1306 4975 1486 5045 ἰσχύος
1530 4974 1763 5046 ἔρχεται,
1801 4974 1894 5026 καὶ

321 5080 351 5131 ὁ
382 5076 627 5147 βραχίων
668 5072 807 5146 μετὰ
850 5071 1061 5141 κυρίαςο
1112 5068 1219 5121 ἰδοὺ
1262 5070 1291 5120 ὁ
1332 5065 1520 5137 μισθὸς
1562 5065 1723 5119 αὐτοῦ
1776 5066 1891 5135 μετ’

324 5169 508 5229 αὐτοῦ,
541 5166 635 5220 καὶ
665 5165 726 5218 τὸ
767 5163 925 5236 ἔργον
969 5161 1133 5216 αὐτοῦ
1168 5161 1407 5213 ἐναντίον
1439 5157 1622 5211 αὐτοῦ’
1666 5157 1739 5219 ὡς
1777 5173 1895 5209 ποι-

326 5261 430 5332 μὴν
460 5259 717 5329 ποιμανεῖ
741 5256 804 5309 τὸ
834 5255 1079 5326 ποίμνιον
1107 5251 1292 5313 αὐτοῦ,
1331 5251 1425 5304 καὶ
1453 5251 1508 5301 ὲν
1539 5246 1617 5317 τῷ
1653 5247 1892 5320 βραχίονι

323 5356 482 5409 αὐτοῦ
531 5352 751 5419 συνάξει
791 5351 981 5422 ἄρνας,
1011 5349 1105 5403 καὶ
1135 5349 1191 5400 ὲν
1222 5347 1417 5418 γαστρὶ
1461 5342 1687 5413 ἐχούσας
1720 5358 1894 5413 παρα-

324 5446 558 5501 καλέσει.
613 5466 633 5498 ι
680 5443 866 5497 Ταῦτα
927 5442 983 5495 δὲ
1027 5442 1214 5495 ὁποίαν
1254 5440 1434 5512 ἔχεται
1482 5438 1739 5501 διάνοιαν,
1790 5436 1893 5507 ὁδῷ

382 5608 424 5640 ⁸’
457 5607 562 5662 lsa.
597 5619 713 5663 ut,
751 5601 803 5653 ἰ.
878 5600 926 5636 ’⁸
956 5598 1088 5653 Luc.
1135 5597 1335 5666 Iv,_18.
1407 5596 1452 5629 "
1489 5594 1679 5649 Matth.
1713 5609 1762 5657 v,
1792 5592 1845 5647 3.

2001 5588 2187 5645 Matth.
2222 5602 2296 5655 xi,
2340 5586 2430 5641 28.
2506 5584 2550 5617 ”
2587 5580 2693 5638 lsa.
2743 5596 2840 5651 ut,
2870 5580 2926 5637 7.

324 5680 364 5711 ⁸⁸
397 5680 498 5735 ιω.
536 5689 627 5736 ιι.
656 5670 813 5728 9ου.

385 5837 458 5907 (ἰ)
495 5832 782 5902 lnterpres
804 5823 955 5897 legit,
987 5823 1284 5894 ἀναπήροις
1314 5816 1452 5876 οὖσι.

1998 3239 2103 3293 mis
2145 3248 2418 3293 auctorem
2452 3246 2507 3295 et
2539 3237 2733 3293 ducem
2774 3237 3019 3293 futurum
3051 3238 3231 3293 omnis
3278 3238 3572 3307 provincia:

1996 3331 2345 3401 evangelica),
2378 3346 2439 3386 ea
2481 3346 2601 3402 qua
2634 3331 2879 3401 exposita
2919 3337 3023 3393 est,
3074 3331 3358 3402 prophetia
3386 3331 3571 3388 decla-

1997 3432 2101 3477 rat.
2127 3421 2193 3475 At
2227 3428 2350 3492 post
2375 3421 2525 3475 illum
2555 3419 2799 3488 ejusdem
2837 3422 3105 3491 propositi
3137 3421 3419 3477 ministros
3451 3421 3570 3480 fore

1997 3514 2145 3571 illius
2214 3513 2543 3584 discipulos,
2605 3512 2747 3567 idem
2814 3512 3079 3582 propheta
3126 3513 3276 3571 canit
3304 3514 3493 3571 dicens
3547 3527 3563 3565 :

1995 3606 2146 3678 89¢
2182 3603 2355 3672 Quam
2379 3604 2614 3675 speciosi
2657 3604 2820 3675 pedes
2872 3606 3364 3676 evangelizantium
3418 3603 3567 3659 bona

1995 3713 2159 3770 quam
2204 3696 2700 3768 evangelizantium
2746 3710 2934 3767 pacem
2953 3695 3020 3749 ".
3048 3712 3068 3748 ι
3088 3690 3193 3752 Ubi
3218 3695 3378 3752 valde
3400 3708 3570 3749 accu-

1994 3796 2113 3845 rate
2170 3789 2449 3859 speciosos
2501 3781 2637 3842 dixit
2687 3784 2804 3843 fore
2850 3786 3014 3858 pedes
3071 3785 3567 3858 evangelizantium

1994 3876 2137 3932 bona
2167 3878 2393 3940 Christi,
2442 3878 2534 3949 qui
2563 3877 2708 3933 enim
2742 3878 2974 3948 speciosi
3018 3875 3189 3931 futuri
3239 3892 3350 3931 non
3385 3885 3565 3939 erant,

1995 3970 2088 4039 qui
2118 3969 2173 4023 in
2201 3970 2396 4040 exiguo
2428 3970 2686 4040 brevique
2714 3977 2958 4039 tempore
2988 3974 3162 4023 totum
3184 3968 3374 4024 orbem
3408 3976 3568 4024 erant

1994 4061 2335 4133 percursuri,
2366 4070 2420 4115 et
2455 4076 2671 4116 omnem
2709 4061 2889 4117 locum
2921 4070 3109 4116 sancta
3150 4060 3243 4114 illa
3274 4059 3342 4115 de
3375 4058 3566 4114 Salva-

1994 4161 2113 4208 tore
2138 4153 2321 4206 mundi
2347 4152 2593 4207 doctrina
2623 4150 2941 4222 impleturi?
2974 4150 3130 4216 Quod
3165 4158 3349 4204 autem
3379 4149 3571 4204 huma-

1994 4244 2079 4298 nis
2102 4242 2285 4297 verbis
2318 4258 2425 4296 nou
2456 4248 2739 4296 uterentur
2771 4241 2838 4297 ad
2868 4239 3303 4312 persuadendum
3335 4239 3566 4294 audien-

1994 4334 2166 4396 tibus,
2200 4333 2293 4389 sed
2326 4332 2415 4387 Dei
2448 4332 2623 4387 virtus
2660 4340 2807 4388 esset
2839 4348 2960 4403 qua:
3005 4348 3129 4387 cum
3170 4333 3279 4387 illis
3306 4330 3563 4394 faciebat,

1995 4426 2123 4484 dum
2159 4424 2508 4496 Evangelium
2560 4424 2937 4494 priedicarent,
2969 4424 3109 4480 alius
3144 4437 3336 4479 rursus
3364 4422 3565 4476 clamat

1995 4518 2258 4590 prOpheta
2295 4536 2307 4570 :
2344 4535 2363 4568 ι
2403 4515 2667 4572 Dominus
2697 4515 2849 4570 dabit
2884 4515 3111 4584 verbum
3139 4512 3563 4586 evangelizanti-

1996 4610 2102 4666 bus
2145 4609 2343 4663 virtute
2381 4607 2614 4663 multa"
2645 4626 2660 4675 ;
2693 4627 2712 4660 ι
2755 4615 2808 4661 et
2853 4623 3046 4662 rursus
3082 4605 3272 4661 lsaias.
3321 4622 3340 4656 ι
3389 4601 3567 4670 Super

1996 4710 2235 4756 montem
2287 4698 2562 4754 excelsum
2608 4695 2840 4753 ascende
2875 4695 2968 4766 qui
3012 4694 3355 4764 evangelizas
3397 4689 3561 4759 Sion;

1996 4792 2194 4848 extolle
2224 4798 2488 4861 quantum
2518 4798 2671 4859 potes
2694 4803 2881 4843 vocem
2906 4795 3056 4841 tuam
3097 4785 3192 4855 qui
3221 4782 3564 4853 evangelizas

1998 4883 2334 4942 Hierusalem
2369 4897 2383 4934 :
2426 4882 2701 4944 extollite,
2752 4895 2822 4935 ne
2866 4880 3083 4944 timete;
3116 4875 3207 4931 dic
3249 4873 3563 4928 civitatibus

1996 4979 2157 5042 Juda,
2188 4992 2315 5033 ecce
2351 4975 2491 5030 Deus
2517 4980 2717 5038 vester,
2750 4986 2877 5027 ecce
2920 4969 3184 5024 Dominus
3212 4981 3336 5022 cum
3367 4965 3564 5021 robore

1996 5070 2166 5134 venit,
2185 5076 2239 5122 et
2262 5066 2544 5121 brachium
2565 5080 2689 5120 cum
2724 5072 2988 5134 potestate
3013 5080 3025 5115 :
3055 5074 3183 5115 ecce
3205 5072 3412 5112 merces
3443 5056 3564 5127 ejus

1997 5178 2120 5218 cum
2151 5175 2236 5222 eo.
2277 5169 2330 5214 et
2357 5173 2494 5229 Opus
2522 5157 2641 5228 ejus
2670 5170 2852 5211 coram
2888 5154 3007 5225 ipso
3041 5170 3054 5205 :
3085 5157 3344 5221 tanquam
3376 5157 3565 5219 pastor

1996 5260 2185 5325 pascet
2214 5265 2427 5323 gregem
2464 5264 2645 5315 suum,
2677 5254 2730 5303 et
2760 5246 2814 5300 in
2836 5243 3060 5300 brachio
3088 5256 3189 5297 suo
3215 5239 3566 5311 congregabt

2000 5359 2191 5417 agnos,
2215 5351 2269 5397 et
2294 5357 2388 5398 eas
2415 5357 2535 5413 qua:
2553 5341 2608 5396 in
2635 5348 2794 5395 utero
2820 5336 3044 5400 habent,
3062 5331 3520 5390 consolabitur".
3537 5350 3557 5384 ι

2001 5436 2265 5493 Caeterum
2302 5433 2415 5489 hazc
2456 5445 2691 5503 quonam
2724 5443 2888 5485 sensu
2932 5424 3246 5496 accipienda
3277 5422 3407 5487 sint,
3435 5436 3563 5492 pro-

3018 5579 3065 5613 "
3092 5575 3236 5633 Psal.
3266 5590 3435 5640 mu,
3468 5573 3558 5628 ia.
