4158 6418
344 327 447 384 169

1225 317 1875 379 DEMONSTRATIONIS
1914 311 2378 372 EVANGELICA‘I
2418 311 2549 375 LIB.
2586 311 2673 369 Ill.

3487 313 3588 377 1Ἶο

341 443 572 515 mxima
618 443 715 496 καὶ
759 440 965 513 Κύριον
1012 440 1166 512 ἡμῶν
1228 438 1433 510 Ἰησοῦν
1488 438 1578 491 τὸν
1642 436 1910 508 Χριστόν;

2020 432 2246 486 firmiter
2289 431 2545 494 tenenda,
2589 446 2710 502 quae
2759 431 2814 486 in
2853 431 2971 502 lege
3005 427 3174 486 Musis
3215 430 3392 502 posita
3433 443 3584 488 sunt.

342 536 530 597 Ὅπως
583 532 641 586 δὲ
669 532 816 585 τοῦτ’
863 534 1112 604 εἴρηται,
1153 530 1542 601 διασκέψασθαι
1596 531 1909 597 ἀναγκαῖον.

339 620 583 692 Μωῦσῆς
633 622 852 693 πρῶτος
901 623 1142 692 ἡγήσατο
1205 619 1299 673 τοῦ
1370 618 1633 672 Ἰουδαίων
1671 615 1907 678 ’ἐθνους.

338 711 530 782 Εὑρὼν
551 713 608 766 δὲ
637 712 834 774 αὐτοὺς
859 713 925 782 τῇ
949 714 1090 765 κατὰ
1115 710 1444 778 Αἰγυπτίους
1471 707 1715 779 πολυθέῳ
1737 706 1913 777 πλάνῃ

337 802 740 874 προσέχοντας,
815 803 1029 873 πρῶτος
1093 802 1191 872 μὲν
1264 801 1465 872 ταύτης
1531 800 1868 870 ἀπέστρεψεν
1895 838 1910 862 ,

334 894 733 964 ἀπαραιτήτοις
762 893 1054 964 τιμωρίαις
1081 891 1460 963 ἀπαγορεύσας
1491 889 1911 960 εἰδωλολατρεῖν·

335 980 557 1048 πρῶτος
588 981 648 1033 δὲ
676 981 858 1044 αὐτοῖς
897 982 988 1034 καὶ
1028 983 1126 1052 τὴν
1153 982 1279 1053 περὶ
1311 982 1603 1052 μοναρχίας
1637 979 1914 1048 θεολογίαν

337 1070 691 1140 κατήγγειλε,
721 1071 811 1123 τὸν
834 1070 940 1122 τῶν
970 1071 1226 1124 ἁπάντων
1249 1069 1608 1142 Δημιουργὸν,
1635 1069 1728 1124 καὶ⁸
1756 1087 1912 1138 ποιη-

338 1162 438 1233 τὴν
473 1162 634 1232 μόνον
673 1161 1046 1234 παραγγείλας
1098 1160 1294 1214 σέϐειν·
1326 1160 1538 1232 πρῶτος
1566 1160 1620 1213 δὲ
1647 1161 1740 1212 καὶ
1764 1159 1911 1226 ἀγω-

334 1258 440 1323 γήν
473 1271 594 1306 τινα
647 1253 928 1318 θεοσεϐοῦς
975 1253 1088 1324 βίου
1121 1257 1233 1315 τοῖς
1272 1253 1452 1315 αὐτοῖς
1499 1251 1909 1320 διαταξάμενος,

333 1343 634 1414 νομοθέτης
657 1345 839 1407 αὐτοῖς
871 1342 1125 1405 εύσεόοῦς
1151 1342 1422 1405 πολιτείας
1448 1342 1658 1413 πρῶτος
1685 1339 1779 1394 καὶ
1813 1341 1911 1411 μό-

333 1452 430 1498 νος
453 1435 846 1489 ἀποδέδεικται.
866 1435 1023 1488 Ἀλλὰ
1052 1435 1145 1488 καὶ
1185 1435 1390 1506 Ἰησοῦς
1424 1436 1451 1487 6
1478 1433 1711 1506 Χριστὸς
1744 1435 1908 1486 Manli-

334 1529 425 1578 σεί
457 1527 873 1598 παραπλησίως,
906 1528 999 1579 καὶ
1035 1527 1166 1580 πολὺ
1200 1526 1524 1598 κρειττόνως
1561 1526 1773 1596 πρῶτος
1811 1525 1910 1595 τῆς

330 1620 460 1673 κατ’
497 1619 776 1672 εὐσέϐειαν
807 1619 1156 1682 διδασκαλίας
1203 1623 1316 1683 τοῖς
1348 1619 1554 1681 λοιποῖς
1585 1615 1761 1670 ἔθνεσι
1811 1635 1911 1670 κα-

332 1709 618 1780 θηγήσατο
650 1711 745 1765 καὶ
785 1711 999 1782 πρῶτος
1027 1711 1334 1782 ἀνατροπὴν
1361 1710 1461 1780 τῆς
1497 1709 1617 1763 καθ’
1653 1709 1780 1780 ὅλην
1812 1708 1910 1779 τὴν

2017 521 2238 576 Nullum
2297 523 2464 593 igitur
2505 523 2700 576 horum
2743 523 2819 576 illi
2857 523 3090 578 similem
3137 521 3389 580 dixeris:
3436 525 3586 596 atqui

2020 615 2198 671 Moses
2228 615 2296 670 de
2336 630 2445 669 uno
2489 614 2753 669 duntaxat
2795 623 2940 668 certe
2971 629 3036 669 ac
3071 613 3289 672 deﬁnite
3322 617 3586 688 loquitur.

2019 708 2320 772 Quemnam
2338 703 2502 774 igitur
2518 705 2681 757 alium
2703 701 2838 757 Mosi
2851 703 3083 758 similem
3105 702 3345 760 futurum
3363 709 3592 778 prophe-

2019 805 2128 851 tam
2158 797 2306 852 canit
2335 797 2620 850 oraculum
2645 795 2798 858 illud,
2818 795 2922 850 nisi
2960 794 3294 852 Salvatorem
3325 807 3381 854 et
3409 800 3592 856 Domi-

2019 903 2148 942 num
2178 895 2423 942 nostrum
2442 884 2627 941 Jesum
2645 885 2922 941 Christum
2940 887 2963 939 ?
2979 887 3262 953 Quomodo
3283 899 3464 945 autem
3486 891 3591 948 hoc

2019 979 2220 1034 dictum
2239 979 2648 1050 sit,diligentius
2664 981 3017 1050 contemplari
3035 996 3255 1036 necesse
3266 981 3592 1041 est.Primus

2020 1071 2196 1128 Moses
2217 1074 2360 1140 genti
2389 1070 2628 1126 Iudaica:
2650 1070 2889 1141 praefuit:
2911 1088 3146 1143 cumque
3169 1089 3263 1131 eos
3297 1076 3592 1147 depreheno

2019 1164 2187 1220 disset
2212 1161 2483 1236 Egyptiis
2511 1165 3014 1235 superstitionibus,
3033 1168 3436 1238 multorumque
3467 1171 3592 1226 dco.

2019 1274 2138 1312 rum
2157 1259 2304 1312 cultu
2323 1257 2634 1327 implicitos,
2653 1255 2864 1326 primus
2882 1257 2950 1312 ab
2968 1258 3033 1314 iis
3051 1258 3171 1314 illos
3189 1260 3404 1324 avertit,
3423 1262 3595 1317 inevi-

2019 1349 2278 1404 tabilibus
2296 1349 2578 1418 suppliciis
2591 1349 2829 1402 cultores
2844 1348 3261 1404 simulacrorum
3285 1349 3587 1406 deterrens:

2016 1437 2120 1510 91
2153 1447 2206 1495 et
2257 1439 2466 1510 primus
2521 1441 2601 1495 eis
2656 1441 2981 1511 theologiam
3030 1442 3288 1503 ostendit,
3320 1458 3439 1497 eam
3473 1457 3594 1514 qua!

2019 1535 2184 1588 unius
2206 1533 2569 1602 principatum
2594 1533 2773 1596 docet,
2800 1534 3162 1603 praecepitque
3194 1540 3251 1586 ut
3282 1549 3447 1588 unum
3476 1535 3596 1604 opi-

2021 1624 2172 1678 ﬁcem
2228 1633 2612 1694 auctoremque
2662 1640 2841 1679 rerum
2893 1625 3134 1679 omnium
3167 1626 3407 1680 colerent
3439 1643 3452 1679 :
3481 1627 3594 1696 pri-

2020 1735 2142 1774 mus
2183 1719 2346 1773 etiam
2401 1717 2668 1786 religiosa:
2693 1717 2816 1771 vitae
2844 1718 2950 1773 illis
2979 1717 3374 1774 institutionem
3399 1735 3594 1788 quam-

331 1803 665 1872 οίκουμένην
716 1803 1154 1874 εἰδωλολατρείας
1210 1802 1531 1873 εἰργάσατο·
1589 1800 1802 1872 πρῶτός
1854 1816 1911 1853 τε

2020 1807 2138 1858 dam
2198 1805 2492 1873 disponens
2542 1812 2705 1874 atque
2764 1806 3071 1874 assignans,
3125 1808 3225 1876 pia:
3281 1817 3593 1878 sanctasque

332 1895 436 1964 τὴν
460 1894 579 1958 ἑνὸς
609 1893 704 1946 τοῦ
736 1895 1120 1966 παμϐασιλέως
1148 1893 1282 1946 Θεοῦ
1308 1892 1508 1962 γνῶσίν
1538 1910 1597 1946 τε
1633 1893 1726 1946 καὶ
1759 1891 1912 1945 εὐσέ-

333 1988 493 2040 ϐειαν
532 1989 697 2040 πᾶσιν
731 1987 1038 2058 ἀνθρώποις
1083 1982 1442 2057 προύϐάλετο,
1475 1985 1660 2038 καινοῦ
1703 2001 1762 2037 τε
1798 1983 1911 2053 βίου

332 2080 432 2132 καὶ
453 2079 726 2142 πολιτείας
751 2079 1024 2132 θεοσεϐέσι
1052 2077 1659 2148 προσηκούσηςδπρῶτος
1680 2077 1911 2144 εἰσαγωο

333 2173 470 2241 γεὺς
511 2173 606 2225 καὶ
638 2172 932 2242 νομοθέτης
971 2171 1363 2224 ἀποδέδεικται.
1415 2169 1522 2222 Καὶ
1554 2169 1622 2222 τὰ
1667 2167 1826 2222 λοιπὰ
1857 2168 1914 2221 δὲ

331 2263 407 2316 τὰ
436 2264 564 2335 περὶ
588 2263 795 2334 κόσμου
833 2263 1118 2331 γενέσεως,
1145 2261 1238 2314 καὶ
1261 2260 1328 2314 τὰ
1356 2261 1484 2332 περὶ
1511 2260 1685 2331 ψυχῆς
1713 2259 1916 2313 ἀθανα-

334 2355 482 2418 σίας,
514 2355 607 2408 καὶ
628 2355 728 2408 ὅσα
756 2354 889 2408 ἄλλα
920 2353 1182 2424 φιλόσοφα
1209 2353 1450 2423 δόγματα
1490 2352 1707 2425 πρῶτος
1745 2353 1914 2405 Μωῦσ-

336 2442 442 2512 σῆς
472 2442 550 2513 τῷ
596 2443 868 2496 Ἰουδαίων
904 2441 1220 2514 παρέδωκεν
1265 2441 1439 2505 ἔθνει,
1471 2441 1643 2494 ταῦτα
1685 2439 1913 2512 θεοπρε-

334 2535 602 2606 πέστερον
636 2535 851 2606 πρῶτος
880 2539 988 2599 τοῖς
1021 2536 1226 2599 λοιποῖς
1250 2534 1458 2589 ἔθνεσιν
1493 2532 1700 2604 Ἰησοῦς
1723 2536 1750 2587 6
1781 2534 1914 2604 Χρι-

335 2625 462 2687 στὸς
515 2624 607 2678 διὰ
660 2625 769 2678 τῶν
813 2625 976 2678 αὑτοῦ
1034 2624 1292 2696 μαθητῶν
1339 2623 1731 2694 κατήγγειλεν·
1772 2622 1913 2677 ὥστε

333 2716 576 2770 Μωῦσέα
620 2716 719 2787 μὲν
768 2715 992 2780 εἰκότως
1027 2715 1243 2788 πρῶτον
1288 2717 1382 2770 καὶ
1429 2713 1587 2786 μόνον
1633 2713 1913 2778 εὐσεϐείας

334 2805 636 2876 νομοθέτην
682 2806 1078 2877 ἁνηγορεῦσθαι
1121 2807 1415 2869 Ἰουδαίων,
1475 2804 1682 2875 Ἰησοῦν
1727 2805 1784 2858 δὲ
1820 2804 1913 2857 τὸν

334 2897 572 2967 Χριστὸν
597 2896 705 2950 τῶν
732 2897 900 2950 ἐθνῶν
923 2897 1196 2959 ἁπάντων,
1223 2895 1363 2950 κατὰ
1387 2894 1483 2966 τὴν
1510 2899 1758 2965 φήσασαν
1785 2893 1912 2964 περὶ

337 2988 505 3042 αὑτοῦ
538 2990 904 3061 προφητείαν·
934 3009 951 3040 ‹
988 2989 1360 3058 Κατάστησον,
1391 2986 1583 3056 Κύριε,
1620 2985 1912 3056 νομοθέτην

338 3083 426 3134 ἐπ’
472 3081 702 3145 αὐτούς·
753 3080 1044 3150 γνώτωσαν
1092 3081 1240 3151 ἔθνη,
1281 3080 1362 3132 ὅτι
1395 3077 1669 3151 ἄνθρωποί
1711 3080 1834 3130 είσι.
1889 3096 1908 3130 ι

339 3173 506 3230 Πάλιν
524 3175 764 3245 Μωῦσῆς
784 3173 1102 3244 θαυμασίοις
1129 3173 1310 3242 ἔργοις
1333 3171 1425 3224 καὶ
1447 3168 1916 3240 παραδοξοποιίαις

338 3268 436 3339 τὴν
471 3266 610 3338 πρὸς
658 3265 822 3319 αὑτοῦ
857 3263 1317 3332 καταγγελθεὴαν
1363 3260 1642 3314 εὐσέϐειαν
1686 3256 1918 3310 Emam-3-

343 3377 491 3414 σατο.
533 3358 807 3422 Ὡσαύτως
840 3359 897 3411 δὲ
937 3359 1029 3410 καὲ
1056 3359 1084 3409 6
1116 3355 1367 3426 Χριστὸς,
1398 3357 1519 3417 ταῖς
1549 3351 1916 3421 ἀναγράπτοις

340 3451 808 3523 θαυματουργίαις
840 3449 974 3521 πρὸς
1006 3449 1185 3500 πίστιν
1219 3446 1326 3498 τῶν
1350 3443 1599 3517 ὁρώντων
1640 3442 1916 3514 κεχρημέ-

341 3563 450 3608 νος,
483 3545 554 3597 τα
598 3542 763 3597 καινὰ
810 3543 910 3611 τῆς
948 3539 1306 3610 εύαγγελικῆς
1357 3537 1699 3599 διδασκαλίας
1750 3533 1914 3589 αὐτοῦ

346 3637 642 3708 μαθήματα
670 3636 895 3705 σνιεστή
904 3650 1050 3686 σατο.
1078 3631 1246 3685 Πάλιν
1262 3631 1497 3701 Μωῡσῆς
1513 3632 1578 3683 ἐκ
1605 3629 1803 3701 πικρᾶς
1819 3627 1918 3698 τῆς

342 3731 432 3783 ὑπ’
465 3727 786 3797 Αἰγυπτίοις
807 3727 1047 3789 δουλείας
1076 3725 1136 3779 τὸ
1178 3724 1441 3778 Ἰουδαίων
1471 3722 1621 3785 ἔθνος
1650 3724 1729 3783 είς
1761 3721 1916 3773 ἐλευ-

341 3821 525 3894 θερίαν
573 3820 970 3892 μετεστήσατο·
1016 3817 1112 3870 καὶ¹
1159 3813 1366 3886 Ἰησοῦς
1408 3814 1464 3868 δὲ
1506 3815 1534 3866 6
1573 3812 1810 3885 Χριστὸς
1853 3813 1920 3865 ὲκ

341 3914 440 3983 τῆς
468 3912 574 3966 ὑπὸ
598 3914 712 3974 τοῖς
743 3911 995 3980 πονηροῖς
1034 3907 1248 3978 δαίμοσι
1286 3905 1577 3970 δυσσεϐοῦς
1617 3906 1710 3959 καὶ
1747 3906 1918 3974 Αἰγη-

345 4005 584 4075 πτιακῆς
623 4001 1061 4072 είδωλολατρείας
1107 4001 1185 4062 είς
1232 3998 1541 4070 ἐλευθερίαν
1588 3998 1650 4050 τὺ
1701 3998 1918 4052 πάντων

345 4091 647 4163 ἀνθρώπων
695 4091 850 4160 γένος
891 4089 1269 4144 ἀνεκαλέσατο.
1320 4088 1486 4141 Πάλιν
1526 4088 1767 4155 Μωῦσῆς
1813 4089 1919 4158 γῆν

346 4185 506 4253 ἁγίαν
550 4184 642 4237 καὶ
690 4182 913 4252 θεοφιλῆ
961 4181 1072 4251 βίον
1125 4183 1181 4233 ὲν
1225 4179 1397 4254 ταύτῃ
1442 4181 1535 4235 καὶ
1585 4181 1920 4252 μακαριστὸν

343 4280 452 4340 τοῖς
488 4277 599 4329 τῶν
637 4275 818 4346 νόμων
860 4272 1085 4344 φύλαξιν
1123 4273 1518 4344 ἐπηγγείλατο·
1557 4272 1820 4337 ὡσαύτως
1861 4272 1918 4326 δὲ

343 4367 434 4421 mi.
489 4347 698 4437 Ἰησοῦς
727 4367 758 4417 6
796 4365 1047 4432 Χριστος,
1088 4383 1106 4416 t
1155 4363 1454 4433 Μακάριοι,
1498 4381 1516 4414 ι
1563 4362 1750 4433 φησὶν,
1791 4380 1810 4414 t
1869 4363 1917 4415 οί

2015 1894 2328 1964 reipublicae
2360 1893 2468 1947 illis
2498 1904 2689 1947 auctor
2718 1903 2773 1948 et
2799 1894 3009 1962 primus
3031 1904 3085 1950 et
3109 1897 3260 1952 solus
3288 1898 3589 1967 apparuit':

2017 1985 2166 2055 atqui
2209 1981 2369 2038 Jesus
2396 1999 2612 2054 quoque
2639 1984 2895 2040 Christus
2925 1987 3069 2042 sicut
3102 1985 3278 2042 Moses
3309 1988 3587 2050 similiter,

2016 2091 2079 2130 ac
2137 2077 2307 2130 multo
2354 2075 2571 2146 quidem
2626 2077 3025 2134 excellentius:
3062 2079 3154 2148 qui
3212 2080 3421 2148 primus
3467 2079 3589 2148 ejus

2016 2166 2297 2227 doctrime,
2353 2182 2476 2237 qua:
2521 2182 2702 2222 veram
2750 2168 3063 2238 religionem
3101 2170 3336 2226 instituit
3368 2173 3593 2244 reliquis

2016 2258 2289 2328 gentibus,
2340 2265 2532 2312 auctor
2585 2265 2640 2311 et
2687 2261 2948 2329 magister
2990 2258 3114 2326 fuit,
3172 2269 3226 2315 et
3259 2262 3466 2331 primus
3496 2276 3594 2333 per

2016 2356 2186 2402 totum
2226 2356 2495 2403 terrarum
2527 2349 2712 2403 orbem
2766 2349 3181 2405 simulacrorum
3209 2353 3415 2406 cultum
3438 2368 3594 2408 evera

2016 2439 2100 2502 tit,
2135 2438 2452 2508 primusque
2504 2437 2668 2493 unius
2704 2439 2966 2494 .omnium
3007 2441 3150 2510 regis
3196 2439 3289 2496 Dei
3327 2442 3594 2512 cognitim

2017 2546 2140 2585 nem
2192 2541 2245 2585 et
2301 2532 2660 2585 reverentiam
2710 2531 2924 2586 cunctis
2951 2532 3191 2587 ostendit
3231 2533 3544 2589 hominibus
3574 2573 3590 2600 ,

2016 2637 2277 2691 novaeque
2339 2622 2460 2676 vita:
2507 2637 2572 2675 ac
2622 2623 2726 2692 piis
2781 2623 3094 2679 hominibus
3149 2625 3588 2688 accommodatae,

2015 2713 2326 2784 reipublicae
2357 2714 2568 2784 primus
2605 2712 2968 2778 introductor,
2989 2715 3230 2786 legisque
3251 2716 3390 2770 lator
3421 2718 3593 2770 exsti-

2017 2807 2098 2860 tit.
2127 2805 2206 2860 Ad
2244 2805 2377 2870 haec,
2406 2819 2468 2860 ea
2497 2819 2618 2874 qua:
2651 2803 2718 2859 de
2741 2805 2929 2859 mundi
2963 2816 3110 2870 ortu,
3143 2815 3198 2862 et
3225 2822 3346 2878 quae.
3374 2807 3442 2862 de
3467 2809 3590 2862 ani-

2015 2913 2117 2952 ma!
2145 2897 2550 2951 immortalitate
2585 2895 2853 2963 feruntur,
2885 2897 3101 2968 aliaque
3133 2899 3316 2952 omnia
3361 2899 3598 2969 philoso-

2015 2990 2176 3061 phica
2223 2996 2492 3060 praecepta
2532 3004 2872 3059 quascunque
2901 2989 3144 3058 ejusdem
3187 2997 3315 3045 sunt
3355 2991 3591 3061 generis,

2019 3086 2228 3155 primus
2264 3084 2441 3139 Moses
2472 3081 2782 3139 Judworum
2817 3085 3041 3139 tradidit
3081 3080 3310 3137 nationi.
3339 3082 3442 3138 Sed
3477 3083 3593 3136 htec

2022 3175 2191 3228 multo
2247 3160 2515 3242 divinius,
2584 3177 2794 3246 p‘imus
2847 3177 3060 3230 caeteris
3127 3177 3378 3246 gentibus
3434 3173 3595 3229 Jesus

2020 3267 2273 3323 Christus
2309 3286 2402 3340 per
2433 3286 2562 3326 suos
2599 3269 2899 3341 discipulos
2924 3270 3338 3333 demonstravit,
3372 3278 3429 3322 ut
3464 3284 3598 3324 sane

2019 3361 2216 3416 merito
2268 3360 2472 3417 Mosetn
2518 3363 2754 3432 primum
2813 3363 3100 3431 solumque
3143 3363 3361 3432 pietatis
3417 3362 3594 3431 legum

2020 3451 2243 3506 latorem
2293 3451 2604 3508 Iudaeorum
2658 3455 2929 3525 appellare
2987 3469 3200 3521 aequum
3259 3454 3352 3517 sit,
3409 3452 3595 3507 Jesum

2021 3550 2202 3597 autem
2239 3543 2516 3599 Christum
2569 3546 2811 3617 gentium
2862 3547 3258 3608 universarmn,
3293 3545 3433 3599 sicut
3469 3559 3598 3614 pro-

2021 3633 2203 3704 phetia
2229 3651 2350 3705 qua:
2366 3636 2430 3690 de
2463 3637 2553 3692 illo
2588 3647 2692 3700 est,
2720 3638 2868 3692 canit
2907 3658 2918 3692 :
2961 3657 2980 3690 ι
3015 3638 3318 3701 Constitue,
3346 3636 3592 3701 Domine,

2025 3724 2388 3793 legislatorem
2447 3743 2612 3798 super
2667 3744 2785 3794 eos,
2843 3737 3144 3800 agnoscant
3199 3737 3389 3799 gentes
3450 3729 3594 3798 quod

2021 3817 2268 3873 homines
2292 3821 2532 3877 sunt".i
2565 3819 2740 3876 Moses
2770 3829 3024 3891 prmterea
3055 3821 3223 3890 gestis
3257 3821 3598 3876 mirabilibus

2021 3919 2075 3965 ct
2103 3912 2388 3982 prodigiis,
2425 3913 2736 3984 religionem
2766 3929 2796 3966 a
2831 3928 2890 3968 se
2920 3913 3226 3968 institutam
3255 3922 3309 3966 et
3341 3913 3594 3967 traditam

2025 4001 2386 4057 conﬁrmavit.
2438 4003 2626 4059 Itidem
2680 4001 2934 4058 Christus
2985 4004 3053 4058 iis
3107 4003 3423 4064 miraculis,
3475 4016 3598 4072 quas

2023 4093 2187 4146 etiam
2219 4096 2444 4165 scriptis
2472 4095 2670 4151 tradita
2700 4111 2824 4152 esse
2859 4110 3050 4150 omnes
3078 4095 3332 4150 novimus
3369 4093 3436 4149 ad
3467 4093 3599 4148 lide-

2026 4184 2156 4238 lium
2184 4185 2506 4242 intuentium
2540 4202 2696 4251 usus,
2769 4186 2928 4244 novis
2971 4201 3087 4244 suae
3134 4184 3400 4243 doctrinae
3432 4199 3603 4241 evan-

2023 4275 2208 4345 gelicae
2268 4277 2576 4346 praet-eptis,
2637 4278 2989 4334 stabilitatem
3052 4291 3118 4331 ac
3179 4276 3596 4346 perpetuitatem

2025 4365 2292 4436 adjunxit.
2324 4366 2537 4422 Rursus
2561 4366 2738 4422 Moses
2765 4373 2982 4436 gentem
3015 4364 3300 4421 Iudaicam
3342 4366 3411 4418 ah
3456 4365 3602 4420 into-

344 4461 567 4530 πραεῖς,
604 4458 686 4511 ὅτι
730 4457 880 4511 αὐτοὶ
919 4456 1386 4527 κληρονομήσουσι
1429 4456 1528 4526 τὴν
1553 4455 1678 4526 γῆν.
1723 4475 1741 4507 ι
1775 4456 1915 4509 Πολὺ

2026 4455 2236 4510 lerabili
2287 4457 2570 4520 servitute,
2597 4472 2702 4526 qua
2734 4457 2802 4511 ab
2834 4455 3106 4528 Egyptiis
3143 4459 3510 4528 premebatur,
3541 4457 3599 4513 in

346 4551 630 4623 κρείττονα
673 4549 796 4620 γῆν,
832 4548 1044 4619 ἀληθῶς
1075 4550 1169 4602 καὶ
1202 4550 1361 4618 ἁγίαν
1400 4551 1495 4603 καὶ
1525 4547 1767 4620 θεοφιλῆ,
1798 4547 1920 4618 ούχὶ

344 4643 441 4714 τὴν
474 4643 570 4696 ἐπὶ
600 4642 703 4712 τῆς
753 4641 1036 4705 Ἰουδαίας,
1072 4643 1152 4694 ὅτι
1203 4642 1366 4713 μηδὲν
1408 4641 1508 4710 τῆς
1550 4641 1744 4710 λοιπῆς
1780 4641 1918 4714 αὕτη

341 4737 682 4806 διενήνοχεν,
715 4733 848 4787 ἀλλὰ
877 4734 973 4805 τὴν
1003 4735 1122 4786 κατ’
1159 4733 1384 4804 οὐρανὸν
1416 4732 1615 4802 ψυχαῖς
1656 4731 1922 4800 φιλοθέοις

342 4830 748 4900 προσήκουσαν,
779 4830 890 4890 τοῖς
928 4826 1248 4897 κατορθοῦσι
1285 4826 1375 4878 τὸν
1395 4827 1532 4897 πρὸς
1580 4825 1744 4878 αὐτοῦ
1785 4841 1920 4877 κατι

341 4919 679 4992 ηγγελμένον
715 4918 825 4988 βίον
859 4917 1244 4988 ὑποσχόμενος.
1287 4918 1350 4970 Ὃ
1391 4917 1453 4988 δὴ
1514 4917 1606 4969 καὶ
1642 4915 1922 4988 παριστὰς

343 5011 685 5083 λευκότερον,
725 5014 837 5074 τοῖς
881 5010 1017 5080 πρὸς
1059 5009 1223 5062 αὑτοῦ
1261 5008 1716 5080 μακαριζομένοις
1765 5007 1916 5078 βασις

345 5107 492 5160 λείαν
536 5103 784 5175 οὐρανῶν
824 5102 1170 5173 κατήγγειλε.
1225 5100 1333 5154 Καὶ
1378 5100 1542 5163 ἄλλας
1591 5100 1648 5154 δὲ
1693 5098 1923 5170 πράξεις

347 5198 526 5270 εὕροις
567 5196 633 5250 ἂν
663 5196 769 5248 ὑπὸ
803 5194 894 5248 τοῦ
926 5193 1175 5264 Σωτῆρος
1204 5191 1360 5263 ἡμῶν
1397 5192 1665 5262 κρείττονι
1704 5189 1737 5262 ἢ
1779 5189 1921 5244 κατὰ

347 5289 583 5344 Μωῦσέα
606 5287 832 5358 δυνάμει
860 5285 1166 5354 γεγονυίας,
1201 5282 1585 5354 παραπλησίας
1618 5297 1680 5349 γε
1710 5276 1921 5352 μὴναῖς

349 5380 440 5432 καὶ
468 5380 498 5431 6
522 5379 762 5443 Μωῡσῆς
788 5375 1130 5447 διεπράξατο.
1164 5368 1286 5427 υἷον
1317 5373 1392 5436 ὡς
1426 5373 1516 5426 ἐπὶ
1543 5371 1921 5444 παραδείγμα-

348 5483 455 5530 τος,
499 5466 742 5534 Μωῦσῆς
767 5461 958 5534 ἑφεξῆς
985 5457 1394 5534 τεσσαράκοντα
1421 5463 1632 5535 ἡμέρας
1667 5462 1921 5534 ἐνήστευ-

354 5574 460 5622 σεν,
486 5559 617 5629 ὡςή
654 5557 845 5628 Γραφὴ
890 5557 1157 5626 μαρτυρεῖ
1185 5553 1418 5622 λέγουσα
1442 5571 1454 5585 ·
1499 5573 1515 5606 ι
1557 5555 1662 5607 Καὶ
1694 5549 1763 5624 ἦν
1809 5557 1927 5608 ἐκεῖ

420 5735 465 5769 οι
494 5704 637 5792 ρδέη⁹
673 5751 750 5796 ιι,
784 5719 873 5787 2|.
945 5731 1216 5806 ".Matth.
1252 5747 1307 5799 v,
1349 5733 1402 5787 4.
1439 5790 1444 5796 ,

512 5835 790 5893 ΡΑιῚιοι..
836 5828 953 5889 Gn.
989 5826 1188 5894 XXII.

2025 4548 2329 4602 libertatem
2363 4549 2676 4604 vindicavit.
2696 4547 2946 4604 Christus
2978 4564 3217 4619 quoque,
3241 4563 3401 4604 omne
3426 4562 3598 4618 genus

2027 4639 2346 4705 humanum,
2385 4640 2452 4693 ab
2496 4639 2663 4710 impio
2704 4647 2867 4709 atque
2925 4639 3238 4710 .Egyptiaco
3275 4638 3600 4694 simulacrty

2024 4745 2146 4784 rum
2177 4730 2348 4796 cultu,
2379 4745 2490 4802 quo
2534 4731 2636 4786 sub
2690 4732 2850 4787 malis
2905 4731 3241 4788 daemonibus
3293 4730 3598 4797 tenebatur,

2025 4825 2302 4877 revocavit
2344 4825 2410 4877 ad
2460 4824 2787 4880 libertatem.
2853 4824 3094 4894 Denique
3164 4821 3340 4877 Moses
3397 4829 3601 4877 terram

2025 4923 2294 4978 sanctam,
2348 4922 2402 4971 et
2440 4916 2495 4970 in
2552 4931 2616 4970 ea
2672 4917 2835 4970 vitam
2877 4915 2987 4970 Deo
3031 4924 3238 4985 gratam
3286 4921 3340 4969 et
3387 4914 3600 4968 beatam

2027 5006 2114 5070 iis,
2147 5007 2239 5076 qui
2291 5008 2436 5078 leges
2488 5017 2788 5074 servarent,
2843 5008 3116 5079 promisit.
3161 5005 3337 5059 Simili
3393 5006 3603 5060 ratione

2025 5097 2185 5154 Jesus
2211 5099 2490 5165 Christus,
2531 5121 2549 5152 ι
2582 5101 2754 5164 Beati,
2778 5101 2976 5169 inquit,
3007 5100 3185 5160 mites,
3217 5097 3472 5165 quoniam
3501 5097 3602 5166 ipsi

2027 5190 2384 5259 possidebunt
2414 5199 2614 5246 terram
2631 5192 2699 5255 ὀ,
2740 5211 2759 5242 ι
2789 5192 2948 5260 longe
2975 5189 3164 5258 utique
3193 5187 3472 5242 meliorem
3502 5193 3607 5240 ter-

2024 5295 2164 5345 ram,
2201 5298 2438 5353 vereque
2491 5291 2737 5339 sanctam
2783 5299 2846 5337 ac
2890 5281 3000 5337 D60
3049 5289 3282 5352 gratam,
3333 5293 3438 5332 non
3483 5292 3606 5331 eam

2028 5389 2148 5444 qua:
2175 5383 2259 5430 est
2286 5376 2338 5429 in
2363 5375 2570 5439 Iudaea,
2597 5391 2717 5446 qua:
2742 5375 2902 5445 plane
2931 5389 2961 5427 a
2994 5373 3218 5442 reliquis
3241 5371 3378 5426 nihil
3405 5369 3604 5432 dili‘ert,

2029 5465 2124 5521 sed
2168 5465 2263 5521 Dei
2305 5467 2659 5521 amatricibus
2692 5467 2744 5520 in
2779 5466 2918 5521 caelo
2948 5464 3240 5520 animabus
3277 5461 3607 5518 convenien-

2031 5566 2158 5624 tem,
2189 5558 2296 5630 92
2331 5560 2398 5615 iis
2444 5558 2538 5628 qui
2577 5558 2794 5614 vivendi
2848 5558 3116 5616 rationem
3171 5571 3205 5611 ιι
3261 5570 3321 5610 se
3372 5552 3605 5624 positam

3292 5827 3342 5894 6.
