4158 6418
377 315 472 371 I73

1281 310 1941 375 DEMONSTRATIONIS
1984 312 2445 374 EVANGELICAE:
2482 317 2614 372 LIB.
2659 319 2749 372 tu.

3236 195 3263 242 Ι

3550 318 3648 371 174

372 426 501 497 πρὺν
534 428 856 502 ἐκαθάρισε.
890 429 1201 503 Γέγραπται
1231 431 1276 485 δ’
1309 427 1435 486 οὖν·
1479 453 1499 483 ι
1540 433 1650 485 Kal
1685 432 1793 486 ἰδοὺ
1821 433 1944 486 Μα-

2057 430 2167 499 ejus
2198 431 2263 485 “.
2296 448 2316 482 ι
2352 427 2527 484 Simili
2552 429 2784 495 ratione,
2815 435 2869 484 et
2904 416 3068 499 longe
3113 425 3333 492 quidem
3363 428 3636 483 excellen-

374 520 459 590 ρία
495 519 757 593 λεπρῶσα
805 523 938 575 ὡσεὶ
979 523 1132 594 χιών.
1175 545 1193 576 ι
1245 525 1356 579 Kal
1393 526 1509 597 μετ’
1546 524 1735 594 ὀλίγα·
1782 542 1802 575 ι
1843 524 1955 577 Kal

370 610 559 682 ἐϐόησε
586 614 831 684 Μωῦσῆς
874 615 1010 684 πρὸς
1048 616 1273 687 Κύριον,
1308 618 1482 686 λέγων
1505 634 1518 647 ’
1560 618 1618 670 'U
1652 616 1806 680 Θεὸς,
1837 615 1955 669 δέοι-

373 720 488 775 μαι,
523 703 674 758 ἴασαι
699 705 891 776 αὐτήν.
926 727 945 760 ι
983 706 1255 772 Ὡσαύτως
1280 708 1335 761 δὲ
1361 709 1454 762 καὶ
1485 707 1693 780 μείζονι
1726 708 1954 778 δυνάμει

368 795 617 864 ἐξουσίας
666 797 696 848 6
740 797 977 869 Χριστὸς
1029 798 1124 851 τοῦ
1172 798 1328 863 Θεοῦ,
1368 799 1759 871 προσελθόντος
1803 798 1953 870 αὑτῷ

368 886 572 959 λεπροῦ
599 888 693 941 καὶ
709 890 999 959 φήσαντος,
1029 908 1049 941 ι
1072 890 1196 943 Ἐἀν
1214 891 1393 964 θέλῃς,
1425 890 1647 946 δύνασαί
1684 909 1750 962 με
1786 892 1954 946 καθαδ

370 978 542 1048 ρίσαι,
598 980 967 1050 ἀπεκρίνατω
1013 981 1181 1045 Θέλω,
1215 982 1606 1055 καθαρίσθητιο
1640 980 1729 1037 καὶ
1755 981 1958 1036 ἐκαθα-

370 1070 534 1142 ρίσθη
597 1072 766 1125 αὐτοῦ
817 1073 1080 1145 ὴλέπρα.
1126 1092 1145 1126 ι
1200 1074 1367 1130 Πάλιν
1420 1075 1660 1145 Μωῦσῆς
1708 1074 1955 1146 δακτύλῳ

369 1162 504 1215 Θεοῦ
529 1164 700 1236 ἔφησε
726 1166 818 1219 τὸν
859 1166 1022 1236 νόμον
1055 1167 1381 1237 γεγράφθαι.
1416 1168 1730 1239 Γέγραπται
1759 1168 1802 1222 δ’
1835 1164 1953 1222 οὖν’

374 1271 396 1304 ι
440 1255 558 1308 Kal
601 1254 769 1308 ἔδωκε
813 1255 891 1326 τῷ
939 1257 1181 1321 Μωῦσεῖ,
1229 1256 1390 1326 ἡνίκα
1438 1256 1748 1310 κατέπαυσε
1780 1255 1956 1310 λαλῶν

370 1345 521 1417 αὐτῷ
562 1349 621 1400 ἐν
648 1347 726 1417 τῷ
763 1346 878 1420 ὕρει
913 1349 1060 1413 Σινᾶ,
1108 1348 1207 1410 τὰς
1248 1347 1339 1401 δύο
1371 1348 1583 1412 πλάκας
1624 1348 1717 1401 τοῦ
1755 1367 1959 1420 μαρτυ-

373 1437 514 1508 ρίου,
552 1438 767 1503 πλάκας
796 1438 1000 1504 λιθίνας
1046 1441 1434 1512 γεγραμμένας
1476 1440 1553 1512 τῷ
1585 1441 1831 1513 δακτύλῳ
1863 1442 1956 1497 τοῦ

371 1528 530 1582 Θεοῦ.
566 1550 585 1581 ι
625 1531 735 1584 Καὶ
774 1533 832 1585 ἐν
860 1535 925 1603 τῇ
976 1532 1204 1600 Ἐξόδῳ·
1238 1551 1257 1583 ι
1299 1530 1466 1585 Εἶπον
1498 1529 1592 1586 οῦν
1627 1535 1677 1586 oi
1721 1530 1959 1589 ἐπαοιδοὶ

372 1621 451 1691 τῷ
484 1620 721 1692 ⁴Ιιιιραώ·
776 1642 795 1674 ι
838 1624 1116 1688 Δάκτυλος
1146 1625 1282 1678 Θεοῦ
1308 1627 1425 1678 ἐστι
1480 1626 1654 1679 τοῦτο.
1701 1645 1718 1677 ι
1769 1627 1959 1681 Ὡσαύ-

372 1729 481 1775 τως
516 1711 573 1765 δὲ
618 1712 711 1766 καὶ
756 1713 967 1782 Ἰησοῦς
1006 1716 1035 1767 6
1075 1713 1310 1789 Χριστος
1338 1716 1434 1769 τοῦ
1481 1715 1618 1769 Θεοῦ
1651 1720 1765 1779 τοῖς
1793 1718 1958 1786 Φαριακ-

2056 520 2163 574 tius
2193 558 2210 584 ,
2241 517 2493 573 Salvator
2519 527 2708 573 uoster
2740 537 2758 568 ι
2786 531 2909 571 cum
2942 515 3191 571 duxisset
3227 529 3360 571 suos
3392 515 3637 585 discipu-

2054 613 2138 667 los
2166 611 2222 666 in
2258 618 2499 666 montem
2530 611 2808 667 excelsum
2853 611 3047 676 valde,
3092 608 3515 680 transﬁguratus
3551 617 3637 664 est

2055 718 2237 760 coram
2268 703 2371 769 eis,
2404 711 2459 758 et
2487 702 2824 774 resplenduit
2857 702 3023 758 iacies
3051 702 3171 772 ejus
3213 708 3271 755 ut
3310 699 3392 757 sol
3418 741 3433 767 ,
3463 700 3634 755 vestis

2058 805 2242 850 menta
2287 803 2469 851 autem
2510 795 2630 865 ejus
2684 794 2827 849 facta
2880 803 3010 851 sunt
3054 795 3175 848 alba
3208 794 3351 849 sicut
3384 791 3476 846 lux
3509 792 3572 847 ¹¹.
3609 811 3630 844 ι

2056 886 2234 943 Moses
2262 887 2392 941 item
2430 887 2705 957 leprosum
2742 886 3043 942 inundavit.
3071 884 3351 957 Siquidem
3369 885 3632 955 scriptum

2053 985 2139 1033 est
2172 996 2185 1031 :
2222 996 2241 1030 ι
2289 977 2356 1031 Ει
2381 993 2509 1033 εεεε
2540 978 2707 1033 Maria
2740 983 2887 1048 lepra
2922 979 3160 1034 candens
3205 979 3347 1034 sicut
3382 979 3475 1033 nix
3498 976 3563 1031 ¹¹.
3609 992 3629 1030 ι

2055 1069 2123 1123 Ει
2150 1070 2311 1139 paulo
2346 1077 2469 1139 post
2500 1088 2514 1125 :
2559 1087 2577 1120 ι
2626 1068 2692 1123 Et
2719 1070 2969 1125 clamavit
2997 1069 3172 1125 Moses
3203 1070 3270 1123 ad
3315 1068 3634 1135 Dominum,

2056 1161 2244 1217 dicens
2274 1180 2286 1214 :
2324 1160 2492 1228 Deus,
2519 1162 2772 1227 obsecro,
2809 1177 2942 1217 sana
2972 1177 3093 1217 eam
3116 1161 3177 1217 “.
3217 1181 3237 1214 ι
3284 1158 3461 1215 Simili
3502 1167 3634 1232 ergo

2055 1254 2271 1308 ratione
2298 1288 2314 1319 ,
2349 1253 2444 1308 sed
2477 1254 2635 1324 longe
2666 1254 2858 1323 majori
2902 1261 3175 1324 potestate
3206 1253 3459 1309 Christus
3488 1253 3581 1308 Dei
3616 1285 3632 1321 ,

2057 1359 2182 1399 cum
2229 1345 2297 1398 ad
2347 1360 2468 1398 eum
2529 1345 2781 1415 Ieprosus
2841 1347 3206 1408 accessisset,
3246 1346 3632 1416 dixissetque:

2062 1453 2082 1486 ι
2107 1433 2164 1488 Si
2195 1435 2298 1497 vis.
2327 1442 2480 1506 potes
2501 1450 2589 1491 me
2616 1437 2899 1492 mundare.
2923 1435 3257 1507 Respondit:
3290 1428 3447 1498 Volo,
3481 1451 3637 1490 mune

2057 1524 2209 1589 dare,
2242 1533 2296 1581 et
2323 1526 2583 1581 mundata
2612 1537 2696 1582 est
2727 1527 2847 1596 ejus
2878 1529 3026 1598 lepra
3058 1529 3121 1581 ⁸³.
3163 1547 3182 1579 ι
3218 1527 3433 1582 Rursus
3456 1513 3636 1583 Moses

2058 1615 2228 1688 digito
2263 1616 2359 1673 Dei
2403 1618 2663 1687 scriptam
2707 1634 2829 1674 esse
2879 1619 3047 1689 legem
3098 1619 3404 1674 ailirmavit.
3433 1616 3638 1688 Nempe

2060 1713 2140 1765 sic
2171 1711 2437 1780 scriptum
2487 1718 2573 1766 est
2607 1730 2620 1765 :
2656 1729 2674 1760 ι
2712 1710 2778 1765 Ει
2819 1711 2968 1766 dedit
3010 1704 3189 1776 Mosi,
3226 1727 3349 1766 cum
3384 1710 3637 1767 desiisset

373 1802 550 1867 σαὶοις
592 1803 774 1872 ἔλεγεν
799 1822 813 1836 ο
839 1822 858 1855 ι
883 1806 946 1858 Et
978 1806 1032 1859 δὲ
1059 1785 1405 1878 ἐν’δακτύλῳ
1433 1805 1566 1860 Θεοῦ
1610 1807 1857 1860 ἐκϐάλλω
1884 1785 1955 1861 ⁷τά

2060 1801 2206 1871 loqui
2232 1800 2299 1855 ad
2325 1817 2448 1856 eum
2476 1802 2529 1855 in
2553 1810 2737 1857 monte
2769 1801 2900 1856 Sina
2925 1838 2941 1869 ,
2970 1802 3108 1857 duas
3135 1802 3353 1858 tabulas
3386 1803 3637 1858 testimo-

371 1893 643 1964 δαιμόνια.
676 1914 693 1946 ι
730 1896 857 1964 Ἐφ’
898 1896 1039 1960 ὅλοις
1077 1895 1287 1962 τούτοις
1330 1899 1571 1969 Μωῠσῆς
1607 1901 1955 1970 μετωνόμασε

371 1985 464 2039 τὸν
511 1985 739 2056 Ἰησοῦν.
777 1987 1049 2052 Ὡσαύτως
1080 1988 1136 2042 δὲ
1171 1990 1264 2042 καὶ
1308 1991 1335 2043 ὁ
1370 1990 1559 2063 Σωτὴρ
1601 1990 1694 2043 τὸν
1739 1992 1957 2060 Σίμωνα

376 2076 601 2146 Πέτρον.
626 2076 736 2130 καὶ
757 2077 914 2132 πάλιν
940 2096 955 2111 ο
980 2077 1218 2151 Μωῦοῆς
1244 2081 1546 2151 κατέστησε
1566 2081 1644 2152 τῷ
1666 2082 1780 2152 λαῷ
1803 2085 1958 2153 ἡγου-

377 2166 573 2237 μένους
607 2167 990 2239 ἐϐδομήκοντα.
1023 2168 1188 2238 Λέγει
1213 2171 1258 2224 δ’
1295 2168 1386 2225 οὖν
1417 2173 1662 2244 ήΓραφή
1689 2189 1704 2203 ⁵
1740 2194 1757 2224 ι
1792 2174 1958 2227 Συνά-

374 2259 513 2327 γαγέ
550 2276 637 2330 μοι
683 2259 1051 2331 ἐϐδομήκοντα
1100 2262 1320 2334 ἄνδρας,
1356 2263 1466 2316 ἀπὸ
1510 2263 1618 2316 τῶν
1662 2265 1959 2337 πρεσϐυτέ-

377 2366 487 2421 ρων
524 2349 762 2420 Ἰσραὴλ,
792 2353 887 2405 καὶ
920 2351 1103 2420 ἀφελῶ
1136 2352 1243 2405 ἀπὸ
1276 2353 1369 2406 τοῦ
1406 2353 1716 2425 πνεύματος
1747 2354 1839 2407 τοῦ
1867 2356 1960 2409 ἐπὶ

378 2442 479 2504 σοὶ,
524 2442 621 2495 καὶ
660 2442 909 2514 ἐπιθήσω
938 2445 1024 2496 ἐπ’
1058 2444 1257 2509 αύτούς
1280 2461 1295 2476 ο
1340 2446 1433 2499 καὶ
1468 2448 1776 2519 συνήγαγεν
1809 2447 1959 2502 ἐϐδο-

379 2531 623 2600 μήκοντα
649 2529 870 2603 ἄνδρας.
906 2552 925 2583 ι
967 2534 1241 2598 Ὡσαύτως
1271 2534 1329 2588 δὲ
1360 2536 1455 2589 καὶ
1486 2537 1514 2588 6
1538 2537 1726 2609 Σωτὴρ
1758 2538 1961 2592 ἀνέδειέ

379 2620 466 2686 ξεν
492 2620 661 2674 αὐτοῦ
694 2622 941 2692 μαθητὰς
967 2624 1357 2697 ἐϐδομήκοντα,
1390 2628 1483 2681 καὶ
1513 2627 1829 2683 ἀπέστειλεν
1856 2632 1959 2686 ἀνὰ

377 2711 468 2765 δύο
494 2713 604 2784 πρὸ
626 2712 921 2784 προσώπου
950 2713 1141 2769 αὐτοῦέ
1160 2719 1272 2771 Καὶ
1302 2717 1464 2771 πάλιν
1491 2721 1731 2793 Μωῦσῆς
1753 2722 1961 2777 δώδεκα

377 2803 576 2875 ἄνδρας
615 2804 890 2876 ἐξέπεμψε
914 2806 1012 2878 τὴν
1045 2809 1149 2879 γῆν
1189 2810 1722 2889 κατασκεψομένους.
1771 2814 1963 2868 Ὡσαύ-

379 2913 484 2960 τως
513 2896 571 2949 δέ
602 2896 700 2950 καὶ
741 2897 875 2952 πολὺ
904 2902 1151 2971 κρεῖττον
1182 2902 1210 2954 6
1242 2900 1510 2973 ἡμέτερος
1539 2903 1729 2974 Σωτὴρ
1753 2903 1962 2959 δώδεκα

376 2989 711 3054 ἀποστόλους
771 2990 1150 3058 ἐξαπέστειλεν
1203 2993 1602 3063 ἐπισκέψασθαι
1662 2996 1839 3050 πάντα
1890 2998 1961 3053 τά

2058 1897 2136 1949 nii
2169 1936 2184 1959 ,
2227 1896 2445 1952 tabulas
2472 1896 2715 1966 lapideas
2740 1897 2975 1965 scriptas
3002 1896 3175 1967 digito
3205 1894 3299 1950 Dei
3332 1895 3394 1948 ¹⁶.
3437 1915 3456 1946 ι
3486 1894 3553 1948 Ει
3581 1896 3638 1951 in

2061 1988 2250 2043 Exodo
2284 2007 2297 2042 :
2337 2006 2354 2040 ι
2394 1987 2659 2044 Dixerunt
2706 1989 2870 2058 igitur
2911 1989 3279 2045 incautatores
3322 1986 3636 2051 Pharaoni,

2057 2079 2261 2151 digitus
2290 2078 2386 2136 Dei
2428 2089 2514 2135 est
2548 2080 2637 2134 hic
2685 2080 2751 2135 ¹¹.
2804 2101 2823 2132 ι
2857 2079 3044 2135 Itidem
3072 2068 3232 2136 Iesus
3275 2095 3512 2150 quoque,
3542 2074 3639 2149 qui

2058 2172 2312 2228 Christus
2344 2179 2427 2228 est
2458 2171 2553 2227 Dei
2579 2212 2594 2234 ,
2619 2170 2911 2227 Pharisazis
2933 2171 3148 2226 diccbat
3186 2190 3200 2226 :
3231 2189 3250 2222 ι
3281 2170 3339 2226 Si
3370 2179 3549 2226 autem
3584 2171 3637 2224 iu

2058 2262 2230 2332 digito
2260 2262 2355 2317 Dei
2380 2263 2543 2331 ejicio
2565 2263 2832 2317 daemonia
2857 2263 2919 2317 “.
2951 2282 2970 2314 ι
2997 2260 3077 2315 Ad
3106 2262 3220 2315 haec
3246 2261 3430 2316 omnia
3455 2259 3640 2318 Moses

2059 2354 2430 2410 denominavit
2456 2353 2642 2410 Iesum
2692 2353 2857 2410 Nave.
2912 2350 3034 2407 Pari
3061 2352 3273 2407 ratione
3320 2353 3483 2408 etiam
3514 2351 3639 2406 Sal.

2057 2457 2215 2503 vator
2247 2446 2524 2503 Simonem
2555 2447 2798 2502 Petrum.
2844 2447 3023 2517 Atque
3057 2446 3185 2500 item
3225 2444 3404 2500 Moses
3433 2445 3641 2500 consti-

2059 2538 2163 2592 tuit
2196 2539 2395 2609 populo
2421 2579 2436 2603 ,
2471 2539 2563 2609 qui
2613 2546 2911 2608 praeessent
2940 2537 3305 2607 septuaginta.
3345 2530 3627 2606 Siquidem

2061 2626 2194 2683 dicit
2227 2626 2512 2697 Scriptura
2541 2646 2553 2682 :
2592 2646 2611 2678 ι
2650 2627 2928 2698 Congrega
2961 2626 3094 2679 mihi
3126 2626 3468 2696 septuaginta
3491 2626 3640 2678 Viros

2059 2721 2129 2776 de
2153 2720 2467 2777 senioribus
2496 2719 2663 2774 lsrael
2691 2757 2708 2785 ,
2741 2727 2796 2774 et
2827 2718 3069 2773 auferam
3117 2716 3184 2772 de
3209 2716 3405 2787 Spiritu
3448 2715 3541 2785 qui
3582 2716 3636 2771 in

2060 2821 2114 2867 te
2146 2820 2231 2868 est
2255 2853 2271 2875 ,
2303 2820 2357 2866 et
2388 2812 2673 2867 immittam
2710 2812 2764 2865 in
2787 2826 2882 2867 eos
2909 2824 2922 2865 :
2963 2819 3017 2865 et
3046 2808 3395 2880 congregavit
3422 2815 3641 2877 septua-t

2059 2904 2208 2974 ginta
2239 2906 2387 2961 viros
2426 2904 2491 2957 ".
2524 2923 2543 2955 ι
2577 2903 2671 2958 Sic
2693 2902 2857 2958 etiam
2887 2903 3003 2972 ipse
3033 2899 3283 2956 Salvator
3321 2918 3339 2950 ‹
3383 2899 3641 2970 designa-

2061 2999 2137 3052 vit
2159 3010 2290 3052 suos
2321 2996 2623 3067 discipulos
2654 2995 3019 3065 septuaginta,
3044 3001 3097 3048 et
3142 2993 3290 3048 misit
3324 2992 3481 3048 binos
3511 2994 3642 3046 ante

374 3081 523 3153 ἔθνη.
561 3082 734 3136 Πάλιν
761 3084 1000 3154 Μωῦσῆς
1046 3084 1327 3155 νομοθετεῖ
1356 3085 1556 3154 λέγων·
1598 3106 1617 3139 ι
1659 3088 1733 3141 Ού
1769 3089 1957 3157 φονεύ-

2065 3086 2257 3142 faciem
2315 3102 2471 3141 suam
2511 3088 2580 3142 ’°.
2616 3106 2636 3139 ι
2673 3084 2887 3141 Rursus
2938 3084 3117 3139 Moses
3161 3083 3448 3139 duodecim
3490 3083 3641 3137 viros

377 3190 512 3237 σεις,
557 3175 622 3227 ού
662 3174 902 3243 κλέψεις,
947 3176 1048 3228 οὐκ
1087 3177 1456 3249 ἐπιορκήσεις.
1494 3196 1514 3229 ι
1562 3179 1619 3231 Ὁ
1665 3178 1722 3232 δὲ
1768 3180 1959 3252 Σωτὴρ

371 3262 557 3335 ήμῶν,
594 3264 881 3319 ἐπιτείνων
926 3264 1017 3317 τὸν
1048 3265 1235 3336 νόμον,
1280 3266 1340 3318 ού
1387 3267 1449 3319 τὸ
1488 3267 1732 3336 φονεύειν
1776 3268 1957 3338 μόνον,

372 3354 511 3408 ἀλλά
558 3356 652 3408 καὶ
695 3355 757 3407 τὸ
802 3353 1105 3427 θυμοῦσθαι
1154 3356 1522 3429 ἀπαγορεύει·
1569 3359 1689 3411 ἀντὶ
1733 3358 1830 3412 τοῦ
1884 3359 1960 3433 μὴ

378 3445 675 3518 μοιχεύειν,
726 3446 849 3517 μηδ’
876 3447 1170 3518 ἐμϐλέπειν
1214 3450 1437 3519 γυναικὶ
1479 3450 1616 3522 μετά
1666 3452 1960 3524 ἐπιθυμίας

376 3538 681 3593 ἀκολάστου
729 3543 1011 3611 παραινεῖο
1054 3541 1175 3595 ἀντί
1217 3559 1276 3595 τε
1323 3542 1417 3595 τοῦ
1463 3543 1538 3615 μὴ
1581 3544 1855 3611 κλέπτειν,
1891 3547 1961 3600 τὰ

371 3633 552 3685 οίκεῖα
583 3631 945 3705 τοῖςιένδεέσι
988 3633 1273 3705 προΐεσθαι
1310 3636 1634 3707 προστάττει
1658 3656 1672 3670 ⁸
1714 3639 1961 3711 ὑπερϐὰς

371 3722 429 3779 δὲ
454 3725 550 3777 καὶ
578 3723 643 3776 τὸ
686 3725 981 3795 ἐπιορκεῖν,
1028 3726 1127 3797 τὴν
1169 3727 1344 3799 ἀρχὴν
1376 3729 1509 3800 μηδὲ
1536 3729 1763 3801 ὀμνύναι
1800 3750 1962 3803 νομοὁ

374 3818 545 3874 θετεῖ.
578 3821 690 3873 Καὶ
726 3821 780 3873 τί
816 3838 883 3891 με
909 3821 989 3874 δεῖ
1024 3821 1285 3893 μηκύνειν
1317 3823 1409 3877 τὸν
1448 3823 1605 3892 λόγον
1635 3824 1717 3887 είς
1744 3824 1965 3877 ἀπόδειά

372 3910 457 3978 ξιν
490 3910 587 3965 τοῦ
618 3912 690 3964 τὰ
720 3913 1095 3984 παραπλήσια,
1132 3914 1228 3969 καὶ
1255 3918 1422 3984 ἐγγὺς
1455 3914 1696 3987 ἀλλήλων
1730 3932 1965 3986 πεποιηά

373 4002 533 4057 κέναι
570 4004 813 4058 Μωῦσέα
856 4005 949 4059 καὶ
989 4004 1191 4077 Ἰησοῦν
1230 4006 1322 4060 τὸν
1363 4007 1594 4079 Σωτῆρα
1632 4008 1725 4060 καὶ
1754 4006 1959 4080 Κύριον

371 4097 569 4167 ήμῶν;
622 4096 828 4164 Παρὺν,
868 4097 977 4169 ὅτῳ
1022 4097 1192 4168 φίλον,
1238 4100 1330 4152 ἐπὶ
1366 4098 1562 4170 σχολῆς
1596 4098 1958 4165 ἀναλέξασθαι

373 4185 568 4238 ταῦτα.
606 4186 761 4238 Ἐπεὶ
788 4186 882 4239 καὶ
914 4189 1005 4241 τὸν
1037 4187 1265 4241 θάνατον
1304 4187 1582 4251 Μωῦσέως
1619 4187 1820 4258 μηδένα
1845 4178 1971 4256 φα-’

376 4274 461 4327 civ
498 4275 823 4344 ἐγνωκέναι,
876 4276 1006 4347 μηδὲ
1039 4277 1137 4347 τὴν
1174 4277 1351 4350 ταφήν
1382 4277 1548 4331 αὑτοῦ
1572 4294 1584 4307 ·
1628 4277 1818 4349 ὥσπερ
1862 4274 1957 4332 οὖν

374 4367 497 4419 ούδέ
524 4367 621 4421 τοῦ
647 4369 898 4438 Σωτῆρος
942 4368 1098 4439 ἡμῶν
1131 4367 1230 4441 τὴν
1265 4368 1403 4440 μετά
1427 4369 1528 4440 τὴν
1556 4368 1847 4423 ἀναϐίωσιν
1875 4370 1957 4433 είς

2061 3179 2244 3234 emisit
2296 3186 2499 3234 terram
2556 3178 2940 3248 exploraturos
2977 3178 3043 3231 “.
3084 3174 3284 3231 Noster
3321 3173 3450 3247 94
3510 3175 3639 3228 item

2061 3267 2335 3333 Salvator,
2394 3267 2675 3336 multoque
2727 3265 2889 3320 etiam
2941 3264 3287 3335 prteStantius
3350 3261 3640 3317 duodecim

2060 3358 2337 3428 apostolos
2361 3357 2578 3423 emisit,
2625 3355 2692 3410 ad
2724 3353 3095 3426 inspiciendas
3126 3367 3319 3408 omnes
3350 3362 3539 3420 gentes
3566 3351 3634 3403 ¹¹.

2057 3436 2275 3504 Rursus
2326 3446 2504 3503 Moses
2547 3448 2701 3516 ponit
2751 3446 2924 3517 legem
2972 3460 3094 3515 qua:
3128 3444 3294 3498 dicit:
3338 3460 3356 3494 ι
3396 3442 3512 3496 Νοη
3544 3457 3639 3497 oca

2058 3539 2230 3605 cities,
2257 3555 2365 3593 non
2399 3538 2780 3601 mmchaberis.
2814 3552 2923 3592 non
2954 3531 3247 3598 furaberis,
3282 3550 3390 3590 non
3421 3534 3638 3604 pejera:

2058 3630 2144 3686 his
2171 3631 2235 3688 ".
2273 3650 2292 3683 ι
2322 3630 2391 3685 At
2422 3629 2673 3686 Salvator
2708 3638 2895 3686 noster
2925 3629 3043 3700 lege
3071 3630 3371 3699 proposita,
3404 3642 3512 3681 non
3545 3642 3640 3682 occ
3756 3625 3765 3633 ’

2059 3728 2245 3782 cidere
2272 3729 2473 3794 solum,
2504 3727 2599 3783 sed
2624 3727 2792 3782 etiam
2844 3726 3007 3781 irasci
3062 3725 3313 3796 prohibet
3342 3715 3410 3791 ",
3442 3733 3494 3779 et
3538 3733 3640 3795 pro

2058 3835 2123 3875 eo
2152 3820 2296 3891 quod
2331 3820 2538 3875 dictum
2574 3829 2679 3883 est.
2713 3834 2822 3874 non
2858 3818 3143 3881 mteehari,
3187 3832 3259 3872 ne
3288 3814 3485 3871 intueri
3516 3808 3639 3887 qui-

2058 3912 2180 3967 dem
2210 3912 2490 3968 mulierem
2521 3927 2647 3967 cum
2693 3912 2958 3982 petulanti
2995 3910 3251 3983 cupidine
3285 3901 3600 3967 admonet"
3620 3919 3635 3966 ἑ

2056 4013 2110 4058 ει
2143 4019 2242 4074 pro
2267 4020 2335 4060 eo
2355 4005 2499 4076 quod
2525 4012 2630 4069 est,
2664 4020 2773 4059 non
2818 4003 3025 4070 furari,
3070 4020 3158 4060 res
3198 4005 3446 4076 prOprias
3493 4003 3638 4059 india

2058 4096 2312 4166 gentibus
2370 4096 2592 4167 elargiri
2649 4095 2881 4166 imperat
2924 4096 2971 4129 ³⁸
3020 4114 3033 4150 :
3086 4096 3252 4150 etiam
3313 4096 3446 4150 illud
3480 4096 3638 4167 longe

2056 4187 2373 4243 transiliens
2401 4184 2547 4258 quod
2585 4196 2690 4256 est,
2722 4202 2832 4242 non
2882 4187 3149 4259 pejerare,
3186 4201 3255 4244 ne
3305 4178 3492 4257 jurare
3516 4186 3637 4258 qui4

2056 4280 2179 4336 dem
2203 4280 2315 4335 ullo
2337 4278 2499 4334 modo
2530 4279 2768 4334 instituit
2790 4281 2856 4334 ".
2888 4280 2947 4333 Et
2976 4279 3108 4350 quid
3134 4293 3218 4336 me
3245 4280 3494 4335 oratione
3517 4278 3639 4333 lon-|

2057 4373 2179 4445 gius
2208 4372 2430 4443 provehi
2467 4387 2695 4429 necesse
2722 4380 2840 4440 est,
2892 4381 2952 4427 ut
2985 4372 3356 4428 demonstrem
3392 4372 3592 4430 similia
3615 4410 3637 4440 ,

376 4460 475 4530 τὴν
504 4459 736 4530 θεάτητα
762 4460 1082 4533 μεταϐολήν.
1118 4464 1181 4515 Ei
1210 4462 1272 4533 δή
1304 4458 1397 4517 οὖν
1427 4463 1515 4517 διὰ
1546 4463 1656 4517 τῶν
1684 4463 1955 4519 τοσούτων

2061 4465 2398 4537 ﬁnitimaque
2428 4466 2570 4520 inter
2600 4480 2682 4531 se,
2718 4464 2905 4520 Mosen
2936 4481 3001 4521 ac
3033 4463 3403 4531 Salvatore‘m,
3449 4462 3638 4520 Domia

376 4552 553 4616 οὐδεὶς
585 4552 687 4623 μὲν
731 4552 908 4617 ἄλλος,
956 4555 1115 4625 μόνος
1142 4555 1199 4608 δὲ
1240 4556 1269 4607 6
1298 4555 1487 4627 Σωτὴρ
1521 4556 1676 4626 ήμῶν
1711 4555 1958 4628 παρέστη

376 4642 443 4696 τά
469 4643 829 4715 παραπλήσια
857 4647 1079 4699 Μωῦσεῖ
1117 4646 1611 4719 διαπεπραγμένος,
1643 4648 1739 4702 θέα
1771 4648 1958 4704 λοιπὸν

379 4733 468 4786 ἐπὶ
509 4732 676 4803 μόνον
706 4732 887 4796 αὐτὸν,
918 4734 1012 4787 καὶ
1043 4733 1151 4786 οὐδ’
1179 4735 1263 4802 ἐφ’
1291 4733 1475 4805 ἕτερον
1515 4735 1809 4807 ἀναφέρειν
1847 4734 1954 4807 χρὴ

379 4823 473 4891 τὴν
516 4822 674 4894 παρά
713 4824 935 4876 Μωῡσεί
978 4824 1334 4895 προφητείαν,
1375 4824 1442 4877 δι’
1483 4819 1551 4897 ἧς
1589 4825 1773 4896 ὅμοιον
1804 4825 1955 4897 αὐτῷ

379 4915 751 4985 παραστήσειν
786 4916 816 4967 6
857 4913 988 4977 Θεὸς
1033 4914 1316 4969 ἐθέσπισεν
1356 4914 1553 4968 εἰπών·
1600 4938 1618 4968 ι
1660 4918 1954 4988 Προφήτην

379 5005 440 5058 ἐκ
466 5004 578 5058 τῶν
610 5004 855 5075 ἀδελφῶν
886 5006 1064 5061 αὐτῶν
1093 5008 1383 5080 ἀναστήσω
1414 5008 1616 5074 αὐτοῖς,
1646 5008 1835 5081 ὥσπερ
1869 5026 1950 5074 σε,

379 5098 468 5150 καὶ
503 5096 662 5151 δώσω
698 5098 760 5152 τὸ
801 5099 953 5169 ῥῆμά
991 5116 1093 5171 μου
1129 5101 1188 5153 ἐν
1219 5099 1296 5170 τῷ
1336 5101 1563 5172 στόματι
1602 5101 1767 5155 αὐτοῦ
1794 5112 1807 5132 ⁴
1859 5101 1954 5155 καὶ

377 5186 597 5261 λαλήσει
641 5191 844 5254 αὐτοῖς,
891 5190 1033 5244 καθά
1079 5186 1145 5245 ἂν
1187 5192 1512 5264 ἐντείλωμαι
1557 5192 1724 5264 αύτῷ.
1770 5195 1880 5248 Καὶ
1926 5196 1956 5247 6

376 5280 660 5351 ἅνθρωπος
682 5281 741 5345 ὃς
767 5281 834 5335 ἂν
866 5282 939 5353 μὴ
969 5281 1177 5357 ἀκούσῃ
1198 5282 1306 5337 τῶν
1330 5283 1502 5352 λόγων
1535 5284 1722 5349 αὐτοῦ,
1759 5285 1860 5338 ὅσα
1889 5283 1956 5338 ἂν

376 5370 579 5444 λαλήσῃ
611 5376 641 5426 6
671 5373 958 5445 προφήτης
990 5371 1083 5426 ἐπὶ
1122 5373 1201 5445 τῷ
1232 5374 1456 5445 ὀνόματί
1488 5392 1610 5446 μου,
1660 5374 1772 5445 ἐγὼ
1804 5375 1955 5430 ἐκδι-

375 5466 527 5536 κήσω
570 5464 630 5527 ἐξ
656 5463 843 5519 αὐτοῦ.
885 5484 905 5517 ι
942 5466 1113 5531 Αὐτός
1139 5483 1198 5519 τε
1230 5468 1489 5539 Μωῦσῆς,
1531 5468 1670 5541 πρὸς
1702 5467 1795 5521 τὸν
1825 5467 1953 5523 λαὸν

480 5558 524 5627 _“
558 5556 731 5612 Exod.
757 5574 942 5625 xxxnv,
984 5559 1179 5624 29,50.
1296 5563 1338 5595 ι’
1367 5561 1555 5618 Matth.
1609 5578 1740 5627 svu.
1780 5564 1895 5618 H5.

380 5627 423 5701 1f
449 5624 627 5701 Exod.
662 5644 811 5701 xxix},
856 5624 945 5687 18.
1022 5633 1100 5701 7"
1130 5630 1298 5688 Exod.
1348 5648 1473 5701 vui,
1527 5634 1615 5689 l9.

378 5694 419 5729 ¹¹
449 5695 604 5752 Deut.
639 5714 681 5759 ι.
706 5695 798 5754 25.

378 5764 422 5798 ν
454 5766 588 5825 ibid.
630 5768 721 5824 δι.

2005 5565 2050 5596 ¹⁸
2076 5564 2237 5621 Num.
2281 5580 2382 5627 xu,
2420 5564 2511 5622 10.

1726 5634 1769 5666 ’⁸
1800 5632 1934 5689 Luc.
1973 5650 2056 5698 χι,
2101 5634 2193 5690 20.

912 5702 955 5733 “
986 5700 1174 5757 Matth.
1206 5718 1262 5769 ι,
1298 5703 1412 5759 1-5.
1455 5696 1465 5701 ⁷
1528 5704 1574 5737 ’⁸
1611 5696 1781 5760 Exod.
1816 5720 1908 5772 xx,
1942 5699 1957 5758 ί

2057 5703 2122 5759 .6.
2227 5706 2273 5738 ἰ
2305 5703 2494 5761 Matth.
2534 5720 2587 5776 γ,
2631 5705 2720 5760 29.
2790 5696 2797 5700 ⁷
2835 5704 2879 5739 ⁸³
2905 5704 3041 5761 Ibid.
3090 5703 3182 5763 28.
3289 5703 3335 5736 “
3368 5701 3505 5758 Ibid.
3535 5701 3619 5773 6?.

2057 4573 2300 4628 numque
2327 4564 2575 4614 nostrum
2626 4557 2851 4614 fecisse?
2895 4573 3021 4612 cum
3065 4558 3361 4628 unicuique
3405 4558 3637 4625 volenti,

2059 4649 2117 4704 in
2148 4650 2260 4704 otio
2289 4647 2418 4702 talia
2451 4648 2711 4719 colligere
2758 4647 3072 4704 facillimum
3113 4649 3216 4705 sit?
3263 4648 3475 4704 Etenim
3506 4663 3635 4704 cum

2058 4739 2226 4796 Mosis
2275 4748 2501 4795 mortem
2533 4739 2753 4795 novisse
2785 4741 3056 4796 neminem
3095 4740 3280 4795 dicant
3304 4780 3319 4803 ,
3358 4755 3422 4796 ac
3453 4755 3522 4796 ne
3543 4758 3635 4797 se-
3714 4790 3728 4803 .

2055 4831 2306 4902 pulcrum
2339 4828 2560 4900 quidem
2586 4829 2708 4899 ejus
2729 4865 2747 4896 ,
2783 4844 2960 4899 neque
2995 4829 3179 4884 itidem
3213 4829 3511 4885 Salvatoris
3534 4846 3637 4884 nos

2053 4922 2156 4977 str‘i
2180 4929 2304 4992 post
2344 4920 2575 4976 reditum
2624 4934 2784 4976 suum
2832 4921 2890 4976 in
2928 4921 3131 4985 vitam,
3189 4921 3545 4976 mutationem
3577 4921 3634 4976 in

2057 5013 2294 5083 speciem
2324 5011 2562 5067 divinam
2590 5013 2883 5083 quisquam
2910 5012 3052 5067 scire
3081 5012 3273 5082 potuit.
3308 5009 3363 5067 Si
3392 5012 3557 5083 igitur
3578 5013 3634 5067 in

2056 5115 2168 5160 tam
2210 5105 2397 5160 multis
2437 5104 2602 5160 rebus
2639 5105 2780 5160 alius
2809 5118 3002 5171 nemo,
3053 5104 3148 5161 sed
3195 5104 3345 5161 solus
3383 5103 3634 5160 Salvator

2056 5201 2264 5261 noster,
2294 5195 2538 5265 quicum
2586 5192 2735 5249 Mose
2777 5192 3188 5249 similitudinem
3223 5195 3493 5250 factorum
3527 5195 3631 5250 lia.

2057 5286 2258 5350 buerit,
2307 5286 2542 5356 proferri
2576 5293 2775 5356 potest,
2814 5293 3066 5355 superest
3103 5286 3217 5353 jam
3261 5288 3322 5341 ut
3376 5286 3431 5340 in
3478 5287 3631 5343 illum

2059 5394 2233 5435 unum
2264 5386 2594 5449 spectemus.
2619 5378 2804 5449 Neque
2843 5393 2974 5434 vero
3005 5379 3075 5434 ad
3123 5369 3285 5434 alium
3323 5380 3635 5450 quempiam

2059 5469 2360 5526 referamus
2411 5469 2783 5541 prophetiam.
2818 5484 2940 5540 qua:
3000 5464 3145 5540 apud
3195 5468 3379 5525 Mosen
3416 5476 3627 5533 exstat,

2625 5566 2670 5597 ¹⁸
2698 5563 2832 5620 Ibid.
2861 5566 2949 5620 I3.
3011 5623 3017 5627 λ
3066 5564 3457 5627 “Matth.vut,
3498 5563 3629 5621 2.5.

2308 5636 2350 5668 “
2372 5623 2537 5690 Num.
2596 5650 2676 5697 XI,
2716 5635 2801 5700 16,
2855 5635 2944 5694 I7.
2988 5623 3080 5690 24.
3196 5626 3244 5667 ²⁶
3274 5633 3408 5687 Luc.
3445 5623 3519 5696 π,
3578 5631 3600 5686 ί
