4158 6418
548 327 650 384 175

1201 328 1470 386 EUSEBII
1505 330 1990 387 CIESARIENSIS
2022 331 2173 386 OPP.
2217 329 2397 387 PARS
2437 333 2500 389 ll.
2535 367 2602 376 —
2636 336 3134 396 APOLOGETICA.

3685 352 3784 406 176

539 452 595 508 in
643 468 750 522 qua
786 452 860 506 illi
891 450 1120 506 similem
1155 451 1546 506 suseitaturum
1601 467 1659 507 se
1691 451 1834 507 Deus
1883 466 2065 521 respor

2166 451 2310 522 ιτὴν
2341 451 2436 506 τοῦ
2469 453 2604 506 Θεοῦ
2644 454 3014 526 διερμηνεύων
3062 460 3266 532 φωνὴν,
3305 462 3539 534 ἔφησεν·
3582 487 3600 518 ι
3644 470 3782 541 Προ-

535 544 647 606 det,
680 543 870 598 dicens
896 561 909 598 :
951 561 970 594 ι
1007 541 1333 614 PrOphetam
1357 559 1422 598 ex
1441 542 1701 598 fratribus
1724 557 1912 598 eorum
1941 543 2112 598 susci-

534 638 663 693 tabo
688 637 793 700 eis,
829 644 1088 706 tanquam
1121 644 1190 697 te,
1215 644 1268 692 et
1296 635 1438 691 dabo
1479 635 1703 691 verbum
1739 650 1918 690 meum
1956 636 2012 690 in
2046 651 2110 691 os

534 731 700 794 illius,
744 737 798 784 et
851 728 1110 798 loquetur
1140 728 1220 784 eis
1276 727 1738 798 quemadmodum
1781 727 2109 783 mandavero

531 822 649 888 illi;
717 830 770 876 et
835 820 1015 875 omnis
1065 819 1232 874 homo
1287 819 1601 890 quicunque
1681 834 1790 873 non
1868 819 2104 872 audierit

528 914 691 968 verba
757 913 944 977 illius,
1001 928 1338 983 quaecunque
1391 912 1642 981 loquetur
1722 912 1984 982 propheta
2049 911 2103 964 in

524 1003 748 1058 nomine
818 1019 939 1057 meo
967 1044 980 1066 ,
1029 1019 1128 1074 ego
1171 1001 1407 1056 ulciscar
1453 1017 1517 1055 ex
1559 1017 1624 1055 eo
1675 1001 1757 1054 ηε
1802 1020 1820 1053 ι
1882 1001 2106 1070 ipseque

527 1091 707 1148 Moses
753 1094 844 1148 Dei
888 1109 1075 1149 vocem
1119 1094 1184 1148 ad
1223 1093 1480 1163 pupulum
1527 1093 1928 1162 interpretans,
1979 1093 2098 1146 ait:

530 1203 549 1236 ι
584 1183 907 1254 Prophetam
956 1199 1020 1238 ex
1071 1182 1330 1236 fratribus
1363 1185 1560 1237 vestris
1590 1182 1880 1237 suscitabit
1914 1180 2101 1236 Domi-

522 1294 627 1332 nus
656 1275 798 1331 Deus
843 1284 1041 1336 vester,
1103 1275 1252 1328 illum
1288 1273 1521 1328 audietis
1575 1275 1625 1328 in
1656 1275 1912 1328 omnibus
1955 1289 2103 1342 quae-

525 1383 736 1438 cunque
775 1366 1061 1439 postulasti
1109 1381 1139 1418 a
1185 1364 1414 1418 Domino
1441 1364 1550 1419 Deo
1584 1374 1678 1418 tuo
1711 1365 1764 1418 in
1797 1363 2012 1418 Choreb
2044 1365 2098 1418 in

2210 541 2388 632 φήτην
2431 545 2494 597 ἐκ
2537 542 2645 596 τῶν
2691 545 2932 615 ἀδελφῶν
2971 549 3124 620 ὑμῶν
3171 552 3465 626 ἀναστήσει
3512 558 3715 632 Κύριος
3757 565 3784 618 ό

2207 629 2342 725 Θεὸς
2365 634 2541 705 ήμῶν.
2571 636 2743 692 Αὑτοῦ
2780 639 3076 695 ἀκούσεσθε
3104 647 3244 698 κατά
3273 647 3448 701 πάντα
3475 650 3574 704 ὅσα
3601 629 3787 725 ᾐτήσω

2207 723 2358 816 παρά
2385 726 2588 797 Κυρίου
2614 728 2707 781 τοῦ
2736 729 2872 784 Θεοῦ
2913 749 3007 786 σου
3045 736 3102 787 ἐν
3131 736 3336 808 Χωρὴὸ
3378 741 3441 810 τῇ
3477 723 3661 814 ἡμέρᾳ
3689 723 3787 816 τῆς

2207 815 2520 909 ἐκκλησίας.
2573 837 2590 871 ι
2630 821 2748 873 Ὅτι
2794 822 2851 876 δὲ
2928 824 3036 878 τῶν
3089 827 3229 897 μετά
3286 830 3525 886 Μωῦσέα
3575 815 3786 909 προφη-

2203 907 2312 960 τῶν
2356 909 2530 974 οὐδεὶς
2582 913 2689 983 πρὸ
2733 914 2830 967 τοῦ
2889 917 3141 988 Σωτῆρος
3191 920 3350 992 ήμῶν
3405 925 3589 994 ὅμοιος
3622 907 3627 908 ί
3657 907 3786 1000 ἐγή-

2203 1015 2395 1088 γερται
2438 1003 2680 1069 Μωῦσεῖ,
2731 1007 2915 1076 σαφῶς
2955 1011 2986 1080 ή
3036 1010 3241 1067 παλαιά
3289 1016 3478 1087 Γραφὴ
3519 1018 3780 1088 διδάσκει,

2202 1087 2432 1182 λέγουσα
2453 1109 2466 1122 ο
2504 1113 2521 1144 ι
2556 1095 2666 1149 Καὶ
2697 1097 2796 1150 οὐκ
2817 1099 3014 1172 ἀνέστη
3045 1101 3123 1156 ἔτι
3150 1107 3436 1177 προφήτης
3467 1087 3778 1182 ὲνἸσραὴλ,

2200 1179 2275 1244 ὡς
2303 1183 2562 1254 Μωῦσῆς,
2606 1186 2665 1239 δν
2706 1187 2845 1256 ἔγνω
2873 1189 3076 1262 Κύριος
3121 1197 3411 1265 πρόσωπον
3446 1201 3585 1254 κατά
3613 1179 3780 1274 πρόσ-

2206 1289 2350 1326 ωπον
2383 1276 2438 1328 ἐν
2501 1278 2632 1330 πᾶσι
2660 1281 2770 1342 τοῖς
2802 1282 3048 1352 σημείοις
3082 1287 3173 1338 καὶ
3204 1286 3414 1359 τέρασι.
3453 1310 3469 1340 ι
3499 1293 3778 1348 Δέδεικται

2197 1364 2375 1417 τοίνυν
2401 1366 2462 1418 τὸ
2490 1367 2670 1422 ἔνθεον
2692 1371 2906 1442 πνεῦμα
2929 1373 3016 1428 διά
3042 1376 3318 1440 Μωῦσέως
3339 1381 3466 1450 περὶ
3487 1381 3580 1432 τοῦ
3603 1383 3777 1455 Σωτῆο

521 1463 609 1517 die
650 1460 1025 1536 concionis”.
1073 1480 1090 1511 ι
1137 1458 1289 1524 Quod
1333 1467 1513 1512 autem
1561 1468 1683 1527 post
1739 1456 1927 1512 Mosen
1974 1468 2060 1511 ant

2199 1470 2290 1526 ρος
2311 1455 2464 1526 ήμῶν
2486 1458 2746 1513 θεσπίσαν
2773 1478 2785 1491 ·
2819 1465 2867 1516 εἰ
2889 1463 2952 1531 δὴ
2981 1465 3140 1534 μόνος
3162 1467 3344 1531 αὐτὸς,
3374 1471 3466 1522 καὶ
3488 1471 3596 1523 οὐδ’
3619 1472 3775 1538 ἄλλος

521 1552 858 1608 Salvatorem
900 1560 1148 1606 nostrum
1196 1551 1378 1604 nullus
1411 1550 1799 1620 prophetarum
1843 1547 1978 1605 Mosi
2020 1549 2065 1604 si

2195 1546 2378 1617 ὅμοιος
2397 1550 2475 1620 τῷ
2501 1551 2723 1604 Μωῦσεῑ
2742 1553 2982 1621 γεγονὼς
3009 1558 3126 1619 ταῖς
3151 1558 3315 1612 αὑτοῦ
3344 1561 3625 1625 Μωῢσέως
3655 1581 3772 1632 φω-

518 1643 666 1698 milis
699 1642 1030 1705 surrexerit,
1082 1641 1307 1711 antiqua
1353 1639 1637 1712 Scriptura
1675 1641 1963 1712 perspicue
1995 1639 2065 1697 do

2197 1641 2314 1702 ναίς
2336 1640 2642 1706 ἀκολούθως
2668 1644 2916 1715 συνέστη.
2945 1647 3146 1716 Σκέψαι
3174 1648 3228 1702 δὲ
3256 1651 3347 1703 καὶ
3377 1651 3541 1723 ἄλλην
3563 1671 3772 1727 προφη-

515 1743 623 1800 cet,
655 1735 745 1789 ubi
780 1736 894 1788 ait:
937 1754 954 1786 ι
992 1733 1055 1786 Ει
1105 1750 1212 1788 non
1246 1733 1482 1788 surrexit
1533 1733 1674 1787 ultra
1730 1733 1991 1804 propheta
2037 1733 2065 1788 ἱι

2194 1729 2343 1783 τείαν
2374 1732 2737 1804 ἀνάγραπτον.
2781 1737 2994 1808 Ἐπειδὴ
3020 1737 3126 1811 γάρ
3157 1740 3246 1792 τὸν
3284 1742 3509 1814 Σωτῆρα
3540 1745 3633 1798 καὶ
3662 1745 3776 1799 Κύ-

515 1826 680 1882 lsracl
712 1829 854 1882 sicut
887 1826 1098 1888 Moses,
1149 1841 1310 1895 quem
1340 1825 1551 1880 noverit
1578 1827 1838 1881 Dominus
1864 1825 1999 1880 facie
2022 1841 2065 1880 ac

2490 1795 2527 1804 -.
2984 1795 3040 1808 ..
3095 1795 3105 1811 .
3425 1795 3452 1814 ..
3564 1795 3739 1799 νητ--ν

2197 1836 2311 1892 ριον
2329 1823 2504 1892 ήμῶν,
2529 1824 2813 1896 ἄνθρωπον
2834 1829 2972 1881 κατὰ
3003 1830 3178 1902 σάρκα
3206 1833 3491 1902 γενόμενον
3515 1836 3578 1888 ἐκ
3606 1838 3774 1908 σπέρ-

515 1919 740 1983 faciem,
792 1920 846 1973 in
899 1919 1152 1972 omnibus
1201 1918 1372 1988 signis
1423 1926 1585 1988 atque
1641 1919 1907 1988 portentis
1955 1919 2020 1972 ’°.

2195 1930 2365 1982 ματος
2411 1915 2644 1987 Ἰσραὴλ,
2681 1918 2851 1989 μυρία
2884 1919 3061 1991 πλήθη
3094 1922 3151 1974 ἐν
3178 1925 3308 1975 πᾶσι
3334 1927 3444 1987 τοῖς
3477 1926 3652 1979 ἔθνεσι
3676 1945 3774 1981 xu-

511 2011 738 2066 Constat
801 2010 966 2080 igitur
1018 2008 1261 2062 divinum
1317 2009 1567 2077 spiritum
1633 2023 1727 2078 per
1788 2007 1971 2062 Mosen
2021 2010 2065 2062 (ιι

2194 2005 2444 2075 ριολογεῑ,
2488 2007 2588 2077 τῆς
2619 2009 2799 2062 ἐνθέου
2829 2010 3110 2081 δυνάμεως
3163 2015 3325 2068 αὐτοῦ
3364 2017 3522 2088 χάριν
3565 2020 3770 2093 Κύριον

515 2099 796 2156 Salvatore
827 2110 1015 2155 nostro
1036 2099 1341 2155 cecinisse:
1379 2097 1648 2168 siquidem
1676 2114 1844 2152 unum
1870 2098 2046 2169 ipsum

2187 2095 2565 2166 ὁμολογοῦντα,
2603 2101 2695 2153 καὶ
2728 2101 2886 2155 τοῦτο
2926 2103 3084 2156 πάλιν
3124 2105 3364 2176 Μωῦσῆς
3416 2110 3646 2164 συνιδὼν
3689 2114 3768 2184 τῷ

510 2209 610 2248 nec
644 2194 806 2246 alium
837 2192 1144 2262 quempiam
1182 2190 1317 2246 Mosi
1356 2190 1586 2244 similem
1628 2190 1926 2254 exstitisse,
1957 2206 2063 2261 qua

2188 2187 2314 2260 θείῳ
2348 2191 2641 2262 Πνεύματι,
2666 2192 2754 2246 διά
2780 2193 2879 2264 τῆς
2910 2196 3074 2248 αὑτοῦ
3099 2199 3312 2268 γραφῆς
3341 2199 3526 2254 τοῦτον
3557 2205 3768 2274 ἀνεφώ-

509 2285 613 2340 lem
648 2285 819 2354 ipsius
850 2283 1015 2338 Mosis
1057 2283 1220 2337 verba
1251 2281 1588 2345 describunt,
1617 2281 1730 2350 jam
1760 2282 2065 2351 comproba'

2184 2298 2314 2353 νησε
2358 2283 2449 2336 τὸν
2503 2284 2732 2355 τρόπον’
2795 2304 2812 2336 ι
2847 2285 3214 2352 Ἐξελεύσεται
3261 2290 3546 2363 ἄνθρωπος
3581 2296 3644 2349 ἐκ
3673 2298 3765 2352 τοῦ

507 2385 622 2431 tum
667 2384 769 2430 est.
805 2375 1072 2430 Cancrum
1101 2414 1116 2438 ,
1154 2382 1339 2443 specta
1373 2374 1533 2427 aliam
1585 2388 1808 2444 quoque
1848 2378 2065 2444 pr0phe-

2186 2374 2497 2446 σπέρματος
2526 2375 2690 2428 αὐτοῦ
2719 2375 2896 2446 (λέγει
2920 2378 2976 2431 δὲ
3002 2379 3096 2432 τοῦ
3127 2380 3346 2453 Ἰσραήλ
3370 2384 3522 2452 ),καὶ
3553 2387 3765 2457 κυριεύ-

505 2469 635 2522 tiam
684 2467 791 2538 95
841 2467 1074 2537 publica:
1121 2466 1406 2536 scripturae
1458 2464 1913 2520 commendatam.
1944 2464 2065 2518 Nan

2183 2482 2264 2518 σει
2284 2465 2472 2530 ἐθνῶν,
2508 2468 2599 2520 καὶ
2633 2467 2977 2539 ὑψωθήσεται
3006 2472 3038 2540 ή
3063 2469 3310 2539 βασιλεία
3341 2475 3527 2528 αὐτοῦ.
3564 2496 3582 2529 ι
3617 2479 3761 2554 Είδὴ

502 2577 626 2615 cum
678 2559 1014 2614 Salvatorem
1061 2566 1114 2613 et
1155 2558 1442 2612 Dominum
1489 2565 1761 2622 nostrum,
1802 2556 2065 2611 hominen

2184 2556 2370 2627 μηδεὶς
2399 2557 2554 2622 ἄλλος
2582 2557 2802 2611 πώποτε
2834 2559 2940 2612 τῶν
2970 2562 3034 2614 ἐκ
3055 2563 3353 2633 περιτομῆς
3372 2565 3646 2637 ἀρχόντων
3668 2570 3762 2624 καὶ

501 2656 709 2708 ratione
745 2652 1100 2707 humanitatis
1129 2651 1196 2705 de
1227 2651 1437 2705 semine
1473 2650 1641 2706 Israel
1685 2658 1889 2714 ortum,
1919 2651 2046 2703 innu

2181 2647 2444 2717 βασιλέων
2499 2650 2687 2722 κύριος
2737 2651 2906 2705 ἐθνῶν
2952 2652 3158 2706 πολλῶν
3210 2655 3476 2728 κατέστηο
3515 2659 3760 2731 (οὐδεμία

501 2746 792 2800 merabiles
822 2754 1121 2800 conventus
1153 2746 1204 2798 in
1234 2745 1488 2798 omnibus
1513 2744 1766 2814 gentibus
1789 2742 2065 2796 Dominum

2178 2739 2286 2812 γάρ
2321 2742 2530 2813 ἱστορία
2551 2742 2700 2814 δηλοῖ
2716 2742 2874 2796 τοῦτο
2892 2743 2931 2812 ·)
2958 2743 3054 2816 βοᾷ
3078 2744 3134 2796 δὲ
3158 2747 3250 2798 καὶ
3275 2746 3546 2817 κέκραγεν
3577 2752 3608 2821 ή
3635 2751 3761 2822 ἀλή-

499 2836 789 2905 appellent,
836 2841 1056 2905 propter
1107 2834 1346 2888 divinant
1398 2835 1518 2902 ejus
1563 2835 1821 2886 virtutem
1860 2834 1999 2886 hanc
2024 2834 2065 2887 ei

2177 2831 2294 2885 θεια
2334 2835 2426 2886 ἐπὶ
2469 2834 2628 2904 μόνου
2661 2835 2756 2887 τοῦ
2786 2836 3040 2906 Σωτῆρος
3074 2836 3264 2908 ήμῶνο
3301 2839 3382 2892 ὅτι
3436 2839 3498 2911 δὴ
3555 2843 3758 2913 Κύριον

497 2927 910 2996 appellationem
947 2927 1248 2980 tribuentes
1286 2944 1298 2980 :
1339 2924 1550 2996 Moyses
1569 2940 1808 2994 quoque,
1837 2925 2065 2993 qui,hoe

2173 2922 2354 2984 αὐτὸν,
2391 2925 2483 2976 καὶ
2513 2925 2612 2977 οὐκ
2647 2924 2775 2978 αὐτὸ
2812 2927 2969 2996 μόνον
3007 2929 3117 2990 τοῖς
3160 2928 3379 2999 χείλεσι,
3419 2931 3655 2986 διαθέσει
3699 2935 3755 2988 δὲ

496 3016 684 3070 divino
730 3015 936 3085 Spiritu
985 3017 1224 3075 afflatus.
1258 3025 1612 3086 cognoverat,
1652 3014 1956 3071 enuntiavit
2011 3016 2065 3070 in

2171 3016 2535 3089 γνησιωτάτῃ,
2595 3017 2762 3088 μυρία
2809 3018 2986 3091 πλήθη
3039 3019 3098 3086 ἐξ
3147 3019 3400 3074 ἀπάντων
3443 3023 3549 3076 τῶν
3586 3024 3756 3079 ἐθνῶν

495 3107 641 3162 hunc
671 3109 890 3162 modum
925 3126 938 3162 :
982 3127 1000 3160 ι
1042 3107 1222 3161 Exibit
1277 3109 1439 3161 homo
1463 3109 1528 3161 de
1561 3108 1769 3161 semine
1813 3107 1934 3176 ejus
1968 3109 2065 3178 (di-

2169 3106 2435 3176 όμολογεῖ,
2489 3108 2542 3160 τί
2582 3109 2778 3180 δήποτε
2835 3111 3084 3181 ἐμποδὼν
3137 3113 3211 3185 μὴ
3263 3115 3382 3184 οὐχὶ
3418 3116 3581 3169 αὑτὸν
3614 3113 3753 3174 εἶναι

491 3201 566 3253 cit
619 3209 798 3253 autem
857 3199 924 3253 de
980 3197 1166 3267 Israel)
1207 3207 1262 3254 et
1301 3197 1676 3252 dominabitur
1715 3199 1990 3268 gentibus,
2015 3208 2065 3255 et

2174 3198 2401 3267 φάσκειν
2429 3201 2521 3253 τὸν
2553 3202 3051 3272 προφητευόμενον;
3089 3203 3284 3257 ’Ὀτιδέ
3309 3207 3549 3278 Μωϋσῆς
3573 3209 3746 3263 ταῦτα

488 3293 784 3348 extolletur
815 3307 1039 3360 regnum
1073 3292 1276 3361 ejus".
1316 3311 1333 3343 ι
1362 3290 1516 3357 Quod
1540 3291 1585 3345 si
1615 3291 1798 3346 nullus
1827 3306 2065 3362 unquam

2169 3291 2269 3343 οὑκ
2295 3291 2693 3364 ἀπεριορίστως
2721 3295 2993 3366 προλέγει,
3024 3295 3130 3348 οὐδ’
3156 3298 3235 3359 είς
3258 3297 3480 3370 ἄπειρον
3505 3301 3597 3353 καὶ
3623 3303 3750 3355 ἀπε-

489 3387 630 3441 alius
671 3401 735 3440 ex
780 3385 848 3440 iis
887 3385 1225 3454 principibus
1255 3392 1307 3438 et
1342 3384 1578 3453 regibus,
1609 3385 1700 3454 qui
1737 3384 1790 3438 in
1829 3383 2065 3439 circum-

2170 3379 2424 3453 ρίμετρον
2456 3385 2643 3456 χρόνον
2668 3386 3005 3450 ἐπισκιάζων
3034 3385 3131 3457 τὴν
3163 3389 3486 3460 πρόρρησιν,
3505 3393 3566 3445 οὐ
3603 3393 3748 3464 μάλα

487 3479 695 3533 eisione
747 3479 1113 3548 regnaverint,
1147 3478 1442 3532 multarum
1496 3477 1738 3546 gentium
1802 3473 2064 3532 Dominus

2166 3471 2222 3523 δὲ
2244 3473 2486 3544 ἀκριϐῶς
2513 3475 2609 3546 τὴν
2635 3477 2743 3528 τῶν
2778 3479 3266 3550 προφητευομένων
3289 3481 3512 3536 ἔκϐασιν
3534 3485 3747 3556 χρόνοις

485 3574 816 3628 constitutus
865 3579 948 3626 est
1007 3571 1177 3641 (nulla
1237 3571 1383 3626 enim
1437 3569 1665 3624 historia
1717 3569 1821 3624 hoc
1849 3571 2062 3640 habet),

2166 3565 2485 3636 ὡρισμένοις
2518 3570 2891 3640 περιγράφων,
2925 3573 3088 3626 ἄκουε
3124 3569 3211 3627 οἷα
3255 3576 3347 3628 καὶ
3387 3578 3512 3646 περὶ
3552 3579 3743 3632 τούτου

485 3667 683 3719 clamat
731 3672 913 3718 autem
960 3672 1012 3718 et
1057 3661 1390 3717 vociferatur
1419 3662 1624 3716 veritas
1655 3661 1722 3716 de
1745 3677 1853 3716 uno
1877 3662 2066 3716 Salva-

482 3767 602 3812 tore
636 3765 826 3812 nostro
859 3775 871 3810 :
907 3756 1057 3809 illum
1091 3756 1278 3825 utique
1301 3755 1413 3824 jam
1440 3753 1756 3817 Dominum,
1791 3771 1968 3824 neque
2006 3755 2062 3809 id

483 3849 641 3903 labiis
667 3855 900 3912 tantum,
936 3845 1031 3901 sed
1069 3846 1356 3900 affectione
1383 3845 1781 3908 sincerissima,
1809 3845 2062 3902 innume-

481 3939 680 3994 rabiles
729 3941 972 3993 omnium
1034 3939 1316 3992 nationum
1371 3943 1674 3992 conventus
1731 3938 1980 3992 confiteri
2041 3958 2055 3993 :

479 4031 609 4102 quid
659 4032 802 4085 ultra
839 4031 952 4100 jam
1011 4030 1239 4100 impedit
1270 4046 1337 4084 ne
1370 4029 1522 4083 illum
1551 4045 1675 4084 esse
1707 4028 2059 4092 dicamns,de

477 4138 586 4192 quo
635 4121 934 4191 prophetia:
989 4121 1242 4176 exstant?
1289 4118 1446 4185 Quod
1475 4126 1655 4174 autem
1685 4119 1898 4191 Moyses
1942 4124 2059 4176 11320

477 4227 586 4266 non
621 4211 900 4267 indeﬁnite
925 4211 1202 4281 praedicat,
1227 4226 1402 4279 neque
1428 4211 1696 4264 immenso
1734 4211 1971 4280 quodam
2003 4221 2057 4267 et

475 4305 810 4360 inconstauti
839 4313 1082 4374 tempore
1104 4303 1419 4357 vaticinium
1451 4301 1870 4367 adumbret,sed
1901 4304 2056 4360 valde

475 4398 824 4467 providenter
851 4407 1104 4450 eventum
1129 4409 1311 4450 rerum
1343 4408 1481 4465 quas
1513 4394 1850 4464 praedixerit,
1881 4395 2056 4451 deter-

2164 3656 2438 3724 θεσπίζειο
2499 3680 2516 3712 ι
2561 3663 2674 3715 υύκ
2732 3663 2969 3734 ἐκλείψει
3029 3667 3212 3737 ἄρχων
3273 3668 3332 3732 ἐξ
3397 3670 3583 3733 Ἰούδα,
3648 3674 3743 3725 καὶ

2161 3749 2462 3820 ἡγούμενος
2483 3754 2545 3805 ἐκ
2573 3752 2680 3805 τῶν
2717 3754 2904 3825 μηρῶν
2941 3756 3124 3821 αὑτοῦ,
3160 3757 3265 3822 ἕως
3283 3758 3348 3812 ἂν
3369 3759 3494 3831 ἔλθῃ
3525 3755 3569 3828 ᾧ
3601 3764 3738 3816 ἀπόο

2161 3858 2334 3894 κειται
2353 3859 2366 3872 ·
2401 3845 2494 3896 καὶ
2513 3845 2674 3908 αὐτὸς
2700 3846 2990 3917 προσδοκία
3009 3847 3195 3901 ἐθνῶν.
3229 3868 3246 3900 ι
3273 3852 3350 3902 Δι’
3371 3844 3445 3903 ὧν
3463 3852 3523 3903 ού
3549 3852 3740 3906 διαλεί·

2157 3932 2281 4002 ψειν
2323 3933 2450 4004 ἑξῆς
2483 3937 2577 3988 καὶ
2607 3937 2748 3990 κατά
2779 3937 3024 4009 διαδοχήν
3053 3940 3389 4010 ἡγουμένους
3420 3943 3512 3994 καὶ
3542 3942 3738 4014 ἄρχον-

2157 4045 2255 4092 τας
2292 4026 2400 4079 τῶν
2442 4026 2709 4080 Ἰουδαίων
2743 4027 2948 4092 ἔθνους,
2987 4029 3146 4100 μέχρι
3169 4030 3270 4099 τῆς
3297 4031 3390 4084 τοῦ
3427 4034 3738 4102 προσδοκωο

2159 4119 2322 4190 μένου
2363 4120 2662 4190 παρουσίας
2700 4120 3078 4188 ἀποφαίνεται.
3121 4121 3483 4177 Διαλιπόντων
3522 4125 3579 4178 δὲ
3625 4127 3736 4179 τῶν

2155 4212 2284 4282 παρ’
2311 4211 2491 4273 αὐτοῖς
2527 4211 2818 4282 ἀρχόντων,
2845 4211 3174 4283 παρέσεσθαι
3202 4213 3292 4265 τὸν
3321 4217 3736 4287 προφητευόμε-

2156 4320 2263 4357 νον.
2311 4302 2509 4356 Ἰούδαν
2537 4303 2593 4354 δέ
2624 4302 2716 4356 νῦν
2745 4304 2806 4356 οὐ
2838 4303 2936 4374 τὴν
2963 4303 3133 4374 φυλὴν
3165 4305 3439 4374 ὀνομάζει,
3466 4306 3580 4359 ἀλλ’
3609 4309 3734 4362 ἐπεὶ

2154 4396 2294 4449 κατά
2325 4412 2444 4447 τινα
2474 4394 2860 4464 προσωνυμίαν
2892 4395 2948 4446 ὲν
2976 4398 3086 4458 τοῖς
3128 4395 3264 4465 μετά
3303 4395 3474 4449 ταῦτα
3518 4399 3730 4468 χρόνοις

472 4488 696 4544 minatis
741 4488 1079 4558 temporibus
1119 4487 1561 4549 circumscribat,
1606 4486 1697 4540 illa
1736 4486 2052 4556 planissime

2166 4487 2262 4540 ἀπὸ
2316 4485 2598 4556 βασιλικῆς
2644 4484 2817 4554 φυλῆς
2860 4486 2962 4555 τῆς
3001 4486 3169 4540 Ἰούδα
3216 4488 3277 4540 τὸ
3317 4490 3424 4541 πᾶν
3465 4490 3731 4545 Ἰουδαίων

472 4574 734 4639 indicant,
766 4589 886 4645 quae
917 4575 984 4630 de
1014 4575 1116 4630 hac
1157 4590 1375 4645 quoque
1411 4590 1469 4630 re
1513 4575 1663 4629 canit
1700 4594 1712 4630 :
1755 4594 1772 4626 ι
1809 4574 1925 4630 Non
1955 4577 2051 4632 de-

470 4665 636 4732 ﬁciet,
671 4666 868 4737 inquit,
911 4667 1162 4737 princeps
1201 4667 1268 4721 de
1301 4665 1463 4728 Juda,
1512 4682 1688 4737 neque
1727 4666 1834 4721 dux
1869 4667 1937 4722 de
1972 4667 2051 4722 fe-

469 4759 717 4815 moribus
763 4760 904 4829 ejus,
937 4758 1112 4813 douec
1147 4758 1329 4813 veniat
1369 4758 1456 4812 cui
1508 4759 1806 4828 repositum
1838 4767 1964 4814 est:
1995 4766 2048 4814 et

469 4850 589 4920 ipse
620 4852 957 4920 exspectatio
988 4850 1229 4922 gentium
1249 4849 1351 4905 “‘.
1395 4868 1413 4900 ι
1457 4848 1668 4915 Quibus
1705 4849 1886 4904 verbis
1937 4865 2046 4903 non

467 4941 754 4997 defuturos
785 4943 1040 5014 deinceps
1080 4942 1334 4997 ductores
1367 4956 1432 4996 ac
1471 4942 1768 5012 principes,
1811 4942 1907 5011 qui
1940 4941 2042 4995 sibi

468 5034 610 5088 inter
638 5050 696 5089 se
725 5036 1042 5090 continuata
1087 5035 1229 5089 serie
1273 5033 1572 5090 succedant
1619 5033 1688 5089 de
1737 5044 1895 5104 gente
1947 5031 2044 5086 Ju-

466 5125 644 5188 daica,
683 5142 854 5195 usque
886 5127 953 5181 ad
1003 5127 1145 5195 ejus,
1177 5129 1270 5198 qui
1320 5135 1690 5198 exspectatur,
1721 5126 2035 5186 adventum,

464 5219 732 5273 enuntiat.
791 5218 947 5284 Quod
1001 5221 1045 5274 si
1097 5221 1370 5291 principes
1403 5219 1546 5289 apud
1582 5219 1801 5274 Judaeos
1835 5217 2042 5273 defece-

464 5311 595 5373 rint,
624 5309 984 5366 adventurum
1017 5329 1162 5376 eum,
1185 5315 1279 5384 qui
1300 5330 1364 5368 ex
1393 5311 1634 5367 oraculis
1663 5318 2034 5381 exspectatur.

459 5397 658 5454 Iudam
701 5417 831 5456 vero
886 5403 975 5458 hic
1023 5421 1130 5460 non
1177 5405 1350 5476 ipsam
1401 5404 1602 5458 tribum
1639 5402 1908 5472 intelligit,
1942 5401 2036 5456 sed

463 5493 722 5561 quoniam
799 5493 1246 5550 denominatione
1317 5495 1553 5564 quadam
1637 5492 2036 5564 posterioribus

458 5584 800 5652 temporibus
848 5601 877 5639 a
929 5588 1097 5659 regali
1147 5587 1292 5641 tribu
1319 5585 1478 5647 Juda,
1512 5585 1691 5640 omnis
1719 5583 2031 5638 Iudaeorum

457 5677 607 5728 Latio
633 5675 780 5731 dicta
812 5688 917 5743 est,
955 5681 1026 5734 ita
1056 5679 1273 5750 quidem
1322 5687 1380 5732 ut
1424 5677 1584 5732 hodie
1611 5691 1828 5749 quoque
1855 5673 2027 5731 Judaei

527 5788 571 5820 “
622 5788 774 5844 Deut.
836 5805 992 5856 xvnt,
1032 5790 1218 5852 18,19.
1296 5792 1338 5821 ”
1372 5788 1502 5843 ibid.
1541 5785 1726 5848 15,16.
1806 5787 1850 5818 ³⁸
1887 5784 2043 5844 Deut.
2075 5798 2258 5851 xxxw,
2298 5781 2476 5844 10.71.

2154 4575 2305 4638 ἔθνος
2351 4575 2734 4647 ἐχρημάτιζεν,
2786 4575 2862 4638 ὠς
2898 4577 2989 4629 καὶ⁸
3029 4578 3106 4640 είς
3157 4578 3394 4649 σήμερον
3454 4579 3729 4644 Ἰουδαίοις

2153 4664 2543 4736 ὀνομάζεσθαι·
2578 4666 2782 4737 σφόδρα
2801 4665 3128 4738 θαυμαστῶς
3161 4668 3252 4720 καὶ
3284 4669 3628 4740 προφητικῶ.
3663 4671 3726 4723 τὸ

2154 4761 2262 4813 πᾶν
2291 4758 2440 4822 ἔθνος
2491 4758 2756 4811 Ἰουδαίων
2791 4757 3089 4830 ὠνόμασεν,
3126 4758 3410 4830 ὼσπεροῦν
3444 4763 3538 4813 καὶ
3565 4763 3725 4832 ἡμεῖς

2166 4851 2448 4914 Ἰουδαίους
2492 4848 2989 4921 προσαγορεύομεν.
3029 4843 3161 4902 Εἶτά
3189 4866 3321 4920 φησι
3354 4849 3428 4920 μὴ
3463 4850 3725 4922 πρότερον

2149 4936 2417 5006 ἐκλείψειν
2440 4938 2504 4989 ἐκ
2531 4935 2623 4988 τοῦ
2659 4935 2844 4998 ἔθνους
2878 4935 3055 4990 αὐτῶν
3081 4937 3344 5009 ἄρχοντας
3366 4940 3458 4992 καὶ
3490 4941 3724 5010 ἡγουμέ-

2148 5047 2292 5093 νους,
2359 5029 2390 5099 ἢ
2453 5031 2703 5099 παρεῖναι
2757 5029 2847 5081 τὸν
2891 5030 3386 5100 προφητευόμενον·
3432 5031 3620 5085 τούτου
3663 5031 3722 5084 δὲ

2147 5120 2486 5185 ἐπιστάντος,
2538 5119 3006 5190 καταλυθήσεσθαι
3053 5122 3148 5191 μὲν
3199 5122 3394 5176 αὐτίκα
3442 5124 3541 5193 τὴν
3586 5124 3720 5176 Ἰου-

2145 5211 2311 5265 δαίων
2344 5210 2536 5282 ἀρχὴν,
2580 5209 2741 5264 αὑτὸν
2787 5209 2842 5262 δὲ
2872 5210 2970 5262 ούκ
3004 5209 3082 5261 ἔτι
3137 5209 3421 5274 Ἰουδαίων,
3463 5209 3630 5262 ἐθνῶν
3659 5209 3718 5264 δέ

2145 5301 2364 5356 ἔσεσθαι
2394 5299 2736 5372 προσδοκίαν.
2774 5297 2884 5353 Καὶ
2918 5298 3075 5352 τοῦτο
3105 5298 3160 5351 δὲ
3195 5301 3288 5352 ἐπὶ
3322 5299 3420 5370 μὲν
3448 5299 3556 5352 τῶν
3587 5316 3720 5372 προ-

2145 5395 2328 5466 φητῶν
2375 5395 2475 5447 οὐκ
2515 5391 2579 5445 ἂν
2611 5390 2791 5445 δύναιο
2833 5388 3184 5462 ἐφαρμόζειν,
3219 5391 3311 5444 ἐπὶ
3343 5391 3398 5444 δὲ
3430 5392 3588 5462 μόνον
3624 5392 3716 5445 τὸν

2141 5487 2368 5558 Σωτῆρα
2384 5486 2478 5539 καὶ
2501 5484 2701 5555 Κύριον
2722 5481 2895 5553 ἡμῶν.
2936 5482 3082 5552 Ἀμα
3109 5498 3167 5534 τε
3194 5481 3303 5552 γὰρ
3330 5483 3491 5546 αὐτὸς
3509 5485 3589 5548 εἰς
3621 5484 3714 5537 ἀν-

2141 5579 2390 5652 θρώπους
2439 5576 2643 5647 παρῆν,
2703 5575 2796 5628 καὶ
2828 5573 2888 5626 τὸ
2931 5573 3196 5628 Ἰουδαίων
3233 5575 3506 5646 καθῄρητο
3558 5576 3710 5647 βασί-

2078 5669 2082 5672 ⁴
2135 5674 2306 5726 λειον·
2337 5668 2637 5723 ἐκλελοίπει
2661 5667 2715 5720 δὲ
2749 5667 3086 5738 παραχρῆμα
3126 5669 3154 5720 ὁ
3184 5668 3247 5720 ἐκ
3274 5669 3553 5739 προγόνων
3591 5669 3711 5724 διαυ-

2565 5780 2607 5811 ³¹
2638 5779 2764 5836 ibid.
2793 5778 2880 5834 10.
2958 5779 3025 5812 "‘
3056 5777 3190 5836 Gen.
3228 5795 3374 5846 XLIX,
3409 5781 3494 5838 10.
