4158 6418
391 407 492 464 I77

1285 408 1955 478 3DEMONSTRATIONIS
1991 408 2446 466 EVANGELICJE
2478 407 2606 463 LIB.
2643 409 2734 466 ill.

3553 405 3656 462 178

387 527 557 597 δοχῆς
580 526 762 596 ἅρχων
791 527 995 593 αὐτῶν,
1030 529 1119 583 καὶ
1142 529 1170 583 6
1202 529 1340 583 κατὰ
1368 529 1568 600 νόμους
1598 533 1724 596 τοὺς
1752 532 1962 586 οίκείου‹

2089 529 2460 593 nominentur,
2477 529 2633 585 valde
2657 527 2978 584 mirabiliter
3009 536 3064 583 et
3094 525 3408 598 prophetice
3433 541 3650 582 omnem

387 616 524 688 ἡγού
535 633 712 686 μενος,
737 619 1051 686 Αὐγούστου
1081 619 1202 674 τότε
1229 620 1443 694 πρώτου
1478 621 1762 692 Ῥωμαίων
1787 639 1977 694 μοναρ-

390 712 680 781 χήσαντος,
729 710 973 781 Ἡρώδου
1002 730 1060 766 τε
1092 713 1150 780 ἐξ
1171 713 1482 783 ἀλλοφύλων
1511 712 1680 767 ἐθνῶν
1712 713 1975 784 βασιλέως

389 800 572 855 αὐτῶν
614 803 1004 866 καταστάντος.
1040 807 1150 860 Καὶ
1190 807 1240 859 οί
1273 807 1370 877 μὲν
1416 805 1817 868 ἐκλελοίπεσαν,
1857 809 1885 859 6
1916 807 1973 860 δὲ

387 891 687 963 προσδοκία
713 893 820 946 τῶν
844 896 967 949 καθ’
996 898 1122 968 ὅλης
1143 898 1245 968 τῆς
1275 899 1595 977 οἰκουμένης
1626 897 1813 962 ἐθνῶν,
1837 899 1976 953 κατὰ

386 984 490 1053 τὴν
531 981 683 1037 θείαν
732 987 1038 1058 πρόρρησιν
1088 989 1494 1060 ἀναπέφανταυ
1547 991 1622 1054 ὼς
1669 992 1760 1044 καὶ
1805 991 1973 1044 είσέτι

386 1074 485 1128 νῦν
533 1077 745 1140 πάντας
795 1080 921 1143 τοὺς
969 1079 1026 1146 ἐξ
1063 1081 1318 1135 ἁπάντων
1353 1081 1461 1136 τῶν
1496 1082 1663 1135 ἐθνῶν
1697 1083 1777 1145 είς
1813 1083 1974 1135 αὐτὸν

388 1171 823 1236 πεπιστευκότας
859 1173 958 1243 τῆς
985 1172 1126 1226 κατὰ
1159 1174 1290 1227 Θεὸν
1318 1174 1494 1228 αὐτῶν
1521 1175 1844 1247 προσδοκίας
1877 1175 1974 1246 τὴν

386 1261 583 1316 ἐλπίδα
604 1265 692 1316 ἐπ’
715 1265 864 1335 αύτῷ
891 1265 1154 1320 τίθεσθαι.
1181 1268 1289 1322 Καὶ
1315 1267 1555 1338 Μωῦσῆς
1586 1268 1682 1339 μὲν
1713 1268 1971 1332 τοσαῦτα,

385 1353 484 1406 καὶ
538 1355 610 1408 τά
653 1355 855 1408 τούτων
887 1357 1051 1430 ἕτερα
1080 1359 1248 1414 πλείω
1286 1361 1412 1432 περὶ
1440 1360 1534 1413 τοῦ
1567 1359 1804 1428 Χριστοῦ
1839 1360 1973 1432 πρὸς

386 1446 599 1510 πάντας
655 1450 804 1518 ἡμᾶς
849 1451 1292 1520 εὐαγγελίζεταιο
1341 1453 1547 1522 ἀδελφά
1596 1453 1653 1506 δὲ
1684 1454 1832 1525 αύτῷ
1879 1456 1972 1508 καὶ

395 1537 629 1603 Ἡσαΐας
658 1543 1057 1614 ἀφωρισμένως
1088 1547 1216 1618 περί
1244 1563 1388 1610 τινος
1421 1547 1537 1611 ἐνὸς
1567 1549 1631 1600 ἐκ
1661 1547 1972 1619 σπέρματος

382 1633 484 1685 καὶ
537 1633 790 1704 διαδοχῆς
839 1636 1008 1690 Δαϐὶδ
1065 1638 1160 1692 τοῦ
1209 1638 1474 1709 βασιλέως
1531 1640 1970 1712 άναστησομένου

379 1725 582 1790 ταῦτα,
657 1727 940 1799 προλέγει·
982 1749 1002 1781 ι
1067 1731 1430 1798 Ἕξελεύσεται
1487 1733 1682 1805 ράὸδος
1741 1734 1807 1786 ἐκ
1869 1733 1971 1802 τῆς

384 1819 546 1889 ῥίζης
621 1821 841 1884 Ἰεσσαὶ,
921 1825 1015 1878 καὶ⁹
1073 1825 1232 1890 ἄνθος
1290 1828 1356 1880 ἐκ
1415 1827 1514 1898 τῆς
1575 1826 1732 1898 ῥίζης
1805 1828 1968 1882 αὐτοῦ

379 1910 740 1982 ἀναδήσεται,
804 1915 897 1967 καὶ
954 1916 1326 1970 ἀναπαύσεται
1396 1917 1482 1970 ἐπ’
1539 1919 1700 1971 αὐτὸν
1755 1919 1972 1990 πνεῦμα

377 1999 477 2053 τοῦ
526 2000 698 2067 Θεοῦ,
767 2002 987 2076 πνεῦμα
1060 2007 1250 2076 σοφίας
1308 2009 1403 2061 καὶ
1465 2008 1763 2073 συνέσεως*
1808 2027 1826 2061 ι
1878 2011 1972 2064 καὶ

380 2087 452 2140 τά
521 2088 706 2144 λοιπά.
772 2088 887 2146 Εἴθ’
942 2094 1152 2159 ύποὸὰς
1208 2096 1332 2167 ἑξῆς
1395 2099 1719 2171 προφητικῷ
1788 2101 1973 2171 τρόπῳ

381 2180 482 2251 τὴν
542 2181 656 2234 τῶν
727 2184 1040 2253 ἀλλοφύλων
1110 2187 1279 2241 ἐθνῶν
1360 2187 1649 2261 βαρϐάρων
1733 2209 1794 2244 τε
1877 2194 1972 2246 καὶ

390 2269 687 2344 Ἑλλήνων,
736 2277 845 2329 τῶν
889 2293 949 2330 τε
998 2278 1354 2348 ἀγριωτάτων
1393 2281 1486 2334 καὶ
1527 2281 1972 2354 θηριωδεστάτων

377 2365 688 2436 ἀνθρώπων
720 2367 815 2440 τὴν
836 2371 929 2423 ἐπ)⁸
959 2371 1020 2423 τὸ
1039 2373 1212 2443 πρᾶον
1237 2375 1329 2427 καὶ
1361 2375 1566 2446 ἥμερον
1597 2376 1684 2430 διὰ
1707 2377 1806 2447 τῆς
1841 2380 1971 2449 Χρι-

379 2457 509 2509 στοῦ
557 2458 910 2524 διδασκαλίας
948 2465 1318 2535 γενησομένην
1359 2467 1656 2540 μεταϐολὴν
1702 2467 1965 2534 θεσπίζει.

377 2548 542 2616 Λέγει
561 2549 608 2602 δ’
633 2547 726 2604 οὖν
747 2569 761 2582 ο
798 2571 816 2602 ι
851 2554 958 2606 Καὶ
981 2554 1487 2627 συμϐοσκηθήσεται
1517 2557 1679 2622 λύκος
1711 2560 1846 2629 μετὰ
1871 2562 1969 2632 ἁρ-

376 2641 486 2704 νδς,
512 2642 607 2694 καί
636 2643 902 2713 πάρδαλις
936 2646 1405 2700 συναναπαύσεται
1434 2649 1626 2720 ἐρίφῳ,
1652 2651 1745 2704 καὶ
1768 2653 1970 2722 μοσχά-

378 2748 519 2805 ριον,
542 2734 638 2785 καί
665 2732 884 2806 ταῦρος,
914 2736 1007 2788 καὶ
1035 2736 1168 2789 λέων
1193 2737 1308 2807 ἅμα
1334 2737 1778 2810 βοσκηθησονται,
1818 2760 1836 2792 ι
1875 2743 1968 2796 καὶ

377 2832 444 2872 τα
471 2821 681 2885 τούτοις
708 2825 1085 2896 παραπλήσια,
1114 2825 1150 2880 ά
1182 2827 1273 2879 καὶ
1313 2829 1464 2899 παρὰ
1494 2830 1659 2894 πόδας
1690 2830 1967 2900 διασαφῶν

377 2915 694 2984 ἐρμηνεύει,
725 2917 935 2986 φήσας·
974 2937 992 2968 ι
1023 2919 1131 2972 Καὶ
1160 2918 1312 2973 ἐσται
1343 2921 1372 2973 6
1396 2922 1752 2993 ἀνιστάμενος
1780 2922 1966 2996 ἄρχειν

375 3007 571 3070 ἐθνῶν,
609 3010 696 3060 ἐπ’
735 3009 886 3080 αὐτῷ
930 3009 1054 3082 ἐθνη
1098 3011 1396 3067 ἐλπιοῦσιν.
1451 3033 1469 3064 ι
1511 3015 1707 3084 Σαφῶς
1743 3017 1850 3088 γάρ
1896 3017 1964 3071 τά

375 3098 548 3167 άλογα
585 3100 882 3172 θρέμματα
907 3104 1002 3156 καὶ
1027 3103 1153 3167 τοὺς
1181 3105 1572 3177 προκαταλελει
1579 3108 1770 3178 μένους
1792 3109 1966 3182 θῆρας

373 3191 497 3244 οὐδὲ
541 3191 735 3254 ἄλλους
779 3189 919 3246 εἶναι
951 3193 1057 3246 τῶν
1085 3195 1272 3258 ἐθνῶν,
1316 3196 1409 3250 τοῦ
1457 3197 1754 3270 θηριώδους
1803 3201 1965 3256 ἕνεκα

369 3281 602 3352 τρόπου,
625 3281 948 3353 διεσάφησεν
973 3300 987 3314 ο
1033 3277 1108 3337 ὧν
1137 3284 1304 3338 ἐθνῶν
1337 3286 1522 3358 ἄρξειν
1550 3290 1682 3360 φησὶ
1715 3290 1806 3342 τὸν
1849 3292 1966 3345 ἀνι-

376 3372 646 3443 στάμενον
698 3375 762 3427 ἐκ
796 3375 1108 3446 σπέρματος
1154 3379 1368 3432 Ἰεσσαί’
1405 3380 1498 3449 ἀφ’
1530 3376 1590 3434 οὗ
1621 3380 1683 3452 δὴ
1714 3384 1743 3435 6
1775 3383 1964 3455 Σωτὴρ

373 3467 469 3519 καὶ
505 3467 711 3539 Κύριος
743 3470 776 3538 η
787 3468 902 3538 μῶν
930 3469 1352 3539 γενεαλογεῖται,
1391 3473 1474 3540 ἐφ’
1507 3472 1564 3525 ὃν
1593 3473 1658 3526 τὰ
1689 3475 1769 3538 είς
1801 3475 1963 3528 αὑτὸν

303 3628 306 3631 _
375 3561 706 3614 πιστεύοντα
751 3561 878 3633 ἐθνη
934 3563 1103 3616 εἰσέτι
1153 3563 1249 3616 νῦν
1289 3564 1498 3628 ἐλπίζει
1545 3565 1849 3636 συμφώνως
1896 3571 1961 3640 τῇ

374 3654 681 3725 προρρήσει
701 3673 714 3686 ·
758 3673 776 3704 ι
801 3655 910 3707 Καὶ
932 3654 1082 3708 ἐσται
1114 3657 1142 3707 6
1167 3656 1522 3724 ἀνιστάμενος
1555 3657 1741 3726 ἄρχειν
1767 3657 1958 3724 ἐθνῶν,

374 3746 463 3798 ἐπ’
495 3746 647 3816 αὐτῷ
667 3745 794 3817 ἔθνη
831 3746 1094 3800 ἐλπιοῦσι.
1129 3767 1148 3798 ι
1176 3747 1346 3800 Τοῦτο
1365 3747 1428 3818 δὴ
1453 3749 1693 3820 παράθες
1715 3753 1828 3815 τοῖς
1859 3769 1960 3804 παι

375 3837 446 3906 ρά
470 3838 697 3890 Μωῦσεῖ
728 3837 1046 3908 φερομένοις
1074 3837 1397 3892 διαστέλλων
1445 3841 1539 3893 καὶ
1579 3841 1640 3894 τὸ
1669 3844 1786 3913 μὲν,
1817 3862 1834 3892 ι
1862 3845 1957 3896 "E-

374 3946 498 3982 σται
542 3933 571 3984 6
597 3930 955 3999 ἀνιστάμενος
988 3930 1175 4002 ἄρχειν
1223 3931 1412 3994 ἐθνῶν,
1450 3952 1466 3982 ι
1509 3934 1820 4004 ἐφάρμοσον
1856 3935 1954 4006 τῷ,

378 4039 397 4072 ι
430 4021 773 4088 ἐξελεύσεται
795 4021 1079 4092 ἄνθρωπος
1105 4024 1168 4075 ἐκ
1193 4022 1289 4075 τοῦ
1318 4024 1629 4094 σπέρματος
1655 4026 1840 4091 αὑτοῦ,
1865 4029 1958 4082 καὶ

372 4112 655 4184 κυριεύσει
687 4112 857 4165 ἐθνῶν
885 4111 1121 4166 πολλῶνσ
1157 4135 1174 4164 ι
1208 4116 1302 4168 καὶ
1328 4116 1406 4178 τὸ,
1438 4135 1455 4168 ι
1501 4118 1617 4171 Ἐπ’
1651 4119 1797 4189 αύτῴ
1830 4119 1956 4193 ἔθνη

371 4199 654 4266 ἐλπιοῦσι,
696 4225 714 4255 ι
751 4205 854 4276 τῷ,
901 4226 920 4256 ι
968 4207 1076 4260 Καὶ
1111 4207 1268 4272 αὐτὸς
1313 4207 1464 4261 ἐσται
1520 4211 1818 4281 προσδοκία
1864 4212 1955 4265 ἐθ-

369 4297 496 4349 νῶν.
536 4316 556 4348 ι
587 4297 655 4349 Τί
679 4296 789 4368 γάρ
810 4297 1054 4368 διαφέρει
1081 4299 1328 4368 φάσκειν,
1366 4301 1484 4352 Ἐπ’
1512 4301 1660 4372 αύτῷ
1699 4302 1824 4374 ἔθνη
1865 4303 1955 4357 ἐλ-

371 4390 607 4451 πιοῦσιν,
638 4389 873 4460 ἢ,Αύτὸς
899 4389 1050 4442 ἔσται
1093 4391 1387 4461 προσδοκία
1418 4391 1586 4446 ἐθνῶν
1611 4410 1625 4460 ;
1662 4395 1824 4449 πάλιν
1856 4395 1899 4448 δ’
1929 4399 1957 4450 6

366 4482 530 4544 αὐτὸς
569 4479 800 4544 Ἡσαΐας
829 4479 1034 4552 προῖὼν
1066 4484 1306 4553 περὶτοῦ
1345 4485 1580 4554 Χριστοῦ
1618 4485 1790 4540 ταῦτα
1818 4504 1941 4559 προσ

366 4573 593 4668 φητεὺει
661 4591 678 4623 ι
875 4575 904 4625 6
932 4576 1059 4637 παῖς
1091 4591 1192 4646 μου
1228 4575 1287 4628 ὃν
1319 4576 1563 4648 ᾑρέτισα,
1605 4579 1633 4630 6
1670 4580 1954 4650 ἀγαπητός
1988 4616 2029 4668 D

368 4682 488 4734 μου,
511 4666 594 4727 είς
617 4664 677 4717 ὃν
705 4663 994 4734 εὐδόκησεν
1018 4667 1050 4736 ἠ
1077 4665 1219 4738 ψυχή
1254 4683 1376 4737 μου,
1402 4668 1582 4738 κρίσιν
1611 4673 1724 4733 τοῖς
1745 4670 1950 4724 ἔθνεσιν

364 4756 595 4821 ἐξοίσειο
640 4775 658 4806 ι
695 4758 788 4809 καί
829 4757 1099 4828 ἐπιφέρει,
1133 4778 1150 4807 ι
1180 4759 1324 4822 Ἕως
1357 4759 1422 4812 ἂν
1443 4759 1520 4814 θῶ
1553 4762 1646 4814 ἐπὶ
1683 4764 1783 4834 γῆς
1831 4765 1951 4835 κρί-

364 4866 468 4911 σιν,
508 4850 602 4903 καὶ
627 4850 685 4901 ἐν
711 4849 790 4920 τῷ
821 4849 1044 4920 ὀνόματι
1079 4851 1243 4904 αὐτοῦ
1274 4851 1400 4924 ἔθνη
1434 4853 1732 4909 ἐλπιοῦσιν.
1761 4877 1777 4906 ι
1807 4857 1944 4930 Ἤδη

357 4937 614 5009 δεύτερον
645 4938 702 4990 ἐν
729 4937 937 5000 τούτοις
958 4941 986 4991 6
1018 4941 1304 5012 προφήτης
1332 4942 1393 4994 τὸ
1416 4943 1508 4996 ἐπὶ
1526 4944 1602 5016 τῷ
1633 4947 1850 5019 Χριστῷ
1877 4950 1944 5002 τὰ

359 5027 487 5099 ἔθνη
515 5027 759 5079 ἐλπίσειν
790 5027 1018 5093 τίθεται,
1052 5028 1322 5101 ἀνώτερον
1352 5031 1550 5084 εἰπών·
1591 5053 1609 5085 ι
1647 5035 1762 5088 Ἐπ’
1796 5037 1944 5108 αύτῷ

357 5118 484 5189 ἔθνη
541 5117 838 5172 ἐλπιοῦσιν.
863 5139 880 5170 ι
917 5120 1176 5174 Ἐνταῦθα
1217 5122 1303 5186 δὲ,
1331 5123 1440 5176 Καὶ⁵
1488 5124 1546 5176 ἐν
1598 5124 1676 5196 τῷ
1722 5127 1943 5198 ὀνόματι

357 5210 524 5262 αὑτοῦ
547 5209 676 5280 ἔθνη
711 5209 975 5265 ἐλπιοῦσι.
1012 5212 1272 5267 Λέλεκται
1306 5215 1361 5268 δὲ
1412 5219 1508 5269 και)⁸
1536 5217 1614 5288 τῷ
1652 5219 1835 5282 Δαόὶδ,
1867 5220 1943 5284 ὡς

355 5303 464 5374 ἄρα
493 5321 512 5353 ι
549 5302 646 5355 Ἐκ
667 5303 762 5355 τοῦ
797 5304 1010 5376 καρποῦ
1033 5307 1130 5376 τῆς
1161 5307 1366 5371 κοιλίας
1385 5308 1550 5362 αὐτοῦ
1577 5311 1939 5382 άναστήσεταί

355 5413 440 5459 τις
472 5396 605 5467 περὶ
636 5388 699 5448 οὗ
726 5396 854 5466 ἐξῆς
888 5415 1050 5468 φησιν
1095 5400 1122 5451 6
1154 5399 1285 5462 Θεός
1305 5416 1318 5429 ·
1369 5420 1385 5450 ι
1415 5393 1586 5465 Αὐτὸς
1620 5403 1938 5456 ἐπικαλέσε-

356 5489 446 5541 ταί
481 5506 573 5558 με,
606 5491 794 5561 πατήρ
819 5507 920 5560 μου
946 5487 996 5543 εἴ
1019 5491 1081 5544 σύ
1103 5508 1116 5520 ο
1156 5491 1311 5560 κάγὼ
1343 5494 1681 5566 πρωτότοκον
1703 5495 1938 5568 θήσομαι

358 5581 539 5634 αὐτόν.
569 5601 588 5632 ι
615 5582 726 5634 Καὶ
771 5583 898 5650 περὶ
938 5583 1126 5636 τούτου
1172 5584 1226 5638 δὲ
1274 5585 1434 5638 πάλιν
1484 5586 1733 5658 εἴρηται·
1782 5608 1799 5639 ι
1830 5589 1940 5642 Καὶ

359 5672 782 5744 κατακυριεύσει
815 5673 923 5726 άπὸ
955 5673 1227 5745 θαλάσσης
1260 5677 1364 5739 ἕως
1393 5676 1684 5750 θαλάσσης,
1709 5679 1802 5733 καὶ
1833 5679 1940 5734 ἀπὸ

428 5847 595 5905 “lsa.
635 5866 709 5910 χι.
755 5847 866 5911 1,2.
946 5849 988 5881 ³³
1037 5848 1247 5905 ibid.6.
1325 5850 1367 5882 ”
1410 5849 1538 5906 ibid.
1607 5851 1688 5909 10.

2081 619 2364 676 Judaicam
2417 631 2631 692 gentem
2665 617 2860 676 ludam
2912 621 3235 684 nominavit,
3267 633 3400 674 sane
3443 627 3505 674 ut
3551 633 3653 676 nos

2081 725 2301 781 quoque
2329 707 2546 765 Iudaeos
2595 711 2869 781 appellare
2897 711 3283 766 consuevimus
3311 728 3325 764 :
3359 716 3474 765 tum
3511 710 3654 764 allir-

2081 811 2193 857 mat
2230 817 2338 857 non
2383 804 2536 874 prius
2565 803 2849 858 defuturos
2885 803 2952 858 de
2974 812 3134 873 gente
3169 803 3410 872 ipsorum
3452 803 3655 872 princi-

2081 909 2176 964 pes
2224 909 2289 949 ac
2335 897 2525 958 duces,
2550 912 2714 966 quam
2749 896 2796 952 is
2826 897 3099 961 adveniat,
3145 913 3307 968 quem
3365 896 3653 967 prephetia

2080 986 2372 1058 signiﬁcat.
2409 987 2581 1044 Porro
2610 989 2698 1044 hic
2732 990 2894 1044 simul
2921 997 3083 1059 atque
3111 990 3411 1055 advenerit,
3436 987 3654 1045 Iudaeo.-

2080 1095 2202 1134 rum
2234 1081 2450 1151 quidem
2482 1081 2847 1152 principatum
2875 1097 2998 1137 esse
3017 1081 3447 1148 dissolvendum,
3473 1082 3652 1153 ipsum

2080 1187 2209 1227 vero
2247 1187 2356 1226 non
2398 1171 2711 1227 Judazorum
2765 1174 3020 1244 amplius,
3084 1173 3180 1229 sed
3234 1179 3476 1244 gentium
3536 1173 3651 1230 fore

2078 1265 2539 1334 exspectationem
2574 1284 2586 1320 :
2621 1266 2766 1336 quod
2788 1267 3006 1336 quidem
3043 1267 3218 1338 ipsum
3242 1267 3373 1320 nulli
3412 1280 3650 1336 unquam

2081 1356 2469 1427 prophetarum
2511 1357 2953 1421 accommodare,
2987 1359 3080 1413 sed
3120 1359 3212 1412 uni
3249 1357 3513 1412 duntaxat
3541 1355 3655 1409 Sal-

2079 1449 2256 1502 vatori
2287 1447 2631 1520 Dominoque
2671 1458 2880 1514 nostro,
2916 1451 3138 1520 p0teris.
3165 1450 3276 1520 96
3301 1448 3433 1502 Nam
3488 1449 3651 1504 simul

2079 1551 2242 1612 alque
2280 1541 2370 1596 ille
2403 1542 2471 1598 ad
2503 1541 2752 1598 homines
2795 1544 2962 1606 venit,
2993 1541 3302 1596 Iudaeorum
3336 1541 3478 1610 regia
3521 1539 3652 1595 sub-

2079 1634 2185 1688 lata
2219 1643 2324 1701 est,
2366 1635 2738 1705 continuoque
2769 1635 2984 1688 illorum
3020 1634 3275 1703 princeps
3299 1633 3517 1693 defecit,
3556 1630 3650 1700 qui

2078 1725 2296 1796 quidem
2354 1726 2655 1796 majoribus
2699 1726 2815 1780 suis
2863 1725 3199 1789 succederet,
3227 1733 3389 1793 atque
3420 1739 3482 1778 ex
3524 1722 3652 1792 legi-

2077 1821 2182 1875 bus
2231 1819 2463 1889 propriis
2505 1817 2613 1872 illis
2657 1825 2936 1887 praeesset.
2981 1815 3138 1870 Tunc
3183 1815 3328 1870 enim
3369 1814 3649 1884 Augustus

2007 1897 2048 1950 Β
2073 1911 2450 1966 Romanorum
2487 1910 2698 1981 primus
2724 1909 2932 1980 accepit
2970 1908 3253 1979 imperium
3281 1926 3295 1960 :
3326 1916 3379 1960 et
3407 1904 3650 1961 Herodes

2074 2006 2142 2060 ab
2193 2005 2435 2060 externis
2485 2003 2740 2074 gentibus
2788 2002 3020 2065 accitus,
3046 2001 3262 2054 illorum
3312 2014 3405 2052 rex
3441 1998 3648 2053 consti-

2073 2101 2222 2148 tutus
2253 2102 2355 2148 est.
2385 2092 2451 2146 Et
2475 2093 2552 2146 illi
2589 2091 2806 2163 quidem
2835 2090 3170 2154 defecerunt,
3202 2089 3288 2143 hic
3315 2097 3492 2143 autem
3523 2103 3651 2156 gen-

2072 2185 2205 2239 tium
2240 2200 2336 2254 per
2365 2193 2538 2238 totum
2570 2192 2844 2238 terrarum
2887 2182 3076 2236 orbem
3107 2181 3462 2249 exspectatio.
3501 2180 3646 2234 sicut

2071 2276 2338 2332 divinitus
2385 2274 2704 2344 praedictum
2751 2274 2950 2336 fuerat,
2987 2262 3298 2326 declaratus
3344 2279 3428 2325 est
3465 2289 3478 2324 :
3511 2270 3647 2326 adeo

2070 2368 2312 2438 quidem,
2367 2377 2425 2421 ut
2477 2383 2622 2422 nunc
2679 2381 2897 2438 quoque
2965 2379 3156 2418 omnes
3215 2364 3530 2434 quicunque
3578 2377 3646 2418 ex

2070 2461 2326 2514 omnibus
2368 2460 2625 2529 gentibus
2661 2460 2712 2512 in
2746 2459 2898 2512 illum
2936 2456 3189 2520 credunt,
3222 2455 3646 2525 exspectationis

2071 2566 2183 2606 suae
2245 2552 2544 2606 secundum
2591 2550 2781 2614 Deum,
2815 2549 2869 2603 in
2918 2550 3009 2603 illo
3063 2563 3212 2618 spem
3270 2555 3552 2617 reponant.
3581 2545 3647 2600 Et

2071 2643 2286 2714 Moyses
2336 2641 2562 2712 quidem
2622 2641 2736 2696 haec
2780 2641 2995 2711 aliaque
3029 2639 3117 2694 his
3142 2640 3297 2709 plura
3326 2640 3392 2693 de
3421 2639 3644 2693 Christo

2069 2735 2325 2791 omnibus
2376 2736 2534 2790 nobis
2584 2733 2816 2789 feliciter
2855 2733 3096 2797 nuntiat;
3127 2732 3176 2786 ei
3219 2745 3348 2786 vero
3387 2745 3642 2801 genuana

2069 2825 2238 2882 Isaias
2270 2841 2487 2897 quoque
2520 2823 2740 2880 delinite
2775 2823 2842 2878 de
2882 2838 2992 2879 uno
3037 2831 3191 2878 certo
3247 2838 3392 2894 rege,
3437 2823 3531 2892 qui
3577 2839 3644 2877 ex

2069 2923 2277 2980 semine
2316 2937 2380 2977 ac
2418 2918 2770 2976 successione
2813 2918 2982 2972 David
3016 2919 3086 2972 sit
3123 2916 3496 2978 suscitandus,
3529 2914 3643 2969 haec

2075 3015 2226 3069 canit
2254 3032 2266 3066 :
2293 3029 2312 3064 ι
2347 3011 2667 3082 Egredietur
2708 3011 2857 3079 virga
2890 3008 2958 3063 de
2987 3007 3170 3062 radice
3219 3005 3395 3072 Jesse,
3445 3019 3499 3060 et
3543 3007 3644 3060 llos

2066 3105 2136 3161 de
2174 3105 2358 3159 radice
2408 3104 2529 3173 ejus
2586 3101 2866 3167 ascendet,
2923 3108 2978 3155 et
3017 3101 3326 3169 requiescet
3371 3113 3534 3167 super
3575 3112 3644 3150 eo

2067 3197 2294 3267 spiritus
2345 3195 2460 3261 Dei,
2492 3195 2720 3265 spiritus
2768 3192 3048 3263 sapientia:
3075 3200 3131 3246 et
3176 3191 3485 3245 intellectus
3508 3189 3574 3253 ³⁸,
3615 3207 3633 3240 ι

2065 3299 2120 3344 et
2158 3289 2388 3359 reliqua.
2423 3287 2562 3342 Tum
2595 3288 2812 3357 longius
2845 3300 3195 3356 progressus,
3225 3281 3377 3338 more
3409 3282 3640 3352 prophe-

2065 3382 2193 3446 tico,
2227 3389 2576 3435 externarum
2607 3380 2852 3449 gentium
2891 3387 2946 3432 et
2974 3377 3358 3438 barbararum,
3391 3389 3492 3429 nec
3529 3389 3643 3430 non

2065 3489 2188 3530 cum
2235 3471 2571 3536 Graecorum,
2625 3479 2739 3526 tum
2771 3469 3195 3541 asperrimorum
3253 3482 3317 3522 ac
3364 3466 3643 3522 ferocissi-

2063 3579 2277 3619 morum
2299 3563 2608 3626 hominum,
2654 3561 2892 3616 l'uturam
2935 3562 2989 3615 in
3021 3560 3182 3614 mites
3217 3565 3634 3628 mansuctosque

2068 3673 2251 3713 mores
2289 3673 2355 3712 ex
2399 3656 2648 3710 doctrina
2695 3654 2897 3710 Christi
2946 3652 3324 3716 mutationem,
3372 3651 3640 3721 praedicit.

2065 3747 2204 3804 Sunt
2242 3757 2423 3803 autem
2467 3747 2588 3817 ejus
2626 3745 2787 3800 verba
2824 3745 2939 3800 haec
2973 3762 2986 3799 :
3029 3761 3047 3794 ι
3092 3742 3157 3796 Ει
3188 3751 3445 3812 pascetur
3473 3742 3639 3797 simul

2065 3843 2224 3910 lupus
2262 3855 2386 3894 cum
2417 3855 2577 3909 agno,
2601 3845 2657 3893 et
2688 3836 2892 3908 pardus
2916 3834 3077 3890 simul
3120 3835 3364 3904 quiescet
3387 3849 3510 3888 cum
3537 3835 3638 3888 Ine-

2061 3933 2133 3988 do
2161 3950 2175 3988 :
2203 3939 2257 3988 et
2288 3931 2492 3986 vitulus
2523 3937 2576 3984 et
2601 3937 2792 3982 taurus
2822 3937 2876 3982 et
2905 3927 2989 3982 leo
3009 3927 3170 3982 simul
3204 3926 3580 3997 pascentur”,
3613 3945 3632 3980 ι

2061 4031 2115 4080 et
2149 4023 2255 4077 alia
2291 4023 2375 4078 his
2420 4021 2618 4078 similia
2649 4039 2661 4073 :
2691 4033 2812 4091 qua:
2856 4019 3018 4074 etiam
3051 4034 3082 4074 e
3120 4017 3348 4087 vestigio
3393 4017 3638 4087 planiora

2058 4109 2297 4167 elliciens
2340 4111 2752 4181 interpretatur,
2782 4109 2874 4162 tibi
2907 4109 2982 4161 ait
3015 4123 3029 4161 :
3071 4127 3089 4158 ι
3123 4107 3187 4160 Et
3209 4109 3335 4171 erit,
3368 4109 3461 4177 qui
3505 4123 3634 4162 sur-

2060 4204 2138 4275 git
2181 4202 2248 4256 ad
2292 4203 2667 4272 imperandum
2694 4202 2969 4273 gentibus,
3019 4200 3073 4254 in
3105 4215 3171 4254 eo
3219 4208 3406 4269 gentes
3446 4216 3636 4270 spera—

2058 4295 2197 4351 bunt
2213 4294 2280 4350 “.
2325 4313 2344 4346 ι
2392 4293 2559 4348 Plane
2599 4293 2741 4348 enim
2784 4291 3128 4344 irrationalia
3165 4291 3254 4343 illa
3279 4291 3547 4359 jumenta,
3579 4297 3636 4346 et

2059 4402 2197 4457 quas
2237 4385 2348 4440 illic
2390 4383 2637 4455 pradixit
2664 4383 2896 4445 belluas,
2930 4381 3110 4435 nullas
3139 4395 3262 4435 esse
3293 4381 3430 4436 alias
3467 4395 3632 4450 quam

2059 4481 2208 4551 ipsas
2241 4485 2430 4548 gentes
2467 4482 2703 4545 propter
2745 4489 2933 4528 earum
2967 4472 3174 4527 ferinos
3213 4486 3416 4535 mores,
3451 4471 3635 4525 decla-

2060 4571 2202 4624 ravit
2235 4588 2246 4623 :
2284 4568 2486 4639 quibus
2524 4582 2656 4622 sane
2687 4565 2939 4636 gentibus
2975 4565 3366 4635 imperaturum
3401 4562 3634 4616 allirmat

2056 4676 2202 4724 eum,
2249 4659 2341 4730 qui
2390 4657 2564 4728 surgit
2603 4658 2670 4711 de
2701 4657 2908 4710 semine
2943 4652 3097 4710 Jesse
3132 4672 3146 4708 :
3179 4669 3246 4707 ex
3277 4666 3386 4722 quo
3425 4651 3634 4706 semine

2059 4753 2310 4809 Salvator
2374 4761 2429 4808 et
2487 4752 2747 4806 Dominus
2809 4759 3000 4805 noster
3055 4748 3321 4805 oriundus
3368 4745 3633 4818 pradica-

2053 4855 2164 4910 tur,
2216 4848 2268 4900 in
2348 4861 2508 4916 quem
2565 4851 2775 4916 gentes.
2845 4858 2967 4914 quae
3029 4842 3085 4896 in
3138 4841 3314 4909 ipsum
3373 4838 3627 4902 credunt,

2051 4944 2215 4997 etiam
2258 4955 2404 4994 nunc
2457 4946 2697 5007 sperant,
2730 4935 2832 5006 ipsi
2880 4936 3065 5004 utique
3095 4933 3350 4986 vaticinia
3393 4946 3630 4986 Consen-

2052 5043 2210 5088 tanea
2241 5032 2524 5092 facientes.
2564 5029 2706 5100 quod
2745 5029 2820 5081 ait
2856 5044 2911 5082 ιι
2949 5025 3014 5079 Et
3046 5025 3170 5086 erit,
3197 5026 3288 5092 qui
3325 5023 3497 5094 surgit
3524 5023 3628 5076 im-

2050 5113 2243 5197 perare
2291 5124 2564 5195 gentibus,
2612 5122 2666 5174 in
2719 5121 2838 5190 ipso
2871 5129 3058 5188 gentes
3093 5115 3410 5185 sperabunt.
3449 5132 3468 5166 ι
3514 5113 3629 5168 Hoc

2050 5220 2218 5290 igitur
2259 5217 2520 5287 apponito
2551 5216 2618 5270 iis
2675 5228 2795 5284 qua:
2828 5211 2969 5282 apud
3001 5209 3221 5280 Moysen
3265 5208 3532 5269 feruntur,
3561 5223 3627 5262 ac

2047 5310 2389 5380 dislinguito.
2423 5309 2484 5360 Et
2516 5307 2647 5361 illud
2687 5305 2904 5373 quidem
2937 5321 2950 5357 :
2990 5321 3008 5353 ι
3048 5301 3183 5363 Erit,
3203 5300 3294 5372 qui
3323 5300 3496 5371 surgit
3521 5300 3627 5353 itu-

2049 5415 2242 5472 perare
2269 5398 2546 5470 gentibus,
2575 5415 2592 5447 ι
2629 5411 2752 5450 cum
2787 5395 2881 5448 illo
2909 5393 3226 5462 componito
3259 5409 3272 5444 :
3309 5408 3328 5443 ι
3368 5389 3630 5460 Egredie-

2049 5504 2139 5549 tur
2168 5494 2330 5547 homo
2368 5491 2432 5546 de
2464 5491 2673 5545 semine
2702 5487 2843 5556 ejus,
2872 5494 2926 5541 et
2955 5486 3325 5540 dominabitur
3369 5483 3622 5554 gentibus

2046 5585 2253 5642 multis.
2299 5604 2318 5637 ι
2354 5583 2417 5638 Et
2448 5583 2580 5638 illud
2623 5602 2634 5636 :
2681 5599 2698 5632 ι
2739 5579 2794 5634 In
2837 5581 2955 5650 ipso
3005 5589 3194 5650 gentes
3252 5579 3614 5648 sperabunt”

2044 5694 2168 5735 cum
2229 5678 2323 5734 illo
2360 5697 2374 5733 :
2418 5695 2437 5730 ι
2478 5675 2542 5730 Et
2586 5676 2702 5745 ipse
2755 5674 2858 5729 erit
2915 5673 3253 5744 exspectatio
3303 5670 3564 5742 gentium.
3593 5685 3616 5720 ι
