4158 6418
509 351 639 411 ’179

1213 347 1492 406 EUSEBII
1516 351 1994 408 CASSARIENSIS
2035 353 2185 412 OPP.
2228 354 2410 412 PARS
2448 355 2508 412 II.
2540 385 2611 399 --
2645 357 3143 418 APOLOGETICA.

3665 355 3776 423 I80

532 474 675 542 Quid
700 473 848 528 enim
876 469 1106 526 interest
1134 468 1381 536 dicasne,
1414 472 1470 526 in
1522 472 1642 543 ipso
1685 480 1875 544 gentes
1914 468 2121 544 spera-°

2229 475 2464 545 υοταμῶν
2485 475 2588 541 ἕως
2614 476 2865 548 περάτων
2894 480 2993 551 τῆς
3020 478 3362 550 οἰκουμένης.
3395 499 3416 533 ι
3447 480 3555 535 Καὶ
3586 477 3773 545 αὖθις·

532 569 692 633 bunt,
725 565 836 637 97
881 580 952 619 an
995 579 1164 619 vero:
1190 564 1306 635 ipse
1333 565 1437 620 erit
1466 564 1802 637 exspectatio
1826 567 2103 638 gentium?

533 653 746 711 Rursus
791 669 921 709 vero
969 653 1109 709 idem
1146 653 1340 719 Isaias,
1370 655 1619 710 oratione
1648 668 2005 726 progressus,
2038 654 2105 711 de

534 746 758 803 Christo
808 746 925 802 haec
974 745 1187 800 divinat
1223 762 1238 801 :
1272 764 1290 797 ι
1321 742 1461 799 Ecce
1513 761 1652 816 puer
1700 762 1894 810 meus,
1943 762 2106 817 quem

537 840 676 909 elegi
705 860 718 894 :
754 839 988 895 dilectus
1017 853 1174 893 meus
1197 876 1212 902 ,
1247 836 1303 890 in
1339 853 1449 908 quo
1481 837 1809 909 complacuit
1840 838 1946 893 sibi
1985 838 2107 892 ani-

538 946 628 987 ma
660 946 780 986 mea
806 950 820 986 :
853 930 1124 1000 judicium
1152 930 1413 1000 gentibus
1446 928 1687 1000 proferet
1714 931 1782 994 ⁸⁵,
1815 950 1835 984 ι
1860 946 1924 984 ac
1954 931 2113 987 dein-

537 1040 666 1095 ceps
700 1023 950 1094 adjungit
979 1041 993 1079 :
1028 1041 1047 1073 ι
1072 1021 1248 1077 donec
1272 1030 1439 1092 ponat
1465 1021 1520 1074 in
1553 1028 1699 1077 terra
1721 1020 1989 1091 judicium
2010 1062 2024 1083 ,
2057 1029 2112 1077 et

537 1117 593 1175 in
633 1116 855 1171 nomine
892 1115 1015 1185 ejus
1047 1125 1236 1185 gentes
1265 1113 1570 1185 sperabunt
1595 1113 1680 1169 ’σε
1714 1128 1733 1161 ι
1770 1114 1826 1168 in
1857 1113 1944 1167 his
1973 1112 2112 1168 Pro-

537 1209 701 1278 pheta
752 1205 863 1276 jam
916 1205 1160 1263 secundo
1202 1214 1392 1274 gentes
1439 1203 1495 1257 in
1538 1201 1758 1258 Christo
1800 1210 2113 1273 speraturas

539 1300 721 1370 ponit,
753 1313 878 1353 cum
936 1297 1191 1367 superius
1219 1298 1353 1354 illud
1385 1297 1627 1353 dixerit:
1668 1314 1689 1349 ι
1730 1296 1787 1352 in
1821 1296 1941 1366 ipso
1983 1312 2115 1368 gen-

540 1399 624 1447 tes
649 1390 950 1459 sperabunt
975 1389 1042 1442 ³⁷.
1070 1401 1088 1433 ι
1119 1387 1220 1445 Hie
1252 1404 1383 1445 vero
1411 1408 1424 1443 :
1455 1408 1474 1442 ι
1505 1391 1559 1443 in
1590 1389 1810 1444 nomine
1835 1389 1956 1459 ejus
1984 1405 2118 1460 gen«

539 1491 625 1539 tes
652 1482 971 1553 sperabunt.
1009 1500 1028 1534 ι
1057 1480 1235 1535 Etiam
1270 1481 1374 1552 ipsi
1409 1480 1578 1536 David
1607 1481 1815 1536 dictum
1841 1492 1925 1537 est
1956 1481 2023 1548 ³⁸,
2050 1480 2119 1536 de

544 1573 723 1630 fructu
753 1574 959 1630 ventris
985 1573 1107 1642 ejus
1135 1573 1512 1629 suseitandum
1543 1588 1665 1629 esse
1693 1573 1981 1642 quemdam
2006 1612 2023 1636 ,
2049 1571 2119 1627 de

542 1679 654 1737 quo
686 1665 948 1737 deinceps
977 1666 1053 1721 ait
1079 1665 1223 1722 Deus
1250 1684 1264 1719 :
1314 1684 1331 1716 ι
1364 1664 1484 1736 Ipse
1516 1665 1791 1719 invocabit
1814 1679 1931 1728 me,
1965 1671 2122 1734 pater

2212 588 2231 622 ι
2255 569 2441 622 Πάντα
2465 569 2535 622 τά
2580 568 2706 642 ἔθνη
2738 570 3112 624 δουλεύσουσιν
3145 570 3325 642 αὐτῷ,
3360 570 3454 625 καὶ
3498 571 3780 645 ἐνευλογη-

2207 659 2462 730 θήσονται
2496 661 2553 714 ὲν
2580 661 2664 714 σοὶ
2687 662 2857 715 πᾶσαι
2889 663 2945 716 αί
2973 661 3134 732 φυλαὶ
3163 662 3264 733 τῆς
3289 663 3408 734 γῆς.
3438 685 3456 714 ι
3488 663 3599 718 Καὶ
3620 665 3780 728 τόπος

2206 753 2263 806 δέ
2295 769 2380 816 τις
2412 753 2574 808 πάλιν
2601 753 2980 826 ἀφωρισμένος
3025 753 3127 823 τῆς
3169 753 3264 807 τοῦ
3306 755 3779 827 προφητευομένου

2206 845 2471 913 γενέσεως
2498 843 2813 909 θεσπίζεται
2833 845 3178 916 ύπδΜιχαίου
3196 845 3465 915 λέγοντοςο
3497 866 3516 898 ι
3547 849 3658 903 Καὶ
3691 850 3775 913 σὺ,

2213 937 2479 1008 Βηθλεὲμ,
2501 934 2647 1000 οἶκος
2663 936 2757 990 τοῦ
2788 935 3070 1007 Εὑφραθᾶ,
3090 935 3364 1004 ὀλιγοστὸς
3380 934 3430 989 εἷ
3455 937 3551 990 τοῦ
3569 934 3708 993 εἶναι
3725 940 3781 992 ἐν

2209 1026 2443 1097 χιλιάσιν
2475 1026 2682 1080 Ἰούδα·
2719 1026 2784 1079 ἐκ
2808 1025 2902 1080 σοῦ
2944 1043 3034 1098 μοι
3082 1026 3418 1092 ἐξελεύσεται
3462 1026 3780 1099 ἡγούμενος,

2212 1123 2360 1186 ὅστις
2393 1124 2647 1193 ποιμανεῖ
2680 1120 2772 1175 τὸν
2821 1121 2948 1176 λαόν
3004 1138 3103 1192 μου
3149 1121 3241 1174 τὸν
3294 1121 3542 1193 Ἰσραήλ·
3596 1122 3691 1174 καὶ
3729 1123 3785 1175 αί

2212 1210 2378 1275 ἔξοδοι
2410 1209 2573 1264 αὐτοῦ
2613 1210 2867 1282 ἀπαρχῆς
2911 1209 2971 1276 ἐξ
3004 1209 3223 1281 ήμερῶν
3269 1210 3481 1274 αἰῶνος.
3507 1229 3526 1262 ι
3568 1210 3789 1281 Ὠμολό-

2213 1318 2380 1373 γηται
2406 1301 2463 1354 δὲ
2497 1300 2650 1373 παρά
2683 1302 2796 1364 τοῖς
2821 1302 3007 1364 πᾶσιν,
3047 1301 3128 1353 ὅτι
3159 1302 3217 1353 ἐν
3251 1300 3502 1373 Βηθλεέμ
3527 1300 3786 1373 ἐγεννήθη

2228 1392 2434 1463 Ἰησοῦς
2455 1394 2484 1446 6
2510 1392 2762 1464 Χριστὸς,
2793 1392 2869 1456 ὡς
2892 1393 2987 1446 καὶ
3017 1392 3279 1463 σπήλαιον
3308 1392 3616 1451 δείκνυσθαι
3654 1393 3791 1465 πρὸς

2215 1483 2332 1536 τῶν·
2352 1483 2658 1555 ἐπιχωρίων
2689 1483 2875 1537 αὐτόθι
2896 1487 3007 1547 τοῖς
3029 1484 3125 1536 ἐπὶ
3152 1482 3280 1536 θέαν
3305 1483 3413 1537 ἀπὸ
3442 1483 3540 1555 τῆς
3559 1482 3787 1538 ἀλλοδα-

2218 1574 2327 1646 πῆς
2346 1574 2781 1645 ἀφικνουμένοις.
2813 1575 2923 1628 Καὶ
2951 1576 2979 1627 6
3018 1576 3114 1646 μὲν
3138 1575 3302 1639 τόπος
3331 1569 3506 1641 οὗτος,
3544 1575 3676 1631 ἔνθα
3701 1594 3795 1646 γε·

2218 1667 2511 1737 γεννῆσθαι
2535 1666 2780 1738 ἔμελλεν,
2806 1668 3101 1740 προείρητο
3117 1686 3131 1699 ’
3155 1669 3242 1732 τίς
3269 1668 3325 1721 δὲ
3347 1669 3441 1723 καὶ
3474 1669 3795 1741 λευκότερον

545 1774 700 1813 meus
731 1774 791 1814 es
824 1766 879 1813 tu
899 1801 915 1826 ,
948 1766 1003 1814 et
1027 1773 1130 1829 ego
1159 1758 1585 1829 primogenitum
1613 1772 1811 1828 ponam
1844 1772 1968 1812 eum
1993 1758 2060 1812 ³⁸.
2095 1777 2113 1809 ι

2229 1761 2249 1812 6
2286 1759 2510 1822 Ἡσαΐας
2543 1759 2873 1831 παρίστησι,
2915 1760 2979 1813 δι’
3009 1762 3345 1832 αἰνιγμάτων
3382 1762 3480 1833 μὲν
3523 1761 3633 1833 (1),
3667 1763 3797 1815 ὅταν

544 1849 682 1903 Nam
714 1849 782 1905 de
818 1850 921 1905 hoc
955 1865 1149 1906 rursus
1179 1849 1382 1904 dictum
1426 1858 1510 1904 est
1540 1868 1552 1903 :
1581 1867 1602 1901 ι
1635 1848 1700 1902 Ει
1745 1848 2120 1904 dominabitur

2229 1849 2351 1921 λέγῃ
2371 1866 2385 1879 ·
2423 1868 2441 1900 ι
2481 1849 2674 1920 Κύριε,
2707 1849 2791 1913 τίς
2818 1851 3105 1905 ἐπίστευσε
3140 1830 3205 1924 τῇ
3245 1830 3394 1924 ἀκοῇή
3423 1830 3602 1924 ήμῶν,
3648 1856 3741 1908 καὶ
3767 1856 3798 1906 6

547 1956 579 2000 ,ι
611 1943 745 1995 mari
782 1957 954 2010 usque
982 1941 1049 1995 ad
1083 1956 1235 2001 mare
1259 1981 1274 2006 ,
1321 1949 1375 1996 et
1416 1956 1447 1995 a
1489 1939 1807 1997 [luminibus
1849 1956 2023 2011 usque
2049 1941 2118 1996 ad

545 2033 811 2089 terminos
836 2034 988 2088 orbis
1014 2041 1175 2087 terrae
1201 2032 1268 2087 ⁸ο.
1305 2053 1323 2084 ι
1350 2030 1413 2085 Ει
1437 2048 1632 2088 rursus
1660 2051 1674 2088 :
1706 2051 1725 2085 ι
1757 2031 1958 2087 Omnes
1988 2048 2119 2103 gen-

549 2132 633 2179 tes
661 2125 900 2181 servient
927 2124 1015 2183 ei.
1051 2131 1105 2179 et
1132 2124 1529 2181 benedicentur
1557 2125 1610 2178 in
1644 2134 1695 2179 te
1721 2139 1914 2180 omnes
1940 2124 2118 2179 tribus

549 2224 708 2271 terrae
742 2215 811 2269 “.
845 2236 863 2267 ι
890 2213 1158 2269 Praeterea
1188 2221 1369 2269 autem
1417 2214 1570 2268 locus
1611 2214 1829 2284 quidem
1871 2220 2055 2269 certus
2088 2227 2120 2266 a

553 2306 781 2362 Michaaa
812 2307 1051 2370 canitur,
1086 2307 1141 2361 in
1176 2322 1288 2377 quo
1315 2308 1361 2362 is
1388 2307 1636 2362 oriturus
1667 2305 1771 2371 sit,
1805 2305 1873 2361 de
1901 2321 2012 2376 quo
2042 2306 2122 2360 fe-

548 2406 749 2453 runtur
789 2408 867 2453 tot
909 2398 1165 2453 vaticinia
1197 2417 1209 2451 ε
1240 2415 1259 2448 ‹
1292 2396 1360 2453 Et
1408 2406 1488 2460 tu,
1538 2399 1738 2469 inquit,
1781 2397 2118 2463 Bethlehem,

551 2492 748 2547 domus
778 2490 1056 2562 Euphrata
1078 2531 1093 2555 ,
1130 2490 1356 2545 minima
1381 2505 1442 2546 es
1475 2495 1535 2544 ut
1562 2490 1643 2545 sis
1673 2490 1730 2543 in
1754 2489 1996 2544 millibus
2022 2486 2123 2542 Ju-

551 2584 622 2638 da
647 2601 659 2637 :
687 2599 754 2638 ex
782 2592 834 2637 te
864 2582 997 2635 mihi
1023 2581 1334 2653 egredietur
1356 2582 1497 2648 dux,
1531 2582 1625 2651 qui
1651 2589 1839 2651 pascet
1862 2581 2123 2650 populum

554 2690 735 2730 meum
784 2673 987 2741 Israel,
1039 2685 1092 2728 et
1135 2674 1315 2729 exitus
1358 2674 1480 2743 ejus
1520 2674 1589 2727 ab
1628 2672 1786 2727 initio
1835 2688 1902 2727 ex
1932 2672 2124 2727 diebus

554 2767 736 2824 saeculi
762 2768 806 2798 δ’
835 2785 848 2821 :
883 2786 902 2817 ι
931 2772 984 2820 et
1009 2780 1200 2821 omnes
1232 2764 1584 2829 conﬁtentur,
1612 2764 1669 2818 in
1693 2762 2004 2818 Bethlehem
2033 2761 2125 2817 Je-

554 2874 677 2914 sum
708 2857 987 2913 Christum
1018 2872 1143 2912 esse
1173 2864 1383 2912 natum.
1419 2855 1562 2922 Quin
1588 2855 1752 2910 etiam
1786 2855 1978 2910 incolae
2004 2855 2124 2924 ejus

553 2952 660 3006 loci
692 2951 1007 3020 speluncam
1037 2948 1237 3004 ibidem
1268 2957 1574 3004 monstrant
1603 2947 1705 3014 iis,
1734 2947 1828 3017 qui
1855 2947 1922 3002 ab
1946 2954 2127 3003 exter-

558 3046 642 3097 nis
682 3040 844 3098 terris
882 3040 1136 3095 venerint
1173 3040 1242 3095 ad
1288 3040 1690 3110 spectandum:
1730 3046 1784 3093 et
1824 3039 1981 3094 locus
2002 3039 2127 3109 quis

556 3135 676 3191 dem
708 3134 797 3187 hic
823 3132 916 3187 ubi
951 3143 1103 3187 ortus
1132 3131 1254 3202 ejus
1282 3130 1499 3188 futurus
1526 3131 1661 3196 fuit,
1690 3130 1986 3201 praedictus
2019 3138 2124 3188 est.

556 3224 735 3297 Ipsius
765 3239 892 3279 vero
921 3231 1077 3279 ortus
1110 3224 1435 3278 miraculum
1460 3264 1476 3290 ,
1514 3238 1659 3279 nunc
1699 3222 1935 3281 obscure
1968 3237 2033 3277 ac
2071 3222 2129 3275 Ii-

556 3325 783 3389 gurate,
811 3330 959 3369 nune
986 3314 1147 3385 plane
1173 3322 1229 3369 et
1257 3321 1445 3385 aperte
1473 3313 1628 3383 ponit
1656 3310 1826 3368 Isaias
1853 3331 1867 3367 :
1900 3312 2132 3367 obscure

559 3408 778 3480 quidem
803 3447 817 3471 ,
858 3408 949 3462 ubi
996 3408 1106 3461 ait:
1142 3426 1163 3460 ι
1195 3405 1426 3462 Domine
1446 3447 1463 3472 ,
1503 3406 1628 3476 quis
1652 3406 1888 3462 credidit
1920 3404 2133 3460 auditui

559 3499 794 3555 nostro?
834 3505 890 3554 et
936 3498 1227 3573 brachium
1274 3496 1489 3553 Domini
1543 3498 1631 3553 cui
1679 3499 1974 3553 revelatum
2013 3497 2135 3552 est?

561 3590 1009 3645 annuntiavimus
1059 3604 1245 3645 coram
1293 3604 1389 3653 eo,
1431 3588 1590 3659 quasi
1634 3589 1932 3658 puerulus,
1975 3586 2134 3657 quasi

561 3682 716 3738 radix
751 3683 808 3736 in
840 3688 986 3737 terra
1017 3681 1231 3737 sitienti
1264 3680 1331 3736 “.
1362 3699 1381 3732 ›
1411 3679 1518 3734 Pro
1546 3695 1655 3751 quo
1689 3679 1882 3749 Aquila
1915 3677 2133 3748 quidem

563 3775 642 3829 sic
685 3774 1076 3846 interpretatus
1116 3782 1239 3830 est:
1277 3792 1295 3826 ι
1331 3773 1398 3827 Ει
1442 3772 1834 3843 praedicabitur
1872 3780 2134 3842 tanquam

565 3863 711 3933 quod
747 3864 915 3921 ubere
956 3864 1200 3923 nutritur
1243 3863 1296 3919 in
1340 3862 1536 3917 faciem
1590 3861 1741 3931 ejus,
1784 3868 1838 3917 et
1879 3869 2136 3931 tanquam

564 3952 721 4013 radix
748 3952 815 4009 de
839 3962 985 4011 terra
1016 3954 1184 4009 invia.
1216 3973 1235 4007 ι
1259 3951 1598 4008 Theodotion
1623 3968 1753 4010 vero
1777 3971 1794 4007 :
1817 3971 1836 4003 ι
1865 3952 1932 4006 Ει
1952 3968 2141 4009 ascen-

565 4045 656 4101 det
687 4047 829 4101 sicut
855 4047 1001 4117 quod
1027 4046 1169 4102 lacte
1198 4047 1365 4100 alitur
1392 4061 1574 4101 coram
1605 4062 1671 4100 eo
1689 4084 1704 4108 ,
1732 4054 1786 4101 et
1812 4045 1954 4102 sicut
1981 4046 2137 4100 radix

566 4137 623 4192 in
655 4146 800 4192 terra
828 4138 1056 4192 sitienti.
1089 4157 1107 4191 ι
1139 4135 1240 4192 llis
1269 4136 1414 4191 enim
1446 4137 1628 4192 verbis
1656 4151 1780 4191 cum
1805 4136 2137 4192 mentionem

569 4230 759 4285 fecerit
786 4229 1051 4301 propheta
1076 4229 1148 4284 de
1179 4228 1405 4283 brachio
1436 4227 1651 4284 Domini
1675 4267 1690 4292 ,
1721 4230 1865 4296 quod
1892 4234 2011 4283 erat
2041 4224 2137 4282 Dei

566 4318 805 4376 Verbum
830 4336 845 4375 :
876 4340 895 4372 ι
917 4320 1114 4379 Coram
1143 4335 1230 4383 eo,
1255 4319 1461 4389 inquit,
1508 4318 1954 4377 annuntiavimus
1981 4317 2137 4388 quasi

568 4415 857 4484 puerulum
908 4413 1237 4476 lactentem,
1286 4420 1341 4466 et
1386 4411 1480 4480 qui
1526 4411 1693 4467 ubere
1741 4412 2040 4475 nutriatur,
2085 4417 2140 4465 et

2223 1940 2456 2013 βραχίων
2512 1942 2718 2013 Κυρίου
2779 1942 2882 1994 τίνι
2937 1942 3338 2014 ἀπεκαλύφθηι
3396 1945 3799 2016 ἁνηγγείλαμεν

2223 2033 2459 2087 ἐναντίον
2489 2033 2655 2089 αὑτοῦ
2684 2033 2759 2098 ὡς
2791 2034 3020 2099 παιδίον,
3053 2035 3129 2095 ὡς
3161 2035 3284 2107 ῥίζα
3316 2037 3374 2089 ἐν
3415 2039 3484 2107 γῇ
3514 2036 3743 2108 διψώσῃ.
3772 2057 3793 2089 ι

2234 2124 2372 2178 Ἀνθ“
2398 2121 2461 2178 οὗ
2500 2128 2528 2179 6
2567 2127 2665 2197 μὲν
2716 2126 2947 2191 Ἀκύλας
2986 2129 3331 2199 ήρμήνευσεν
3376 2128 3579 2191 οὕτως’
3630 2148 3648 2181 ι
3689 2130 3803 2183 Καὶ

2223 2217 2659 2289 ἀναρρηθήσεται
2685 2219 2761 2282 ὼς
2785 2219 3149 2289 τιτθιζόμενον
3176 2222 3257 2282 εἰς
3290 2219 3576 2292 πρόσωπον
3602 2217 3795 2282 αὑτοῦ,

2223 2309 2318 2362 καὶ
2366 2309 2442 2372 ὼς
2474 2308 2596 2380 ῥίζα
2650 2310 2757 2362 ἀπὸ
2802 2311 2905 2380 γῆς
2957 2309 3159 2363 ἀϐάτου
3194 2327 3208 2341 ·
3243 2329 3262 2361 ι
3298 2311 3327 2363 6
3368 2309 3426 2366 δὲ
3468 2308 3799 2362 Θεοδοτίωνο

2229 2420 2248 2452 ι
2277 2400 2371 2454 καὶ
2422 2399 2754 2471 ἀναϐήσεται
2793 2401 2870 2464 ὼς
2912 2400 3142 2472 θηλὰζον
3184 2398 3411 2454 ἐνώπιον
3468 2400 3664 2463 αὐτοῦ,
3705 2399 3804 2453 καὶ

2225 2493 2300 2557 ὼς
2326 2492 2449 2563 ῥίζα
2470 2495 2527 2546 ἐν
2550 2496 2621 2563 γῇ
2644 2492 2870 2565 διψώσῃ.
2901 2512 2919 2544 ι
2945 2493 3044 2546 Διά
3070 2491 3177 2564 γὰρ
3198 2492 3401 2546 τούτων
3427 2491 3806 2563 μνημονεύσας

2224 2586 2253 2639 6
2285 2586 2569 2658 προφήτης
2601 2584 2694 2639 τοῦ
2738 2583 3018 2656 βραχίονος
3061 2583 3155 2637 τοῦ
3195 2584 3431 2654 Κυρίου,
3459 2583 3519 2647 ὃς
3548 2579 3617 2654 ἦν
3646 2585 3677 2637 6
3704 2582 3804 2637 τοῦ

2194 2722 2197 2725 ,
2226 2676 2361 2730 Θεοῦ
2389 2676 2565 2745 λόγος,
2595 2694 2612 2727 ι
2648 2674 2907 2729 Ἐνώπιον
2934 2675 3122 2738 αὑτοῦ,
3154 2695 3172 2727 ι
3217 2677 3402 2747 φησὶν,
3436 2693 3454 2727 ι
3479 2675 3807 2745 ἀνηγγείλα-

2232 2786 2330 2840 μεν
2362 2769 2438 2833 ὡς
2479 2768 2687 2822 παιδίον
2733 2766 2962 2841 θηλάζον
2996 2770 3088 2822 καλ⁵
3142 2769 3543 2840 τιτθιζόμενον,
3587 2768 3681 2822 καὶ
3729 2769 3807 2831 ὡς

2232 2860 2385 2932 ῥίζαν
2410 2860 2518 2914 ἀπὸ
2544 2861 2647 2931 γῆς
2672 2860 2893 2914 ἀϐάτου.
2919 2861 3042 2912 γΤὺ
3071 2860 3166 2930 μὲν
3192 2857 3284 2915 οὖν
3313 2859 3523 2914 παιδίον
3546 2860 3607 2911 τὸ
3634 2858 3809 2911 τιτθι-

2230 2948 2456 3023 ζόμενον
2480 2952 2573 3006 καὶ
2609 2950 2838 3021 θηλάζον
2870 2951 3128 3023 ἄντικρυς
3157 2951 3255 3021 τὴν
3292 2950 3503 3020 γένεσιν
3546 2950 3641 3006 τοῦ
3672 2951 3811 3020 Χρι-

2235 3041 2361 3097 στοῦ
2389 3042 2564 3113 δηλοῖ·
2602 3045 2635 3112 ἠ
2665 3042 2721 3096 δὲ
2740 3043 2810 3112 γῆ
2841 3042 3040 3105 ἄϐατος
3067 3042 3162 3094 καὶ
3187 3041 3397 3111 διψῶσα
3425 3041 3522 3112 τὴν
3559 3041 3808 3112 ἀποκυή-

2234 3149 2401 3190 σασαν
2450 3132 2611 3185 αὐτὸν
2645 3130 2908 3203 παρθένον
2934 3170 2949 3193 ,
3065 3129 3236 3193 οὐδεὶς
3268 3129 3405 3202 ἀνὴρ
3443 3129 3809 3200 ἐπιϐέϐηκεν,

2234 3224 2324 3293 ἀφ’
2363 3219 2450 3294 ἦς,
2499 3222 2699 3292 καίπερ
2746 3220 2947 3275 ἀϐάτου
3001 3219 3416 3291 τυγχανούσης,
3453 3218 3721 3291 προῆλθεν
3773 3220 3811 3290 ἡ

2234 3314 2574 3386 εὐλογημένη
2623 3312 2767 3384 ῥίζα,
2810 3311 2993 3367 καὶτὸ
3034 3309 3402 3382 τιτθιζόμενον
3436 3311 3530 3364 καὶ
3574 3308 3812 3381 θηλάζον

2235 3406 2462 3465 παιδίον.
2515 3406 2671 3460 Ἀλλά
2716 3404 2888 3463 ταῦτα
2934 3404 3035 3474 μὲν
3082 3403 3526 3473 ἐπεσκιασμένως
3555 3401 3810 3472 ῂνίξατω

2233 3497 2565 3569 γυμνότερον
2598 3497 2654 3549 δὲ
2681 3497 2709 3550 6
2738 3495 2901 3558 αὐτὸς
2928 3493 3218 3565 ἐρμηνεύει
3246 3494 3535 3565 προφήτης
3561 3492 3662 3564 τὴν
3691 3492 3812 3545 διάα

2234 3604 2404 3649 νοιαν,
2445 3589 2529 3640 ἐπ’
2564 3586 2628 3641 ἂν
2676 3586 2846 3659 λέγῃ·
2887 3604 2906 3636 ι
2949 3585 3079 3639 Ἰδοὺ
3120 3586 3153 3653 ή
3202 3582 3466 3654 παρθένος
3512 3584 3571 3636 ἐν
3612 3583 3815 3653 γαστρὶ

2235 3677 2485 3747 λήψεται,
2517 3678 2610 3730 καὶ
2640 3674 2854 3741 τέξεται
2903 3675 3019 3727 υἱὸν
3039 3716 3052 3739 ,
3088 3675 3181 3727 καὶ
3214 3674 3498 3731 καλέσουσι
3528 3672 3590 3726 τὸ
3636 3672 3811 3742 ὄνομα

2236 3768 2397 3820 αὐτοῦ
2449 3766 2565 3837 μεθ’
2601 3766 2757 3836 ήμῶν
2785 3769 2814 3819 6
2843 3765 2994 3829 Θεός.
3025 3787 3041 3815 ι
3072 3766 3238 3820 Τοῦτο
3269 3765 3378 3840 γὰρ
3423 3762 3716 3837 ἐρμηνεύει
3750 3762 3815 3817 τὸ

2242 3878 2260 3910 ι
2305 3858 2668 3930 Ἐμμανουήλ.
2700 3876 2718 3909 ι
2747 3857 2983 3911 Τοιαῦτα
3000 3858 3127 3930 περὶ¹
3155 3858 3351 3927 τῆςείς
3382 3855 3703 3927 ἀνθρώπους
3721 3871 3812 3925 γε-

2237 3949 2437 4012 νέσεως
2464 3947 2559 4006 τοῦ
2594 3947 2828 4019 Χριστοῦ
2871 3947 3034 4003 πάλαι
3083 3947 3346 4018 πρότερον
3376 3948 3503 4016 παρ’
3543 3943 3814 4017 Ἑϐραίοις

2240 4037 2645 4111 μεμελετάσθω.
2701 4041 2846 4110 Μήτι
2884 4035 2975 4098 οὖν
3009 4036 3250 4102 ἐπίδοξόν
3295 4054 3415 4092 τινα
3456 4036 3744 4109 δυνάστην,
3777 4036 3811 4107 ἢ

2237 4129 2533 4201 τύραννον,
2569 4130 2603 4200 ἡ
2649 4146 2771 4183 τινα
2809 4129 2982 4196 ἄλλως
3020 4127 3128 4182 τῶν
3163 4128 3229 4181 τὰ
3267 4126 3476 4197 μεγᾲλα
3524 4125 3668 4180 κατά
3723 4125 3816 4179 τὸν

2240 4222 2353 4293 βίον
2385 4220 2716 4292 δυναμένων,
2738 4220 2829 4273 τὸν
2865 4219 3336 4291 προφητευόμενον
3369 4216 3814 4287 ὑπογράφουσινς

2237 4314 2338 4367 οὐκ
2370 4312 2516 4365 ἔστιν
2548 4314 2722 4365 εἰπεῖν
2745 4328 2756 4339 °
2782 4311 2864 4363 ὅτι
2902 4309 3036 4380 μηδέ
3060 4308 3231 4379 ἐφάνη
3255 4307 3513 4370 τοιοῦτος.
3543 4306 3680 4359 Ἀλλ’
3705 4300 3818 4369 οἶος

2240 4407 2409 4477 ἐφάνη
2434 4405 2514 4475 τῷ
2546 4404 2664 4475 βίῳ,
2686 4403 2922 4457 τοιοῦτον
2949 4402 3108 4455 αὑτὸν
3139 4400 3234 4459 καὶ
3258 4399 3550 4457 ὲθέσπισαν
3576 4397 3813 4459 ἔσεσθαι,

568 4504 729 4574 quasi
761 4503 999 4559 radicem
1034 4502 1102 4557 de
1130 4509 1278 4559 terra
1313 4501 1459 4564 invia
1487 4519 1501 4565 ;
1536 4522 1554 4554 ι
1582 4501 1674 4557 ubi
1714 4502 1975 4572 puerulus
2016 4500 2127 4571 qui«

2239 4497 2337 4568 τῆς
2401 4494 2657 4565 ἀληθείας
2711 4495 2828 4546 κατ’
2879 4492 3029 4546 οὐδὲν
3091 4490 3561 4561 ἀπολελειμμένοι.
3631 4487 3813 4541 Εἰπὼν

570 4595 692 4649 dem
726 4593 844 4656 ille,
881 4592 976 4662 qui
1006 4593 1171 4648 ubere
1199 4601 1363 4660 atque
1394 4592 1535 4646 lacte
1568 4593 1828 4654 nutritur,
1864 4593 2023 4661 plane
2048 4606 2141 4645 0r-

571 4694 690 4740 tum
721 4684 929 4741 Christi
961 4684 1231 4742 declarat.
1269 4681 1440 4737 Terra
1472 4699 1603 4744 vero
1632 4684 1778 4740 invia
1810 4691 1863 4737 et
1908 4683 2099 4743 sitiens
2119 4720 2135 4748 ,

567 4778 681 4848 98
709 4777 973 4847 virginem
1020 4789 1142 4846 qua:
1183 4773 1334 4828 illum
1381 4774 1542 4831 enixa
1571 4784 1686 4841 est,
1731 4790 1896 4845 quam
1931 4774 2142 4837 scilicet

570 4868 754 4931 nullus
783 4868 867 4921 vir
895 4866 1064 4931 adiit,
1092 4864 1159 4920 de
1185 4880 1293 4934 qua
1319 4865 1569 4935 quamvis
1598 4866 1744 4923 invia
1766 4905 1784 4931 ,
1806 4866 2025 4927 laudata
2051 4865 2143 4932 illa

571 4958 729 5017 radix
772 4958 1011 5028 prodiit,
1053 4964 1113 5013 et
1155 4957 1250 5027 qui
1295 4958 1503 5024 ubere,
1546 4958 1796 5028 lacteque
1841 4958 2143 5012 nutriretur

570 5051 857 5120 puerulus.
892 5048 1094 5104 Verum
1126 5048 1245 5116 haec
1275 5050 1598 5110 adumbrate
1631 5049 1924 5107 admodum
1970 5048 2141 5119 signi-

570 5139 790 5198 ﬁcavit:
840 5139 1086 5209 apertius
1132 5153 1264 5197 vero
1308 5139 1449 5197 idem
1498 5137 1765 5209 propheta
1816 5138 2138 5195 sententiam

570 5243 725 5288 suam
771 5220 1186 5299 interpretatur,
1220 5229 1313 5284 ubi
1348 5231 1423 5283 ait
1450 5247 1461 5289 ;
1494 5248 1512 5281 ι
1545 5227 1688 5283 Ecce
1715 5227 1869 5298 virgo
1898 5225 1950 5279 in
1987 5232 2143 5280 utero

569 5320 777 5390 capiet,
809 5328 864 5378 et
895 5320 1071 5390 pariet
1105 5321 1309 5391 (ilium,
1335 5328 1389 5379 et
1414 5319 1686 5379 vocabunt
1717 5333 1918 5376 nomen
1974 5316 2094 5385 ejus
2119 5334 2137 5368 ο

2240 4588 2284 4642 δ’
2315 4583 2408 4641 οὖν
2440 4588 2468 4639 6
2490 4586 2717 4648 Ἡσαΐας
2736 4603 2748 4615 ·
2771 4604 2788 4634 ι
2815 4582 3234 4654 ’Δνηγγείλαμεν
3267 4581 3492 4635 ἐνώπιον
3525 4578 3710 4643 αὑτοῦ,
3743 4579 3819 4642 ὼς

2246 4680 2477 4742 παιδίον,
2509 4678 2584 4741 ὡς
2614 4677 2736 4747 ῥίζα
2768 4679 2826 4735 ἐν
2851 4677 2922 4751 γῇ
2955 4673 3161 4745 διψώσῃ
3180 4691 3193 4704 ·
3238 4693 3255 4724 ι
3290 4672 3414 4743 ἑξῆς
3445 4672 3702 4725 συνάπτει
3732 4669 3820 4722 λέ-

2246 4788 2386 4841 γωνο
2421 4790 2439 4821 ι
2467 4770 2581 4824 Ούκ
2610 4768 2756 4827 ἔστιν
2795 4764 2934 4830 εἶδος
2962 4766 3111 4836 αύτῷ
3142 4767 3262 4819 οὐδὲ
3288 4765 3445 4829 δόξα·
3482 4765 3576 4817 καὶ
3606 4762 3817 4832 εἴδομεν

2248 4861 2434 4924 αὐτὸν,
2474 4862 2570 4914 καὶ
2596 4861 2697 4913 οὐκ
2728 4855 2872 4932 εἶχεν
2905 4852 3044 4921 εἶδος
3097 4857 3217 4910 οὐδὲ
3245 4856 3470 4919 κάλλος·
3523 4854 3619 4910 καὶ
3650 4848 3717 4924 ἦν
3758 4852 3818 4905 τὺ

2249 4949 2387 5017 εἶδος
2431 4949 2596 5005 αὑτοῦ
2641 4950 2831 5019 ἄτιμον
2880 4949 2975 5009 καὶ
3019 4946 3264 5001 ἐκλεῖπον
3294 4944 3443 5016 παρά
3498 4943 3621 5007 τοὺς
3673 4943 3818 5006 υἱοὺς

2245 5041 2353 5107 τῶν
2388 5038 2710 5112 ἀνθρώπων.
2745 5038 3082 5108 Ἀνθρωπος,
3109 5038 3166 5090 ἐν
3193 5034 3373 5105 πληγῇ
3409 5031 3503 5097 ὢν,
3536 5031 3628 5088 καὶ
3664 5030 3817 5093 εἰδὼς

2248 5132 2433 5205 φέρειν
2470 5131 2739 5202 μαλακίαν
2760 5172 2774 5193 ,
2812 5127 3110 5199 ήτιμάσθη,
3145 5126 3240 5179 καὶ
3276 5124 3375 5178 οὐκ
3403 5122 3674 5194 ἐλογίσθη.
3704 5140 3721 5171 ι
3754 5121 3817 5173 Τί

2248 5221 2339 5283 οὖν
2383 5223 2630 5276 λείπεται
2683 5220 2775 5273 ἐπὶ
2819 5217 3057 5282 τούτοις;
3103 5218 3166 5269 Ei
3214 5216 3322 5286 γὰρ
3354 5217 3609 5286 προεῖπον
3654 5209 3817 5265 αὑτοῦ

2251 5315 2421 5397 φυλὴν
2443 5357 2458 5381 ,
2502 5315 2598 5369 καὶ
2649 5312 2837 5383 γένος,
2885 5312 2980 5367 καὶ
3010 5308 3207 5381 τρόπον
3239 5306 3537 5375 γενέσεως,
3587 5304 3677 5359 καὶ
3723 5302 3818 5374 τῆς

640 5477 685 5549 δέ
718 5475 821 5549 Isa.
847 5479 1061 5549 χίλια.
1114 5474 1341 5549 h"_i_biil.
1365 5475 1418 5539 4.
1475 5474 1537 5549 *³⁷
1568 5473 1778 5549 Ιξςικκι,
1806 5473 1894 5528 10.
1967 5472 2011 5549 ξ⁸
2031 5471 2072 5549 II
2096 5475 2227 5545 Iteg.
2266 5489 2362 5537 vn,
2391 5470 2475 5525 19..
2551 5470 2594 5502 ”
2627 5467 2771 5523 Psal.
2795 5480 3059 5526 Lxxxvm,
3083 5463 3273 5523 27,28.
3351 5464 3396 5495 ⁸ο
3426 5461 3568 5522 Psal.
3595 5475 3742 5525 Lm,
3764 5457 3816 5514 8.

571 5545 613 5598 μ
668 5548 800 5602 ibid.
833 5548 917 5609 11,
950 5538 1036 5609 17.
1110 5547 1156 5583 ⁸⁸
1185 5546 1342 5601 Micb.
1382 5563 1432 5609 ι’,
1470 5545 1523 5611 2,
1599 5544 1642 5578 ⁸³
1670 5542 1774 5602 lsa.
1810 5560 1927 5608 Lm,
1963 5538 2112 5611 1,2.’

643 5710 716 5783 (Ι)
760 5710 911 5777 Mss"
948 5713 1058 5783 Τῆς
1090 5712 1147 5764 δὲ
1168 5710 1431 5783 γενέσεως
1459 5706 1625 5783 αυτοῦ
1654 5708 1713 5783 τὸ
1757 5704 1985 5783 θαῦμα.ι
2016 5702 2145 5783 ποτέ

577 5774 673 5868 μμ.
694 5774 759 5853 δι’
781 5774 1135 5853 αἰνιγμάτων,
1167 5774 1294 5835 ποτὲ
1323 5780 1377 5836 δὲ
1405 5779 1497 5834 καὶ
1519 5779 1836 5864 λευκότερον
1861 5774 1889 5829 6
1922 5774 2149 5839 Ἠσαῖσς

2254 5699 2568 5771 παρίστησι,
2603 5697 2667 5750 δι’
2696 5694 3030 5767 αἰνιγμάτων
3061 5694 3180 5766 μέν,
3212 5709 3268 5747 κ.
3310 5709 3360 5746 τ.
3386 5691 3462 5761 λ..
3494 5699 3548 5755 et
3583 5689 3663 5749 sic
3696 5689 3816 5760 legit

2257 5782 2550 5840 interpres.
