4120 6420
304 395 395 454 481

1199 372 1866 455 υεΜοΝετιιΑτιοΝιε»
1890 391 2347 451 nuncnum;
2386 391 2515 448 LIB.
2556 388 2651 447 ιιι.

3426 383 3523 442 189

308 512 575 585 Παρθένου
609 514 675 569 τὸ
705 514 890 587 θαῦμα
929 516 1024 571 καὶ
1057 516 1173 586 βίου
1212 517 1441 590 τρόπον,
1478 515 1768 570 ἀκόλουθον
1799 511 1858 587 ῆι

1969 512 2263 569 Nobiscum
2284 510 2449 573 Deus,
2474 510 2578 565 hoc
2597 507 2742 565 enim
2762 506 3067 579 signiﬁcat:
3090 502 3488 559 Emmanuel“.
3502 521 3523 556 ο

305 607 419 677 ἑῆς
449 603 586 677 μηδὲ
608 604 711 677 τὴν
740 606 995 680 τελευτὴν
1026 608 1412 679 ἀποσιωπῆσαι
1450 606 1633 660 αὑτοῦ.
1669 607 1735 660 Τί
1771 603 1864 661 οὖν

304 700 387 752 καὶ
424 697 552 769 περὶ
602 698 811 769 ταύτης
865 700 1095 765 Ἡσαΐας
1140 700 1419 767 θεσπίζει;
1458 718 1477 751 ι
1516 698 1861 771 Ἀνθρωπος,

302 790 452 863 φησὶν
471 830 486 855 ,
527 792 590 844 ἐν
618 789 802 862 πληγῇ
834 790 943 855 ὢν,
997 794 1092 847 καὶ
1149 791 1302 857 εἰδὼς
1334 793 1524 865 φέρειν
1557 792 1861 864 μαλακίαν,

299 880 563 952 ἠτιμάσθη
612 880 709 934 καὶ⁵
748 883 848 935 οὐκ
918 882 1189 954 ἐλογίσθη.
1246 876 1415 947 Οὗτος
1455 882 1555 947 τὰς
1594 881 1867 955 ἁμαρτίας

297 972 441 1044 ἡμῶν
485 974 683 1045 φέρει,
731 974 987 1046 καὶπερὶ
1022 975 1179 1047 ἡμῶν
1236 976 1520 1030 όδυνᾶται·
1555 976 1651 1029 καὶ
1705 976 1865 1047 ἡμεῖς

297 1065 653 1135 ἐλογισάμεθα
684 1066 846 1120 αὑτὸν
878 1063 1014 1122 εἶναι
1044 1069 1102 1122 ἐν
1136 1069 1282 1138 πόνῳ
1309 1068 1401 1123 καὶ
1437 1069 1496 1121 ἐν
1531 1068 1736 1139 πληγῇ,
1769 1068 1863 1121 καὶ

295 1161 347 1213 ἐν
374 1156 651 1211 κακώσειο
684 1158 846 1222 αὐτὸς
874 1158 931 1212 δὲ
980 1160 1385 1232 ἐτραυματίσθη
1428 1160 1516 1215 διὰ
1552 1159 1652 1225 τὰς
1683 1162 1863 1232 ἁμαρ-

293 1250 402 1312 τίας
429 1248 613 1320 ἡμῶν,
646 1250 743 1304 καὶ
771 1249 1170 1321 μεμαλάκισται
1189 1250 1277 1304 διὰ
1303 1251 1403 1315 τὰς
1433 1250 1663 1321 ἀνομίας
1682 1249 1858 1322 ἡμῶν.

292 1339 509 1394 Παιδεία
535 1340 768 1411 εἰρήνης
798 1342 830 1410 ἡ
841 1339 958 1411 μῶν
983 1342 1070 1394 ἐπ’
1102 1341 1285 1405 αὐτὸν,
1317 1340 1395 1412 τῷ
1428 1339 1653 1413 μώλωπι
1695 1339 1859 1393 αὐτοῦ

290 1436 441 1505 ἡμεῖς
487 1433 746 1505 ίάθημεν.
794 1434 1003 1497 Πάντες
1043 1433 1119 1497 ὡς
1157 1433 1401 1505 πρόϐατα
1437 1432 1820 1505 ἐπλανήθημεν
1842 1472 1858 1496 ,

290 1526 375 1579 καὶ
399 1524 609 1596 Κύριος
642 1526 958 1599 παρέδωκεν
994 1522 1159 1579 αὐτὸν
1188 1527 1309 1589 ταῖς
1336 1524 1631 1596 ἁμαρτίαις
1668 1523 1823 1595 ἡμῶν
1842 1538 1857 1554 ο

287 1620 377 1671 καὶ
400 1617 563 1682 αὐτὸς
592 1617 684 1672 διὰ
714 1618 776 1672 τὸ
805 1616 1155 1672 κεκακῶσθαι
1188 1617 1289 1671 οὐκ
1332 1616 1535 1686 ἀνοίγει
1579 1616 1642 1669 τὸ
1688 1617 1861 1688 στόμα

287 1707 465 1761 αὑτοῦ.
515 1709 608 1773 Ὧς
639 1708 909 1781 πρόϐατον
940 1709 1034 1763 ἐπὶ
1068 1708 1279 1780 σφαγὴν
1302 1707 1461 1779 ἤχθη,
1478 1708 1572 1761 καὶ⁵
1593 1707 1669 1771 ὡς
1691 1709 1860 1779 άμνδς

288 1801 457 1853 ἐναντι
486 1799 585 1853 τοῦ
626 1800 901 1873 κείροντος
942 1800 1173 1871 ἄφωνος,
1212 1797 1382 1862 οὕτως
1424 1799 1524 1852 οὐκ
1563 1799 1768 1868 ἀνοίγει
1797 1799 1860 1852 τὸ

1969 605 2121 660 Talia
2153 604 2222 660 de
2246 603 2453 659 Christi
2483 600 2628 673 apud
2657 600 2906 655 homines
2937 597 3149 668 origine
3178 594 3389 665 antiqui
3422 593 3523 649 He-

1964 698 2239 754 braeorum
2283 695 2561 768 prOphetar
2605 693 3025 748 meditabantur.
3071 687 3330 758 Nunquid
3365 687 3525 757 igitur

1965 790 2233 844 illustrem
2268 787 2555 859 quemdam
2587 785 2886 856 principem
2908 822 2925 847 ,
2961 789 3055 836 aut
3080 791 3369 853 tyrannum
3391 818 3406 841 ,
3435 784 3525 831 aut
3573 840 3579 847 γ

1963 880 2169 952 alioqui
2218 896 2389 935 unum
2437 893 2661 940 eorum,
2715 875 2810 945 qui
2859 874 3153 943 plurimum
3203 878 3431 941 possunt
3472 871 3527 923 in

1961 973 2111 1037 vita,
2158 986 2284 1027 eum
2329 970 2397 1025 de
2438 983 2548 1039 quo
2591 967 2965 1022 vaticinantur
3009 962 3370 1018 describunt?
3416 975 3527 1014 non

1964 1071 2145 1135 potest
2171 1062 2317 1117 diei:
2350 1063 2608 1131 quoniam
2642 1072 2712 1113 ne
2754 1053 3007 1126 apparuit
3043 1051 3265 1123 quidem
3311 1047 3523 1119 aliquid

1962 1157 2089 1211 tale.
2113 1154 2220 1211 Sed
2248 1154 2427 1225 qualis
2454 1154 2571 1225 ipse
2597 1150 2749 1205 visus
2773 1156 2858 1204 est
2882 1148 2993 1202 vita
3013 1188 3029 1212 ,
3056 1144 3218 1199 talem
3243 1143 3374 1197 item
3401 1155 3530 1195 eum

1964 1247 2081 1304 fore
2112 1246 2466 1311 cecinerunt,
2498 1244 2602 1299 hac
2636 1242 2826 1311 utique
2855 1240 2909 1293 in
2954 1253 3014 1292 re
3052 1236 3190 1290 nihil
3230 1247 3261 1287 a
3301 1232 3530 1287 veritate

1964 1341 2305 1395 aberrantes.
2348 1336 2644 1407 Postquam
2669 1349 2799 1404 ergo
2826 1331 2995 1386 lsaias
3034 1330 3170 1385 dixit
3201 1346 3214 1381 :
3250 1345 3268 1378 ι
3296 1327 3530 1380 Annun-

1960 1431 2219 1487 tiavimus
2261 1444 2445 1485 coram
2487 1442 2590 1490 eo,
2629 1424 2788 1496 quasi
2832 1421 3129 1493 puerulus,
3172 1417 3334 1488 quasi
3375 1414 3529 1471 radix

1961 1523 2018 1579 in
2062 1532 2207 1578 terra
2255 1520 2466 1578 sitienti
2505 1519 2572 1585 “,
2607 1538 2627 1572 ι
2657 1518 2917 1586 deinceps
2962 1512 3248 1583 adjungit,
3299 1509 3525 1564 dicens:

1968 1634 1988 1667 ι
2015 1615 2135 1670 Non
2180 1628 2267 1671 εει
2312 1614 2523 1684 species
2569 1611 2654 1678 ei,
2706 1625 2884 1681 neque
2924 1607 3143 1679 gloria:
3184 1612 3239 1659 et
3282 1602 3526 1657 vidimus

1961 1723 2084 1764 eum
2102 1747 2116 1771 ,
2140 1714 2196 1762 et
2226 1721 2334 1761 non
2363 1705 2554 1760 habuit
2577 1703 2809 1776 speciem
2835 1715 3011 1770 neque
3033 1693 3523 1768 pulchritudinem:

1962 1804 2019 1852 et
2048 1796 2154 1850 fuit
2182 1795 2393 1865 species
2424 1794 2546 1864 ejus
2581 1793 2702 1849 sine
2728 1792 2939 1845 honore
2968 1786 3230 1842 deﬁciens
3258 1798 3369 1854 prae
3402 1782 3526 1836 [iliis

287 1889 482 1959 στόμα’
536 1889 641 1961 τὴν
676 1890 871 1959 γενεάν
921 1887 1086 1941 αὑτοῦ
1130 1887 1215 1950 τίς
1264 1886 1611 1958 διηγήσεται;
1654 1885 1737 1938 ὅτι
1778 1884 1858 1938 αῖ-

1964 1889 2268 1943 bominum.
2296 1886 2473 1941 Homo
2494 1899 2616 1940 eum
2643 1884 2797 1954 plaga
2825 1888 3005 1944 esset,
3032 1878 3214 1934 sciens
3241 1875 3383 1931 ferre
3410 1875 3529 1927 lan-

290 1997 430 2052 ρεται
483 1981 597 2034 am
640 1982 741 2052 τῆς
778 1980 883 2052 γῆς
933 1982 967 2051 ἡ
1003 1978 1117 2050 ζωὴ
1148 1976 1344 2033 αὐτοῦ·
1389 1996 1408 2029 ι
1436 1976 1529 2030 καὶ
1578 1976 1646 2030 τά
1677 1975 1857 2030 λοιπά.

290 2071 540 2141 Σημαίνει
601 2072 661 2125 δὲ
716 2071 805 2125 διὰ
875 2070 1116 2132 τούτων,
1178 2070 1255 2133 ὡς
1323 2068 1432 2140 άρα
1490 2070 1520 2122 ὁ
1583 2069 1857 2141 Χριστὸς,

287 2159 434 2224 ἐκτὸς
510 2162 700 2233 πάσης
764 2162 1023 2234 ὑπάρχων
1088 2160 1497 2233 πλημμελείας,
1557 2160 1657 2223 τὰς
1721 2162 1860 2234 ὑπὲρ

286 2252 582 2325 ἀνθρώπων
651 2255 927 2326 ἁμαρτίας
989 2258 1071 2319 είς
1131 2255 1320 2307 ἐαυτὸν
1378 2253 1713 2318 άναδὲξεται.
1771 2254 1861 2307 Διὸ

288 2347 373 2399 καὶ
450 2345 710 2400 πείσεται
778 2345 847 2399 τὰ
920 2346 1027 2400 τῶν
1104 2343 1500 2417 ἡμαρτηκότων
1564 2344 1661 2398 καὶ
1721 2344 1860 2417 ὑπὲρ

287 2436 432 2505 ἡμῶν
461 2436 877 2508 όδυνηθήσεται,
904 2436 1016 2490 ἀλλ’
1045 2437 1143 2507 οὐχ
1165 2436 1306 2508 ὑπὲρ
1339 2434 1553 2489 ἐαυτοῦ.
1589 2436 1652 2488 Εἰ
1683 2434 1741 2488 δὲ
1767 2436 1861 2489 καὶ

286 2528 818 2599 τραυματισθήσεται
870 2528 1049 2597 λόγοις
1084 2527 1442 2599 βλασφήμοις,
1468 2527 1562 2581 καὶ
1591 2526 1737 2580 τοῦτ’
1768 2525 1858 2599 ἐρ-

287 2635 375 2687 γον
403 2619 555 2672 ἐσται
581 2618 693 2673 τῶν
720 2619 1002 2691 ἡμετέρων
1032 2618 1315 2691 ἁμαρτιῶν
1339 2635 1353 2648 ·
1385 2618 1507 2671 ἐπεὶ
1550 2618 1647 2671 καὶ
1680 2636 1859 2690 μεμα-

287 2710 529 2763 λάκισται
552 2709 649 2764 διά
668 2710 767 2774 τὰς
789 2709 1064 2781 ἁμαρτίας
1097 2709 1274 2781 ἡμῶν,
1312 2710 1461 2773 ὅπως
1492 2711 1676 2781 ἡμεῖς,
1710 2711 1857 2764 ἀνει-

288 2800 503 2872 λητότος
556 2800 726 2855 αὐτοῦ
766 2800 834 2855 τά
878 2802 1124 2874 ἡμέτερα
1152 2802 1571 2873 άμπλακήματα
1597 2843 1612 2863 ,
1653 2802 1745 2855 καὶ
1790 2800 1859 2855 τά

285 2891 379 2963 τῆς
396 2894 673 2966 ἡμετέρας
717 2896 915 2956 κακίας
961 2893 1272 2965 τραύματα,
1314 2894 1393 2965 τῷ
1432 2892 1657 2965 μώλωπι
1692 2893 1856 2947 αὐτοῦ

292 2983 535 3056 ιαθῶμεν.
569 2986 686 3039 Kal.
725 2984 794 3038 τά
830 2984 932 3056 μὲν
962 2985 1111 3039 αἴτια
1138 2980 1213 3038 ὧν
1252 2986 1380 3057 παρ“
1409 2984 1714 3057 ἀνθρώποις
1739 2984 1859 3038 πεί-

291 3091 431 3128 σεται
457 3078 486 3130 ό
519 3078 930 3149 ἀναμάρτητος,
955 3076 1128 3131 ταῦτα
1151 3074 1238 3148 ἦν.
1272 3077 1538 3132 Ἰουδαίων
1557 3077 1616 3132 δέ
1633 3079 1740 3132 τῶν
1765 3078 1856 3132 τὸν

1962 1995 2184 2050 guorem
2226 1984 2577 2045 contemptus
2620 1983 2738 2040 est,
2785 1982 2839 2028 et
2872 1988 2982 2026 non
3015 1973 3371 2039 computatus
3401 1965 3469 2020 “.
3500 1982 3520 2015 ι

1960 2072 2101 2138 Quid
2147 2069 2215 2125 ad
2255 2070 2369 2125 haec
2409 2069 2575 2139 igitur
2617 2064 2915 2137 superest?
2951 2061 3085 2116 Nam
3129 2076 3254 2116 cum
3298 2059 3443 2113 illius
3473 2065 3530 2111 et

1962 2168 2161 2221 tribum
2182 2206 2197 2229 ,
2227 2173 2280 2220 et
2310 2180 2511 2235 genus,
2536 2171 2590 2218 et
2619 2162 2840 2216 modum
2868 2158 3130 2215 nascendi
3158 2198 3173 2221 ,
3200 2165 3254 2212 et
3285 2155 3524 2226 Virginis

1961 2258 2288 2313 miraculum
2309 2296 2324 2321 ,
2354 2262 2409 2311 et
2443 2256 2569 2310 vitae
2598 2268 2807 2308 morem
2853 2251 3236 2323 praedixerint,
3278 2249 3529 2319 sequitur

1961 2348 2219 2418 deinceps
2245 2386 2261 2411 ,
2296 2354 2358 2401 ut
2387 2362 2456 2402 ne
2484 2352 2716 2400 mortem
2745 2343 2967 2415 quidem
3004 2340 3123 2411 ejus
3140 2341 3288 2396 taciti
3311 2349 3533 2412 praeter-

1958 2438 2141 2493 ierint.
2181 2437 2288 2495 Sed
2335 2438 2464 2508 quid
2492 2436 2709 2492 tandem
2737 2436 2889 2489 canit
2913 2436 3076 2490 etiam
3098 2433 3165 2489 de
3191 2433 3293 2488 hac
3322 2430 3529 2486 Isaias?

1965 2551 1984 2583 ι
2015 2531 2188 2587 Homo
2210 2572 2224 2596 ,
2257 2532 2472 2602 inquit,
2504 2546 2628 2585 cum
2660 2531 2716 2583 in
2746 2529 2904 2599 plaga
2932 2534 3112 2591 esset,
3158 2527 3338 2582 sciens
3388 2525 3530 2579 ferre

1959 2624 2274 2695 languorem
2296 2663 2311 2687 ,
2355 2631 2697 2693 contemptus
2721 2630 2804 2677 est
2827 2632 2879 2677 et
2901 2635 3011 2674 non
3032 2624 3377 2688 computatns
3403 2634 3417 2671 :
3439 2616 3529 2671 hic

1959 2726 2181 2789 peccata
2212 2723 2398 2772 nostra
2431 2716 2571 2781 fert,
2616 2722 2670 2771 et
2711 2731 2809 2785 pro
2843 2714 2998 2768 nobis
3025 2717 3111 2767 est
3135 2712 3191 2765 in
3225 2708 3443 2770 dolore,
3475 2714 3532 2763 et

1959 2825 2060 2865 nos
2086 2808 2521 2865 existimavimus
2550 2823 2674 2864 eum
2703 2822 2825 2863 esse
2851 2808 2905 2860 in
2935 2805 3121 2859 labore
3147 2843 3162 2867 ,
3186 2809 3241 2857 et
3264 2802 3318 2856 in
3349 2802 3519 2872 plaga.

1956 2909 2013 2957 et
2049 2901 2103 2954 in
2136 2899 2425 2954 aﬂlictione
2450 2916 2463 2952 :
2493 2899 2608 2967 ipse
2634 2905 2816 2952 autem
2847 2897 3169 2950 vulneratus
3195 2898 3280 2948 est
3310 2900 3531 2963 propter

1956 3000 2184 3063 peccata
2208 2997 2396 3045 nostra
2414 3029 2429 3054 ,
2454 2997 2511 3045 et
2537 2989 2844 3044 infirmatus
2864 2996 2946 3041 est
2970 2994 3192 3056 prOpter
3213 2983 3531 3054 iniquitates

1956 3090 2197 3139 nostras.
2216 3081 2476 3136 Doctrina
2494 3080 2647 3152 pacis
2662 3086 2864 3134 nostra:
2882 3093 3048 3147 super
3062 3090 3209 3139 eum,
3230 3075 3400 3129 livore
3411 3073 3532 3142 ejus

290 3168 501 3224 θάνατον
536 3170 691 3242 αὐτῷ
728 3172 1220 3243 συσκευασαμένων
1260 3172 1382 3225 οὐδὲ
1438 3172 1791 3244 ὑπειδόμενος
1827 3176 1856 3228 ό

1961 3190 2062 3230 nos
2089 3173 2267 3229 sanati
2293 3187 2505 3228 sumus.
2532 3169 2736 3225 Omnes
2762 3179 3020 3238 tanquam
3045 3181 3175 3221 oves
3200 3165 3527 3224 erravimus,

291 3257 580 3329 θαυμάσιος
609 3262 911 3332 προφήτης,
936 3261 1231 3332 διαρρήδην
1256 3261 1566 3332 ἀπελέγχει,
1587 3263 1680 3317 καὶ
1704 3263 1860 3318 τοῦτο

291 3357 536 3423 ἀντικρυς
601 3352 929 3423 σχετλιάζων
973 3352 1069 3406 καὶ
1103 3351 1306 3420 λέγων·
1349 3372 1367 3404 ι
1412 3354 1544 3407 Ἀπὸ
1580 3354 1692 3407 τῶν
1736 3356 1861 3409 ἀνο-

296 3442 420 3510 μιῶν
448 3442 545 3496 τοῦ
605 3441 737 3496 λαοῦ
767 3460 867 3514 μου
920 3441 1059 3513 ἢχθη
1110 3443 1189 3505 εἰς
1224 3442 1472 3497 θάνατον.
1522 3464 1541 3496 ι
1584 3442 1697 3499 Εἶτ’
1738 3445 1861 3499 ἐπεὶ

294 3535 645 3607 παραχρῆμα,
677 3536 772 3589 καὶ
803 3536 902 3588 οὐκ
929 3536 1009 3598 εἰς
1043 3535 1258 3606 μακρὰν
1284 3536 1423 3607 μετὰ
1451 3538 1551 3609 τὴν
1589 3538 1729 3591 κατὰ
1762 3536 1858 3591 τοῦ

293 3624 515 3695 Χριστοῦ
543 3626 751 3697 τόλμαν
772 3629 800 3680 ό
826 3626 1096 3698 παντελὴς
1126 3628 1324 3691 αὐτοὺς
1349 3629 1612 3699 μετῆλθεν
1639 3629 1861 3700 ὄλεθρος

294 3717 738 3788 πολιορκηθέντας
810 3719 914 3772 ὑπὸ
963 3720 1245 3791 Ῥωμαίων
1269 3761 1284 3784 ,
1331 3722 1452 3774 οὐδὲ
1498 3721 1655 3775 τοῦτο
1696 3740 1860 3795 παρι-

290 3805 404 3873 δὼν,
421 3809 666 3878 ἐπιλέγει
684 3826 699 3839 ·
723 3828 742 3859 ι
766 3811 875 3863 Kal
900 3808 1056 3863 δώσω
1073 3812 1202 3873 τοὺς
1213 3812 1482 3883 πονηροὺς
1502 3813 1622 3866 ἀντὶ
1642 3812 1742 3883 τῆς
1763 3830 1858 3869 τα-

293 3900 387 3970 φῆς
410 3900 598 3965 αὐτοῦ,
642 3901 737 3954 καὶ
755 3902 881 3965 τοὺς
914 3901 1202 3964 πλουσίους
1216 3904 1338 3956 ἀντὶ
1364 3902 1593 3958 θανάτου
1617 3904 1804 3958 αὐτοῦ.
1832 3925 1852 3957 ι

297 3991 479 4063 Ἤρκει
526 3993 628 4063 μὲν
682 3988 775 4046 οὖν
805 3994 898 4047 ἐπὶ
955 3994 1164 4059 τούτοις
1186 3995 1487 4067 ἐπιγράψαι
1519 3998 1618 4068 τὴν
1646 4014 1859 4070 προφη-

292 4082 448 4147 τείαν,
477 4086 529 4137 εἰ
563 4084 726 4156 μηδέν
747 4101 800 4137 τι
850 4084 1010 4140 πλέον
1042 4085 1261 4140 ἔσεσθαι
1295 4087 1434 4158 μετὰ
1463 4088 1561 4158 τὴν
1597 4088 1692 4142 τοῦ
1726 4091 1859 4160 Χρι-

295 4176 406 4230 στοῦ
436 4177 696 4249 τελευτὴν
730 4177 907 4249 ἐώρα·
939 4181 1063 4232 ἐπεὶ
1098 4180 1154 4232 δὲ
1178 4180 1302 4234 ὅσον
1322 4180 1474 4234 οῦπω
1503 4180 1694 4253 ἔμελλε
1723 4183 1861 4255 μετά

292 4264 379 4337 τξν
427 4268 705 4340 τελευτὴν,
755 4270 789 4339 ἢ
828 4270 963 4341 μετὰ
1014 4271 1112 4341 τὴν
1148 4271 1329 4343 ταφὴν
1378 4272 1717 4328 παλινοστεῖν
1764 4275 1859 4329 καὶ

293 4358 557 4425 ἀναϐιοῦν,
599 4360 681 4414 ἐτι
735 4362 864 4432 περὶ
923 4361 1089 4414 αὐτοῦ
1125 4362 1422 4417 καὶταῦτα
1479 4364 1855 4437 προστίθησιν,

294 4447 408 4518 ἐξῆς
447 4450 749 4520 ἐπιλέγωνο
789 4470 807 4501 ι
859 4453 969 4505 Kal
1026 4452 1229 4524 Κύριος
1279 4452 1526 4523 βούλεται
1564 4454 1857 4527 καθαρίσαι

1960 3274 2015 3321 et
2032 3265 2297 3320 Dominus
2312 3262 2537 3318 tradidit
2552 3277 2677 3317 eum
2692 3261 2928 3332 peccatis
2943 3259 3150 3314 nostris
3169 3277 3183 3311 :
3200 3268 3253 3313 et
3269 3258 3387 3327 ipse
3407 3269 3532 3311 eum

1960 3364 2271 3419 vexaretur.
2300 3371 2408 3410 non
2432 3355 2709 3426 aperiebat
2730 3368 2792 3409 os
2814 3368 2996 3408 suum.
3024 3349 3192 3417 Quasi
3213 3350 3331 3404 ovis
3351 3347 3418 3402 ad
3439 3364 3532 3404 oe.

1961 3447 2227 3503 cisionem
2255 3445 2456 3500 ductus
2477 3451 2583 3507 est,
2609 3452 2663 3499 et
2689 3444 2834 3499 sicut
2854 3456 3030 3513 agnus
3054 3454 3240 3495 coram
3271 3440 3533 3494 tondente

1959 3554 2070 3593 non
2103 3537 2317 3608 aperuit
2343 3536 2868 3607 os:generationem
2905 3533 3027 3603 ejus
3058 3532 3184 3602 quis
3216 3532 3537 3586 enarrabit?

1961 3632 2218 3701 quoniam
2252 3630 2464 3684 tollitur
2503 3629 2571 3684 de
2605 3636 2749 3683 terra
2789 3628 2901 3681 vita
2929 3625 3050 3695 ejus
3078 3625 3144 3692 ",
3180 3645 3198 3678 ι
3225 3634 3279 3680 et
3302 3625 3531 3695 reliqua.

1960 3721 2094 3775 Nam
2135 3722 2222 3775 bis
2244 3721 2425 3776 verbis
2470 3719 2740 3790 signiﬁcat
2765 3717 3041 3773 Christum
3070 3717 3246 3786 ipsum
3275 3716 3494 3786 quidem
3519 3757 3535 3782 ,

1959 3814 2210 3885 quamvis
2226 3812 2295 3866 ab
2309 3813 2456 3867 omni
2472 3819 2696 3882 peccato
2715 3811 2976 3875 alienum,
2999 3817 3180 3864 tamen
3200 3817 3421 3879 peccata
3438 3806 3539 3863 bo-

1961 3904 2167 3957 minum
2185 3918 2285 3974 pro
2307 3902 2443 3973 ipsis
2467 3901 2782 3957 hominibus
2798 3901 2854 3955 in
2872 3901 3110 3971 seipsum
3127 3906 3533 3969 suscepturum.

1959 3994 2072 4065 99
2099 3994 2369 4060 Quocirca
2396 3994 2560 4049 etiam
2591 4009 2654 4048 ea
2685 3993 2943 4065 patietur,
2974 4008 3097 4064 qua:
3138 3995 3229 4063 qui
3277 4006 3537 4062 peccave-

1960 4088 2074 4141 rint
2101 4086 2215 4155 pati
2245 4085 2443 4150 solent,
2474 4092 2528 4140 et
2572 4099 2672 4155 pro
2719 4084 2880 4140 nobis
2931 4083 3159 4146 dolebit,
3206 4098 3315 4137 non
3355 4094 3535 4138 autem

1962 4194 2061 4250 pro
2089 4179 2292 4249 seipso.
2321 4176 2476 4244 Quod
2505 4178 2553 4233 si
2580 4177 2961 4233 vulnerabitur
2978 4185 3034 4232 et
3054 4175 3234 4232 verbis
3254 4175 3538 4246 probrosis

1964 4274 2226 4339 ferietur,
2278 4270 2383 4326 hoc
2425 4270 2556 4325 item
2609 4278 2923 4324 nostrorum
2970 4275 3315 4338 peccatorum
3370 4284 3537 4325 causa

1963 4368 2056 4421 ﬁet
2085 4384 2098 4421 :
2132 4378 2258 4419 nam
2291 4362 2542 4416 intirmus
2571 4375 2790 4431 quoque
2819 4358 2999 4417 factus
3040 4369 3124 4415 est
3154 4369 3375 4431 prepter
3412 4376 3540 4431 pee-

1965 4467 2088 4514 cata
2115 4467 2325 4517 nostra,
2353 4463 2414 4508 ut
2456 4468 2560 4508 nos
2582 4451 2857 4516 videlicet,
2887 4466 3012 4505 cum
3060 4451 3152 4506 ille
3189 4452 3386 4508 delicta
3441 4469 3540 4508 no-

293 4540 437 4595 αὐτὸν
465 4543 563 4612 τῆς
587 4543 821 4614 πληγῆς.
863 4543 986 4597 Ἐὰν
1006 4543 1142 4597 δῶτε
1175 4546 1301 4616 περὶ
1328 4546 1620 4617 ἁμαρτίας,
1652 4549 1685 4619 ἠ
1709 4548 1854 4620 ψυχὴ

1963 4556 2099 4614 stra,
2132 4556 2441 4616 nostraeque
2485 4544 2707 4599 malitia:
2740 4543 2968 4598 vulnera
3003 4542 3385 4616 assumpserit,
3418 4544 3540 4613 ejus

293 4632 430 4704 ὑμῶν
461 4636 651 4706 ὄψεται
686 4637 905 4707 σπέρμα
955 4635 1249 4708 μακρόϐιον
1271 4656 1284 4667 ’
1331 4641 1424 4692 καὶ
1456 4639 1704 4710 βούλεται
1740 4641 1855 4696 Kb-

298 4737 395 4791 ριος
422 4725 642 4794 ἀφελεῖν
670 4726 778 4779 άπὸ
804 4726 899 4779 τοῦ
932 4727 1093 4780 πόνου
1113 4728 1216 4798 τῆς
1249 4728 1430 4799 ψυχῆς
1460 4731 1646 4797 αὑτοῦ,
1679 4732 1851 4801 δεῖξαι

293 4814 424 4887 «aeq,
452 4816 588 4886 φῶς.
626 4836 645 4868 ι
688 4816 981 4890 Ἀνὼτερον
1004 4818 1193 4882 εἰπὼν,
1221 4839 1239 4870 ι
1267 4820 1551 4893 ἄνθρωπος
1583 4825 1642 4877 ἐν
1671 4824 1853 4898 πληγῇ

295 4906 377 4972 ὢν,
415 4911 509 4962 καὶ
544 4908 701 4973 εἰδὼς
735 4911 920 4983 φέρειν
972 4911 1242 4982 μαλακίαν
1286 4931 1304 4965 ι
1338 4912 1436 4967 νῦν
1470 4914 1608 4985 μετὰ
1642 4918 1733 4970 τὸν
1760 4916 1856 4971 θά-

293 5016 432 5055 νατον
466 5003 632 5057 αὐτοῦ
663 5004 759 5056 καὶ
787 5004 887 5076 τὴν
917 5003 1114 5076 ταφὴν,
1150 5023 1169 5056 ι
1198 5005 1421 5079 Κύριος,
1448 5027 1465 5059 ι
1494 5010 1648 5080 φησὶ,
1686 5028 1705 5060 ι
1731 5008 1856 5080 βού-

294 5094 429 5148 λεται
462 5095 756 5166 καθαρίσαι
773 5095 934 5149 αὑτὸν
955 5096 1053 5167 τῆς
1082 5096 1315 5168 πληγῆς.
1343 5117 1361 5150 ι
1389 5100 1497 5152 Καὶ
1520 5100 1636 5165 πῶς
1657 5101 1809 5156 ἔσται
1833 5120 1850 5168 ;

301 5203 318 5232 ο
348 5186 468 5240 Ἐάν
491 5186 649 5250 δῶτε,
690 5206 709 5238 ι
738 5186 892 5257 φησὶ,
928 5206 947 5238 ι
981 5188 1108 5259 περὶ
1127 5188 1421 5261 ἁμαρτίας,
1464 5191 1497 5260 ἡ
1532 5190 1677 5263 ψυχὴ
1699 5192 1854 5263 ὑμῶν

294 5277 464 5348 ΰψεται
489 5279 709 5351 σπέρμα
740 5280 1034 5352 μακρόϐιον
1053 5298 1069 5312 ο
1115 5300 1133 5333 ι
1158 5281 1219 5335 ob
1252 5283 1383 5335 πᾶσι
1415 5279 1523 5355 γάρ
1555 5285 1762 5353 ἐφεῖται
1793 5285 1854 5338 τὸ

296 5370 574 5443 μακρόϐιον
604 5370 700 5423 τοῦ
749 5370 985 5443 Χριστοῦ
1038 5373 1256 5444 σπέρμα
1296 5373 1545 5437 συνιδεῖν,
1590 5375 1624 5446 ἢ
1675 5375 1857 5446 μόνοις

295 5466 392 5526 τοῖς
410 5462 964 5535 ὲξομολογησαμένοις
1004 5464 1193 5518 καὶτὰ
1227 5463 1377 5535 δῶρα
1402 5465 1470 5519 τά
1504 5466 1642 5538 ὑπὲρ
1674 5468 1855 5538 ἁμαρ-

1966 4642 2136 4697 livore
2162 4653 2421 4695 sanemur
2449 4655 2463 4691 :
2498 4644 2553 4693 et
2581 4651 2771 4691 eorum
2800 4635 3020 4706 quidem
3064 4651 3185 4706 quae
3223 4636 3313 4691 ille
3347 4636 3538 4693 insons

1962 4735 2031 4790 ab
2075 4731 2386 4787 hominibus
2432 4744 2697 4800 passurus
2734 4737 2872 4792 erat,
2923 4727 3006 4783 har.
3049 4729 3269 4784 fuerunt
3316 4743 3535 4786 causae:

1960 4824 2180 4881 Judaeos
2208 4831 2387 4878 autem
2417 4820 2511 4891 qui
2543 4820 2618 4874 illi
2650 4828 2881 4876 mortem
2905 4821 3227 4884 attulerunt,
3262 4835 3533 4892 nusquam

1962 4918 2168 4972 veritus
2230 4917 2487 4985 propheta
2549 4916 2855 4980 mirabilis,
2914 4915 3017 4968 hoc
3077 4912 3257 4982 ipsum
3321 4928 3540 4982 quoque

1963 5007 2247 5078 perspicue
2293 5007 2591 5076 redarguit,
2631 5008 2788 5076 plane
2830 5006 3153 5075 deplorans,
3187 5018 3251 5059 ac
3299 5003 3487 5058 dicens
3521 5021 3534 5056 :

1969 5117 1990 5151 ι
2023 5097 2103 5153 Ex
2146 5097 2527 5169 iniquitatibus
2571 5099 2753 5169 populi
2783 5097 2886 5152 mei
2930 5097 3127 5152 ductus
3160 5103 3244 5150 est
3283 5094 3348 5149 ad
3382 5109 3533 5149 mor-

1960 5188 2156 5245 tem“.
2203 5207 2223 5240 ι
2274 5187 2479 5243 Deinde
2526 5202 2678 5253 vero,
2713 5188 2972 5258 quoniam
3028 5190 3161 5254 cito,
3216 5206 3394 5259 neque
3459 5194 3532 5247 ita

1964 5280 2137 5335 multo
2164 5286 2288 5350 post
2327 5278 2570 5333 nefarios
2610 5279 2874 5335 adversus
2898 5279 3178 5336 Christum
3222 5298 3411 5348 ausus,
3438 5301 3534 5343 ex-

1961 5380 2170 5429 tremus
2201 5372 2267 5426 ad
2298 5372 2421 5427 illos
2452 5387 2517 5427 ex
2561 5371 2848 5428 obsidione
2880 5370 3251 5429 Romanorum
3278 5375 3539 5433 interitus

1960 5471 2080 5520 erat
2105 5470 2391 5528 venturus,
2418 5479 2487 5518 ne
2514 5460 2618 5517 hoc
2646 5460 2864 5531 quidem
2896 5466 3138 5534 praeterit
3166 5466 3403 5533 silentio,
3439 5469 3535 5523 sed

298 5556 410 5609 τιῶν
433 5556 768 5629 προσάγουσι
786 5555 866 5626 τῷ
896 5554 1052 5626 Θεῷ.’
1069 5556 1263 5610 Μόνων
1288 5557 1393 5630 γάρ
1423 5557 1625 5612 τούτων
1650 5559 1683 5629 ἡ
1708 5557 1854 5630 ψυχὴ

1961 5554 2234 5627 adjungit:
2262 5573 2280 5605 ι
2303 5553 2369 5608 Et
2389 5553 2530 5609 dabo
2550 5554 2847 5610 sceleratos
2868 5571 2966 5626 pro
2992 5559 3272 5627 sepultura
3300 5558 3423 5631 ejus
3444 5597 3461 5623 ,
3486 5570 3536 5614 et

297 5645 466 5718 ἇᾷεται
517 5648 738 5721 σπέρμα
787 5647 1081 5721 μακρόϐιον
1117 5648 1177 5701 τὸ
1209 5648 1298 5702 τοῦ
1327 5648 1583 5722 Χριστοῦ,
1611 5651 1729 5722 ἢτοι
1756 5651 1854 5722 τὴν

1961 5647 2156 5704 divites
2185 5661 2284 5717 pro
2317 5654 2492 5701 morte
2522 5645 2644 5716 ejus
2663 5646 2708 5679 δ’
2741 5666 2754 5702 :
2798 5666 2818 5701 ι
2846 5655 2899 5703 et
2940 5656 3151 5719 poterat
3181 5650 3399 5720 quidem
3442 5650 3528 5706 bis

354 5828 513 5883 “lsa.
553 5843 646 5888 vn.
673 5825 756 5881 14.
836 5828 880 5860 ³⁸
913 5825 1019 5884 lsa.
1049 5844 1171 5891 LIII,
1196 5829 1250 5886 2.
1330 5830 1532 5888 “ibid.
1588 5832 1706 5889 “2.4.
1784 5830 1858 5882 ⁸τὶ

1961 5844 1981 5881 ’.
2016 5828 2126 5883 ι-ὃ.
2204 5826 2249 5857 ⁸⁸
2302 5826 2432 5882 ibid.
2463 5828 2515 5882 8.
2594 5827 2636 5858 δ’
2661 5827 2791 5882 ibid.
2818 5828 2871 5883 9.
