4158 6418
565 353 671 410 135

1230 349 1502 409 EUSEBll
1537 348 2014 407 οΑῑδΑιιιΕΝδιε
2050 349 2122 407 Οῐ

2245 349 2426 408 PARS
2462 351 2528 407 ll.
2568 381 2639 394 -—
2672 349 3171 410 APOLOGETICA.

3689 356 3790 413 181

561 463 902 539 prophetiam
941 460 1267 531 terminare,
1313 466 1361 520 si
1407 465 1542 521 nihil
1586 464 1821 535 amplius
1875 464 2119 520 futurum

2222 462 2436 518 αἰώνιον
2493 463 2864 536 ζωὴν,αὐτοῦ,
2894 468 2994 540 τὴν
3032 466 3169 539 μετὰ
3204 467 3296 521 τὸν
3343 470 3588 535 θάνατον,
3629 471 3664 542 ἢ
3699 473 3790 525 τὸν

564 567 688 629 post
714 557 917 613 Christi
969 565 1201 613 mortem
1250 557 1499 624 vidisset,
1541 558 1635 615 sed
1665 558 1944 629 quoniam,
1974 557 2125 613 brevi

564 664 718 704 tnora
755 648 1064 718 interjecta,
1095 657 1215 705 erat
1249 665 1281 706 a
1316 658 1493 707 morte
1521 651 1635 706 sive
1661 664 1692 703 a
1729 648 2012 720 sepultura
2038 663 2124 704 re-

560 742 915 811 migraturus,
950 747 1115 811 atque
1169 741 1226 796 in
1277 742 1445 797 vitam
1502 741 1893 804 restituendus,
1925 739 1993 795 de
2022 739 2125 793 hac

559 846 778 900 quoque
809 846 870 886 re
911 831 1170 902 deinceps
1223 831 1339 886 haec
1397 831 1566 897 addit,
1608 830 1689 887 sic
1723 831 1911 887 dicens
1947 847 1961 883 :
2003 846 2023 880 ‹
2058 826 2126 881 Et

559 919 823 976 Dominus
862 923 977 977 vult
1014 937 1245 993 purgare
1276 938 1399 978 eum
1443 937 1472 976 a
1503 924 1656 993 plaga
1696 922 1744 977 si
1776 922 2029 986 traditus,
2054 921 2126 975 sit

560 1029 658 1083 pro
677 1021 921 1084 peccato.
946 1014 1137 1069 Anima
1149 1022 1332 1071 vestra
1353 1015 1556 1070 videbit
1575 1030 1759 1071 semen
1782 1015 2081 1085 long-.evum
2106 1031 2120 1068 :

559 1113 614 1161 et
644 1105 761 1159 vult
812 1104 1074 1162 Dominus
1106 1105 1325 1163 auferre
1375 1106 1613 1161 alabore
1661 1105 1859 1161 animae
1894 1104 2036 1176 ejus,
2067 1113 2125 1159 ut

561 1197 816 1252 ostendat
846 1198 895 1253 ei
928 1198 1189 1253 lucem".
1215 1216 1234 1251 ι
1268 1195 1371 1265 Qui
1402 1197 1652 1267 superius
1680 1196 1818 1251 dixit
1855 1214 1911 1251 τι
1951 1194 2124 1251 Homo

567 1289 622 1344 in
653 1288 808 1361 plaga
841 1292 1196 1355 constitutus,
1234 1311 1252 1343 ο
1287 1299 1341 1347 et
1367 1309 1385 1341 ι
1421 1291 1514 1360 qui
1538 1288 1689 1345 novit
1719 1286 1862 1343 ferre
1896 1288 2126 1360 languo-

560 1394 698 1442 retn,
757 1399 776 1431 ι
825 1395 973 1434 nunc
1016 1388 1136 1451 post
1178 1388 1406 1436 mortem
1466 1380 1586 1449 ejus
1646 1387 1701 1436 et
1744 1380 2118 1450 sepulturam:

567 1485 587 1520 ι
614 1467 899 1533 Dominus,
931 1470 1129 1540 inquit,
1170 1469 1284 1524 vult
1306 1484 1541 1540 purgare
1567 1484 1692 1524 eum
1722 1482 1753 1523 a
1784 1469 1964 1539 plaga,
2008 1486 2026 1521 ι
2067 1475 2123 1525 et

563 1559 659 1627 qui
695 1556 799 1612 hoc
835 1558 960 1612 lict?
1004 1577 1022 1610 ι
1062 1558 1108 1614 si
1133 1558 1388 1622 traditus,
1419 1558 1619 1629 inquit,
1650 1558 1815 1614 fuerit
1858 1574 1957 1630 pro
1994 1573 2122 1629 pec-

557 1655 702 1713 cato,
752 1648 935 1703 anima
979 1656 1159 1704 vestra
1219 1649 1420 1706 videbit
1470 1665 1655 1707 semen
1717 1651 2059 1721 longaevum;
2095 1669 2114 1702 ι

557 1755 669 1796 non
703 1741 849 1797 enim
876 1742 1131 1798 omnibus
1163 1756 1485 1799 concessum
1516 1750 1602 1799 est
1631 1745 1930 1814 longaevum
1961 1744 2122 1801 Chri-

2226 555 2349 609 καθ’
2383 556 2511 627 ὅλης
2532 556 2633 628 τῆς
2668 545 2989 630 οἰκουμένης
3026 560 3398 631 ὲπισπαρέντα
3433 561 3599 616 αὑτοῦ
3637 563 3792 633 λόγον

2229 649 2523 721 μακρόϐιον
2579 651 2855 723 ἐσόμενον,
2911 653 3004 706 καὶ
3046 655 3126 717 εἰς
3176 653 3236 707 τὸ
3280 654 3367 708 ἀεὶ
3411 654 3786 726 διαρκέσοντα.

2226 739 2395 793 Πάλιν
2447 737 2716 814 ἀνώτερον
2761 740 2951 806 εἰπὼν,
2992 762 3010 793 ι
3047 743 3156 797 Kal
3215 745 3378 815 ἡμεῖς
3428 743 3790 817 ἐλογισάμεθα

2225 833 2384 888 αὑτὸν
2405 828 2541 887 εἶναι
2572 834 2630 887 ἐν
2661 833 2825 904 πόνῳ,
2865 853 2884 886 ι
2908 833 3003 887 νῦν
3041 834 3179 905 μετὰ
3216 835 3314 905 τὴν
3341 837 3554 906 σφαγὴν
3585 838 3790 894 καὶτὸν

2225 923 2450 977 θάνατον
2489 923 2674 985 αὑτοῦ,
2717 923 2878 994 φησίν
2899 940 2912 954 ⁸
2953 942 2972 974 ι
3007 924 3115 976 Kal
3149 923 3392 994 βούλεται
3426 924 3628 996 Κύριος
3657 928 3792 995 ἀφε-

2223 1013 2335 1067 λεῖν
2363 1013 2474 1068 άπὸ
2514 1012 2608 1069 τοῦ
2657 1014 2820 1067 πόνου
2863 1013 2965 1085 τῆς
2994 996 3179 1085 ψυχῆς
3222 1013 3406 1080 αὑτοῦ,
3436 1014 3604 1082 δεῖξαι
3644 1016 3792 1089 αὑτῷ

2223 1103 2357 1174 φῶς.
2393 1123 2411 1155 ι
2454 1105 2605 1158 Ἐπεὶ
2650 1104 2828 1159 τοίνυν
2859 1104 3176 1177 βεϐούληται
3213 1104 3435 1179 Κύριος,
3461 1108 3490 1159 ὁ
3520 1106 3626 1161 τῶν
3653 1108 3790 1163 ὅλων

2222 1193 2352 1259 Θεὸς
2385 1194 2679 1267 καθαρίσαι
2725 1195 2886 1249 αὑτὸν
2911 1195 3011 1267 τῆς
3045 1195 3274 1267 πληγῆς,
3322 1195 3414 1250 καὶ
3448 1197 3617 1262 δεῖξαι
3644 1198 3793 1270 αὑτῷ

2223 1284 2358 1356 φῶς,
2386 1285 2601 1350 πάντως
2631 1303 2733 1339 που
2758 1284 3053 1357 βουληθεὶς,
3072 1287 3327 1358 πράξειεν
3349 1286 3414 1341 ἂν
3435 1287 3463 1341 ὃ
3494 1287 3786 1360 ὴϐουλήθη.

2221 1375 2386 1431 Οὐδὲν
2418 1377 2526 1450 γάρ
2572 1378 2722 1431 ἐστιν
2755 1376 2784 1429 ὃ
2817 1376 2892 1448 μὴ
2925 1376 3131 1445 γίνεται
3173 1371 3248 1432 ὧν
3303 1376 3588 1447 βούλεται·
3638 1378 3795 1431 ἐϐου-

2221 1468 2359 1541 λήθη
2410 1467 2468 1521 δὲ
2520 1465 2814 1538 καθαρίσαι
2870 1466 3031 1521 αὑτὸν
3087 1467 3181 1521 καὶ
3228 1467 3398 1534 δεῖξαι
3445 1467 3596 1539 αὑτῷ
3640 1468 3789 1537 φῶςο

2219 1561 2472 1631 εποίησεν
2515 1561 2622 1632 ἄρα
2655 1557 2828 1613 ταῦτα
2879 1574 2893 1591 ·
2933 1558 3026 1612 καὶ
3046 1558 3346 1632 καθαρίσας
3393 1559 3554 1613 αὑτὸν
3592 1558 3793 1626 ἔδειξεν

2220 1652 2368 1723 αὑτῷ
2401 1651 2535 1722 φῶς.
2571 1651 2678 1705 Kal
2707 1652 2828 1705 ἐπεὶ
2849 1650 3132 1724 ἐϐουλήθη,
3156 1652 3250 1706 xal
3288 1650 3567 1722 βουληθεὶς
3602 1651 3792 1724 ἀφεῖλε

2219 1745 2309 1798 τὸν
2340 1744 2500 1799 πόνον
2542 1743 2642 1813 τῆς
2693 1742 2870 1815 ψυχῆς
2901 1742 3087 1807 αὑτοῦ,
3119 1744 3214 1797 καὶ
3242 1742 3437 1809 ἔδειξεν
3471 1743 3621 1815 αὐτῷ
3651 1744 3790 1815 φῶς,

557 1833 629 1888 sti
664 1847 848 1888 semen
884 1832 1107 1896 intueri,
1133 1833 1230 1888 sed
1270 1834 1337 1888 iis
1364 1836 1497 1891 solis
1528 1835 1622 1908 qui
1652 1836 2036 1903 conﬁteantur,
2064 1845 2119 1893 et

2221 1837 2441 1901 εἰκότως
2468 1839 2497 1891 6
2528 1837 2816 1908 Προφήτης
2844 1835 3217 1898 ὲπισυνάπτει,
3239 1834 3409 1905 λέγων
3428 1853 3441 1867 ο
3475 1855 3493 1888 ι
3520 1838 3618 1891 Διὰ
3631 1837 3794 1893 τοῦτο

558 1939 786 1980 numera
844 1925 1074 1981 offerant
1123 1925 1234 1982 Deo
1282 1943 1380 1997 pro
1429 1929 1684 1999 peccatis.
1741 1929 1947 1985 Horum
1976 1931 2122 1986 enim

557 2016 822 2070 duntaxat
869 2016 1058 2070 anima
1089 2016 1292 2073 videbit
1332 2034 1518 2074 semen
1565 2020 1865 2091 longaevum
1893 2020 2119 2088 Christi,

557 2106 661 2163 hoc
682 2114 784 2171 est,
813 2114 908 2161 aut
940 2115 1198 2163 aeternam
1239 2109 1403 2163 vitam
1433 2110 1553 2179 ejus
1581 2118 1706 2181 post
1742 2120 1995 2177 mortem,
2028 2118 2121 2166 aut

555 2197 804 2268 ejusdem
842 2198 1064 2253 verbum
1092 2214 1193 2271 per
1224 2208 1394 2255 totum
1425 2209 1695 2256 terrarum
1729 2203 1912 2257 orbem
1945 2203 2123 2259 disse-

555 2292 845 2353 minatum,
876 2288 1022 2361 quod
1054 2290 1356 2360 longmvum
1388 2292 1631 2348 futurum
1655 2302 1762 2358 est,
1800 2308 2123 2364 semperque

554 2381 900 2438 duraturum.
955 2381 1192 2448 Rursus,
1226 2385 1320 2455 qui
1378 2386 1630 2456 superius
1686 2386 1896 2442 dixerat
1935 2402 1949 2440 :
1994 2404 2013 2437 ι
2056 2385 2122 2440 Et

555 2487 658 2530 nos
688 2476 999 2544 putavimus
1042 2476 1191 2530 illum
1233 2491 1358 2532 esse
1398 2477 1453 2531 in
1484 2477 1708 2533 labore:
1756 2497 1775 2531 ι
1821 2492 1968 2532 nunc
2002 2487 2124 2547 post

555 2563 758 2621 caedent
811 2574 1151 2639 mortemque
1177 2567 1318 2637 ejus,
1365 2568 1487 2623 ait:
1527 2586 1546 2621 ι
1584 2567 1651 2622 Et
1697 2569 1811 2624 vult
1857 2568 2122 2625 Dominus

553 2656 773 2715 auferre
806 2674 837 2713 a
874 2659 1061 2715 labore
1091 2660 1286 2716 animae
1334 2659 1475 2729 ejus,
1522 2670 1581 2716 ut
1629 2661 1885 2716 ostendat
1933 2662 1985 2716 ei
2033 2663 2119 2715 lu-

554 2762 695 2804 cem.
740 2768 759 2803 »
798 2747 1069 2816 Quoniam
1114 2751 1285 2821 igitur
1339 2750 1660 2807 deliberavit
1717 2749 1997 2813 Dominus,
2027 2751 2118 2824 qui

555 2836 702 2896 Deus
731 2849 814 2895 est
860 2841 1102 2896 universi
1139 2856 1373 2912 purgare
1397 2841 1548 2895 illum
1584 2857 1614 2894 a
1659 2841 1849 2912 plaga,
1883 2840 2040 2912 100
2068 2849 2122 2896 et

552 2932 844 2987 ostendere
865 2932 921 2986 in
953 2933 1130 2987 lucem
1160 2952 1173 2988 :
1208 2934 1520 2990 necessario
1545 2934 1753 3004 utique,
1787 2934 1882 3004 qui
1924 2934 2118 2999 voluit,

2220 1927 2384 1992 αὑτὸς
2427 1927 2823 2000 κληρονομήσει
2868 1926 3116 1991 πολλοὺς,
3159 1926 3388 1981 καὶτῶν
3421 1927 3657 1999 ἰσχυρῶν
3693 1946 3796 2000 με-

2223 2021 2329 2093 ριεί
2361 2018 2552 2073 σκῦλα.
2595 2037 2614 2071 ›
2651 2017 2818 2072 Ἔνθα
2834 2017 3017 2072 λοιπὸν
3041 2018 3141 2091 ήδη
3179 2018 3397 2090 καὶτῆς
3425 2020 3793 2092 κληρονομίας

2220 2109 2314 2164 τοῦ
2345 2108 2580 2181 Χριστοῦ
2604 2108 2964 2180 μέμνηταιτῷ
2977 2108 3211 2181 δευτέρῳ
3237 2108 3542 2180 συμφώνως
3569 2109 3790 2181 ψαλμῷ,

2218 2200 2285 2254 δι’
2305 2194 2365 2253 οὗ
2400 2200 2528 2271 περὶ
2574 2199 2675 2269 τῆς
2703 2198 2990 2271 ἐπιϐουλῆς
3033 2199 3135 2269 τῆς
3173 2200 3292 2256 κατ’
3327 2200 3490 2255 αὑτοῦ
3528 2219 3797 2256 συσκευα-

2222 2290 2442 2362 σθείσης
2472 2289 2733 2360 ὀνομαστὶ
2780 2287 3041 2352 θεσπίσας
3067 2292 3095 2342 6
3122 2288 3279 2358 λόγος
3328 2291 3386 2343 ἐν
3422 2290 3519 2361 τῷ,
3557 2312 3575 2343 ι
3607 2292 3794 2363 Παρέ-

2222 2396 2421 2449 στησαν
2463 2380 2513 2431 οἱ
2559 2377 2798 2449 βασιλεῖς
2850 2379 2947 2450 τῆς
2977 2380 3101 2449 γῆς,
3127 2380 3220 2434 xal
3256 2381 3305 2433 οἰ
3335 2380 3593 2452 ἄρχοντες
3627 2384 3796 2455 συνή-

2219 2469 2423 2541 χθησαν
2461 2471 2553 2523 ἐπὶ
2590 2470 2650 2522 τὸ
2677 2470 2807 2524 αὐτὸ
2850 2470 2988 2525 κατὰ
3027 2470 3122 2524 τοῦ
3153 2472 3358 2544 Κυρίου
3394 2474 3488 2526 καὶ
3529 2472 3667 2527 κατὰ
3693 2473 3789 2528 τοῦ

2220 2559 2457 2633 Χριστοῦ
2487 2560 2672 2626 αὐτοῦ,
2716 2560 2840 2632 ἑξῆς
2874 2561 3144 2631 ὲπιλέγει’
3186 2581 3204 2614 ι
3255 2563 3455 2635 Κύριος
3482 2560 3603 2617 εἷπε
3650 2564 3792 2637 πρὸς

2223 2652 2320 2723 με’
2350 2652 2476 2716 Υἱός
2527 2670 2629 2723 μου
2690 2648 2741 2705 εἰ
2793 2654 2881 2720 σὺ,
2928 2653 3038 2723 ἐγὼ
3085 2656 3321 2729 σήμερον
3356 2656 3656 2729 γεγέννηκά
3692 2674 3786 2711 σε·

2219 2741 2439 2813 αἰτησαι
2458 2744 2587 2816 παρ’
2610 2743 2763 2815 ἐμοῦ,
2785 2747 2880 2799 καὶ
2894 2744 3049 2799 δώσω
3068 2762 3148 2800 σοι
3166 2746 3291 2818 ἔθνη
3309 2733 3404 2818 τὴν
3427 2748 3792 2820 κληρονομίαν

2220 2847 2337 2896 σου,
2370 2834 2464 2886 καὶ
2503 2833 2603 2905 τὴν
2643 2836 2969 2907 κατάσχεσιν
3014 2853 3105 2890 σου
3142 2837 3209 2892 τά
3239 2839 3450 2909 πέρατα
3475 2841 3574 2911 τῆς
3603 2841 3724 2911 γῆς.
3763 2860 3787 2894 ι

2220 2924 2405 2979 Ταῦτα
2436 2925 2481 2980 δ’
2510 2920 2601 2978 οῦν
2622 2925 2689 2979 τὰ
2716 2926 2841 2998 ἔθνη
2863 2928 2958 2981 καὶ
2975 2930 3003 2982 6
3030 2930 3313 3001 προφήτης
3342 2930 3559 3002 ᾐνίξατο
3582 2931 3750 2985 εἰπών
3770 2950 3786 2965 ·

554 3024 609 3082 id
654 3022 809 3078 faciet
847 3024 994 3095 quod
1050 3024 1238 3079 voluit.
1270 3023 1413 3079 Nihil
1457 3024 1604 3079 enim
1632 3031 1717 3080 est
1758 3040 1945 3080 eorum
2000 3041 2121 3096 qua:

2226 3036 2245 3070 ι
2266 3017 2365 3072 Διὰ
2374 3017 2531 3073 τοῦτο
2543 3020 2700 3083 αὑτὸς
2713 3020 3102 3093 κληρονομήσει
3115 3022 3358 3088 πολλούς’
3384 3042 3401 3075 ι
3418 3025 3510 3078 καί
3525 3023 3789 3093 ἐπιλέγειο

554 3116 672 3172 vult
700 3115 846 3186 quod
872 3132 982 3171 non
1016 3116 1109 3170 liat
1144 3133 1159 3172 :
1192 3116 1361 3172 voluit
1390 3125 1570 3172 autem
1600 3132 1830 3188 purgare
1864 3117 2038 3183 illum,
2067 3126 2122 3174 et

2225 3127 2244 3161 ι
2272 3109 2379 3162 Kal
2406 3109 2514 3162 τῶν
2553 3110 2788 3182 ἰσχυρῶν
2839 3114 3017 3183 μεριεῖ
3051 3112 3237 3167 σκῦλα.
3288 3133 3306 3166 ι
3341 3113 3458 3167 Τῶν
3496 3114 3605 3185 γὰρ
3638 3115 3795 3170 δυνάο

553 3208 839 3265 ostendere
868 3207 948 3262 illi
980 3209 1197 3274 lucem;
1225 3207 1353 3265 fecit
1386 3209 1551 3280 igitur
1580 3210 1725 3266 haec:
1755 3217 1809 3265 et
1841 3226 1966 3265 cum
1988 3227 2119 3282 pur-

2223 3220 2366 3275 μεων
2390 3205 2499 3257 τῶν
2533 3204 2943 3276 ἀντικειμένων,
2982 3205 3037 3259 αἲ
3069 3206 3235 3260 πάλαι
3260 3206 3366 3260 τῶν
3393 3206 3561 3259 ὲθνῶν
3595 3203 3788 3279 ἦρχον,

552 3301 765 3372 gaverit
794 3300 970 3365 illum,
994 3299 1233 3356 ostendit
1259 3300 1338 3354 illi
1385 3301 1559 3357 lucem
1586 3318 1600 3357 :
1629 3309 1683 3357 et
1716 3303 1976 3373 quoniam
2023 3318 2120 3358 vo-

2221 3293 2317 3359 τὰς
2347 3294 2688 3367 ὑποχειρίους
2710 3297 3007 3367 ῥυσάμενος
3023 3295 3219 3367 ψυχάς,
3235 3292 3323 3350 οἷα
3348 3296 3409 3369 δή
3437 3314 3558 3351 τινα
3592 3298 3789 3365 σκῦλα,

553 3390 678 3455 luit,
718 3400 772 3447 et
800 3391 990 3449 volens
1015 3391 1243 3447 abstulit
1275 3391 1515 3446 laborem
1547 3392 1616 3446 ab
1650 3391 1832 3447 anima
1865 3391 2033 3459 illius,
2064 3399 2120 3448 et

2221 3389 2328 3451 τοῖς
2346 3385 2564 3450 οἰκείοις
2597 3387 2831 3457 διένειμε
2863 3387 3149 3459 μαθηταῖς.
3183 3389 3277 3442 Διό
3304 3406 3466 3461 φησιν
3500 3392 3528 3443 6
3561 3390 3792 3455 Ἡσαΐας

552 3482 792 3541 ostendit
838 3484 918 3538 illi
966 3484 1141 3538 lucem
1172 3522 1188 3549 ,
1221 3483 1417 3538 merito
1442 3481 1714 3555 Propheta
1761 3482 2033 3555 sequitur,
2066 3491 2122 3539 et

2221 3478 2348 3550 περὶ
2375 3480 2586 3534 αὐτῶν·
2630 3498 2648 3530 ι
2684 3480 2793 3532 Kal
2836 3479 3305 3551 εὐφρανθήσονται
3331 3480 3561 3535 ἐνώπιόν
3602 3498 3696 3534 σου
3727 3482 3791 3536 ὃν

554 3575 677 3632 ait:
716 3592 735 3627 ι
797 3573 1027 3646 Propter
1088 3574 1193 3631 hoc
1231 3574 1348 3645 ipse
1390 3574 1730 3630 hmreditabit
1785 3576 2022 3640 multos,
2065 3582 2121 3630 et

2221 3570 2417 3642 τρόπον
2466 3574 2514 3625 οἱ
2543 3569 2903 3642 διαιρούμενοι
2944 3570 3135 3627 σκῦλα.
3168 3591 3185 3624 t
3222 3572 3332 3624 Kal
3373 3575 3402 3626 6
3446 3572 3746 3643 Ψαλμῳδός
3769 3589 3788 3604 ο

554 3663 777 3721 fortium
833 3663 1039 3719 dividet
1093 3665 1269 3734 spolia
1307 3665 1396 3720 "z
1451 3683 1472 3716 ι
1508 3664 1599 3719 ttbi
1644 3663 1811 3735 (quod
1849 3665 2119 3735 reliquum

2225 3680 2245 3711 ι
2279 3663 2481 3736 Κύριος
2524 3661 2681 3716 δώσει
2724 3662 2874 3733 ῥῆμα
2925 3665 3035 3726 τοῖς
3078 3662 3582 3733 εὑαγγελιζομένοις
3625 3662 3790 3716 δυνά-

556 3753 679 3826 fuit)
710 3753 824 3824 jam
860 3753 1196 3809 hereditatis
1230 3752 1393 3808 etiam
1429 3750 1634 3808 Christi
1666 3753 1997 3809 mentionem
2039 3754 2121 3808 fa-

2224 3770 2315 3823 μει
2345 3752 2545 3824 πολλῇ·
2577 3755 2604 3807 6
2637 3752 2885 3822 βασιλεὺς
2916 3752 3023 3805 τῶν
3049 3752 3326 3823 δυνάμεων
3354 3752 3448 3805 τοῦ
3480 3750 3788 3823 ἀγαπητοῦ,

555 3848 654 3910 cit,
689 3845 765 3900 illi
792 3845 1001 3915 psalmo
1029 3854 1396 3900 consentanea
1427 3843 1637 3908 dicens,
1663 3845 1720 3899 in
1748 3860 1858 3916 quo
1887 3844 1956 3901 de
1985 3845 2120 3901 insi-

2221 3847 2286 3917 τῇ
2316 3845 2606 3917 ὼραιότητι
2636 3843 2728 3898 τοῦ
2771 3845 2919 3899 οἰκου
2960 3845 3229 3900 διελέσθαι
3268 3845 3460 3900 σκῦλα.
3504 3866 3522 3898 ι
3550 3846 3791 3909 Εἰκότως

555 3935 664 3992 diis
692 3937 955 3993 adversus
995 3936 1147 3992 illum
1187 3937 1522 3993 constructis
1560 3937 1883 3993 nominatim
1913 3953 2119 3994 canens

2221 3938 2507 4009 τοιγαροῦν
2556 3940 2649 3993 καὶ
2699 3937 2931 3993 ἐνταῦθα
2982 3940 3111 4011 περὶ
3154 3938 3244 3992 τοῦ
3304 3937 3786 4011 Χριστοῦφησιν·

555 4029 860 4095 oraculum,
907 4028 1001 4084 ubi
1050 4029 1167 4085 ait:
1205 4046 1225 4080 ι
1279 4028 1588 4084 Astiterunt
1635 4044 1790 4100 reges
1842 4038 2020 4091 terrae.
2066 4038 2122 4089 et

2228 4048 2246 4081 ι
2284 4029 2383 4084 Διὰ
2421 4029 2577 4085 τοῦτο
2629 4031 2789 4094 αὐτὸς
2836 4031 3228 4103 κληρονομήσει
3272 4030 3522 4095 πολλοὺς,
3548 4031 3642 4086 καὶ
3680 4030 3791 4084 τῶν

553 4121 832 4195 principes
853 4129 1226 4177 convenerunt
1255 4120 1313 4176 in
1339 4136 1509 4176 unum
1533 4120 1799 4177 adversus
1828 4121 2119 4179 Dominum

2226 4122 2458 4194 ἰσχυρῶν
2510 4124 2686 4194 μεριεῖ
2714 4120 2907 4176 σκῦλα.
2940 4142 2959 4175 ι
2986 4123 3083 4176 Διά
3116 4126 3264 4177 ποῖον
3304 4124 3362 4177 δὲ
3404 4123 3580 4186 τοῦτο,
3627 4123 3791 4179 πάλιν

553 4221 611 4269 et
633 4212 895 4269 adversus
920 4211 1199 4269 Christum
1223 4212 1345 4283 ejus
1372 4211 1450 4281 ⁸¹;
1493 4232 1511 4264 ι
1542 4212 1799 4283 deinceps
1829 4213 2074 4286 adjungit
2103 4231 2119 4270 :

2222 4212 2349 4285 ἑξῆς
2376 4214 2638 4276 διδάσκει,
2673 4214 2867 4285 φήσας·
2905 4232 2923 4265 ι
2949 4215 3087 4267 ’Λνθ’
3117 4208 3192 4268 ὧν
3218 4215 3483 4286 παρεδόθη
3514 4218 3593 4279 εἰς
3620 4214 3793 4268 θάναο

560 4323 582 4359 ι
622 4304 886 4363 Dominus
918 4306 1054 4363 dixit
1075 4305 1142 4361 ad
1177 4321 1283 4371 me,
1310 4304 1480 4361 Filius
1513 4320 1668 4361 meus
1695 4321 1756 4361 es
1779 4314 1861 4372 tu,
1894 4322 1995 4377 ego
2025 4306 2122 4361 lto-

2221 4325 2311 4364 τον
2339 4309 2373 4379 ἠ
2398 4307 2543 4378 ψυχὴ
2570 4305 2755 4370 αὑτοῦ,
2792 4308 2885 4360 καὶ
2904 4308 2960 4359 ὲν
2990 4309 3101 4370 τοῖς
3130 4307 3351 4378 ἀνόμοις
3380 4306 3629 4378 ἐλογίσθη
3652 4324 3665 4337 ·
3694 4306 3790 4360 καὶ

555 4400 644 4455 die
665 4398 827 4470 genui
851 4405 904 4453 te
930 4416 944 4453 :
988 4397 1203 4469 postula
1241 4411 1272 4451 a
1292 4411 1398 4461 me,
1429 4407 1484 4453 et
1512 4394 1654 4452 dabo
1683 4398 1782 4453 tibi
1810 4407 1999 4469 gentes
2022 4396 2122 4452 ha:-

2222 4400 2382 4463 αὐτὸς
2416 4398 2688 4470 ἁμαρτίας
2713 4397 2918 4451 πολλῶν
2938 4398 3203 4469 ἀνήνεγκε
3224 4416 3238 4428 ο
3263 4400 3355 4453 καὶ
3376 4398 3464 4451 διὰ
3490 4397 3588 4462 τὰς
3608 4400 3792 4471 ἁμαρ-

554 4492 839 4548 reditatem
881 4497 1054 4554 tuam,
1098 4496 1152 4544 et
1190 4489 1593 4559 possessionem
1645 4499 1793 4543 tuam
1857 4489 2122 4545 terminos

2222 4491 2343 4554 τίας
2383 4489 2561 4544 αὐτῶν
2621 4488 2912 4561 παρεδόθη.
2948 4508 2967 4540 ι
3016 4492 3161 4544 Ἀντὶ
3200 4490 3401 4545 τούτων
3428 4493 3537 4562 γάρ
3567 4491 3792 4563 ἀμειϐό-

555 4582 797 4638 terrae".
833 4600 853 4634 ι
879 4579 990 4635 Has
1016 4579 1183 4650 igitur
1218 4586 1428 4650 gentes.
1458 4580 1622 4635 etiam
1656 4579 1919 4650 propheta
1958 4579 2119 4634 intel-

2228 4598 2385 4654 μενος
2441 4582 2601 4635 αὑτὸν
2630 4583 2658 4634 6
2690 4582 2878 4653 Πατήρ
2922 4582 3021 4653 τῆς
3057 4583 3303 4653 ὑπακοῆς
3342 4584 3437 4637 καὶ
3467 4584 3564 4654 τῆς
3585 4585 3791 4656 ὑπομο-

556 4674 709 4740 lexit,
745 4689 870 4728 cum
901 4672 1040 4728 dixit
1069 4687 1083 4723 :
1121 4689 1140 4723 ι
1190 4668 1418 4740 Propter
1453 4671 1557 4726 hoc
1609 4671 1726 4741 ipse
1781 4669 2122 4725 luereditahit

2224 4673 2322 4742 νῆς
2340 4672 2519 4735 ἕνεκα,
2552 4671 2848 4744 δεδώρηται
2870 4672 3018 4743 αὐτῷ
3036 4672 3102 4726 τὰ
3130 4675 3440 4744 ἐγκείμενα.
3467 4675 3659 4744 Γέγονε
3680 4676 3791 4749 γάρ

555 4771 778 4830 muttos,
802 4770 895 4821 iet
921 4762 1172 4834 adjungit
1205 4781 1218 4818 :
1252 4780 1271 4814 ι
1302 4760 1367 4815 Ει
1398 4760 1619 4817 fortium
1650 4760 1855 4816 dividet
1886 4761 2117 4831 spolia.»

2224 4763 2461 4834 ὑπήκοος
2496 4762 2573 4834 τῷ
2602 4763 2776 4836 Πατρὶ
2820 4762 2981 4834 μέχρι
3007 4763 3236 4819 θανάτου
3255 4782 3269 4795 ο
3309 4766 3389 4819 διδ
3414 4767 3506 4819 καὶ
3532 4766 3792 4838 κληρονο-

559 4857 840 4929 Siquidem
872 4871 900 4910 a
938 4854 1300 4926 potestatibus
1339 4852 1651 4917 contrariis,
1679 4868 1800 4924 quae
1840 4852 1995 4923 prius
2040 4852 2122 4908 in-

2223 4853 2387 4924 μήσει
2416 4851 2663 4916 πολλοὺς,
2684 4853 2777 4907 καὶ
2797 4851 2857 4904 οὑ
2894 4851 3179 4925 πρότερον,
3200 4854 3334 4908 ἀλλὰ
3364 4854 3503 4925 μετὰ
3516 4854 3577 4908 τὸ
3608 4872 3790 4928 παρα-

556 4960 641 5006 ter
670 4957 859 5020 gentes
885 4947 1333 5010 dominabantur,
1365 4945 1456 5000 ubi
1492 4944 1767 5015 subjectas
1813 4946 2024 5000 animas
2056 4943 2122 4998 li-

2221 4945 2437 5016 δοθῆναι
2462 4946 2541 5009 εἰς
2557 4944 2784 4999 θάνατον
2801 4944 2896 5017 τὴν
2913 4945 3090 5017 ψυχὴν
3126 4943 3313 5008 αὑτοῦ,
3349 4947 3444 4999 καὶ
3462 4947 3520 4999 ὲν
3545 4949 3657 5012 τοῖς
3675 4948 3792 5002 άνό‹

554 5040 785 5106 beravit,
798 5048 911 5094 tum
938 5039 1097 5109 quasi
1122 5038 1295 5108 spolia
1323 5036 1570 5109 quadam
1602 5035 1719 5092 suis
1752 5035 1934 5091 divisit
1959 5036 2122 5092 disci-

2223 5053 2342 5108 μοις
2370 5035 2704 5107 λογισθῆναι,
2735 5034 3069 5100 θεσπίζεται.
3104 5036 3202 5090 Διὰ
3228 5035 3402 5090 ταῦτα
3434 5036 3543 5109 γάρ
3569 5041 3788 5109 εἴρηται

553 5131 721 5202 pulis.
752 5128 990 5185 Proinde
1036 5130 1209 5186 Isaias
1256 5129 1333 5183 ait
1356 5129 1423 5185 de
1449 5129 1556 5184 illis
1587 5147 1602 5184 :
1639 5147 1659 5179 ι
1696 5127 1763 5182 Ει
1794 5127 2122 5183 lmtabuntur

2221 5130 2648 5202 κληρονομήσειν
2664 5129 2909 5192 πολλοὺς,
2936 5128 3031 5180 καὶ
3054 5127 3163 5182 τῶν
3183 5126 3422 5201 ἰσχυρῶν
3456 5129 3702 5199 μερίσειν
3721 5129 3790 5183 τά

557 5238 744 5281 coram
773 5230 848 5285 te,
863 5221 1008 5277 sicut
1036 5222 1130 5293 qui
1156 5220 1407 5278 dividunt
1432 5221 1605 5292 spolia
1629 5222 1695 5275 ⁸⁸.
1738 5239 1757 5273 ι
1792 5219 1855 5274 Ει
1875 5219 2121 5275 Psaltno-

2221 5220 2692 5294 σκῦλα.Ἦγοῦμαι
2718 5221 2775 5277 δὲ
2797 5220 3184 5292 ἀναμφιλόγως
3212 5221 3311 5292 τὴν
3342 5222 3407 5274 ὲκ
3422 5219 3632 5292 νεκρῶν
3660 5219 3793 5274 ἀνά-

553 5330 679 5371 rum
736 5310 976 5369 auctor:
1035 5329 1055 5364 ι
1125 5311 1409 5373 Dominus.
1440 5311 1637 5380 inquit,
1690 5309 1839 5365 dabit
1892 5311 2120 5368 verbum

2221 5332 2406 5371 στασιν
2436 5314 2530 5369 τοῦ
2562 5313 3037 5387 προφητευομένου
3056 5312 3145 5366 διὰ
3173 5312 3379 5367 τούτων
3403 5312 3787 5385 παρίστασθαι.

553 5402 1058 5477 evangelizantibus
1096 5404 1298 5460 virtute
1348 5403 1517 5458 multa
1548 5420 1562 5457 :
1598 5417 1693 5458 rex
1727 5402 1991 5456 virtutum
2031 5402 2118 5456 di-

2221 5406 2342 5471 Πῶς
2372 5407 2482 5480 γὰρ
2511 5405 2684 5469 άλλως
2711 5404 2991 5475 ἐπινοῆσαι
3022 5404 3240 5458 δυνατὸν
3274 5404 3349 5469 ὡς
3390 5403 3660 5478 πρόϐατον
3700 5405 3792 5458 ἐπὶ

555 5496 704 5562 lecti,
734 5495 935 5567 speciei
959 5494 1157 5551 domus
1184 5493 1427 5551 dividere
1456 5494 1629 5565 spolia
1643 5494 1712 5550 ⁵⁸,
1745 5512 1764 5546 ι
1794 5492 1986 5548 Merito
2015 5494 2118 5564 igi-

2221 5495 2432 5569 σφαγὴν
2478 5494 2730 5566 ἀχθέντα,
2781 5495 2875 5549 καὶ
2927 5493 3036 5548 άπὸ
3080 5493 3190 5547 τῶν
3238 5493 3479 5565 ἀνομιῶν
3525 5493 3618 5548 τοῦ
3661 5495 3792 5547 ’1ου-

554 5599 645 5649 tur
665 5589 753 5645 hic
779 5600 997 5660 quoque
1028 5586 1097 5643 de
1141 5587 1360 5643 Christo
1411 5587 1533 5642 ait:
1581 5585 1808 5657 Propter
1855 5585 1960 5641 hoc
2004 5586 2122 5658 ipse

2221 5585 2380 5641 δαίων
2410 5584 2542 5639 λαοῦ
2575 5584 2786 5655 θανάτῳ
2826 5582 3217 5657 παραδοθέντα,
3261 5586 3352 5638 καὶ
3394 5577 3527 5657 μετᾶ
3574 5584 3793 5654 ἀνόμων

627 5745 673 5779 ⁸⁸
701 5745 806 5802 lsa.
836 5761 955 5811 Lttt,
980 5744 1069 5802 10.
1145 5743 1188 5777 ³⁸
1220 5742 1354 5800 ibid.
1388 5742 1472 5801 12.
1548 5741 1595 5775 ³⁹
1628 5740 1770 5797 Psal.
1800 5755 1860 5817 tt,
1882 5739 1935 5795 Ξ.
2013 5741 2058 5774 ⁸³
2091 5741 2122 5797 il

2256 5739 2369 5801 7,8.
2446 5739 2492 5773 ”
2518 5740 2623 5796 lsa.
2658 5753 2730 5803 Ix,
2763 5739 2815 5794 3.
2889 5736 3292 5801 "Pastum,
3329 5737 3417 5795 12.
