4120 6420
313 395 403 452 185

1184 386 1840 444 DEMONSTRATIONIS
1880 386 2340 443 EVA‘NGELICA‘J
2381 387 2514 443 LIB.
2556 385 2646 442 111.

3451 391 3553 448 I86

309 509 624 577 λογισθέντα,
644 510 783 578 ταφῇ
803 524 859 561 τε
885 507 1255 579 παραδοθέντα
1269 525 1282 538 ·
1301 503 1418 561 εἶτα
1439 507 1847 580 καθαριζόμενοε

1974 505 2312 562 ἰιετεᾶὶιοὺίι
2345 506 2568 570 multos,
2581 512 2636 561 et
2665 505 2885 560 fortium
2919 503 3124 560 dividet
3153 504 3345 575 spolia.
3369 503 3542 571 Quam

306 604 397 656 ὑπὸ
419 599 506 653 τοῦ
553 600 779 671 Κυρίου,
812 598 904 652 καὶ
945 600 1060 667 φῶς
1094 599 1223 670 παρ’
1258 598 1406 669 αὐτῷ
1450 599 1733 670 ὀψόμενον,
1768 600 1862 655 καὶ

306 691 720 764 κληρονομοῦντα
749 690 995 756 πολλοὺς,
1023 691 1116 744 καὶ
1160 690 1332 745 σκῦλα
1365 694 1476 754 τοῖς
1507 691 1724 755 οἰκείοις
1751 691 1864 745 δια-

306 784 550 851 νέμοντα;
583 781 696 834 Καὶ
734 781 906 846 ἄλλως
946 781 1004 835 δὲ
1047 782 1178 854 περὶ
1213 782 1313 853 τῆς
1344 781 1480 852 μετά
1511 781 1602 835 τὸν
1635 783 1861 836 θάνατον

304 873 636 938 ἁναϐιὼσεως
667 873 830 927 αὐτοῦ
874 873 1019 943 λέγει
1059 891 1160 928 που
1202 872 1558 945 προφητεύων
1595 876 1659 927 ὲκ
1690 891 1861 946 προσ-

303 966 431 1019 ώπου
473 964 568 1018 τοῦ
618 964 854 1037 Χριστοῦ
913 968 941 1019 ό
985 965 1181 1020 Δαϐίδ·
1223 985 1241 1017 ι
1282 967 1398 1020 Οὐκ
1450 965 1861 1035 ἐγκαταλείψεις

301 1057 382 1125 τὴν
415 1055 592 1126 ψυχήν
634 1073 736 1125 μου
782 1057 862 1120 εἰς
888 1056 1038 1128 ᾅδην,
1067 1056 1187 1110 οὐδὲ
1216 1055 1407 1120 δώσεις·
1430 1057 1575 1110 ὅσιόν
1609 1073 1700 1111 σου
1736 1058 1860 1111 ἰδεῖν

299 1145 593 1216 διαφθοράν.
637 1166 655 1198 ι
691 1147 798 1200 Καὶ
831 1147 1016 1201 πάλινο
1053 1167 1071 1198 ι
1106 1147 1298 1219 Κύριε,
1340 1150 1616 1221 ἀνήγαγες
1648 1150 1706 1216 ἐξ
1734 1151 1860 1222 ᾇδου

300 1241 381 1308 τὴν
410 1238 588 1310 ψυχήν
632 1257 756 1308 μου,
795 1239 1003 1304 ἐσωσάς
1039 1258 1105 1312 με
1149 1241 1258 1296 ἀπὸ
1284 1242 1391 1295 τῶν
1426 1242 1860 1296 καταϐαινόντων

297 1333 366 1394 είς
392 1331 607 1383 λάκκον.
652 1351 670 1382 ι
715 1331 822 1385 Καὶ
850 1332 1044 1386 πάλιν·
1081 1352 1099 1384 ι
1153 1333 1211 1386 '0
1245 1333 1395 1404 ὑψῶν
1431 1351 1499 1404 με
1528 1336 1591 1388 ἐκ
1617 1334 1725 1387 τῶν
1760 1353 1861 1387 πυ-

296 1421 390 1473 λῶν
414 1421 504 1475 τοῦ
543 1421 800 1485 θανάτου,
829 1425 977 1488 ὅπως
1012 1425 1078 1477 ἂν
1110 1424 1407 1494 ὲξαγγείλω
1440 1426 1620 1490 πάσας
1655 1427 1753 1490 τάς
1783 1428 1861 1479 αἰ-

295 1515 449 1578 νέσεις
480 1532 596 1568 σου.
642 1535 662 1568 ›
707 1515 926 1580 Τούτοις
963 1517 1018 1570 δὲ
1065 1519 1228 1571 πᾶσιν
1257 1517 1573 1588 ἀντιϐλέψαι
1601 1519 1858 1574 δύνασθαι

295 1604 397 1656 οὐδὲ
428 1605 553 1667 τοὺς
603 1605 810 1677 σφόδρα
861 1607 1374 1677 ἀγνωμονεστάτους
1417 1609 1675 1680 ⁴ἡγοῦμαι.
1711 1611 1858 1683 Πλὴν

455 1695 556 1766 τῆς
592 1697 812 1751 Ἡσαΐου
862 1697 1197 1768 προφητείας
1240 1698 1302 1752 τὸ
1349 1700 1720 1772 συμπέρασμα
1759 1701 1858 1773 τὴν

293 1787 440 1841 πάλαι
468 1788 692 1860 στείραν
723 1790 816 1842 κα)⁵
842 1789 1045 1860 ἔρημον
1076 1787 1210 1841 Θεοῦ
1239 1789 1437 1860 ψυχὴν,
1465 1789 1498 1862 ἢ
1533 1791 1626 1844 καὶ
1657 1791 1856 1862 μᾶλλον

1969 609 2150 657 autem
2187 601 2258 656 ob
2291 615 2409 656 rem
2443 601 2550 654 boc
2577 599 2655 654 illi
2703 598 2891 653 datum
2937 599 3043 664 sit,
3074 599 3235 653 docet
3263 597 3542 667 deinceps,

1968 693 2062 747 ubi
2091 693 2167 746 ait
2195 711 2208 748 :
2248 711 2266 743 ι
2300 690 2410 745 Pro
2431 707 2496 745 eo
2516 688 2664 761 quod
2699 690 2896 743 tradita
2921 699 3002 745 est
3031 689 3082 744 in
3108 697 3337 744 mortem
3364 690 3542 742 anima

1969 784 2110 854 ejus,
2145 791 2199 838 et
2224 800 2348 838 cum
2385 783 2591 852 iniquis
2616 783 2914 853 deputatus
2945 790 3030 837 est
3055 801 3068 836 :
3098 792 3153 836 et
3181 782 3296 852 ipse
3321 792 3542 851 peccata

1968 876 2264 929 multorum
2298 875 2449 939 tulit,
2487 884 2540 930 et
2578 883 2798 945 propter
2828 883 3051 944 peccata
3078 889 3266 928 eorum
3311 873 3543 930 traditus

1967 975 2050 1018 est
2077 964 2145 1018 ³⁸.
2186 984 2205 1016 ι
2244 961 2350 1018 Pro
2388 964 2474 1018 his
2507 965 2651 1019 enim
2683 979 3044 1018 remunerans
3079 964 3229 1016 illum
3260 963 3442 1028 Pater,
3476 979 3543 1020 eo

1967 1053 2114 1124 quod
2145 1053 2293 1109 dicto
2340 1054 2568 1108 audiens
2618 1053 2783 1108 fuerit
2842 1052 3293 1120 sustinueritque,
3320 1052 3544 1106 donavit

1969 1145 2120 1199 illum
2162 1145 2230 1200 iis
2253 1161 2375 1215 quae
2420 1145 2668 1215 exposita
2708 1153 2856 1199 sunt.
2893 1143 3094 1199 Factus
3121 1144 3266 1198 enim
3296 1152 3380 1198 est
3411 1145 3542 1199 obe-

1967 1238 2121 1292 diens
2169 1237 2315 1292 Patri
2372 1251 2547 1306 usque
2607 1235 2675 1290 ad
2730 1244 2996 1289 mortem:
3034 1250 3206 1305 quare
3245 1235 3540 1289 multorum

1967 1345 2184 1399 quoque
2247 1329 2624 1398 ,baereditatem
2678 1335 3108 1384 consecuturum
3159 1328 3310 1382 illum
3369 1329 3538 1389 canit,

1967 1437 2074 1477 non
2101 1422 2251 1492 prius
2282 1429 2468 1478 tamen
2501 1439 2662 1493 quam
2697 1423 2895 1477 tradita
2929 1421 3092 1476 fuerit
3121 1423 3301 1475 anima
3330 1420 3452 1489 ejus
3485 1421 3538 1474 in

1967 1525 2217 1580 mortem,
2249 1527 2446 1570 etcum
2474 1516 2678 1586 iniquis
2715 1517 2787 1571 sit
2823 1515 3140 1584 deputatus.
3171 1511 3399 1582 Propter
3425 1511 3540 1566 haec

1964 1606 2107 1661 enim
2124 1604 2329 1658 dictum
2345 1615 2451 1669 est,
2471 1605 2623 1660 illum
2647 1605 3094 1660 hereditatnrum
3118 1602 3340 1666 multos,
3358 1610 3412 1655 et
3430 1599 3543 1656 for-

1965 1700 2096 1751 tium
2129 1697 2432 1753 divisurum
2467 1698 2661 1768 spolia.
2705 1695 2846 1751 Puto
2893 1703 3072 1750 autem
3109 1693 3412 1748 indubitate
3453 1707 3536 1748 re-

1962 1785 2264 1842 versionem
2293 1786 2413 1855 ejus
2439 1802 2470 1840 a
2490 1785 2719 1839 mortuis
2739 1783 3032 1855 signiﬁcari
3050 1781 3248 1835 talibus
3266 1779 3534 1836 oraculis:

291 1876 374 1947 την
413 1876 470 1940 ἐξ
511 1876 689 1930 ἐθνῶν
732 1879 1055 1948 Ἐκκλησίαν
1086 1879 1512 1949 εὐαγγελίζεται,
1554 1882 1847 1947 ἀκολούθως

1969 1877 2121 1946 101
2153 1877 2247 1947 qui
2273 1876 2416 1931 enim
2462 1875 2578 1931 ﬁeri
2629 1881 2828 1946 potest,
2865 1881 2925 1928 ut
2957 1875 3116 1928 aliter
3138 1871 3204 1928 de
3236 1887 3304 1927 eo
3335 1871 3534 1926 intelli-

292 1971 346 2036 τῇ
387 1966 589 2038 θεωρίᾳ
638 1968 747 2021 τῶν
795 1969 1118 2040 εἰρημένων.
1168 1971 1382 2043 Ἐπειδὴ
1413 1973 1521 2045 γὰρ
1567 1973 1635 2027 τὰ
1683 1976 1860 2030 πάντα

289 2059 344 2110 δι’
391 2059 557 2130 αὐτὴν
612 2062 644 2112 ὁ
691 2060 923 2131 Χριστὸς
964 2060 1274 2131 ὑπέμεινεν,
1316 2065 1536 2128 εἰκότως
1586 2066 1726 2136 μετά
1761 2067 1860 2130 τὰς

291 2149 401 2220 περ)⁸
440 2151 608 2203 αὑτοῦ
643 2154 974 2224 προρρήσεις
1017 2153 1268 2225 ἐπιφέρει
1311 2155 1517 2223 λέγων’
1551 2174 1569 2207 ι
1607 2157 1857 2229 Εὐφράν-

289 2241 394 2308 θητι
432 2243 626 2313 στείρα
659 2246 692 2314 η
725 2245 786 2296 ού
826 2243 1102 2309 τίκτουσα,
1137 2246 1296 2317 ῥῆξον
1335 2249 1427 2300 καὶ
1459 2247 1650 2319 βόησον
1685 2251 1718 2319 ή
1757 2250 1858 2302 ούκ

288 2335 558 2388 ὣίνουσασ
602 2338 687 2390 ὅτι
721 2338 888 2391 πολλὰ
921 2339 988 2392 τά
1023 2340 1188 2394 τέκνα
1228 2340 1326 2410 τῆς
1359 2341 1565 2411 ἐρήμου
1597 2342 1795 2412 μᾶλλον
1822 2343 1854 2414 ἢ

287 2428 370 2496 τῆς
399 2429 636 2499 ἐχούσης
668 2430 757 2483 τὸν
789 2431 977 2502 ἀνδρα.
1006 2428 1141 2484 Εἴπε
1179 2432 1288 2504 γὰρ
1318 2432 1546 2504 Κύριος·
1585 2433 1856 2488 Πλάτυνον

285 2519 362 2570 τὸν
393 2521 552 2575 τόπον
582 2521 687 2590 τῆς
714 2522 916 2593 σκηνῆς
946 2540 1038 2576 σου
1073 2525 1167 2577 καὶ
1197 2524 1305 2577 τῶν
1334 2526 1570 2579 αύλαιῶν
1597 2544 1712 2592 σου,
1750 2528 1854 2600 πῆ-

287 2610 378 2674 ξον,
421 2611 493 2682 μὴ
543 2613 715 2686 φείσῃ
747 2631 760 2644 ·
793 2615 1056 2669 πλάτυνον
1101 2617 1170 2669 τὰ
1213 2618 1568 2688 σχοινίσματά
1597 2637 1710 2684 σου,
1759 2624 1853 2676 καὶ

285 2703 391 2765 τοὺς
414 2704 729 2768 πασσάλους
763 2723 856 2758 σου
884 2708 1234 2777 κατίσχυσον·
1268 2710 1346 2762 ἔτι
1381 2713 1462 2774 εἰς
1493 2713 1559 2766 τὰ
1587 2712 1736 2778 δεξιά
1760 2717 1853 2769 καὶ

286 2796 352 2857 εἰς
379 2794 440 2847 τὰ
469 2797 744 2868 ἀριστερά
783 2798 1100 2862 ὲκπέτασον,
1134 2801 1226 2854 καὶ
1261 2802 1320 2854 τὸ
1351 2804 1571 2876 σπέρμα
1599 2823 1690 2859 σου
1724 2806 1848 2880 ἔθνη

285 2887 687 2958 κληρονομήσει.
723 2908 741 2940 ›
789 2890 1052 2945 Ἐνταῦθα
1087 2892 1144 2944 δὲ
1192 2892 1288 2964 τὴν
1325 2894 1382 2959 ἐξ
1415 2896 1590 2952 ἐθνῶν
1623 2899 1852 2971 Ἐκκλη-

289 2980 388 3032 σίαν
411 2980 528 3032 καθ’
561 2980 694 3047 ὅλης
714 2980 812 3051 τῆς
841 2982 1164 3054 οἰκουμένης
1198 2984 1587 3060 ὲξηπλωμένην
1621 2991 1716 3043 καὶ
1744 2992 1850 3045 ἀπὸ

285 3074 533 3126 ἀνατολῶν
563 3075 717 3146 ἡλίου
747 3075 908 3148 μέχρι
933 3077 1151 3148 δυσμῶν
1182 3080 1612 3152 παρατείνουσαν
1639 3083 1668 3135 ὁ
1692 3084 1850 3153 λόγος

285 3165 700 3232 εὐαγγελίζεται,
739 3167 1050 3236 σαφέστατα
1099 3169 1257 3223 τοῦτο
1301 3173 1570 3243 παριστὰς
1597 3173 1684 3228 διὰ
1715 3176 1810 3229 τοῦ
1832 3195 1845 3208 ·

287 3277 304 3306 ι
333 3258 428 3310 Καὶ
453 3259 515 3311 τὸ
561 3259 781 3330 σπέρμα
824 3276 916 3312 σου
943 3260 1069 3332 ἔθνη
1105 3261 1520 3337 κληρονομήσει.
1554 3286 1572 3318 ι
1599 3267 1849 3334 Πλείονος

282 3350 328 3402 δὲ
346 3348 531 3420 ὲξεργα
543 3351 668 3414 σίας
695 3351 960 3422 δεομένων
988 3353 1094 3406 τῶν
1123 3355 1264 3408 κατὰ
1290 3357 1382 3409 τὸν
1405 3358 1588 3425 τόπον,
1620 3361 1849 3432 ἀρκούν-

281 3457 370 3504 τως
412 3444 502 3496 ἐπὶ
569 3443 662 3496 τοῦ
729 3445 994 3515 παρόντος
1044 3447 1197 3501 ταῦθ’
1260 3451 1390 3520 ἡμῖν
1442 3453 1843 3525 ἐπιτετμήσθω.

282 3530 487 3586 Πλεῖστα
513 3534 572 3588 δ’
601 3535 665 3588 ἂν
701 3537 792 3589 καὶ
817 3537 978 3600 αὐτὸς
1005 3539 1096 3591 ἐπὶ
1147 3542 1341 3612 σχολῆς
1374 3544 1732 3610 ἀναλέξασθαι
1759 3547 1848 3600 δύ·-

279 3642 380 3678 ναιο
415 3628 553 3697 περί
581 3626 674 3679 τοῦ
710 3630 1087 3700 προκειμένου.
1126 3632 1234 3684 Καὶ
1271 3637 1302 3704 ἡ
1338 3637 1586 3706 παροῦσα
1615 3637 1671 3691 δὲ
1703 3656 1846 3711 πρα-

279 3719 492 3786 γματεία
551 3719 649 3790 τῆς
689 3720 1048 3792 εύαγγελικῆς
1095 3723 1423 3792 ἀποδείξεως
1471 3730 1612 3783 κατά
1657 3731 1844 3801 καιρὸν

281 3808 464 3862 ἕκαστα
527 3809 908 3881 παραδώσεταί
961 3829 1019 3865 τε
1071 3813 1164 3864 καὶ
1217 3813 1563 3885 ἑρμηνεύσει.
1604 3817 1754 3881 Τέως
1787 3817 1844 3870 δὲ

284 3901 361 3953 ἰπὶ
386 3900 472 3953 τοῦ
509 3901 780 3972 παρόντος
819 3902 918 3974 τῆς
943 3899 1052 3956 τῶν
1096 3905 1392 3975 προφητῶν
1444 3908 1571 3976 περὶ
1611 3909 1710 3980 τῆς
1750 3908 1842 3962 τοῦ

283 3991 509 4064 Σωτῆρος
532 3993 692 4064 ἡμῶν
723 3996 1100 4066 προρρήσεως,
1129 3997 1320 4061 καὶ-ὼς
1351 4000 1514 4052 πᾶσιν
1538 3999 1844 4072 ἀνθρώποις

281 4085 363 4154 τὴν
389 4085 493 4138 τῶν
531 4084 836 4158 μελλόντων
865 4086 1082 4155 ἀγαθῶν
1113 4090 1410 4160 παρουσίαν
1442 4091 1840 4160 εὐηγγελίζετο,

283 4176 459 4241 ἱκανῶς
488 4178 610 4248 ἔχει
633 4178 701 4231 τά
727 4179 1011 4250 εἰρημένα,
1039 4182 1526 4252 προαναφιονοῦντα
1564 4185 1841 4254 προφήτου

279 4269 399 4333 τινὸς
423 4271 632 4340 ἄφιξιν,
664 4271 759 4324 καὶ
789 4272 1066 4326 εὐσέϐειαν
1095 4274 1381 4345 νομοθέτου
1413 4277 1637 4328 Μωῡσεί
1667 4293 1844 4348 παρα-

281 4361 505 4431 πλησίου,
539 4363 696 4430 γένος
727 4381 786 4416 τε
821 4363 1004 4428 αὑτοῦ,
1048 4364 1140 4416 καὶ
1186 4363 1375 4434 φυλὴν,
1405 4365 1496 4417 καὶ
1533 4363 1694 4418 τόπον
1721 4365 1842 4419 ὅθεν

281 4455 667 4522 προελεύσεται,
693 4456 882 4527 χρόνον
921 4473 980 4508 τε
1012 4457 1134 4510 καθ’
1158 4457 1216 4509 ὃν
1243 4457 1382 4526 ἥξει,
1441 4458 1840 4528 προφητεύεται

1961 1992 2176 2048 gamus,
2209 1977 2301 2047 qni
2326 1985 2584 2046 tanquam
2609 1975 2728 2030 ovis
2769 1976 2835 2029 ad
2863 1975 3195 2030 occisionem
3226 1974 3297 2029 sit
3315 1973 3535 2038 ductus,

1961 2079 2015 2124 et
2061 2071 2132 2125 ab
2182 2070 2566 2140 iniquitatibus
2609 2067 2821 2124 Judaici
2847 2068 3034 2139 populi
3060 2067 3294 2122 traditus
3345 2065 3418 2120 sit
3465 2064 3534 2118 ad

1960 2170 2210 2228 mortem,
2240 2170 2294 2216 et
2324 2177 2448 2216 cum
2486 2162 2689 2233 iniquis
2739 2162 3034 2231 deputatus
3059 2200 3073 2223 ,
3132 2151 3538 2228 sepulturaeque

1959 2251 2374 2308 commendatus
2411 2291 2426 2317 ,
2463 2251 2662 2307 deinde
2688 2258 2952 2321 purgatus
2993 2264 3023 2302 a
3062 2247 3337 2303 Domino?
3365 2257 3419 2302 et
3448 2248 3537 2302 lu-

1957 2357 2075 2397 cem
2101 2358 2268 2413 penes
2292 2359 2350 2399 se
2373 2343 2595 2398 visurus
2625 2342 2718 2405 sit,
2750 2349 2805 2396 et
2831 2340 3126 2394 multorum
3161 2337 3533 2393 baereditatem

1956 2441 2380 2500 consecuturus,
2407 2445 2461 2488 et
2491 2433 2608 2488 suis
2640 2433 2814 2503 spolia
2849 2431 3130 2487 divisurus
3167 2430 3190 2484 ?
3237 2428 3346 2484 Sed
3377 2431 3537 2485 aliter

1956 2540 2176 2596 quoque
2207 2523 2272 2578 de
2297 2525 2446 2580 illius
2475 2523 2656 2578 reditu
2686 2524 2742 2578 in
2767 2523 2957 2584 vitam,
2988 2528 3113 2590 post
3148 2527 3376 2575 mortem
3402 2519 3537 2574 dicit

1956 2619 2191 2688 quodam
2226 2619 2346 2672 loco
2383 2617 2693 2672 vaticinans
2717 2614 2886 2668 David
2915 2632 2981 2670 ex
3021 2629 3253 2686 persona
3275 2613 3479 2668 Christi
3515 2631 3528 2666 :

1961 2731 1979 2762 ι
2016 2710 2134 2765 Νοη
2163 2711 2442 2780 relinques
2473 2709 2712 2763 animam
2772 2724 2948 2763 meam
3002 2707 3056 2763 in
3089 2707 3326 2772 inferno,
3358 2721 3535 2775 neque

1953 2804 2111 2859 dabis
2142 2811 2394 2858 sanctum
2438 2816 2590 2857 tuum
2623 2803 2808 2857 videre
2841 2801 3252 2872 corruptionem
3285 2799 3353 2852 ".
3413 2815 3434 2850 ι
3468 2797 3534 2850 Et

1953 2896 2081 2950 alibi
2118 2913 2163 2950 ιι
2196 2893 2444 2959 Domine,
2463 2894 2702 2949 eduxiin
2732 2893 2801 2948 ab
2825 2893 3040 2948 inferno
3068 2893 3304 2946 animam
3333 2904 3530 2952 meam,

1955 2985 2175 3040 salvasti
2225 2999 2312 3038 me
2352 2998 2382 3037 a
2432 2983 2902 3040 descendentibus
2958 2983 3014 3037 iu
3061 2982 3240 3036 lacum
3281 2981 3352 3036 ⁸³.
3409 2999 3428 3033 ι
3464 2978 3533 3033 Et

1951 3076 2079 3130 alibi
2107 3095 2121 3130 :
2154 3093 2172 3126 ι
2208 3074 2311 3142 Qui
2338 3075 2546 3130 exaltas
2578 3090 2664 3129 me
2692 3075 2758 3130 de
2781 3075 2954 3144 portis
2987 3074 3198 3138 mortis,
3231 3079 3290 3126 ut
3315 3087 3533 3126 annun-

1951 3168 2078 3224 tiem
2131 3183 2323 3224 omnes
2389 3167 2732 3224 laudationes
2798 3175 2924 3223 tuas
2958 3167 3028 3222 ".
3083 3186 3102 3219 ι
3157 3166 3360 3222 Contra
3412 3181 3532 3220 om-

1952 3261 2042 3315 nia
2089 3261 2204 3316 bzec
2249 3259 2536 3316 intendere
2565 3261 2730 3314 ullam
2779 3260 2976 3322 aciem,
3012 3275 3083 3314 ne
3117 3258 3531 3315 inimicissimos

1948 3352 2167 3423 quidem
2201 3362 2363 3422 atque
2393 3352 2798 3422 ingratissimos
2816 3367 2976 3422 posse
3003 3352 3260 3406 arbitror.
3299 3349 3530 3406 Verum-

1950 3452 2128 3499 tamen
2159 3444 2282 3514 ejus
2321 3445 2616 3516 prOphetia:
2648 3446 2956 3509 conclusio,
2987 3446 3146 3515 cujus
3174 3454 3367 3499 auctor
3415 3443 3530 3500 Isa-

1949 3537 2052 3601 ias,
2094 3537 2335 3593 sterilem
2361 3539 2508 3591 illam
2538 3537 2902 3607 quondam-et
2927 3537 3198 3594 desertam
3228 3554 3257 3592 a
3283 3537 3394 3593 Deo
3417 3538 3530 3592 ani-

1949 3645 2113 3693 mam,
2145 3636 2238 3682 aut
2267 3631 2447 3699 potius
2475 3628 2774 3684 Ecclesiam
2817 3629 2884 3683 de
2910 3628 3166 3699 gentibus
3216 3629 3525 3693 collectam,

1949 3723 2086 3777 lzetis
2122 3721 2370 3785 vocibus,
2431 3723 2691 3792 bonoque
2733 3722 2927 3776 nuntio
2961 3722 3337 3792 prosequitur,
3397 3736 3526 3776 cum

1947 3815 2055 3870 illis
2087 3815 2275 3886 utique
2299 3815 2758 3885 recordans,quae
2780 3815 2892 3885 jam
2927 3815 3278 3886 contemplati
3310 3829 3523 3870 sumus.

1945 3905 2079 3960 Nam
2143 3923 2266 3962 cum
2308 3915 2532 3978 propter
2553 3923 2676 3962 eam
2709 3907 2961 3962 Christus
3004 3907 3187 3961 omnia
3213 3906 3519 3975 pertulerit,

1945 3999 2140 4054 merito
2184 4007 2308 4070 post
2346 4015 2408 4053 ea
2439 4038 2456 4064 ,
2511 4015 2633 4070 qua:
2663 4000 2730 4054 de
2760 4001 2852 4053 illo
2886 4000 3175 4070 praedixit,
3225 3997 3472 4068 adjungit
3501 4012 3521 4055 :

1951 4109 1970 4140 σ
2001 4089 2232 4154 Laatare,
2269 4091 2467 4160 inquit,
2504 4091 2706 4146 sterilis
2737 4107 2859 4161 qua:
2888 4107 2996 4144 non
3019 4092 3191 4160 paris,
3224 4091 3525 4146 vociferare

1943 4191 1997 4236 et
2027 4182 2226 4245 clama,
2268 4197 2390 4252 quae
2423 4199 2530 4236 non
2564 4184 2806 4253 parturis
2841 4198 2854 4234 :
2905 4184 3163 4253 quoniam
3217 4185 3373 4238 multi
3425 4184 3523 4238 ﬁlii

1943 4273 2172 4329 desertae
2201 4276 2397 4346 magis,
2428 4290 2593 4345 quam
2647 4276 2767 4345 ejus
2793 4292 2915 4347 qua:
2951 4277 3115 4331 habet
3144 4276 3345 4331 virum.
3378 4277 3523 4333 Dixit

1941 4367 2086 4420 enim
2128 4367 2389 4424 Dominus
2418 4388 2432 4424 :
2470 4369 2648 4423 Dilata
2687 4371 2868 4422 locum
2903 4369 3125 4423 tentorii
3186 4370 3289 4434 tui,
3316 4379 3371 4425 et
3401 4372 3518 4438 pel-

1943 4459 2023 4514 les
2048 4459 2529 4515 tabernaculorum
2567 4469 2784 4516 tuorum
2815 4463 2937 4531 ﬁge,
2970 4477 3038 4515 nc
3072 4477 3304 4532 parcas:
3351 4461 3518 4516 dilata

280 4549 358 4598 ml
385 4549 620 4616 γένεσιν,
657 4552 752 4603 καὶ
782 4551 1056 4623 τελευτὴν,
1089 4555 1180 4606 καὶ
1203 4554 1516 4620 ἀναϐίωσιν,
1546 4558 1639 4610 καὶ
1669 4558 1838 4628 ἀρχὴν

1952 4551 2218 4605 l'uniculos
2254 4559 2398 4616 tuos,
2423 4561 2478 4606 et
2527 4552 2712 4606 clavos
2737 4563 2858 4607 tuos
2896 4553 3226 4608 corrobora:
3281 4555 3518 4624 amplius

277 4636 360 4706 τὴν
386 4639 526 4693 κατά
567 4640 783 4693 πάντων
811 4640 1010 4696 ἐθνῶν⁸
1054 4641 1089 4696 ἀ
1130 4643 1193 4713 δὴ
1241 4645 1414 4698 πάντα
1448 4647 1713 4718 παρέστη,
1743 4649 1836 4701 καὶ

278 4727 344 4780 ἔτι
375 4731 572 4799 μᾶλλον
593 4731 682 4784 διά
708 4731 814 4784 τῶν
841 4732 968 4802 ἑξῆς
1000 4736 1407 4806 παραστήσεται
1442 4738 1533 4790 ἐπὶ
1562 4739 1720 4808 μόνον
1745 4739 1835 4791 τὸν

278 4819 483 4893 Σωτῆρα
517 4824 612 4876 καὶ
653 4825 852 4896 Κύριον
903 4827 1059 4898 ἡμῶν
1104 4833 1627 4901 συμπεπερασμένα.
1678 4833 1836 4888 Ἀλλά

277 4911 424 4967 Ιιπιιῦτα
459 4915 561 4985 μὲν
605 4917 712 4969 ἀπὸ
751 4919 858 4972 τῶν
901 4919 1057 4991 ἱερῶν
1102 4919 1296 4988 λογίων
1346 4927 1458 4986 τοῖς
1490 4925 1834 4980 πιστεύουσιν

276 5003 437 5069 αὐτοῖς
472 5007 926 5079 παρατεθήσεται⁶
953 5013 1065 5073 τοῖς
1095 5010 1138 5063 δ’
1163 5011 1444 5065 ἀπειθοῦσι
1475 5018 1594 5078 ταῖς
1625 5033 1834 5090 προφηο

275 5100 431 5160 tnui;
462 5099 708 5169 Γραφαῖς
753 5101 895 5164 ἰδίως
929 5102 1332 5174 ἀπαντήσομεν,
1373 5105 1450 5168 ὡς
1478 5108 1608 5178 περὶ
1640 5109 1832 5180 ἀνδρὸς

275 5189 456 5254 κοινοῦ,
489 5193 583 5244 καὶ
617 5195 727 5256 τοῖς
761 5192 966 5257 λοιποῖς
997 5196 1374 5268 παραπλησίου
1406 5199 1543 5263 τέως
1574 5201 1673 5273 τὴν
1713 5202 1830 5266 ἐξέ-

274 5300 409 5338 τασιν
438 5289 747 5360 ποιούμενοι
765 5308 778 5321 °
803 5291 910 5358 ἵνα,
934 5293 1132 5347 ὁπόταν
1169 5294 1385 5348 πάντων
1421 5295 1526 5350 τῶν
1553 5297 1611 5364 ἐξ
1638 5299 1828 5363 αίῶνος

275 5373 554 5446 βοηθέντων
576 5382 632 5432 ἐν
667 5380 992 5453 ἀνθρώποις,
1040 5385 1174 5440 πολὺ
1221 5387 1485 5458 κρείττων
1515 5390 1829 5462 ἀσυγκρίτῳ

274 5467 491 5541 ὑπεροχῇ
527 5473 618 5525 καὶ
657 5473 926 5546 διαφέρων
969 5477 1236 5548 ἀναφανῇ,
1276 5480 1592 5548 τοτηνικάδε
1625 5483 1720 5535 καὶ
1760 5483 1828 5537 τά

274 5561 384 5629 περὶ
408 5563 505 5632 τῆς
532 5563 808 5637 θειοτέρας
839 5568 1003 5621 αὑτοῦ
1033 5571 1243 5638 φύσεως
1276 5571 1416 5625 κατά
1439 5573 1628 5644 καιρὸν
1653 5574 1826 5630 διαλά-

274 5645 454 5718 ϐωμεν,
489 5652 547 5719 ἐξ
579 5655 824 5727 ἐναργῶν
851 5655 956 5709 τῶν
981 5656 1306 5722 ἀποδείξεων
1331 5660 1720 5730 παριοτῶντες,
1750 5661 1825 5724 ὡς

331 5809 375 5840 ⁸⁸
398 5811 496 5869 lsa.
531 5813 755 5882 “11,12.
833 5816 876 5847 ³⁷
907 5813 1050 5872 Psal.
1079 5833 1169 5883 xv,
1205 5817 1290 5872 10.
1368 5819 1412 5848 ⁵⁸
1436 5817 1574 5874 Psal.
1601 5820 1818 5882 uini.

1967 5817 2109 5874 Psal.
2143 5834 2220 5881 ix,
2251 5817 2335 5873 ιτς.

1939 4645 2007 4700 ad
2039 4643 2284 4698 dextram
2309 4655 2362 4700 et
2385 4644 2453 4699 ad
2483 4646 2761 4700 sinistram
2789 4647 3037 4709 extende,
3067 4654 3121 4701 et
3153 4661 3335 4701 semen
3366 4653 3517 4700 tuum

1939 4752 2128 4812 gentes
2185 4739 2524 4794 hmreditabit
2553 4739 2618 4791 “.
2665 4758 2683 4790 ›
2721 4738 2818 4794 llis
2869 4748 3048 4793 autem
3105 4739 3289 4793 verbis
3330 4737 3516 4791 Eccle—

1941 4835 2080 4888 siam
2112 4833 2180 4888 de
2205 4831 2459 4904 gentibus
2493 4830 2802 4894 collectam,
2830 4841 2884 4886 et
2937 4839 3052 4884 toto
3081 4828 3211 4883 orbe
3243 4839 3512 4883 terrarum

1939 4925 2217 4988 diﬂ‘usam,
2249 4933 2302 4977 et
2335 4923 2404 4977 ab
2433 4929 2554 4975 ortu
2614 4921 2747 4976 solis
2791 4921 2858 4975 ad
2904 4936 3160 4975 occasum
3211 4929 3511 4985 extentam,

1939 5016 2222 5070 oraculum
2254 5016 2423 5070 lactari
2453 5015 2626 5083 jubet,
2655 5014 2972 5084 planissime
2995 5013 3097 5066 hoc
3123 5013 3301 5082 ipsum
3345 5013 3515 5083 signi-

1939 5109 2130 5174 ﬁcans,
2161 5109 2250 5163 ubi
2305 5110 2416 5162 ait:
2458 5127 2476 5159 ι
2515 5107 2580 5160 Et
2609 5123 2793 5162 semen
2820 5117 2973 5159 tuum
3005 5113 3195 5176 gentes
3226 5105 3514 5160 haeredita-

1936 5199 2035 5254 bit.
2078 5219 2096 5251 ι
2129 5199 2264 5254 Cum
2296 5207 2476 5254 autem
2501 5199 2796 5269 longiorem
2821 5198 3259 5267 explanationem
3293 5197 3513 5252 deside-

1937 5301 2058 5348 rent
2077 5309 2160 5359 ea,
2190 5309 2311 5364 quae
2338 5295 2404 5347 ad
2456 5293 2600 5346 hunc
2633 5293 2811 5345 locum
2844 5299 3113 5360 spectant,
3160 5290 3373 5345 abunde
3412 5307 3509 5344 no-

1935 5387 2020 5440 bis
2052 5385 2166 5439 haec
2189 5385 2500 5456 compendii
2537 5385 2715 5438 locum
2755 5383 3073 5452 explebunt.
3117 5381 3250 5436 Nam
3286 5389 3345 5436 tu
3368 5397 3508 5452 quo-

1931 5491 2038 5544 que
2062 5490 2158 5545 per
2183 5475 2352 5529 otium
2377 5475 2546 5526 multa
2580 5474 2734 5542 plura
2760 5471 3262 5542 colligerepoteris,
3291 5485 3414 5540 qua
3436 5473 3500 5526 ad

1933 5569 2074 5623 idem
2107 5568 2444 5638 propositum
2471 5574 2739 5635 spectent.
2772 5565 2876 5621 Sed
2895 5569 3069 5636 ipsum
3091 5580 3306 5636 quoque
3339 5579 3504 5619 evan-

1933 5662 2118 5735 gelicaa
2152 5659 2638 5715 demonstrationis
2703 5661 3040 5730 propositum
3085 5659 3231 5730 quod
3264 5671 3408 5712 nunc
3443 5656 3500 5712 in

2413 5820 2458 5850 “
2482 5820 2581 5874 Isa.
2605 5835 2713 5884 LIV,
2745 5819 2859 5873 l-‘S.

3189 6109 3404 6205 Γ
