4158 6418
603 392 708 447 I87

1282 392 1549 449 EUSEB"
1587 391 2065 449 CASSAPJENSIS
2104 390 2255 448 OPP.
2291 389 2473 445 PARS
2501 389 2567 444 ΙΙ.
2603 419 2672 430 -—
2709 386 3204 446 APOLOGETICA.

3735 386 3842 445 188

593 507 849 561 manibus
878 511 983 570 est,
1010 504 1185 561 tradet
1223 523 1323 562 suo
1349 516 1595 579 tempore
1624 515 1789 576 atque
1828 512 2146 581 interpreta-

2264 506 2364 560 οὐκ
2392 503 2733 575 ἀνθρωπείας
2765 504 2874 575 ἄρα
2904 499 2972 574 ἦν
3010 502 3224 572 φύσεως
3260 503 3293 574 ή
3323 501 3447 573 περὶ
3490 500 3650 556 αὐτὸν
3680 499 3840 558 δύνα-

592 598 742 653 bitur
766 596 1003 667 singula.
1050 597 1268 651 Interim
1318 614 1448 653 vero
1475 599 1618 670 quod
1668 600 1732 654 ad
1760 600 2161 670 praedictionem

592 688 1099 759 divinationemque
1155 690 1531 759 propheticam
1564 691 1632 745 de
1662 690 1944 747 Salvatore
1973 700 2162 746 nostro

591 778 845 849 pertinet,
880 778 1135 847 quodque
1166 778 1292 832 item
1319 779 1385 832 ad
1416 781 1470 835 id
1500 781 1645 851 quod
1669 796 1732 836 ea
1756 780 2037 851 praedictio
2051 795 2162 834 om-

590 884 692 924 nes
724 870 976 924 homines
1025 885 1216 925 eorum
1259 869 1525 924 bonorum
1562 872 1717 941 102
1757 872 1992 927 adventu
2024 887 2161 942 gau-

589 960 718 1017 dere
742 962 967 1029 jubebat
991 976 1112 1031 quae
1143 962 1617 1029 exspectabantur,
1646 962 1715 1017 iis
1732 977 1852 1032 qua:
1868 962 1983 1029 jam
2006 960 2152 1015 dicta

589 1059 719 1106 sunt
759 1053 1003 1107 contenti
1058 1068 1181 1106 esse
1233 1067 1563 1122 possumus:
1595 1068 1716 1123 quae
1754 1053 1973 1120 quidem
2000 1054 2160 1123 plane

589 1147 879 1202 enuntiant
904 1146 1182 1216 propheta:
1215 1145 1502 1215 cujusdam
1535 1145 1852 1209 adventum,
1878 1155 1933 1201 et
1980 1147 2159 1217 legum

589 1239 834 1291 auctoris
860 1238 1113 1306 pietatem
1145 1239 1237 1307 qui
1269 1237 1400 1291 Mosi
1430 1237 1626 1293 similis
1664 1237 1879 1292 futurus
1907 1238 1999 1301 sit,
2032 1252 2162 1292 nec-

2272 615 2390 669 μις·
2422 591 2503 660 οἷς
2536 595 2840 660 ἀκολούθως
2869 596 2964 649 καὶ
2992 594 3062 648 τά
3082 595 3180 666 τῆς
3209 595 3330 648 κατ’
3353 594 3512 647 αὐτὸν
3539 592 3837 663 θεολογίας,

2265 691 2343 754 ὡς
2368 686 2479 743 οἷόν
2503 705 2562 743 τε
2590 688 2735 742 ἐστὶν
2763 690 2894 758 ἡμῖν
2915 685 3262 750 ἐποπτεῦσαι,
3294 683 3649 755 ποιησόμεθα.
3688 684 3838 738 Ἐπεὶ

2263 781 2443 835 τοίνυν
2460 780 2567 834 τῶν
2591 780 2834 835 ἀπίστων
2854 780 2903 832 οἱ
2933 777 3150 840 πλείους
3172 778 3343 847 γόητα
3366 777 3458 828 καὶ
3473 775 3681 829 ’πλάνον
3703 777 3839 830 ἀπο-

2265 871 2571 936 καλοῦντες,
2606 871 2699 926 καὶ
2730 870 2951 942 μυρίαις
2990 869 3177 933 ἄλλαις
3210 867 3564 939 κακηγορίαις
3599 866 3840 939 βλασφη-

2266 963 2491 1035 μοῦντες
2532 963 2713 1026 αὐτὸν,
2746 961 2900 1016 οῦπω
2944 963 3036 1015 καὶ
3081 959 3176 1014 νῦν
3220 959 3503 1022 παύονται,
3546 958 3699 1029 φέρε,
3743 958 3837 1012 καὶ

2263 1055 2400 1125 πρὸς
2439 1054 2659 1117 τούτους
2692 1051 3133 1125 ἀποκρινώμεθα,
3174 1050 3382 1104 οἴκοθεν
3423 1049 3520 1121 μὲν
3564 1049 3735 1112 οὐδὲν,
3775 1047 3836 1116 ἐξ

2263 1144 2441 1199 αὐτῶν
2466 1144 2521 1198 δὲ
2554 1144 2662 1198 τῶν
2678 1143 2855 1198 σαύτοῦ
2895 1142 3106 1213 φωνῶν,
3141 1143 3232 1196 καὶ
3270 1137 3338 1212 ἧς
3379 1140 3661 1212 παρέδωκε
3688 1139 3835 1193 διδα-

2266 1236 2492 1300 σκαλίας
2513 1237 2612 1300 τὰς
2641 1234 2970 1307 παραθέσεις
2996 1232 3328 1303 ποιούμενοι.

589 1346 697 1385 non
757 1331 1003 1399 ejusdem
1063 1347 1252 1403 genus,
1299 1339 1354 1387 et
1414 1332 1639 1397 tribum,
1693 1341 1747 1387 et
1784 1333 1961 1387 locum
2016 1333 2159 1388 unde
2203 1333 2451 1387 exiturus
2484 1370 2500 1394 ,
2550 1340 2605 1386 et
2649 1338 3002 1401 tempusquo
3043 1338 3307 1383 venturus
3363 1327 3454 1382 sit.
3489 1324 3834 1380 Vaticinatur

597 1428 863 1490 praeterea
887 1427 941 1476 et
972 1429 1177 1485 ortum,
1210 1431 1266 1477 et
1285 1429 1537 1483 mortem,
1590 1429 1644 1476 et
1672 1421 1904 1475 reditum
1932 1421 1989 1473 in
2009 1420 2196 1484 vitam,
2239 1426 2296 1473 et
2321 1419 2684 1488 principatum
2718 1417 2773 1470 in
2797 1417 3054 1471 omnibus
3080 1416 3354 1487 gentibus,
3383 1429 3504 1484 quae
3540 1428 3671 1467 sane
3718 1412 3833 1480 jam

590 1526 823 1566 evenere
886 1513 1112 1567 omnia:
1151 1519 1205 1566 et
1234 1512 1409 1582 magis
1463 1512 1627 1567 etiam
1687 1511 1946 1581 deinceps
1980 1525 2039 1566 ex
2081 1510 2169 1573 iis,
2212 1524 2335 1579 qua:
2395 1509 2648 1564 dicentur
2699 1507 3014 1574 constabit,
3061 1508 3117 1561 in
3176 1522 3286 1560 uno
3320 1504 3600 1560 Salvatore
3633 1519 3697 1558 ac
3724 1501 3832 1558 Do-

589 1604 743 1658 mino
777 1613 970 1659 nostro
1024 1620 1088 1659 ea
1158 1606 1320 1659 linem
1371 1605 1669 1675 accepisse.
1721 1604 1827 1660 Sed
1862 1605 2138 1673 haec\qu:e
2168 1603 2236 1659 de
2273 1603 2478 1658 sanctis
2505 1602 2744 1657 oraculis
2766 1611 2988 1672 accepta
3010 1602 3195 1666 vides,
3235 1601 3303 1655 iis
3326 1600 3418 1670 qui
3448 1600 3696 1661 credunt,
3731 1613 3833 1653 ex-

586 1697 763 1766 posita
814 1702 985 1751 sunt:
1018 1699 1086 1753 iis
1122 1708 1301 1752 autem
1350 1697 1443 1768 qui
1499 1713 1609 1751 non
1659 1698 1910 1762 credunt,
1945 1711 2194 1752 seorsum
2235 1696 2450 1751 obviam
2503 1696 2724 1767 scriptis
2766 1696 3099 1767 pr0pheticis
3132 1696 3351 1761 ibimus,
3387 1705 3551 1767 atque
3613 1696 3830 1750 interim

588 1798 843 1857 tanquam
871 1786 937 1841 de
966 1789 1240 1843 communi
1266 1790 1407 1855 viro,
1444 1796 1499 1844 et
1527 1791 1620 1860 qui
1659 1790 1884 1859 reliquis
1909 1787 2072 1844 fuerit
2101 1789 2299 1845 similis
2343 1788 2688 1860 inquiremus
2732 1808 2745 1844 :
2790 1796 2849 1843 ut
2898 1806 3020 1843 cum
3071 1790 3329 1845 omnibus
3376 1791 3470 1859 qui
3514 1804 3750 1857 unquam
3799 1803 3832 1841 a

586 1879 810 1936 condito
838 1893 952 1933 aevo
1002 1879 1144 1934 inter
1179 1879 1428 1935 homines
1466 1880 1723 1935 celebrati
1759 1880 1917 1942 sint,
1966 1879 2139 1932 multo
2178 1879 2526 1947 praestantior
2558 1888 2612 1932 et
2660 1877 3071 1948 incomparabili
3131 1878 3366 1948 quadam
3422 1878 3714 1934 eminentia
3743 1892 3835 1932 ευ·

587 1973 767 2043 perior
823 1970 1157 2040 apparuerit,
1197 1986 1322 2025 cum
1351 1986 1414 2026 ea
1440 1986 1658 2042 quoque
1699 1986 1821 2041 quae
1864 1970 1932 2025 ad
1974 1970 2293 2024 diviniorem
2332 1970 2451 2039 ejus
2481 1978 2731 2024 naturam
2784 1977 3035 2040 spectant
3076 1978 3468 2039 pertractemus
3507 1990 3521 2025 :
3571 1977 3626 2024 et
3684 1969 3831 2040 quod

585 2056 763 2111 virtus
802 2074 922 2128 qua:
961 2060 1016 2113 in
1058 2061 1153 2115 illo
1201 2069 1321 2117 erat
1371 2063 1518 2117 nulla
1570 2063 1808 2117 humana
1840 2069 2038 2117 natura
2089 2069 2385 2127 constaret,
2417 2062 2740 2118 certissimis
2779 2061 3335 2118 demonstrationibus
3362 2063 3775 2133 comprobemus
3809 2079 3827 2119 :

584 2147 777 2203 ordine
827 2150 1083 2220 deinceps
1115 2162 1394 2223 sequetur,
1426 2163 1487 2207 ut
1516 2169 1579 2208 ea
1612 2168 1978 2223 proponamus
2001 2152 2416 2223 contemplanda
2441 2168 2540 2222 pro
2568 2154 2798 2210 viribus.
2827 2167 2947 2222 quae
3000 2153 3067 2207 ad
3117 2168 3235 2208 eam
3288 2154 3612 2225 theologiam
3662 2155 3833 2223 perti-

583 2248 735 2302 nent,
767 2255 887 2309 qua:
925 2242 1074 2295 illum
1118 2243 1397 2312 complexa
1426 2251 1530 2299 est.
1577 2243 1842 2310 Quoniam
1882 2243 2047 2314 igitur
2078 2244 2253 2312 major
2304 2258 2430 2312 pars
2463 2258 2648 2297 eorum
2679 2243 2773 2312 qui
2821 2257 2930 2297 non
2977 2244 3230 2309 credunt,
3262 2252 3459 2299 vocant
3486 2247 3637 2299 illum
3688 2262 3832 2317 prae-

584 2331 923 2400 stigiatorem
977 2347 1042 2386 ac
1093 2334 1471 2400 seductorem,
1531 2337 1775 2407 aliasque
1809 2333 2235 2392 innumerabiles
2271 2334 2575 2390 calumnias
2618 2334 2673 2388 in
2704 2334 2854 2388 illum
2905 2328 3315 2391 exsecrab'iliter
3364 2336 3594 2404 iactant,
3638 2354 3703 2393 ac
3758 2355 3829 2394 ne

583 2440 731 2480 nunc
764 2427 981 2496 quidem
1030 2426 1290 2483 desinunt
1329 2430 1595 2498 ejusmodi
1624 2432 1822 2501 probra
1849 2432 2180 2501 contingere,
2223 2438 2436 2499 tempus
2461 2428 2572 2499 jam
2603 2430 2818 2483 videtur
2870 2445 2993 2486 esse
3050 2438 3109 2485 ut
3145 2433 3306 2486 etiam
3341 2433 3462 2488 istis
3490 2435 3823 2504 respondea-

585 2532 727 2581 mus,
765 2519 834 2574 de
885 2528 1073 2576 nostro
1124 2522 1342 2592 quidem
1390 2524 1526 2578 nihil
1555 2524 1869 2591 afferentes,
1928 2527 2025 2582 sed
2052 2526 2120 2581 de
2163 2524 2413 2581 doctrina
2448 2539 2610 2595 quam
2641 2525 2757 2595 ipse
2803 2525 3099 2595 publicavit
3131 2537 3470 2585 assumentes
3493 2570 3508 2595 ,
3546 2531 3690 2600 quod
3735 2530 3826 2585 hic

584 2625 946 2680 apponamus.

582 2724 670 2780 Ill.
701 2725 963 2783 Adversus
999 2744 1085 2782 eos
1116 2729 1206 2799 qui
1236 2729 1502 2810 Christum
1524 2732 1616 2787 Dei
1637 2733 1959 2789 seductorem
1977 2734 2141 2805 fuisse

2246 2726 2316 2782 l".
2352 2724 2506 2794 Πρὸς
2527 2723 2669 2790 τοὺς
2690 2722 3366 2810 πζὶγὰνονεῠπειέηςρότᾳς
3388 2732 3689 2802 γεγονέναι
3715 2736 3825 2794 τὸν

1192 2802 1524 2855 existimant.

649 2885 1028 2959 lnterrogandi
1065 2890 1231 2959 igitur
1250 2900 1400 2958 sunt,
1438 2909 1567 2947 num
1594 2895 1720 2963 quis
1747 2909 1987 2965 unquam
2006 2896 2145 2951 alius

584 2978 711 3033 huic
743 2979 937 3036 similis
968 2980 1230 3036 seductor
1259 2998 1325 3037 ex
1357 2984 1606 3040 historiis
1637 2986 1883 3056 ipsorum
1913 2988 2148 3057 proferri

583 3071 779 3139 possit,
809 3072 902 3142 qui
932 3073 1722 3147 mansuetudinis,probitatis,
1751 3081 2144 3150 temperantiae,

581 3162 870 3232 omn-isque
895 3165 1119 3233 reliquae
1160 3167 1378 3223 virtutis
1421 3170 1488 3225 iis
1536 3185 1674 3240 quos
1721 3173 1997 3229 seduxerit
2034 3191 2149 3230 ma-

581 3255 753 3325 gister
781 3262 834 3310 et
863 3264 1056 3311 auctor
1085 3260 1355 3314 exstiterit
1382 3280 1396 3315 :
1432 3270 1485 3316 et
1512 3271 1693 3318 utrum
1718 3265 1800 3320 fas
1827 3267 1899 3321 sit
1950 3268 2017 3324 iis
2048 3284 2149 3324 no-

581 3345 823 3400 minibus
857 3360 1052 3402 vocare
1078 3363 1223 3403 eum:
1260 3351 1353 3419 qui
1384 3367 1455 3407 ne
1484 3353 1686 3409 intueri
1752 3356 1971 3425 quidem
2021 3364 2147 3415 mu-

580 3435 770 3490 lierem
803 3450 926 3490 cum
955 3439 1219 3507 petulanti
1252 3441 1552 3510 cupiditate
1597 3445 1894 3514 permittit:
1926 3455 1982 3502 et
2014 3465 2144 3504 num

582 3524 630 3579 is
682 3526 958 3591 seductor,
991 3528 1081 3597 qui
1123 3544 1396 3584 summum
1455 3533 1813 3605 philosophia:
1872 3536 2144 3609 fastigium

580 3615 916 3681 tradiderit,
981 3619 1391 3692 discipulosque
1445 3639 1577 3680 suos
1639 3626 1934 3693 docuerit,
1998 3645 2147 3699 quae-

581 3725 795 3779 cunque
864 3710 1199 3781 possideant}
1242 3716 1419 3780 bona,
1500 3717 1868 3788 indigentibus
1946 3722 2147 3793 imper-

583 3797 697 3862 tiri,
738 3806 792 3853 et
841 3800 1044 3855 laboris
1097 3801 1336 3856 studium
1410 3820 1475 3860 ac
1511 3807 1922 3863 beneficentiam
1990 3812 2145 3883 103

580 3890 800 3959 plurimi
865 3890 1042 3946 facere
1100 3910 1115 3947 :
1176 3902 1229 3947 et
1279 3900 1460 3949 utrum
1515 3898 1769 3954 seductor
1822 3901 1889 3964 is,
1948 3904 2041 3971 qui
2089 3905 2143 3957 iu

578 3980 928 4036 multitudine
982 3983 1233 4052 populari
1283 4024 1299 4049 ,
1354 3986 1407 4040 in
1449 3988 1658 4057 plebeio
1721 3990 2145 4063 turbulentoque

577 4083 743 4139 grege
771 4073 974 4125 versari
1006 4074 1277 4140 prohibet,
1313 4078 1487 4130 solum
1518 4085 1697 4132 autem
1732 4095 1914 4134 rerum
1942 4081 2146 4138 divina-
2170 4104 2213 4161 ο

577 4175 698 4214 rum
729 4161 970 4215 studium
1003 4178 1100 4217 sua
1141 4164 1394 4219 doctrina
1443 4171 1806 4224 commendat.
1843 4170 1948 4237 Qui
1982 4188 2144 4242 porro

577 4249 693 4304 fieri
727 4258 926 4319 potest,
963 4260 1021 4304 ut
1068 4252 1115 4306 is
1160 4253 1355 4308 merito
1395 4256 1708 4309 nominetur
1741 4256 2018 4324 seductor,
2049 4260 2143 4329 qui

574 4347 630 4394 et
675 4340 745 4394 ab
785 4341 933 4395 omni
986 4343 1270 4397 mendacio
1311 4344 1606 4410 deterreat,
1651 4355 1706 4401 et
1749 4348 1816 4402 ad
1859 4352 2141 4406 veritatem

574 4442 768 4500 praeter
792 4443 986 4487 cuncta
1016 4434 1120 4487 alia
1149 4437 1581 4505 amplectendam
1604 4439 1963 4497 adhorletur?
1991 4451 2050 4497 ut
2074 4458 2142 4499 ne

567 4518 695 4589 jure
739 4521 957 4590 quidem
999 4522 1235 4592 juraudo
1286 4527 1415 4580 velit
1461 4544 1561 4583 nos
1612 4530 1895 4602 indigere?
1937 4541 2142 4603 quanto

572 4620 753 4666 autem
798 4615 977 4669 minus
1024 4615 1299 4684 perjurio?
1331 4638 1349 4669 ι
1379 4616 1461 4672 Sit
1504 4622 1649 4676 enim
1697 4638 1877 4679 sermo
1913 4633 2134 4682 vester:

575 4699 691 4765 Est,
723 4709 807 4757 est
834 4720 846 4756 :
874 4719 1001 4765 nou,
1040 4720 1147 4758 non
1172 4707 1213 4736 ⁶¹
1242 4725 1255 4759 :
1293 4726 1312 4756 ι
1349 4715 1403 4761 et
1431 4709 1561 4778 quid
1591 4726 1675 4765 me
1700 4712 1855 4780 plura
1888 4714 2140 4784 colligere

571 4800 807 4863 oportet,
845 4809 967 4849 cum
1000 4812 1065 4852 ex
1101 4796 1191 4861 iis,
1223 4813 1345 4867 quae
1379 4798 1490 4868 jam
1523 4801 1668 4855 dicta
1703 4811 1851 4869 sunt,
1883 4806 2043 4874 plane
2075 4806 2139 4859 li-

569 4892 690 4939 ceat
720 4885 953 4952 discere,
984 4890 1259 4958 quodnam
1293 4892 1455 4948 fuerit
1482 4894 1602 4964 ejus
1635 4897 1949 4967 reipublicae
1977 4898 2138 4952 insti-

568 4982 766 5040 tutum,
802 4994 924 5047 qua:
968 4980 1038 5035 ab
1085 4981 1179 5036 illo
1208 4983 1351 5040 inter
1384 4985 1631 5043 homines
1662 4988 1729 5042 ad
1766 4990 1890 5045 vita:
1925 4990 2135 5044 utilita-

566 5075 671 5121 tem
696 5066 1048 5126 disseminata
1081 5075 1203 5128 est?
1230 5090 1295 5130 ex
1323 5092 1452 5147 qua,
1486 5094 1595 5133 non
1628 5080 1789 5135 modo
1831 5096 1938 5136 non
1971 5083 2134 5138 sedu-

566 5164 801 5222 ctorem,
826 5160 920 5215 sed
953 5178 1076 5218 vere
1104 5165 1344 5222 divinum
1366 5172 1674 5239 quemdam,
1706 5180 1759 5227 et
1792 5172 1988 5227 divina:
2023 5174 2135 5242 pie-

563 5254 839 5318 tatemque
868 5253 1127 5321 amplexa:
1157 5257 1535 5329 philosophiae,
1580 5278 1688 5316 non
1732 5264 2040 5320 communis
2071 5266 2136 5319 il-

561 5338 668 5393 lius
720 5348 773 5393 et
824 5343 1066 5413 vulgaris
1116 5347 1586 5413 introductorem,
1645 5356 1826 5411 omnis
1884 5356 2132 5412 veritatis

2733 2794 2995 2861 Χριστὸν
3022 2796 3128 2851 τοῦ
3163 2794 3334 2853 Θεοῦ.

2318 2886 2582 2940 Πευστέον
2623 2885 2686 2957 δὴ
2756 2886 2934 2939 αὐτῶν
2991 2887 3171 2942 εἴποτέ
3224 2907 3309 2953 τις
3370 2892 3528 2959 ἀλλος
3584 2897 3822 2965 τοιοῦτος

2247 2978 2445 3042 πλάνος
2472 2978 2744 3048 ἱστόρηται
2773 2978 3095 3049 πραότητος,
3127 2981 3219 3033 καὶ
3263 2983 3582 3050 ἐπιεικείας,
3609 3006 3823 3062 σωφρο-

2249 3070 2412 3141 σύνης
2462 3087 2523 3123 τε
2582 3070 2673 3124 καὶ
2716 3070 2816 3140 τῆς
2870 3070 3032 3141 ἄλλης
3076 3072 3276 3144 ἀρετῆς
3322 3076 3640 3144 διδάσκαλος
3705 3088 3821 3149 τοῖς

2247 3159 2624 3232 ἀπατωμένοις
2666 3160 2902 3231 γεγονὼς
2950 3162 3149 3227 αἴτιοςο
3198 3167 3292 3218 καὶ
3342 3170 3392 3221 εί
3442 3169 3660 3241 θεμιτὸν
3707 3175 3821 3229 τοῦ·

2247 3270 2358 3318 τοις
2405 3254 2699 3308 ἀποκαλεῖν
2752 3257 2863 3318 τοῖς
2916 3256 3141 3329 ὀνόμασι
3194 3266 3286 3312 τον
3345 3261 3478 3333 μηδὲ
3530 3264 3822 3334 ἐμϐλέπειν

2250 3343 2385 3416 μετά
2454 3345 2747 3417 ἐπιθυμίας
2785 3346 3085 3401 ἀκολάστου
3132 3349 3375 3417 γυναιξὶν
3418 3353 3816 3428 ἐπιτρέψαντας

2247 3436 2341 3489 καὶ
2388 3437 2437 3488 εί
2488 3435 2683 3498 πλάνος
2724 3436 2753 3488 ὁ
2802 3435 2900 3507 τὴν
2951 3439 3029 3500 είς
3075 3436 3242 3508 ἀκρον
3286 3441 3561 3510 παραδοὺς
3602 3445 3819 3513 φιλοσο-

2248 3527 2374 3596 φίαν
2406 3529 2463 3580 ὲν
2487 3527 2563 3598 τῷ
2590 3529 2715 3588 τοὺς
2744 3527 3002 3599 φοιτητὰς
3034 3530 3305 3584 παιδεύειν
3334 3532 3441 3584 τῶν
3468 3534 3819 3607 ὑπαρχόντων

2246 3615 2445 3668 ὲνδεέσι
2490 3619 2783 3678 κοινωνεῖν,
2828 3618 2923 3670 καὶ
2960 3618 3021 3670 τὸ
3054 3618 3334 3686 φιλόπονον
3380 3622 3475 3675 καὶ
3508 3627 3819 3680 κοινωνικὸν

2246 3706 2374 3777 περὶ
2407 3705 2601 3759 πολλοῦ
2634 3707 2895 3761 τίθεσθαιο
2925 3708 3019 3761 καὶ
3058 3711 3107 3761 εἰ
3152 3711 3349 3775 πλάνος
3392 3714 3421 3765 ὁ
3470 3714 3568 3784 τῆς
3616 3717 3819 3788 πανδη-

2249 3814 2371 3868 μου,
2409 3798 2503 3852 καὶ
2542 3798 2816 3867 ἀγελαίου,
2859 3800 2954 3853 καὶ
2995 3799 3330 3872 θορυϐώδους
3384 3806 3667 3869 συνουσίας
3697 3808 3819 3860 ἀνε-

2244 3887 2463 3959 γείρων,
2487 3888 2750 3943 διδάσκων
2782 3889 2837 3943 δὲ
2865 3890 3029 3961 μόνην
3068 3891 3407 3958 ἀσπάζεσθαι
3447 3895 3544 3966 τὴν
3583 3899 3710 3968 περὶ
3748 3900 3819 3954 τὰ

2245 3979 2363 4035 θεῖα
2386 3980 2540 4049 λόγια
2572 3981 2786 4053 σχολήν.
2828 3983 2886 4036 '0
2934 3982 2992 4036 δὲ
3026 3985 3225 4049 παντὸς
3265 3987 3365 4056 μὲν
3416 3988 3648 4057 ψεύδους
3677 3992 3817 4046 ἀπο-

2244 4073 2480 4142 τρέπων,
2518 4075 2615 4146 τὴν
2650 4075 2696 4128 δ’
2736 4074 2988 4145 ἀλήθειαν
3036 4076 3138 4145 πρὸ
3175 4079 3374 4143 παντὸς
3411 4083 3574 4152 τιμᾷν
3612 4100 3813 4155 παραι-

2245 4162 2369 4216 νῶν·
2395 4164 2468 4228 ὠς
2500 4166 2619 4236 μηδ’
2643 4166 2892 4237 εὐορκίας
2920 4166 3145 4227 δεῖσθαι,
3180 4169 3374 4223 πολλοῦ
3402 4170 3484 4225 δεῖ
3514 4174 3812 4247 ἐπιορκεῖν·

2249 4271 2269 4304 ι
2297 4256 2475 4309 Ἔστω
2503 4257 2610 4327 γάρ
2648 4257 2799 4326 ὑμῶν
2842 4256 2904 4308 τὸ
2934 4258 3040 4310 Ναὶ
3083 4259 3189 4322 ναὶ,
3227 4262 3288 4315 τὸ
3323 4262 3383 4316 οὓ
3418 4262 3499 4316 οῦ·
3541 4285 3561 4318 ι
3596 4268 3713 4330 πῶς
3749 4268 3815 4322 ἂν

2244 4345 2441 4411 πλάνος
2473 4348 2694 4412 ἐνδίκως
2725 4348 3085 4421 ὀνομασθείη;
3119 4353 3229 4406 Καὶ
3265 4353 3317 4406 τί
3354 4372 3420 4424 με
3452 4356 3556 4429 χρὴ
3596 4359 3815 4414 πλείονα

2241 4437 2335 4490 νῦν
2389 4438 2585 4507 λέγειν,
2632 4441 2803 4512 παρὸν
2842 4445 2906 4497 ἐκ
2960 4444 3066 4497 τῶν
3118 4445 3351 4515 πρόσθεν
3388 4450 3692 4520 εἰρημένων
3730 4452 3814 4515 τίς

2242 4544 2371 4581 ποτε
2412 4525 2479 4600 ἦν
2518 4531 2716 4603 τρόπος
2751 4532 2953 4601 γνῶναι
2992 4535 3091 4605 τῆς
3125 4536 3217 4587 ὑπ*
3248 4537 3412 4590 αὑτοῦ
3444 4541 3813 4611 κατασπαρεί-

2242 4638 2340 4694 σης
2361 4622 2437 4692 τῷ
2460 4621 2558 4691 βίῳ
2590 4622 2880 4686 πολιτείας,
2902 4625 2994 4693 ἀφ’
3026 4621 3092 4697 ἦς
3118 4627 3217 4697 οὐχ
3245 4628 3394 4692 ὅπως
3418 4630 3635 4696 πλάνον,
3674 4632 3813 4686 ἀλλά

2237 4731 2357 4767 τινα
2384 4714 2523 4766 θεῖον
2547 4713 2621 4776 ὼς
2648 4713 2879 4785 ἀληθῶς,
2916 4716 3010 4769 καὶ
3050 4716 3221 4781 θείας,
3258 4720 3350 4771 καλ⁸
3384 4721 3661 4787 εὐσεϐοῦς,
3695 4724 3809 4778 ἀλλ’

2237 4806 2299 4860 οὐ
2332 4805 2428 4876 τῆς
2469 4806 2653 4875 κοινῆς
2694 4807 2788 4859 καὶ
2829 4806 3106 4879 πανδήμου
3156 4808 3469 4880 φιλοσοφίας
3512 4815 3809 4886 εἰσηγητὴν

2238 4898 2345 4959 πᾶς
2381 4898 2410 4948 ὀ
2460 4896 2757 4969 φιλαλήθης
2793 4898 2953 4952 αὑτὸν
2999 4900 3328 4974 ὁμολογήσαι
3365 4902 3464 4969 ἄν;
3524 4903 3626 4957 Τὸν
3678 4906 3808 4974 γοῦν

2238 4991 2348 5062 βίον
2379 4991 2486 5044 τῶν
2516 4991 2679 5046 πάλαι
2708 4992 2972 5062 θεοφιλῶν
3012 4993 3278 5064 Ἐϐραίων
3310 4993 3408 5066 ἤδη
3454 5012 3571 5060 πως
3615 4994 3676 5061 ἐξ
3715 4998 3809 5051 ἁν-

2236 5081 2466 5154 θρώπων
2514 5082 2826 5136 ἀπολωλότα
2883 5085 3042 5155 μόνος
3088 5086 3551 5157 ἀνανεωσάμενος,
3589 5090 3691 5143 οὐκ
3725 5093 3807 5156 είς

2236 5175 2457 5246 βραχεῖς
2496 5178 2590 5230 καὶ
2635 5177 2905 5247 μετρίους,
2959 5177 3070 5230 ἀλλ’
3102 5181 3180 5241 είς
3217 5178 3335 5232 ὅλον
3369 5180 3690 5248 ὲφαπλῶσαι
3713 5183 3807 5238 τὸν

2233 5270 2436 5340 κόσμον
2464 5269 2838 5323 ἀποδέδεικται
2875 5269 2961 5322 διὰ
2992 5270 3085 5322 τοῦ
3128 5269 3340 5341 πρώτου
3377 5272 3806 5345 συγγράμματος

2232 5363 2328 5433 τῆς
2357 5362 2638 5435 παρούσης
2667 5361 2994 5426 ὑποθέσεως*
3028 5362 3095 5416 δι’
3124 5357 3184 5415 οὗ
3214 5365 3476 5434 πάρεστιν
3499 5365 3805 5437 ἀνθρώποις

561 5436 774 5483 amator
822 5433 893 5486 sit
925 5433 1302 5495 confessurus.
1358 5441 1492 5496 Nam
1546 5444 1693 5514 quod
1744 5447 1875 5501 illud
1915 5447 2128 5503 vivendi

2246 5453 2326 5505 tati.
2350 5433 2726 5526 σπείραςήτοῖς
2759 5452 2878 5506 καθ’
2914 5454 3040 5524 ὅλης
3079 5456 3180 5525 τῆς
3214 5459 3537 5531 οἰκουμένης
3574 5433 3664 5513 τδν
3695 5461 3804 5515 τῶν

561 5517 913 5584 institutum,
983 5540 1092 5594 quo
1154 5528 1503 5588 Hebraaorum
1563 5537 1969 5606 antiquissimi,
2026 5538 2122 5594 Dei

562 5609 742 5675 amici,
783 5610 883 5666 viri
932 5615 1246 5685 utebantur,
1278 5624 1532 5697 quodque
1558 5625 1670 5698 jam
1703 5645 1770 5684 ex
1812 5630 2121 5690 hominibus

631 5762 673 5792 ⁶¹
725 5763 914 5822 Matth.
941 5784 994 5831 γ,
1034 5771 1123 5828 57.

2231 5544 2490 5614 θεοφιλῶν
2517 5545 2738 5599 ἐκείνων
2768 5546 2909 5615 ἀμφὶ
2927 5546 3017 5599 τὸν
3050 5547 3297 5620 Ἀϐραάμ
3323 5551 3548 5623 μυρίους
3566 5570 3627 5606 τε
3646 5554 3804 5619 ὅσους

2233 5633 2476 5705 ζηλωτὰς
2505 5635 2605 5689 οὐκ
2636 5634 2696 5699 ἐξ
2732 5634 2994 5707 Ἑλλήνων
3022 5636 3199 5708 μόνον,
3230 5640 3362 5694 ἀλλὰ
3392 5641 3483 5695 καὶ
3513 5643 3805 5718 βαρόάρων
