4120 6420
258 420 370 479 189

1188 416 1846 478 DEMONSTRATIONIS
1885 414 2348 472 EVANGELICE
2388 415 2515 471 LIB.
2554 414 2642 471 111.

3420 410 3528 469 190

260 541 367 612 τῆς
389 541 623 595 ἐκείνων
651 539 935 605 θεοσεϐοῦς
959 540 1234 604 πολιτείας
1259 537 1554 605 ἀποδεῖξαι.
1602 535 1764 590 Ἀλλά
1782 534 1848 590 τὰ

1952 535 2355 606 quodammodo
2404 534 2724 597 interierat,
2767 533 2921 589 solus
2978 531 3096 601 ipse
3146 529 3524 593 renovaverit,

266 631 371 703 μὲν
399 630 715 704 ἡθικώτερα
740 632 838 703 τῆς
862 630 1206 694 διδασκαλίας
1235 629 1400 684 αὐτοῦ
1429 627 1674 682 τοιαῦτα.
1715 627 1853 699 Φέρε

259 724 321 777 δὲ
358 721 697 794 σκεψώμεθα
748 725 822 795 μὴ
866 724 977 797 ἄρα
1007 723 1139 776 ποτὲ
1165 724 1194 776 ὁ
1223 721 1421 786 πλάνος
1449 719 1600 791 αὐτῷ
1631 719 1759 791 περὶ
1784 718 1855 772 τά

262 815 587 887 κυριώτατα
622 816 729 869 τῶν
780 816 1062 887 δογμάτων
1091 815 1424 883 κατεγίνετο.
1449 808 1577 884 'Ap’
1611 807 1706 866 οὖν
1733 811 1855 882 οὐχὶ

267 908 422 979 μόνῳ
448 908 532 979 τῷ
565 907 897 978 παμϐασιλεῖ
924 907 1042 979 Θεῷ
1084 906 1163 978 τῷ
1203 906 1297 961 καὶ⁵
1316 905 1570 976 οὐρανοῦ,
1600 905 1695 959 καὶ
1725 904 1851 974 γῆς,

263 1001 366 1052 καὶ
428 999 526 1052 τοῦ
587 1000 897 1071 σύμπαντος
952 1000 1155 1070 κόσμου
1217 996 1531 1071 δημιουργῷ
1574 997 1734 1059 αὐτός
1791 1012 1853 1048 τε

264 1091 632 1162 ἀνακείμενος
662 1093 755 1145 καὶ
780 1093 905 1154 τοὺς
936 1090 1193 1163 φοιτητὰς
1225 1090 1514 1162 προσάγων
1544 1088 1855 1159 ἀναγέγρα-

265 1198 441 1247 mn;
478 1182 661 1236 Είσέτι
695 1200 753 1236 τε
790 1184 884 1239 καὶ
912 1182 1070 1254 δεῦρο
1109 1184 1158 1236 οί
1191 1182 1292 1253 τῆς
1314 1181 1661 1244 διδασκαλίας
1686 1179 1852 1234 αὐτοῦ

264 1272 418 1342 λόγοι
451 1276 632 1329 πάντα
665 1274 896 1346 Ἕλληνα
925 1276 1018 1327 καὶ
1047 1274 1317 1347 βάρϐαρον
1346 1274 1457 1328 ἀνω
1491 1273 1589 1344 τὴν
1616 1271 1853 1326 διάνοιαν

267 1364 410 1436 πρὸς
437 1365 535 1419 τὸν
564 1367 824 1420 ἀνωτάτω
848 1366 980 1421 Θεὸν
1006 1366 1286 1436 ἀνάγουσι,
1322 1368 1507 1420 πᾶσαν
1531 1364 1732 1436 ὁρατὴν
1753 1363 1855 1433 φύ-

266 1473 357 1511 σιν
390 1458 762 1530 ὐπερόψαντα.
791 1455 935 1532 Ἀρα
967 1456 1060 1513 οὖν
1102 1459 1177 1530 μὴ
1215 1458 1387 1523 οὕτως
1412 1455 1479 1530 ἦν
1507 1460 1537 1511 δ
1567 1457 1783 1521 πλάνος,
1817 1456 1850 1526 ἦ

260 1549 353 1602 an
381 1550 460 1621 μὴ
486 1552 588 1636 Erat
613 1550 827 1615 πλείους
864 1551 1039 1605 σέϐειν
1067 1551 1223 1614 θεοὺς
1254 1552 1319 1604 ἐκ
1345 1551 1444 1621 τῆς
1480 1548 1739 1603 ἀνωτάτω
1758 1546 1853 1601 καὶ

266 1640 445 1713 μόνης
470 1641 707 1710 ἀληθοῦς
732 1642 1006 1711 θεολογίας
1034 1644 1123 1695 τὸν
1145 1643 1220 1706 ὠς
1248 1640 1460 1712 ἀληθῶς
1488 1642 1687 1695 πλάνον
1713 1657 1849 1712 τρα-

260 1731 599 1801 χηλισθὲντα
626 1738 929 1806 συγχωρεῖ;
974 1733 1112 1787 Ἀλλ’
1145 1728 1301 1797 οὗτος
1333 1734 1395 1787 οὐ
1429 1732 1712 1805 νεώτερος,
1740 1732 1851 1786 οὐδ’

262 1825 474 1887 οίκείος
506 1824 659 1895 αὐτῷ
678 1826 852 1894 λόγος,
875 1829 985 1891 τοῖς
1013 1827 1056 1879 δ’
1090 1827 1155 1879 ὲκ
1191 1825 1401 1897 μακροῦ
1430 1825 1590 1879 πάλιν
1613 1823 1852 1894 θεοφιλέ-

1958 645 2136 701 neque
2180 629 2237 683 in
2271 641 2477 699 paucos
2507 633 2565 682 et
2595 625 2862 688 modicos,
2907 626 3005 680 sed
3036 625 3091 678 in
3122 631 3299 678 totum
3336 624 3527 679 orbem

1954 720 2254 786 diﬂuderit,
2282 720 2339 774 in
2372 719 2550 790 primo
2582 716 2749 786 hujus
2775 716 2960 786 operis
2990 715 3132 770 libro
3155 715 3292 771 satis
3313 729 3345 768 a
3366 715 3527 770 nobis

1954 824 2240 870 ostensum
2282 822 2367 868 est
2402 830 2417 867 :
2450 826 2549 882 per
2593 826 2755 881 quem
2803 809 2993 878 utique
3032 808 3159 863 licet
3212 808 3527 863 hominibus

1950 905 2064 975 jam
2099 902 2375 957 turmatim
2407 901 2461 955 in
2496 908 2611 954 toto
2642 899 2795 960 orbe,
2828 897 2975 953 illius
3007 896 3152 959 vitae,
3181 895 3528 964 religionem-

1955 1010 2061 1067 que
2106 995 2368 1064 amplexa’:
2413 991 2743 1061 reipublicae,
2779 1004 2942 1060 quam
2981 995 3036 1043 et
3084 987 3202 1057 ipse
3247 985 3523 1040 Abraham

1953 1098 2007 1143 et
2036 1087 2128 1157 qui
2172 1102 2267 1155 per
2307 1085 2446 1139 idem
2486 1092 2700 1151 tempus
2734 1081 2916 1135 vixere
2955 1079 3146 1134 sectati
3182 1085 3331 1141 sunt,
3362 1078 3525 1131 innu-

1953 1180 2244 1237 merabiles
2275 1192 2386 1232 non
2419 1176 2594 1231 solum
2628 1190 2693 1229 ex
2719 1172 2946 1233 Graecis,
2986 1169 3082 1225 sed
3113 1170 3277 1223 etiam
3304 1185 3370 1222 ex
3398 1168 3525 1223 bar-

1954 1274 2124 1337 baris,
2155 1272 2502 1327 aemulatores
2538 1267 2845 1322 ostendere.
2876 1264 2939 1317 Et
2988 1264 3134 1318 illius
3166 1263 3387 1331 quidem
3418 1262 3520 1315 do-

1953 1366 2143 1420 ctrinae
2193 1378 2319 1433 pars
2350 1375 2470 1431 quae
2512 1359 2577 1413 ad
2619 1373 2799 1411 mores
2839 1357 3073 1425 pertinet
3129 1354 3324 1423 magis,
3373 1354 3525 1420 ejus-

1952 1456 2122 1512 modi.
2154 1454 2310 1508 Nunc
2340 1452 2624 1506 videamus
2654 1457 2837 1501 utrum
2863 1444 3172 1500 seductoris
3201 1456 3420 1506 nomen,
3445 1439 3523 1494 illi

1954 1549 2010 1604 in
2037 1562 2103 1602 eo
2131 1559 2327 1617 genere
2356 1551 2751 1612 praeceptorum
2774 1538 3085 1599 conveniat,
3119 1534 3263 1604 quod
3287 1533 3525 1589 maxime

1953 1635 2285 1691 dominatur.
2327 1631 2518 1686 Nonne
2565 1631 2731 1700 igitur
2779 1625 2846 1681 de
2893 1627 2984 1680 illo
3024 1626 3202 1695 palam
3257 1625 3523 1693 scriptum

1952 1735 2063 1792 est,
2094 1724 2552 1796 quemadmodum
2583 1722 2687 1777 soli
2714 1719 2960 1774 omnium
2991 1717 3106 1789 regi
3147 1715 3279 1777 Deo,
3311 1723 3367 1769 et
3396 1713 3524 1770 cceli

1954 1836 2018 1876 ac
2044 1828 2228 1882 terrae,
2257 1816 2553 1885 mundique
2582 1813 2823 1868 universi
2853 1811 3058 1880 opilici,
3085 1818 3140 1865 et
3163 1809 3280 1878 ipse
3304 1806 3523 1862 deditus

264 1931 356 1967 σιν
398 1891 674 1987 Ἑδραίοίς
694 1891 1013 1989 προσφιλὴς,
1035 1891 1319 1989 dumpon
1348 1917 1613 1971 δέδεικται
1638 1891 1727 1969 διά
1752 1917 1848 1986 τῆς

1955 1913 2139 1979 fuerit,
2174 1921 2229 1967 et
2251 1908 2637 1965 commendare
2668 1920 2798 1960 suos
2822 1903 3122 1973 discipulos
3146 1897 3525 1956 consueverit?

265 2009 809 2078 Hpozapaa'mﬁq,
834 2010 963 2082 παρ’
991 2004 1064 2062 ὧν
1093 2010 1193 2080 ἥδη
1215 2008 1436 2063 καὶτῶν
1464 2009 1599 2063 νέων
1638 2007 1851 2079 φιλοσό-

266 2115 386 2166 φων
420 2099 612 2163 παῖδες
637 2100 703 2153 τά
739 2101 945 2171 μεγάλα
975 2101 1332 2171 ὼφελημένοι,
1362 2100 1441 2172 τῷ
1458 2100 1684 2172 δόγματι
1720 2117 1849 2153 συν-

263 2189 603 2261 τιρέσθησαν.
637 2193 990 2263 Σεμνύνονται
1022 2196 1086 2263 γέ
1118 2210 1199 2246 τοι
1256 2194 1350 2247 καὶ
1371 2193 1550 2246 αὐτῶν
1582 2192 1848 2263 Ἑλλήνων

268 2281 324 2332 οἱ
359 2280 683 2350 λογιώτατοι
727 2284 819 2338 ἐπὶ
865 2286 1131 2355 χρησμοῖς
1166 2284 1275 2337 τῶν
1304 2283 1518 2338 οἰκείων
1560 2283 1716 2347 θεῶν,
1746 2276 1848 2335 ὧδέ

266 2386 390 2433 πως
424 2372 686 2443 Ἑϐραίων
711 2374 1153 2445 μνιῃιονεύονσιν⁸

1955 2003 2063 2060 Sed
2106 2017 2288 2057 nonne
2339 2001 2504 2055 etiam
2547 2011 2695 2051 nunc
2752 1996 2901 2049 illius
2944 1993 3209 2048 doctrina:
3254 2000 3526 2060 praecepta

1954 2109 2168 2157 omnes,
2196 2102 2251 2148 et
2290 2089 2510 2145 Graacos
2531 2097 2584 2143 et
2616 2086 2883 2141 barbaros
2919 2084 2986 2137 ad
3014 2097 3329 2153 supremum
3354 2080 3523 2134 Deum

1954 2201 2173 2242 sursum
2211 2189 2394 2239 mente
2424 2181 2712 2249 animoque
2745 2175 3176 2248 percipiendum,
3222 2181 3276 2228 et
3305 2184 3525 2226 omnem

1955 2275 2223 2332 visibilem
2278 2280 2529 2327 naturam
2578 2266 2980 2338 despiciendam
3031 2262 3337 2319 extollunt?
3393 2274 3524 2314 num

1954 2369 2122 2439 igitur
2141 2366 2232 2421 hic
2253 2365 2353 2419 fuit
2377 2362 2667 2419 seductor?
2703 2374 2775 2413 an
2808 2373 2937 2413 vero
2966 2356 3111 2426 quod
3138 2355 3324 2424 plures
3346 2353 3526 2407 colere

270 2462 406 2517 deos
441 2442 887 2533 exsupremahet
925 2465 1041 2519 sola
1085 2479 1211 2518 vera
1246 2463 1513 2532 theologia
1554 2477 1701 2525 eum,
1767 2461 1859 2531 qui
1896 2473 2086 2515 revera
2119 2458 2175 2511 in
2211 2469 2452 2510 errorem
2511 2466 2753 2522 praeceps
2792 2451 2862 2505 sit
2914 2449 3100 2518 lapsus
3157 2460 3266 2500 non
3302 2442 3528 2513 permit-

270 2553 377 2606 tit?
400 2561 456 2606 at
480 2553 572 2608 hic
599 2570 707 2608 non
741 2570 955 2619 recens,
984 2572 1160 2627 neque
1183 2557 1330 2611 illius
1360 2556 1613 2626 pr0prius
1636 2569 1842 2616 sermo,
1907 2552 2006 2608 sed
2042 2567 2109 2606 ex
2155 2549 2326 2604 multo
2379 2554 2623 2616 tempore
2668 2543 2866 2614 priscis
2922 2540 3016 2596 Dei
3062 2538 3366 2594 cultoribus
3418 2535 3524 2590 He-

272 2646 435 2700 braeis
464 2658 783 2710 consuetus,
827 2649 1279 2718 quemadmodum
1306 2656 1359 2704 et
1392 2649 1448 2702 in
1474 2647 1874 2717 Pax-paratione
1913 2651 2195 2699 ostensum
2234 2649 2339 2704 est,
2372 2655 2437 2692 ex
2497 2653 2604 2707 qua
2632 2638 2743 2705 jam
2792 2647 2940 2689 nunc
2964 2646 3089 2687 cum
3135 2640 3384 2686 recentes
3412 2628 3531 2698 phi-

271 2738 493 2811 losophi
560 2755 812 2811 magnam
882 2743 1167 2801 utilitatem
1225 2745 1550 2813 acceperint,
1604 2744 1782 2813 ipsum
1848 2740 2112 2795 doctrina:
2186 2750 2360 2806 genus
2406 2733 2921 2802 comprobaverunt.
2968 2729 3236 2784 Caeterum
3279 2726 3521 2797 ipsorum

270 2813 434 2885 etiam
472 2832 631 2904 105.
652 2830 964 2888 Graecorum
1006 2835 1310 2891 doctissimi
1352 2850 1576 2890 suorum
1644 2834 1873 2890 deorum
1937 2830 2178 2887 oraculis
2232 2828 2556 2899 gloriantur.
2604 2825 2673 2881 de
2731 2825 2972 2882 Hebraeis
3021 2825 3075 2879 in
3118 2824 3266 2879 hunc
3302 2819 3523 2876 modum

270 2929 605 2981 mentionem
636 2927 965 2983 facientibus
995 2946 1011 2983 :
1095 2944 1111 2954 ‘

266 3039 501 3094 Μοῦνοι
524 3038 806 3092 Χαλδαῖοι
831 3039 1057 3108 σοφίην
1083 3039 1296 3108 λάχον,
1327 3039 1420 3106 ἠδ’
1444 3039 1535 3108 ἄρ’
1578 3038 1846 3107 Ἑϐραῖοι,

260 3111 710 3177 Αὑτοτὲνεθλον
740 3109 969 3163 ἄνακτα
998 3108 1375 3180 σεϐαζόμενοι
1410 3110 1557 3163 Θεὸν
1587 3108 1804 3179 ἁγνῶς.

266 3283 575 3348 Χαλδαίους
614 3284 670 3338 δὲ
713 3285 839 3348 τοὺς
886 3285 1083 3347 αὐτοὺς
1109 3284 1196 3338 διὰ
1222 3285 1314 3339 τὸν
1358 3283 1606 3356 Ἀϐραὰμ
1635 3285 1848 3357 ὠνόμα-

268 3394 381 3440 etv,
424 3376 552 3429 ὲπεὶ
580 3376 843 3440 Χαλδαῖος
886 3372 951 3448 ἦν
992 3378 1054 3429 τὸ
1092 3378 1267 3446 γένος,
1316 3378 1392 3443 ὡς
1430 3380 1739 3449 ἱστορεῖται.
1783 3380 1847 3432 Ei

264 3468 330 3541 δὴ
368 3464 467 3522 οὖν
497 3469 593 3522 καὶ
633 3469 903 3540 πρόπαλαι
945 3469 1131 3533 παῖδες
1174 3468 1436 3542 Ἐϐραίων
1461 3469 1567 3525 τῶν
1587 3469 1650 3541 δὴ
1692 3468 1850 3541 μάλι-

266 3578 393 3620 στα,
423 3562 521 3614 καὶ
548 3560 679 3631 πρὸς
709 3561 816 3613 τῶν
859 3560 1121 3632 χρησμῶν
1168 3563 1260 3614 ἐπὶ
1294 3562 1452 3632 σοφίᾳ
1495 3578 1849 3632 μεμαρτυρη-

267 3653 451 3723 μένων
484 3652 580 3704 ἐπὶ
613 3652 768 3722 μόνον
811 3652 900 3705 τὸν
939 3652 1154 3705 πάντων
1185 3653 1512 3725 δημιουργὸν
1545 3653 1675 3705 Θεὸν
1718 3653 1850 3722 ἀνῆ-

265 3763 363 3814 γον
397 3745 462 3797 τὸ
512 3744 697 3808 σέϐαςο
729 3744 780 3798 τί
821 3746 902 3798 δεῖ
934 3745 1151 3809 πλάνον,
1181 3746 1298 3815 οὐχὶ
1331 3745 1387 3799 δὲ
1421 3744 1732 3816 θαυμαστὸν
1760 3746 1850 3798 εὐ-

269 3837 491 3900 σεϐείας
520 3836 835 3890 διδάσκαλον
856 3837 1132 3908 ὁμολογεῖν
1155 3838 1372 3902 τοῦτον;
1395 3838 1453 3901 ὃς
1477 3837 1546 3890 τὰ
1573 3837 1848 3909 πρόπαλαι

270 3928 435 3997 μόνος
467 3931 580 3991 τοῖς
608 3928 907 3997 θεοφιλέσιν
951 3929 1220 4000 Ἑϐραίοις
1262 3929 1579 3998 ἐγνωσμένα
1612 3931 1691 3992 είς
1716 3929 1850 3982 πάν-

266 4034 367 4081 τας
396 4017 721 4089 ἀνθρώπους
764 4018 978 4092 ἀοράτῳ
1011 4021 1103 4073 καὶ
1137 4019 1305 4090 ὲνθέῳ
1344 4020 1568 4089 δυνάμει
1609 4038 1851 4092 προαγα-

266 4112 383 4179 γὼν
414 4109 751 4180 ὲξήπλωσεν·
785 4110 924 4166 ὥστε
963 4111 1157 4183 μηκέτι
1185 4112 1322 4165 κατά
1350 4112 1410 4165 τὸ
1443 4111 1666 4165 παλαιὸν
1714 4112 1848 4184 βρα-

267 4206 382 4274 χεῖς
402 4219 560 4265 τινας
596 4203 686 4254 καί
711 4200 926 4274 ἀριθμῷ
959 4203 1195 4275 ληπτοὺς
1221 4203 1384 4274 ὁρθὰς
1416 4205 1544 4275 περὶ⁸
1584 4203 1717 4256 Θεοῦ
1764 4205 1851 4274 φέ-

269 4310 386 4364 ρειν
423 4292 606 4358 δόξας,
634 4292 770 4345 ἀλλὰ
805 4293 969 4364 μυρία
1000 4293 1179 4364 πλήθη
1220 4294 1506 4365 βαρὸάρων
1539 4294 1644 4347 τῶν
1683 4295 1849 4349 πάλαι

268 4384 739 4455 θηριωδεστάτων,
778 4384 970 4454 λογίων
999 4402 1059 4441 τε
1093 4386 1186 4439 καὶ
1242 4386 1506 4458 Ἐλλήνων
1538 4387 1766 4458 ἀνδρῶν,
1798 4390 1848 4443 οἳ

268 4482 381 4540 τοῖς
416 4476 585 4530 πάλαι
625 4480 928 4548 προφήταις
950 4478 1044 4531 καὶ
1066 4478 1294 4542 δικαίοις
1314 4460 1571 4551 άνδράσίν
1603 4480 1847 4534 εὐσεϐεῖν

1957 3034 2097 3094 Solis
2136 3032 2399 3090 Chaldaeis
2427 3033 2687 3103 sapientia
2710 3031 2945 3102 conligit,
2980 3042 3138 3103 atque

1957 3108 2220 3165 Hebrwis.
2249 3107 2338 3169 qui
2362 3120 2429 3159 ea;
2449 3102 2503 3157 se
2525 3105 2777 3174 genitum,
2811 3119 3080 3173 regemque
3107 3102 3365 3174 deumque

1958 3178 2105 3230 Pura
2138 3186 2306 3230 mente
2331 3171 2542 3238 colunt,
2568 3183 2723 3243 atque
2756 3190 2917 3226 unum
2949 3171 3138 3227 numen
3168 3171 3416 3227 adorant.

1948 3287 2236 3342 Chaldazos
2264 3293 2444 3340 autem
2466 3284 2686 3341 eosdem
2715 3293 2939 3355 propter
2961 3285 3235 3339 Abraham
3270 3282 3523 3338 nomina-

1948 3381 2048 3444 vit,
2085 3383 2201 3450 qui,
2256 3388 2316 3434 ut
2353 3381 2628 3435 memoria:
2657 3382 2931 3451 proditum
2963 3388 3069 3444 est,
3120 3395 3320 3450 genere
3357 3376 3524 3434 Chal-

1949 3469 2099 3524 daeus
2128 3471 2249 3525 fuit.
2291 3469 2349 3525 Si
2381 3471 2547 3541 igitur
2575 3473 2739 3526 etiam
2786 3472 2857 3526 ab
2892 3473 3135 3541 antiquis
3172 3486 3345 3540 usque
3383 3477 3525 3526 tem-

1950 3561 2198 3629 poribus,
2242 3560 2475 3628 Hebraei,
2525 3564 2618 3633 qui
2658 3563 2892 3618 maxime
2929 3562 2999 3617 ab
3030 3562 3270 3617 oraculis
3304 3576 3523 3631 quoque

1949 3652 2231 3722 sapientia:
2270 3654 2640 3708 testimonium
2693 3662 3046 3724 acceperunt,
3084 3655 3140 3708 in
3173 3669 3342 3709 unum
3392 3667 3514 3706 om-

1949 3745 2101 3798 nium
2145 3760 2330 3800 rerum
2386 3745 2632 3816 opificem
2677 3744 2849 3800 Deum
2899 3745 3274 3801 adorationem
3318 3745 3523 3815 dirige-

1949 3837 2102 3901 bant,
2142 3853 2243 3892 cur
2275 3838 2623 3893 seductorem
2675 3839 2932 3907 amplius,
2964 3853 3029 3892 ac
3060 3854 3170 3892 non
3202 3837 3383 3907 potius
3417 3836 3522 3890 mi-

1950 3928 2178 3983 rabilem
2218 3928 2502 3999 religionis
2542 3930 2886 4001 magistrum,
2921 3930 3066 3984 hunc
3085 3930 3198 3999 jam
3235 3929 3406 3985 fuisse
3440 3928 3521 3982 fa-

1948 4021 2202 4074 teamur?
2244 4023 2337 4090 qui
2386 4037 2451 4076 ea
2504 4038 2626 4091 qua:
2668 4023 2942 4092 quondam
2996 4024 3130 4078 solis
3175 4021 3272 4077 Dei
3326 4023 3520 4078 amicis

1949 4110 2191 4167 Ilebrazis
2224 4114 2442 4183 cognita
2468 4122 2645 4177 erant,
2680 4115 2733 4168 in
2774 4122 3005 4169 cunctos
3042 4114 3291 4169 homines
3328 4113 3522 4168 invisi-

1949 4205 2067 4268 bili,
2094 4204 2387 4276 divinaque
2429 4208 2628 4261 virtute
2659 4207 2885 4277 protulit
2912 4223 2975 4261 ac
3007 4207 3286 4263 delitavit?
3322 4214 3380 4260 ut
3412 4222 3520 4260 non

1949 4295 2203 4364 amplius,
2245 4296 2387 4349 sicut
2422 4296 2574 4363 prius
2597 4296 2754 4364 pauci
2786 4294 3008 4364 quidam
3043 4302 3097 4349 et
3128 4294 3518 4355 numerabiles,

1952 4396 2130 4440 rectas
2158 4386 2225 4440 de
2258 4383 2368 4440 Deo
2398 4386 2632 4441 habeant
2655 4386 2962 4454 opiniones,
2988 4385 3081 4440 sed
3106 4394 3409 4440 conventus
3435 4384 3522 4437 in-

1950 4478 2318 4533 numerabiles
2362 4487 2472 4531 tam
2513 4477 2794 4532 hominum
2837 4480 3219 4543 barbarorum,
3264 4478 3356 4545 qui
3388 4478 3519 4532 olim

266 4569 471 4639 ὁμοίως
501 4568 591 4622 διὰ
613 4570 779 4639 μόνης
811 4569 907 4639 τῆς
940 4568 1102 4622 αὐτοῦ
1130 4570 1410 4640 δυνάμεως
1430 4571 1847 4642 ὲπαιδεύθησαν.

1953 4569 2211 4625 ferissimi
2241 4578 2418 4634 erant,
2442 4586 2602 4641 quam
2628 4572 2958 4641 sapientium
2983 4580 3037 4626 et
3066 4569 3400 4642 Graecorum,
3425 4569 3521 4639 qui

282 4660 444 4713 Ἀλλὰ
484 4659 550 4731 δὴ
592 4659 654 4712 τὸ
700 4659 881 4730 τρίτον
930 4658 1277 4731 σκεψώμεθα,
1310 4662 1383 4733 μή
1426 4663 1672 4735 ποτ’άρα
1704 4664 1847 4718 τοῦτ’

265 4749 335 4824 ἦν
353 4753 420 4806 δι’
442 4753 472 4806 ὃ
508 4752 710 4806 πλάνον
735 4753 895 4806 αὐτόν
923 4770 1108 4826 φησιν,
1133 4755 1215 4807 ὅτι
1250 4755 1323 4825 μὴ
1367 4754 1674 4825 βουθυσίαις
1715 4758 1850 4829 μηδὲ

268 4845 423 4909 ζώων
452 4846 667 4913 ἀλόγων
720 4850 955 4915 σφαγαῖς
992 4846 1112 4917 μηδ’
1159 4848 1354 4917 αἵμασι
1395 4850 1488 4902 καὶ
1527 4853 1679 4920 πυρὶ,
1716 4851 1849 4922 μηδὲ

266 4940 378 5000 τοῖς
403 4940 515 4991 ἀπὺ
559 4938 661 5007 γῆς
689 4939 1154 5010 άναθυμιωμένοις
1193 4940 1254 4992 τὸ
1288 4940 1428 4994 θεῖον
1460 4944 1625 5013 τιμᾷν
1673 4944 1848 4997 διετά-

266 5028 415 5095 ξατο.
445 5030 694 5083 Ταπεινά
724 5031 818 5100 μὲν
851 5031 942 5084 καὶ
975 5030 1146 5102 γεώδη
1177 5031 1346 5085 ταῦτα
1379 5034 1473 5087 καὶ
1517 5036 1617 5105 τῆς
1646 5036 1846 5089 ἀθανά-

264 5138 357 5174 του
386 5122 606 5190 φύσεως
636 5121 885 5193 οὐδαμῶς
931 5124 1106 5177 οἰκεῖα
1148 5124 1520 5196 λογισάμενος,
1556 5129 1746 5198 κρίνας
1789 5130 1846 5182 δὲ

267 5214 446 5283 πάσης
484 5212 679 5275 θυσίας
733 5216 1175 5286 προσηνεστάτην
1220 5217 1314 5269 καὶ
1361 5218 1543 5288 ἡδεῖαν
1588 5215 1727 5273 εἶναι
1769 5222 1846 5293 τῷ

263 5303 385 5374 Θεῴ
413 5303 516 5374 τὴν
563 5304 674 5357 τῶν
715 5305 929 5358 οίκείων
974 5307 1202 5363 ἐντολῶν
1246 5311 1602 5381 κατόρθωσιν,
1651 5313 1719 5366 δι’
1770 5308 1845 5367 ὧν

262 5393 416 5465 αὐτῷ
443 5395 660 5465 σώματι
698 5397 793 5449 καὶ
822 5395 968 5466 ψυχῇ
988 5397 1446 5470 κεκαθαρμένους,
1477 5400 1553 5471 νῷ
1591 5418 1651 5454 τε
1698 5401 1845 5455 διαυ-

262 5487 349 5551 γεῖ
370 5484 465 5537 καὶ
494 5484 760 5554 δόγμασιν
786 5486 1062 5545 εὐσεϐέσιν
1090 5491 1553 5560 κεκοσμημένους,
1580 5491 1676 5561 τὴν
1708 5493 1847 5564 πρὸς

263 5579 353 5631 τὴν
384 5577 518 5631 θεὸν
559 5578 878 5648 ἐξομοίωσιν
908 5580 1300 5652 ἀπομιμεῖσθαι
1328 5583 1593 5649 ἐδίδασκε,
1619 5584 1843 5658 διαρῤή-

264 5669 360 5740 δην
387 5670 634 5738 φάσκων·
678 5689 698 5723 ι
748 5671 975 5726 Ἐσεσθε
1018 5673 1232 5733 τέλειοι.
1267 5673 1342 5737 ὡς
1382 5675 1411 5727 ὁ
1458 5674 1643 5747 Πατήρ
1692 5677 1843 5746 ὑμῶν

265 5760 468 5825 τέλειός
491 5764 659 5816 ἐστιν.
700 5781 720 5813 ι
753 5762 816 5814 Ei
846 5761 909 5833 δὴ
948 5763 1121 5817 ταῦτά
1164 5781 1248 5828 τις
1300 5764 1564 5837 Ἐλλήνων
1602 5767 1841 5839 αἰτιῷτο,

267 5852 398 5906 [nm
426 5852 504 5927 μὴ
533 5852 663 5924 φίλα
683 5854 795 5917 τοῖς
823 5854 1042 5919 οἰκείοις
1069 5855 1408 5921 διδασκάλοις
1439 5858 1668 5927 φρονῶν,
1705 5859 1839 5926 οἶγε,

1951 4664 2300 4733 antiquorum
2354 4664 2777 4733 prophetarum,
2825 4666 3212 4735 justorumque
3274 4663 3520 4716 virorum

1951 4757 2265 4826 religionem
2292 4758 2567 4828 amplecti,
2592 4758 2706 4813 sola
2740 4758 2888 4812 illius
2913 4759 3115 4812 virtute
3150 4756 3328 4812 edocti
3355 4753 3524 4809 sunt?

1952 4848 2056 4904 Sed
2096 4851 2208 4919 jam
2261 4850 2482 4903 tertium
2532 4850 2665 4904 illud
2702 4851 3156 4918 contemplemur,
3208 4864 3340 4901 num
3395 4862 3520 4901 vere

1948 4941 2101 4995 illum
2151 4941 2495 4996 seductorem
2546 4942 2837 5011 appellent,
2881 4940 3027 5011 quod
3075 4954 3185 4993 non
3232 4938 3519 4993 sacrificiis

1948 5033 2134 5096 boum,
2176 5048 2353 5103 neque
2387 5035 2673 5089 brutorum
2718 5035 3034 5088 animalium
3074 5032 3516 5092 mactationibus,

1948 5139 2125 5193 neque
2151 5125 2443 5181 cruoribus
2494 5135 2657 5196 atque
2691 5127 2834 5195 igne,
2871 5141 3047 5195 neque
3084 5125 3153 5179 iis
3190 5124 3356 5180 rebus
3398 5139 3521 5192 qua:

1946 5216 2014 5271 de
2037 5224 2182 5271 terra
2214 5229 2519 5274 nascuntur
2555 5220 2816 5281 incensis,
2848 5219 3190 5272 divinitatem
3222 5216 3401 5271 colere
3434 5215 3520 5268 in-

1946 5310 2169 5366 stituit:
2208 5326 2401 5382 nempe
2437 5312 2663 5366 humilia
2714 5311 2828 5365 haac
2871 5318 2925 5365 et
2958 5311 3196 5372 tbrrena,
3246 5309 3521 5363 immorta-

1945 5402 2095 5472 lique
2124 5410 2336 5458 naturte
2381 5404 2533 5458 nullo
2568 5403 2730 5458 modo
2760 5402 3141 5457 convenientia
3170 5401 3515 5462 existimans,

1940 5494 2307 5566 judicansque
2349 5495 2501 5549 omni
2546 5494 2819 5550 sacriﬁcio
2872 5495 3080 5565 gratius
3106 5492 3519 5563 jucundiusque

1944 5585 2057 5641 Deo
2089 5603 2290 5647 munus
2323 5587 2525 5650 offerri,
2571 5603 2695 5641 cum
2728 5588 2853 5658 quis
2894 5589 3039 5642 illius
3071 5595 3336 5657 praecepta
3358 5585 3517 5654 plene

1944 5676 2338 5740 observaverit,
2364 5691 2461 5746 per
2484 5690 2605 5745 qua!
2638 5677 2757 5747 ipso
2787 5691 3037 5746 corpore,
3074 5675 3363 5743 animaque
3387 5686 3516 5743 pur-

1944 5773 2122 5836 gatos,
2155 5774 2445 5837 menteque
2473 5767 2644 5821 nitida
2685 5783 2749 5823 ac
2776 5768 3011 5823 decretis
3040 5767 3311 5837 religiosis
3337 5765 3518 5818 inibu-

1947 5866 2051 5925 tos,
2087 5859 2214 5914 dum
2244 5874 2307 5916 ea
2340 5859 2540 5915 imitari
2584 5861 2763 5923 docet,
2798 5875 2916 5929 qua:
2961 5860 3167 5915 similes
3200 5857 3308 5914 Deo
3338 5858 3514 5912 homio
