4158 6418
555 406 655 463 191
1217 402 1487 461 EUSEBII
1527 401 2009 461 CESARIENSIS
2040 405 2143 461 ΟΡ]

2246 404 2408 461 PARS
2440 407 2507 461 ll.
2546 438 2617 449 -—
2654 406 3153 465 APOLOGETICA.
3702 392 3807 450 '93

556 541 655 582 nes
681 523 938 590 efﬁciant,
970 537 1103 578 suos
1125 524 1303 593 palam
1334 523 1594 589 instituit,
1629 523 1822 579 dicens
1847 541 1861 579 :
1893 542 1913 576 ι
1940 522 2129 580 Estote

2246 524 2306 588 ἱις
2336 523 2502 588 είκδς,
2533 526 2591 593 ἐξ
2627 526 2786 598 ἡμῶν
2826 525 3166 597 ἀφελόμενοι,
3204 519 3326 575 ἐπεὶ
3367 523 3460 572 καὶ
3501 514 3619 589 μεθ’
3657 519 3806 588 ἡμᾶς

554 616 807 690 perfecti,
834 614 979 670 sicut
1009 613 1173 669 Pater
1197 622 1377 670 vester
1396 614 1674 684 perfectus
1711 622 1798 670 est
1815 615 1883 669 σί.
1914 633 1934 666 ι
1967 613 2123 679 Quod

2246 617 2481 686 γεγόνασι
2505 620 2617 682 τοῖς
2646 618 2876 690 χρόνοις,
2909 617 3053 686 λέγω
3097 616 3155 670 δὲ
3195 611 3333 684 μετὰ
3360 610 3460 681 τὴν
3509 608 3806 681 προϐεϐλη-

555 712 604 766 si
653 709 778 777 quis
824 705 1136 761 Graecorum
1192 707 1307 761 haec
1354 704 1740 777 reprehendat,
1788 706 1836 761 is
1885 704 2023 761 sciat
2066 720 2127 761 se

2246 711 2403 781 μένην
2430 712 2562 781 ἡμῖν
2588 710 2694 765 ὑπὸ
2719 710 2812 765 τοῦ
2841 711 3091 783 Σωτῆρος
3121 708 3277 781 ἡμῶν
3312 703 3677 766 διδασκαλίαν,
3717 698 3807 756 οἶα

555 800 719 852 etiam
756 788 1180 867 pmceptoribus
1217 797 1334 851 suis
1354 795 1629 851 contraria
1654 796 1877 860 sentire,
1913 795 2008 866 qui
2046 795 2129 848 vi-

2246 800 2296 872 ii)
2326 803 2616 874 ἐγγράφως
2638 803 2970 874 ὡμολόγουν.

555 890 775 949 delicet.
816 897 875 944 ut
922 904 1022 959 par
1060 898 1162 952 est,
1224 889 1393 943 multa
1446 904 1475 942 a
1520 889 1678 943 nobis
1733 889 1890 943 utilia
1931 887 2134 954 edocti,
2163 892 2367 963 quippe
2412 897 2505 967 qni
2550 898 2710 952 nobis
2770 899 2935 953 etiam
2969 903 3213 964 tempore
3276 893 3480 948 fuerint
3537 891 3810 963 posterio-

554 1000 667 1045 res,
702 984 828 1039 dico
862 992 1041 1036 autem
1068 996 1130 1037 ea
1157 981 1409 1036 doctrina
1430 996 1554 1052 quae
1584 982 1743 1038 nobis
1772 997 1802 1036 a
1843 979 2127 1037 Salvatore
2160 994 2354 1042 nostro
2373 995 2628 1060 exposita
2655 998 2760 1055 est,
2787 990 2915 1046 audi
2932 990 3045 1061 jam
3077 1003 3223 1043 nunc
3264 988 3445 1059 qualia
3509 986 3639 1051 sint,
3688 998 3811 1057 qua:

557 1079 766 1148 scripto
797 1077 1090 1131 fateantur.

2237 1168 2356 1223 Ὅτι
2390 1168 2572 1223 οὐδὲν
2599 1168 2717 1240 τῷν
2740 1170 2860 1224 ἀπὸ
2887 1169 3002 1240 γῆς
3028 1168 3143 1239 χρὴ
3175 1168 3254 1235 τῷ
3276 1169 3385 1240 ,ἐπί
3420 1167 3661 1223 πάντων
3689 1171 3811 1237 Θεῷ

2310 1241 2450 1293 οὔτε
2494 1238 2711 1308 θυμιᾶν
2740 1238 3109 1295 οὐτε-θύειν.
3151 1239 3292 1293 Ἀπὸ
3318 1238 3435 1294 τῶν
3470 1242 3810 1309 Πορφυρίου

2309 1309 2450 1378 Περὶ
2479 1310 2769 1379 ἐμψύχων
2795 1309 3036 1379 ἀποχῆς
3065 1310 3165 1380 (1).

2312 1441 2332 1474 ι
2364 1421 2481 1493 Θεῷ
2525 1423 2623 1493 μὲν
2658 1421 2736 1494 τῷ
2774 1422 2867 1475 ἐπὶ
2909 1424 3094 1487 πᾶσιν,
3134 1422 3217 1504 ὥς.
3246 1437 3332 1484 τις
3362 1417 3503 1493 ἀνὴρ
3542 1423 3702 1492 σοφὸς
3733 1423 3809 1492 (2)

533 1228 545 1234 ρ
561 1192 719 1267 105
737 1188 1043 1267 (lumini/ti!
1063 1204 1242 1267 eorum
1257 1204 1374 1256 quae
1389 1186 1453 1241 de
1470 1195 1612 1267 terra
1626 1187 2128 1267 prodeu‘nl,_oportet

630 1257 835 1332 Ξιῖηιηιο
868 1260 983 1332 Deo
1006 1257 1276 1332 incendere
1306 1269 1399 1332 aut
1433 1260 1760 1332 sacri/icore.
1790 1259 1872 1313 Ea:
1898 1259 2132 1332 Porphyo

630 1334 710 1387 rio
735 1331 811 1385 De
844 1330 1165 1385 abstinentia
1194 1328 1259 1381 ab
1286 1329 1560 1383 animatis.

632 1457 654 1492 ι
694 1440 804 1495 Deo
848 1453 1085 1500 summo,
1134 1439 1278 1493 sicut
1312 1437 1534 1507 quidam
1572 1437 1658 1493 vir
1701 1439 1922 1508 sapiens
1970 1438 2130 1504 dixit,

558 1531 696 1586 nihil
733 1545 922 1585 eorum
953 1545 1075 1601 quae
1116 1529 1184 1582 ad
1220 1545 1418 1587 sensus
1462 1531 1737 1601 pertinent
1779 1532 1896 1587 sive
1937 1530 2132 1585 incen-

2246 1517 2342 1588 ἔφη
2361 1557 2377 1581 ,
2414 1516 2576 1588 μηδὲν
2604 1516 2712 1569 τῶν
2745 1514 3018 1587 αἰσθητῶν
3052 1516 3188 1587 μήτε
3221 1513 3438 1577 θύοντες
3469 1514 3592 1584 μήτ’
3625 1516 3815 1569 ἐπονο-

557 1623 769 1685 dentes,
814 1623 930 1677 sive
964 1620 1381 1677 denominantes
1425 1621 1585 1693 (nihil
1616 1622 1763 1676 enim
1801 1630 1887 1677 est
1916 1636 2130 1687 eorum,

2246 1610 2522 1681 μάζοντες,
2561 1608 2732 1679 (οὐδὲν
2770 1607 2876 1680 γὰρ
2912 1607 3118 1673 ἐνυλον,
3158 1607 3188 1660 ὃ
3237 1608 3310 1680 μὴ
3352 1607 3429 1679 τῷ
3467 1606 3615 1679 ἁΰλῳ
3652 1606 3813 1672 εὐθύς

558 1729 681 1785 quae
708 1714 937 1768 materia
967 1722 1245 1779 constant,
1272 1711 1417 1784 quod
1444 1728 1551 1767 non
1578 1714 1829 1784 protinus
1861 1714 1909 1768 ei
1937 1713 2009 1769 sit
2038 1713 2137 1767 im-

2246 1704 2386 1755 εστιν
2429 1700 2755 1772 ἀκάθαρτον.
2794 1699 2885 1753 Διὸ
2927 1699 3047 1753 οὐδὲ
3091 1698 3245 1768 λόγος
3288 1698 3436 1769 αὐτῷ
3471 1698 3584 1752 οὔθ’
3611 1700 3641 1752 ό
3672 1701 3815 1753 κατά

558 1805 850 1872 mundum,
887 1806 981 1875 qui
1012 1821 1209 1876 expers
1241 1814 1326 1861 est
1358 1806 1538 1859 omnis
1563 1806 1822 1861 materiai.
1855 1804 2035 1872 Quare
2066 1820 2135 1859 ne

2246 1793 2422 1864 φωνὴν
2452 1794 2667 1855 οἰκεῖος,
2720 1790 2833 1844 οὗθ’
2871 1793 2899 1844 ό
2936 1790 3104 1854 ἔνδον,
3139 1790 3215 1843 ὅτ’
3246 1789 3313 1844 ἂν
3359 1790 3520 1845 πάθει
3570 1786 3812 1863 ψυχῆςῇ

562 1897 789 1951 verbum
818 1896 1037 1967 quidem
1073 1898 1264 1962 ullum,
1301 1897 1418 1953 sive
1449 1898 1504 1952 id
1531 1898 1706 1965 dicas,
1737 1898 1883 1968 quod
1920 1898 1973 1952 in
2002 1913 2136 1951 voce

2246 1885 2697 1960 μεμολυσμένος·)
2726 1884 2816 1938 διὰ
2850 1884 2907 1937 δὲ
2941 1883 3099 1953 σιγῆς
3130 1883 3377 1956 καθαρᾶς
3405 1882 3498 1938 καὶ
3532 1882 3643 1936 τῶν
3686 1883 3815 1955 περὶ

562 1986 840 2052 consistit,
884 1988 1000 2044 sive
1046 1987 1101 2043 id
1146 1989 1291 2060 quod
1336 1989 1670 2045 intrinsecus
1713 1989 1923 2059 concipi
1974 1990 2134 2054 solet,

2246 1979 2407 2036 αὑτοῦ
2426 1976 2681 2049 καθαρῶν
2702 1974 2917 2030 ἐννοιῶν
2937 1974 3344 2047 θρησκεύσομεν
3368 1976 3548 2030 αὐτόν.
3570 1976 3662 2027 Δεῖ
3684 1975 3814 2047 ἄρα,

561 2092 687 2133 cum
721 2078 890 2132 animi
921 2080 1103 2148 aliquo
1130 2079 1265 2135 vitio
1302 2087 1387 2136 est
1420 2079 1874 2142 contaminatum,
1902 2079 1979 2133 illi
2002 2094 2138 2134 con-

2246 2071 2610 2141 συναφθέντας
2636 2070 2729 2122 καὶ
2756 2066 3117 2139 όμοιωθέντας
3147 2065 3315 2138 αὐτῷ,
3343 2068 3442 2137 τὴν
3466 2066 3642 2120 αὐτῶν
3669 2067 3817 2135 ἀγω-

562 2170 789 2241 veniat),
827 2171 921 2225 sed
951 2172 1170 2226 silentio
1200 2187 1359 2242 puro,
1392 2174 1654 2243 purisquc
1683 2171 1751 2226 de
1782 2171 1901 2241 ipso
1926 2172 2137 2242 cogita—

2246 2167 2347 2236 γὴν
2373 2163 2563 2218 Θυσίαν
2593 2161 2743 2232 ἱερὰν
2771 2162 3139 2231 προσαγαγεῖν
3168 2158 3306 2231 Θεῷ’
3329 2158 3425 2231 τὴν
3454 2157 3621 2230 αὐτὴν
3640 2157 3697 2211 δὲ
3720 2159 3819 2212 καὶ

561 2262 804 2318 tionibus
820 2262 971 2317 illum
987 2265 1254 2320 colamus.
1274 2264 1500 2335 Oportet
1519 2265 1686 2334 igitur
1707 2263 1783 2318 illi
1812 2263 2137 2333 conjunctos

2246 2256 2409 2327 ὕμνον
2442 2251 2608 2309 οὖσαν
2664 2254 2758 2308 καὶ
2789 2253 2945 2325 ἡμῶν
2982 2252 3250 2324 σωτηρίαν
3282 2253 3341 2305 ὲν
3389 2251 3627 2324 ἀπαθείᾳ
3683 2251 3816 2323 ἀρε-

559 2351 882 2422 similesque
913 2353 1107 2417 factos,
1139 2354 1281 2409 hanc
1308 2353 1433 2409 vitae
1479 2363 1685 2410 nostra:
1726 2353 1992 2421 rationem
2025 2352 2138 2408 Deo

2246 2349 2344 2418 τῆς
2380 2346 2579 2417 ψυχῆς.
2607 2345 2714 2399 Τοῦ
2744 2345 2801 2399 δὲ
2834 2344 2971 2398 Θεοῦ
3001 2343 3205 2416 θεωρίᾳ
3235 2344 3269 2415 ἡ
3298 2342 3458 2397 θυσία
3486 2343 3624 2415 αὕτη
3652 2343 3837 2411 τελεῖε

559 2441 755 2498 aﬁ‘erre
780 2460 877 2514 pro
911 2445 1201 2500 sacriﬁcio.
1238 2446 1440 2501 Eadem
1474 2460 1603 2500 vero
1631 2452 1685 2500 et
1719 2444 1867 2500 illius
1893 2444 2136 2499 laudatio
2241 2459 2351 2495 ται.
2410 2459 2430 2492 ι

557 2532 682 2595 erit,
715 2539 769 2587 et
798 2540 987 2588 nostra
1011 2535 1398 2590 conservatio:
1444 2534 1702 2591 aﬁ’eretur
1758 2536 1906 2591 enim
1965 2549 2093 2590 cum
2158 2533 2455 2588 stabilitate
2492 2540 2546 2588 et
2578 2530 2763 2602 quiete
2804 2528 3026 2585 Virtutis
3073 2529 3263 2585 animi.
3321 2527 3496 2599 Ipsius
3543 2542 3675 2583 vero
3722 2526 3816 2583 Dei

560 2625 1022 2694 contemplatione
1048 2627 1152 2680 hoc
1182 2625 1515 2681 sacriﬁcium
1550 2626 1853 2698 perﬁcitur.
1894 2646 1913 2679 ι

596 2738 736 2796 Item
760 2739 825 2795 de
854 2741 1035 2797 eodem
1067 2758 1133 2797 ex
1161 2741 1431 2813 Apollonii
1467 2742 1760 2814 Tyanensis
1795 2741 2096 2812 Theotogia.

639 2941 661 2976 ι
696 2925 772 2979 Ex
795 2940 904 2996 quo
934 2924 1100 2994 igitur
1130 2923 1365 2979 maxime
1392 2922 1517 2995 quis
1545 2931 1756 2978 naturae
1786 2922 1986 2978 divina:
2009 2937 2142 2977 con—

560 3014 870 3069 venientem
922 3030 1112 3069 curam
1166 3012 1455 3081 adhibeat,
1507 3029 1575 3069 ex
1611 3029 1679 3069 eo
1713 3015 1949 3069 maxime
1991 3014 2140 3068 illam

565 3105 855 3175 propitiam
888 3104 1289 3175 benignamque
1322 3106 1585 3161 obtineat.
1622 3104 1737 3161 Hoc
1775 3105 1995 3176 quidem
2042 3120 2137 3176 pe-

2244 2741 2368 2792 Ἔτι
2400 2736 2532 2806 περὶ
2562 2735 2770 2799 αὐτοῦ,
2812 2734 2882 2787 ἐκ
2919 2734 3029 2802 τῆς
3073 2734 3472 2788 Ἀπολλωνίου
3512 2732 3620 2788 τοῦ
3670 2738 3818 2789 Τυα-

2766 2806 2916 2872 νέως
2948 2806 3288 2874 Θεολογίας.
3334 2846 3347 2851 -
3528 2882 3531 2883 ν

2317 2938 2336 2971 ι
2379 2917 2535 2973 Οὕτω
2596 2917 2777 2971 τοίνυν
2813 2917 3047 2988 μάλιστα
3076 2917 3141 2971 ἄν
3171 2934 3258 2981 τις
3293 2916 3393 2989 τὴν
3439 2918 3820 2990 προσήκουσαν

2243 3010 2562 3082 ἐπιμέλειαν
2596 3011 2801 3063 ποιοῖτο
2848 3008 2942 3061 τοῦ
2978 3009 3165 3071 Θείου,
3208 3011 3464 3080 τυγχάνοι
3501 3027 3560 3062 τε
3596 3010 3822 3065 αὐτόθεν

2248 3101 2374 3156 ἵλεώ
2405 3119 2464 3154 τε
2502 3101 2597 3155 καὶ
2626 3098 2888 3171 εὐμενοῦς
2915 3099 3079 3153 αὑτοῦ
3114 3101 3245 3172 παρ’
3278 3100 3554 3156 ὁντιναοῦν
3588 3101 3694 3155 τῶν
3727 3102 3821 3155 ἀν-

567 3211 667 3252 nes
699 3196 949 3266 quemvis
988 3196 1271 3250 hominum
1314 3197 1459 3268 viget
1492 3215 1504 3250 :
1538 3196 1702 3267 idque
1745 3197 1925 3267 ipsmn
1966 3213 2139 3252 unus-

2248 3193 2500 3265 θρώπων,
2535 3194 2584 3245 εί
2613 3191 2731 3263 Θεῷ
2767 3192 2887 3263 μὲν,
2909 3192 2966 3245 ὃν
2993 3192 3055 3264 δὴ
3070 3188 3256 3262 ’φαμὲν
3275 3192 3483 3255 τοῦτον,
3518 3194 3598 3246 ἐνί
3620 3211 3679 3247 τε
3706 3194 3822 3249 όντι

564 3286 798 3356 quisque
819 3285 1133 3355 complebit,
1166 3286 1211 3341 si
1235 3302 1424 3341 eorum
1446 3302 1568 3357 quae
1588 3287 1690 3342 sub
1715 3287 1891 3342 visum
1916 3288 2141 3352 cadunt,

566 3376 750 3447 qualia
784 3385 912 3431 sunt
938 3377 1075 3441 haec,
1103 3392 1226 3447 qua:
1245 3378 1416 3448 digito
1436 3378 1898 3444 demonstramns,
1924 3380 1999 3433 illi
2024 3395 2146 3450 quae

566 3482 675 3522 una
705 3474 808 3527 est.
844 3476 898 3522 et
931 3468 999 3523 ab
1030 3469 1287 3524 omnibus
1318 3471 1482 3526 rebus
1515 3480 1789 3542 separata,
1841 3473 2142 3527 secundum

567 3576 732 3630 quam
777 3560 985 3630 reliqua
1029 3562 1211 3614 omnia
1242 3576 1576 3631 cognoscere
1608 3579 1835 3619 necesse
1867 3572 1973 3629 est,
2010 3564 2142 3618 nihil

567 3652 793 3707 omnino
847 3651 1139 3715 sacriﬁcet,
1195 3668 1371 3722 neque
1420 3655 1596 3725 ignem
1651 3654 1927 3721 incendant,
1968 3672 2146 3727 neque

567 3754 796 3813 prorsus
827 3743 1124 3812 quidquam
1164 3744 1254 3798 illa
1286 3747 1545 3814 postulet,
1582 3762 1651 3802 ne
1683 3763 1714 3801 a
1746 3747 2144 3817 praestantiori-

566 3833 672 3887 bus
717 3832 939 3902 quidem
985 3848 1149 3903 quam
1204 3848 1307 3888 nos
1355 3847 1547 3890 sumus
1582 3856 1595 3891 :
1635 3852 1811 3906 neque
1853 3836 2022 3891 ullum
2060 3844 2145 3892 est

566 3924 768 3996 planta:
811 3937 985 3993 genus
1027 3922 1173 3993 quod
1216 3924 1286 3978 ab
1330 3924 1488 3979 initio
1534 3933 1680 3980 terra
1727 3927 1922 3997 pariat,
1969 3943 2145 3997 neque

568 4015 824 4070 animalis
847 4015 993 4085 quod
1023 4015 1212 4070 eadem
1242 4018 1474 4079 nutriat,
1510 4016 1598 4071 cui
1627 4019 1878 4087 protinus
1910 4018 2146 4072 immun-

567 4102 729 4158 dities
758 4118 867 4158 non
900 4102 1063 4168 adsit,
1105 4105 1201 4160 sed
1234 4113 1420 4159 utatur
1442 4121 1569 4176 erga
1598 4106 1744 4161 illam
1778 4107 1898 4163 solo
1931 4109 2143 4164 meliori

565 4194 757 4259 verbo,
788 4194 912 4249 dico
940 4202 1123 4250 autem
1157 4211 1267 4250 non
1301 4211 1366 4252 eo
1411 4197 1557 4267 quod
1591 4213 1686 4253 ore
1726 4199 2013 4266 emittitur,
2050 4200 2144 4254 sed

568 4284 713 4355 quod
751 4284 821 4339 ab
851 4286 1059 4356 Optimo
1091 4301 1280 4342 eorum
1313 4303 1434 4358 quae
1472 4301 1600 4344 sunt
1630 4290 2019 4359 proﬁciscitur,
2049 4307 2147 4361 per

568 4377 834 4445 optimum
866 4391 1055 4432 eorum
1087 4394 1209 4448 quae
1237 4378 1292 4432 in
1320 4378 1480 4434 nobis
1509 4388 1636 4434 sunt
1664 4380 1955 4439 honorum.
1993 4381 2145 4438 Mens

569 4476 750 4523 autem
791 4469 904 4523 haec
931 4478 1037 4530 cst,
1073 4485 1194 4540 quae
1222 4470 1588 4527 instrumento
1628 4489 1734 4527 non
1767 4475 1990 4546 indiget.
2028 4496 2046 4527 ι
2086 4473 2144 4530 Si

2246 3286 2341 3338 καὶ
2369 3284 2757 3355 κεχωρισμένῳ
2787 3284 3025 3348 πάντων,
3068 3282 3187 3355 μεθ’
3215 3282 3274 3337 ὃν
3307 3284 3667 3354 γνωρίζεσθαι
3695 3287 3823 3351 τοὺς

2245 3374 2463 3437 λοιποὺς
2496 3374 2811 3443 ἀναγκαῖον,
2851 3374 2926 3445 μὴ
2956 3373 3072 3427 θύοι
3093 3391 3145 3426 τι
3169 3374 3267 3446 τὴν
3303 3374 3496 3446 ἀρχὴν,
3535 3377 3671 3447 μήτε
3692 3377 3824 3432 άνά-

2245 3484 2365 3520 πτοι
2389 3465 2523 3537 πῦρ,
2553 3467 2690 3537 μήτε
2714 3484 2767 3518 τι
2788 3465 3016 3519 καθόλου
3038 3466 3146 3519 τῶν
3173 3466 3444 3539 αἰσθητῶν
3472 3469 3819 3540 ὲπονομάζοι.

2244 3559 2427 3610 Δεῖται
2460 3556 2566 3627 γὰρ
2594 3556 2808 3619 οὐδενὸς
2831 3555 2949 3608 οὐδὲ
2980 3555 3130 3626 παρὰ
3158 3557 3264 3608 τῶν
3294 3556 3642 3627 κρειττόνων,
3664 3557 3826 3628 οἵπερ

2246 3651 2406 3719 ἡμεῖς
2442 3650 2628 3719 ἐσμεν·
2656 3647 2765 3701 οὐδ’
2789 3646 2934 3699 ἐστιν
2966 3646 2994 3699 ὃ
3026 3647 3125 3717 τὴν
3148 3646 3320 3718 ἀρχὴν
3352 3646 3425 3717 γῆ
3452 3646 3634 3718 ἀνίησι
3658 3648 3826 3717 φυτὸν

2246 3739 2499 3812 ἢτρὲφει
2533 3738 2669 3803 ζῶον
2716 3738 2749 3809 ἢ
2796 3738 2926 3811 ἀὴρ,
2989 3732 3034 3806 ᾧ
3075 3736 3136 3791 οὐ
3187 3738 3448 3810 πρόσεστι
3479 3755 3544 3808 γε
3584 3739 3821 3810 μίασμαο

2248 3830 2396 3902 μόνῳ
2425 3829 2481 3883 δὲ
2516 3829 2695 3902 χρῷτο
2727 3829 2863 3901 πρὸς
2894 3829 3056 3883 αὑτὸν
3101 3831 3190 3883 ἀεὶ
3235 3829 3315 3901 τῷ
3354 3830 3623 3902 κρείττονι
3655 3830 3824 3902 λόγῳ,

2244 3922 2387 3992 λέγω
2413 3921 2469 3974 δὲ
2499 3920 2574 3993 τῷ
2596 3920 2671 3994 μὴ
2704 3920 2792 3975 διά
2822 3921 3086 3993 στόματος
3115 3921 3270 3987 ίὲντι,
3306 3921 3457 3994 παρὰ
3486 3921 3543 3975 δὲ
3570 3920 3666 3975 τοῦ
3698 3923 3825 3975 καλ-

2244 4012 2426 4066 λίστου
2453 4011 2558 4065 τῶν
2576 4012 2743 4066 ὄντων
2776 4009 2865 4065 διὰ
2883 4010 2977 4065 τοῦ
3002 4010 3287 4064 καλλίστου
3314 4010 3409 4064 τοῦ
3439 4013 3497 4064 ὲν
3520 4014 3655 4082 ἡμῖν
3683 4009 3828 4066 δόντι

2244 4106 2312 4160 τά
2338 4106 2541 4176 ἀγαθά.
2569 4104 2713 4169 Νοῦς
2733 4104 2791 4159 δέ
2827 4107 2971 4158 ἐστιν
2999 4099 3152 4168 οὗτος
3182 4104 3414 4175 ὀργάνου
3457 4104 3530 4175 μὴ
3550 4104 3820 4174 δεόμενος.

2245 4199 2308 4251 Ei
2344 4197 2408 4269 δὴ
2434 4192 2525 4250 οὖν
2553 4195 2724 4249 ταῦτα
2754 4194 2847 4247 καὶ
2878 4191 3014 4265 πρὸς
3042 4192 3148 4245 τῶν
3182 4193 3311 4263 παρ’
3347 4190 3570 4263 Ἕλλησι
3599 4191 3826 4264 διαπρε-⁹

2245 4285 2364 4339 πῶν
2408 4284 2713 4355 φιλοσόφων
2751 4300 2811 4336 τε
2865 4281 2959 4334 καὶ
3005 4280 3269 4350 θεολόγων
3305 4281 3665 4352 ὁμολογεῖται,
3706 4281 3825 4345 πῶς

2246 4378 2312 4432 ἂν
2341 4377 2425 4447 εἴη
2459 4375 2658 4439 πλάνος
2692 4377 2721 4428 ὁ
2762 4373 2836 4445 μὴ
2867 4373 3027 4444 μόνον
3059 4372 3269 4441 λόγους,
3311 4372 3425 4425 ἀλλ’
3445 4372 3582 4444 ἔργα
3606 4371 3715 4425 τῶν
3740 4372 3830 4426 λό-

2245 4485 2357 4538 γων
2379 4468 2512 4521 πολὺ
2537 4467 2797 4537 πρότερον
2820 4468 2930 4528 τοῖς
2955 4466 3237 4535 φοιτηταῖς
3258 4464 3500 4517 ἐκτελεῖν
3525 4464 3825 4535 παραδοὺς,

569 4561 738 4633 igitur
771 4560 1084 4615 Graecorum
1113 4578 1329 4632 quoque
1372 4563 1636 4629 illustres,
1673 4574 1784 4619 tam
1835 4568 2143 4637 philosophi

2249 4563 2315 4616 δι’
2343 4557 2417 4616 ὧν
2464 4559 2604 4614 κατὰ
2642 4559 2733 4612 τὸν
2771 4556 2928 4629 ὀρθὸν
2961 4557 3116 4625 λόγον
3156 4556 3377 4628 ἔμελλον
3412 4556 3733 4629 θεραπεύεὶν
3761 4556 3827 4612 τὸ

567 4669 733 4725 quam
765 4653 1025 4726 theologi,
1054 4654 1170 4710 haec
1199 4655 1550 4720 conﬁtentur,
1582 4673 1819 4728 quonam
1856 4659 2019 4713 modo
2053 4676 2140 4715 se-

567 4745 765 4800 ductor
809 4747 915 4801 erit
972 4747 1021 4801 is
1076 4747 1170 4817 qui
1238 4763 1347 4801 non
1379 4748 1555 4802 solum
1616 4749 1806 4814 verba,
1864 4749 1959 4804 sed
1994 4750 2137 4806 facta

568 4838 742 4893 multo
807 4837 959 4910 prius
1019 4854 1181 4908 quam
1252 4840 1417 4893 verba
1476 4838 1593 4895 suis
1643 4839 1951 4909 discipulis,
2015 4841 2145 4911 qui-

566 4928 670 4985 bus
714 4929 1068 5000 fungerentur
1125 4930 1439 4984 tradiderit!
1506 4938 1561 4985 et
1596 4920 1831 5001 quibus.
1882 4940 1941 4986 ut
1996 4941 2147 4989 recta

567 5023 709 5076 ratio
749 5021 926 5090 jubet,
965 5022 1132 5078 Deum
1178 5022 1356 5092 ipsum
1402 5031 1588 5077 essent
1624 5023 1977 5077 veneraturi?
2026 5021 2148 5087 Quo

569 5119 751 5165 autem
786 5112 970 5176 modo,
1001 5122 1056 5168 et
1086 5114 1287 5185 quibus
1317 5114 1623 5170 rationibus
1656 5116 1740 5171 usi
1774 5115 1826 5169 in
1860 5113 2147 5170 sacriﬁciis

568 5201 821 5255 dicantur
846 5205 1017 5271 prisci
1045 5202 1278 5272 Hebraei,
1307 5205 1361 5260 in
1390 5204 1568 5276 primo
1603 5206 1768 5276 hujus
1797 5207 1980 5275 operis
2010 5205 2148 5258 libro

567 5289 933 5347 disseruimus
961 5313 973 5348 :
1010 5303 1172 5366 atque
1196 5297 1263 5350 iis
1290 5313 1412 5367 qua:
1439 5299 1553 5353 illic
1581 5298 1727 5353 dicta
1752 5305 1881 5353 sunt
1903 5297 2147 5352 contenti

569 5399 694 5439 esse
733 5383 892 5455 106
932 5384 1219 5443 debemus.
1257 5387 1461 5443 Verum
1504 5390 1763 5460 quoniam
1819 5396 2015 5460 praeter
2056 5388 2148 5444 illa

569 5490 692 5544 quae
712 5476 826 5545 jam
853 5477 1129 5547 disputata
1161 5489 1310 5546 sunt,
1345 5482 1600 5539 novimus
1632 5482 1708 5553 (id
1742 5482 1884 5554 quod
1921 5496 1951 5534 a
1980 5480 2145 5536 Chri-

570 5576 657 5624 Sto
697 5567 1012 5641 didicimus)
1070 5570 1274 5628 factum
1320 5590 1444 5631 esse
1493 5575 1779 5643 mundum,
1837 5575 2146 5649 cmlumque

646 5708 690 5740 θ’
742 5705 933 5764 Matth.
984 5709 1156 5773 v.48.

646 5818 723 5887 (l)
763 5817 880 5874 Lib.
927 5834 986 5873 ιι.

2247 4654 2431 4717 Θεῖον;
2463 4653 2648 4714 Ὅπως
2678 4651 2755 4711 δὲ,
2784 4651 2877 4703 καὶ
2902 4649 3011 4702 τίσι
3041 4648 3219 4718 λόγοις
3246 4649 3297 4701 οί
3325 4648 3543 4702 παλαιοὶ
3582 4647 3823 4720 Ἑϐραῖοι

2248 4743 2396 4796 θύειν
2431 4739 2875 4813 μνημονεύονται,
2907 4737 3238 4809 διειληφότες
3269 4741 3328 4792 ἐν
3360 4737 3435 4809 τῷ
3463 4737 3664 4810 πρώτῳ
3690 4755 3826 4808 συγ-

2247 4835 2535 4907 γράμματι
2574 4832 2674 4903 τῆς
2713 4832 2997 4903 παρούσης
3022 4826 3359 4894 ῦποθέσεως,
3394 4830 3625 4893 ἐκείνοις
3655 4830 3826 4901 ἀρκε-

2250 4924 2576 4996 σθησόμεθα.
2616 4924 2769 4977 Ἐπεὶ
2792 4923 2847 4976 δὲ
2874 4923 3010 4996 πρὸς
3029 4924 3143 4985 τοῖς
3168 4922 3553 4993 ἐξητασμένοις
3578 4921 3826 4993 ἔγνωμεν

2249 5018 2400 5089 παρὰ
2430 5017 2526 5070 τοῦ
2568 5017 2804 5090 Χριστοῦ
2848 5017 3128 5089 μαθόντες,
3163 5016 3246 5068 ὄτι
3273 5015 3500 5086 γενητὸς
3532 5018 3560 5069 ό
3596 5016 3822 5087 κόσμος,

2249 5110 2343 5162 καὶ
2382 5109 2463 5162 ὅτι
2505 5109 2736 5182 οὐρανὸς
2783 5108 2945 5172 αὐτὸς
2986 5108 3081 5162 καὶ
3123 5107 3293 5178 ἥλιος,
3335 5108 3430 5161 καὶ
3474 5107 3690 5180 σελήνη,
3730 5110 3826 5163 καὶ

2249 5201 2441 5275 ἄστρα,
2487 5201 2624 5274 ἔργα
2657 5201 2792 5254 θεοῦ
2828 5200 3104 5271 τυγχάνει,
3150 5200 3245 5254 καὶ
3275 5201 3357 5253 ὄτι
3387 5201 3493 5272 χρὴ
3527 5199 3602 5272 μὴ
3629 5201 3822 5265 ταῦτα,

2251 5293 2387 5349 ἀλλὰ
2406 5294 2496 5347 τὸν
2515 5293 2743 5364 ποιητὴν
2764 5293 2943 5346 αὐτῶν
2971 5293 3166 5352 σέϐειν,
3196 5292 3495 5363 σκέψασθαι
3514 5292 3596 5345 δεῖ
3619 5291 3692 5364 μὴ
3714 5293 3822 5364 ἄρα

2249 5385 2607 5457 ἠπατήμεθα,
2654 5384 2839 5437 τοῦτον
2868 5383 2998 5456 παρ’
3034 5382 3199 5437 αὑτοῦ
3235 5382 3574 5453 διδαχθέντες
3604 5385 3823 5455 φρονεῖν

2248 5475 2340 5531 τὸν
2359 5475 2577 5548 τρόπον.
2606 5476 2715 5528 Καὶ
2746 5475 2852 5547 μὴν
2891 5473 3157 5546 Ἐϐραίων
3185 5476 3278 5528 καὶ
3307 5471 3462 5538 οὗτος
3488 5470 3556 5544 ἦν
3587 5475 3617 5528 ὁ
3640 5474 3821 5543 λόγος’

2251 5571 2344 5625 καὶ
2389 5568 2690 5639 φιλοσόφων
2733 5566 2790 5621 δὲ
2830 5569 2877 5621 οἱ
2929 5567 3163 5637 μάλιστα
3191 5568 3469 5637 διαφανεῖς
3497 5569 3611 5630 τοῖς
3639 5567 3823 5632 αὐτοῖς

2324 5809 2403 5878 (2)
2442 5809 2763 5878 Apollonius
2788 5809 3064 5879 Tyaneus,
3097 5818 3153 5867 ut
3182 5826 3245 5868 ex
3273 5812 3624 5878 sequentibus
3646 5813 3818 5877 patet,
