4120 6420
295 369 399 422 195

1219 366 1877 424 ΒΕΜΟΝΞΤΒΑΤΙΟΧΙΞ
1909 362 2369 424 ΕΥΑΝΟΕΜΟᾸΞ
2409 367 2535 423 LIB.
2573 366 2660 423 Ill.

3437 368 3541 427 19-!

291 484 723 556 συνηνέχθησαν,
758 484 982 556 γενητὸν
1014 485 1110 537 xui.
1153 482 1314 537 αὑτὸν
1352 481 1442 536 τον
1482 483 1731 554 οὐρανὸν,
1773 483 1847 535 κα

1971 481 2147 550 ipsum
2171 489 2225 535 et
2247 482 2438 546 solem,
2468 493 2522 538 et
2548 485 2752 547 lunam,
2775 491 2830 538 et
2851 483 3038 540 stellas
3063 498 3229 554 Opera
3255 483 3344 539 Dei
3367 502 3492 545 esse
3519 506 3536 545 :

291 574 462 644 ἣλιον,
499 577 596 629 καὶ
635 576 885 646 σελήνην,
931 577 1026 629 καὶ
1061 575 1255 646 ἄστρα,
1307 575 1400 627 καὶ
1447 574 1537 627 τὸν
1583 572 1868 643 σύμπαντα

291 666 495 736 κόσμον
529 667 664 739 πρὸς
692 667 785 720 τοῦ
813 667 921 720 τῶν
945 668 1078 720 ὅλων
1108 665 1332 738 ποιητοῦ
1365 665 1625 735 γεγονότα
1659 665 1871 734 ἀποφηο

290 762 534 829 νάμενοι.
585 759 744 812 Ἀλλά
781 761 875 813 καὶ
920 759 1246 822 συντέλειαν,
1292 759 1388 812 καὶ
1435 755 1738 828 μεταϐολὴν
1769 755 1868 826 τὴν

290 852 380 903 ἐπὶ
411 851 482 903 τά
515 851 749 921 κρείττω
773 850 926 904 τοῦδε
957 850 1049 904 τοῦ
1083 850 1280 913 παντὸς
1314 849 1532 902 ἔσεσθαι
1564 847 1868 918 προσδοκᾷν

289 943 550 1010 ἐδίδαξεν,
584 946 702 1008 ταῖς
748 943 1010 1015 Ἐϐραίων
1055 943 1149 996 xui.
1180 943 1338 996 τοῦτο
1369 939 1686 1002 ἀκολούθως
1728 939 1868 1008 Γραο

291 1039 434 1104 (puis.
467 1037 535 1090 Τί
560 1033 691 1103 οῦν;
731 1037 850 1108 οὐχὶ
884 1038 975 1090 καὶ
1007 1039 1034 1089 ὁ
1070 1033 1296 1088 Πλάτων
1337 1033 1548 1102 φύσεως
1579 1030 1744 1102 λυτῆς
1775 1031 1868 1083 xui.

289 1129 542 1199 φθαρτῆς
569 1125 708 1183 οἶδεν
737 1129 898 1183 αὐτόν
930 1145 989 1182 τε
1017 1127 1264 1198 οὐρανὸν,
1308 1127 1401 1180 καὶ
1439 1126 1610 1196 ἥλιον,
1655 1127 1747 1180 καὶ
1779 1143 1866 1178 σε·

291 1221 476 1292 λήνην,
520 1222 615 1274 καὶ
647 1224 772 1285 τοὺς
796 1221 1016 1282 λοιποὺς
1043 1218 1300 1290 ἀστέρας,
1337 1220 1384 1271 εἰ
1410 1219 1502 1272 xui.
1533 1219 1607 1290 μὴ
1634 1218 1864 1290 λυθήσε-

295 1313 412 1366 σθαί
446 1330 582 1384 φητ;
615 1312 804 1377 ταῦτα,
827 1311 903 1383 τῷ
933 1311 1005 1382 μὴ
1035 1313 1127 1365 τὸν
1163 1311 1519 1383 συμπήξαντα
1547 1310 1860 1381 fleuissem;

290 1407 336 1457 εἰ
360 1404 404 1457 δ’
429 1406 544 1475 ἄρα
577 1405 856 1478 βουληθείη
884 1403 1020 1460 εἶναι
1050 1405 1263 1475 φύσεως
1289 1403 1564 1474 τοιαύτης,
1599 1401 1776 1473 ψυχὴν
1806 1401 1863 1454 δὲ

290 1495 555 1550 ἀθάνατον
580 1497 726 1569 ἔχειν
747 1501 891 1570 ἡμᾶς
917 1499 1034 1553 κατ’
1059 1496 1209 1550 οὐδὲν
1239 1497 1336 1566 μὲν
1364 1496 1576 1566 ἐμφερῆ
1601 1496 1712 1557 τοῖς
1735 1492 1862 1546 ἀλό-

291 1607 401 1657 τοις
429 1589 612 1654 ζώοις,
639 1590 747 1643 τῶν
768 1590 824 1643 δὲ
847 1589 940 1643 τοῦ
963 1589 1094 1642 Θεοῦ
1115 1589 1393 1659 δυνάμεων
1417 1589 1686 1660 φέρουσαν
1709 1588 1863 1639 ἀπει-

289 1680 612 1750 κσνίσματα,
638 1680 848 1745 διδάξας
872 1680 1140 1748 ἡγεῖσθαι,
1167 1678 1338 1741 οὔτως
1365 1678 1412 1730 τ’
1441 1677 1604 1748 ἔχειν,
1631 1677 1725 1730 καὶ
1747 1677 1862 1730 δια-

288 1773 520 1836 κεῖσθαι,
570 1773 664 1825 καὶ
709 1775 922 1844 φρονεῖν
961 1773 1139 1826 πάντα
1183 1772 1476 1844 βάρόαρον,
1513 1772 1608 1824 καὶ
1644 1770 1857 1840 ἰδιώτην

1971 587 2146 642 neque
2177 573 2316 638 haec,
2348 575 2442 630 sed
2484 577 2679 630 horum
2711 586 2988 632 auctorem
3036 577 3216 632 colere
3261 588 3537 649 oportere,

1969 665 2430 720 considerandum
2481 683 2604 723 esse
2646 667 2864 724 videtur
2909 686 3038 724 num
3082 671 3290 740 decepti
3341 673 3537 738 simus.

1969 757 2114 826 quod
2154 759 2208 812 in
2258 759 2405 814 hunc
2441 759 2659 814 modum
2693 760 2760 816 de
2792 769 2985 815 natura
3023 778 3202 816 rerum
3236 766 3438 820 sentire
3470 765 3542 821 ab

1969 848 2060 902 illo
2088 848 2233 903 docti
2267 866 2457 907 sumus
2483 871 2496 906 :
2531 853 2678 921 atqui
2711 869 2820 906 non
2841 854 3016 906 solum
3048 852 3398 910 Hebraeorum
3423 856 3541 912 btec

1968 944 2069 998 fuit
2117 948 2315 1011 oratio,
2365 949 2458 1004 sed
2511 950 2960 1020 philosophorum
3011 967 3246 1021 quoque,
3302 952 3538 1010 maxime

1967 1035 2262 1090 illustrium
2296 1056 2307 1090 :
2338 1039 2430 1107 qui
2463 1055 2585 1094 cum
2621 1039 2863 1096 Hebra'is
2896 1043 3322 1108 consentientes,
3353 1052 3536 1099 ortum

1966 1127 2166 1183 habere
2189 1137 2243 1184 et
2264 1132 2462 1186 caelum
2486 1133 2686 1203 ipsum,
2715 1139 2768 1187 et
2790 1134 2984 1197 solem,
3011 1142 3064 1188 et
3091 1134 3297 1200 lunam,
3325 1143 3379 1188 et
3405 1135 3537 1191 stel-

1965 1220 2068 1283 las,
2094 1221 2518 1293 universumque
2548 1224 2807 1279 mundum
2837 1225 2906 1280 ab
2934 1233 3157 1279 auctore
3177 1227 3417 1279 omnium
3449 1241 3537 1282 re—

1965 1325 2083 1364 rum
2124 1312 2324 1366 factum
2365 1329 2487 1368 esse
2534 1313 2973 1370 aﬂirmaverunt:
3015 1326 3268 1370 caeterum
3479 1325 3534 1373 οι

1964 1405 2489 1460 consummationem
2537 1415 2592 1461 et
2639 1409 2992 1462 mutationem
3047 1409 3100 1462 in
3137 1409 3351 1474 melius,
3408 1409 3534 1463 uni-

1965 1493 2102 1549 versi
2130 1495 2291 1564 hujus
2317 1496 2552 1552 futuram
2576 1507 2634 1552 ut
2659 1507 3098 1568 exspectaremus
3121 1499 3327 1563 docuit,
3346 1500 3399 1554 in
3431 1501 3533 1556 hoc

1962 1601 2180 1656 quoque
2232 1587 2579 1644 Hebraeorum
2628 1590 2919 1659 scripturis
2957 1590 3307 1645 consentiens
3345 1609 3358 1644 :
3397 1592 3530 1661 quid

1963 1676 2162 1745 igitur?
2201 1695 2380 1734 nonne
2415 1681 2578 1734 etiam
2622 1679 2776 1734 Plato
2821 1689 3013 1751 suapte
3040 1691 3237 1734 natura
3267 1689 3320 1736 et
3351 1681 3530 1752 ipsum

1962 1769 2182 1831 cmlum,
2218 1778 2272 1823 et
2304 1770 2496 1832 solem,
2527 1778 2579 1824 et
2611 1771 2817 1835 lunam,
2874 1787 2938 1826 ac
2966 1773 3172 1842 reliqua
3204 1772 3407 1835 sidera,
3439 1788 3532 1828 so-

290 1864 606 1927 παιδεύσα;’
639 1838 886 1936 ἆρ’νῇοὺχὶ
936 1838 1274 1936 σοφωτέρους
1320 1838 1682 1935 ἀπείργασται
1733 1838 1847 1928 τοῦς

1963 1859 2150 1913 lutioni
2178 1862 2630 1932 corruptionique
2664 1863 2898 1916 obnoxia
2937 1879 3061 1918 esse
3083 1838 3244 1928 vidit,
3277 1867 3530 1934 quamvis

286 1957 403 2010 καθ’
430 1957 562 2027 ὅλης
595 1961 694 2026 τῆς
725 1957 1046 2028 οἰκουμένης
1075 1957 1143 2011 τά
1174 1956 1336 2012 αὐτοῦ
1369 1957 1718 2029 φρονοῦντας,
1752 1957 1859 2010 τῶν

287 2052 380 2114 τὰς
415 2051 594 2121 ὀφρῦς
626 2049 1041 2115 ἀνεσπακότων;
1081 2049 1129 2102 οἰ
1167 2049 1335 2121 μηδὲν
1361 2049 1502 2103 κατά
1534 2049 1631 2120 τὴν
1671 2049 1858 2103 οὐσίαν

286 2143 559 2211 διαφέρειν
582 2143 922 2212 ἀπεφήναντο
943 2141 1166 2212 ἐμπίδος
1185 2160 1244 2194 τε
1267 2143 1361 2196 xui
1384 2142 1560 2212 εύλῆς,
1578 2141 1672 2194 xui.
1697 2141 1858 2212 μυίας

288 2235 379 2303 τὴν
410 2235 468 2284 ὲν
501 2231 809 2303 ἀνθρώποις
846 2232 1044 2303 ψυχὴν,
1087 2231 1221 2285 ἀλλὰ
1250 2232 1345 2285 xui
1373 2233 1567 2300 ὄφεως,
1617 2231 1709 2284 καὶ
1749 2232 1858 2300 ἐχί-

287 2325 430 2394 δνης.
461 2327 662 2395 ἄρκτου
697 2341 754 2377 τε
785 2325 876 2376 xui
903 2323 1237 2394 παρδάλεως,
1264 2323 1358 2376 xui
1384 2323 1510 2386 συὸς
1533 2321 1711 2393 ψυχῆς
1735 2323 1855 2375 κατ’

289 2413 454 2474 οὖδὲν,
484 2415 608 2465 ὅσον
635 2412 728 2464 ἐπὶ
755 2412 896 2482 λόγῳ
925 2411 1137 2481 φύσεώς
1161 2429 1220 2464 τε
1241 2415 1335 2465 xui
1357 2411 1562 2478 οὐσίας,
1588 2411 1686 2483 τὴν
1709 2412 1856 2480 σφῶν

293 2504 462 2556 αὐτῶν
507 2505 617 2556 τῶν
667 2502 1116 2572 φιλοσοφωτάτων
1162 2503 1338 2574 ψυχὴν
1380 2503 1732 2558 διαλλάττειν·
1763 2504 1856 2558 καὶ

294 2597 424 2649 Θείου
457 2597 513 2650 δὲ
547 2598 684 2669 πρὸς
715 2599 924 2661 τούτοις
967 2597 1348 2668 δικαιωτηρίου
1385 2597 1625 2668 συνεχῶς
1657 2599 1857 2670 ὑπομι-

297 2693 563 2760 μνήσκων,
593 2691 687 2744 καί
733 2689 1028 2761 μελλούσης
1068 2689 1285 2743 ἔσεσθαι
1312 2691 1566 2762 κρίσεως,
1605 2690 1856 2754 κολάσεις

291 2799 344 2837 τε
370 2784 462 2835 καὶ
487 2784 760 2855 τιμωρίας
780 2784 1182 2855 ἀπαραιτήτους
1202 2785 1313 2846 τοῖς
1341 2783 1590 2836 ἀσεϐέσιν
1618 2785 1855 2857 ὑπογρά-

291 2892 413 2942 φων,
438 2877 552 2937 τοῖς
573 2891 631 2926 τε
656 2874 930 2927 εύσεὸἐσιν
954 2874 1280 2943 ἐπαγγελίας
1299 2872 1432 2926 Θεοῦ
1451 2875 1668 2928 αἰωνίου
1686 2874 1850 2946 ζωῆς,

289 2969 371 3018 καὶ
390 2967 635 3038 οὐρανῶν
664 2965 958 3035 βασιλείας,
985 2967 1080 3020 xui
1107 2968 1202 3020 σὺν
1224 2966 1342 3037 Θεῷ
1369 2966 1642 3038 μακαρίας
1662 2967 1853 3034 διαγω-

285 3058 396 3127 γῆς,
425 3059 547 3111 τίνα
575 3058 642 3111 ἀν
671 3059 1010 3130 πλανήσειεν,
1038 3059 1158 3128 ούχί
1179 3057 1234 3112 δὲ
1269 3057 1464 3129 μᾶλλον
1487 3059 1852 3129 προτρέψαιτο

1958 1967 2020 2006 ea
2071 1969 2180 2006 non
2227 1953 2576 2009 dissolvenda
2627 1954 2997 2020 allirmaverit,
3048 1963 3333 2025 propterea
3380 1955 3527 2026 quod

1960 2044 2105 2096 norit
2149 2045 2260 2110 ille,
2305 2047 2399 2116 qui
2445 2061 2507 2103 ea
2539 2049 2884 2118 composuit?
2929 2047 3082 2114 Quod
3127 2049 3172 2104 si
3207 2051 3300 2103 tali
3333 2059 3526 2104 natura

1957 2144 2211 2192 constare
2235 2154 2354 2202 nos,
2383 2141 2854 2211 immortalemque
2884 2142 3084 2196 habere
3113 2143 3370 2203 animam,
3403 2142 3529 2196 nul-

1959 2228 2118 2297 laque
2148 2229 2201 2282 in
2239 2241 2393 2299 parte
2433 2231 2612 2286 brutis
2654 2232 2984 2287 animalibus
3028 2233 3280 2296 similem,
3330 2234 3523 2297 voluit,

1956 2327 2009 2374 et
2038 2321 2298 2375 virtutum
2325 2336 2445 2391 quae
2469 2323 2520 2376 in
2551 2322 2662 2378 Deo
2693 2331 2820 2377 sunt
2850 2322 3146 2378 simulacra
3177 2325 3230 2377 in
3263 2339 3323 2378 se
3346 2329 3525 2378 conti-

1956 2425 2086 2464 nere
2116 2411 2262 2464 illam
2291 2413 2544 2466 arbitrari
2571 2429 2672 2468 nos
2697 2413 2905 2477 docuit,
2929 2414 3116 2484 sicque
3141 2414 3339 2468 habere
3361 2423 3525 2484 atque

1955 2501 2095 2556 ailici
2121 2513 2174 2557 et
2205 2519 2396 2573 sapere
2422 2519 2635 2568 omnes,
2675 2513 2730 2559 et
2770 2505 3034 2560 barbaros
3063 2513 3117 2559 et
3148 2507 3398 2574 vulgares
3432 2509 3520 2561 in-

1956 2595 2138 2649 stituit
2174 2613 2186 2648 :
2221 2610 2404 2649 nonne
2452 2596 2725 2664 sapientes
2772 2597 2946 2667 magis
2990 2597 3044 2651 in
3077 2605 3190 2651 toto
3224 2599 3356 2653 orbe
3391 2613 3523 2654 suos

1957 2693 2257 2740 sectatores
2286 2685 2547 2749 reddidit,
2581 2702 2745 2756 quam
2773 2687 2810 2740 ii
2843 2687 2936 2758 qui
2972 2689 3263 2758 supercilia
3294 2699 3520 2744 contra-

1953 2785 2040 2830 cta
2070 2783 2372 2841 ostentant,
2406 2777 2451 2833 si
2484 2778 2619 2831 nihil
2660 2779 2817 2850 plane
2862 2793 2925 2834 ea
2962 2789 3117 2849 parte
3147 2795 3254 2850 qua
3286 2787 3389 2842 est,
3417 2780 3522 2835 dif-

1955 2868 2097 2924 ferre
2129 2885 2159 2924 a
2201 2870 2398 2935 culice,
2444 2879 2534 2925 aut
2581 2871 2900 2933 vermiculo,
2937 2880 3030 2924 aut
3064 2887 3251 2927 musca
3281 2874 3519 2928 animam

1955 2959 2243 3014 humanam
2279 2961 2596 3015 aﬂirmant?
2643 2971 2736 3016 aut
2765 2963 2810 3016 si
2844 2979 2912 3018 ne
2940 2978 2969 3016 a
2996 2965 3268 3032 serpentis
3298 2965 3518 3034 quidem

1953 3059 2045 3105 aut
2069 3053 2286 3122 viper:e,
2319 3062 2412 3108 aut
2441 3055 2574 3117 ursi,
2616 3062 2711 3107 aut
2751 3053 3012 3123 pardalis,
3048 3064 3140 3108 aut
3173 3055 3288 3110 suis
3315 3055 3517 3122 anima,

284 3151 526 3202 σπεύδειν
563 3151 663 3219 μὲν
701 3150 793 3203 ἐπὶ
825 3150 1024 3220 ἀρετὴν
1056 3149 1163 3202 τῶν
1192 3149 1654 3221 προσδοκωμένων
1688 3151 1847 3204 ἕνεκα

1955 3147 2060 3197 ulla
2110 3160 2337 3214 prorsus
2369 3146 2423 3199 in
2472 3153 2646 3214 parte,
2682 3159 2838 3198 suam
2867 3145 3108 3214 ipsorum
3135 3145 3394 3210 animam,
3424 3144 3519 3214 qui

278 3245 380 3301 τοῖς
427 3241 712 3293 εὐσεϐέσιν
757 3241 1035 3305 ἐπάθλων,
1096 3239 1499 3312 ἀποτρέπεσθαι
1555 3241 1612 3293 δὲ
1665 3242 1845 3312 πάσης

277 3331 467 3393 κακίας
519 3331 609 3383 διὰ
655 3331 753 3394 τὰς
803 3331 1187 3400 ὲπηρτημένας
1237 3333 1349 3394 τοῖς
1399 3331 1620 3385 ἀσεὸἐσι
1673 3349 1844 3401 τιμω-

275 3423 420 3491 ρίας;
482 3423 575 3474 Ἐν
609 3425 718 3484 τοῖς
749 3421 1094 3492 δογματικοίς
1120 3419 1228 3474 τῶν
1255 3421 1419 3474 αὑτοῦ
1449 3422 1621 3490 λόγων
1650 3439 1845 3494 παρει-

272 3513 524 3584 λήφαμεν
568 3509 703 3565 εἷναί
749 3531 898 3576 τινας
941 3512 1075 3583 μετά
1125 3513 1215 3565 τὸν
1262 3513 1522 3567 ἀνωτάτω
1575 3513 1708 3566 Θεὸν
1755 3515 1846 3566 δυ-

270 3605 502 3674 νάμεις,
562 3605 884 3674 ἀσωμάτους
938 3605 1036 3674 τὴν
1093 3605 1254 3674 φύσιν
1312 3605 1406 3658 xui
1465 3605 1692 3674 νοεράς,
1753 3604 1842 3656 λο-

269 3696 430 3763 γικάς
482 3710 542 3746 τε
581 3695 675 3746 καὶ
717 3694 1086 3764 παναρέτους,
1119 3694 1210 3746 τὸν
1271 3693 1617 3764 παμϐασιλέα
1654 3709 1845 3764 χορευ-

268 3786 466 3849 οὔσας,
538 3779 617 3838 ὧν
668 3785 882 3849 πλείους
958 3787 1052 3839 καὶ
1122 3785 1281 3855 μέχρι
1343 3782 1644 3855 ἀνθρώπων
1722 3783 1842 3838 νεύ-

272 3894 395 3946 ματι
442 3875 540 3928 τοῦ
594 3875 806 3946 Πατρὸς
859 3876 947 3930 διά
999 3893 1149 3939 τινας
1196 3875 1495 3947 σωτηρίους
1535 3874 1842 3945 οἰκονομίας

269 3969 629 4024 ἀπεστάλθαι·
677 3969 744 4033 ἃς
791 3970 854 4040 δὴ
907 3968 1191 4039 γνωρίζειν
1238 3969 1333 4021 καὶ
1380 3970 1544 4039 τιμᾷν
1597 3968 1738 4022 κατά
1780 3969 1842 4022 τὸ

271 4064 466 4135 μέτρον
501 4063 602 4131 τῆς
630 4059 787 4124 ἀξίας
816 4059 1187 4130 ἐδιδάχθημεν,
1226 4060 1371 4131 μόνῳ
1397 4059 1474 4130 τῷ
1513 4059 1842 4130 παμϐασιλεῖ

266 4153 380 4222 Θεῷ
425 4152 528 4223 τὴν
585 4153 880 4224 σεϐάσμιον
923 4152 1087 4223 τιμὴν
1132 4152 1510 4222 ἀπονέμοντες.
1542 4153 1659 4204 Ἔτι
1703 4152 1839 4223 πρὸς

267 4243 472 4304 τούτοις
501 4242 748 4311 ἔγνωμεν
796 4242 922 4307 παρ’
953 4241 1113 4293 αὑτοῦ
1147 4241 1406 4311 μαθόντες
1449 4240 1712 4311 πολεμίας
1753 4257 1835 4294 τι·

267 4338 356 4400 νὰς
399 4339 497 4390 καὶ
547 4336 750 4408 ἐχθρὰς
790 4337 882 4390 τοῦ
936 4335 1270 4409 ἀνθρωπείου
1317 4337 1506 4404 γένους
1554 4336 1698 4408 ἀμφὶ
1746 4336 1837 4388 τὸν

266 4427 388 4497 περί
441 4428 547 4498 γῆν
607 4427 748 4498 ἀέρα
800 4426 1100 4489 πωτᾶσθαι,
1145 4428 1239 4480 xui.
1287 4428 1383 4480 σὺν
1424 4429 1537 4489 τοῖς
1576 4429 1836 4498 πονηροῖς

265 4520 558 4595 δωτρίὸειν
589 4519 846 4588 δυνάμεις
872 4518 1155 4588 δαιμόνων,
1186 4520 1277 4572 καὶ
1303 4519 1628 4588 πνευμάτων
1671 4535 1835 4588 πονη-

1949 4512 2096 4581 [07
2132 4513 2330 4567 choros
2381 4519 2668 4567 exerceant

266 4609 392 4681 ρῶν,
425 4611 520 4664 καὶ
556 4611 666 4662 τῶν
697 4611 756 4662 ὲν
779 4609 989 4670 τούτοις
1019 4609 1315 4680 ἀρχόντων,
1345 4607 1439 4669 οὒς
1469 4607 1629 4660 παντί
1658 4605 1833 4659 σθένει

265 4702 480 4770 φεύγειν
539 4699 973 4771 πεπαιδεύμεθα”
1032 4702 1079 4753 εί
1111 4699 1203 4752 καὶ
1264 4701 1346 4752 ὅτι
1409 4697 1642 4770 μάλιστα
1697 4697 1834 4752 θεῶν

265 4795 630 4866 προσηγορίας
675 4797 769 4848 καὶ
817 4794 981 4865 τιμάς
1021 4796 1231 4858 ἑαυτοῖς
1264 4793 1661 4864 ὑφαρπάζουσι·
1703 4792 1833 4846 ταύ-

264 4903 355 4956 της
397 4889 441 4941 δ’
472 4885 568 4941 οὗν
622 4887 702 4940 ἑτι
738 4888 934 4959 μᾶλλον
973 4888 1072 4955 τῆς
1105 4887 1398 4958 θεομαχίας
1447 4887 1540 4940 καὶ
1587 4887 1684 4958 τῆς
1715 4886 1835 4940 θεο-

264 4991 474 5062 εχθρίας
521 4991 710 5046 ἕνεκεν
751 4991 1156 5063 ἀποτρεπταίας
1204 4986 1362 5054 εἶναι,
1409 4989 1530 5043 καθ’
1562 4991 1628 5053 ἀς
1666 4991 1722 5043 ὲν
1761 4993 1828 5061 τῇ

265 5091 732 5162 Προπαρασκευῇ
786 5092 1130 5163 πεποιήμεθα
1168 5091 1254 5144 διὰ
1300 5089 1564 5144 πλείστων
1611 5091 1829 5143 ἀποδεί-

263 5192 383 5258 ξεις.
419 5194 658 5246 Τοιαῦτα
685 5192 821 5246 άττα
858 5191 1109 5262 τυγχάνει
1140 5193 1234 5244 xui
1267 5191 1323 5244 ἐν
1349 5192 1459 5252 τοῖς
1483 5189 1829 5259 δογματικοῖς

263 5297 534 5369 μαθήμασι
556 5294 652 5348 τοῦ
673 5295 923 5366 Σωτῆρος
947 5295 980 5364 ἡ
990 5292 1104 5363 μῶν
1127 5291 1524 5363 ἀναφερόμενα,
1556 5291 1826 5360 Ἐϐραίων

256 5401 355 5455 τῶν
381 5400 547 5455 πάλαι
583 5396 844 5466 θεοφιλῶν
877 5394 1084 5466 ἀνδρῶν
1122 5411 1180 5445 τε
1223 5393 1315 5446 xui.
1355 5393 1646 5464 προφητῶν
1680 5392 1827 5446 ἄντι-

254 5515 381 5570 ιρυς
433 5497 630 5568 εὐσεϐῆ
687 5493 1045 5565 παιδεύματα.
1085 5494 1147 5546 Εἰ
1174 5493 1239 5565 δὴ
1286 5488 1377 5546 οὖν
1413 5493 1582 5546 ταῦτα
1627 5492 1820 5564 σεμνὰ,

251 5601 296 5652 οἰ
325 5598 601 5670 ὠφέλιμα,
629 5600 678 5650 εἰ
706 5596 988 5666 φιλόσοφα,
1018 5595 1067 5646 εἰ
1106 5593 1306 5664 ἀρετῆς
1352 5592 1541 5664 μεστὰ,
1573 5593 1715 5646 τίσιν
1756 5593 1822 5647 ἂν

248 5701 480 5770 εὐλόγως
521 5701 552 5753 ὁ
603 5697 810 5751 τούτων
859 5695 1177 5759 διδάσκαλος
1226 5696 1580 5767 ἑπιγράφοιτο
1626 5697 1685 5750 τὸ
1727 5696 1820 5750 τοῦ

250 5803 445 5857 πλάνου
465 5802 673 5869 δνομα;
717 5797 877 5851 Ἀλλά
901 5797 1071 5852 ταῦτα
1129 5798 1226 5868 μὲν
1248 5797 1323 5860 ὡς
1358 5799 1487 5869 περὶ
1513 5797 1689 5852 κοινοῦ
1718 5799 1820 5870 τὴν

1952 3235 2340 3305 sapientissimi
2372 3235 2597 3301 fuerint,
2628 3245 2899 3307 quatenus
2937 3245 3188 3291 naturam
3232 3237 3393 3292 habet
3436 3245 3519 3291 at-

1950 3343 2056 3396 que
2085 3338 2188 3388 est,
2233 3327 2507 3383 diversam
2553 3330 2715 3384 esse?
2745 3329 2812 3383 ad
2852 3329 2987 3393 haec,
3025 3344 3150 3383 cum
3187 3328 3289 3384 fori
3322 3330 3514 3392 divini,

1943 3419 2246 3489 judiciique
2275 3418 2444 3474 futuri
2479 3419 2756 3474 assiduam
2786 3421 3114 3475 mentionem
3147 3419 3359 3484 fecerit,
3394 3435 3519 3489 sup-

1949 3512 2216 3582 pliciaque
2241 3526 2304 3566 ac
2336 3526 2527 3581 poenas
2556 3511 2898 3566 inevitabiles
2933 3511 3115 3581 impiis
3137 3511 3512 3580 descripserit,

1941 3603 2106 3672 justis
2136 3619 2263 3658 vero
2304 3610 2564 3658 aeternam
2605 3618 2636 3655 a
2670 3600 2780 3656 Deo
2820 3603 2981 3656 vitam
3029 3602 3292 3672 promitti,
3329 3611 3384 3655 et
3421 3616 3513 3656 reo

1944 3709 2108 3762 gnum
2143 3693 2388 3755 caeleste,
2432 3697 2486 3745 et
2535 3690 2743 3746 felicem
2781 3707 2904 3745 cum
2957 3692 3075 3760 ipso
3124 3689 3235 3745 Deo
3285 3691 3510 3756 victum,

1945 3784 2193 3839 docuerit
2227 3803 2239 3838 :
2271 3800 2430 3854 quem
2456 3784 2672 3838 tandem
2696 3783 2947 3852 decipere
2972 3783 3183 3851 potuit?
3212 3796 3393 3836 nonne
3414 3796 3515 3851 po.

1947 3875 2056 3930 tius
2081 3875 2400 3930 adhortatus
2425 3885 2508 3930 est
2530 3889 2718 3929 eorum
2742 3873 3085 3943 praemiorum
3109 3887 3298 3933 causa,
3331 3887 3452 3942 quae
3479 3887 3512 3926 a

1937 3965 2104 4033 justis
2133 3972 2523 4034 exspectantur
2545 3965 2600 4019 in
2626 3965 2881 4018 virtutem
2901 3963 3334 4018 incumbere?ab
3360 3963 3509 4017 omni

1943 4071 2071 4110 vero
2101 4057 2306 4109 malitia
2338 4058 2622 4120 deterruit,
2655 4064 2877 4126 propter
2923 4055 3296 4126 impendentes
3327 4057 3510 4128 impiis

1942 4151 2174 4220 pinnas?
2207 4149 2379 4204 Porro
2415 4158 2596 4205 autem
2625 4165 2691 4204 ex
2732 4149 2880 4204 illius
2915 4149 3151 4205 decretis
3196 4151 3508 4220 accepimus

1937 4258 2061 4298 esse
2096 4243 2358 4311 quasdam
2393 4251 2514 4311 post
2537 4257 2851 4310 supremum
2882 4239 3048 4296 Deum
3083 4249 3382 4311 potestates
3407 4258 3506 4296 na-

1940 4341 2060 4387 tura
2109 4335 2481 4402 incorporeas,
2544 4333 2928 4402 intelligentes,
2989 4333 3281 4388 rationales
3328 4334 3506 4387 omni-

1939 4439 2044 4492 que
2075 4427 2276 4477 virtute
2319 4423 2596 4493 praeditas,
2647 4439 2770 4494 quae
2810 4426 3016 4478 circum
3049 4439 3230 4494 regem
3263 4425 3504 4480 universi

2723 4531 2739 4568 :
2792 4529 3022 4584 quarum
3093 4515 3279 4584 plures
3340 4517 3504 4569 etiam

1940 4619 2114 4674 usque
2141 4604 2208 4657 ad
2248 4604 2498 4662 homines
2534 4605 2704 4674 ipsius
2737 4606 2911 4676 patris
2950 4615 3110 4669 nutu,
3143 4605 3380 4676 quadam
3412 4622 3504 4660 sa-

1940 4696 2102 4750 lutari
2153 4696 2512 4766 dispositione
2560 4698 2868 4762 mittantur,
2910 4714 3154 4769 quasque
3203 4706 3256 4752 et
3305 4713 3505 4770 cogno-

1938 4805 2113 4854 scere,
2145 4801 2200 4845 et
2231 4791 2480 4845 venerari
2515 4805 2613 4860 pro
2644 4791 2874 4856 ratione,
2907 4791 3186 4862 graduque
3221 4790 3504 4861 dignitatis

1936 4882 2112 4936 edocti
2160 4897 2372 4945 sumus,
2414 4889 2474 4935 ut
2513 4881 2613 4938 soli
2651 4881 2780 4945 Deo,
2815 4884 2906 4952 qui
2955 4899 3048 4937 rex
3098 4890 3184 4937 est
3235 4883 3497 4946 universi,

1936 4975 2274 5030 adorationis
2320 4976 2583 5031 honorem
2629 4976 2955 5029 tribuamus.
2991 4973 3073 5027 Ab
3122 4973 3314 5028 eodem
3362 4989 3500 5042 pra:-

1935 5074 2078 5122 terea
2108 5067 2420 5129 didicimus,
2451 5067 2676 5122 hostiles
2705 5067 2966 5137 quasdam
3008 5065 3365 5134 inimicusque
3390 5065 3496 5120 hu-

1933 5159 2079 5212 mani
2113 5158 2349 5227 generis,
2386 5174 2481 5228 per
2507 5159 2670 5219 hunc.
2711 5158 2805 5228 qui
2837 5158 3043 5211 circum
3084 5164 3284 5210 terram
3312 5172 3498 5213 versa-

1933 5257 2043 5315 tur,
2074 5265 2274 5314 aerem,
2308 5252 2491 5305 volare
2514 5258 2811 5320 potestates
2834 5251 3138 5304 daemonum
3169 5249 3494 5320 spirituum-

1931 5355 2038 5410 que
2067 5340 2355 5404 malorum,
2399 5354 2716 5410 eorumque,
2750 5341 2843 5410 qui
2876 5340 2931 5394 in
2979 5338 3087 5395 illis
3129 5341 3492 5412 principatum

1930 5442 2134 5494 tenent,
2164 5449 2284 5503 quae
2311 5448 2436 5487 cum
2471 5435 2630 5487 malis
2665 5433 2975 5488 hominibus
3011 5443 3318 5502 versentur,
3357 5450 3494 5505 quas

1929 5532 1988 5578 ut
2023 5527 2169 5579 omni
2205 5535 2402 5582 conatu
2432 5526 2726 5596 fugiamus,
2769 5526 2823 5579 in
2862 5528 3148 5598 prazceptis
3188 5527 3489 5582 habemus:

1927 5616 2144 5672 tametsi
2170 5618 2255 5672 vel
2297 5631 2458 5687 quam
2493 5618 2725 5673 maxime
2753 5617 2979 5672 deorum
3013 5619 3402 5688 appellationes
3437 5625 3492 5671 es

1926 5709 2106 5764 cultus
2135 5709 2240 5763 sibi
2263 5709 2395 5779 ipsis
2419 5719 2701 5781 arrogant,
2726 5711 3004 5781 multoque
3031 5711 3194 5764 etiam
3223 5709 3394 5780 magis
3419 5709 3489 5763 ab

1925 5797 2034 5854 illis
2090 5813 2213 5855 esse
2250 5799 2655 5867 declinandum,
2696 5809 2918 5872 propter
2959 5801 3099 5856 hanc
3146 5800 3318 5868 ipsam
3361 5815 3484 5856 cum
