4158 6418
579 383 682 440 135
1215 378 1488 436 EUSEBII
1519 374 2002 434 CESARIENSIS
2035 376 2186 434 OPP.
2227 374 2413 432 PARS
2446 371 2513 430 ll.
2555 405 2626 418 —
2664 369 3167 430 APOLOGETICA.
3269 381 3277 388 ‘
3728 371 3825 426 196

581 501 689 552 Deo
720 494 1156 567 repugnantiam,
1187 494 1397 564 hasque
1444 492 1708 547 adversus
1755 491 1924 547 Deum
1973 493 2150 547 inimi-

2259 493 2414 562 φύσιν
2459 488 2747 562 ἀνθρώπου
2791 489 2927 549 τέως
2959 487 3258 558 ἐξητάσθω,
3301 498 3684 559 παραστατικα
3730 489 3821 560 τῆς

579 589 738 644 citias
769 586 1260 657 :quemadmodum
1300 586 1464 639 latius
1510 585 1562 638 in
1609 583 2149 651 Prwparatione'de-

2259 585 2459 655 σεμνῆς
2486 583 2578 636 καὶ
2597 580 2889 652 βιωφελοῦς
2915 579 3256 643 διδασκαλίας
3283 578 3447 634 αὐτοῦ
3477 579 3807 649 τυγχάνοντα

579 681 1026 735 monstravimus.
1087 678 1232 732 Sane
1280 676 1661 746 hujuscemodi
1709 684 1860 742 sunt,
1913 692 2035 747 qua:
2093 677 2148 730 in

2259 679 2411 749 ιθέρε,
2444 677 2508 747 δὴ
2541 676 2634 728 καὶ
2667 675 2736 728 τὰ
2761 674 3006 745 θειότερα
3040 670 3388 743 σκεψώμεθα.

580 773 858 842 praeceptis
920 782 1082 841 atque
1147 772 1415 826 institutis
1461 768 1760 825 Salvatoris
1826 770 1999 826 nostri
2054 771 2322 837 feruntur,
2374 786 2499 825 vere
2550 771 2855 840 priscorum
2920 768 3288 829 Hebraeorum,
3343 768 3434 836 qui
3496 762 3608 822 Deo
3681 762 3825 838 grati

580 862 751 925 fuere,
796 872 909 916 tum
942 865 1204 927 virorum,
1263 870 1378 917 tum
1421 863 1827 934 prophetarum,
1874 865 1960 934 pia
2017 874 2314 934 sanctaque
2367 864 2710 918 documenta.
2744 860 2898 927 Quod
2965 861 3011 916 si
3076 861 3190 915 bare
3233 862 3550 930 gravitatem
3601 859 3826 922 habent,

579 959 624 1012 si
679 957 991 1020 utilitatem,
1053 957 1098 1010 si
1153 955 1392 1010 studium
1442 956 1744 1024 sapientiae,
1803 956 1848 1008 si
1903 955 2138 1024 denique
2175 957 2322 1008 omni
2384 955 2584 1009 virtute
2641 951 2842 1007 referta
2875 959 3045 1006 sunt:
3085 965 3193 1022 quo
3219 951 3433 1005 tandem
3470 951 3610 1018 jure,
3647 967 3822 1021 quave

581 1047 792 1102 ratiOne
837 1047 908 1112 ei,
961 1047 1055 1116 qui
1094 1046 1223 1099 talia
1270 1047 1539 1108 docuerit,
1591 1047 1900 1100 ascribatur
1946 1061 2144 1100 nomen
2186 1045 2524 1101 seductor-is?
2557 1051 2610 1099 et
2643 1045 2756 1098 haec
2801 1043 3020 1113 quidem
3061 1051 3317 1112 tanquam
3355 1043 3422 1097 de
3472 1057 3537 1096 eo
3579 1043 3819 1107 homine,

582 1141 674 1210 qui
739 1157 768 1194 a
809 1140 1022 1194 caeteris
1070 1147 1264 1193 natura
1314 1156 1423 1194 non
1457 1140 1691 1203 diﬂ‘erat,
1728 1141 2002 1211 disputata
2053 1142 2183 1206 sint,
2227 1156 2347 1211 quae
2387 1140 2639 1194 videlicet
2670 1147 2725 1194 et
2776 1154 3016 1210 gravem,
3065 1145 3119 1192 et
3169 1137 3272 1206 ipsi
3303 1136 3426 1190 vitae
3454 1137 3640 1193 utilem
3681 1140 3823 1195 illiut

587 1233 892 1288 doctrinam
934 1230 1225 1284 exhibeant
1257 1248 1270 1285 :
1306 1246 1451 1285 nunc
1493 1248 1557 1287 ea
1597 1248 1718 1303 quae
1761 1235 1936 1303 magis
1970 1234 2155 1288 divina
2189 1236 2319 1299 sint,
2349 1231 2782 1287 consideremus.

864 1367 954 1424 Ν.
998 1369 1074 1423 De
1099 1367 1438 1424 divinioribus
1468 1368 1666 1424 Christi
1694 1373 1871 1442 gestis.

654 1485 735 1540 Ac
771 1485 1003 1555 primum
1027 1486 1266 1539 omnium
1293 1486 1743 1554 contemplemur,
1776 1501 1885 1554 quo
1912 1493 2155 1556 tempore

584 1585 836 1633 versatus
855 1584 940 1632 est
979 1593 1104 1630 cum
1145 1577 1476 1640 hominibus,
1509 1584 1665 1646 quot,
1699 1578 1989 1646 qualiaque
2019 1578 2152 1640 sint,

586 1685 708 1738 qua:
737 1667 1058 1720 mirabiliter
1103 1667 1351 1736 gesserit,
1401 1682 1546 1718 nunc
1579 1665 1797 1734 quidem
1839 1667 2043 1734 lepram
2087 1665 2154 1720 de

585 1760 909 1830 corporibus
935 1759 1180 1822 eiiciens,
1212 1774 1387 1827 eaque
1418 1759 1683 1812 divinitus
1716 1773 1974 1828 purgans,
2007 1773 2153 1812 nunc

2289 1372 2360 1424 A’.
2396 1368 2532 1436 Περὶ
2565 1366 2683 1421 τῶν
2715 1365 3022 1434 θειοτέρων
3072 1366 3259 1438 ἔργων
3290 1363 3474 1418 αὑτοῦ
3512 1361 3790 1432 Χριστοῦ.

2325 1484 2433 1537 Καὶ
2456 1483 2518 1554 δὴ
2552 1482 2896 1552 σκεψώμεθα,
2933 1483 3074 1534 ὅσων
3111 1483 3202 1535 καὶ
3231 1482 3355 1534 οἴων
3387 1483 3481 1534 σὺν
3522 1479 3825 1552 ἀνθρώποις

2253 1575 2351 1638 τὰς
2379 1574 2656 1646 διατριϐάς
2685 1575 3072 1644 πεποιημένος,
3104 1572 3416 1646 παραδόξων
3456 1574 3645 1642 γέγονε
3676 1591 3819 1643 ποιησ

2254 1660 2350 1732 τὴς
2383 1661 2580 1733 ἔργων,
2611 1663 2729 1714 τοτὲ
2771 1663 2870 1733 μὲν
2903 1662 3136 1732 λεπροὺς
3174 1663 3235 1715 τὸ
3267 1663 3424 1733 σῶμα
3453 1663 3676 1733 δυνάμει
3709 1663 3825 1735 θείᾳ

2255 1756 2550 1826 καθαίρων,
2602 1755 2724 1808 τοτὲ
2787 1755 2845 1808 δὲ
2917 1754 3290 1826 προστάγματι
3365 1755 3520 1824 λόγου
3576 1757 3702 1819 τοὺς
3767 1757 3826 1811 ὲν

586 1867 718 1906 vero
741 1852 900 1919 jussu
927 1850 1076 1904 verbi
1101 1850 1375 1903 daaiiionas
1401 1863 1464 1903 ex
1502 1849 1814 1903 hominibus
1835 1850 2111 1919 expellens
2137 1867 2148 1902 :

2259 1846 2560 1918 ἀνθρώποις
2593 1847 2851 1918 δαίμονας
2887 1846 3145 1910 ἐλαύνων,
3186 1848 3281 1901 καὶ
3314 1848 3500 1902 ἄλλοτε
3551 1849 3710 1902 πάλιν
3738 1867 3827 1904 νο-

588 1943 724 1997 alias
765 1956 957 1994 rursus
983 1941 1397 2010 aegrotantibus,
1433 1941 1689 2009 omnique
1718 1940 2038 2009 languorum
2068 1956 2157 2008 ge-

588 2047 719 2086 nere
760 2031 1155 2092 laborantibus,
1190 2031 1478 2084 sanitatem
1531 2029 1745 2083 abunde
1780 2030 2152 2098 suppeditans.

588 2123 834 2189 Quodam
903 2137 1030 2176 vero
1080 2129 1324 2192 tempore
1390 2123 1554 2174 etiam
1620 2121 1918 2190 paralytico
1977 2121 2154 2174 dixit:

597 2232 616 2265 ι
647 2214 887 2284 Surgens
915 2215 1043 2268 tolle
1082 2216 1366 2283 grabatum
1407 2219 1556 2267 tuum
1587 2220 1642 2266 et
1673 2213 1889 2266 ambula
1917 2211 1985 2275 ⁸³,
2019 2231 2038 2264 ι
2073 2220 2157 2264 at-

586 2322 696 2376 que
744 2307 832 2361 ille
876 2305 1020 2376 quod
1067 2306 1391 2375 imperatum
1435 2315 1518 2358 est
1558 2303 1706 2358 fecit.
1739 2303 1952 2360 Rursus
1995 2305 2156 2360 caecis

588 2400 697 2452 alio
718 2407 982 2467 tempore,
1011 2397 1258 2451 videnda:
1290 2397 1430 2451 lucis
1462 2396 1774 2451 facultatem
1802 2397 2030 2466 largitus
2052 2407 2153 2451 est.

587 2488 727 2544 Olim
768 2504 896 2543 vero
941 2487 1134 2541 mulier
1181 2501 1300 2556 qua:
1334 2485 1616 2556 sanguinis
1662 2486 1810 2540 ﬂuxu
1848 2486 2150 2548 laborabat,

585 2589 641 2635 ct
673 2594 847 2634 annos
871 2579 1137 2648 plurimos
1172 2593 1236 2632 eo
1266 2593 1463 2648 genere
1501 2577 1678 2631 morbi
1714 2577 2031 2640 vexabatur,
2064 2578 2155 2631 ubi

587 2673 724 2728 vidit
781 2671 1231 2726 innumerabilem
1283 2672 1488 2726 circum
1535 2670 1686 2724 illum
1733 2669 2153 2732 multitudinem,

587 2780 710 2835 quae
743 2779 1015 2832 nusquam
1069 2764 1415 2833 permittebat
1469 2770 1529 2816 ut
1563 2762 1628 2816 ad
1674 2761 1826 2814 illum
1876 2762 2156 2816 accederet

591 2873 658 2911 ac
702 2857 1057 2927 supplicaret,
1090 2856 1580 2925 liberationemque
1628 2871 1659 2908 a
1697 2857 1886 2908 morbo
1925 2861 2152 2924 peteret,

588 2957 890 3002 extremum
945 2948 1091 3002 illius
1147 2953 1524 3002 vestimentum
1584 2947 1847 3015 attingere
1896 2946 2156 2999 duntaxat

588 3040 866 3108 elegitavit,
909 3039 1070 3108 108
1097 3047 1259 3108 atque
1314 3039 1385 3091 ita
1434 3038 1635 3104 subiit;
1667 3037 1997 3106 limbumque
2030 3051 2154 3090 cum

588 3131 1060 3200 apprchem'lissct,
1091 3146 1196 3183 una
1241 3146 1363 3184 cum
1403 3146 1468 3184 eo
1511 3131 1848 3184 curationem
1889 3129 2153 3182 malorum

2263 1941 2639 2012 σηλευομένοις
2671 1941 2942 2004 παντοίοις
2965 1941 3254 1994 ἀσθενειῶν
3295 1942 3458 1994 εἴδεσι
3488 1959 3828 1997 καταπονου-

2264 2033 2447 2103 μένοις
2473 2032 2570 2102 τὴν
2603 2034 2743 2086 ἴασιν
2771 2031 3015 2101 ἀφθόνως
3039 2033 3394 2104 δωρούμενος.
3428 2037 3535 2088 Καὶ
3567 2037 3695 2089 ποτὲ
3729 2037 3828 2106 μὲν

2261 2123 2428 2193 ἔφησε
2463 2122 2847 2193 παραλυτικῷ·
2890 2143 2906 2172 ι
2950 2124 3206 2186 Ἀναστὰς
3239 2119 3370 2195 ἆρον
3402 2126 3492 2178 τὸν
3520 2126 3828 2198 κράϐϐατόν

2264 2231 2376 2280 σου,
2406 2217 2497 2269 καὶ
2524 2215 2809 2286 περιπάτει
2839 2231 2851 2242 ·
2885 2233 2902 2264 ι
2941 2217 2969 2267 ό
2995 2215 3050 2267 δὲ
3090 2214 3149 2267 τὸ
3179 2215 3463 2270 κελευσθὲν
3495 2218 3684 2271 ἐποίει.
3721 2220 3830 2270 Τυ-

2263 2309 2411 2378 φλοῖς
2439 2309 2494 2361 δὲ
2529 2308 2686 2360 πάλιν
2712 2307 2896 2360 ἄλλοτε
2938 2307 3005 2360 τὰ
3039 2307 3302 2376 βλεπτικὰ
3328 2307 3420 2360 τοῦ
3449 2307 3620 2377 φωτὸς
3647 2311 3830 2379 ἐχαρί-

2262 2401 2402 2464 ζετο.
2433 2399 2569 2469 Ἤδη
2601 2399 2660 2451 δέ
2698 2416 2826 2452 ποτε
2870 2400 2962 2452 καὶ
3006 2400 3374 2472 αἱμορροοῦσα
3419 2401 3554 2472 γυνή
3593 2405 3832 2472 μακραῖς

2261 2491 2397 2544 ἐτῶν
2444 2491 2708 2562 περιόδοις
2747 2491 2882 2562 πρὸς
2933 2491 3026 2546 τοῦ
3084 2491 3289 2554 πάθους
3345 2494 3828 2564 κατατρυχομένη,

2263 2584 2445 2655 ἐπειδὴ
2481 2583 2623 2655 ἐώρα
2659 2583 2826 2655 μυρία
2858 2583 3030 2655 πλήθη
3057 2583 3358 2637 κυκλοῦντα
3391 2584 3573 2648 αύτδν,
3601 2585 3692 2638 καὶ
3726 2603 3830 2655 μη-

2261 2676 2446 2746 δαμῶς
2470 2675 2832 2746 ὲπιτρέποντα
2859 2675 2994 2744 αὐτῇ
3023 2674 3385 2744 γονυπετῆσαι
3419 2673 3786 2746 προσελθούσῃ
3810 2714 3825 2739 ,

2260 2769 2354 2822 τοῦ
2403 2787 2459 2822 τε
2507 2768 2708 2830 πάθους
2741 2767 2838 2837 τὴν
2881 2767 3198 2836 ἀπαλλαγὴν
3224 2764 3644 2836 ἐξαιτήσασθαι,
3692 2765 3830 2821 άλλὶ

2262 2863 2356 2916 καὶ
2382 2863 2550 2934 ἄκρου
2571 2860 2665 2913 τοῦ
2689 2859 2900 2929 ἱματίου
2925 2858 3268 2929 προσψαῦσαι
3291 2859 3450 2928 μόνον
3465 2859 3828 2929 διανοηθεῖσα,

2262 2953 2530 3016 ὑποδύνει,
2552 2953 2646 3005 καὶ
2677 2951 2770 3003 τοῦ
2803 2950 3108 3022 κρασπέδου
3138 2949 3532 3022 ἐπιλαϐομένη,
3565 2950 3700 3021 ὁμοῦ
3737 2951 3830 3005 καὶ

2259 3045 2359 3114 τῆς
2404 3045 2510 3097 τῶν
2543 3042 2730 3098 κακῶν
2783 3045 2976 3106 ἰάσεως
3021 3042 3344 3107 ἐπελάϐετο,
3383 3043 3723 3114 παραχρῆμά
3767 3060 3830 3098 τε

2263 3134 2421 3206 ὑγιὴς
2451 3130 2517 3205 ἦν
2539 3175 2552 3199 ,
2584 3134 2682 3204 τῆς
2727 3133 2822 3186 τοῦ
2862 3133 3112 3202 Σωτῆρος
3143 3133 3298 3203 ἡμῶν
3327 3131 3510 3186 ἐνθέου
3548 3133 3830 3204 δυνάμεως

590 3220 970 3290 apprehendit,
1017 3230 1181 3290 atque
1214 3221 1360 3274 illico
1402 3237 1534 3275 sana
1583 3222 1781 3284 evasit,
1823 3221 1902 3276 sic
1938 3219 2154 3289 quidem

2259 3226 2454 3296 δεῖγμα
2483 3226 2733 3295 μέγιστον
2767 3222 3216 3294 ὲπικομιζομένη.
3263 3223 3450 3287 ’Ἄλλος
3477 3224 3532 3277 δέ
3562 3241 3644 3288 τις
3673 3225 3829 3294 βασι-

588 3314 786 3370 divina:
819 3314 1121 3368 Salvatoris
1154 3317 1328 3369 nostri
1358 3315 1577 3369 virtutis
1607 3316 1900 3368 maximum
1943 3315 2159 3384 signum

588 3415 898 3474 reportans.
923 3407 1076 3462 Alius
1100 3417 1280 3462 autem
1305 3409 1528 3478 quidam
1561 3409 1644 3460 vir
1673 3408 1915 3478 regulus,
1947 3421 2070 3461 cum
2093 3405 2159 3458 ad

586 3493 716 3550 Jesu
755 3497 918 3566 pedes
955 3499 1264 3560 cecidisset,
1301 3499 1467 3552 lilium
1501 3498 1594 3568 qui
1631 3499 1930 3569 mgrotabat
1957 3497 2158 3552 evesti-

589 3589 677 3657 gio
708 3603 900 3642 sanum
943 3591 1171 3660 recepit.
1216 3591 1405 3644 Filiam
1449 3591 1576 3645 item
1609 3590 1770 3653 alius,
1806 3591 1898 3660 qui
1922 3587 2160 3642 Judaicre

592 3676 890 3750 Synagogae
931 3681 1182 3751 princeps
1222 3690 1358 3746 erat,
1406 3691 1460 3736 et
1496 3681 1584 3735 hic
1624 3682 1840 3750 quidem
1863 3680 1971 3750 jam
2013 3694 2161 3733 mor-

589 3782 758 3826 tuam.
787 3771 923 3837 Quid
956 3789 1084 3827 vero
1113 3773 1317 3839 dicam,
1341 3774 1487 3844 quod
1511 3774 1652 3829 alius
1675 3776 1786 3844 jam
1809 3772 2158 3843 quatriduum

589 3874 861 3926 mortuus,
908 3865 1107 3920 virtute
1136 3865 1265 3919 Jesu
1314 3867 1584 3921 excitatus
1627 3868 1746 3921 est?
1778 3867 1858 3921 vel
1906 3865 2050 3935 quod
2103 3864 2159 3917 in

590 3953 727 4006 mari
759 3962 1018 4026 tanquam
1055 3957 1109 4009 in
1139 3966 1281 4011 terra
1326 3973 1432 4027 qua
1459 3959 1677 4028 publice
1707 3959 1818 4012 itur
1847 3958 1976 4012 olim
2005 3955 2159 4026 pedi-

587 4043 694 4100 bus
732 4045 1011 4113 ingressus
1049 4055 1152 4110 est,
1199 4049 1372 4118 ipsius
1413 4049 1628 4103 interim
1671 4049 1961 4120 discipulis
2005 4049 2159 4102 navi-

589 4136 882 4204 gantibus?
928 4145 982 4193 et
1029 4140 1172 4208 quod
1206 4139 1367 4194 iidem
1407 4156 1532 4194 cum
1567 4141 1794 4197 adversa
1837 4147 2160 4210 tempestate

590 4227 948 4296 agitarentur,
988 4247 1161 4299 mare,
1193 4231 1413 4297 ﬂuctus,
1451 4242 1642 4289 ventos
1673 4235 1965 4304 increpuit,
1995 4242 2158 4302 atque

589 4319 773 4371 omnia
805 4322 1053 4389 protinus
1091 4332 1349 4394 tanquam
1393 4325 1603 4379 Domini
1641 4341 1825 4382 vocem
1859 4325 2158 4379 formidan-

591 4410 665 4463 tia
717 4413 1103 4468 constiterunt.
1167 4414 1304 4471 Cum
1347 4431 1477 4470 vero
1518 4419 1759 4488 quinque
1801 4419 1967 4472 millia
2006 4418 2157 4472 viro-

589 4521 735 4568 rum,
798 4521 902 4559 una
967 4523 1090 4560 cum
1144 4507 1527 4562 innumerabili
1583 4509 1906 4563 feminarum
1959 4525 2154 4580 puero-

589 4615 821 4669 rumque
847 4599 1198 4652 multitudine
1237 4601 1481 4669 quinque
1522 4617 1631 4654 non
1663 4602 1894 4671 amplius
1923 4603 2154 4670 panibus

590 4692 803 4747 abunde
831 4692 1101 4761 quondam
1134 4691 1484 4754 saturaverit,
1519 4691 1677 4754 adeo.
1709 4701 1767 4747 ut
1801 4709 1922 4763 qua:
1957 4709 2152 4762 super~

593 4787 813 4841 fuerant
859 4785 1122 4854 reliquiae,
1163 4783 1449 4838 duodecim
1491 4785 1754 4854 cophinos
1795 4786 2019 4855 implere
2057 4801 2157 4855 po—

592 4875 817 4936 tuerint,
878 4888 1036 4943 quem
1094 4888 1202 4926 non
1250 4881 1473 4942 stupore
1520 4873 1797 4928 all‘rcerit?
1850 4885 1943 4929 aut
1992 4891 2151 4946 quem

590 4980 698 5018 non
733 4963 929 5016 merito
963 4962 1029 5015 ad
1077 4961 1426 5030 quaerendum
1473 4963 1540 5018 de
1597 4965 1765 5032 ipsius
1813 4979 2013 5019 arcana
2059 4980 2153 5019 oc-

559 5057 846 5123 cultaque
873 5055 1075 5109 virtute
1119 5055 1475 5111 excitaverit?
1523 5057 1617 5110 sed
1659 5075 1726 5112 ne
1758 5057 1890 5111 milii
1925 5075 2068 5112 nunc
2101 5059 2154 5113 in

591 5147 811 5214 longum
867 5145 1030 5199 nimis
1071 5147 1305 5200 ducatur
1352 5148 1549 5211 oratio,
1593 5159 1867 5218 postrema
1911 5152 2152 5205 omnium

590 5236 736 5289 illius
775 5251 924 5290 mors
963 5247 1284 5305 exponatur,
1323 5254 1442 5308 quae
1468 5255 1576 5292 non
1605 5241 1877 5296 communi
1919 5242 2161 5312 reliquo-

588 5343 709 5381 rum
743 5327 1022 5380 bominum
1056 5345 1204 5384 more
1233 5331 1463 5387 exstitit.
1487 5331 1602 5386 Non
1635 5335 1778 5387 enim
1807 5335 1998 5388 morbo
2025 5349 2161 5387 con-

589 5426 864 5488 sumptus,
906 5434 969 5472 ac
1006 5436 1072 5474 ne
1105 5421 1298 5490 laqueo
1349 5422 1590 5492 quidem,
1642 5432 1736 5477 aut
1787 5424 1946 5493 igne:
1975 5440 2152 5495 neque

589 5524 720 5564 vero
762 5509 831 5563 ad
881 5525 1085 5564 morem
1123 5513 1480 5582 reliquorum,
1523 5516 1613 5585 qui
1657 5515 1728 5570 ob
1774 5519 1980 5572 scelera
2027 5532 2148 5581 sua,

591 5609 770 5665 crucis
810 5609 1076 5678 supplicio
1107 5612 1240 5665 allici
1273 5611 1474 5680 solent,
1511 5614 1766 5672 cruribus
1795 5615 1980 5670 itidem
2006 5615 2151 5672 l'erro

661 5783 708 5815 ⁸³
737 5783 902 5839 Marc.
936 5801 999 5850 ιι,
1025 5785 1206 5842 9-H.

2261 3317 2408 3381 λικδς
2435 3318 2571 3388 ἀνὴρ
2615 3317 2799 3381 κακῶς
2831 3317 3020 3386 ἔχοντα
3051 3317 3140 3369 τὸν
3168 3317 3362 3382 παῖδα,
3399 3317 3720 3386 προσπεσὼν
3753 3319 3832 3386 τῷ

2273 3409 2466 3480 Ἰησοῦ,
2500 3409 2838 3480 παραχρῆμα
2871 3408 3005 3461 σῶον
3035 3407 3403 3477 ἀπελάμϐανε.
3428 3409 3534 3460 Καὶ
3555 3408 3831 3478 θυγατέρα

2260 3502 2418 3556 πάλιν
2438 3501 2616 3564 ἄλλος,
2659 3499 2922 3553 Ἰουδαίων
2950 3499 3004 3552 δὲ
3032 3499 3474 3570 ἀρχισυνάγωγος
3496 3495 3583 3570 ἦν,
3605 3499 3717 3552 ἀλλ’
3742 3494 3834 3552 οὗ·

2259 3609 2348 3656 τος
2379 3593 2478 3663 ήδη
2511 3593 2603 3645 καὶ
2634 3589 2921 3644 θανοῦσαν.
2956 3589 3019 3641 Τί
3060 3591 3140 3642 δεῖ
3181 3589 3358 3658 λέγειν
3403 3590 3477 3653 ὡς
3515 3595 3832 3662 τεταρταῖος

2259 3683 2414 3746 ἄλλος
2442 3683 2667 3753 δυνάμει
2692 3682 2785 3735 τοῦ
2822 3680 2995 3750 Ἰησοῦ
3021 3682 3212 3750 νεκρὸς
3244 3682 3530 3752 ήγείρετος
3565 3682 3595 3752 ἦ
3627 3683 3702 3745 ώς
3735 3684 3830 3734 ἐπὶ.

2261 3775 2547 3844 θαλάττης,
2570 3769 2657 3827 οἷα
2679 3775 2769 3827 ἐπὶ
2788 3773 3062 3845 λεωφόρου
3085 3775 3207 3844 γῆς,
3228 3774 3451 3845 πορείας
3474 3774 3632 3844 ήνυεν
3654 3773 3834 3827 ποιού-

2263 3886 2442 3940 μενος,
2467 3867 2573 3921 τῶν
2604 3865 2764 3919 αὑτοῦ
2799 3865 3052 3938 μαθητῶν
3082 3866 3458 3936 ὲμπλεόντων;
3490 3866 3582 3918 καὶ
3611 3866 3686 3927 ὡς
3716 3883 3831 3935 χει-

2262 3958 2573 4030 μασθέντων
2608 3956 2909 4028 ἐπετίμησε
2950 3959 3015 4027 τῇ
3058 3956 3301 4028 θαλάσσῃ
3345 3958 3440 4010 καὶ
3478 3956 3556 4027 τῷ
3597 3956 3832 4010 κλύδωνι

2259 4053 2354 4104 καὶ
2397 4053 2507 4114 τοῖς
2542 4049 2765 4120 ἀνέμοις
2787 4089 2802 4113 ,
2856 4050 2949 4101 καὶ
2980 4050 3156 4102 πάντα
3188 4065 3251 4116 γε
3285 4047 3414 4117 ἔστη
3447 4047 3788 4118 παραχρῆμα
3809 4085 3828 4109 ,

2257 4137 2346 4196 οἷα
2370 4141 2627 4195 δεσπότου
2661 4141 2842 4211 φωνὴν
2871 4137 3330 4210 καταπτήξαντας
3369 4139 3535 4192 Πέντε
3564 4139 3619 4191 δὲ
3651 4139 3828 4209 χιλιά-

2257 4235 2352 4297 δας
2374 4233 2581 4306 άνδρῶν
2611 4233 3064 4304 συνεπιπαρόντος
3084 4231 3274 4303 μυρίου
3294 4231 3452 4286 ἄλλου
3469 4233 3740 4301 γυναικῶν
3766 4249 3830 4289 τε

2258 4327 2352 4380 καὶ
2380 4326 2583 4378 παίδων
2609 4323 2864 4395 πλήθους,
2888 4325 2952 4376 ὲκ
2973 4323 3131 4376 πέντε
3161 4323 3251 4375 τὸν
3282 4321 3510 4394 ἀριθμὸν
3540 4323 3718 4394 ἄρτων
3745 4326 3827 4388 είς

2258 4419 2417 4490 κόρον
2466 4415 2791 4488 πληρώσας,
2839 4417 2914 4480 ὼς
2979 4416 3072 4469 καὶ
3121 4417 3350 4487 περιττά
3407 4417 3674 4480 τοσαῦτα,
3726 4420 3828 4471 ὅσα

2262 4510 2420 4563 ἱκανὰ
2441 4506 2508 4580 ἦν
2529 4510 2634 4578 πλη
2645 4509 2812 4580 ρῶσαι
2841 4506 3046 4561 δώδεκα
3067 4507 3320 4576 κοφίνους
3346 4507 3552 4574 λαϐεῖν,
3581 4509 3704 4562 τίνα
3728 4510 3830 4562 οὐκ

2259 4601 2323 4654 ἂν
2371 4599 2626 4670 ἐκπλήξει
2647 4640 2660 4662 ,
2695 4599 2785 4652 καὶ
2821 4598 2912 4650 ἐπὶ
2947 4597 3171 4668 ζήτησίν
3212 4615 3276 4666 γε
3321 4599 3542 4662 εἰκότως
3573 4599 3672 4669 τῆς
3706 4602 3826 4652 κατ’

2259 4695 2419 4748 αὐτὸν
2452 4694 2762 4763 ἀπορρήτου
2802 4691 3080 4761 δυνάμεως
3126 4691 3510 4754 ὲκκαλέσεταις
3555 4691 3692 4743 Ἀλλ’
3740 4693 3828 4746 ἵνα

2263 4787 2333 4858 μή
2375 4805 2462 4858 μοι
2493 4786 2559 4839 τὰ
2589 4785 2682 4839 νῦν
2714 4787 2741 4838 ὁ
2767 4785 2920 4852 λόγος
2949 4785 3028 4846 εἰς
3073 4783 3278 4854 μακρὸν
3314 4783 3484 4853 μῆκος
3511 4785 3826 4848 ἐκτείνοιτο,

2259 4880 2350 4931 ἐπὶ
2385 4880 2545 4930 πᾶσιν
2576 4875 2841 4930 ἐκκείσθω
2872 4878 2900 4929 ὁ
2930 4874 3092 4928 αὑτοῦ
3120 4873 3346 4936 θάνατος
3367 4915 3379 4936 ,
3416 4876 3476 4928 ού
3511 4875 3686 4940 κοινὸς
3715 4881 3828 4940 τοῖς

2258 4971 2461 5034 λοιποῖς
2502 4967 2807 5040 ἀνθρώποις
2850 4967 3232 5038 γεγενημένος.
3278 4968 3351 5020 Οὐ
3402 4966 3510 5037 γάρ
3538 4967 3677 5036 νόσῳ
3707 4967 3826 5020 δια-

2261 5061 2502 5133 φθαρεὶς,
2533 5061 2647 5114 ἀλλ’
2677 5059 2796 5113 οὐδὲ
2827 5059 3004 5130 βρόχῳ
3030 5059 3259 5126 πνιγεὶς,
3281 5057 3399 5112 οὐδὲ
3425 5057 3529 5128 μὴν
3553 5059 3670 5110 κατ’
3697 5049 3829 5111 αὐτὸ

2254 5153 2348 5206 τοῦ
2386 5150 2615 5224 σταυροῦ
2637 5149 2697 5203 τὸ
2717 5151 2971 5221 τρόπαιον
2991 5145 3190 5218 ὁμοίως
3213 5151 3324 5212 τοῖς
3352 5148 3557 5210 λοιποῖς
3590 5147 3759 5200 κακού
3769 5166 3826 5218 ρ-

2256 5261 2371 5314 γοις
2405 5243 2734 5313 ὑποτμηθεὶς
2768 5241 2965 5312 σιδήρῳ
3009 5239 3076 5292 τά
3133 5239 3326 5309 σκέλη,
3377 5240 3495 5293 οὐδὲ
3527 5239 3661 5302 ὅλως
3692 5241 3826 5309 πρός

2256 5353 2398 5399 τινος
2429 5333 2726 5408 ἀνθρώπων
2771 5330 2955 5384 παθών
2998 5345 3050 5382 τι
3092 5330 3200 5382 τῶν
3246 5333 3486 5402 ἀναιρεῖν
3523 5330 3823 5392 εἰωθότων,

2260 5427 2429 5500 βίαιον
2467 5427 2723 5497 ὑπέμεινε
2750 5422 3002 5492 τελευτὴν
3025 5463 3038 5486 ,
3069 5421 3182 5474 ἀλλ’
3222 5423 3298 5485 ώς
3324 5421 3453 5475 αὐτὸ
3485 5422 3641 5492 μόνον
3683 5420 3824 5474 ἑκὼν

2261 5522 2544 5593 παρεδίδου
2592 5523 2703 5582 τοῖς
2757 5517 3162 5572 ἐπιϐουλεύουσι
3195 5516 3254 5569 τὸ
3291 5515 3468 5586 σῶμα,
3517 5514 3832 5586 ἀνωρθοῦτσ

2263 5617 2359 5687 μὲν
2392 5615 2497 5668 ἀπὸ
2518 5614 2616 5684 γῆς
2637 5612 2853 5676 αὐτίκα,
2879 5610 3114 5665 κᾶπειτα
3137 5610 3229 5663 ἐπὶ
3253 5607 3346 5661 τοῦ
3374 5608 3548 5680 ἰκρίου
3569 5609 3834 5681 φωνήσας
