4120 6420
290 341 392 396 I97

1216 338 1879 398 DEMONSTRATIONIS
1918 332 2382 396 EVANGELICE
2398 339 2538 421 μθ.
2582 335 2671 396 Ill.

3456 341 3557 400 198

289 456 437 526 μέγα
457 495 475 521 ,
504 457 602 508 καὶ
630 452 710 526 τῷ
752 454 929 527 Πατρὶ
968 455 1291 527 παρατιθεὶς
1320 457 1380 510 τδ
1413 457 1662 529 πνεῦμα,
1710 457 1877 512 είπὼν

1982 456 2237 521 succisis,
2287 470 2466 527 neque
2515 457 2742 511 omnino
2775 456 3073 527 quidquam
3117 455 3189 511 ab
3234 455 3346 510 ullo
3376 456 3560 511 homi-

286 547 479 611 αὐτοῖς
520 548 794 618 ῥήμασιν’
830 566 848 599 ι
878 547 1061 618 Πάτερ
1081 587 1095 611 ,
1127 550 1207 612 είς
1241 549 1427 619 χεῖράς
1459 566 1554 602 σου
1582 549 1877 621 παρατίθε-

290 654 394 708 μαι
431 638 497 691 τὸ
527 638 745 710 πνεῦμά
781 656 882 710 μου
905 678 920 703 ,
954 658 973 690 i
1008 638 1183 703 οὕτως
1216 640 1415 709 ἄφετος
1458 640 1552 694 καὶ⁸
1594 640 1877 713 ἐλεύθερος

284 728 459 793 αὐτὸς
509 729 604 798 ἀφ’
632 729 826 783 ἑαυτοῦ
854 730 952 800 τὴν
984 731 1048 783 ὲκ
1081 729 1176 782 τοῦ
1211 728 1461 800 σώματος
1490 730 1874 803 ἀναχώρησιν,

286 820 453 873 ταυτὶ
482 819 737 890 πρόσθες,
774 822 1028 877 ἐποιεῖτο.
1060 816 1193 874 Εἶτα
1219 820 1277 874 δὲ
1301 820 1395 874 τοῦ
1428 819 1679 893 σώματος
1710 823 1874 876 αὐτοῦ

287 912 595 983 ληφθέντος
621 913 755 982 πρὸς
780 912 888 966 τῶν
927 912 1220 985 γνωρίμων
1240 953 1254 977 ,
1281 913 1378 967 καὶ
1414 917 1481 986 τῇ
1522 914 1874 985 προσηκούσῃ

289 1004 694 1076 παραδοθέντος
758 1007 940 1076 ταφῇ,
1002 1007 1242 1077 τριταῖος
1300 1001 1456 1068 αὖθις
1521 1004 1876 1076 ἀπελάμϐανε

287 1095 457 1148 τοῦτο
478 1136 492 1159 ,
557 1095 587 1148 ὃ
638 1096 767 1167 πρὶν
817 1097 1177 1168 ἀναχωρήσας
1228 1097 1369 1151 ἑκὼν
1436 1096 1715 1151 κατέθετο.
1766 1098 1877 1151 Καὶ⁸

289 1186 535 1241 δείκνυσί
583 1204 647 1255 γε
698 1186 859 1241 πάλιν
907 1188 1067 1253 αὐτὸς
1114 1188 1302 1242 ἑαυτὸν
1352 1188 1645 1260 ἔνσαρκον,
1707 1187 1876 1242 ἔνσω-

298 1294 435 1348 μον,
486 1278 652 1331 αὐτὸν
710 1280 916 1332 ἐκεῖνον
937 1319 953 1343 ,
1008 1273 1120 1342 οἷος
1177 1280 1275 1334 καὶ
1316 1280 1377 1333 τὸ
1433 1282 1563 1351 πρὶν
1615 1276 1713 1352 ἦν,
1763 1283 1876 1345 τοῖς

290 1370 520 1432 οἰκείοις
555 1370 851 1440 μαθηταῖς,
875 1368 957 1434 οἷς
987 1372 1082 1424 καί⁵
1123 1372 1216 1425 ἐπὶ
1250 1372 1422 1443 βραχῦ
1451 1374 1751 1445 ὁμιλήσας,
1784 1374 1875 1426 καί

291 1478 418 1514 τινα
481 1461 863 1533 συνδιατρίψας
909 1463 1097 1534 χρόνον
1122 1501 1136 1525 ,
1179 1463 1384 1517 ἄνεισιν
1431 1463 1553 1517 ὅθεν
1613 1463 1709 1517 καὶ
1732 1479 1875 1535 παρ-

292 1554 397 1622 ἣν,
422 1553 514 1606 ὑπ’
541 1553 838 1625 ὀφθαλμοῖς
873 1554 1053 1608 αὐτῶν
1084 1553 1182 1626 τὴν
1236 1557 1319 1619 είς
1363 1556 1624 1627 οὐρανοὺς
1652 1557 1877 1627 πορείαν

298 1643 679 1714 στειλάμενος-⁸
715 1638 798 1707 οἷς
841 1644 907 1715 δὴ
941 1644 1034 1697 καὶ
1080 1643 1360 1716 ὑποθήκας
1410 1645 1539 1716 περὶ
1588 1644 1698 1697 τῶν
1732 1661 1876 1716 πρα-

293 1735 475 1789 κτέων
516 1735 813 1807 παραδοὺς,
858 1735 1209 1800 διδασκάλους
1256 1735 1365 1789 τῶν
1408 1736 1577 1790 ἐθνῶν
1618 1736 1876 1790 ἁπάντων

289 1826 395 1898 τῆς
420 1826 680 1880 ἀνωτάτω
712 1825 1016 1891 θεοσεδείας
1043 1827 1311 1899 ἀπέφηνε.
1354 1826 1589 1881 Τοιαῦτα
1625 1830 1657 1899 ἡ
1668 1827 1783 1898 μῶν
1805 1827 1874 1881 τὰ
1910 1812 1951 1868 Β

292 1916 651 1989 πολυύμνητα
702 1918 802 1990 τῆς
845 1918 1049 1989 ἀρετῆς
1108 1917 1394 1988 θαύματα·
1442 1918 1613 1972 ταῦτα
1663 1919 1763 1989 τῆς
1818 1921 1878 1972 ὲν

290 2008 447 2080 αὐτῷ
479 2009 732 2080 θεότητος
779 2009 850 2062 τά
893 2010 1196 2080 τεκμήρια’
1238 2004 1413 2062 ταῦτα
1459 2010 1554 2063 καὶ⁵
1598 2010 1753 2062 αὐτοὶ
1790 2008 1878 2062 λο-

290 2100 481 2173 γισμῷ
517 2100 751 2172 σώφρονι
781 2101 1228 2173 τεθαυμάκαμεν,
1249 2101 1684 2173 βεϐασανισμὲνῃ
1705 2118 1762 2155 τε
1783 2102 1877 2155 καὶ

292 2195 644 2265 ἐξητασμένη
674 2194 854 2266 κρίσει
898 2193 1324 2266 κατεδεξάμεθα.
1375 2193 1695 2265 Ἐξήτασται
1748 2197 1877 2265 παρ’

255 2288 428 2357 .ήμίν
474 2288 570 2339 καὶ
618 2286 1002 2356 βεϐασάνισται
1050 2288 1143 2339 καὶ
1182 2286 1250 2339 δι’
1292 2285 1493 2358 ἑτέρων
1536 2285 1877 2357 πραγμάτων

290 2377 547 2449 ἐναργῶν
580 2380 758 2433 πάντα
796 2380 1176 2433 καλυπτόντων
1208 2379 1385 2448 λόγον,
1419 2379 1488 2432 δι’
1540 2371 1613 2432 ὧν
1654 2379 1816 2442 αὐτὸς
1847 2380 1877 2431 ὁ

294 2470 504 2542 Κύριος
546 2471 703 2542 ἡμῶν
736 2471 902 2524 εἰσέτι
926 2472 1021 2524 καὶ
1059 2471 1154 2525 νῦν
1186 2466 1267 2534 οἷς
1300 2471 1366 2524 ἂν
1399 2471 1656 2541 κρίνειεν,
1706 2470 1878 2541 μικρά

290 2579 420 2614 τινα
449 2563 548 2633 τῆς
594 2562 759 2616 αὐτοῦ
787 2562 1066 2633 δυνάμεως
1104 2564 1467 2635 παραφαίνειν
1504 2562 1685 2616 εἴωθε.
1728 2563 1876 2634 Πλὴν

290 2653 434 2707 ἀλλὰ
462 2655 558 2708 καὶ
595 2658 661 2725 τῇ
694 2654 1028 2727 λογικωτέρα
1072 2654 1297 2726 μεθόδῳ,
1328 2655 1396 2726 ἢν
1421 2655 1717 2727 προσάγειν
1749 2653 1876 2707 είώ-

291 2742 471 2815 θαμεν
496 2746 611 2807 τοῖς
650 2744 710 2796 οὐ
750 2744 1210 2815 παραδεχομένοις
1240 2744 1307 2797 τά
1342 2744 1733 2818 προειρημένα,
1760 2743 1875 2798 ἀλλ’

292 2836 418 2907 ἦτοι
452 2834 729 2899 παντελῶς
753 2836 1070 2888 ἀπιστοῦσιν
1094 2835 1295 2899 αὐτοῖς,
1328 2837 1422 2889 καὶ
1455 2835 1623 2906 μηδὲν
1644 2833 1874 2887 καθόλου

291 2930 577 2997 γεγονέναι
603 2928 841 2981 τοιοῦτον
870 2926 1006 2998 πρὸς
1038 2927 1202 2981 αὑτοῦ
1235 2927 1554 2997 φάσκουσιν,
1594 2927 1628 2997 ἦ
1658 2927 1878 2995 γεγονέ-

294 3038 387 3074 ναι
421 3021 542 3092 μὲν,
576 3021 807 3091 γοητικά
851 3019 907 3072 δὲ
940 3019 1110 3083 ἄλλως
1149 3019 1243 3073 ἐπὶ
1276 3018 1450 3095 πλάνῃ
1483 3018 1591 3071 τῶν
1624 3017 1876 3089 ὁρώντων

291 3115 445 3169 ὼσὰν
469 3117 564 3168 ὑπ’
595 3114 785 3187 ἀνδρὸς
818 3114 1018 3167 πλάνου
1065 3115 1357 3182 ἀναγκαῖον
1387 3111 1690 3166 ἐπιθέσθαι.
1723 3113 1786 3165 Εί
1816 3111 1874 3165 δὲ

290 3167 537 3279 χρὴγκαὶ
564 3167 655 3261 ἐπὶ
684 3167 782 3260 μὲοὲ
822 3207 1084 3278 παρόντος
1129 3167 1334 3277 βραχέα
1375 3203 1514 3275 πρὸς
1559 3203 1686 3269 τοὺς
1721 3202 1872 3274 δεδη-
1900 3167 1943 3225 c

292 3300 571 3371 λωμὲνους
627 3300 910 3370 ὲνστῆναι,
971 3299 1071 3352 οὐκ
1123 3297 1526 3368 ἀπολειψόμεθα
1594 3296 1866 3368 σπουδῆς’

293 3392 470 3456 άλλως
490 3391 548 3445 δέ
575 3409 691 3455 πως
723 3393 903 3454 αὐτοῖς
930 3391 1344 3461 ἀπαντήσομεν;

1979 563 2113 602 num
2142 562 2363 618 passus,
2396 562 2588 602 eorum
2618 548 2711 619 qui
2742 548 2879 605 alios
2905 564 3103 604 necare
3132 559 3556 612 consueverunt,

1976 637 2231 693 violenta
2291 638 2487 694 mortis
2540 654 2712 709 genus
2757 640 2931 694 ullum
2993 639 3235 709 pertulit.
3297 638 3406 695 Sed
3463 642 3559 696 ubi

1979 729 2161 800 ipsum
2191 730 2458 785 duntaxat
2485 737 2680 800 sponte
2709 732 2943 801 praebuit
2974 731 3214 786 inimicis
3245 731 3560 803 insidianti-

1975 823 2082 880 bus
2111 838 2335 894 corpus,
2366 830 2483 877 tum
2523 831 2739 879 erectus
2767 831 2847 878 est
2886 838 2917 877 a
2956 834 3100 878 terra
3148 824 3316 881 illico.
3352 822 3559 879 Deinde

1976 917 2034 972 in
2064 917 2215 987 ligno
2254 929 2450 985 magna
2499 930 2635 969 voce
2666 915 2933 979 clamans,
2995 924 3050 971 et
3096 915 3246 970 Patri
3300 918 3555 985 spiritum

1977 1006 2390 1072 commendans,
2429 1012 2594 1076 atque
2619 1006 2735 1061 huic
2765 1006 2834 1060 ad
2879 1007 3104 1061 verbum
3136 1006 3326 1063 dicens
3352 1025 3367 1062 :
3400 1026 3419 1058 ι
3450 1005 3558 1062 Pa-

1979 1109 2081 1164 ter,
2109 1101 2164 1154 in
2192 1113 2388 1155 manus
2420 1106 2545 1154 tuas
2575 1098 2902 1155 commendo
2927 1099 3179 1169 spiritum
3212 1114 3391 1155 meum
3416 1099 3463 1132 “
3491 1120 3504 1155 :
3532 1119 3552 1153 ι

1977 1192 2052 1246 ita
2097 1191 2312 1246 solutus
2352 1205 2416 1245 ac
2459 1191 2619 1255 liber,
2666 1191 2785 1261 ipse
2831 1204 2928 1260 per
2960 1191 3210 1259 seipsum
3259 1204 3290 1244 a
3326 1205 3560 1261 corpore

1978 1283 2229 1337 secessit.
2264 1279 2469 1336 Deinde
2519 1296 2645 1335 cum
2681 1296 2884 1350 corpus
2917 1281 3093 1350 ipsius
3122 1280 3435 1356 familiares.
3466 1297 3559 1335 ac-

1976 1376 2273 1445 cepissent,
2299 1384 2462 1446 atque
2487 1376 2728 1431 honesta:
2745 1377 3038 1446 sepulturae
3053 1377 3556 1442 commendassem,

1978 1468 2136 1522 tertio
2180 1468 2268 1522 die
2316 1477 2511 1522 rurSus
2543 1467 2674 1522 illud
2708 1467 2886 1538 ipsum
2920 1469 3149 1537 recepit,
3183 1468 3333 1536 quod
3363 1452 3561 1523 videli-

1978 1567 2063 1613 cet
2100 1566 2294 1628 sponte
2323 1559 2639 1629 reliquerat.
2690 1558 2755 1612 Et
2789 1560 2869 1614 sic
2908 1574 3125 1620 rursus,
3163 1559 3280 1629 ipse
3310 1560 3558 1629 seipsum

1978 1648 2034 1702 in
2094 1663 2299 1713 carne,
2353 1649 2408 1702 in
2470 1634 2735 1718 corpore,
2794 1650 2973 1719 ipsum
3032 1649 3184 1704 illum
3254 1651 3348 1721 qui
3405 1653 3558 1721 prius

1981 1743 2177 1804 luerat,
2233 1741 2350 1796 suis
2390 1741 2631 1797 ostendit
2659 1741 2966 1810 discipulis,
3011 1741 3215 1811 quibus
3261 1758 3386 1796 cum
3420 1758 3559 1813 pau-

1979 1844 2074 1883 cos
2126 1829 2247 1884 dies
2304 1839 2591 1893 versatus,
2642 1838 2697 1885 et
2752 1846 2850 1900 per
2907 1831 3128 1900 aliquod
3185 1843 3404 1902 tempus
3454 1848 3557 1888 suo

1980 1920 2145 1974 etiam
2215 1934 2471 1975 sermone
2547 1920 2847 1991 dignatus,
2915 1922 3047 1975 illuc
3114 1937 3369 1978 reversus
3428 1933 3554 1988 est,

1979 2011 2123 2064 unde
2162 2012 2343 2067 oculis
2378 2012 2595 2066 illorum
2653 2027 2712 2067 se
2764 2011 3060 2077 obtulerat,
3110 2013 3299 2084 sicque
3335 2015 3439 2070 iter
3486 2015 3557 2071 ad

1981 2101 2141 2172 109
2178 2104 2379 2157 coelum
2416 2104 2634 2159 direxit.
2680 2103 2873 2159 Iisdem
2914 2119 3067 2167 vero,
3100 2120 3225 2159 cum
3284 2114 3558 2177 praecepta

1977 2208 2194 2263 quoque
2224 2194 2291 2249 de
2319 2195 2483 2249 rebus
2517 2195 2741 2265 agendis
2773 2194 3113 2262 tradidisset,
3153 2198 3376 2253 eosdem
3411 2201 3558 2270 apud

1977 2300 2167 2340 omnes
2217 2294 2408 2354 gentes
2445 2301 2714 2356 supremae
2759 2287 3039 2357 religionis
3073 2288 3335 2344 doctores
3368 2290 3557 2346 decla-

1975 2378 2137 2431 ravit.
2182 2376 2308 2432 Haec
2349 2393 2482 2434 sane
2537 2387 2669 2434 sunt
2707 2379 2963 2445 virtutis,
3009 2396 3131 2452 quae
3171 2382 3226 2435 in
3275 2382 3559 2440 Salvatore

1978 2477 2167 2523 nostro
2212 2478 2352 2534 erat,
2405 2472 2653 2541 apprime
2706 2471 3033 2525 celebranda
3076 2472 3343 2527 miracula
3386 2492 3401 2529 :
3440 2475 3557 2529 haec

1976 2558 2302 2623 divinitatis,
2332 2576 2456 2630 quae
2486 2561 2542 2614 in
2578 2560 2673 2614 illo
2711 2567 2829 2614 erat
2868 2559 3071 2614 indicia
3100 2577 3114 2612 :
3144 2561 3260 2616 haec
3290 2563 3395 2633 ipsi
3414 2579 3557 2634 quo-

1976 2664 2084 2718 que
2118 2646 2270 2704 casta
2307 2650 2672 2705 aestimatione
2708 2650 2964 2704 admirati
3000 2666 3213 2716 sumus,
3242 2656 3557 2724 explorato-

1975 2757 2081 2811 que
2110 2750 2272 2811 atque
2316 2742 2593 2812 exquisito
2636 2742 2847 2811 judicio
2894 2743 3225 2811 recepimus.
3271 2744 3556 2815 Exquisita

1977 2848 2109 2888 sane
2137 2833 2253 2888 haec
2283 2849 2312 2887 a
2349 2834 2531 2898 nobis,
2560 2836 2951 2904 explorataque
2982 2843 3132 2900 sunt,
3184 2837 3308 2891 aliis
3336 2852 3558 2908 quoque

1974 2924 2323 2982 evidentibus
2381 2926 2547 2980 rebus
2578 2965 2594 2990 ,
2640 2940 2969 2995 omnemque
3041 2927 3411 2995 aperientibus
3465 2944 3560 2983 ra-

1978 3018 2203 3080 tionem,
2232 3018 2432 3087 quibus
2451 3018 2569 3088 ipse
2599 3017 2864 3075 Dominus
2893 3027 3081 3074 noster
3104 3020 3271 3074 etiam
3293 3036 3440 3075 nunc
3464 3021 3557 3087 iis,

1975 3123 2115 3180 quos
2144 3109 2341 3180 dignos
2368 3110 2659 3179 putaverit,
2695 3110 2890 3180 exigua
2919 3109 3168 3180 quaedam
3197 3125 3311 3165 suae
3337 3111 3559 3168 virtutis

1975 3202 2131 3271 signa
2163 3202 2455 3258 ostendere
2476 3202 2783 3257 consuevit.
2814 3200 2958 3268 Quin
2980 3203 3147 3256 etiam
3176 3202 3463 3258 subtiliore
3492 3218 3558 3258 ac

1976 3296 2211 3351 certiore
2232 3295 2486 3349 doctrina
2527 3294 2670 3348 idem
2707 3309 2737 3347 a
2761 3294 2919 3349 nobis
2950 3293 3205 3348 eil‘ectum
3232 3301 3317 3348 est
3344 3311 3357 3347 :
3391 3308 3556 3363 quam

1974 3387 2193 3458 quidem
2233 3387 2303 3442 iis
2331 3386 2591 3441 adbibere
2614 3386 3023 3451 consuevimus,
3058 3391 3151 3455 qui
3174 3400 3237 3440 ea
3259 3400 3382 3455 quae
3407 3386 3557 3439 dicta

295 3494 427 3542 sunt
469 3502 580 3540 non
623 3486 951 3549 concedunt,
997 3485 1093 3539 scd
1132 3485 1336 3538 nullam
1367 3498 1595 3554 prorsus
1635 3484 1703 3539 iis
1741 3481 1900 3537 [idem
1939 3482 2164 3543 habent,
2198 3494 2376 3550 neque
2405 3479 2628 3533 omnino
2667 3479 2963 3549 quidquam
3012 3479 3117 3533 tale
3150 3478 3219 3531 ab
3244 3492 3311 3532 eo
3350 3476 3555 3532 factum

293 3592 418 3633 esse
450 3578 801 3643 conﬁtentur,
841 3586 934 3632 aut
966 3578 1243 3633 exstitisse
1274 3578 1364 3631 illa
1399 3577 1617 3647 quidem
1660 3592 1770 3631 non
1812 3584 2032 3646 negant,
2060 3589 2250 3630 verum
2295 3573 2523 3642 magicis
2563 3572 2875 3642 praestigiis,
2908 3571 2973 3625 ad
3033 3585 3276 3626 errorem
3335 3571 3557 3625 intuen-

296 3671 435 3725 tium
483 3679 739 3742 tanquam
774 3686 804 3725 a
833 3670 949 3724 viro
987 3670 1274 3726 seductore
1318 3670 1593 3740 imposita,
1632 3669 1779 3739 quod
1813 3671 1860 3724 si
1899 3671 2061 3725 etiam
2095 3669 2149 3723 in
2173 3666 2425 3739 praesenti
2456 3666 2722 3720 adversus
2760 3666 2897 3720 tales
2940 3678 3113 3735 pauca
3144 3664 3392 3735 quaedam
3439 3664 3556 3719 dis-

298 3773 492 3832 putare
520 3778 658 3834 opus
688 3762 783 3827 sit,
838 3776 946 3816 non
985 3761 1302 3817 deseramus
1340 3762 1581 3817 studium
1643 3760 1918 3832 inceptum
1956 3777 1969 3814 :
2013 3760 2215 3830 alioqui
2245 3772 2374 3812 vero
2418 3770 2657 3827 quonam
2699 3764 2862 3827 pacto
2907 3755 3109 3811 ibimus
3155 3755 3263 3809 illis
3298 3754 3555 3810 obviam?

1961 3872 2023 3929 ν.
2054 3874 2315 3945 Adversus
2365 3891 2451 3930 eos
2503 3876 2594 3945 qui
2632 3890 2734 3928 non
2773 3874 2989 3945 credunt
3030 3869 3324 3927 Saluatoris
3374 3867 3546 3921 nostri

2032 3943 2333 4067 ςζῗείριιιὶε,
2375 3943 2725 3999 admirabiles
2762 3944 2911 3997 illius
2970 3959 3052 3997 res
3091 3952 3264 4012 gestas
3306 3953 3540 3993 narran-

2058 4030 2075 4067 ι
2113 4030 2196 4067 ιιι.
2433 4023 2441 4033 ο

2058 4023 2196 4068 inus.
2433 4023 2441 4033 ’

296 3876 370 3930 E'.
398 3876 555 3943 Πρὸς
590 3876 731 3942 τοὺς
756 3875 1150 3941 ἀπειθοῦντας
1177 3874 1255 3942 τῇ
1293 3873 1411 3927 τῶν
1452 3872 1560 3927 τοῦ
1603 3872 1875 3943 Σωτῆρος

367 3947 537 4016 ἡμῶν
556 3948 687 4014 περὶ
706 3945 825 3999 τῶν
844 3944 1197 4014 παραδόξων
1211 3944 1484 4014 πράξεων
1501 3944 1798 4015 διηγήσει.

366 4131 432 4185 Et
470 4130 534 4202 δὴ
577 4129 783 4199 λέγοιεν
821 4129 986 4200 μηδὲν
1028 4129 1127 4201 τὴν
1156 4128 1330 4201 ἀρχὴν
1378 4125 1733 4196 πεποιηκέναι
1774 4123 1869 4179 τὸν

2040 4120 2176 4176 Nam
2205 4121 2254 4177 si
2287 4119 2474 4175 dicant
2499 4105 2894 4173 nihil‘omnino
2934 4114 3261 4171 admirabile
3301 4115 3553 4171 Salvato-

295 4223 527 4294 Σωτῆρα
579 4222 733 4294 ἡμῶν
773 4220 1105 4293 θαυμαστὸν,
1159 4219 1293 4291 μηδέ
1344 4235 1400 4271 τι
1447 4215 1747 4289 παράδοξον
1795 4209 1872 4269 ὧν

1975 4229 2084 4270 rem
2120 4222 2393 4277 nostrum,
2423 4227 2602 4282 neque
2630 4210 2927 4281 quidquam
2971 4209 3117 4279 quod
3154 4219 3374 4281 superet
3395 4212 3548 4281 cogi-

294 4313 682 4385 ὲμαρτύρησαν
731 4314 779 4365 οἱ
824 4310 1111 4383 γνώριμοι,
1146 4306 1470 4379 σκεψώμεθα
1507 4308 1554 4359 εί
1589 4305 1811 4370 πιθανὸς
1837 4306 1868 4359 ό

1975 4304 2232 4358 tationem
2265 4302 2558 4355 humanam
2592 4299 2810 4366 iecisse,
2853 4299 3035 4368 qualia
3070 4307 3199 4353 sunt
3240 4314 3362 4369 qum
3398 4299 3548 4355 illius

295 4407 451 4473 λόγος
473 4407 654 4470 αὐτοῖς
682 4404 853 4468 ἔσται,
880 4404 953 4475 μὴ
973 4404 1071 4475 τὴν
1099 4403 1271 4455 αἰτίαν
1303 4402 1513 4471 ἔχουσιν
1537 4398 1864 4462 ἀποδιδόναι,

1975 4392 2272 4448 familiares
2299 4391 2576 4446 testiﬁcati
2604 4397 2753 4453 sunt,
2802 4390 3088 4446 videamus
3125 4407 3254 4445 num
3280 4393 3389 4447 illis
3417 4393 3546 4448 talia

293 4499 363 4551 δι’
395 4500 462 4568 ἣν
489 4499 537 4550 οί
571 4499 667 4568 μὲν
700 4474 957 4568 μαθηταὶ,
992 4474 1103 4549 όνδὲ
1130 4494 1447 4556 διδάσκαλος
1479 4492 1865 4564 ἐχρημάτισεν.

1975 4484 2283 4540 dicentibus
2310 4483 2458 4539 credi
2492 4483 2602 4537 ullo
2628 4482 2789 4537 modo
2819 4483 3016 4552 possit,
3043 4483 3248 4555 quippe
3298 4484 3390 4554 qui
3425 4487 3551 4539 nul-

296 4592 368 4644 Ὀ
412 4607 471 4645 τε
522 4589 631 4660 γάρ
674 4588 937 4643 διδάσκων
981 4587 1311 4655 ἐπαγγελίαν
1361 4585 1684 4657 μαθήματός
1727 4601 1870 4648 τινος

1975 4577 2075 4630 lam
2114 4576 2327 4647 possint
2371 4574 2653 4645 assignare
2692 4589 2940 4638 causam,
2983 4582 3209 4645 propter
3250 4590 3438 4645 quam,
3490 4576 3548 4629 lii

293 4680 718 4751 ὲπαγγέλλεταν
751 4681 883 4733 οἵτε
917 4676 983 4734 αὖ
1020 4680 1277 4751 μαθηταὶ,
1315 4679 1651 4750 μαθημάτων
1682 4677 1871 4748 ὀρεγό-

1975 4667 2186 4737 quidem
2224 4666 2374 4721 illius
2418 4666 2698 4736 discipuli,
2734 4666 2824 4720 ille
2872 4681 3005 4720 vero
3047 4666 3245 4720 borum
3287 4667 3548 4736 magister

294 4792 470 4848 μενοι,
508 4776 648 4842 σφᾶς
678 4773 871 4837 αὐτοὺς
893 4771 970 4844 τῷ
994 4771 1294 4842 διδασκάλῳ
1329 4770 1728 4843 προσφέροντες
1750 4771 1870 4821 ἐπι-

1975 4761 2256 4816 exstiterit.
2282 4758 2419 4812 Nam
2442 4767 2500 4813 et
2525 4758 2616 4828 qui
2643 4757 2825 4821 docet,
2862 4758 3096 4826 alicujus
3115 4757 3418 4826 disciplinae
3439 4772 3548 4810 ina-

290 4868 573 4936 τρέπουσι.
604 4866 737 4918 Τίνα
750 4860 842 4918 οὖν
869 4864 1016 4916 ἐστὶν
1047 4865 1223 4916 είπεῖν
1249 4862 1423 4915 αἰτίαν
1444 4862 1549 4915 τῶν
1565 4860 1657 4914 τοῦ
1692 4858 1865 4931 Ἰησοῦ

1975 4854 2197 4925 gistrum
2233 4867 2293 4907 se
2316 4850 2607 4921 proﬁtetur
2635 4869 2648 4904 :
2676 4857 2730 4903 et
2768 4850 3028 4920 discipuli
3071 4851 3199 4904 talis
3243 4849 3548 4917 disciplinae

297 4958 554 5029 μαθητῶν
571 4958 667 5027 τῆς
682 4958 777 5010 σὺν
807 4954 1267 5027 αὐτῴδιατριὸἧς,
1301 4954 1393 5008 καὶ
1423 4953 1476 5005 τί
1496 4953 1554 5006 τὸ
1571 4954 1864 5020 ἀναγκαῖον

1975 4944 2158 5015 cupidi
2183 4943 2501 5013 magistrum
2527 4942 2816 5004 adeuntes,
2846 4942 3059 5010 seipsos
3084 4942 3157 4995 illi
3193 4942 3547 4997 instruendus

291 5050 395 5121 τῆς
427 5050 554 5121 περὶ
585 5050 747 5103 αὐτὸν
788 5048 1057 5119 σπουδῆς;
1102 5048 1261 5100 τίνων
1306 5046 1362 5099 δὲ
1408 5046 1502 5099 κα)⁴
1547 5042 1864 5097 διδάσκαλον

292 5142 666 5214 ἐπεγράφοντο
718 5141 1088 5213 μαθημάτων;
1121 5140 1192 5192 Ἢ
1223 5138 1379 5191 τοῦτο
1409 5136 1598 5206 δῆλονς
1650 5135 1862 5198 πάντως

291 5233 406 5305 γάρ
430 5249 533 5286 που
562 5225 636 5285 ὧν
656 5233 785 5303 παρ’
815 5229 979 5284 αὑτοῦ
1015 5229 1274 5301 μαθόντες
1293 5229 1373 5291 εἰς
1399 5226 1616 5297 ἐτέρους
1646 5224 1870 5296 ἐξήνεγ-

291 5340 429 5380 καν
476 5323 837 5397 παραγγελίαι
884 5322 927 5377 δ’
955 5319 1096 5395 ἦσαν
1125 5320 1272 5391 αὐτῷ
1303 5319 1589 5389 φιλοσόφου
1634 5317 1773 5388 βίου,
1807 5317 1866 5370 ὃν

295 5416 627 5488 ὑπογράφων
670 5417 853 5477 αὐτοῖς
898 5414 1070 5483 ἔλεγε·
1114 5432 1133 5465 ι
1184 5413 1276 5483 Μὴ
1325 5409 1597 5482 κτήσησθε
1643 5409 1865 5480 χρυσίον

296 5506 433 5578 μηδὲ
463 5507 701 5578 ἄργυρον
732 5507 813 5569 εἰς
843 5504 940 5568 τάς
969 5502 1164 5569 ζώνας,
1205 5501 1278 5574 μὴ
1317 5503 1496 5574 πήραν
1539 5501 1618 5563 εις
1647 5498 1793 5551 όδόνο
1838 5517 1859 5549 ι

292 5601 391 5655 καὶ
442 5601 516 5654 τὰ
568 5602 815 5657 τοιαῦτα.
857 5602 936 5676 Τῇ
981 5603 1039 5657 δὲ
1095 5601 1271 5655 πάντα
1312 5595 1586 5669 διοικούσῃ
1639 5592 1865 5668 προνοίᾳ

291 5687 493 5752 αὐτοὺς
547 5690 844 5753 ἀναθέντας
861 5729 877 5755 ,
937 5690 1101 5764 μηδὲν
1161 5689 1430 5763 μεριμνᾷν
1487 5686 1595 5743 τῶν
1665 5681 1865 5758 χρειῶν

366 5801 412 5833 “
444 5798 574 5855 Luc.
599 5817 754 5869 um,
775 5800 863 5857 46.

1970 5036 2339 5091 committunt.
2363 5033 2536 5100 Quam
2561 5034 2726 5104 igitur
2740 5048 2960 5087 causam
2978 5032 3069 5087 isti
3084 5032 3275 5087 afferre
3292 5042 3544 5102 possunt,

1971 5144 2142 5201 quare
2171 5128 2256 5184 sui
2279 5143 2403 5181 cum
2425 5124 2554 5181 Jesu
2577 5124 2832 5195 discipuli
2861 5123 3085 5191 versati,
3119 5122 3546 5194 frequentesque

1973 5220 2215 5276 fuerint?
2234 5227 2331 5274 aut
2360 5218 2623 5289 quidnam
2644 5217 2800 5281 illud,
2825 5231 3033 5286 quaso,
3065 5223 3208 5280 erat,
3248 5216 3394 5286 quod
3424 5216 3547 5271 illos

1969 5313 2066 5368 tali
2102 5313 2220 5367 viro
2243 5314 2374 5367 dare
2404 5325 2625 5381 operam
2658 5309 2914 5379 cogeret?
2938 5323 3169 5378 quarum
3193 5323 3359 5378 porro
3379 5309 3547 5364 disci-

1970 5407 2243 5475 plinarum
2295 5402 2576 5457 doctorem
2626 5400 2779 5454 illum
2837 5400 3010 5455 fuisse
3056 5399 3280 5455 dicent?
3318 5416 3389 5455 an
3442 5399 3548 5453 hoc

1969 5497 2190 5569 quidem
2232 5492 2436 5548 nemini
2482 5490 2708 5545 dubium
2762 5506 2886 5546 esse
2939 5492 3156 5561 potest?
3188 5492 3350 5561 plane
3396 5490 3545 5546 enim

1972 5603 2159 5645 earum
2183 5599 2367 5641 rerum
2396 5582 2672 5636 doctorem
2695 5580 2866 5637 fuisse
2894 5597 3121 5638 necesse
3151 5588 3256 5648 est,
3292 5596 3434 5652 quas
3450 5580 3543 5651 qui

1973 5681 2044 5739 ab
2078 5679 2173 5736 illo
2209 5677 2537 5743 didicerunt,
2581 5673 2652 5730 ad
2696 5674 2939 5748 reliquos
2984 5675 3233 5733 homines
3260 5673 3541 5729 attulere:
