4120 6420
589 310 692 366 199

1259 307 1528 365 EUSEBII
1567 307 2046 404 C1ESoARlENSlS
2081 309 2231 366 OPP.
2275 309 2454 365 PARS
2492 309 2556 364 ll.
2595 337 2662 350 -ο
2700 306 3200 366 APOLOGETICA.

3734 311 3841 371 200

583 429 733 499 atqui
759 435 1026 499 praecepta
1059 434 1216 482 erant
1258 427 1374 482 haec
1400 428 1791 498 philosophicas
1820 429 1962 492 vitai,
1992 443 2152 499 quam

2259 428 2440 482 ἕνεκα.
2484 429 2724 500 Παρῄνει
2772 427 2817 479 δ’
2877 429 3061 491 αὐτοῖς
3111 428 3204 481 καὶ
3251 428 3362 486 τῶν
3415 426 3682 492 Ἰουδαίοις
3733 431 3840 482 ὑπὸ

585 519 692 574 illis
715 520 1034 574 describens
1071 516 1326 572 dicebat:
1359 539 1376 568 ι
1412 518 1591 573 Nolite
1627 518 1907 588 possidere
1943 534 2158 580 aurum,

582 626 763 681 neque
821 615 1109 680 argentum
1153 610 1210 663 in
1252 611 1408 665 zonis
1458 611 1682 673 vestris,
1739 625 1846 664 non
1889 625 2074 680 peram
2105 612 2161 664 in

583 704 667 756 via
690 702 756 766 “,
793 721 812 754 ι
842 710 896 756 et
924 700 1026 754 alia
1048 700 1337 769 ejusmodi.
1381 701 1602 769 Seipsos
1633 715 1758 756 vero
1785 701 2009 770 jubebat
2035 714 2162 769 pro-

580 793 850 860 videntiae,
869 810 990 864 quas
1013 794 1196 849 omnia
1214 795 1500 864 gubernat,
1519 794 1983 856 commendantes,
2010 802 2063 848 et
2093 792 2159 846 ad

583 887 730 940 illam
761 887 1080 950 referentes,
1123 902 1393 957 nusquam
1425 888 1697 942 sollicitos
1735 902 1859 941 esse
1891 885 1957 940 de
1993 885 2158 940 rebus

581 979 932 1035 necessariis.
957 979 1299 1034 Admonebat
1336 981 1500 1034 etiam
1542 995 1658 1043 eos,
1701 986 1759 1032 ut
1795 979 1961 1032 altius
1996 994 2157 1048 sape-

582 1081 704 1127 rent
754 1075 859 1139 iis,
903 1089 1025 1144 qua?
1055 1073 1260 1130 Judaeis
1308 1091 1338 1129 a
1380 1073 1528 1130 Mose
1574 1081 1844 1145 praecepta
1889 1072 2104 1128 fuerant
2141 1088 2154 1121 :

585 1166 910 1234 110illum
929 1165 1075 1220 enim
1105 1168 1276 1236 legem
1302 1167 1410 1222 illis
1445 1166 1714 1237 posuisse,
1749 1181 1857 1220 non
1884 1164 2154 1228 occidere,

580 1266 840 1326 tanquam
889 1257 1230 1327 proelivibus
1284 1258 1351 1312 ad
1405 1257 1764 1312 occidendum
1805 1275 1819 1311 :
1869 1259 1994 1311 item
2048 1271 2154 1309 non

579 1347 867 1408 nitnchari,
919 1357 1177 1416 tanquam
1217 1348 1286 1403 iis
1325 1347 1418 1417 qui
1462 1346 1836 1410 lascivissimi,
1889 1356 2052 1416 atque
2100 1345 2155 1400 in

578 1439 858 1494 libidinem
903 1440 1318 1509 propensissimi
1349 1448 1550 1494 essent.
1589 1439 1800 1494 Rursus
1828 1453 1934 1492 non
1962 1436 2153 1501 furari,

577 1538 838 1600 tanquam
880 1533 1077 1587 servile
1108 1531 1344 1585 maxime
1384 1531 1660 1601 ingenium
1690 1546 1802 1601 pra:
1839 1545 1898 1585 se
1929 1529 2154 1584 ferenti-

578 1624 700 1677 bus.
735 1625 887 1691 lpsos
923 1625 1056 1678 vero
1102 1632 1358 1694 oportere
1408 1617 1688 1686 arbitrari,
1741 1623 1839 1677 has
1879 1622 1981 1676 sibi
2021 1621 2154 1691 ipsis

576 1729 846 1783 nusquam
875 1730 998 1770 esse
1031 1715 1466 1769 accommodatas
1498 1715 1664 1784 leges,
1702 1714 1796 1768 sed
1829 1712 1993 1767 animi
2023 1712 2155 1766 libe-

2265 520 2541 584 Μωῦσέως
2593 519 3058 592 παρηγγελμένων
3117 520 3399 593 κρείττονα
3449 525 3682 594 φρονεῖν.
3736 522 3840 579 Τὸν

2267 611 2365 681 μὲν
2408 611 2538 682 γὰρ,
2574 606 2660 664 οἷα
2690 612 3000 683 προχείροις
3028 614 3108 675 εἰς
3136 613 3512 684 ἀνδροφονίας,
3546 617 3840 688 νομοθετῆ-

2265 719 2352 756 σαι
2387 702 2462 774 μὴ
2491 702 2761 772 φονεύειν·
2798 703 3057 766 ὡσαύτως
3082 704 3139 757 δέ
3173 704 3267 757 καὶ
3311 705 3386 777 μὴ
3420 707 3711 776 μοιχεύειν,
3752 704 3841 762 οἷα

2261 793 2670 863 λαγνιστάτοις,
2711 796 2805 848 καὶ
2850 796 3362 868 καταφερεστάτοις.
3406 800 3513 852 Καὶ
3557 797 3624 854 αὖ
3678 802 3840 858 πάλιν

2266 887 2340 960 μὴ
2371 887 2644 952 κλέπτειν,
2672 883 2760 941 οἷα
2791 888 3360 962 δουλοπρεπεστάτοις.
3394 893 3603 957 Αὐτοὺς
3635 893 3690 947 δὲ
3727 894 3841 949 δεῖν

2259 979 2482 1043 τούτους
2527 979 2623 1050 μὲν
2659 979 2908 1050 ἡγεῖσθαι
2950 981 3024 1052 μὴ
3057 983 3353 1053 προσήκειν
3389 984 3570 1046 αὐτοῖς
3600 987 3725 1048 τοὺς
3751 986 3840 1040 νό-

2263 1087 2418 1141 μους,
2454 1070 2514 1123 τὸ
2547 1071 2590 1123 δ’
2619 1070 2824 1134 ἀπαθὲς
2852 1071 2951 1141 τῆς
2980 1071 3160 1142 ψυχῆς
3184 1073 3309 1144 περὶ
3332 1072 3526 1126 πολλοῦ
3561 1077 3838 1146 προτιμᾷ-δ

2260 1163 2500 1218 κάτωθεν
2534 1166 2598 1218 ἐκ
2620 1164 2815 1234 βάθους
2835 1163 3000 1234 αὐτῆς
3023 1163 3280 1228 διανοίας,
3305 1164 3493 1237 ὥσπερ
3518 1165 3625 1218 ἀπὸ
3647 1165 3835 1236 ῥιζῶν,

2257 1257 2325 1310 τά
2341 1257 2437 1326 τῆς
2461 1256 2658 1319 κακίας
2679 1255 3083 1327 ἀποτέμνοντας
3101 1255 3470 1327 βλαστήματα·
3493 1258 3586 1310 καὶ
3615 1261 3839 1329 κρατεῖν

2261 1349 2357 1419 μὲν
2385 1348 2555 1419 ὀργῆς
2587 1348 2683 1401 καὶ
2713 1348 2893 1418 πάσης
2933 1349 3164 1420 αίσχρᾶς
3197 1348 3492 1419 ἐπιθυμίας
3519 1349 3834 1420 πειρᾶσθαι,

2259 1439 2457 1510 μᾶλλον
2499 1440 2554 1493 δὲ
2606 1440 2740 1511 μηδέ
2787 1440 3100 1512 ὀργίζεσθαι
3147 1441 3214 1494 δι’
3244 1441 3420 1511 ἄκραν
3464 1440 3640 1511 ψυχῆς
3693 1441 3840 1494 άπά-

2257 1529 2428 1597 θειαν,
2480 1532 2614 1603 μηδὲ
2668 1532 3027 1604 προσϐλέπειν
3073 1535 3305 1601 γυναῖκα
3358 1532 3494 1604 μετὰ
3543 1531 3838 1603 ἐπιθυμίας

2255 1622 2583 1677 ἀκολάστου·
2638 1623 2771 1695 μηδὲ
2829 1623 3100 1688 κλέπτειν,
3148 1624 3457 1677 τούναντίον
3501 1625 3578 1686 δέ,
3629 1626 3720 1678 καὶ
3767 1625 3838 1678 τά

2255 1715 2428 1766 οἰκεῖα
2459 1713 2743 1784 προίεσθαι
2793 1716 2904 1776 τοῖς
2948 1714 3256 1784 δεομένοις·
3302 1714 3437 1767 ἀλλὰ
3468 1715 3601 1787 μηδὲ
3636 1715 3839 1786 σεμνύ·

575 1806 843 1859 rationem
875 1807 944 1860 ab
965 1807 1113 1860 omni
1147 1807 1336 1860 morbo
1375 1806 1594 1876 plurimi
1624 1804 1822 1869 facere,
1855 1811 1909 1860 et
1932 1805 2001 1859 ab
2029 1805 2152 1858 imis

2254 1804 2438 1857 νεσθαι
2462 1807 2552 1858 ἐπί
2581 1804 2658 1875 τῷ
2693 1804 2766 1876 μὴ
2799 1807 3144 1877 ἀποστερεῖν,
3171 1805 3282 1858 ἀλλ’
3308 1807 3403 1858 ἐπὶ
3433 1807 3510 1878 τῷ
3539 1807 3664 1870 τοὺς
3692 1809 3838 1876 σφᾶς

577 1897 824 1966 partibus
845 1913 907 1952 ac
939 1897 1005 1952 de
1035 1898 1306 1968 profundo
1330 1898 1700 1969 cogitationis,
1723 1906 1979 1967 tanquam
2005 1912 2035 1950 a
2064 1912 2153 1950 ra-

574 1989 793 2045 dicibus
843 1989 1111 2044 malitiam
1157 1989 1514 2058 pullulantem
1563 2005 1847 2055 resecare,
1905 1990 2154 2059 iramque

573 2087 740 2152 atque
770 2095 988 2134 omnem
1017 2079 1202 2136 minus
1236 2080 1524 2134 honestam
1553 2080 1906 2150 cupiditatem
1931 2081 2153 2135 vincere

575 2173 851 2237 coronari,
888 2188 952 2226 ac
982 2173 1166 2242 potius
1199 2189 1264 2228 ex
1303 2187 1517 2228 summa
1555 2175 1720 2228 animi
1759 2173 2154 2244 tranquillitate

586 2279 656 2318 ne
685 2262 844 2318 irasci
869 2263 1108 2332 quidem,
1134 2277 1311 2332 neque
1339 2263 1623 2318 mulierem
1657 2278 1781 2317 cum
1813 2263 2039 2318 libidine
2068 2262 2152 2315 in-

586 2355 746 2418 tueri,
777 2370 841 2408 ac
889 2369 997 2408 non
1027 2354 1188 2408 modo
1244 2369 1353 2408 non
1407 2353 1602 2420 furari,
1649 2354 1745 2410 sed
1795 2362 2020 2421 contra,
2063 2369 2152 2408 res

582 2448 744 2502 etiam
771 2461 902 2501 suas
937 2445 1305 2516 indigentibus
1337 2460 1584 2515 erogare.
1608 2444 1795 2515 Neque
1833 2461 1962 2500 vero
1994 2446 2048 2499 in
2085 2460 2152 2498 eo

579 2537 824 2608 gloriari,
875 2536 1020 2606 quod
1063 2537 1238 2591 aliena
1283 2536 1425 2591 inter
1467 2553 1527 2592 se
1565 2552 1675 2592 non
1725 2537 2021 2600 auferrent,
2056 2538 2152 2592 sed

573 2629 719 2698 quod
763 2628 864 2690 eis,
905 2627 998 2697 qui
1048 2642 1108 2682 se
1148 2626 1310 2696 primi
1362 2626 1715 2697 spoliassent,
1757 2643 1971 2682 omnem
2005 2628 2150 2695 inju-

572 2719 710 2772 riam
736 2717 1092 2771 remitterent.
1115 2715 1180 2770 Et
1206 2717 1337 2786 quid
1367 2732 1508 2788 opus
1543 2727 1627 2773 est
1656 2733 1740 2773 me
1775 2717 1956 2770 omnia
1996 2731 2152 2785 repe-

571 2820 708 2872 tere,
743 2823 1086 2878 quzecunque
1115 2815 1210 2862 aut
1243 2808 1330 2864 ille
1355 2808 1564 2873 docuit,
1587 2816 1680 2862 aut
1704 2808 1779 2862 illi
1808 2807 2151 2861 didicerunt?

571 2917 698 2955 nam
731 2910 927 2971 praeter
948 2908 1169 2962 caetera,
1195 2900 1319 2954 illos
1346 2901 1418 2954 ita
1436 2902 1719 2955 veritatem
1752 2899 2004 2970 amplecti
2028 2899 2150 2953 hor-

567 2994 814 3055 tabatur,
850 2999 910 3046 ut
941 3007 1009 3046 ne
1050 2991 1174 3060 jure
1201 2990 1419 3060 quidem
1446 2991 1686 3061 jurando
1732 2991 2058 3063 indigerent,
2087 3007 2149 3046 ac

567 3086 740 3140 multo
773 3083 994 3156 quidem
1034 3083 1216 3138 minus
1248 3083 1512 3152 perjurio.
1557 3084 1636 3136 Ita
1671 3099 1800 3138 vero
1831 3099 1891 3139 se
1947 3085 2053 3139 vita
2085 3100 2149 3138 ac

567 3176 814 3232 moribus
844 3189 1185 3245 comparare,
1227 3183 1281 3229 ut
1331 3175 1478 3246 quod
1508 3175 1774 3241 dicerent,
1818 3176 1966 3232 omni
1995 3176 2148 3244 jure—
2175 3160 2216 3216 (ἶ

564 3269 800 3339 iurando
830 3270 1038 3324 certius
1074 3268 1388 3330 haberetur,
1417 3270 1831 3338 progredientes
1859 3269 1925 3324 ad
1956 3270 2008 3324 id
2051 3287 2146 3327 us-

567 3377 677 3430 que
726 3358 996 3416 sermonis
1026 3367 1081 3412 ut
1116 3374 1214 3428 pro
1241 3357 1599 3415 aﬂirmatione
1639 3361 1901 3430 dicerent,
1929 3361 2102 3415 Etiam
2128 3382 2141 3417 :

567 3468 666 3522 pro
694 3453 1002 3523 negatione,
1029 3450 1149 3506 Non
1180 3470 1192 3505 :
1225 3460 1279 3507 et
1307 3469 1430 3506 cum
1466 3454 1691 3509 veritate
1717 3453 2028 3524 hujusmodi
2053 3470 2147 3508 vo-

568 3546 727 3599 cibus
755 3552 1060 3600 uterentur.
1093 3545 1499 3614 lnterrogemus
1525 3545 1712 3615 igitur,
1750 3560 1912 3614 quam
1946 3545 2143 3614 proba-

569 3639 838 3693 bilitatem
880 3637 1100 3700 habeat,
1123 3635 1314 3689 talium
1348 3635 1804 3689 documentorum
1841 3635 2140 3700 auditores,

569 3745 634 3784 ac
657 3731 836 3800 potius
855 3729 966 3798 jam
997 3727 1289 3796 magistros
1303 3724 1547 3789 effectos,
1567 3725 1834 3796 suspicari
1865 3728 2140 3789 mentitos,

569 3837 909 3893 quaecunque
944 3835 1104 3875 suum
1150 3827 1540 3888 praeceptorem
1581 3817 1829 3873 eﬂecisse
1866 3818 2144 3873 testificati

570 3911 735 3967 sunt?
764 3919 858 3966 aut
887 3925 1050 3981 quam
1085 3908 1422 3964 credibiliter
1461 3907 1685 3972 faciant,
1724 3907 1771 3963 si
1806 3917 1998 3978 putent
2020 3909 2143 3965 illos

568 4018 760 4058 omnes
793 4002 898 4056 sibi
924 4002 1066 4056 inter
1097 4015 1156 4056 se
1181 3999 1532 4055 consensisse
1565 3999 1620 4053 in
1653 3999 1972 4054 mendacio?
2003 3999 2143 4054 duo-

2252 1902 2575 1970 ἀποστερεῖν
2630 1900 3110 1971 προηγουμένους,
3164 1899 3561 1969 ἀμνησικάκως
3623 1900 3831 1969 φέρειν.

2253 1991 2363 2043 Καὶ
2402 1990 2455 2042 τί
2496 2007 2563 2060 με
2613 1991 2717 2064 χρὴ
2766 1993 3093 2058 συναγαγεῖν
3140 1990 3301 2043 πάνθ’
3339 1991 3439 2043 ὅσα
3466 1991 3495 2042 ὁ
3532 1991 3626 2060 μὲν
3656 1991 3838 2043 ἐδίδα-

2254 2100 2401 2146 σκεν,
2436 2084 2485 2136 οί
2523 2083 2569 2136 δ’
2618 2083 2918 2152 ἐμάνθανον
2944 2100 2958 2148 ;
2988 2082 3220 2154 παρῄνει
3261 2081 3306 2135 δ’
3341 2083 3524 2144 αὐτοῖς
3555 2082 3690 2153 πρὸς
3717 2084 3840 2144 τοῖς

2251 2176 2428 2238 ἄλλοις
2473 2175 2574 2244 τῆς
2603 2175 2857 2245 ἀληθείας
2901 2174 3074 2238 οὕτως
3121 2175 3360 2245 ἔχεσθαι,
3396 2175 3471 2238 ὡς
3514 2176 3637 2245 μηδ’
3673 2176 3841 2246 εὑορ-ι

2253 2268 2377 2330 κίας
2418 2266 2646 2330 δεῖσθαι,
2683 2266 2880 2320 πολλοῦ
2920 2267 3001 2319 δεῖ
3037 2270 3340 2339 ἐπιορκεῖν·
3391 2266 3874 2338 παρασκευάζειν.

2250 2357 2306 2410 δὲ
2338 2358 2428 2410 τὸν
2473 2358 2671 2428 τρόπον
2719 2358 2919 2422 παντὸς
2957 2359 3120 2429 ὅρκου
3167 2359 3481 2429 πιστότερον
3525 2357 3834 2427 φαίνεσθαι,

2256 2451 2415 2522 μέχρι
2459 2450 2552 2503 τοῦ
2584 2448 2691 2503 Ναὶ
2724 2450 2820 2503 καὶ
2871 2452 2965 2503 τοῦ
3001 2449 3074 2503 Οὓ
3116 2451 3444 2522 χωροῦντας,
3482 2451 3576 2503 σὺν
3604 2449 3841 2520 ἀληθείᾳ

2252 2545 2362 2605 τοῖς
2413 2543 2620 2612 ῥήμασι
2665 2541 2998 2612 χρωμένους.
3039 2541 3308 2594 Πευστέον
3347 2541 3550 2603 τοίνυν,
3596 2540 3719 2592 τίνα
3764 2539 3837 2593 ἀν

2252 2633 2364 2702 έχοι
2401 2632 2558 2700 λόγον
2595 2633 2722 2694 τοὺς
2758 2631 2864 2684 τῶν
2914 2633 3124 2686 τοιωνδὶ
3163 2634 3458 2704 ἀκροατὰς,
3493 2633 3592 2703 ἤδη
3637 2633 3692 2685 δὲ
3736 2634 3839 2685 καὶ

2250 2720 2596 2781 διδασκάλους
2633 2719 2741 2772 τῶν
2773 2720 2950 2773 αὐτῶν
2986 2719 3188 2790 φύντας
3219 2722 3579 2792 μαθημάτων,
3615 2721 3834 2775 πεπλᾶ-

2253 2812 2374 2866 σθαι
2427 2811 2702 2876 ὑπονοεῖν,
2753 2812 2853 2864 ὅσα
2907 2811 3306 2883 διαπράξασθαι
3361 2813 3451 2866 τὸν
3511 2813 3837 2866 διδάσκαλον

2252 2899 2656 2972 ἐμαρτύρησαν.
2688 2902 2750 2953 Τί
2791 2902 2848 2955 δέ
2873 2903 2932 2956 τὸ
2967 2903 3190 2957 πιθανὸν
3217 2904 3310 2958 τοῦ
3341 2905 3582 2976 νομίζειν
3607 2903 3840 2976 συμφώ-

2251 3010 2356 3057 νως
2391 2993 2636 3056 ἅπαντας
2679 2993 3000 3064 ψεύσασθαι,
3045 2994 3255 3049 δώδεκα
3298 2996 3459 3060 ὄντας
3485 2997 3574 3050 τὸν
3597 2996 3838 3069 ἀριθμὸν

2249 3085 2374 3147 τοὺς
2415 3083 2721 3154 ἐκκρίτους,
2767 3082 3136 3154 ἐϐδομήκοντα
3175 3083 3232 3137 δέ
3274 3085 3401 3147 τοὺς
3438 3083 3689 3148 λοιπούς;
3733 3082 3837 3148 οὒς

2251 3178 2343 3230 καὶ
2365 3176 2679 3229 ἀποστεῖλαι
2700 3175 2915 3244 λέγεται
2944 3175 3047 3229 ἀνά
3077 3175 3169 3228 δύο
3193 3177 3299 3248 πρὸ
3323 3177 3615 3248 προσώπου
3642 3176 3832 3242 αὑτοῦ,

2251 3269 2330 3330 είς
2364 3266 2540 3320 πάντα
2568 3265 2731 3318 τόπον
2759 3265 2851 3318 καὶ
2882 3263 3065 3335 χώραν
3101 3259 3160 3317 οὗ
3209 3265 3432 3336 ἔμελλεν
3477 3265 3639 3328 αὐτὸς
3673 3264 3837 3335 ἔρχε-

2253 3355 2396 3409 σθαι.
2453 3355 2594 3408 Ἀλλ’
2627 3355 2800 3418 οὐδεὶς
2843 3356 2987 3426 αἱρεῖ
3013 3354 3166 3422 λόγος
3215 3354 3559 3408 ἀπιστεῖσθαι
3605 3354 3838 3408 τοσοῦτο

2253 3445 2457 3515 πλῆθος
2505 3444 2718 3517 ἀνδρῶν
2748 3443 2947 3514 εὐσεϐῆ
2980 3446 3073 3497 καὶ
3101 3447 3294 3515 σεμνὸν
3344 3445 3455 3516 βίον
3504 3447 3834 3517 ἀσπασαμέ-

2254 3554 2380 3601 νων,
2417 3537 2511 3591 καὶ
2563 3537 2780 3590 πάντων
2836 3535 2933 3606 μὲν
2970 3538 3080 3589 τῶν
3127 3538 3340 3591 οἰκείων
3373 3538 3832 3610 ώλιγωρηκότων,

2250 3631 2370 3683 ἀντὶ
2399 3630 2455 3682 δὲ
2489 3629 2598 3682 τῶν
2635 3629 2924 3696 φιλτάτων,
2963 3630 3220 3698 γυναικὸς
3261 3628 3423 3698 λέγω,
3468 3630 3559 3682 καὶ
3597 3629 3829 3694 παίδων,

2251 3724 2345 3776 καὶ⁸
2369 3723 2569 3785 παντὸς
2609 3721 2822 3790 γένους,
2853 3721 2942 3774 τὸν
2987 3723 3125 3792 ἀκτή
3136 3738 3270 3791 μονα
3302 3722 3501 3792 τρόπον
3535 3722 3830 3794 ἑλομένων,

2253 3815 2346 3868 καὶ
2374 3815 2472 3885 τὴν
2513 3816 2639 3886 περὶ
2676 3813 2769 3867 τοῦ
2809 3813 3128 3867 διδασκάλου
3163 3814 3466 3885 μαρτυρίαν
3515 3813 3828 3884 σύμφωνον,

2248 3905 2324 3970 ὡς
2350 3908 2442 3975 ἀφ’
2468 3907 2586 3969 ἐνὸς
2625 3907 2911 3976 στόματος,
2946 3907 3026 3969 είς
3049 3906 3258 3969 πάντας
3286 3904 3608 3978 ἀνθρώπους
3642 3906 3797 3976 ἐξενη
3817 3936 3832 3947 ο

2250 4015 2502 4068 νοχοτων.

569 4095 747 4149 decim
777 4092 994 4163 quidem
1037 4091 1106 4149 de
1144 4092 1294 4146 omni
1345 4106 1574 4146 numero
1598 4091 1826 4154 electos,
1859 4093 2200 4162 septuaginta
2244 4101 2423 4146 autem
2453 4091 2734 4162 reliquos?
2773 4093 2923 4159 Quos
2955 4093 3115 4147 etiam
3155 4091 3315 4146 binos
3363 4091 3582 4146 misisse
3625 4091 3828 4145 dicitur

573 4195 698 4241 ante
728 4184 920 4238 faciem
951 4199 1126 4250 suam,
1159 4182 1227 4237 ad
1270 4197 1487 4236 omnem
1541 4182 1718 4237 locum
1753 4191 1807 4239 et
1834 4185 2134 4254 regionem,
2171 4199 2280 4253 quo
2307 4192 2426 4240 erat
2451 4185 2568 4256 ipse
2626 4193 2910 4241 venturus.
2939 4183 3042 4238 Sed
3078 4183 3228 4237 nulla
3263 4199 3506 4252 unquam
3569 4183 3831 4238 afferetur

571 4279 733 4341 ratio,
763 4293 933 4347 quare
968 4284 1132 4330 tanta!
1173 4275 1507 4330 multitudini
1539 4276 1820 4330 hominum
1869 4277 2202 4333 credendum
2245 4295 2356 4334 non
2396 4280 2490 4343 sit,
2524 4279 2616 4350 qui
2655 4277 2875 4349 quidem
2924 4275 3234 4346 religiosam
3289 4290 3620 4345 gravemque
3657 4274 3827 4327 vitam

572 4370 806 4441 amplexi
845 4370 976 4433 sint,
1036 4383 1232 4438 resque
1278 4383 1470 4423 omnes
1528 4385 1659 4426 suas
1696 4371 1993 4439 aspernati,
2019 4382 2074 4428 et
2103 4389 2203 4442 pro
2236 4373 2598 4436 charissimis,
2635 4387 2826 4435 uxore,
2860 4370 3112 4441 inquam,
3142 4375 3199 4423 et
3247 4369 3438 4425 liberis
3472 4377 3526 4424 et
3555 4369 3706 4423 omni
3733 4384 3830 4438 ge-

571 4478 722 4524 nere,
763 4461 980 4530 inopem
1015 4461 1220 4514 victum
1261 4460 1544 4529 elegerint,
1565 4477 1630 4516 ac
1657 4461 1726 4517 de
1753 4478 1854 4517 suo
1886 4473 2220 4534 praeceptore
2252 4481 2484 4520 concors
2517 4463 2908 4526 testimonium,
2945 4470 3205 4532 tanquam
3238 4477 3348 4515 uno
3391 4476 3505 4524 ore,
3536 4461 3592 4515 in
3637 4476 3831 4516 omnes

569 4555 817 4613 homines
847 4552 1191 4623 protulerint.

638 4645 898 4716 Princeps
921 4645 1086 4716 igitur
1111 4645 1224 4700 haec
1249 4655 1304 4701 et
1326 4647 1500 4716 prima
1517 4654 1572 4701 et
1601 4662 1727 4702 vera
1745 4648 1817 4703 sit
1847 4650 2006 4704 ratio.
2036 4647 2142 4703 Sed
2180 4656 2222 4709 ι)

567 4739 896 4793 contrariam
926 4753 1144 4807 quoque
1181 4747 1491 4807 spectemus
1526 4759 1538 4795 :
1577 4742 1628 4794 in
1660 4755 1764 4809 qua
1802 4741 1992 4795 saltem
2025 4741 2140 4810 pri-

2329 4643 2387 4695 ὐ
2451 4642 2548 4713 μὲν
2611 4636 2703 4694 οὖν
2765 4641 2952 4713 κύριος
3023 4640 3117 4694 καὶ
3177 4639 3392 4708 πρῶτος
3457 4638 3550 4693 καὶ
3619 4641 3828 4714 ἀληθὴς

2244 4736 2400 4804 λόγος
2454 4735 2539 4805 εἴη
2585 4733 2652 4787 ἂν
2703 4729 2876 4797 οὗτος.
2924 4732 3258 4802 Σκεψώμεθα
3299 4732 3355 4785 δὲ
3403 4733 3495 4785 καὶ
3535 4732 3626 4785 τὸν
3673 4734 3828 4787 ἐναν-

2243 4828 2377 4881 τίον.
2429 4828 2608 4880 Ἔστω
2650 4826 2758 4897 γὰρ
2801 4827 2829 4878 ὁ
2882 4826 2980 4896 μὲν
3025 4825 3362 4888 διδάσκαλος,
3393 4825 3530 4878 οῖδέ
3564 4825 3825 4897 μαθηταί.

567 4847 715 4886 mum
734 4830 866 4885 illud
882 4837 1115 4896 constet,
1131 4829 1398 4898 nobisque
1413 4846 1535 4884 cum
1557 4831 1666 4886 illis
1678 4832 2141 4894 conveniat,hunc

567 4925 786 4996 quidem
831 4924 1000 4980 fuisse
1046 4936 1456 4996 praeceptorem,
1496 4927 1618 4980 illos
1664 4943 1792 4982 vero
1816 4927 2136 4998 discipuios.

575 5015 729 5084 ιιι
761 5013 963 5069 Deinde
988 5016 1256 5085 fingamus
1284 5015 1434 5068 illum
1473 5032 1580 5070 non
1605 5032 1666 5070 ea
1699 5033 1820 5087 qua:
1846 5019 1958 5088 jam
1992 5019 2137 5072 dicta

569 5114 719 5170 sunt,
748 5106 1022 5171 docuisse,
1045 5107 1139 5162 sed
1176 5108 1282 5162 illis
1321 5108 1479 5177 plane
1517 5111 1797 5164 contraria
1831 5111 2030 5176 facere,
2053 5112 2138 5165 vi-

567 5199 765 5255 delicet
786 5209 976 5254 contra
1006 5201 1171 5270 leges,
1207 5199 1370 5270 impie
1401 5200 1707 5270 injusteque
1767 5217 1947 5271 agere,
1983 5218 2146 5272 supe-

567 5307 712 5353 rare,
744 5293 976 5359 spoliare
1023 5300 1269 5358 caeteros,
1298 5300 1352 5347 et
1385 5292 1431 5346 si
1482 5293 1611 5362 quid
1648 5293 1830 5358 aliud,
1895 5294 2040 5364 quod
2077 5294 2142 5349 ad

569 5381 829 5435 malitiam
866 5381 1156 5449 pertineat,
1180 5382 1288 5436 dici
1319 5391 1499 5452 potest
1532 5400 1546 5437 ;
1581 5383 1748 5437 latere
1791 5394 1972 5438 autem
2007 5383 2145 5439 iniis

575 5468 834 5524 omnibus
891 5469 1102 5533 conari,
1158 5480 1207 5524 et
1237 5472 1511 5540 ejusmodi
1567 5488 1748 5528 mores
1800 5473 2146 5527 simulatione

569 5561 836 5617 doctrinae
857 5560 1145 5632 gravioris,
1177 5571 1230 5619 et
1251 5579 1394 5620 nova
1423 5564 1768 5636 professione
1803 5565 2024 5636 pietatis
2045 5565 2145 5619 ob-

639 5719 685 5750 “
712 5715 842 5772 Luc.
874 5732 929 5781 Χ,
960 5717 1012 5771 ι.

2245 4916 2359 4973 Εἶθ’
2388 4919 2462 4982 ὡς
2496 4919 2553 4970 ἐν
2571 4916 2823 4970 ὑποθέσει
2857 4915 3036 4985 λόγου,
3071 4917 3099 4968 ὁ
3123 4916 3220 4987 μὲν
3244 4915 3318 4986 μὴ
3339 4915 3406 4968 τὰ
3423 4915 3828 4988 προλελεγμένα

2243 5011 2557 5074 διδασκέτω,
2605 5009 2674 5063 τά
2719 5008 2764 5061 δ’
2799 5008 3026 5070 ἐκείνοις
3081 5005 3318 5068 ἐναντία,
3364 5012 3700 5078 παρανομεῖν
3733 5009 3828 5079 δη-

2243 5105 2394 5176 λαδὴ,
2429 5105 2524 5156 καὶ
2558 5102 2794 5164 ἀσεϐεῖν,
2830 5101 2924 5154 καὶ
2957 5100 3180 5164 ἀδικεῖν,
3209 5101 3304 5152 καὶ
3331 5099 3692 5163 πλεονεκτεῖν,
3729 5105 3826 5156 καὶ

2239 5197 2578 5266 ἀποστερεῖν,
2616 5194 2706 5246 καὶ
2737 5193 2788 5245 εἴ
2820 5210 2870 5245 τι
2910 5192 3096 5263 ἐτερον
3131 5190 3299 5244 κακὸν
3341 5190 3553 5259 λέγοιτο
3575 5209 3588 5220 ·
3623 5190 3826 5245 λανθά-

2239 5306 2348 5340 νειν
2399 5288 2444 5341 δ’
2487 5287 2580 5339 ἐπὶ
2631 5287 2764 5338 πᾶσι
2817 5284 3026 5346 τούτοις
3075 5281 3417 5346 σπουδάζειν,
3458 5283 3553 5335 καὶ
3594 5282 3654 5336 τὸ
3694 5279 3827 5353 ἦθος

2240 5379 2364 5451 μάλ’
2390 5378 2605 5447 εὐφυῶς
2653 5374 3083 5448 ἐπικρύπτεσθαι
3130 5375 3477 5444 προσχήματι
3509 5373 3713 5443 σεμνῆς
3747 5373 3826 5425 δι-

2237 5470 2534 5534 δασκαλίας
2587 5469 2682 5521 καὶ
2718 5466 2999 5529 εὐσεϐείας
3046 5464 3347 5536 ἐπαγγελίᾳ
3395 5465 3606 5534 καινῆς.
3657 5465 3719 5516 Ol
3769 5463 3826 5516 δὲ

2238 5563 2408 5618 ταῦτα
2440 5559 2911 5634 μετερχέσθωσαν,
2957 5558 3051 5612 καὶ
3097 5555 3166 5609 τά
3197 5556 3402 5612 τούτων
3438 5555 3519 5609 ἔτι
3548 5555 3824 5626 μοχθηρά·
