4158 6418
377 389 482 446 20!

1296 334 1956 436 DELIONSTRATIONIS
1994 368 2450 427 EVANGELICAE
2490 368 2621 424 LIB.
2659 365 2749 423 III.

3520 369 3629 426 203

379 517 538 572 τερα,
568 498 657 553 διὰ
686 499 748 551 τδ
792 497 1037 571 προαλὲς
1076 497 1177 566 τῆς
1213 496 1411 561 κακίας
1453 495 1547 550 καὶ
1586 492 1960 548 αὐτοδίδακτον

2067 497 2265 559 tegere.
2308 486 2416 556 Ipsi
2467 500 2600 541 vero
2637 484 2894 556 discipuli
2940 494 2995 539 et
3045 485 3134 542 his
3154 492 3533 556 exerceantur,
3573 498 3629 544 et

379 592 581 663 αὐτῆς·
621 590 714 642 ἐπὶ
758 588 904 659 μέγα
946 589 1004 641 δὲ
1044 586 1298 650 πλαστοῖς
1343 587 1581 658 ῥήμασιν
1629 582 1963 655 ἐπαιρόντων

378 686 474 739 τὸν
506 680 839 745 διδάσκαλον,
887 680 1115 751 μηδενὸς
1146 675 1374 749 ψευδοῦς
1419 674 1721 747 φειδόμενοι
1760 672 1919 742 λόγου
1942 687 1958 702 '

382 775 563 828 πάντα
593 772 649 827 δὲ
670 770 820 842 αύτῷ
854 772 924 825 τὰ
958 769 1234 842 παράδοξα
1265 769 1359 821 καὶ
1391 768 1491 831 τὰς
1520 764 1963 838 θαυματουργίας

381 864 780 935 πεπλασμένως
809 861 1245 933 ὲπιγραφόντων,
1279 860 1354 925 ὡς
1389 859 1456 913 ἂν
1489 857 1850 929 θαυμάζοιντο
1870 856 1964 909 καλ⁵

381 960 559 1023 αὐτοὶ,
599 957 697 1010 καὶ
734 954 1137 1028 μακαρίζοιντο,
1174 949 1260 1007 οἷα
1297 952 1533 1025 μαθηταὶ
1571 949 1776 1004 τοιοῦδε
1807 948 1962 1019 γενέ-

382 1051 507 1105 σθαι
540 1047 853 1119 ⁴ἠξιωμένοι.
899 1047 1036 1117 Φέρε
1070 1042 1161 1099 οὖν
1197 1045 1417 1115 ἴδωμεν,
1455 1046 1505 1097 εί
1542 1041 1769 1096 τοιοῖσδε
1814 1036 1963 1094 οὖσιν

379 1144 571 1205 αὐτοῖς
616 1139 877 1209 συστῆναι
918 1135 1029 1190 οἷόν
1066 1155 1127 1190 τε
1162 1133 1230 1209 ἦν
1277 1136 1338 1190 τὸ
1383 1135 1739 1207 ἐπιχείρημα.
1791 1131 1963 1203 Κακῷ

378 1233 449 1306 δὴ
479 1231 649 1287 κακὸν
673 1229 733 1285 οῦ
760 1247 921 1302 φασιν
950 1224 1088 1283 εἶναι
1116 1228 1290 1298 φίλον,
1324 1227 1441 1281 ἀλλ’
1472 1226 1590 1281 οὐδὲ
1618 1223 1825 1296 ἀγαθῷ.
1855 1223 1961 1278 Πό-

390 1324 484 1378 θεν
511 1320 604 1378 οὖν
640 1326 695 1376 ὲν
724 1322 916 1394 πλήθει
954 1320 1183 1375 τοσῶνδε
1222 1318 1427 1389 ἀνδρῶν
1453 1320 1486 1390 η
1513 1318 1621 1371 τῶν
1659 1316 1844 1370 κακῶν
1873 1315 1963 1370 εὖ·

387 1432 560 1488 ρηται
593 1414 910 1487 συμφωνία;
946 1413 1107 1466 πόθεν
1140 1413 1173 1483 ἡ
1202 1410 1330 1483 περὶ
1356 1408 1462 1463 τῶν
1500 1407 1676 1463 αὐτῶν
1708 1409 1765 1462 ἐν
1798 1408 1963 1461 πᾶσιν

383 1508 575 1571 αὐτοῖς
606 1509 885 1577 ὁμόφωνος
934 1502 1307 1576 μαρτυρία;ή
1357 1501 1515 1572 μέχρι
1563 1499 1789 1553 θανάτου
1834 1501 1963 1569 ὁμο-

381 1597 666 1669 φροσύνης
694 1597 845 1667 ἀνδρὶ
887 1596 945 1649 δὲ
973 1594 1128 1666 γόητι
1159 1593 1336 1647 τοιάδε
1377 1591 1847 1662 ἐπαγγελλομένῳ,
1878 1590 1964 1654 τίς

382 1691 455 1744 ἂν
504 1689 605 1760 τὴν
654 1687 826 1760 ἀρχὴν
861 1685 1132 1759 προσέσχε
1175 1683 1266 1738 τὸν
1315 1682 1474 1747 νοῦν;
1512 1682 1703 1744 Εἴποις
1743 1681 1829 1747 ἂν,
1880 1681 1961 1733 ὅτι

380 1781 582 1851 γόητες
606 1779 760 1832 αὐτοὶ
790 1777 941 1830 οὐδὲν
973 1773 1132 1848 ἦττον
1159 1773 1252 1827 τοῦ
1296 1771 1604 1843 καθηγητοῦ
1643 1768 1801 1843 ἦσαν.
1834 1767 1961 1843 'Ap‘

2062 592 2225 649 quam
2262 577 2378 633 haec
2399 588 2546 641 sunt,
2576 578 2741 632 etiam
2791 578 3164 649 nequioribus.
3197 576 3501 649 Propterea
3543 581 3628 634 vi-

2062 669 2256 726 delicet
2308 668 2453 739 quod
2496 683 2694 741 magna
2728 676 2814 725 est
2861 668 2928 724 ad
2960 670 3223 725 malitiam
3265 671 3581 741 proclivitas
3613 711 3629 735 ,

2059 777 2293 832 eamque
2322 763 2406 816 vel
2440 762 2592 816 nullo
2622 768 2958 833 praeceptore
2980 761 3194 818 discere
3226 763 3386 820 facile
3404 775 3491 820 est
3522 783 3537 819 :
3573 766 3630 819 in

2062 855 2296 909 sublime
2323 869 2455 909 vero
2504 869 2663 909 suum
2715 861 3099 925 praeceptorem
3161 855 3304 910 lictis
3328 856 3510 912 verbis
3535 871 3632 911 ex-

2062 944 2278 1007 tollant,
2332 944 2578 1015 nullique
2637 944 2927 999 mendacio
2966 952 3239 1014 parcant:
3288 945 3473 1001 omnia
3502 960 3632 1002 vero

2062 1035 2142 1088 illi
2197 1034 2460 1090 miracula
2487 1043 2540 1090 et
2572 1045 2845 1106 portenta,
2879 1050 3006 1090 eum
3055 1036 3423 1103 simulatione,
3476 1037 3632 1094 falsi-

2030 1112 2278 1194 'tateque
2330 1125 2608 1180 ascribant
2633 1164 2648 1188 ,
2693 1133 2753 1180 ut
2786 1124 2888 1195 ipsi
2928 1140 3146 1195 quoque
3173 1126 3227 1180 in
3270 1127 3632 1185 admiratione

2063 1218 2387 1281 habeantur,
2419 1218 2676 1289 beatique
2702 1218 3045 1287 iudicentur,
3081 1218 3174 1291 qui
3204 1219 3472 1289 ejusmodi
3489 1236 3629 1291 pra:-

2062 1310 2298 1380 eeptoris
2343 1309 2595 1381 discipuli
2626 1311 2956 1367 exstiterint.
3008 1308 3303 1368 Videamus
3334 1311 3503 1383 igitur
3535 1314 3631 1384 qui

2062 1401 2299 1469 potuerit
2331 1399 2438 1454 illis
2474 1410 2582 1455 tam
2645 1400 2822 1454 audax
2870 1401 3164 1470 incoeptum
3211 1403 3549 1469 consistere,
3582 1406 3630 1462 si

2062 1492 2197 1547 tales
2227 1493 2395 1548 fuere.
2431 1493 2622 1562 quales
2646 1492 2910 1560 descripti
2939 1501 3087 1549 sunt.
3113 1491 3250 1547 Nam
3280 1495 3483 1549 malum
3513 1509 3631 1550 ma-

2063 1580 2136 1645 Io,
2164 1580 2340 1648 aiunt,
2386 1581 2624 1637 amicum
2657 1598 2766 1637 non
2804 1592 2930 1638 est:
2976 1599 3040 1639 ac
3070 1600 3140 1640 ne
3190 1586 3334 1641 bono
3383 1587 3626 1658 quidem.

2064 1673 2219 1729 Unde
2247 1674 2413 1744 igitur
2438 1673 2494 1727 in
2518 1680 2670 1728 tanta
2693 1675 2937 1729 virorum
2980 1676 3348 1744 multitudine,
3397 1693 3632 1737 concor-

2063 1765 2161 1839 dia
2203 1767 2423 1821 malitiae
2451 1777 2664 1838 reperta
2708 1772 2836 1822 est?
2866 1768 3008 1823 unde
3034 1769 3090 1823 in
3113 1770 3220 1825 illis
3254 1770 3532 1835 omnibus,
3560 1772 3630 1829 de

380 1867 481 1926 οὖν
512 1870 623 1923 οἵδε
666 1870 726 1922 τὸ
749 1868 900 1932 τέλος
949 1868 1011 1920 οὐ
1049 1865 1460 1937 συνεωράκεσαν
1492 1863 1586 1917 τοῦ
1623 1862 1960 1927 διδασκάλου,

2065 1855 2257 1912 iisdem
2313 1858 2480 1911 rebus
2515 1872 2746 1913 concors
2776 1859 3194 1914 testimonium?
3241 1870 3296 1917 et
3320 1860 3508 1917 eadem
3533 1878 3629 1919 us-

379 1964 483 2016 καὶ
514 1962 612 2030 οίῳ
646 1959 878 2031 κέχρητο
915 1957 1160 2028 θανάτῳς
1197 1956 1261 2008 Τί
1295 1955 1430 2026 δῆτα
1465 1950 1559 2009 οὖν
1603 1955 1694 2009 καὶ
1729 1954 1865 2027 μετά
1901 1955 1964 2009 τὸ

383 2056 666 2124 αἴσχιστον
705 2054 880 2106 ἐκεῖνο
910 2050 1061 2115 τέλος
1113 2047 1279 2102 αὐτοῦ
1324 2048 1611 2119 ἐπέμενον,
1643 2048 1733 2102 τὸν
1777 2050 1836 2102 ὲν
1872 2065 1961 2101 νε-

386 2150 557 2218 κροῖς
578 2144 972 2213 θεολογοῦντες,
1008 2142 1075 2197 τά
1111 2142 1201 2196 ἴσα
1251 2140 1472 2202 παθείνς
1505 2142 1614 2195 Καὶ
1642 2142 1725 2205 τίς
1756 2140 1962 2195 πώποτ’

385 2242 477 2293 ἐπ’
505 2239 682 2292 οὐδενὶ
712 2238 856 2308 λόγῳ
884 2236 1151 2309 πρόδηλον
1182 2234 1354 2289 ἕλοιτο
1383 2233 1638 2306 τοιαύτην
1660 2235 1960 2307 τιμωρίαν;

386 2332 503 2385 Καὶ
540 2332 644 2402 μὴν
680 2330 908 2384 δεδόσθω
941 2331 1103 2401 τιμᾷν
1139 2327 1299 2382 αὑτὸν
1339 2328 1562 2383 συνόντα
1595 2328 1673 2380 ἔτι
1706 2327 1796 2381 καὶ
1835 2343 1961 2381 συν-

384 2422 751 2493 διατρίϐοντα,
782 2421 873 2475 καὶ
901 2422 967 2475 δι’
1002 2420 1214 2491 ἀπάτης
1246 2420 1459 2483 αὐτοὺς,
1490 2419 1566 2483 ὡς
1592 2419 1657 2473 ἂν
1690 2418 1822 2489 φαίη
1853 2435 1958 2482 τις,

386 2512 807 2567 ἀποπλανῶντα.
840 2512 905 2565 Τί
944 2508 1058 2576 οὖν,
1093 2512 1175 2565 ὅτι
1222 2512 1315 2564 καὶ
1362 2511 1499 2581 μετά
1538 2511 1637 2579 τὴν
1684 2508 1957 2581 τελευτὴν,

386 2604 488 2658 καὶ
528 2603 661 2657 πολὺ
692 2603 889 2675 μᾶλλον
919 2603 1040 2656 τότε
1082 2603 1115 2673 ἢ
1151 2602 1410 2674 πρότερον
1436 2602 1598 2655 αὐτὸν
1636 2600 1957 2671 τεθνηκότα,

386 2695 784 2764 τετιμήκασινς
810 2695 931 2746 ἐπεὶ
996 2694 1091 2746 σὺν
1126 2691 1430 2763 ἀνθρώποις
1460 2691 1685 2760 μένοντα
1713 2691 1959 2760 λέγονται

386 2787 487 2840 καὶ
518 2785 867 2857 ἀπηρνῆσθαί
900 2802 1049 2849 ποτε,
1083 2786 1171 2838 ὅτε
1205 2785 1355 2857 αὐτῷ
1383 2785 1451 2839 τά
1489 2785 1589 2855 τῆς
1630 2800 1694 2852 γε
1736 2784 1957 2837 ἐπιϐου-

386 2878 491 2947 λῆς
519 2877 877 2949 ὲσκευὼρητο.
908 2878 1059 2932 Μετὰ
1089 2878 1145 2932 δὲ
1177 2878 1237 2932 τὸ
1266 2879 1324 2946 ἐξ
1355 2875 1655 2949 ἀνθρώπων
1688 2875 1956 2945 γενέσθαι,

385 2968 643 3038 ἁσμένως
667 2969 820 3020 αὐτοὶ
845 2967 1095 3039 θνήσκειν
1130 2969 1327 3040 μᾶλλον
1357 2967 1605 3040 ᾑροῦντο,
1632 2967 1665 3039 ῆ
1696 2967 1797 3037 τῆς
1819 2968 1959 3037 ὑπὲρ

388 3057 554 3111 αὐτοῦ
593 3058 894 3129 μαρτυρίας
927 3058 1140 3130 ἀγαθῆς
1164 3058 1495 3123 ἐξίστασθαι.
1522 3060 1585 3112 El
1625 3057 1689 3129 δὴ
1727 3054 1820 3111 οῦν
1850 3076 1958 3130 μη·-

2061 1963 2167 2018 que
2199 1948 2267 2003 ad
2290 1958 2517 2004 mortem
2569 1950 2840 2005 sententia
2868 1951 2893 2004 ’ί
2919 1950 3050 2007 Viro
3098 1961 3281 2009 autem
3333 1955 3626 2026 prmstigiis

2064 2039 2235 2094 utenti
2259 2048 2312 2094 et
2332 2039 2587 2107 fallaciis,
2618 2044 2713 2112 qui
2748 2043 2877 2096 talia
2911 2042 3166 2108 doceret,
3214 2060 3279 2100 ac
3303 2046 3436 2100 talia
3459 2047 3627 2117 proii-

2062 2138 2289 2193 teretur,
2317 2132 2444 2202 quis
2473 2134 2541 2187 ab
2571 2133 2727 2188 initio
2771 2136 3074 2190 studuisset
3100 2135 3125 2189 ?
3157 2135 3338 2202 Dices,
3366 2138 3512 2207 quod
3536 2140 3628 2194 alii

2059 2240 2275 2296 quoque
2297 2225 2391 2281 illo
2420 2235 2749 2297 praeceptore
2777 2243 2884 2283 non
2912 2228 3094 2284 minus
3110 2231 3507 2303 praestigiarum
3537 2248 3635 2288 cu-

2060 2317 2209 2389 pidi:
2245 2332 2375 2388 ergo
2421 2318 2500 2372 illi
2547 2320 2902 2390 praeceptoris
2953 2321 3040 2375 sui
3101 2323 3307 2377 exitum
3336 2339 3447 2379 non
3478 2326 3631 2382 vide-

2059 2420 2188 2465 runt
2213 2410 2236 2465 ?
2257 2421 2311 2466 et
2336 2412 2483 2482 quali
2512 2420 2686 2468 morte
2708 2412 2874 2468 fuerit
2908 2413 3135 2491 allectus
3153 2415 3178 2468 7
3196 2431 3298 2470 cur
3321 2417 3491 2487 igitur
3505 2427 3630 2489 post

2060 2503 2208 2559 illam
2228 2504 2600 2574 turpissimam
2630 2506 2778 2561 illius
2814 2521 3025 2571 necem,
3068 2507 3139 2563 de
3162 2523 3228 2564 eo
3260 2510 3355 2579 qui
3378 2518 3629 2566 mortuus

2066 2606 2210 2650 esset
2224 2611 2420 2651 novam
2437 2597 2763 2669 theologiam
2790 2598 3235 2656 constantissime
3256 2603 3626 2671 protulerunt,

2058 2700 2162 2741 nec
2191 2686 2261 2741 ab
2290 2688 2531 2758 inempto
2555 2688 2819 2745 deterreri
2846 2692 3182 2759 potuerunt?
3205 2700 3298 2745 aut
3320 2692 3452 2763 quid
3476 2709 3541 2749 ex
3561 2709 3629 2750 ea

2058 2792 2120 2833 re
2152 2777 2368 2833 tandem
2400 2778 2654 2850 petebant
2676 2780 2700 2833 ἲ
2720 2796 2850 2834 num
2885 2789 2947 2835 ut
2990 2782 3181 2837 eodem
3212 2783 3482 2854 supplicio
3510 2782 3627 2839 alii-

2057 2870 2362 2924 eerenturl
2389 2869 2485 2926 sed
2516 2871 2639 2941 quis
2670 2871 2780 2926 ullo
2800 2887 3040 2942 unquam
3070 2882 3331 2944 tempore,
3367 2876 3513 2930 nulla
3532 2892 3629 2947 spe

2058 2962 2337 3032 proposita
2366 2962 2636 3033 ejusmodi
2681 2964 3009 3036 supplicium
3063 2966 3413 3023 manifestum
3461 2969 3629 3041 elige»

2057 3053 2185 3107 ret?
2235 3052 2504 3109 Caeterum
2561 3054 2756 3111 demus
2816 3056 2940 3113 illos
2982 3057 3135 3112 illum
3165 3073 3290 3113 esse
3316 3070 3627 3123 veneratos,

384 3151 477 3205 δὲν
510 3150 713 3219 άγαθὸν
746 3151 1138 3218 συνεγνωκότες
1166 3151 1242 3221 τῷ
1268 3150 1587 3221 διδασκάλῳ,
1617 3149 1692 3221 μὴ
1721 3149 1852 3220 βίον,
1882 3149 1957 3221 μὴ

2061 3148 2321 3218 quamdiu
2368 3161 2493 3201 cum
2545 3147 2680 3218 ipsis
2723 3158 2980 3205 versatus
3031 3159 3510 3223 commoratusque
3532 3153 3627 3217 sit,

389 3242 644 3315 μάθημα,
682 3242 756 3313 μὴ
801 3241 1020 3313 πρᾶξιν,
1058 3241 1131 3313 μὴ
1161 3242 1322 3313 ἔργον
1352 3242 1574 3296 ἐπαίνου
1617 3241 1784 3308 ἀξιον,
1823 3240 1957 3312 μηδὲ

391 3338 502 3408 μὴν
523 3338 665 3390 κατά
697 3354 746 3390 τι
777 3337 1113 3407 ὡφελημένοι
1146 3334 1331 3401 αὐτοῦ,
1359 3335 1393 3407 ἢ
1426 3336 1547 3390 ὅσον
1574 3335 1833 3408 πονηρίαν
1863 3335 1959 3388 καὶ

384 3428 601 3501 ἀνδρῶν
645 3428 873 3499 πλάνην,
909 3428 1026 3491 πῶς
1058 3427 1315 3499 ἔθνησκον
1338 3426 1629 3498 προθύμως
1673 3426 1742 3481 τά
1787 3427 1959 3497 σεμνά

388 3523 487 3575 καὶ
509 3520 726 3587 ἐπίδοξα
759 3521 889 3593 περὶ
909 3519 1071 3573 αὐτοῦ
1108 3520 1523 3593 μαρτυροῦντες,
1553 3519 1727 3591 παρὸν
1745 3519 1957 3589 ἑκάστῳ

389 3613 494 3683 ζῇν
534 3612 924 3683 ἀπραγμόνως,
966 3612 1060 3665 καὶ
1104 3614 1196 3666 ἐπὶ
1228 3613 1326 3684 τῆς
1356 3613 1559 3676 οἰκείας
1603 3610 1786 3675 ἑστίας
1820 3610 1958 3682 μετὰ

387 3704 499 3758 τῶν
538 3703 809 3773 φιλτάτων
835 3704 928 3757 τὸν
954 3704 1230 3758 ἀκίνδυνον
1263 3703 1468 3772 διάγειν
1495 3702 1609 3774 βίον
1630 3720 1644 3768 ;
1668 3702 1866 3756 Πλάνοι
1898 3701 1957 3755 δὲ

388 3797 584 3869 ἄνδρες
628 3798 723 3851 καὶ
766 3796 1077 3861 ἀπατεῶνες
1118 3796 1233 3861 πῶς
1278 3796 1558 3867 ἀγαπητὸν
1599 3792 1830 3866 ἡγοῦντο
1866 3793 1958 3848 τὸν

389 3889 533 3959 ὑπὲρ
561 3888 749 3959 ἑτέρου
771 3887 1016 3952 θάνατον,
1040 3886 1098 3939 ὃν
1119 3884 1361 3957 ἀκριϐῶς
1389 3885 1603 3938 πάντων
1628 3881 1827 3954 μᾶλλον
1851 3882 1959 3950 ἐγί-

381 3976 600 4035 νωσκον
621 3981 830 4044 ούδενὸς
864 3980 961 4051 μὲν
992 3978 1188 4042 αὐτοῖς,
1210 3978 1285 4042 ὡς
1310 3978 1375 4031 ἂν
1403 3977 1534 4049 φαίη
1564 3993 1666 4039 τις,
1695 3975 1956 4044 γεγονότα

390 4074 679 4143 παραίτιον
730 4071 957 4140 ἀγαθοῦ,
1018 4072 1199 4140 πάσης
1247 4069 1304 4122 δὲ
1357 4068 1555 4131 κακίας
1603 4065 1954 4131 διδάσκαλον;

403 4166 571 4236 ’Λνὴρ
604 4164 702 4235 μὲν
738 4164 846 4236 γάρ
889 4160 1148 4232 λογισμοῦ
1190 4161 1282 4214 καὶ
1311 4159 1513 4231 ἀρετῆς
1554 4157 1780 4230 μέτοχος
1818 4156 1958 4226 ὑπὲρ

391 4256 600 4325 ἀγαθοῦ
649 4254 1068 4327 κατορθώματος
1109 4253 1211 4307 κᾶν
1257 4253 1489 4321 εὐλόγως
1534 4252 1662 4305 ποτὲ
1708 4251 1800 4304 τὸν
1840 4248 1956 4320 μετ’

390 4349 641 4412 εύκλείας
689 4348 913 4402 θάνατον
953 4345 1293 4415 ὑπομείνειεν
1323 4361 1337 4375 ⁸
1374 4347 1403 4398 ό
1453 4345 1510 4398 δὲ
1561 4341 1829 4414 μοχθηρὸς
1866 4341 1958 4394 τὸν

392 4441 614 4513 τρόπον,
650 4439 951 4512 φιλοπαθής
988 4456 1072 4503 τις
1110 4439 1204 4493 καὶ
1236 4437 1512 4510 φιλήδονος
1551 4435 1648 4496 ῶν,
1697 4434 1863 4504 μόνην
1900 4432 1957 4486 δὲ

2063 3242 2118 3289 et
2136 3236 2395 3305 quamdiu
2427 3236 2657 3293 fallaciis
2683 3252 2800 3304 eos,
2830 3249 2890 3292 ut
2918 3252 3170 3295 sermone
3216 3240 3446 3296 istorum
3486 3251 3627 3308 utar,

2064 3327 2317 3398 decipere
2360 3328 2616 3398 potuerit.
2654 3328 2767 3385 Cur
2813 3331 2978 3402 igitur
3004 3340 3130 3402 post
3173 3342 3404 3388 mortem
3455 3335 3630 3390 multo

2063 3418 2240 3490 magis
2270 3435 2434 3490 quam
2485 3429 2612 3476 ante
2634 3462 2651 3489 ,
2685 3421 2839 3476 illum
2891 3420 3144 3477 admirati
3198 3424 3374 3478 sunt?
3409 3440 3536 3480 nam
3572 3426 3629 3482 in

2065 3509 2317 3567 humanis
2349 3511 2631 3583 degentem
2665 3520 2720 3568 et
2754 3512 3065 3569 deseruisse
3092 3521 3147 3569 et
3174 3516 3476 3587 abnegasse
3498 3517 3631 3574 olim

2063 3604 2338 3669 dicuntur,
2391 3618 2516 3658 eum
2557 3604 2635 3659 illi
2668 3604 2917 3659 videlicet
2975 3606 3188 3662 insidiae
3252 3608 3409 3663 facta:
3472 3617 3626 3665 sunt.

2063 3691 2355 3762 Postquam
2388 3707 2519 3748 vero
2568 3693 2710 3748 inter
2766 3693 3017 3749 homines
3048 3709 3171 3749 esse
3202 3694 3384 3761 desiit,
3405 3688 3629 3753 alacres

2063 3780 2169 3852 ipsi
2195 3784 2334 3837 mori
2363 3783 2659 3849 malebant,
2689 3799 2854 3854 quam
2903 3799 2933 3839 a
2966 3801 3095 3841 vera
3134 3786 3203 3843 de
3224 3788 3334 3841 illo
3366 3789 3632 3846 testifica-

2062 3873 2210 3928 tione
2229 3873 2488 3928 amoveri.
2520 3872 2576 3928 Si
2607 3875 2772 3946 igitur
2800 3878 3117 3947 praaceptori
3150 3893 3253 3934 suo
3279 3880 3484 3937 nullius
3498 3881 3629 3937 boni

2062 3965 2271 4019 conscii
2302 3974 2479 4031 erant,
2529 3981 2637 4021 non
2672 3967 2817 4031 vitae,
2852 3983 2961 4023 non
3020 3967 3360 4040 disciplima,
3397 3987 3510 4029 non
3536 3987 3630 4028 ae-

2062 4056 2249 4121 tionis,
2278 4072 2390 4111 non
2418 4058 2602 4127 operis
2624 4058 2859 4128 alicujus
2890 4061 3104 4115 Iaudem
3139 4064 3418 4130 merentis,
3451 4079 3630 4135 neque

2062 4159 2193 4200 vero
2222 4146 2520 4215 quidquam
2568 4147 2638 4201 ab
2690 4148 2784 4202 illo
2815 4149 3167 4204 emolumenti
3222 4162 3576 4222 perceperant
3607 4193 3625 4219 ,

2063 4244 2259 4302 praeter
2287 4252 2449 4291 unam
2485 4238 2744 4292 malitiam
2793 4246 2847 4292 et
2893 4239 3125 4295 aliorum
3161 4241 3440 4299 hominum
3467 4243 3629 4302 dece-

2061 4326 2324 4395 ptionem,
2375 4327 2531 4397 112
2567 4343 2728 4398 quam
2760 4330 2831 4383 ob
2863 4345 2978 4384 rem
3006 4339 3115 4387 tam
3146 4340 3395 4402 prompte
3426 4334 3629 4391 morie-

2063 4416 2283 4482 bantur,
2312 4417 2607 4474 dummodo
2624 4418 2692 4474 de
2707 4419 2801 4474 illo
2821 4435 3011 4476 severa
3039 4423 3286 4492 quadam
3310 4432 3365 4481 et
3390 4424 3627 4496 insignia

392 4509 493 4605 την
534 4509 868 4603 πρόσκαιρον
906 4509 1132 4598 ταυτηνὶ
1170 4509 1357 4598 ζωὴν,
1380 4527 1472 4580 καὶ
1509 4524 1608 4588 τὰς
1640 4524 1758 4577 κατ’
1792 4522 1960 4593 αὐτὴν

2062 4509 2423 4578 praedicarent
2450 4511 2473 4563 ?
2513 4527 2634 4566 cum
2662 4511 2882 4566 interim
2914 4513 3134 4569 illorum
3161 4516 3460 4587 unicuique
3491 4517 3625 4574 lice-

390 4623 723 4696 ἡδυπαθείας
750 4620 1114 4692 μεταδιώκων,
1137 4621 1237 4673 οὐκ
1257 4619 1320 4671 ἄν
1340 4634 1468 4671 ποτε
1490 4616 1659 4669 ἕλοιτο
1689 4614 1794 4685 πρὸ
1817 4612 1962 4683 ζωῆς

392 4716 646 4778 θάνατον,
690 4715 799 4767 οὐδ’
831 4715 972 4786 ὑπὲρ
1003 4712 1215 4767 οἰκείων
1254 4711 1345 4765 καὶ
1394 4710 1661 4779 φιλτάτων
1692 4706 1963 4778 τιμωρίας

393 4806 728 4878 ὑπομείνειε,
756 4807 950 4876 μήτιγε
966 4805 1104 4876 ὑπὲρ
1136 4802 1227 4857 τοῦ
1257 4802 1562 4874 φαυλότητα
1583 4799 1962 4869 κατεγνωσμέ-

393 4917 507 4953 νου.
561 4899 689 4961 Πῶς
729 4894 821 4951 οῦν
866 4899 914 4950 οἱ
947 4895 1037 4950 τοῦ
1082 4894 1411 4965 δηλουμένου
1461 4893 1715 4965 μαθηταὶ,
1755 4893 1805 4944 εί
1854 4890 1961 4963 ἄρα

397 4990 600 5053 πλάνος
628 4985 698 5063 ἦν
728 4989 823 5042 καὶ
855 4988 1007 5059 γόης,
1034 4988 1132 5040 οὐκ
1160 4983 1475 5054 ἀγνοοῦντες
1518 4983 1680 5036 αὑτὸν
1702 4979 1959 5044 τοιοῦτον,

394 5082 533 5137 am
560 5082 655 5136 καὶ
691 5082 865 5143 αὐτοὶ,
890 5080 1089 5151 χείρονι
1126 5077 1423 5149 μοχθηρίας
1445 5076 1631 5148 τρόπῳ
1660 5074 1758 5136 τὰς
1787 5072 1961 5143 ψυχὰς

395 5171 769 5244 ἑνεσχημὲνοι,
813 5170 1082 5241 ὑπέμενον
1130 5169 1266 5241 πρὸς
1312 5168 1420 5221 τῶν
1463 5164 1732 5237 ὁμοεθνῶν
1782 5163 1961 5227 πάσας

395 5267 603 5329 αίκίας,
628 5268 723 5319 καὶ
748 5267 857 5319 πᾶν
883 5264 1158 5336 τιμωριῶν
1182 5259 1317 5326 εἶδος
1341 5262 1479 5332 ὑπὲρ
1502 5262 1601 5331 τῆς
1628 5258 1792 5312 αὑτοῦ
1822 5272 1961 5329 μαρ-

391 5356 587 5428 τυρίας
617 5353 989 5425 ἀναδέχεσθαι,
1032 5352 1132 5405 οὐκ
1175 5351 1233 5405 δν
1262 5350 1425 5404 τοῦτο
1462 5348 1564 5419 τῆς
1594 5347 1704 5399 τῶν
1746 5344 1962 5414 φαύλων

393 5449 595 5505 οἰκεῖον
624 5445 876 5516 φύσεωςς
916 5444 1037 5498 Ἔτι
1067 5443 1125 5496 δὲ
1162 5442 1255 5496 καὶ
1297 5441 1472 5511 τούτῳ
1510 5438 1773 5510 πρόσχες·
1811 5435 1860 5489 εί
1897 5434 1961 5505 δὴ

393 5540 491 5595 καὶ
517 5538 674 5592 αὐτοὶ
694 5536 886 5589 πλάνοι
915 5535 1010 5588 καὶ
1041 5531 1352 5596 ἀπατεῶνες
1378 5531 1692 5601 ἐτύγχανον,
1731 5525 1962 5599 πρόσθες

393 5627 441 5682 δ’
468 5629 550 5683 δτι
590 5625 690 5681 καὶ
719 5623 1033 5678 ἀπαίδευτοι
1067 5622 1162 5680 καὶ
1190 5620 1478 5685 παντελῶς
1503 5617 1730 5682 ἰδιῶται,
1765 5615 1962 5688 μᾶλλον

394 5717 455 5773 δὲ
477 5719 560 5772 ὅτι
578 5716 677 5771 καὶ
699 5713 984 5787 βάρϐαροι,
1014 5713 1110 5767 καὶ
1131 5713 1230 5784 τῆς
1255 5711 1441 5785 Σύρων
1466 5711 1530 5766 οὐ
1561 5709 1721 5764 πλέον
1746 5709 1962 5762 ἐπαΐον-

395 5826 485 5874 τες
510 5809 720 5880 φωνῆς,
748 5807 845 5860 καὶ
874 5805 990 5869 πῶς
1031 5805 1124 5857 ἐπὶ
1155 5806 1335 5858 πᾶσαν
1375 5803 1639 5876 προῆλθον
1667 5800 1763 5874 τὴν
1785 5802 1995 5878 οἰκον-ν

715 5901 982 5961 Ρηιιοι..
1043 5898 1163 5962 Gn.
1217 5894 1421 5958 XXII.

2062 4608 2146 4656 ret
2170 4603 2344 4657 otiose
2374 4602 2575 4667 vivere,
2601 4610 2655 4658 ct
2685 4604 2739 4658 in
2773 4605 2995 4675 pr0pria
3022 4606 3183 4662 domo
3222 4623 3331 4662 una
3360 4623 3486 4664 cum
3518 4609 3623 4666 sibi

2063 4693 2425 4757 cbarissimis,
2477 4696 2813 4751 securiorem
2871 4697 3043 4751 multo
3075 4698 3438 4770 tutioremque
3459 4701 3627 4756 vitam

2064 4798 2223 4854 agere
2250 4784 2274 4837 ?
2304 4784 2526 4841 fallaces
2550 4794 2731 4842 autem
2744 4788 2995 4845 homines
3023 4798 3078 4844 et
3110 4790 3167 4844 in
3194 4789 3483 4847 fraudibus
3502 4809 3629 4849 ver-

2063 4883 2271 4940 santes,
2303 4877 2577 4946 quomodo
2611 4878 2959 4944 affectassent
2984 4884 3122 4935 mori
3154 4897 3254 4951 pro
3281 4883 3390 4939 alio
3409 4923 3423 4951 ,
3463 4901 3628 4954 quem

2063 4967 2168 5036 ipsi
2194 4969 2438 5022 omnium
2464 4971 2745 5025 hominum
2798 4973 3033 5027 maxime
3066 4974 3480 5046 eertissimeque
3527 4993 3628 5034 no-

2062 5059 2269 5113 vissent
2300 5059 2640 5128 ?przesertim
2675 5062 2787 5131 λιιιιὶ
2817 5062 2976 5130 ipsis,
3008 5070 3069 5115 ut
3095 5076 3346 5118 sermone
3394 5065 3624 5120 istorum

2064 5158 2207 5213 utar,
2231 5151 2435 5206 nullius
2460 5152 2586 5206 boni
2608 5162 2804 5207 auctor
2827 5154 3039 5216 fuisset,
3068 5154 3162 5210 sed
3197 5163 3389 5210 contra
3422 5157 3633 5223 potius,

2062 5242 2240 5297 omnis
2267 5241 2487 5297 malitiae
2512 5246 2945 5315 praeceptor?vir
2970 5247 3115 5301 enim
3137 5257 3191 5302 et
3220 5249 3625 5319 rationispsum

2062 5333 2290 5398 habens,
2326 5344 2383 5390 et
2423 5336 2623 5392 virtute
2652 5337 2935 5407 prmditus,
2967 5339 3095 5394 boni
3131 5340 3438 5411 cujuspiam
3468 5340 3630 5396 oﬂieii

2062 5426 2235 5495 gratia
2265 5440 2656 5498 nonnunquam
2711 5429 3067 5499 probabiliter
3093 5439 3319 5488 mortem
3354 5446 3479 5487 eum
3526 5432 3630 5487 bo-

2063 5526 2275 5574 nestate
2313 5528 2370 5575 et
2410 5522 2583 5590 gloria
2628 5521 2881 5578 subierit.
2935 5522 3191 5589 Quivero
3221 5523 3471 5579 moribus
3500 5539 3629 5595 per-

2062 5613 2236 5668 versis
2268 5612 2362 5677 sit,
2391 5621 2447 5668 et
2475 5612 2764 5670 all‘ectibus
2817 5616 3299 5688 voluptatibusque
3340 5624 3489 5673 totus
3518 5614 3635 5670 de-

2063 5706 2233 5767 ditus,
2265 5708 2546 5778 solamque
2575 5707 2717 5765 hanc
2768 5710 3149 5781 temporariam
3178 5710 3370 5774 vitam,
3406 5715 3463 5765 et
3508 5722 3631 5780 quae

2066 5797 2133 5853 ad
2168 5812 2286 5874 eam
2337 5809 2585 5870 spectant
2636 5800 2889 5857 libidines
2921 5816 3295 5873 persequens,
3347 5812 3624 5870 nunquam

3149 5892 3188 5952 ’ἵ
