4158 6418
517 315 629 372 9.03

1156 315 1426 373 EUSEBII
1463 314 1951 372 CAESARlENSlS
1986 315 2141 373 OPP.
2188 316 2394 401 psus.
2437 316 2504 375 ll.
2526 348 2598 359 ——
2636 305 3141 377 APOLOGETICA.

3672 326 3780 386 2οι

516 432 762 507 profecto
794 432 918 490 vita
945 440 1177 488 mortem
1208 434 1588 505 praeposuerit,
1618 448 1682 489 ac
1706 450 1778 490 ne
1820 434 2088 491 domesti-

2199 433 2401 505 μένην;
2438 432 2470 505 ἢ
2500 433 2629 505 ποίᾳ
2684 434 2843 488 τοῦτο
2873 433 3080 506 διανοίᾳ
3136 433 3553 508 ὲφαντάσθησαν
3581 440 3778 514 τολμῆ-

514 541 711 582 corum
740 524 984 595 quidem,
1011 532 1066 579 et
1097 524 1549 581 cbaris‘simorum
1581 540 1746 581 causa
1771 526 2099 597 supplicium

516 620 725 684 tulerit,
767 618 966 673 nedum
988 632 1091 688 pro
1118 632 1204 681 eo,
1236 617 1330 688 qui
1361 618 1620 688 nequitiae
1650 619 1724 673 sit
1754 619 2096 674 condemna-
2126 646 2129 649 -

515 719 631 770 tus.
667 711 842 778 Quam
882 726 1012 784 ergo
1033 711 1337 782 probabile,
1374 721 1435 767 ut
1464 713 1613 768 illius
1644 711 1712 768 de
1742 728 1854 784 quo
1887 713 2099 768 dictum

516 811 627 870 est,
676 802 958 873 discipuli,
1008 804 1059 858 si
1090 801 1254 858 modo
1283 802 1375 858 ille
1408 802 1667 858 seductor
1705 803 2102 875 praestigiator-

518 911 629 968 que
657 894 781 960 fuit,
815 910 941 950 cum
977 894 1130 949 illum
1160 895 1321 951 talem
1357 909 1481 950 esse
1507 909 1619 950 non
1643 895 1981 967 ignorarent,
2015 903 2100 950 at-

514 1004 625 1060 que
645 988 750 1058 ipsi
782 988 946 1044 etiam
979 986 1311 1057 improbiore
1332 986 1519 1057 ﬂagitii
1544 1001 1741 1058 genere
1765 988 1979 1042 animos
2001 986 2101 1041 ba-

516 1084 712 1139 berent
759 1082 1075 1152 implicitos,
1109 1096 1141 1136 a
1170 1097 1286 1137 sua:
1314 1082 1494 1153 gentis
1523 1082 1659 1138 viris
1685 1083 1871 1138 omnia
1899 1082 2099 1153 probra

516 1176 663 1233 ferre
708 1190 819 1231 non
869 1174 1273 1238 recusaverint,
1309 1181 1364 1230 et
1392 1189 1555 1229 omne
1615 1174 1873 1245 supplicii
1926 1189 2098 1245 genus

514 1280 619 1339 pro
671 1266 987 1322 testimonio
1022 1263 1102 1320 illi
1135 1264 1413 1321 reddendo
1472 1264 1785 1321 subierint?
1817 1280 1927 1321 non
1965 1280 2100 1321 con-

514 1360 667 1415 venit
724 1358 827 1413 hoc
855 1372 981 1413 cum
1015 1366 1213 1412 natura
1248 1357 1646 1429 improborum,
1686 1358 2002 1430 longissime
2028 1359 2099 1413 ab

514 1468 579 1508 ea
618 1450 841 1523 refugit.
870 1452 1141 1507 Caeterum
1195 1452 1299 1507 hoc
1340 1467 1558 1523 quoque
1605 1452 1893 1524 diligenter
1917 1452 2099 1509 consi-

516 1544 699 1599 dera:
739 1558 865 1598 nam
910 1543 961 1599 si
1015 1544 1119 1613 ipsi
1179 1552 1234 1599 et
1287 1544 1609 1601 seductores
1663 1552 1718 1599 et
1770 1545 2097 1616 impostores

516 1644 698 1700 erant,
733 1645 788 1691 et
810 1644 1080 1705 praeterea
1105 1636 1346 1706 imperiti
1366 1637 1700 1708 omninoque
1719 1637 1996 1709 vulgares,
2036 1645 2098 1692 ut

515 1734 755 1791 constat,
796 1727 931 1799 quin
959 1727 1125 1782 etiam
1159 1727 1401 1794 barbari,
1429 1734 1485 1783 et
1510 1729 1605 1800 qui
1632 1744 1741 1786 non
1775 1729 1899 1800 plus
1930 1743 2096 1800 quam

518 1818 781 1891 Syrorum
805 1819 1044 1891 linguam
1074 1832 1322 1885 nossent,
1345 1820 1620 1890 quomodo
1651 1821 1706 1876 in
1743 1827 1917 1877 totum
1966 1835 2098 1891 pro-

514 1913 690 1983 gressi
721 1922 852 1967 sunt
884 1922 1160 1968 terrarum
1195 1910 1385 1968 orbem
1414 1918 1438 1971 ?
1488 1911 1574 1967 vel
1601 1926 1711 1983 qua
1734 1900 1897 1969 istud
1924 1914 2099 1967 soler-

516 2008 592 2061 tia
612 2005 1012 2076 excogitarunt,
1042 2005 1232 2060 ausive
1256 2014 1388 2062 sunt
1417 2007 1442 2059 ?
1469 2004 1673 2074 quibus
1700 2018 1866 2075 porro
1885 2004 2099 2060 viribus

514 2094 572 2150 id
613 2095 759 2166 quod
801 2095 925 2150 ausi
969 2102 1100 2150 sunt
1141 2094 1547 2165 perfecerunt?
1590 2093 1720 2150 Esto
1744 2096 1914 2160 enim,
1946 2094 2099 2151 viros

514 2187 756 2243 rusticos
779 2187 836 2241 in
861 2196 1009 2241 terra
1030 2186 1253 2257 propria
1295 2195 1612 2255 versantes,
1634 2184 1888 2255 decipere
1919 2192 1975 2240 et
2000 2200 2098 2240 va-

514 2277 654 2350 gari,
682 2293 785 2333 nec
803 2278 980 2333 otiose
1005 2284 1101 2332 aut
1129 2277 1333 2333 frustra
1354 2292 1470 2333 rem
1497 2291 1701 2332 serere.
1723 2278 1794 2329 At
1809 2290 1938 2331 vero
1954 2277 2100 2347 apud

514 2384 707 2425 omnes
729 2384 926 2425 nomen
959 2367 1090 2425 Jesu
1125 2368 1445 2439 praedicare,
1468 2367 1924 2438 admirabiliaque
1950 2368 2100 2424 illius

513 2469 691 2533 gesta,
722 2470 777 2516 et
799 2461 856 2516 in
884 2461 1117 2517 urbibus
1149 2467 1205 2515 et
1230 2461 1284 2514 in
1312 2461 1461 2532 agris
1483 2460 1682 2516 docere
1707 2479 1721 2515 :
1743 2470 1799 2516 et
1816 2460 1955 2517 alios
1976 2461 2099 2531 qui-

513 2554 639 2611 dem
669 2569 882 2619 eorum,
917 2552 1211 2624 imperium
1259 2550 1605 2618 Romanum,
1660 2552 1947 2623 ipsamque
1980 2567 2100 2607 om-

512 2647 666 2701 nium
710 2646 928 2703 urbium
977 2645 1223 2715 reginam
1279 2643 1560 2699 civitatem
1614 2642 1924 2699 invadere:
1959 2643 2099 2698 alios

512 2738 810 2795 Persarum
860 2752 1114 2809 regnum,
1146 2736 1286 2793 alios
1312 2735 1723 2802 Armeniorum,
1766 2735 2097 2791 Parthorum

516 2830 656 2886 alios
688 2830 1012 2887 nationem:
1064 2829 1195 2884 item
1241 2828 1380 2883 alios
1430 2825 1787 2899 Scytharum,
1830 2826 2098 2898 quosdam

515 2924 678 2980 etiam
695 2923 764 2978 ad
778 2923 930 2994 ipsos
957 2921 1109 2980 orbis
1123 2931 1284 2977 terra!
1306 2920 1523 2977 venisse
1545 2919 1706 2986 lines,
1729 2918 2100 2990 Indorumque

516 3016 795 3088 regionem
830 3022 1185 3086 penetrasse:
1238 3014 1379 3069 alios
1417 3028 1583 3084 porro
1614 3022 1770 3070 trans
1817 3011 2097 3070 Oceanum

2204 540 2332 591 σαι;
2369 527 2496 597 ποίᾳ
2540 526 2597 580 δὲ
2630 526 2855 598 δυνάμει
2898 528 2958 581 τὸ
2993 528 3341 601 ὲπιχειρηθὲν
3364 528 3780 601 ’κατώρθωσανς

2205 615 2388 671 Ἔστω
2437 618 2546 689 γάρ
2602 619 2697 671 ἐπὶ
2749 619 2850 689 τῆς
2902 619 3111 683 οἰκείας
3165 620 3271 690 γῆς
3333 621 3782 698 καλινδουμένους

2200 707 2493 781 ἀγροίκους
2522 710 2721 782 ἄνδρας
2743 710 2952 783 πλανᾷν
2980 713 3075 766 καὶ
3101 712 3426 779 πλανᾶσθαι,
3459 714 3555 767 καὶ
3581 716 3657 787 μὴ
3695 719 3779 788 ἐφ’

2199 803 2429 876 ἡσυχίας
2458 801 2742 873 βάλλεσθαι
2766 802 2827 855 τὸ
2854 804 3113 874 πρᾶγμασ
3149 802 3440 875 κηρύττειν
3467 802 3512 856 δ’
3538 806 3619 869 είς
3646 806 3778 861 πάν-

2197 913 2297 960 τας
2314 893 2484 949 τὸτοῦ
2525 894 2696 965 ’1ησοῦ
2724 894 2914 965 ὄνομα,
2944 896 3041 949 καὶ
3063 895 3162 958 τάς
3195 895 3529 967 παραδόξους
3554 897 3781 969 πράξεις

2197 988 2363 1044 αὑτοῦ
2407 988 2552 1043 κατά
2591 1005 2653 1041 τε
2697 988 2900 1060 ἀγροὺς
2935 988 3033 1043 καὶ
3088 988 3231 1042 κατὰ
3272 989 3427 1042 πόλιν
3473 990 3774 1046 διδάσκεινο

2199 1082 2440 1145 καὶτοὺς
2471 1080 2572 1152 μὲν
2604 1080 2784 1135 αὐτῶν
2821 1081 2919 1153 τὴν
2955 1080 3243 1153 Ῥωμαίων
3266 1082 3441 1154 ἀρχὴν
3472 1085 3567 1138 καὶ
3609 1084 3779 1156 αὑτήν

2197 1190 2257 1227 τε
2298 1173 2400 1247 τὴν
2435 1172 2868 1244 βασιλικωτάτην
2901 1172 3053 1227 πόλιν
3097 1173 3408 1246 νείμασθαι,
3441 1176 3569 1240 τοὺς
3590 1176 3648 1230 δὲ
3678 1177 3778 1247 τήν

2199 1263 2447 1336 Περσῶν,
2472 1266 2597 1327 τοὺς
2621 1263 2678 1317 δὲ
2705 1264 2805 1334 τὴν
2840 1263 3162 1335 Ἀρμενίων,
3189 1265 3411 1335 ἑτέρους
3450 1267 3507 1320 δὲ
3539 1268 3601 1321 τὸ
3631 1268 3778 1338 Πάρ-

2198 1353 2307 1408 θων
2350 1354 2520 1417 ἔθνος,
2566 1354 2659 1407 καὶ
2695 1349 2765 1407 αὖ
2803 1353 2967 1408 πάλιν
3008 1354 3069 1408 τὸ
3112 1356 3361 1422 Σκυθῶν,
3396 1359 3547 1438 τινὰς
3573 1360 3630 1413 δὲ
3672 1361 3775 1433 ήδη

2198 1442 2291 1497 καὶ
2337 1444 2425 1496 ἐπ’
2468 1442 2608 1496 αύτά
2656 1443 2754 1514 τῆς
2794 1444 3115 1515 οἰκουμένης
3154 1445 3328 1501 ἐλθεῖν
3373 1449 3442 1503 τά
3484 1451 3649 1522 ἄκρα,
3682 1449 3775 1504 ἐπί

2196 1550 2257 1587 τε
2312 1533 2411 1606 τήν
2466 1534 2639 1588 Ἰνδῶν
2692 1534 2894 1604 φθάσαι
2945 1535 3158 1609 χώραν,
3218 1541 3311 1594 καλ⁵
3367 1543 3585 1615 ἑτέρους
3635 1544 3776 1617 ὑπὲρ

2196 1624 2287 1680 τὸν
2328 1626 2579 1680 Ὠκεανὸν
2614 1627 2906 1700 παρελθεῖν
2946 1631 3041 1684 ἐπὶ
3081 1631 3181 1697 τὰς
3225 1633 3562 1707 καλουμένας
3609 1637 3778 1708 Βρετ-

2196 1717 2422 1783 τανικὰς
2450 1720 2664 1790 νήσους,
2695 1718 2864 1774 ταῦτα
2917 1720 3097 1775 οὐκέτ’
3150 1722 3324 1794 ἔγωγε
3358 1725 3596 1798 ήγοῦμαι
3635 1728 3777 1782 κατά

2128 1783 2171 1838 Β
2199 1810 2484 1881 ἄνθρωπον
2503 1783 2674 1877 εἶναι,
2712 1812 2905 1884 μήτιγε
2940 1812 3080 1867 κατά
3126 1783 3360 1880 εὐτελεῖς
3379 1783 3512 1873 ικαὶ.
3540 1818 3774 1884 ἰδιώτας,

2128 1909 2139 1916 ’
2199 1902 2395 1957 πολλοῦ
2422 1903 2503 1958 δεῖ
2533 1906 2671 1960 κατά
2703 1908 2936 1973 πλάνους
2970 1909 3067 1963 καὶ
3097 1910 3313 1982 γόητας.
3349 1914 3413 1965 Οἱ
3440 1912 3499 1966 δὲ
3526 1912 3777 1968 διδασκά-

2200 1993 2293 2048 λου
2325 1995 2528 2065 φαύλου
2558 1998 2651 2050 καὶ
2679 1998 3050 2072 διαστροφέως
3081 2002 3501 2075 πεπειραμένοι,
3533 2005 3629 2060 καὶ
3652 2004 3777 2059 τού-

2198 2104 2291 2141 του
2324 2087 2421 2159 τὴν
2453 2088 2677 2144 ἔκϐασιν
2705 2090 2806 2162 τῆς
2834 2092 3092 2164 τελευτῆς
3130 2093 3565 2166 καθεωρακότες,
3599 2096 3777 2161 ποίοις

2199 2178 2309 2252 ἄρα
2332 2180 2509 2250 λόγοις
2535 2182 2835 2254 ἐχρήσαντο
2858 2185 2995 2258 πρὸς
3018 2186 3300 2258 ἀλλήλους,
3326 2188 3406 2253 είς
3426 2188 3489 2243 τὸ
3511 2189 3778 2262 σύμφωνα

2200 2270 2328 2342 περὶ
2370 2271 2535 2326 αὐτοῦ
2585 2273 2928 2342 πλάσασθαι;
2985 2277 3044 2345 ἐξ
3088 2278 3207 2342 ἑνὸς
3257 2278 3365 2351 γάρ
3415 2280 3681 2352 στόματος
3726 2282 3775 2335 oi

2201 2363 2421 2429 πάντες,
2456 2364 2551 2419 καὶ
2587 2365 2805 2440 λεπρῶν
2859 2368 3174 2442 καθάρσεις,
3219 2372 3315 2425 καὶ
3352 2371 3624 2443 δαιμόνων
3665 2373 3773 2427 ἀπ-

2201 2455 2442 2524 ελάσεις,
2490 2458 2698 2538 νεκρῶν
2729 2476 2789 2513 τε
2820 2460 3164 2527 ἀναϐιώσεις,
3213 2462 3405 2535 πηρῶν
3448 2480 3507 2517 τε
3550 2464 3776 2518 ἀναϐλέο

2199 2547 2340 2619 ψεις,
2376 2549 2469 2602 καὶ
2504 2549 2705 2621 μυρίας
2733 2550 2897 2617 ἄλλας
2916 2553 3214 2607 νοσούντων
3238 2555 3411 2620 ίάσεις
3439 2556 3576 2628 πρὸς
3606 2557 3773 2611 αύτοῦ

2199 2637 2451 2709 γενέσθαι
2478 2640 2887 2713 ἐμαρτύρησαν,
2913 2645 3008 2697 καὶ
3035 2644 3129 2699 ἐπὶ
3155 2647 3287 2701 πᾶσι
3314 2648 3414 2718 τὴν
3444 2646 3609 2700 αὑτοῦ
3636 2648 3776 2718 μετά

2199 2729 2289 2783 τὸν
2330 2729 2559 2784 θάνατον
2591 2732 2885 2789 ἀναϐίωσιν
2931 2734 3169 2807 πρώτοις
3206 2739 3392 2803 αὐτοῖς
3430 2741 3772 2812 ὲωραμένην.

2200 2821 2386 2875 Ταῦτα
2413 2821 2544 2895 γὰρ,
2569 2823 2643 2896 μὴ
2657 2826 2946 2897 γενόμενα,
2982 2828 3108 2899 μηδ’
3132 2830 3464 2886 ἀκουσθέντα
3496 2850 3600 2898 πω,
3630 2832 3774 2887 κατά

2199 2914 2325 2977 τοὺς
2356 2912 2535 2967 αὐτῶν
2578 2915 2802 2987 χρόνους
2846 2919 2966 2983 πῶς
2995 2920 3054 2988 ἐξ
3081 2922 3201 2986 ἑνὸς
3235 2924 3501 2995 στόματος
3530 2924 3774 2997 ἐμαρτύδ

2201 3018 2328 3073 ρουν
2342 3002 2644 3072 γεγονέναι,
2665 3005 2825 3078 μέχρι
2849 3008 2943 3060 καὶ
2991 3008 3221 3065 θανάτου
3274 3019 3624 3085 πιστούμενοι
3674 3013 3776 3086 τὴν

517 3108 783 3171 evasisse,
817 3105 888 3160 ad
918 3119 1013 3162 eas
1036 3105 1249 3160 insulas
1276 3119 1398 3175 qua:
1436 3104 1767 3171 Britannicae
1782 3112 2054 3162 vocantur
2080 3124 2094 3161 :

2202 3093 2510 3189 ὁμολογίαν,
2551 3097 2603 3149 εί
2642 3097 2853 3169 μήποτε
2891 3098 3020 3171 ἀρα,
3060 3100 3407 3167 συνελθόντες
3436 3105 3774 3176 συνωμοσίαν

517 3195 637 3252 haec
662 3209 798 3251 sane
823 3207 927 3264 ego
955 3206 1237 3262 nunquam
1287 3190 1530 3245 humana
1552 3190 1605 3246 vi
1641 3188 1834 3247 all‘ecta
1876 3199 2103 3261 putave—

516 3289 647 3353 rim,
671 3287 872 3343 nedum
898 3293 1102 3342 conatu
1135 3284 1337 3340 levium
1352 3284 1772 3356 vulgariumque
1793 3283 2100 3351 hominum,

522 3380 681 3452 113
717 3394 782 3436 ac
824 3378 996 3435 multo
1047 3379 1231 3433 minus
1278 3376 1657 3445 seductorum,
1695 3368 2127 3447 praestigiisque'

518 3474 809 3530 utentium.
839 3471 945 3539 Qui
987 3486 1118 3526 vero
1172 3469 1526 3540 ﬂagitiosum,
1574 3475 1967 3539 versutumque
1998 3467 2103 3523 du-

517 3573 726 3621 ctorem
760 3562 971 3633 experti
1002 3568 1210 3625 essent,
1252 3568 1306 3615 et
1328 3561 1450 3630 ejus
1508 3558 1714 3614 exitum
1760 3558 1886 3614 vitae
1934 3556 2101 3612 talem

518 3658 949 3730 perspexissent,
1002 3653 1204 3724 quibus
1252 3652 1474 3708 tandem
1518 3651 1701 3708 verbis
1745 3663 2104 3720 assequeren-

518 3762 630 3815 tur,
663 3757 722 3804 ut
756 3749 904 3804 inter
937 3762 997 3804 se
1025 3747 1094 3803 de
1139 3746 1233 3800 illo
1266 3752 1637 3801 consentanea
1674 3742 1979 3815 ﬁngerent?
2022 3743 2102 3799 si-

517 3838 740 3911 quidem
770 3851 881 3892 uno
909 3850 1005 3893 ore
1036 3849 1229 3890 omnes
1259 3842 1314 3890 et
1349 3835 1692 3904 leprosorum
1723 3830 2100 3903 purgationes,

516 3943 575 3990 et
631 3931 930 4002 ejectioncs
970 3930 1300 3991 daemonum,
1336 3934 1391 3981 et
1441 3924 1801 3980 excitationes
1853 3930 2100 3978 mortuo-

518 4033 739 4089 rum,et
768 4037 1036 4080 caecorum
1069 4022 1403 4084 sanationes,
1424 4025 1479 4072 et
1506 4016 1932 4072 innumerabiles
1962 4017 2100 4073 alias

517 4115 901 4188 agrotantium
939 4112 1201 4176 medelas,
1232 4125 1369 4182 quas
1400 4111 1492 4164 ille
1521 4108 1876 4179 praestiterat,
1906 4108 2101 4164 testiﬁ-

516 4211 815 4276 cabantur;
862 4217 1312 4279 postremumquc
1360 4201 1644 4264 omnium,
1703 4199 1851 4272 quod
1904 4201 2099 4271 primis

519 4303 625 4360 sibi
660 4311 788 4373 post
830 4306 1086 4362 mOrtem,
1118 4296 1329 4352 reditus
1360 4295 1508 4350 illius
1538 4295 1594 4350 in
1630 4294 1797 4349 vitam
1824 4293 1896 4349 sit
1920 4294 2094 4350 visus.

518 4394 646 4451 Haec
670 4395 877 4464 itaque,
908 4406 1088 4460 neque
1111 4389 1253 4443 facta
1284 4403 1465 4459 neque
1488 4386 1671 4441 audita
1706 4399 1947 4456 unquam
1979 4386 2097 4441 suis

2203 3203 2262 3239 τε
2295 3184 2435 3239 κατά
2462 3186 2523 3240 τὸ
2550 3186 2682 3240 αὐτὸ
2713 3189 3089 3260 πεποιημένοι,
3125 3191 3394 3264 συνθήκας
3425 3192 3607 3248 ἔθεντο
3639 3195 3777 3270 πρὸς

2202 3277 2460 3350 ἀλλήλους
2491 3278 2821 3345 πλάσασθαι,
2851 3283 2945 3335 κα)⁵
2974 3283 3415 3354 καταψεύσασθαι
3446 3287 3552 3342 τῶν
3586 3287 3662 3360 μὴ
3682 3306 3779 3358 γε-

2201 3372 2473 3441 γονότων;
2505 3374 2598 3427 καὶ
2639 3373 2814 3439 ποίοις
2853 3376 2962 3447 ἀρα
2995 3376 3218 3433 πιθανὸν
3265 3381 3439 3434 εἰπεῖν
3470 3382 3777 3453 χρήσασθαι

2202 3464 2399 3528 αὐτοὺς
2441 3462 2619 3534 λόγοις
2664 3464 2755 3517 ἐπὶ
2791 3468 2912 3529 ταῖς
2957 3468 3271 3540 συνθήκαις,
3311 3472 3361 3524 εἰ
3393 3472 3466 3544 μή
3499 3488 3630 3526 ποτε
3662 3477 3777 3538 τοῖς

2202 3556 2461 3622 τοιοῖσδε;
2496 3557 2720 3628 ’Ἄνδρες
2754 3558 2915 3628 φίλοι,
2943 3559 3034 3613 τὸν
3078 3560 3177 3632 μὲν
3207 3561 3270 3635 δὴ
3296 3562 3423 3633 χθὲς
3462 3565 3555 3618 καὶ
3585 3564 3776 3636 πρώην

2202 3647 2513 3713 ἀπατεῶνα,
2540 3650 2637 3703 καὶ
2690 3649 2899 3721 πλάνης
2960 3650 3302 3720 διδάσκαλον,
3338 3654 3429 3707 ὑπ’
3480 3656 3777 3727 ὀφθαλμοῖς

2200 3742 2456 3797 ἀπάντων
2486 3742 2643 3815 ήμῶν
2671 3744 2771 3815 τὴν
2802 3743 3039 3817 ἐσχάτην
3078 3745 3448 3816 ὑπομείναντα
3480 3749 3774 3820 τιμωρίαν,

2200 3834 2346 3900 ὅστις
2373 3834 2502 3888 ποτὲ
2525 3830 2615 3907 ἦν,
2643 3838 2861 3891 πάντων
2884 3838 3045 3908 ἡμεῖς
3072 3837 3304 3909 μάλιστα
3326 3840 3569 3910 ἀκριϐῶς
3592 3842 3773 3914 ἴσμεν,

2199 3919 2286 3979 οἷα
2322 3925 2521 3997 μύσται
2547 3926 2655 3981 τῶν
2687 3929 3014 4001 ἀπορρήτων
3047 3929 3206 3983 αὐτοῦ
3253 3934 3629 4003 γεγενημένοι·
3687 3952 3777 3987 σε-

2205 4018 2337 4089 μνδς
2374 4019 2475 4089 μέν
2505 4037 2589 4084 τις
2620 4023 2731 4084 τοῖς
2757 4021 2968 4085 πολλοῖς
2999 4022 3358 4092 ὲφαντάζετο,
3402 4025 3496 4078 καί
3536 4042 3589 4077 τι
3616 4028 3776 4079 πλέον

2200 4109 2345 4182 ἔχειν
2370 4111 2523 4183 παρά
2550 4113 2673 4177 τοὺς
2701 4112 2927 4178 πολλοὺς
2962 4115 3199 4186 ἐφρόνει,
3230 4113 3381 4168 οὐδὲν
3404 4114 3461 4167 δὲ
3487 4116 3629 4187 μέγα
3657 4118 3777 4171 οὐδὲ

2197 4203 2300 4274 τῆς
2328 4204 2675 4268 ἀναστάσεως
2719 4204 2866 4269 ἄξιον
2894 4206 3150 4276 ἐπήγετο,
3181 4209 3228 4260 εί
3258 4209 3333 4280 μή
3364 4225 3449 4271 τις
3474 4208 3534 4261 τὸ
3560 4208 3776 4280 δολερὸν

2198 4295 2295 4348 καὶ
2326 4295 2555 4349 ὓπουλον
2583 4296 2729 4365 λέγει
2767 4296 2860 4351 τοῦ
2894 4296 3117 4366 τρόπου,
3153 4300 3248 4352 καὶ
3278 4300 3340 4353 τὸ
3371 4300 3666 4373 διάστροφα
3697 4301 3776 4354 δι·
3818 4324 3828 4332 ε

2198 4381 2353 4450 δὰξαι
2391 4387 2539 4456 ἡμᾶς
2579 4386 2795 4450 αὐτοὺς,
2823 4387 2915 4439 τόν
2953 4404 3013 4441 τε
3052 4388 3119 4441 δι’
3153 4388 3368 4461 ἀπάτης
3408 4390 3594 4461 τῦφον.
3634 4388 3774 4444 ’Δνθ’

516 4488 879 4559 temporibus,
899 4482 1175 4557 quomodo
1201 4497 1311 4536 uno
1333 4496 1429 4536 ore
1460 4480 1605 4534 facta
1632 4478 1801 4535 fuisse
1829 4477 2099 4535 afﬁrmare

2203 4469 2299 4542 ὧν,
2334 4476 2489 4548 φέρε,
2517 4476 2697 4543 δεξιάς
2735 4477 2916 4542 δόντες
2945 4478 3214 4550 ἀλλήλοις,
3245 4480 3382 4551 ὁμοῦ
3421 4481 3622 4545 πάντες
3652 4499 3777 4535 συν-

519 4582 641 4637 ausi
667 4588 873 4645 essent,
909 4584 1086 4633 morte
1111 4589 1329 4648 quoque
1353 4574 1472 4644 ipsa
1505 4570 1927 4642 comprobantes
1950 4569 2097 4640 quod

518 4674 801 4732 dicerent?
831 4670 1096 4741 numquid
1131 4669 1260 4724 olim
1284 4666 1565 4737 congressi
1599 4673 1654 4720 et
1691 4663 2101 4735 conspiratione

520 4765 589 4820 ad
624 4764 777 4831 idem
818 4758 1166 4818 sentiendum
1227 4756 1393 4815 facta,
1428 4753 1608 4808 fmdus
1653 4751 1797 4807 inter
1840 4765 1900 4807 se
1947 4750 2100 4822 pepi-

520 4863 739 4928 gerunt,
766 4868 875 4925 quo
908 4852 1173 4921 ﬁngerent
1203 4849 1707 4915 ementirenturque
1730 4858 1795 4900 ea
1817 4858 1938 4914 qua:
1965 4858 2102 4898 nus-

521 4963 686 5020 quam
733 4945 875 5001 facta
907 4942 1127 5000 essent?
1151 4950 1205 4997 et
1234 4939 1435 5011 quibus
1469 4937 1767 4994 verisimile
1807 4936 1957 4993 dictu
1990 4943 2098 5001 est,

521 5042 648 5096 illos
672 5054 795 5095 esse
824 5053 957 5093 usos
985 5035 1170 5091 verbis
1202 5034 1257 5087 in
1294 5032 1540 5088 ﬁndere?
1566 5046 1698 5086 num
1726 5030 1956 5085 forsitan
1976 5029 2101 5084 tali-

520 5133 663 5189 bus?
692 5128 808 5184 Viri
866 5128 1050 5191 amici,
1086 5129 1376 5197 quisquam
1422 5124 1590 5180 fuerit
1627 5123 1721 5178 ille
1753 5123 1846 5193 qui
1880 5122 1996 5177 beri
2034 5136 2100 5176 ac

522 5237 699 5294 nuper
727 5219 1045 5283 seducebat,
1077 5232 1143 5272 ac
1165 5214 1501 5286 deceptionis
1532 5220 1648 5269 erat
1678 5213 1957 5284 magister,
1985 5211 2103 5282 qui-

522 5329 631 5385 que
662 5312 718 5366 in
747 5309 924 5365 oculis
958 5308 1204 5364 omnium
1236 5305 1441 5363 nostris
1471 5313 1773 5361 extremum
1795 5302 1947 5358 dedit
1970 5317 2101 5372 sup-

523 5406 770 5477 plicium,
804 5402 906 5473 ipsi
941 5400 1261 5471 planissime
1286 5396 1822 5469 quuisitissimeque
1853 5392 2097 5448 omnium

522 5497 799 5565 novimus,
836 5502 1041 5566 utpote,
1075 5495 1169 5563 qui
1208 5500 1262 5547 et
1291 5491 1569 5561 discipuli,
1596 5500 1650 5545 et
1685 5487 1833 5542 illius
1871 5500 2102 5541 arcano-

521 5604 647 5645 rum
693 5588 902 5645 conscii
951 5584 1216 5641 fuerimus
1245 5598 1259 5633 :
1292 5582 1492 5654 (lignus
1524 5581 1617 5635 ille
1659 5578 1881 5650 quidem
1917 5578 2099 5647 aliqua

523 5683 870 5740 veneratione
909 5695 938 5735 a
967 5678 1156 5736 multis
1193 5677 1539 5744 censebatur,
1571 5675 1668 5733 sed
1700 5681 1880 5731 tamen
1919 5674 2099 5730 omnis

2201 4568 2425 4641 θώμεθα
2448 4570 2576 4642 περὶ
2601 4570 2765 4624 αὑτοῦ
2799 4571 3088 4642 σύμφωνον
3120 4570 3426 4642 ἐξενεγκεῖν
3449 4573 3530 4638 είς
3567 4573 3777 4637 πάντας

2202 4660 2522 4735 ἀνθρώπους
2564 4662 2792 4735 πλάνην,
2838 4665 2933 4718 καὶ
2964 4665 3211 4737 λέγωμεν
3261 4666 3564 4738 ἑωρακέναι
3611 4667 3775 4720 αὐτὸν

2201 4754 2419 4823 τυφλοῖς
2446 4754 2507 4808 τὸ
2529 4754 2745 4826 βλέπειν
2771 4759 3187 4830 κεχαρισμένον,
3212 4758 3240 4813 ὃ
3268 4758 3440 4821 οὐδείς
3470 4758 3587 4812 ποθ’
3616 4758 3778 4830 ήμῶν

2205 4846 2456 4918 ἱστόρησε
2474 4863 2487 4876 υ
2522 4847 2617 4901 κα)¹
2646 4851 2850 4917 κωφοῖς
2876 4849 2974 4921 τὴν
3001 4848 3171 4921 ἀκοὴν
3201 4850 3522 4920 παρασχεῖν,
3550 4848 3579 4901 ὃ
3602 4849 3776 4913 οὐδείς

2202 4937 2321 4990 ποθ’
2352 4936 2507 5009 ήμῶν
2555 4938 2783 5010 ⁴Ιὶκουσε·
2827 4940 3058 5012 λεπρούς
3099 4958 3161 4994 τε
3197 4940 3516 5012 καθαρίσαι,
3555 4941 3651 4994 καὶ
3686 4958 3775 4995 νε·-

2202 5030 2369 5102 κροὺς
2392 5031 2635 5103 ὲγεῖραιξ
2666 5034 2761 5086 ml.
2789 5031 3091 5105 συλλήϐδην
3114 5034 3309 5099 εἰπεῖν,
3337 5031 3373 5086 ἃ
3403 5033 3540 5104 μήτε
3562 5032 3777 5104 εἴδομεν

2200 5124 2340 5196 πρὸς
2370 5124 2534 5179 αὐτοῦ
2579 5124 2911 5198 πραχθέντα,
2957 5128 3093 5199 μήτε
3144 5125 3461 5198 ἠκούσαμεν
3489 5125 3772 5195 λεχθέντα,

2199 5216 2371 5271 ταῦτα
2402 5218 2479 5282 ὡς
2514 5217 2730 5289 ἀληθῶς
2762 5219 3126 5291 πεπραγμένα
3165 5216 3577 5288 διατεινώμεθα.
3634 5217 3774 5272 Ἀλλ’

2200 5309 2322 5363 ἐπεὶ
2364 5311 2457 5365 καὶ
2498 5312 2532 5382 ή
2579 5309 2781 5383 ἐσχάτη
2815 5311 2980 5365 αὑτοῦ
3020 5311 3243 5383 τελευτὴ
3295 5309 3616 5383 περιϐόητον
3647 5309 3775 5379 ἔσχε

2204 5404 2301 5455 καὶ
2356 5400 2585 5472 διαφανῆ
2635 5402 2727 5455 τὸν
2773 5402 3019 5465 θάνατον,
3070 5401 3147 5465 ὡς
3192 5402 3268 5473 μὴ
3318 5402 3575 5457 δύνασθαι
3611 5402 3777 5456 αὐτὸν

2206 5491 2633 5561 ἐπικρύψασθαι,
2670 5490 2807 5546 ἀλλὰ
2848 5491 2942 5544 καὶ⁹
2974 5489 3161 5545 τοῦτον
3203 5493 3364 5563 ἡμεῖς
3404 5491 3778 5565 ἀδιατρέπτως

2205 5584 2575 5656 ὲπιλυώμεθα,
2608 5584 3007 5656 μαρτυροῦντες
3030 5579 3089 5637 εὖ
3133 5584 3279 5657 μάλα
3309 5584 3560 5650 ἀναιδῶς,
3596 5585 3680 5638 ὅτι
3707 5584 3775 5655 δὴ

2206 5677 2373 5731 πᾶσιν
2405 5679 2539 5749 ήμῖν
2578 5675 2717 5748 μετὰ
2755 5676 2818 5731 τὸ
2855 5677 2918 5731 ἑκ
2959 5674 3169 5748 νεκρῶν
3214 5676 3510 5733 ἀναϐιῶναι
3554 5676 3781 5747 συνεγέ-
