4158 6418
404 328 521 385 Ξῡῦ

1336 323 1999 383 DEMONSTRA'HONIS
2036 323 2497 381 EVANGELICIE
2537 325 2666 382 LIB.
2703 322 2794 383 Ill.

3578 324 3686 383 206

411 461 558 510 νετο,
588 444 772 509 ἑστίας
790 462 851 498 τε
874 445 975 500 καὶ
994 445 1201 516 τροφῆς
1233 445 1495 517 συνήθους
1518 444 1864 516 ἐκοινώνησε.
1891 446 1995 497 Φυ-

2103 443 2251 499 illius
2305 459 2460 500 mens
2514 453 2652 508 erat,
2688 452 2748 498 ut
2792 444 2942 498 omni
2987 457 3171 499 rerum
3215 457 3413 515 genere
3455 456 3684 500 canet-os

408 536 691 591 λαττέσθω
716 537 763 589 δ’
802 539 943 609 ἡμῖν
969 540 1105 592 πᾶσι
1136 537 1197 590 τὸ
1234 538 1447 603 ἀναιδὲς
1477 539 1571 592 καὶ
1616 539 1999 610 ἀδιάτρεπτον,

412 630 627 700 μενέτω
646 628 702 682 δὲ
730 628 989 693 ἔκστασις
1025 629 1187 702 μέχρι
1220 629 1451 685 Θανάτου
1472 647 1486 660 ’
1527 630 1580 683 τί
1610 630 1720 702 γάρ
1752 630 1847 685 καὶ
1878 628 2001 682 ἆτο-

411 739 513 774 πον
548 722 688 792 ὑπὲρ
711 721 809 775 τοῦ
841 721 1072 793 μηδενὸς
1104 719 1500 794 άποθνήσκειν;
1531 722 1588 776 τί
1613 722 1670 776 δὲ
1702 721 1797 775 καὶ
1818 722 1997 784 λυπεῖ,

414 813 645 885 μηδενὸς
675 812 903 881 εὐλόγου
929 814 1110 887 χάριν,
1138 814 1409 885 μάστιγας
1438 815 1532 869 καὶ
1561 814 1830 885 βασάνους
1858 812 2001 868 κατά

407 905 506 958 τοῦ
537 905 792 977 σώματος
818 907 1037 976 λαϐεῖν;
1067 912 1115 962 εί
1140 910 1198 964 δὲ
1222 909 1334 963 δέοι
1356 910 1448 963 καὶ
1469 908 1861 980 δεσμωτηρίων
1889 924 1999 960 πει-

410 997 637 1069 ρᾶσθαι,
667 1000 905 1071 ἀτιμιῶν
940 1018 1000 1054 τε
1048 1002 1141 1055 καὶ
1184 1001 1395 1073 ὕϐρεων
1429 1001 1571 1074 ὑπὲρ
1611 1000 1825 1065 οὐδενὸς
1867 999 2002 1071 ἀλη-

408 1103 559 1169 θοῦς,
592 1106 688 1159 καὶ
718 1105 869 1159 τοῦθ’
902 1108 1033 1178 ημῖν
1063 1107 1164 1179 ἤδη
1203 1107 1611 1180 μεμελετῆσθω.
1656 1105 2002 1176 Ψευδώμεθα

410 1197 479 1268 δὴ
512 1198 717 1262 πάντες
744 1197 881 1268 ὁμοῦ
913 1198 1244 1269 συμφώνως,
1273 1201 1366 1253 καὶ
1394 1197 1761 1269 πλαττώμεθα
1801 1199 1888 1250 ἐπ’
1913 1198 2000 1250 οὑ-

406 1299 564 1364 δενὺς
614 1300 881 1371 ὠξρελείᾳ,
925 1299 1039 1354 οὔθ’
1076 1301 1268 1373 ἡμῶν,
1301 1300 1425 1355 οὔτε
1454 1301 1562 1356 τῶν
1601 1301 1997 1371 ἀπατωμένων,

407 1391 535 1445 οὐδὲ
562 1391 670 1463 μὴν
694 1392 859 1446 αὑτοῦ
886 1392 981 1446 τοῦ
1006 1394 1073 1447 τά
1096 1394 1269 1465 ψευδῆ
1294 1394 1429 1467 πρὸς
1461 1394 1619 1467 ἡμῶν
1649 1393 2000 1464 ἐκθειάζομέ-

407 1502 531 1538 νου.
579 1484 857 1557 Τεῖνωμεν
900 1487 959 1540 δὲ
1004 1488 1066 1541 τὸ
1115 1487 1328 1557 ψεῦδος,
1381 1488 1456 1560 μὴ
1495 1489 1590 1541 ἐπὶ
1632 1489 1827 1559 μόνους
1872 1489 2001 1551 τοὺς

407 1578 714 1648 ὁμοεθνεῖς,
749 1580 885 1634 ἀλλά
917 1580 1010 1635 καὶ
1041 1583 1122 1646 είς
1164 1582 1371 1646 πάντας
1404 1581 1760 1655 προελθόντες
1791 1578 2002 1652 ἀνθρώο

410 1687 575 1735 πους,
617 1671 713 1727 καὶ
752 1673 1045 1744 σύμπασαν
1073 1672 1170 1744 τὴν
1198 1675 1528 1745 οἰκουμένην
1559 1672 1999 1743 καταπλήσωμεν

409 1766 525 1819 τῶν
580 1766 710 1838 περὶ
754 1765 919 1819 αὐτοῦ
967 1766 1385 1837 συντιθεμένων.
1440 1765 1578 1838 Ἤδη
1633 1764 1692 1818 δὲ
1750 1763 2000 1819 ἐντεῦθεν

411 1858 799 1930 νομοθετῶμεν
832 1861 968 1914 πᾶσι
1006 1862 1118 1923 τοῖς
1162 1857 1370 1914 ἔθνεσιν
1404 1858 1737 1931 ἀντίστροφα
1780 1860 1900 1921 ταῖς
1937 1855 1999 1923 ἐξ

411 1953 614 2017 αἰῶνος
639 1957 765 2025 παρ’
799 1954 983 2017 αὐτοῖς
1011 1953 1140 2024 περ)⁸
1169 1953 1278 2007 τῶν
1306 1953 1577 2025 πατρῴων
1620 1952 1758 2008 θεῶν
1794 1950 1994 2017 δόξαις.

413 2058 744 2129 Κελεύωμεν
780 2058 1072 2129 Ῥωμαίοις
1113 2059 1297 2121 αὐτοῖς
1330 2057 1615 2130 πρώτιστα
1654 2057 1873 2112 πάντων
1918 2057 1996 2129 μὴ

416 2151 600 2205 σέϐειν
628 2149 724 2213 οὓς
763 2149 995 2221 ἡγοῦντο
1024 2148 1182 2213 θεοὺς
1210 2152 1258 2202 οἱ
1300 2150 1665 2221 προπάτορες.
1700 2150 1999 2222 Παρίωμεν

412 2242 473 2296 δὲ
505 2244 599 2296 καὶ
636 2242 730 2295 ἐπὶ
758 2242 856 2312 τὴν
891 2240 1138 2308 Ἐλλάδα,
1182 2241 1278 2295 καὶ
1307 2245 1420 2305 τοῖς
1454 2241 1658 2295 τούτων
1698 2244 1883 2312 σοφοῖς
1906 2242 2001 2294 άν-

410 2335 863 2407 τειπηριῦττωμεν⁹
935 2334 1057 2406 μηδ’
1121 2334 1451 2404 Αἰγυπτίους
1521 2335 1767 2406 ἀνῶμεν,
1842 2333 2000 2388 πολε-

417 2426 616 2498 μῶμεν
665 2426 724 2479 δὲ
779 2426 875 2481 καὶ
916 2427 1043 2490 τοὺς
1102 2426 1310 2480 τούτων
1371 2424 1560 2490 θεοὺς.
1629 2426 1703 2497 μὴ
1759 2426 1827 2480 τά
1872 2428 2003 2481 Μω-

416 2522 557 2583 σέως
594 2519 832 2591 πρόσθεν
878 2521 1000 2573 κατ’
1042 2520 1221 2574 αὐτῶν
1267 2520 1535 2591 γενόμενα
1574 2520 1997 2590 ἀνατεινόμενοι,

412 2613 508 2667 τὸν
548 2612 606 2665 δὲ
637 2611 731 2666 τοῦ
761 2612 1031 2685 ἡμετέρου
1057 2612 1378 2666 διδασκάλου
1424 2612 1674 2676 θάνατον,
1717 2613 1906 2684 ῶσπερ
1946 2629 1999 2665 τι

414 2703 711 2776 φόϐητρον,
737 2704 924 2766 αὐτοῖς
957 2704 1386 2767 ἀντιτάττοντες’
1422 2706 1517 2758 καὶ
1543 2705 1643 2775 τὴν
1677 2705 1771 2758 ἀπ’
1804 2703 2001 2767 αἰῶνος

414 2794 477 2860 ἐξ
505 2794 688 2849 αὐτῶν
722 2796 805 2859 είς
840 2795 1049 2859 πάντας
1091 2794 1412 2866 ἀνθρώπους
1456 2795 1826 2867 προελθοῦσαν
1871 2796 2003 2867 περὶ

414 2887 561 2941 θεῶν
603 2888 813 2960 φήμην,
856 2886 932 2958 μὴ
977 2888 1267 2959 ῥηματίοις
1305 2890 1401 2942 καὶ⁵
1432 2888 1636 2957 λόγοις,
1676 2888 1901 2959 δυνάμει
1944 2888 2001 2942 δὲ

414 2980 514 3035 τοῦ
535 2981 943 3052 παυρωθέντος
966 2980 1287 3035 διδασκάλου
1312 2982 1688 3052 καταλύωμεν.
1725 2980 2002 3052 Ἀπίωμεν

414 3073 514 3127 καὶ
549 3072 647 3125 ἐπὶ
682 3073 783 3145 τὴν
820 3072 986 3143 ἄλλην
1028 3073 1304 3147 βάρϐαρον
1332 3075 1455 3145 γῆν,
1484 3076 1579 3128 καὶ
1607 3075 1676 3130 τά
1711 3074 1860 3146 παρὰ
1889 3077 2002 3138 τοῖς

414 3166 591 3219 πᾶσιν
636 3166 1051 3237 ἀνατρέπωμεν.
1105 3165 1444 3238 Προθυμίαις
1500 3166 1558 3220 δὲ
1611 3166 1798 3239 μηδεὶς
1844 3167 2003 3238 ἡμῶν
2030 3180 2074 3238 c

417 3255 720 3310 λειπέσθω’
748 3256 874 3310 οὔτε
901 3260 1011 3330 γὰρ
1035 3258 1227 3331 μικρὸς
1249 3260 1275 3312 ό
1294 3255 1455 3323 ἆθλος
1482 3259 1591 3313 τῶν
1617 3258 2001 3331 τολμωμένων,

419 3350 548 3402 ἐπεὶ
574 3349 650 3420 μὴ
674 3349 745 3402 τά
770 3351 1002 3421 τυχόντα
1034 3350 1261 3421 βραδεῖα
1289 3353 1438 3422 ἡμᾶς
1462 3352 1763 3419 ἐκδέξεται,
1797 3350 1912 3406 ἀλλ’
1946 3353 2003 3405 αἱ

417 3439 531 3492 ἀπὸ
564 3440 673 3492 τῶν
707 3443 839 3511 παρ’
868 3443 1140 3506 ἑκάστοις,
1175 3444 1250 3506 ὡς
1282 3444 1463 3507 εἰκὸς,
1507 3444 1686 3515 νόμων
1716 3445 2003 3517 τιμωρίαι,

416 3530 597 3602 δεσμά
623 3531 824 3605 δηλαδὴ
867 3534 964 3588 καὶ
1001 3534 1222 3605 βάσανοι
1255 3536 1350 3589 καὶ
1385 3536 1647 3605 φυλακαὶ,
1677 3537 1791 3608 πῦρ
1820 3555 1877 3591 τε
1910 3540 2005 3593 καὶ

421 3623 664 3695 σίδηρος,
698 3626 792 3679 καὶ
818 3627 1064 3698 σταυροὶ,
1091 3628 1187 3681 καὶ
1215 3628 1405 3700 θῆρες,
1432 3621 1507 3683 ὧν
1533 3629 1768 3700 μάλιστα
1800 3630 2009 3703 προθυ-

421 3731 647 3803 μητέον,
682 3734 927 3799 καὶ,τοῖς
966 3738 1156 3800 κακοῖς
1184 3737 1349 3808 ὁμόσε
1387 3738 1663 3808 χωρητέον
1698 3739 2006 3810 ὑπόδειγμα

417 3823 516 3876 τδν
554 3822 877 3879 διδάσκαλον
919 3826 1293 3897 κεκτημένοις.
1324 3827 1391 3879 Τί
1423 3827 1533 3898 γὰρ
1564 3826 1769 3881 τούτων
1804 3828 2004 3896 γένοιτ’

418 3914 492 3971 ἂν
540 3915 781 3982 κάλλιον,
822 3918 1051 3990 ἐχθροὺς
1090 3921 1184 3973 καὶ
1232 3919 1374 3983 θεοῖς
1414 3921 1509 3974 καὶ
1554 3920 1863 3992 ἀνθρώποις
1913 3920 2004 3974 ἐπ’

420 4005 604 4060 οὐδενὶ
663 4007 807 4079 λόγῳ
872 4009 1210 4079 καταστῆναι
1269 4012 1365 4065 καὶ
1404 4015 1612 4082 μήποτε
1655 4011 1812 4081 ἡδέος
1870 4011 2007 4064 ἀπο-

418 4097 621 4151 λαῦσαί
648 4116 815 4163 τινος,
846 4100 983 4172 μήτε
1009 4099 1117 4153 τῶν
1142 4101 1408 4171 φιλτάτων
1434 4103 1681 4168 ὄνασθαι,
1707 4106 1844 4176 μήτε
1872 4121 2008 4176 χρη-

424 4190 616 4261 μάτων
646 4194 851 4262 τυχεῖν,
882 4194 1018 4264 μήτε
1045 4194 1191 4258 τινὸς
1220 4194 1427 4263 ἀγαθοῦ
1454 4196 1513 4249 τδ
1538 4197 1793 4267 παράπαν
1816 4197 2004 4250 ἐλπίδα

421 4283 753 4354 κτήσασθαι,
775 4283 899 4354 είκῆ
919 4285 977 4337 δὲ
998 4287 1093 4338 καὶ
1121 4284 1296 4358 μάτην
1322 4288 1625 4342 πλανᾶσθαι
1652 4289 1744 4343 καὶ
1774 4287 2001 4361 πλανᾷνς

422 4372 600 4427 Τοῦτο
629 4372 739 4445 γάρ
771 4370 839 4444 ἦν
862 4373 925 4427 τὸ
955 4376 1253 4451 συμφέρον,
1287 4378 1379 4430 καὶ
1416 4378 1477 4431 τὸ
1506 4378 1764 4450 φέρεσθαι
1792 4379 2005 4445 ἐξενανο

2102 544 2407 607 superaret,
2454 552 2519 592 ac
2556 552 2625 593 ne
2670 553 2927 608 magnum
2977 537 3195 607 quidem
3248 551 3476 607 prorsus
3523 537 3686 608 quid-

2101 644 2265 701 quam
2310 629 2410 691 illi,
2444 637 2539 683 aut
2586 629 2763 686 reditu
2799 630 2857 684 in
2898 630 3063 685 vitam
3098 629 3324 701 dignum
3363 638 3547 685 aetum
3576 639 3683 690 est,

2102 719 2211 776 nisi
2239 720 2365 790 quis
2403 719 2544 776 dolis
2583 720 2845 790 omnique
2885 721 3238 777 simulatione
3267 720 3503 776 refertos
3532 720 3684 775 illius

2108 812 2317 868 referat
2392 828 2618 877 mores,
2674 822 2730 869 et
2798 813 2947 884 quod
3005 814 3155 884 ipsos
3214 827 3315 868 nos
3353 828 3515 868 usum
3556 828 3686 868 ver--

2102 906 2394 971 sutiarum,
2446 906 2774 975 inanemque
2814 905 3141 977 jactantiam
3191 920 3291 976 per
3340 904 3587 961 fraudem
3619 920 3684 959 ac

2102 997 2289 1053 dolum
2312 998 2583 1053 docuerit.
2616 997 2890 1065 Quocirca
2926 998 3143 1063 demus,
3172 1014 3382 1069 quaeso,
3409 999 3554 1056 inter
3582 1014 3686 1055 nos

2101 1088 2346 1155 dextras,
2379 1090 2653 1161 simulque
2688 1106 2879 1146 omnes
2911 1090 3091 1146 foedus
3117 1091 3484 1161 paciscamur,
3518 1100 3579 1146 ut
3614 1092 3684 1147 de

2101 1178 2196 1233 illo
2222 1179 2276 1233 in
2306 1188 2536 1234 cunctos
2566 1178 2816 1235 homines
2839 1180 3218 1251 deceptionem
3240 1196 3541 1237 consonam
3564 1197 3686 1253 pro-

2102 1269 2778 1342 feratnus,narremusque
2808 1271 3011 1328 vidisse
3040 1288 3143 1328 nos
3178 1273 3331 1327 illum
3360 1274 3489 1329 dum
3522 1275 3684 1330 caecis

2100 1360 2276 1417 visum
2313 1361 2627 1433 largiretur,
2664 1362 2882 1417 tametsi
2924 1362 3113 1418 nullus
3144 1377 3389 1433 unquam
3428 1370 3684 1418 nostrum

2099 1454 2206 1508 hoc
2244 1454 2398 1519 vidit,
2433 1466 2487 1510 et
2522 1456 2652 1509 dum
2696 1454 2879 1512 surdis
2928 1454 3173 1510 auditum
3206 1455 3499 1526 prazberet,
3537 1454 3688 1525 quod

2099 1546 2320 1618 quidem
2370 1549 2554 1604 nullus
2599 1564 2839 1619 unquam
2892 1556 3143 1604 nostrum
3194 1549 3423 1614 audivit,
3457 1558 3512 1605 et
3553 1551 3687 1604 dum

2100 1641 2347 1712 leprosos
2380 1650 2658 1712 purgaret,
2677 1649 3033 1712 mortuosque
3061 1642 3129 1697 ad
3152 1643 3322 1696 vitam
3345 1642 3685 1699 restitueret.

2101 1733 2345 1805 Denique
2373 1749 2435 1789 ea
2467 1750 2590 1805 qua:
2627 1750 2805 1805 neque
2832 1734 2975 1789 facta
3013 1735 3083 1791 ab
3124 1734 3221 1789 illo
3254 1735 3533 1800 novimus,
3574 1750 3689 1789 ne—

2030 1817 2074 1873 Β
2100 1841 2206 1897 que
2230 1826 2378 1880 dicta
2405 1827 2738 1891 audivimus,
2763 1836 3023 1898 tanquam
3048 1842 3177 1883 vere
3204 1836 3358 1898 gesta
3385 1827 3688 1883 contenda-

2100 1933 2246 1973 mus.
2307 1915 2508 1973 Verum
2560 1919 2822 1988 quoniam
2877 1928 3184 1974 extremum
3239 1920 3390 1975 illius
3441 1927 3683 1991 tempus,

2099 2010 2368 2065 celebrem
2420 2010 2609 2065 habuit
2637 2019 2691 2066 et
2720 2011 3068 2082 perspicuum
3100 2012 3405 2076 interitum,
3442 2019 3501 2065 ut
3539 2027 3692 2067 nus—

2100 2118 2263 2172 quam
2306 2103 2374 2157 ab
2413 2103 2507 2156 illo
2538 2102 2804 2157 occultari
2835 2103 3096 2173 potuerit,
3142 2118 3245 2159 nos
3300 2103 3429 2157 huic
3466 2118 3689 2174 quoque

2100 2193 2449 2249 incommodo
2481 2204 2629 2249 recta
2668 2202 2953 2265 pergentes
2993 2209 3384 2263 occurramus;
3418 2194 3687 2251 testiﬁce-

2100 2302 2332 2356 mnrque
2385 2288 2545 2356 plane
2599 2286 2736 2341 bene
2778 2286 3143 2357 impudenter,
3178 2286 3333 2340 illum
3388 2295 3688 2357 postquam

2105 2378 2266 2451 114
2295 2395 2325 2432 a
2360 2387 2535 2433 morte
2565 2378 2632 2432 ad
2661 2378 2827 2433 vitam
2854 2377 3097 2441 redierit,
3134 2378 3277 2433 inter
3301 2392 3403 2433 nos
3427 2393 3550 2434 esse
3570 2393 3691 2433 ver-

2100 2479 2303 2536 satum,
2354 2470 2647 2542 iocumque
2703 2478 2757 2526 et
2801 2470 2990 2526 cibum
3019 2479 3345 2526 consuetum
3396 2468 3688 2525 nobiscum

2100 2578 2420 2635 usurpasse.
2466 2564 2839 2619 Conservetur
2887 2573 3068 2617 autem
3114 2562 3185 2617 ab
3236 2562 3494 2618 omnibus
3526 2563 3688 2618 nobis

2100 2654 2455 2725 impudentia:
2526 2653 3101 2723 immutabilitatiSque
3140 2661 3319 2719 tenor,
3364 2660 3421 2709 et
3466 2662 3690 2709 maneat

2101 2745 2219 2800 haec
2251 2746 2449 2802 mentis
2480 2745 2736 2802 alienatio
2769 2762 2945 2814 usque
2978 2745 3046 2800 ad
3079 2753 3343 2810 mortem;
3376 2745 3510 2817 quid
3538 2747 3689 2802 enim

2101 2834 2325 2890 absurdi
2358 2836 2519 2891 habet
2544 2850 2643 2906 pro
2677 2835 2851 2890 nihilo
2880 2836 3043 2903 mori,
3071 2843 3167 2889 ant
3207 2835 3341 2906 quid
3373 2837 3688 2906 quempiam

2100 2926 2520 2995 oﬂ‘endat,nulla
2551 2927 2819 2998 probabili
2846 2942 3033 2993 causa,
3055 2928 3280 2984 verbera
3303 2937 3690 3000 tormentaque

2101 3021 2159 3076 in
2189 3036 2440 3093 corpore,
2470 3031 2525 3076 et
2573 3020 2621 3076 si
2669 3036 2808 3091 opus
2857 3020 2951 3082 sit,
2988 3019 3208 3075 vincula
3233 3035 3451 3092 quoque
3478 3029 3533 3077 et
3562 3035 3693 3076 car-

2104 3128 2279 3177 ceres,
2305 3129 2407 3169 nec
2440 3128 2551 3168 non
2584 3112 2950 3169 contumelias
2968 3121 3023 3168 et
3064 3114 3270 3183 probra
3304 3114 3510 3171 nullius
3546 3130 3697 3173 verae

2109 3206 2185 3264 rei
2226 3206 2400 3279 gratia
2448 3205 2724 3276 experiri?
2765 3203 2879 3261 Hoc
2916 3203 3084 3275 igitur
3108 3205 3222 3275 jam
3262 3222 3412 3261 nunc
3456 3207 3692 3262 medite-

2107 3315 2251 3368 mur,
2302 3300 2741 3369 mentiamurque
2790 3313 2984 3353 omnes
3017 3313 3129 3353 uno
3161 3313 3278 3363 ore,
3310 3308 3365 3355 et
3419 3299 3690 3371 tingamus

2106 3408 2193 3461 ea,
2222 3407 2346 3463 qua:
2397 3405 2575 3461 neque
2607 3391 2774 3446 alicui
2826 3400 3079 3446 nostrum
3134 3393 3289 3447 utilia
3330 3393 3517 3448 futura
3552 3395 3690 3460 sint,

2107 3503 2284 3559 neque
2332 3487 2495 3541 alicui
2544 3502 2733 3542 eorum
2792 3502 2934 3557 quos
2990 3487 3348 3558 decipiemus,
3391 3503 3455 3543 ac
3499 3505 3570 3544 ne
3610 3490 3691 3544 illi

2107 3580 2326 3652 quidem
2377 3580 2472 3651 qui
2519 3594 2549 3634 a
2597 3579 2758 3635 nobis
2815 3579 3104 3634 mendacio
3156 3582 3458 3637 extollitur.
3501 3589 3554 3637 et
3588 3598 3691 3653 pro

2107 3671 2219 3728 ΠΕΟ
2244 3669 2682 3728 commendatur.
2716 3670 2886 3727 Porro
2913 3681 3094 3728 autem
3126 3673 3471 3728 mendacium
3508 3675 3693 3729 inten-

2107 3762 2306 3817 damus
2360 3778 2470 3817 non
2532 3762 2695 3817 modo
2739 3764 2794 3817 in
2836 3772 3041 3819 nostrae
3075 3766 3249 3834 gentis
3287 3764 3559 3830 homines,
3589 3767 3689 3822 sed

2108 3857 2163 3911 in
2205 3872 2367 3912 omne
2411 3855 2639 3910 omnino
2692 3855 2977 3911 hominum
3022 3871 3218 3927 genus,
3263 3864 3549 3930 totumque
3595 3875 3692 3913 or-

2106 3950 2229 4005 bem
2280 3958 2553 4005 terrarum
2578 3949 2683 4006 hoc
2709 3965 2920 4014 errore,
2956 3950 3134 4020 iisque
3171 3965 3293 4022 quae
3317 3951 3384 4006 de
3412 3952 3508 4006 illo
3542 3952 3690 4007 inter

2107 4058 2210 4098 nos
2254 4043 2667 4113 composuimus
2726 4043 3072 4113 impleamus.
3133 4042 3363 4115 Jamque
3426 4044 3688 4116 deinceps

2105 4136 2253 4207 leges
2283 4136 2420 4191 alias
2445 4137 2661 4191 cunctis
2679 4137 2933 4206 gentibus
2966 4137 3332 4207 imponamus,
3352 4153 3473 4206 qua:
3495 4153 3687 4193 omnes

2105 4225 2353 4280 omnium
2397 4226 2466 4281 de
2516 4226 2712 4296 patriis
2762 4226 3008 4296 ipsorum
3048 4226 3156 4282 diis
3187 4228 3478 4297 Opiniones
3512 4243 3689 4298 oppu-

2107 4328 2275 4392 gnent
2308 4328 2472 4390 atque
2520 4327 2791 4382 evertant,
2833 4334 3192 4390 quascunque
3221 4336 3251 4373 a
3296 4319 3516 4373 condito
3572 4333 3689 4373 aevo

2108 4412 2421 4475 habuerint,
2449 4412 2891 4482 imperemusque
2907 4412 3099 4482 primis
3125 4411 3371 4466 omnium
3398 4409 3685 4469 Romanis.

421 4480 547 4546 τίας
576 4482 711 4534 πᾶσι
732 4484 846 4545 τοῖς
866 4481 1065 4547 ἔθνεσι,
1095 4482 1191 4535 καὶ
1211 4483 1272 4535 τὺ
1300 4482 1440 4546 θεοῖς
1463 4483 1561 4554 μὲν
1582 4487 1694 4548 τοῖς
1724 4485 1783 4549 ἐξ
1810 4484 2003 4551 αἰῶνος

2110 4519 2180 4559 ne
2229 4505 2414 4559 colant
2466 4519 2604 4574 quos
2652 4503 2890 4573 majores
2939 4504 3185 4572 ipsorum
3249 4502 3384 4558 deos
3439 4501 3689 4556 arbitrati

425 4575 579 4647 παρά
634 4577 801 4628 πᾶσιν
857 4574 1302 4648 ὡμολογημένοις
1345 4577 1621 4647 πολεμεῖν,
1686 4578 1777 4631 τὸν
1816 4578 1864 4631 δ’
1912 4580 2005 4632 ὑπ’

423 4667 727 4739 ὀφθαλμοῖς
769 4668 928 4739 ἡμῶν
958 4668 1138 4723 αὐτῶν
1167 4668 1503 4733 διδάσκαλον,
1540 4670 1673 4723 Θεὸν
1720 4667 1880 4734 εἶναι,
1911 4672 2006 4725 καὶ

423 4757 562 4814 Θεοῦ
592 4759 758 4814 παῖδα
788 4760 1099 4833 κηρύττειν,
1151 4762 1290 4833 ὑπὲρ
1323 4757 1384 4817 οὗ
1412 4763 1504 4815 καὶ
1531 4764 1727 4826 αὐτοὺς
1754 4763 2005 4835 θνήσκειν

426 4848 683 4921 ἑτοίμους
721 4845 881 4915 εἶναι,
917 4850 1085 4922 μηδὲν
1114 4850 1310 4923 ἀληθὲς
1336 4851 1467 4926 παρ’
1510 4853 1672 4906 αὑτοῦ
1706 4854 1827 4925 μηδ’
1864 4854 2006 4924 ὠφέ-

425 4941 584 5016 λιμον
615 4943 1028 5016 μεμαθηκότας.
1067 4946 1247 5016 Ταύτῃ
1281 4947 1325 5000 δ’
1357 4942 1450 5001 οὖν
1481 4943 1580 5001 καῖ
1618 4949 1815 5019 μᾶλλον
1845 4967 2008 5022 τιμη-

424 5051 551 5105 τέον
574 5051 761 5115 αὐτὸν,
798 5054 848 5104 εί
884 5052 1049 5122 μηδὲν
1084 5053 1231 5125 ἡμᾶς
1262 5051 1461 5123 ὢνησε,
1498 5054 1677 5107 πάντα
1706 5072 1764 5107 τε
1807 5056 1899 5108 ἐπὶ
1929 5052 2006 5126 τῷ

424 5142 649 5210 δοξάσαι
676 5143 843 5198 αὐτοῦ
871 5144 971 5215 τὴν
1000 5145 1368 5217 προσηγορίαν
1396 5147 1663 5217 ποιητέον,
1695 5148 1789 5201 καὶ
1826 5149 2008 5212 πάσας

426 5236 615 5310 ὕϐρεις
648 5238 741 5292 καὶ
772 5239 1041 5309 τιμωρίας
1074 5240 1464 5313 ὕπομενητέον,
1501 5243 1678 5296 πάντα
1708 5259 1767 5295 τε
1806 5242 2005 5315 τρόπον

424 5330 749 5385 ἀναδεκτέον
787 5329 1041 5397 θανάτου,
1087 5333 1226 5406 ὑπὲρ
1268 5334 1493 5406 μηδενὸς
1530 5333 1779 5405 ἀληθοῦς.
1822 5334 2005 5387 Κακὸν

423 5422 536 5495 γάρ
566 5423 698 5489 ἴσως
739 5425 991 5496 ἀλήθεια,
1026 5426 1088 5480 τὸ
1127 5427 1185 5480 δὲ
1229 5426 1422 5497 ψεῦδος
1461 5426 1574 5498 ἔχει
1605 5429 1700 5481 τοῦ
1736 5427 1909 5483 κακοῦ
1942 5428 2006 5481 τὸ

426 5517 697 5570 ἐναντίον·
729 5518 812 5571 διὸ
844 5517 1126 5590 λέγωμεν,
1161 5519 1248 5573 ὅτι
1279 5521 1375 5573 καὶ
1402 5521 1629 5591 νεκροὺς
1662 5522 1874 5593 ἤγειρε,
1909 5522 2005 5575 καὶ

425 5609 663 5683 λεπροὺς
689 5611 1008 5685 ὲκαθάρισε,
1033 5615 1126 5667 καὶ
1146 5614 1404 5685 δαίμονας
1428 5615 1615 5686 ἤλασε,
1648 5615 1741 5668 καὶ
1771 5614 1879 5669 τῶν
1909 5613 2006 5668 άλ-

425 5700 534 5755 λων
574 5703 895 5775 παραδόξων
937 5703 1112 5775 ἔργων
1153 5704 1343 5774 γέγονε
1393 5706 1642 5777 ποιητὴς,
1692 5705 1859 5778 μηδὲν
1906 5705 2006 5776 μὲν

426 5795 664 5853 τοιοῦτον
712 5796 865 5869 αὐτῷ
903 5800 1323 5868 συνεγνωκότες,
1357 5800 1568 5863 ἑαυτοῖς
1617 5799 1673 5853 δὲ
1722 5800 1790 5855 τά
1831 5798 2008 5857 πάντα

2112 4602 2260 4650 sunt.
2294 4592 2354 4649 In
2396 4593 2661 4649 Graeciam
2702 4610 2919 4666 quoque
2966 4602 3337 4666 penetremus,
3378 4600 3431 4648 et
3470 4593 3691 4664 sapien-

2109 4687 2255 4743 tibus
2293 4688 2383 4758 qui
2414 4689 2522 4742 illic
2553 4696 2681 4743 sunt
2710 4689 2983 4744 contraria
3018 4689 3232 4758 publice
3263 4688 3586 4750 doceamus,
3624 4702 3691 4741 ae

2108 4795 2177 4834 ne
2205 4779 2492 4851 ngyptios
2521 4781 2744 4852 quidem
2769 4782 3112 4846 omittamus,
3145 4779 3241 4837 sed
3280 4781 3522 4850 ipsorum
3549 4793 3691 4849 (ξιο-

2109 4889 2215 4943 que
2252 4874 2385 4931 deos
2438 4876 2645 4944 patrios
2683 4890 3084 4946 oppugnemus,
3132 4889 3243 4929 non
3293 4871 3532 4927 Mosaica
3575 4886 3690 4924 am-

2108 4967 2252 5036 plius
2285 4982 2406 5036 qum
2443 4969 2573 5021 olim
2620 4968 2763 5038 apud
2799 4967 2923 5023 illos
2966 4975 3119 5038 gesta
3152 4974 3281 5021 sunt
3320 4964 3688 5035 proferentes.

2110 5063 2205 5116 sed
2241 5061 2414 5116 nostri
2446 5059 2799 5129 praeceptoris
2854 5058 3134 5112 interitum
3167 5056 3277 5110 illis
3321 5053 3483 5125 quasi
3516 5056 3690 5125 quod-

2108 5155 2233 5211 dam
2288 5154 2500 5223 insigne
2537 5152 2766 5206 terroris
2803 5152 3147 5218 objicientcs.
3181 5147 3315 5214 Qua:
3342 5162 3474 5202 vero
3504 5147 3691 5217 opinio

2109 5254 2163 5302 et
2187 5245 2329 5299 fama
2358 5244 2427 5298 ab
2450 5242 2606 5296 initio
2634 5242 2705 5297 ab
2742 5242 2873 5305 illis,
2899 5239 2965 5295 ad
3000 5253 3195 5293 omnes
3219 5237 3470 5292 homines
3495 5235 3563 5291 de
3585 5236 3693 5291 diis

2110 5338 2377 5411 pervenit,
2407 5336 2550 5391 hanc
2585 5350 2686 5391 nos
2717 5351 2825 5389 non
2857 5333 3066 5388 voculis
3100 5329 3431 5401 quibusdam
3472 5335 3567 5382 aut
3600 5344 3694 5380 ra-

2107 5433 2372 5493 tionibus,
2421 5428 2518 5485 sed
2572 5425 2924 5498 praeceptoris
2979 5422 3230 5479 cruciﬁxi
3276 5423 3331 5477 vi
3386 5421 3689 5477 diluamus.

2107 5521 2529 5593 Progrediamur
2570 5532 2700 5574 vero
2745 5518 2910 5573 etiam
2958 5517 3012 5571 in
3062 5516 3334 5587 reliquam
3390 5514 3686 5569 barbaram

2110 5622 2340 5677 terram,
2378 5621 2433 5668 et
2458 5628 2580 5682 quae
2615 5608 2756 5682 apud
2812 5623 3005 5665 omnes
3054 5608 3274 5665 decreta
3306 5615 3438 5662 sunt
3475 5613 3693 5661 everta-

2109 5721 2235 5760 mus
2272 5723 2288 5760 :
2323 5718 2499 5775 neque
2526 5716 2656 5759 vero
2695 5700 2985 5773 quisquam
3017 5708 3267 5755 nostrum
3306 5698 3472 5753 animi
3509 5695 3694 5751 inten-

2109 5799 2319 5855 tionem
2368 5796 2635 5854 remittat.
2661 5793 2783 5852 Non
2831 5794 2978 5852 enim
3029 5793 3286 5865 exiguum
3328 5798 3423 5846 aut
3458 5800 3689 5862 parvum
