4120 6420
486 336 590 397 207
1151 339 1420 398 EUSEBII
1464 338 1940 396 CESARIENSIS
1977 340 2128 396 OPP.
2164 342 2345 398 PARS
2380 340 2447 398 ll.
2488 346 3059 406 —APOLOGETICA.

488 465 591 519 riet
625 461 788 533 hujus
831 460 1073 516 audacia:
1126 462 1431 533 praemium,
1481 460 1750 531 siquidem
1795 477 1905 516 non
1948 462 2069 517 vul-

486 572 646 630 gares
685 572 787 612 nos
821 570 920 625 pro
952 554 1120 608 lautis
1152 556 1544 610 certaminibus
1576 565 1798 610 manent
1819 570 2056 616 coronae.

2171 553 2246 626 μὴ
2272 554 2510 609 πείθοιτό
2533 573 2634 621 τις,
2659 558 2773 611 ἀλλ’
2796 560 2943 612 αὐτοί
2963 577 3047 628 γε,
3079 562 3218 634 ὑπὲρ
3233 554 3309 614 ὧν
3336 561 3739 633 συντεθείμεθα,

487 643 583 700 sed
636 658 756 714 qua:
796 642 1066 713 supplicia
1100 642 1356 698 videlicet
1381 658 1411 697 a
1434 643 1644 713 legibus
1674 645 1920 699 omnium
1960 645 2056 700 ho-

2171 645 2464 717 τάπίχειρα
2494 647 2593 718 τῆς
2626 647 2834 721 πλάνης
2866 650 2987 703 καθ’
3022 652 3230 705 ἑαυτῶν
3264 651 3635 723 ἐφελκόμενοι.

483 736 716 799 minum,
744 742 801 788 ut
832 749 929 804 par
957 743 1064 800 est,
1088 734 1596 793 contradicentibus
1634 737 1885 806 injuncta
1912 743 2062 801 sunt,
2100 737 2316 792 vincula
2349 739 2576 806 scilicet,
2609 748 2900 807 tormenta,
2967 757 3219 797 carceres
3254 761 3267 796 :
3303 757 3511 797 necnon
3577 742 3742 812 ignis,

480 836 537 885 et
588 828 819 893 ferrum,
858 836 913 883 ct
973 843 1188 892 cruces,
1225 837 1279 883 et
1334 829 1527 883 bellum
1563 849 1578 886 :
1614 830 1683 885 ad
1730 846 1851 901 qum
1881 831 2064 885 omnia
2102 831 2511 901 promptissimo
2571 833 2755 887 animo
2777 842 2860 889 est
2888 833 3281 898 accedendum,
3331 832 3507 902 iisque
3526 832 3743 886 obviam

480 924 641 978 malis
664 924 903 980 eundum
964 922 1255 994 intrepide,
1296 940 1418 995 quae
1447 922 1847 996 prmeeptorem'
1884 935 2133 981 nostrum
2174 927 2332 981 nobis
2358 941 2457 997 pro
2472 929 2718 998 exemplo
2750 936 3048 983 ostentant.
3076 927 3217 993 Quid
3246 926 3389 982 enim
3423 926 3743 997 pulchrius,

479 1032 642 1087 quam
676 1018 825 1071 nulla
859 1018 1068 1073 ratione
1090 1025 1144 1072 et
1170 1018 1276 1073 diis
1305 1026 1359 1071 et
1390 1018 1705 1074 hominibus
1755 1018 1871 1074 ﬁeri
1936 1018 2216 1085 inimicos;
2250 1035 2428 1089 neque
2474 1019 2583 1073 ulla
2646 1035 2886 1090 unquam
2936 1036 3163 1090 prorsus
3220 1020 3324 1074 l'rui
3373 1018 3742 1089 jucunditatc,

484 1109 642 1181 115
673 1124 848 1178 neque
895 1108 1238 1164 charissimis
1292 1107 1459 1163 rebus
1516 1107 1823 1175 oblectari,
1877 1124 2053 1179 neque
2090 1123 2411 1179 comparare
2445 1110 2727 1180 pecunias,
2763 1125 2864 1165 nec
2897 1112 3064 1166 ullius
3120 1124 3348 1181 prorsus
3392 1110 3520 1165 boni
3587 1123 3742 1178 spem

479 1204 584 1260 sibi
616 1202 881 1272 reliquam
914 1200 1090 1256 facere
1125 1220 1139 1255 :
1173 1208 1378 1256 temere
1434 1207 1614 1255 autem
1648 1207 1702 1254 et
1735 1199 1975 1256 inaniter
2039 1216 2225 1256 errare
2266 1216 2331 1257 ac
2375 1200 2668 1272 decipere?
2713 1200 2828 1257 Hoc
2881 1202 3028 1257 enim
3074 1203 3409 1274 prmeipuum
3471 1210 3556 1257 est
3592 1198 3743 1271 quod

478 1308 788 1371 spectemus
815 1316 828 1352 :
855 1311 919 1349 ac
944 1303 1203 1366 praeterea
1236 1295 1493 1350 omnibus
1553 1295 1865 1351 nationibus
1928 1296 2228 1361 adversari,
2265 1304 2321 1353 et
2364 1296 2518 1362 deos,
2549 1297 2643 1368 qui
2680 1312 2710 1352 a
2754 1298 2977 1354 condito
3024 1313 3141 1354 aevo
3172 1298 3315 1369 apud
3372 1312 3564 1352 omnes
3618 1310 3745 1350 cer-

477 1394 678 1450 tissimi
721 1392 891 1448 babiti
926 1400 1055 1448 sunt
1088 1407 1423 1463 oppugnare.
1472 1390 1866 1463 Prmceptorem
1903 1408 2054 1457 vero,
2110 1408 2274 1464 quem
2323 1394 2498 1449 oculis
2547 1394 2755 1449 nostris
2819 1395 3089 1464 supplicio
3139 1395 3275 1449 allici
3332 1395 3591 1457 vidimus,
3640 1407 3742 1462 pro

479 1484 591 1541 Deo
621 1492 675 1539 et
706 1498 803 1552 pro
836 1483 932 1537 Dei
973 1480 1112 1537 Filio
1140 1482 1455 1551 praedicare.
1489 1480 1597 1536 Pro
1640 1497 1747 1550 quo
1776 1489 1830 1535 et
1880 1483 1983 1553 ipsi
2015 1485 2153 1538 mori
2188 1485 2361 1555 parati
2402 1486 2594 1548 simus,
2628 1487 2845 1540 tametsi
2893 1488 2963 1541 ab
3008 1486 3101 1541 illo
3160 1502 3336 1557 neque
3392 1488 3506 1541 veri
3564 1500 3743 1554 neque

476 1576 629 1632 utilis
662 1584 755 1630 aut
778 1572 1052 1629 commodi
1089 1573 1385 1643 quidquam
1418 1571 1734 1627 didicimus.
1762 1571 1877 1627 lloc
1908 1575 2051 1628 enim
2090 1575 2208 1644 ipso
2239 1576 2329 1631 ille
2355 1576 2529 1647 pluris
2558 1585 2643 1633 est
2673 1576 2976 1643 faciendus,
3008 1577 3151 1647 quod
3207 1576 3346 1631 nihil
3407 1576 3566 1631 nobis
3608 1592 3742 1646 pro-

477 1669 662 1725 fuerit.
718 1666 914 1722 Omnia
945 1681 1077 1721 vero
1120 1666 1281 1721 nobis
1330 1650 1578 1719 facienda
1628 1672 1777 1731 sunt,
1824 1675 1881 1720 ut
1939 1665 2085 1722 illius
2148 1682 2346 1723 nomen
2411 1670 2622 1725 illustre
2697 1670 3104 1740 gloriosumque
3180 1670 3491 1725 reddamus.
3542 1670 3740 1726 Omnia

475 1769 699 1841 probra,
732 1766 916 1821 omnia
966 1764 1232 1834 supplicia
1267 1762 1507 1828 ferenda,
1575 1778 1736 1818 omne
1779 1778 1950 1834 genus
1982 1764 2175 1821 mortis
2219 1764 2561 1820 subeundum
2592 1780 2689 1836 pro
2732 1780 2796 1820 ea
2833 1779 2912 1829 re,
2949 1780 3070 1834 quae
3101 1764 3248 1818 nulla
3309 1764 3363 1819 in
3408 1773 3561 1835 parte
3610 1779 3741 1819 vera

476 1871 582 1921 est.
642 1862 851 1915 :Malum
898 1859 1044 1915 enim
1091 1857 1324 1913 forsitan
1373 1859 1601 1922 veritas,
1665 1866 1717 1913 et
1756 1858 1908 1912 'mali
1974 1859 2308 1914 contrarium
2365 1860 2421 1914 in
2487 1860 2773 1914 mendacio
2821 1878 2836 1914 :
2891 1874 3058 1930 quare
3109 1857 3437 1913 ailirmcmus
3483 1857 3634 1911 illum
3683 1865 3743 1912 et

475 1965 722 2010 mortuos
773 1954 1070 2017 excitasse,
1120 1961 1174 2006 et
1216 1951 1465 2022 leprosos
1534 1965 1833 2022 purgasse,
1905 1960 1959 2006 et
2023 1952 2299 2008 daemonas
2330 1953 2575 2023 ejecisse,
2618 1960 2672 2008 et
2710 1953 2814 2007 alia
2861 1950 3227 2014 incredibilia,
3288 1965 3614 2021 omnemque
3669 1949 3743 2005 ﬁ-

475 2049 598 2107 dem
629 2048 945 2121 superantia
969 2046 1189 2112 l’ecisse,
1219 2061 1452 2117 quarum
1484 2045 1703 2116 quidem
1751 2060 1932 2100 rerum
1993 2046 2209 2102 nullius
2255 2046 2330 2101 illi
2378 2065 2481 2104 nos
2535 2047 2745 2103 conscii
2811 2063 3022 2114 sumus,
3090 2046 3185 2102 sed
3230 2046 3494 2101 arbitratu
3547 2056 3740 2103 nostro

476 2157 674 2200 cuneta
729 2140 1000 2213 ﬁngentes
1032 2160 1046 2195 :
1074 2147 1129 2195 et
1162 2138 1500 2209 decipiamus
1529 2136 1745 2208 quidem
1781 2153 1920 2209 quos
1959 2155 2274 2210 possumus,
2319 2141 2366 2196 si
2402 2143 2491 2196 cui
2520 2159 2648 2197 vero
2673 2157 2782 2196 non
2810 2142 3268 2211 persuaserimus,
3327 2149 3440 2195 tum
3481 2141 3584 2212 ipsi
3637 2158 3739 2212 pro

476 2245 547 2302 iis
576 2259 697 2315 qua:
732 2242 871 2296 inter
900 2254 1000 2294 nos
1031 2236 1443 2306 composuimus
1475 2234 1681 2290 erroris
1710 2234 2040 2300 mercedem,
2085 2237 2348 2293 adversus
2385 2253 2485 2293 nos
2508 2238 2662 2307 ipsos
2696 2239 3000 2293 clieiamus.
3747 2255 3753 2313 ι

548 2336 891 2390 Videnturne
929 2330 1026 2385 tibi
1064 2327 1348 2384 credibilia
1388 2327 1525 2390 haec,
1560 2334 1655 2381 aut
1703 2327 1801 2382 ulli
1836 2343 1964 2383 vero
1992 2328 2056 2383 si-

2236 2325 2383 2401 τΑρά
2409 2348 2490 2384 σοι
2516 2326 2717 2384 πιθανά
2740 2329 2912 2384 ταῦτα
2935 2329 2968 2401 ἢ
2998 2329 3093 2383 καὶ
3120 2328 3356 2401 ἀληθοῦς
3380 2329 3615 2403 ἐχόμενα
3650 2332 3739 2386 λό-

474 2429 672 2485 milia?
710 2425 978 2498 ignobiles
1024 2422 1385 2492 vulgaresque
1434 2420 1704 2483 homines,
1764 2427 2056 2490 postquam

2160 2438 2279 2491 γου,
2312 2420 2387 2485 ὡς
2428 2421 2499 2474 τὰ
2535 2420 2758 2475 τοιαῦτα
2789 2420 3126 2492 πλασάμενοι
3157 2423 3255 2476 καὶ
3287 2423 3603 2495 συνθέμενοι
3639 2426 3740 2480 ἀλ-

3631 353 3736 409 208

2172 463 2550 535 πλαττόμενοι,
2586 467 2678 520 καὶ
2709 467 3018 533 πλανῶντες
3055 470 3153 541 μὲν
3179 468 3273 535 οὓς
3308 469 3528 525 δυνατόν
3547 487 3562 503 ⁸
3602 474 3650 525 εί
3681 473 3741 527 δὲ

475 2522 604 2578 talia
631 2519 908 2581 ﬁnxerint,
940 2523 1105 2585 atque
1133 2515 1275 2569 inter
1308 2529 1369 2568 se
1398 2510 1828 2582 composuerint,
1864 2510 2060 2566 Roma-

477 2631 607 2671 num
643 2614 930 2684 imperium
982 2606 1289 2664 invasisse?
1320 2613 1415 2661 aut
1442 2606 1740 2660 humanam
1781 2612 2055 2668 naturam,

474 2720 598 2777 qua:
647 2705 774 2759 vita:
827 2715 1073 2756 amorem
1129 2715 1194 2753 ac
1256 2697 1498 2752 studium
1554 2697 1710 2766 quasi
1776 2698 2059 2767 proprium

474 2796 738 2868 quiddam
784 2793 1049 2879 possidet,
1098 2790 1342 2862 potuisse
1375 2804 1616 2860 unquam
1657 2788 1768 2842 ulla
1809 2787 2059 2843 mercede

474 2887 846 2945 voluntarium
879 2876 1068 2941 subire
1099 2883 1403 2946 interitum,
1436 2878 1895 2951 quemadmodum
1933 2876 2058 2932 Sal-

473 2981 682 3037 vatoris
720 2977 896 3034 nostri
927 2974 1181 3047 discipuli
1213 2974 1481 3046 potuere?
1525 2972 1676 3040 Quos
1712 2971 1792 3026 sic
1835 2969 2056 3041 quidem

473 3090 540 3133 eo
564 3071 808 3143 stuporis
835 3069 1053 3126 venisse
1082 3066 1295 3132 credas,
1329 3075 1388 3119 ut
1415 3078 1540 3119 cum
1570 3064 1640 3118 ab
1667 3062 1761 3117 illo
1802 3061 1939 3115 nihil
1967 3060 2055 3115 di-

476 3180 644 3238 gnum
678 3161 1043 3217 admiratione
1075 3166 1287 3229 gestum
1333 3158 1694 3228 inspexerint,
1732 3155 1835 3225 ipsi
1876 3165 2057 3211 tamen

480 3273 549 3313 ex
598 3254 904 3325 composito
954 3260 1153 3308 cuncta
1206 3249 1327 3321 ejus
1379 3249 1596 3322 generis
1655 3248 2059 3304 conﬁnxerint?

475 3347 673 3405 deinde
711 3346 872 3418 nugis
910 3343 1237 3416 quibusdam
1275 3340 1343 3398 de
1384 3342 1476 3397 illo
1508 3341 1829 3413 corrogatis,
1861 3356 1961 3412 pro
1988 3340 2057 3397 iis

474 3454 638 3497 omne
669 3452 844 3509 genus
871 3435 1065 3490 mortis
1106 3433 1293 3489 subire
1321 3431 1518 3503 parati,
1556 3431 1903 3503 promptique
1942 3428 2058 3486 fue-

473 3532 624 3590 rint?
647 3539 706 3586 tu
730 3545 860 3585 vero
891 3526 1022 3598 quid
1050 3526 1132 3583 ais
1183 3524 1403 3580 tandem
1435 3523 1699 3582 adversus
1720 3524 1835 3579 haec
1853 3524 1876 3577 ?
1896 3521 2059 3579 Nem-

477 3642 548 3699 pe
610 3624 738 3679 illos
772 3635 950 3692 neque
999 3618 1251 3689 opinatos
1308 3615 1513 3682 fuisse,
1567 3629 1744 3685 neque
1803 3628 2056 3685 sperasse

2164 2511 2348 2583 λήλοις
2363 2512 2599 2576 εὐτελεῖς
2622 2512 2814 2583 ἄνδρες
2839 2512 2933 2564 καὶ
2966 2510 3192 2575 ίδιῶται,
3208 2513 3491 2584 παρῄεσαν
3519 2515 3613 2567 ἐπὶ
3637 2515 3736 2587 τὴν

2169 2605 2455 2675 Ῥωμαίων
2480 2605 2729 2676 ἀρχήν;ἢ
2761 2604 2836 2668 ὼς
2858 2604 3168 2677 ἀνθρωπεία
3185 2604 3366 2674 φύσις,
3386 2605 3450 2659 τὸ
3476 2603 3737 2672 φιλόζωον

2158 2698 2356 2751 οἰκεῖον
2387 2697 2722 2768 κεκτημένη,
2753 2695 2952 2750 δύναιτ’
2981 2696 3046 2750 ἄν
3076 2697 3195 2750 ποθ’
3218 2698 3357 2769 ὑπὲρ
3379 2696 3474 2751 τοῦ
3509 2680 3736 2768 μηδενὸς

2158 2787 2477 2860 αὐθαίρετον
2501 2788 2786 2858 ὑπομεῖναι
2806 2786 3098 2859 τελευτήν;
3125 2786 3158 2858 ἢ
3188 2787 3264 2850 ὡς
3290 2792 3339 2840 οἱ
3365 2787 3458 2842 τοῦ
3483 2788 3734 2860 Σωτῆρος

2158 2880 2316 2953 ἡμῶν
2362 2879 2601 2951 μαθηταὶ⁵
2649 2880 2729 2943 εἰς
2774 2878 3043 2950 τοσαύτην
3087 2878 3392 2950 ὑπερϐολὴν
3437 2879 3735 2951 ἐκπληξίας

2159 2972 2384 3044 ἤλασαν,
2411 2973 2487 3037 ὡς
2523 2972 2687 3044 μηδὲν
2712 2973 2811 3043 μὲν
2843 2974 2936 3026 ὑπ’
2964 2971 3128 3025 αὑτοῦ
3157 2972 3459 3043 παράδοξον
3488 2971 3734 3044 πραχθὲν

2159 3065 2482 3137 ἑωρακέναι,
2511 3065 2709 3130 αὐτοὺς
2741 3065 2788 3119 δ’
2820 3066 2885 3119 ἐκ
2917 3065 3257 3137 συνθήματος
3288 3063 3424 3136 ὁμοῦ
3455 3064 3633 3118 πάντα
3662 3062 3736 3118 τὰ

2157 3158 2382 3213 τοιαῦτα
2438 3156 2777 3222 πεπλάσθαι,
2846 3156 3039 3213 ἔπειτα
3096 3158 3337 3229 ῥημάτια
3390 3157 3520 3229 περὶ
3566 3155 3732 3210 αὐτοῦ

2156 3251 2327 3323 ψευδῆ
2382 3248 3000 3324 συνταξαμένουςβπὲρ
3050 3250 3254 3304 τούτων
3301 3250 3557 3321 θνήσκειν
3604 3250 3737 3303 ὑπο-

2162 3346 2344 3417 μένειν
2395 3344 2626 3417 ἑτοίμως
2680 3345 2859 3416 ἔχεινς
2888 3343 3073 3397 «Ἀλλά
3119 3344 3173 3397 τί
3214 3345 3356 3414 φῄςς
3397 3343 3470 3416 μὴ
3504 3342 3734 3416 προσδο-

2158 3438 2324 3509 κῆσαι
2361 3438 2556 3502 αὐτοὺς
2600 3437 2733 3509 μηδὲ
2777 3435 2994 3489 ἐλπίσαι
3041 3436 3210 3490 δεινόν
3252 3454 3304 3489 τι
3346 3435 3628 3490 πείσεσθαι
3663 3435 3732 3488 ἐκ

2157 3531 2256 3602 τῆς
2300 3529 2430 3601 περὶ
2461 3529 2554 3583 τοῦ
2598 3528 2771 3601 Ἰησοῦ
2809 3528 3132 3600 μαρτυρίας,
3183 3527 3264 3581 διὸ
3292 3528 3386 3582 καὶ
3425 3526 3598 3591 ἀδεῶς
3639 3526 3732 3580 ἐπὶ

2157 3625 2219 3678 τὸ
2244 3624 2374 3695 ’περὶ⁵
2400 3622 2565 3677 αὑτοῦ
2609 3624 2870 3695 κήρυγμα
2912 3622 3229 3695 προελθείν;
3285 3620 3423 3673 Ἀλλ’
3453 3621 3553 3674 οὐκ
3584 3619 3733 3683 εἰκὸς

473 3717 775 3791 quidquam
807 3710 1081 3784 ejusmodi
1117 3708 1187 3764 ob
1216 3707 1746 3763 commendationem
1775 3704 1905 3761 Jesu
1933 3720 2049 3776 per-

2160 3707 2226 3783 ἦν
2265 3711 2563 3765 ἀπελπίσαι
2606 3711 2676 3765 τὰ
2708 3712 2884 3766 πάντα
2915 3712 3006 3765 ὑπ’
3040 3710 3219 3764 αὐτῶν
3252 3709 3557 3774 πείσεσθαι,
3604 3711 3733 3774 τοὺς

477 3824 760 3881 pessuros.
792 3804 973 3872 Quare
1003 3811 1109 3857 tam
1144 3799 1413 3871 intrepide
1455 3799 1520 3854 ad
1559 3796 1959 3871 [medicandum
1989 3794 2058 3850 de

476 3903 570 3958 illo
615 3906 902 3972 provectos
954 3914 969 3950 :
1020 3904 1077 3950 at
1120 3894 1264 3950 istuc
1304 3906 1541 3965 quonam
1587 3898 1748 3962 pacto
1791 3887 2058 3944 concede-

362 4006 373 4013 '
476 3991 607 4047 tur?
641 3991 765 4045 illos
795 4003 905 4043 non
931 4000 1185 4058 sperasse
1220 3998 1319 4054 pro
1347 3983 1439 4036 illo
1464 3998 1523 4038 se
1547 3981 1729 4035 omnia
1758 3976 2058 4051 passuros?

475 4083 657 4155 quiet
711 4080 852 4151 apud
904 4075 1204 4141 Romanos,
1238 4082 1293 4130 et
1348 4075 1491 4143 apud
1549 4069 1789 4135 Graecos,
1826 4076 1881 4124 et
1910 4068 2055 4138 apud

475 4176 762 4237 barbaros,
797 4171 1026 4227 deorum
1054 4168 1391 4224 eversionem
1421 4170 1606 4221 essent
1639 4161 1945 4218 invecturi?
1988 4159 2056 4213 At

476 4267 621 4323 enim
648 4263 877 4319 historia
910 4276 1033 4333 qua:
1060 4263 1128 4315 de
1160 4258 1270 4313 illis
1296 4264 1495 4321 exstat,
1525 4263 1711 4325 aperte
1738 4254 1842 4309 hoc
1868 4248 2053 4317 habet,

480 4358 642 4429 116
671 4357 795 4412 illos
824 4362 948 4425 post
977 4350 1341 4422 Praeceptoris
1379 4348 1680 4410 interitum,
1722 4346 1791 4402 ab
1824 4344 2055 4401 insidia-

477 4448 692 4501 toribus
740 4442 1070 4515 quibusdam
1104 4447 1294 4511 captos
1340 4438 1533 4502 fuisse,
1565 4443 1617 4491 et
1651 4436 1887 4506 primum
1934 4434 2057 4505 qui-

477 4539 601 4594 dem
644 4538 701 4593 in
738 4549 1016 4591 carcerem
1046 4532 1349 4602 conjectos,
1390 4527 1590 4585 deinde
1624 4543 1750 4582 vero
1774 4525 2051 4589 dimissos,

479 4637 593 4683 tum
625 4629 692 4683 iis
716 4628 1041 4697 imperatum
1072 4639 1140 4678 ne
1172 4623 1267 4677 ulli
1287 4622 1570 4676 hominum
1598 4619 1653 4673 in
1684 4618 1902 4674 nomine
1926 4616 2055 4673 Jesu

478 4722 854 4791 loquerentur.
913 4715 1113 4770 Postea
1160 4729 1291 4769 vero
1340 4728 1463 4767 cum
1516 4712 1594 4767 illi
1649 4711 1749 4766 hos
1791 4711 2056 4766 vidissent

478 4810 623 4882 apud
654 4809 1061 4864 multitudinem
1088 4806 1264 4876 palam
1299 4804 1372 4875 de,
1392 4805 1485 4859 illo
1518 4804 1712 4858 iterum
1747 4803 2052 4873 loquentes,

479 4908 763 4970 correptos
803 4898 1181 4959 verberarunt,
1212 4911 1416 4966 eosque
1459 4895 1530 4949 ob
1564 4895 1827 4950 doctrina:
1884 4909 2055 4966 genus

478 4997 854 5058 mereparunt.
891 4989 1011 5055 Quo
1049 4996 1293 5058 tempore
1335 4986 1588 5041 videlicet
1631 5002 1824 5042 rursus
1861 4987 1939 5040 illi
1969 5001 2055 5041 re-

2171 3804 2465 3876 Ῥωμαίοις
2512 3803 2648 3876 ὁμοῦ
2704 3804 2797 3857 καὶ
2847 3803 3073 3875 Ἕλλησι
3122 3804 3215 3857 καὶ
3259 3803 3553 3876 βαρϐάροις
3593 3802 3732 3856 θεῶν

2158 3894 2472 3967 ἀνατροπὴν
2513 3895 3018 3967 είσηγησαμένουςς
3073 3895 3137 3949 Ἡ
3182 3894 3239 3948 δέ
3270 3911 3334 3963 γε
3380 3896 3509 3965 περὶ
3551 3893 3733 3948 αὐτῶν

2160 3986 2369 4057 ἱστορία
2406 3986 2589 4054 σαφῶς
2617 3986 2906 4051 δείκνυσιν,
2944 3987 3020 4051 ὡς
3052 3985 3188 4057 μετὰ
3219 3984 3324 4056 τὴν
3353 3984 3447 4038 τοῦ
3478 3983 3734 4038 διδασκά-

2157 4076 2251 4130 λου
2299 4075 2551 4147 τελευτὴν
2596 4075 2870 4130 ἐπίϐουλοι
2912 4093 3078 4142 τινες,
3116 4075 3468 4139 συλλαϐόντες
3510 4076 3729 4140 αὐτοὺς,

2158 4168 2351 4241 πρῶτα
2381 4168 2480 4238 μὲν
2510 4167 2833 4239 παρέδωκαν
2862 4168 3098 4239 φυλακῇ,
3136 4166 3324 4222 ἔπειτα
3352 4165 3409 4220 δὲ
3431 4165 3731 4228 ἀπέλυσαν,

2159 4259 2626 4332 παραγγείλαντες
2663 4259 2852 4331 μηδενὶ
2896 4259 3077 4314 λαλεῖν
3141 4258 3236 4312 ἐπὶ
3268 4258 3348 4330 τῷ
3379 4259 3603 4330 ὀνόματι
3632 4256 3729 4311 τοῦ

2170 4347 2364 4418 Ἰησοῦ.
2398 4348 2620 4411 Γνόντες
2651 4347 2709 4400 δέ
2747 4346 2945 4412 αὐτοὺς
2981 4347 3117 4419 μετά
3157 4346 3350 4412 ταῦτα,
3382 4347 3617 4419 δημοσίᾳ
3650 4346 3731 4419 τῷ

2158 4439 2353 4512 πλήθει
2390 4440 2457 4494 τὰ
2490 4441 2617 4512 περὶ
2656 4440 2819 4494 αὑτοῦ
2852 4440 3282 4511 διαλεγομένους,
3316 4440 3731 4511 ἀναρπάσαντες

2158 4531 2488 4602 ἐμάστιζον,
2538 4532 2897 4603 ἐπιτιμῶντες
2954 4533 3048 4586 ἐπὶ
3094 4536 3159 4604 τῇ
3207 4532 3544 4603 διδασκαλίᾳ.
3602 4533 3729 4585 "Ut:

2157 4625 2478 4697 ἀποκριθεὶς
2510 4621 2666 4689 αὖθις
2691 4626 2878 4690 αὐτοῖς
2908 4627 2936 4679 ὁ
2970 4626 3175 4697 Πέτρος
3216 4620 3370 4679 εἶπεν
3390 4642 3404 4656 ο
3439 4645 3456 4676 ι
3495 4623 3732 4697 Πειθαρ-

2157 4722 2273 4789 χεῖν
2308 4720 2390 4773 δεῖ
2426 4720 2543 4792 Θεῷ
2583 4719 2780 4791 μᾶλλον
2804 4714 2845 4792 ἢ
2877 4719 3202 4791 ἀνθρώποις.
3244 4739 3263 4772 ι
3295 4720 3449 4775 Μετά
3472 4719 3527 4773 δέ
3557 4720 3731 4772 ταῦτα

2157 4812 2326 4878 λίθοις
2376 4812 2590 4884 βληθεὶς
2623 4814 2926 4885 ἀναιρεῖται
2970 4812 3259 4883 Στέφανος,
3306 4812 3399 4866 ἐπὶ
3442 4811 3536 4865 τοῦ
3594 4813 3729 4865 Ἰου-

2156 4906 2318 4960 δαίων
2345 4905 2592 4977 πλήθους-
2610 4906 3149 4979 παρρησιασάμενος,
3183 4906 3277 4959 καὶ
3306 4906 3541 4977 διωγμὸς
3572 4904 3671 4976 οὐχ
3701 4907 3730 4958 ό

2156 4996 2335 5067 τυχὼν
2375 4996 2731 5051 ἐπανίσταται
2763 5000 2874 5060 τοῖς
2918 4995 3276 5068 πρεσϐεύουσι
3310 4997 3369 5050 τὸ
3397 4996 3489 5049 τοῦ
3551 4994 3727 5066 Ἰησοῦ

480 5081 760 5154 spondens
784 5081 980 5138 Petrus
1025 5079 1161 5135 dixit
1188 5098 1200 5134 :
1236 5097 1256 5130 ι
1285 5076 1516 5134 Obedire
1543 5086 1759 5150 oportet
1803 5076 1914 5133 Deo
1942 5093 2056 5132 ma-

2161 5089 2349 5161 ὄνομα.
2382 5088 2493 5141 Καὶ
2537 5088 2698 5142 πάλιν
2737 5088 2923 5142 ἄλλοτε
2968 5088 3212 5162 Ἡρώδης
3252 5091 3280 5142 ὁ
3313 5088 3421 5142 τῶν
3465 5088 3730 5143 Ἰουδαίων

482 5175 566 5243 gis
595 5187 758 5242 quam
787 5170 1104 5226 hominibus
1134 5169 1202 5223 “.
1240 5186 1260 5220 ι
1296 5165 1452 5221 llaud
1491 5167 1565 5220 ita
1603 5167 1776 5222 multo
1822 5173 1946 5238 post
1975 5166 2055 5220 la-

483 5266 702 5336 pidibus
747 5264 950 5335 petitus
995 5261 1306 5334 Stephanus
1354 5259 1699 5326 interﬁcitur,
1748 5274 1873 5313 cum
1911 5258 2056 5330 apud

482 5357 799 5412 Judaaorum
839 5355 1244 5410 multitudinem
1288 5351 1559 5423 intrepide
1611 5352 2053 5415 concionaretur,

484 5459 647 5520 atque
698 5448 987 5504 inscitatio
1032 5463 1141 5501 non
1200 5446 1491 5502 inediocris
1521 5452 1638 5499 orta
1686 5454 1767 5500 est
1796 5445 2056 5500 adversus

486 5558 604 5606 eos,
635 5543 730 5613 qui
771 5556 974 5596 nomen
1008 5537 1135 5594 Jcsu
1170 5539 1385 5609 publice
1413 5536 1891 5594 commendabant.
1935 5537 2057 5589 Alio

469 5650 680 5711 rursus
724 5642 966 5704 tempore
1013 5631 1283 5697 Herodes,
1315 5633 1411 5704 qui
1452 5630 1763 5687 Judaaorum
1797 5645 1891 5686 rex
1916 5638 2055 5694 erat,

483 5723 747 5783 Iacobum
802 5725 1027 5782 fratrem
1073 5724 1300 5784 Joannis
1336 5725 1555 5801 ~occidit
1592 5724 1793 5798 gladio.
1834 5722 2055 5781 Petrum

556 5819 602 5851 ⁸⁸
634 5819 756 5876 Act.
788 5837 841 5888 γ,
866 5818 956 5875 ‘29.

2163 5180 2414 5253 βασιλεὺς
2437 5179 2645 5235 ἀνεῖλεν
2676 5181 2766 5234 τὸν
2803 5180 3054 5234 Ἰάκωϐον
3084 5181 3173 5233 τὸν
3205 5179 3431 5251 ἀδελφὸν
3480 5181 3727 5234 Ἰωάννου

2166 5268 2428 5341 μαχαίρᾳ,
2456 5268 2546 5321 τόν
2574 5285 2633 5322 τε
2663 5268 2867 5339 Πέτρον
2896 5271 2925 5323 ὁ
2954 5269 3114 5333 αὐτὸς
3140 5268 3355 5340 δεσμοῖς
3390 5268 3728 5341 περιέϐαλεν,

2162 5359 2238 5423 ὡς
2266 5361 2324 5413 ἐν
2344 5362 2465 5422 ταῖς
2490 5358 2727 5431 Πράξεσι
2768 5358 2878 5412 τῶν
2916 5359 3225 5413 ἀποστόλων
3248 5359 3577 5431 γέγραπται.
3618 5355 3731 5411 Καὶ

2162 5450 2367 5505 τούτων
2395 5448 2564 5503 ταῦτα
2596 5449 2959 5514 πεπονθότων,
2989 5452 3037 5503 oi
3071 5448 3248 5503 λοιποὶ
3287 5449 3524 5521 μαθηταὶ
3562 5443 3733 5517 ἀπρὶξ

2163 5536 2408 5608 ἐχόμενοι
2439 5536 2533 5590 τοῦ
2576 5537 2772 5610 Ἰησοῦ,
2814 5538 3117 5610 παρέμενον
3148 5537 3225 5592 ἔτι
3253 5537 3451 5609 μᾶλλον
3482 5539 3562 5602 είς
3603 5536 3731 5592 πάνι

2162 5645 2260 5692 τας
2291 5628 2450 5683 αὐτόν
2483 5647 2539 5683 τε
2569 5631 2662 5684 καὶ
2705 5629 2803 5693 τὰς
2837 5630 3293 5703 παραδοξοποιίας
3325 5628 3487 5684 αὐτοῦ
3522 5645 3729 5698 καταγ-

2163 5720 2463 5791 γέλλοντες.
2503 5722 2628 5779 Ἐπὶ
2652 5722 2863 5789 τούτοις
2909 5722 3163 5788 Ἰάκωῦος
3185 5725 3215 5777 ὁ
3244 5722 3469 5793 ἀδελφὸς
3495 5720 3586 5775 τοῦ
3624 5718 3734 5774 Κυ-
