4120 6420
1235 418 1891 478 οειιοχετιιεπολτιε
1914 414 2375 475 ΕῩΑΧΕΕῘᾸΟᾸΞ
2412 414 2544 472 LIB.
2582 414 2675 470 Ill.

3457 415 3563 473 ειο

336 536 468 613 ρίου,
504 535 564 589 δν
592 536 646 588 οί
686 534 853 589 πάλαι
883 533 953 589 τά
988 534 1333 607 Ἰεροσῦλυμα
1362 536 1638 601 οἰκοῦντες
1671 536 1894 591 ἐκάλουν

1998 551 2130 591 vero
2176 534 2233 587 in
2277 530 2495 586 vincula
2535 530 2788 598 coniecit.
2824 538 2885 583 ut
2912 529 2966 584 in
3007 516 3166 584 Actis
3193 528 3565 600 apostolorum

332 633 529 687 δίκαιον
551 626 645 684 δοὰ
676 627 745 679 τά
765 626 869 696 τῆς
892 626 1093 697 αρετῆς
1118 626 1581 697 πλεονεκτήματα,
1603 627 1899 699 ἐρωτηθεὶς

332 724 459 796 πρὸς
493 720 604 773 τῶν
647 719 950 790 ἀρχιερέων
990 719 1087 772 καὶ
1122 718 1455 772 διδασκάλων
1482 719 1577 771 τοῦ
1632 719 1899 774 Ἰουδαίων

330 815 524 877 ἔθνους,
551 812 680 863 τίνα
720 812 851 881 περὶ
886 809 981 862 τοῦ
1018 810 1255 882 Χριστοῦ
1294 810 1409 880 ἔχοι
1444 810 1626 877 δὸξαν,
1662 811 1899 865 κᾶπειτα

328 904 796 976 ἀποκρινάμενος,
830 902 913 954 δτι
952 903 1067 965 υἱὸς
1098 902 1236 955 Θεοῦ
1268 904 1374 973 εἰη,
1405 902 1573 966 λίθοις
1608 905 1705 956 καὶ
1736 904 1898 969 αὐτὸς

326 999 454 1071 πρὸς
496 997 686 1050 αὐτῶν
723 996 993 1066 βάλλεται.
1036 995 1148 1047 Καὶ
1188 995 1395 1065 Πέτρος
1434 996 1491 1048 δὲ
1536 996 1631 1048 ἐπὶ
1681 995 1898 1066 Ῥώμης

324 1090 461 1146 κατά
495 1089 748 1159 κεφαλῆς
782 1087 1125 1159 σταυροῦται,
1158 1087 1371 1150 Παῦλὸς
1404 1104 1467 1140 τε
1508 1088 1896 1158 ἀποτέμνεται,

335 1182 589 1253 Ἰωάννης
626 1199 691 1235 τε
735 1182 884 1251 νήσῳ
917 1181 1287 1252 παραδίδοται.
1327 1181 1436 1235 Καὶ
1478 1181 1684 1235 τούτων
1724 1182 1899 1236 ταῦτα

325 1274 626 1335 παθόντων,
659 1274 835 1336 οὐδεὶς
862 1272 971 1325 τῶν
993 1272 1199 1326 λοιπῶν
1222 1273 1414 1344 ἐξέστη
1442 1273 1542 1344 τῆς
1567 1273 1895 1344 προθέσεως,

321 1366 384 1419 δι’
410 1367 577 1445 εὐχῆς
602 1366 667 1419 δὲ
688 1366 958 1435 τιθέμενοι
985 1366 1079 1418 καὶ
1100 1366 1255 1418 αὐτοὶ
1278 1366 1386 1418 τῶν
1412 1367 1543 1419 ἴσων
1570 1370 1684 1430 τοῖς
1708 1383 1896 1437 προει-

324 1460 577 1529 ρημένοις
611 1460 714 1529 τῆς
757 1461 838 1522 εἰς
872 1458 935 1511 τὺ
979 1457 1135 1512 Θεῖον
1178 1458 1460 1521 εῦσεῦείας
1490 1458 1654 1511 ἕνεκα
1688 1460 1893 1527 τυχεῖν,

322 1550 398 1602 ἔτι
454 1549 662 1619 μᾶλλον
712 1549 792 1619 τῷ
845 1548 1021 1620 Ἰησοῦ
1071 1550 1167 1602 καὶ
1202 1552 1313 1612 τοῖς
1355 1548 1676 1619 παραδόξοις
1717 1549 1896 1619 ἔργοις

322 1640 479 1694 αὐτοῦ
511 1640 657 1711 μετὰ
703 1641 1013 1711 παρρησίας
1053 1639 1414 1711 ὲμρτᾶρουν.
1453 1639 1563 1691 Καὶ
1593 1639 1701 1711 μὴν
1736 1639 1896 1711 εἶαρ

323 1734 604 1804 ψεύσματα
656 1729 728 1805 ἦν
777 1733 921 1788 κατὰ
976 1733 1248 1803 συνθήκην
1287 1732 1469 1794 αὐτοῖς
1513 1731 1892 1802 πεπλασμένα,

326 1825 622 1897 θαυμάζειν
656 1827 828 1893 ἀξιον,
857 1828 1006 1890 ὅπως
1038 1825 1261 1879 τοσοῦτο
1292 1825 1495 1894 πλῆθος
1533 1826 1634 1895 τὴν
1674 1842 1895 1895 συμᾳω-

322 1918 434 1973 νίαν
462 1920 559 1973 ἐπὶ
599 1922 717 1983 τοῖς
754 1919 1035 1990 πλάσμασι
1063 1921 1158 1974 καὶ
1197 1920 1359 1990 μέχρι
1389 1918 1617 1970 θανάτου
1644 1918 1896 1987 διεφύλα-

324 2007 426 2075 ξεν,
466 2010 653 2074 οὐδείς
700 2028 762 2063 τε
807 2010 985 2063 αὐτῶν
1046 2010 1265 2066 πώποτε
1324 2010 1395 2064 τά
1448 2010 1731 2079 συμῦάντα
1784 2014 1896 2072 τοῖς

325 2097 798 2171 προανῃρημένης
870 2099 1106 2170 τρέπεν
1180 2100 1374 2171 ἐξέστη
1444 2100 1545 2169 τῆς
1618 2100 1893 2171 ἑταίρω.

322 2189 422 2243 οὐδ’
465 2189 810 2260 ἁντεκήρυξε
858 2193 970 2253 τοῖς
1016 2191 1220 2253 ἄλλοις,
1275 2191 1356 2253 είς
1397 2191 1514 2260 φῶς
1564 2191 1785 2260 ἀγαγὼν
1827 2191 1895 2245 τά

323 2280 732 2350 συντεθειμένα.
804 2280 964 2333 Ἀλλά
1004 2282 1099 2333 καὶ⁵
1140 2283 1170 2334 ὁ
1217 2278 1395 2344 ζῶντα
1444 2281 1733 2353 προδοῦναι
1775 2283 1895 2335 τολ-

323 2360 727 2441 μήπςθαὺτὸν,
754 2370 1069 2441 αὐτοχειρία
1128 2370 1251 2424 καθ’
1306 2371 1499 2425 ἑαυτοῦ
1557 2373 1897 2443 παραχρῆμα

320 2461 411 2530 την
435 2462 597 2533 δίκην
642 2461 1013 2516 ἐπεσπάσατο.
1061 2462 1298 2515 Κάκεῖνο
1340 2461 1398 2514 δὲ
1441 2461 1559 2525 πῶς
1592 2463 1652 2515 οὐ
1699 2462 1896 2533 μεστὸν

322 2551 657 2622 ἐκπλήξεως,
699 2552 761 2604 τὺ
800 2552 1031 2614 πλάνους
1072 2551 1271 2623 ἄνδρας
1310 2552 1406 2605 καὶ
1463 2551 1698 2615 ἰδιώτας,
1756 2553 1895 2622 μήτε

321 2641 514 2709 λαλεῖν,
552 2644 698 2714 μήτε
762 2642 980 2696 ἀκούειν
1036 2643 1195 2696 πλέον
1267 2644 1367 2714 τῆς
1427 2645 1658 2716 πατρίου
1712 2644 1896 2715 φωνῆς

322 2734 731 2804 επιπαμένους.
806 2735 883 2805 μὴ
959 2735 1118 2805 μόνον
1191 2734 1539 2806 διανοηθῆναι
1627 2736 1895 2807 τολμῆσαι

325 2825 605 2896 προελθεῖν
660 2827 752 2880 ἐπὶ
794 2826 892 2897 τὴν
940 2825 1051 2879 τῶν
1098 2826 1267 2880 ἐθνῶν
1320 2827 1574 2881 ἁπάντων
1626 2827 1893 2898 περίοδον,

324 2910 450 2966 ἀλλὰ
536 2916 637 2967 καὶ
705 2914 1065 2986 προελθόντας
1146 2916 1488 2988 κατορθῶσαι
1572 2917 1636 2970 τὸ
1709 2918 1896 2988 ἐπιτή-

322 3002 487 3073 δευμα
513 3021 529 3069 ;
561 3004 769 3074 Σκένᾷαι
800 3004 857 3058 δὲ
896 3006 1079 3058 ὁποῖόν
1106 3006 1224 3058 ἐστι
1253 3007 1347 3060 καὶ
1386 3007 1446 3059 1b
1491 3007 1694 3078 μηδένα
1726 3006 1897 3077 μηδα-

329 3092 426 3163 μοῦ
449 3094 723 3164 διάφωνον
755 3096 1058 3164 ἐξενεγκεῖν
1092 3097 1218 3169 περὶ
1248 3097 1355 3151 τῶν
1380 3098 1632 3170 πράξεων
1656 3097 1749 3150 τοῦ
1785 3099 1891 3169 ’1η-

2000 629 2264 698 scriptum
2292 633 2379 680 est
2414 624 2483 679 ".
2521 622 2587 675 Et
2615 637 2740 676 cum
2770 622 2826 675 bi
2863 623 2995 675 talia
3020 622 3396 692 pertulissent,
3436 624 3567 677 reli-

1997 722 2093 791 qui
2122 718 2379 788 discipuli
2411 714 2857 771 constantissime
2890 712 3023 768 Jesu
3064 729 3166 769 suo
3196 714 3565 778 adbmntes.

1996 812 2157 881 longe
2180 809 2345 865 etiam
2367 806 2541 877 magis
2562 820 2729 875 quam
2758 814 2888 858 ante
2912 813 3329 874 perseverarunt
3356 805 3413 859 in
3441 820 3568 875 pro-

1997 902 2199 974 posito,
2232 900 2380 971 apud
2417 898 2706 953 universos
2733 896 2936 967 ubique
2963 905 3019 951 et
3042 897 3195 951 illum
3217 906 3275 957 et
3300 898 3568 953 miracula

1997 995 2145 1050 illius
2192 993 2574 1065 pradicantes.
2626 988 2824 1046 Postea
2870 989 3109 1046 Iacobus
3150 989 3319 1046 frater
3351 990 3567 1046 Domini

1996 1086 2093 1155 qui
2115 1084 2184 1138 ab
2205 1085 2273 1139 iis
2298 1083 2394 1154 qui
2422 1084 2554 1137 olim
2584 1080 2965 1154 Hierosolyma
2991 1081 3322 1144 incolebant,
3351 1083 3424 1136 ob
3448 1081 3558 1135 vir-

1996 1175 2131 1229 tutis
2150 1174 2527 1229 excellentiam
2539 1170 2731 1227 Justus
2750 1172 3072 1237 vocabatur,
3088 1184 3121 1225 a
3142 1172 3492 1242 pontiﬁcibus
3508 1178 3568 1228 et

1993 1264 2235 1320 Iudaicae
2264 1264 2443 1335 gentis
2467 1264 2745 1336 magistris
2782 1264 3175 1335 interrogatus,
3200 1264 3464 1334 quidnam
3496 1264 3567 1319 de

1993 1355 2125 1413 Jesu
2155 1358 2403 1419 sentiret,
2444 1372 2569 1411 cum
2597 1356 2756 1427 plane
2779 1355 2932 1409 illum
2972 1371 3097 1411 esse
3129 1354 3327 1409 Filium
3353 1354 3453 1410 Dei
3478 1372 3569 1411 reo

1996 1449 2331 1521 spondisset,
2374 1449 2490 1518 ipse
2516 1463 2736 1519 quoque
2776 1446 3056 1517 lapidibus
3099 1447 3171 1502 ab
3220 1447 3330 1501 illis
3366 1449 3570 1517 petitur

1996 1553 2161 1615 atque
2192 1540 2534 1597 interﬁcitur.
2579 1539 2773 1595 Petrus
2818 1549 3001 1594 autem
3048 1537 3233 1594 Roma:
3282 1540 3463 1610 capite
3508 1540 3570 1595 in

1994 1647 2195 1694 terram
2234 1651 2395 1691 verso
2429 1633 2580 1688 cruci
2609 1632 2864 1703 alligitur.
2896 1631 3069 1687 Paulo
3106 1647 3237 1687 vero
3267 1640 3433 1704 caput
3468 1633 3570 1688 ab-

1995 1729 2287 1791 scinditur,
2325 1736 2379 1782 et
2407 1725 2648 1781 Joannes
2687 1725 2741 1778 in
2781 1724 3017 1779 insulam
3050 1724 3345 1794 relegatur.
3391 1723 3570 1794 Hique

1996 1835 2120 1875 cum
2146 1820 2277 1873 talia
2302 1819 2449 1889 passi
2482 1825 2687 1881 essent,
2717 1815 2901 1870 nullus
2929 1816 3266 1886 reliquorum
3300 1816 3370 1870 ab
3394 1816 3570 1871 inco-

1994 1921 2090 1981 pto
2117 1910 2347 1967 destitit.
2378 1908 2523 1976 Quin
2571 1910 2736 1965 etiam
2765 1908 2907 1962 votis
2936 1908 3313 1978 unusquisque
3342 1915 3567 1978 expete-

1995 2002 2109 2069 bat,
2144 2002 2363 2071 pietatis
2425 2000 2706 2071 divinique
2742 1999 2926 2053 cultus
2972 1999 3169 2070 gratia,
3201 1997 3305 2052 sibi
3348 2012 3568 2067 quoque

1994 2093 2201 2163 aliquid
2235 2093 2341 2148 tale
2361 2093 2696 2163 contingere.
2714 2089 2835 2157 Quo
2855 2090 3019 2144 etiam
3041 2091 3388 2145 constantius
3401 2098 3567 2160 atque

1995 2186 2277 2240 ardentius
2324 2192 2379 2240 et
2427 2185 2531 2253 ipsi
2560 2183 2713 2249 Jesu,
2747 2192 2804 2237 et
2853 2180 3271 2237 admirabilibus
3318 2180 3567 2251 ejusdem

1995 2277 2163 2347 gestis
2206 2276 2581 2331 testimonium
2627 2275 2944 2329 alierebant.
2999 2272 3156 2339 Quod
3191 2275 3239 2328 si
3283 2272 3570 2328 mendacia

1995 2369 2111 2423 haec
2141 2378 2299 2424 erant
2336 2384 2457 2438 qua:
2502 2368 2580 2421 illi
2607 2383 2674 2422 ex
2709 2366 3013 2435 composito
3046 2364 3350 2427 ﬁnxissent,
3385 2379 3567 2434 opera

1994 2462 2228 2532 pretium
2260 2461 2366 2516 erit
2393 2459 2675 2523 admirari,
2701 2472 2941 2528 quonam
2970 2463 3132 2527 pacto
3162 2464 3347 2510 tantus
3376 2470 3570 2511 nume-

1994 2569 2114 2617 rus,
2147 2567 2478 2608 consensum
2506 2551 2658 2605 illum
2695 2550 2839 2605 inter
2863 2564 2924 2605 se
2968 2549 3025 2602 in
3067 2548 3235 2602 rebus
3272 2547 3432 2615 ﬁctis,
3483 2547 3570 2603 vel

1997 2661 2171 2716 usque
2195 2644 2265 2699 ad
2303 2655 2529 2700 mortem
2565 2642 2885 2707 servaverit,
2926 2656 3104 2711 neque
3127 2640 3272 2696 ullus
3298 2655 3564 2710 unquam,

1994 2752 2181 2791 earum
2209 2751 2391 2792 rerum
2419 2733 2710 2789 formidine
2734 2747 2858 2803 quae
2886 2731 3016 2793 illis,
3063 2730 3157 2800 qui
3186 2731 3340 2802 prius
3363 2729 3567 2786 sublati

1994 2837 2151 2883 erant
2176 2827 2526 2890 accidissent,
2555 2841 2586 2879 a
2618 2826 2881 2880 societate
2922 2823 3234 2891 desciverit,
3275 2840 3451 2895 neque
3479 2839 3569 2879 re-

1994 2921 2161 2992 liquis
2193 2921 2410 2991 publice
2433 2919 2849 2984 contradixerit,
2881 2920 3119 2991 prodens
3161 2933 3228 2974 ea
3255 2933 3377 2989 qua:
3424 2918 3570 2973 inter

1994 3013 2148 3084 ipsos
2171 3013 2629 3083 composuissent.
2655 3013 2796 3078 Quin
2813 3020 2868 3067 et
2885 3026 3027 3066 unus
3042 3025 3255 3073 eorum,
3274 3010 3365 3080 qui
3382 3010 3566 3063 vivum

1999 3112 2386 3175 praeceptorem
2430 3102 2660 3173 prodere
2690 3118 2859 3157 ausus
2888 3109 2994 3164 est,
3030 3101 3178 3155 illico
3204 3115 3425 3154 manum
3461 3099 3568 3153 sibi

326 3179 415 3233 σοῦ
437 3181 618 3250 λόγον.
642 3183 705 3236 Εἰ
737 3183 849 3255 γάρ
882 3185 975 3236 ἐπὶ
1004 3185 1219 3238 πάντων
1244 3187 1728 3259 ἀμφιγνοουμένων
1756 3205 1889 3259 πρα-

1993 3197 2094 3270 ipsi
2124 3199 2474 3253 consciscens
2495 3236 2511 3260 ,
2557 3194 2802 3251 debitum
2826 3195 3155 3267 supplicium
3177 3193 3403 3249 invenit.
3427 3190 3567 3246 illud

324 3274 570 3344 γμάτων,
603 3275 663 3328 ἐν
692 3293 752 3329 τε
785 3280 897 3340 τοῖς
925 3278 1067 3330 κατά
1092 3278 1291 3349 νόμους
1320 3280 1688 3354 δικαστηρίοις
1719 3285 1812 3336 καὶ
1836 3286 1895 3338 ὲν

325 3368 439 3430 ταῖς
473 3372 685 3433 κοιναῖς
714 3369 1179 3441 ἀμφισϐητήσεσι,
1200 3372 1308 3425 τῶν
1342 3373 1635 3445 μαρτύρων
1671 3393 1897 3447 συμφωο

326 3458 408 3510 νία
447 3463 611 3530 κυροῖ
638 3460 699 3513 τὸ
738 3462 1208 3533 ἁμφιγνοοῦμενον
1276 3466 1390 3535 (ἐπὶ
1436 3467 1699 3538 στόματος
1725 3469 1770 3522 δ’
1801 3466 1895 3524 οῦν

325 3548 411 3602 δῦο
436 3551 533 3602 καὶ
554 3551 717 3621 τριῶν
747 3554 1039 3626 μαρτύρων
1064 3557 1372 3611 συνίσταται
1403 3560 1511 3611 πᾶν
1544 3560 1696 3631 ῥῆμα
1714 3561 1752 3629 ),
1777 3561 1894 3626 πῶς

327 3642 420 3694 οὐκ
461 3642 597 3714 ἃ.νή
640 3644 868 3714 ἀλήθεια
912 3648 1004 3700 καὶ
1049 3650 1143 3701 ἐπὶ
1187 3649 1352 3702 τῶνδε
1398 3653 1647 3723 συσταίη,
1688 3652 1894 3707 δώδεκα

331 3731 422 3800 μὲν
472 3734 647 3786 ὄντων
703 3737 1033 3803 ἀποστόλων,
1082 3739 1448 3811 ἑϐδομήκοντα
1491 3742 1550 3795 δὲ
1612 3743 1890 3814 μαθητῶν,

331 3829 521 3898 μυρίου
547 3846 605 3881 τε
634 3829 871 3900 πλήθους
892 3832 1099 3885 τούτων
1122 3833 1298 3897 ἐκτὸς,
1327 3835 1543 3888 πάντων
1576 3836 1894 3909 θαυμαστὴν

329 3920 640 3991 συμσωνίαν
685 3922 1155 3996 ἐπιδεδειγμένὼν,
1198 3928 1292 3980 καὶ
1332 3930 1800 4001 μαρτυρησάντων
1829 3948 1893 3999 γε

325 4013 431 4073 τοῖς
479 4012 589 4065 ὑπὸ
632 4013 725 4066 τοῦ
773 4013 945 4083 Ἰησοῦ
993 4016 1421 4088 πεπραγμένοις,
1470 4020 1572 4072 οῦκ
1618 4020 1891 4091 ἀνιδρωτὶ,

325 4099 409 4153 διά
443 4101 505 4155 δὲ
531 4103 777 4173 βασάνων
804 4104 1103 4175 ὑπομονῆς,
1135 4108 1229 4159 καὶ
1256 4107 1436 4179 πάσης
1463 4110 1647 4173 αἰκίας
1676 4112 1769 4163 καὶ
1800 4110 1896 4164 θα-

328 4196 505 4253 νάτου.
533 4197 626 4249 καὶ
653 4197 744 4250 ἐπὶ
781 4199 945 4250 πᾶσιν
970 4200 1075 4252 ὑπὸ
1101 4199 1194 4253 τοῦ
1227 4200 1361 4254 Θεοῦ
1404 4202 1891 4273 μαρτυρηθέντωεη

332 4289 420 4352 ’ος
449 4289 545 4341 τὸν
578 4289 669 4342 ὑπ’
697 4289 859 4341 αὐτοῦ
895 4291 1334 4360 καταηελθέντα
1356 4293 1509 4361 λόγον
1542 4294 1622 4357 ἔτι
1651 4296 1745 4347 καὶ
1770 4294 1888 4361 νῦν,

329 4381 415 4433 καὶ
446 4384 529 4445 εἰς
553 4382 671 4435 ὅλον
698 4384 789 4436 τὸν
827 4384 996 4437 αίῶνα
1025 4385 1302 4455 κρατύνει.
1334 4386 1519 4439 Ταῦτα
1547 4388 1647 4457 μὲν
1676 4384 1771 4441 οῦν
1795 4390 1893 4460 ἀρ-

329 4472 421 4542 χῆς
447 4474 647 4528 ἀτόπου
679 4474 820 4528 κατὰ
867 4474 1211 4546 συγχώρησιν
1234 4476 1477 4547 δοθείσης
1505 4477 1887 4548 γεγυμνάσθω.

330 4560 397 4617 Τὸ
423 4565 533 4637 γὰρ
561 4569 674 4629 τοῖς
696 4568 991 4636 ἐγγράφοις
1014 4567 1270 4635 τάναντία
1312 4569 1618 4633 ὑπολαϐεῖν,
1652 4572 1748 4624 καὶ
1783 4572 1889 4639 φά-

328 4674 411 4710 ναι
443 4659 539 4713 τὸν
582 4659 786 4730 Ἰησοῦν
818 4660 1135 4715 διδάσκαλον
1170 4663 1451 4731 γεγονέναι
1488 4665 1563 4737 μὴ
1596 4667 1889 4737 σωφρόνων

330 4747 513 4817 λόγων,
543 4752 756 4816 ἀδικίας
785 4752 841 4804 δὲ
885 4754 976 4821 κα)⁸
1004 4754 1314 4821 πλεονεξίας
1347 4756 1440 4808 καὶ
1484 4758 1663 4827 πάσης
1694 4758 1892 4811 ἀκολα-

332 4837 464 4903 σίας,
493 4842 619 4904 τούς
649 4841 976 4914 τεξμαθητάς
1008 4843 1176 4914 αὐτῷ,
1200 4844 1425 4899 τοιαῦτα
1448 4845 1889 4916 δεδιδαγμένους,

332 4934 692 5005 παντορὰτας
733 4937 1033 5009 γεγονέναι,
1060 4936 1155 4990 καὶ
1193 4939 1583 5010 παμπονήρους
1621 4939 1731 4992 τῶν
1776 4939 1892 4993 πώ-

334 5037 453 5075 ποτε
498 5023 821 5095 ἀνθρώπων,
867 5027 988 5080 καθ’
1031 5027 1285 5081 ὑπόθεσιν
1318 5029 1448 5099 ἡμῖν
1495 5033 1887 5101 συνεχωρεῖτο·

330 5112 459 5185 ὅπερ
478 5110 547 5186 ἦν
587 5116 786 5171 παντὸς
814 5118 1159 5172 ἀτοπώτατον
1192 5120 1376 5190 ὅμοιον
1408 5119 1485 5183 ὡς
1526 5121 1576 5173 εἰ
1607 5122 1719 5185 καὶ,
1775 5120 1893 5174 Μω-

331 5203 461 5268 σέως
500 5206 560 5258 ὲν
588 5209 701 5269 τοῖς
727 5208 910 5278 νόμοις
941 5209 1209 5279 λέγοντος,
1248 5211 1323 5263 Οὐ
1358 5210 1654 5280 φονεύσεις,
1672 5214 1741 5266 οὔ
1775 5232 1893 5284 μοι-

329 5297 558 5368 χεύσεις,
591 5300 654 5352 οὐ
685 5300 926 5370 κλέψεις,
960 5304 1021 5355 οὐ
1050 5303 1604 5375 ψευδομαρτυρήσεις,
1627 5321 1892 5375 συκοφαν-

328 5388 428 5440 τῶν
460 5390 620 5443 αὐτὸν
666 5390 904 5444 διέϐαλλέ
935 5411 1039 5458 τις,
1074 5393 1248 5463 λέγων
1290 5395 1543 5466 εἰρωνεία
1580 5395 1754 5451 ταῦτα
1788 5397 1891 5465 φά-

328 5495 411 5532 ναι
442 5482 535 5534 καὶ
568 5484 950 5555 προσποιήσει.
994 5485 1286 5539 Βούλεσθαι
1331 5487 1431 5558 μὲν
1460 5486 1570 5558 γὰρ
1600 5489 1725 5551 τοὺς
1758 5490 1892 5560 ὑπη-

328 5570 500 5636 κᾶους,
551 5573 647 5628 καὶ
691 5575 955 5645 φονεύειν,
1009 5580 1101 5632 καὶ
1151 5578 1444 5651 μοιχεύειν,
1497 5578 1590 5631 καὶ
1635 5580 1895 5634 τάναντία

332 5664 583 5733 πράττειν
614 5661 696 5730 οἷς
727 5669 1024 5739 νομοθετεῖ,
1067 5670 1482 5741 προσποιεῖσθαι
1523 5669 1580 5722 δὲ
1629 5672 1895 5741 σχηματί-

332 5754 533 5821 ζεσθαι,
564 5760 658 5813 καὶ
687 5761 1176 5833 καθυποκρίνεσθαι
1200 5766 1290 5818 τδν
1326 5763 1518 5835 σεμνὸν
1548 5762 1678 5834 βίον.
1712 5764 1898 5836 Ταύτῃ

399 5870 442 5901 ⁸⁷
478 5871 596 5928 Act.
633 5888 731 5937 xu,
760 5873 881 5930 2-4.

2000 3289 2157 3359 117
2186 3304 2350 3360 porro
2370 3288 2466 3359 qui
2498 3286 2616 3342 ﬁeri
2642 3294 2843 3358 potest,
2875 3298 2933 3342 ut
2974 3301 3083 3341 non
3114 3299 3330 3340 omnem
3369 3283 3570 3339 habeat

1995 3389 2306 3452 stuporem,
2348 3380 2597 3434 homines
2637 3376 2958 3433 seductores
3010 3386 3172 3446 atque
3225 3376 3566 3434 illitteratos.

1992 3471 2088 3541 qui
2120 3484 2298 3540 neque
2341 3468 2492 3539 loqui
2538 3481 2717 3536 neque
2756 3463 2948 3519 audire
3006 3462 3337 3534 quidquam,
3369 3469 3570 3531 praeter

1995 3578 2160 3616 unam
2190 3560 2422 3633 patriam
2464 3560 2702 3629 linguam
2730 3555 3171 3619 consuevissent,
3220 3568 3332 3608 non
3385 3553 3565 3608 solum

1993 3655 2333 3723 excogitasse
2379 3651 2662 3707 audaciam
2714 3648 3037 3721 peragrandi
3083 3647 3271 3702 orbem
3318 3645 3563 3699 omnium

1993 3746 2298 3809 nationum,
2330 3744 2424 3800 sed
2450 3758 2578 3798 cum
2610 3740 3021 3812 peragraverint
3040 3777 3059 3804 ,
3091 3736 3389 3809 perfecisse
3418 3735 3565 3804 quod

1993 3837 2408 3911 cogitaverant?
2445 3835 2830 3907 Contemplare
2884 3840 3147 3904 prmterea
3205 3834 3471 3900 quantum
3510 3833 3570 3883 et

1993 3927 2302 3999 cuiusmodi
2332 3929 2424 3989 sit,
2455 3925 2580 3979 illos
2617 3923 2686 3978 de
2726 3924 2893 3978 rebus
2925 3920 3095 3992 gestis
3129 3917 3258 3975 Iesu
3280 3957 3296 3983 ,
3352 3917 3567 3973 nullum

1993 4036 2224 4091 usquam
2252 4019 2570 4088 discrepans
2607 4016 2832 4070 verbum
2874 4013 3189 4085 protulisse.
3231 4009 3289 4065 Si
3318 4011 3465 4066 enim
3508 4011 3568 4066 in

1993 4113 2248 4169 omnibus
2279 4111 2445 4165 rebus
2472 4108 2540 4163 de
2566 4107 2765 4177 quibus
2803 4104 3119 4175 ambigitur,
3143 4113 3308 4175 atque
3340 4104 3395 4159 in
3415 4103 3569 4174 judi-

1992 4208 2096 4262 ciis
2149 4220 2270 4275 quae
2310 4219 2377 4258 ex
2414 4202 2625 4272 legibus
2653 4207 3016 4265 exercentur,
3073 4198 3568 4268 communibusque

1992 4294 2401 4356 controversiis,
2431 4305 2733 4347 consensus
2773 4289 2990 4343 testium
3024 4293 3235 4341 certum
3277 4294 3567 4356 ratumque

1993 4388 2046 4443 id
2064 4386 2226 4444 ellicit
2254 4385 2322 4441 de
2352 4384 2461 4455 quo
2492 4383 2785 4452 ambigitur
2812 4382 2891 4450 (in
2923 4395 3020 4436 ore
3053 4378 3199 4434 enim
3221 4379 3454 4435 duorum
3477 4379 3565 4432 vel

1991 4481 2158 4535 trium
2190 4478 2411 4533 testium
2442 4475 2698 4529 consistit
2738 4488 2901 4528 omne
2924 4473 3212 4542 verbum),
3252 4488 3353 4528 cur
3379 4472 3437 4526 in
3476 4472 3565 4526 bis

1922 4548 1967 4604 D
1994 4584 2211 4642 quoque
2257 4568 2459 4624 veritas
2516 4580 2627 4623 non
2681 4564 2981 4620 consistat?
3025 4580 3150 4619 cum
3178 4571 3233 4618 et
3276 4562 3565 4617 duodecim

1998 4660 2228 4733 apostoli
2260 4659 2478 4725 fuerint,
2506 4665 2560 4713 et
2593 4656 2934 4727 septuaginta
2964 4654 3249 4724 discipuli.
3301 4661 3358 4709 et
3401 4652 3567 4707 innu-

1996 4752 2277 4807 merabilis
2311 4758 2465 4806 extra
2498 4750 2643 4804 hunc
2675 4762 2963 4804 numerum
2992 4745 3314 4809 multitudo,
3342 4745 3437 4817 qui
3468 4744 3567 4798 ad-

1995 4843 2299 4899 mirabilem
2332 4843 2389 4896 in
2426 4841 2682 4897 omnibus
2726 4854 3056 4894 consensum
3107 4839 3476 4901 servaverint,
3509 4843 3567 4891 et

1998 4929 2067 4983 de
2089 4929 2248 4985 rebus
2261 4931 2332 4985 ab
2357 4929 2489 4985 Jesu
2502 4931 2672 5000 gestis
2692 4931 3061 4987 testimonium
3109 4929 3393 4994 dederint,
3451 4944 3566 4986 non

1996 5022 2127 5076 illud
2180 5022 2399 5093 quidem
2437 5023 2557 5078 sine
2594 5022 2812 5085 sudore,
2859 5022 2953 5077 sed
2998 5036 3122 5076 cum
3165 5029 3563 5077 tormentorum

1996 5114 2282 5185 omnisque
2316 5116 2529 5183 injuria:
2565 5129 2631 5169 ac
2663 5114 2898 5184 denique
2932 5114 3126 5170 mortis
3177 5103 3571 5186 perpessione:

1995 5214 2050 5261 et
2072 5222 2212 5278 quos
2241 5217 2514 5276 postremo
2541 5208 2705 5261 etiam
2734 5204 2875 5260 Deus
2907 5206 3150 5262 vicissim
3181 5221 3282 5260 suo
3311 5205 3564 5261 testimo-

1995 5304 2089 5360 nio
2114 5303 2568 5375 comprobaverit,
2601 5302 2694 5374 qui
2724 5302 2948 5358 verbum
2978 5302 3124 5374 quod
3148 5303 3216 5357 ab
3245 5302 3353 5356 illis
3378 5301 3567 5370 prodi.

1996 5403 2109 5449 tum
2156 5395 2541 5464 vulgatumque
2568 5401 2682 5454 est.
2730 5392 2797 5446 ad
2830 5392 2975 5447 hunc
3016 5407 3190 5461 usque
3215 5392 3381 5456 diem,
3415 5399 3469 5447 et
3505 5392 3563 5446 in

1993 5502 2155 5543 omne
2196 5500 2369 5540 aevum
2402 5485 2681 5539 continuat
2721 5493 2884 5554 atque
2910 5491 3193 5555 propagat.
3241 5482 3365 5537 Haec
3396 5482 3565 5553 igitur

2000 5582 2137 5635 satis
2178 5594 2246 5633 ex
2273 5576 2626 5633 concessione
2658 5584 2767 5633 tam
2798 5577 3019 5631 absurdi
3062 5577 3353 5647 principii,
3401 5574 3566 5630 nobis

2000 5671 2255 5726 meditata
2286 5670 2412 5725 sint.
2445 5668 2729 5723 Contraria
2756 5669 2900 5722 enim
2934 5667 3002 5723 iis
3033 5683 3154 5738 qum
3201 5665 3404 5736 scripta
3432 5672 3561 5720 sunt

1997 5762 2231 5835 opinari,
2259 5771 2311 5819 et
2346 5759 2532 5819 Jesum
2561 5760 2742 5818 dicere
2768 5775 2878 5817 non
2909 5758 3210 5817 honestatis
3237 5763 3330 5814 aut
3359 5755 3567 5815 sobria-
