4120 6420
504 415 572 471 21
582 416 607 470 ιι

1182 416 1457 474 EUSEBll
1491 417 1971 478 Cz’ESARIENSlS
2009 422 2065 479 Ο]

2204 422 2384 479 PARS
2423 423 2489 479 11.
2517 455 2589 464 -
2613 422 3113 481 ᾹΡΟιαὶΕΤΙΟΑ.

3651 424 3764 483 213

498 534 627 589 tatis
660 542 1046 604 praeceptorem
1080 534 1281 601 fuisse,
1319 537 1417 593 sed
1446 539 1732 609 iniustitiae
1780 548 1835 596 et
1887 558 2065 614 super.

2184 544 2293 616 γὰρ
2325 545 2421 598 καὶ
2451 544 2551 608 τὰς
2585 545 2694 598 τῶν
2720 546 2852 617 παρ’
2883 544 3106 615 Ἕλλησι
3140 541 3444 611 φιλοσόφων
3477 542 3763 613 ὑποθήκας

494 625 600 680 bim
633 626 923 696 omnisque
952 627 1407 699 intemperantia,
1432 638 1488 687 et
1513 631 1661 689 illius
1689 633 1989 704 discipulos
2007 637 2077 691 ab

493 717 588 770 illo
621 718 750 772 talia
782 718 1006 776 edoctos
1027 759 1043 784 ,
1072 722 1221 775 omni
1260 722 1559 792 cupiditate
1606 739 1670 780 ac
1721 726 1927 783 scelere
1956 743 2077 782 om-

493 824 594 864 nes
623 811 719 881 qui
752 826 994 882 unquam
1043 812 1247 868 fuerint
1291 814 1541 872 homines
1574 832 1867 887 superasse
1888 860 1904 883 .
1948 834 2072 875 cum

492 902 737 957 omnium
769 920 891 977 quae
924 903 1161 960 absurda
1191 916 1341 971 sunt,
1371 909 1830 966 absurdissimum
1858 913 1948 976 sit,
1975 928 2076 968 nos

492 997 628 1051 illud
663 1006 844 1053 tamen
868 998 1187 1069 disputandi
1219 1002 1397 1073 gratia
1432 1003 1659 1058 concedi
1700 1019 1864 1073 posse
1891 1005 2077 1060 existi-

491 1088 782 1143 mavimus.
817 1089 974 1155 Quod
1018 1091 1239 1160 quidem
1264 1099 1349 1147 est
1375 1091 1573 1157 simile,
1599 1102 1661 1148 ut
1691 1095 1737 1149 si
1770 1095 1915 1165 quis,
1946 1108 2071 1149 eum

491 1178 671 1234 Moses
696 1181 756 1234 in
786 1183 903 1236 suis
959 1184 1167 1255 legibus
1199 1184 1349 1239 dicat
1378 1204 1393 1239 :
1443 1204 1463 1237 ι
1504 1185 1622 1242 Νοη
1653 1188 1872 1244 occides
1897 1229 1912 1252 ,
1961 1203 2073 1242 non

490 1273 881 1335 mmchaberis,
915 1290 1025 1330 non
1082 1276 1390 1341 furaberis,
1428 1293 1537 1332 non
1585 1278 1785 1333 falsum
1832 1279 2075 1335 testimo-

490 1363 642 1418 nium
672 1365 825 1421 dices
857 1366 941 1421 “z
987 1388 1006 1419 ι
1050 1371 1164 1424 hmc
1206 1371 1261 1425 in
1297 1371 1534 1441 priorem
1580 1387 1803 1427 sensum
1852 1373 2071 1429 trahens

488 1465 545 1511 et
577 1458 943 1527 calumnians,
972 1462 1142 1525 dicat,
1174 1464 1327 1519 illum
1360 1480 1486 1520 cum
1517 1466 1771 1521 irrisione
1800 1481 1863 1521 ac
1903 1466 2074 1521 simu-

487 1548 697 1607 latione
749 1552 857 1609 alia
895 1558 1242 1627 praecepisse.
1271 1556 1418 1614 Velle
1439 1561 1584 1615 enim
1614 1575 1711 1615 eos
1731 1560 1931 1630 quibus
1966 1561 2073 1614 im-

485 1654 663 1715 peret,
690 1653 743 1701 et
772 1649 1025 1706 occidere
1052 1660 1107 1706 et
1134 1653 1422 1719 mmchari,
1455 1662 1509 1709 et
1540 1654 1610 1708 iis
1638 1654 1821 1708 omnia
1849 1660 2074 1708 contra-

488 1735 572 1789 ria
598 1735 778 1794 facere
808 1755 930 1809 quae
953 1741 1069 1811 ipse
1100 1741 1153 1795 in
1182 1742 1393 1813 legibus
1424 1745 1691 1814 posuerit,
1724 1743 1817 1799 sed
1850 1744 2073 1798 interim

488 1827 694 1900 ﬁngere
725 1831 972 1887 habitum
1016 1849 1076 1889 se
1106 1844 1161 1890 et
1190 1849 1479 1905 personam
1514 1837 1639 1891 vita:
1677 1838 1944 1908 gravioris
1986 1839 2073 1892 in-

2186 637 2461 692 διαϐάλλοι
2490 638 2555 691 ἄν
2586 654 2689 702 τις,
2717 639 2806 692 τόν
2827 654 2887 690 τε
2919 635 3244 708 καρτερικὸν
3279 635 3392 705 βίον
3420 636 3514 688 καὶ⁵
3538 636 3663 698 τοὺς
3686 634 3769 688 λό-

2187 746 2318 800 γους
2344 729 2523 783 αὐτῶν
2554 728 2790 793 πάντων,
2819 728 3042 799 φάσκων
3074 726 3332 788 ὲναντίως
3365 725 3464 795 μὲν
3489 728 3600 787 τοῖς
3625 724 3761 778 ἀνα-

2184 819 2590 890 γεγραμμένοις
2623 818 2985 873 διατεθεῖσθαι
3022 817 3219 879 αὐτοὺς
3265 816 3361 868 καὶ
3395 813 3764 868 ἀναϐεϐιωκέ-

2182 926 2295 972 ναι,
2328 910 2795 981 προσπεποιῆσθαι
2823 909 2880 963 δὲ
2918 908 3038 962 καθ’
3072 907 3377 979 ὑπόκρισιν,
3411 906 3503 959 τὸν
3546 904 3765 973 φιλόσο-

2184 1019 2282 1072 φον
2319 1002 2595 1073 μετελθεῖν
2629 1002 2762 1073 βίον.
2796 1001 2983 1065 Οὕτως
3012 1000 3069 1054 δέ
3110 1016 3193 1065 τις
3226 1001 3319 1054 καὶ
3347 1000 3526 1062 πάσας
3573 995 3766 1060 ἁπλῶς

2184 1098 2356 1149 εἰπεῖν
2384 1095 2483 1159 τάς
2511 1094 2619 1148 τῶν
2656 1094 2903 1148 παλαιῶν
2940 1093 3212 1147 διαϐάλλοι
3246 1093 3311 1147 ἂν
3344 1091 3605 1163 ἱστορίας,
3636 1088 3765 1144 ἀθε-

2182 1189 2291 1243 τῶν
2318 1190 2417 1260 τὴν
2458 1191 2517 1243 ἐν
2555 1190 2745 1253 αὑταῖς
2788 1187 3067 1259 ἀλήθειαν,
3103 1186 3197 1239 καὶ
3240 1187 3319 1247 είς
3356 1182 3666 1237 τούναντίον
3692 1179 3765 1234 τὰ

2181 1281 2488 1353 δηλούμενα
2511 1280 2972 1353 παραδεχόμενος.
3015 1278 3151 1331 Ἀλλ’
3178 1277 3255 1341 ὡς
3281 1277 3382 1330 οὑκ
3407 1275 3471 1330 άν
3491 1292 3575 1337 τις
3602 1274 3764 1344 ὀκνήο

2183 1391 2295 1428 σειε
2321 1375 2431 1428 τῶν
2468 1369 2526 1428 εὖ
2554 1372 2894 1445 φρονούντων
2928 1370 3212 1443 μαίνεσθαι
3236 1369 3328 1421 τὸν
3355 1368 3593 1421 τοιοῦτον
3626 1368 3763 1420 ἀπο-

2183 1466 2475 1537 φήνασθαι,
2504 1465 2647 1519 οὕτω
2677 1465 2771 1519 καὶ
2804 1465 2897 1518 ἐπὶ
2930 1463 3038 1517 τῶν
3070 1462 3163 1516 τοῦ
3201 1462 3459 1533 Σωτῆρος
3494 1459 3668 1528 λόγων
3696 1475 3760 1512 τε

2181 1563 2277 1616 καὶ
2331 1559 2703 1631 μαθημάτων,
2750 1557 2804 1611 εί
2837 1575 2921 1622 τις
2974 1556 3205 1629 τάληθὲς
3255 1553 3612 1626 διαστρέφων,
3659 1554 3763 1626 τὴν

2181 1653 2431 1707 ἐναντίαν
2474 1646 2555 1715 οἷς
2597 1650 2843 1704 ἐδίδασκε
2878 1648 3222 1722 περιϐάλλειν
3263 1646 3411 1718 αὐτῷ
3441 1646 3600 1711 δόξαν
3635 1663 3760 1700 πει-

2184 1744 2343 1817 ρῷτο.
2388 1743 2535 1815 Πλὴν
2579 1741 2694 1797 ἀλλ’
2744 1742 2899 1815 ὲδόθη
2938 1744 3033 1797 καὶ
3072 1742 3231 1796 τοῦτο
3267 1742 3343 1804 ὠς
3383 1741 3441 1794 ὲν
3483 1740 3758 1806 ὑποθέσει,

2181 1838 2329 1901 ὅπως
2361 1837 2456 1890 καὶ
2487 1837 2552 1889 ὲκ
2583 1834 2919 1907 περιουσίας,
2949 1836 3043 1889 καὶ
3086 1837 3143 1888 ἐν
3170 1834 3356 1905 ἀτόπῳ
3388 1833 3755 1906 συγχωρήσει,

486 1919 675 1976 duerc.
727 1922 993 1980 Cmterum
1042 1926 1230 1981 eadem
1260 1927 1474 1982 ratione
1502 1926 1814 1983 Graecorum
1848 1944 2065 2000 quoque

2171 1930 2231 1983 τὸ
2256 1929 2561 1984 ἀσύστατον
2589 1928 2681 1981 τοῦ
2709 1927 2775 1979 δι’
2806 1927 3055 1991 ἐναντίας
3088 1926 3246 1996 λόγου
3278 1928 3441 1997 φανῇ.

488 2014 939 2086 philosophorum
993 2028 1287 2089 praecepta,
1317 2028 1371 2077 et
1398 2022 1744 2077 tolerantiam
1802 2022 1959 2089 vitze,
2014 2023 2285 2094 planeque
2342 2036 2532 2077 eorum
2580 2024 2825 2076 omnium
2877 2020 3081 2090 scripta
3134 2018 3513 2089 unusquisque
3557 2017 3756 2088 poterit

487 2109 851 2171 calumniari,
890 2120 943 2165 et
992 2111 1208 2167 dicere:
1249 2113 1372 2169 illos
1408 2115 1626 2185 quidem
1697 2116 1767 2170 iis
1802 2130 1923 2185 qua:
1986 2117 2339 2186 scripserint,
2381 2113 2661 2171 contraria
2716 2113 2774 2167 in
2823 2112 3008 2167 animo
3057 2111 3337 2175 habuisse,
3393 2110 3754 2165 contrariam-

485 2212 593 2269 que
625 2200 818 2255 rationi
851 2203 1015 2256 vitam
1058 2204 1302 2269 vixisse,
1352 2206 1647 2262 simulasse
1689 2214 1871 2261 autem
1914 2205 2071 2278 quasi
2112 2206 2217 2259 alia
2244 2205 2432 2259 induta
2462 2218 2720 2274 persona,
2779 2200 3218 2274 philosophicum
3260 2201 3364 2257 sibi
3422 2201 3548 2255 vitae
3576 2215 3753 2265 genus

486 2296 779 2365 placuisse.
826 2299 989 2370 118
1037 2298 1128 2355 Sic
1158 2310 1339 2356 autem
1390 2316 1582 2357 omnes
1634 2316 1889 2372 quoque,
1925 2311 1984 2357 ut
2032 2301 2087 2356 in
2127 2316 2340 2356 summa
2372 2300 2574 2365 dicam,
2601 2307 2845 2355 veterum
2879 2298 3140 2353 historias
3167 2296 3493 2351 calumniari
3534 2295 3626 2372 sit
3668 2295 3752 2349 fa-

484 2394 610 2457 cile,
640 2400 694 2449 ct
722 2368 1089 2464 veritatique:
1121 2396 1176 2449 in
1212 2397 1322 2452 illis
1352 2404 1438 2453 est
1488 2368 1813 2463 detrahere,
1864 2412 2095 2468 eamque
2131 2397 2337 2452 nullam
2367 2411 2489 2452 esse
2517 2393 2872 2457 contendere,
2906 2403 2961 2449 et
2993 2392 3229 2462 denique
3275 2392 3332 2446 in
3370 2368 3706 2447 contrarium
3731 2428 3754 2454 ,

483 2505 826 2561 quiscunque
878 2499 1100 2545 narrata
1154 2501 1315 2559 sunt,
1347 2501 1582 2552 vertere.
1624 2493 1730 2550 Sed
1775 2493 2231 2567 quemadmodum
2283 2492 2466 2548 nullus
2518 2491 2717 2546 mentis
2758 2503 2985 2560 compos
3019 2504 3167 2554 eum,
3234 2488 3330 2559 qui
3382 2487 3511 2541 talia
3559 2485 3749 2549 dicat,

485 2584 741 2637 insanum
789 2595 952 2654 atque
992 2593 1264 2640 amentem
1316 2586 1586 2644 afﬁrmare
1639 2598 1929 2652 vereatur,
1985 2589 2060 2643 ita
2098 2590 2259 2644 etiam
2290 2587 2345 2641 in
2377 2584 2678 2642 Salvatoris
2705 2585 2879 2640 nostri
2938 2583 3283 2639 sermonibus
3322 2590 3485 2667 atque
3541 2595 3748 2651 praece-

488 2679 618 2749 ptis,
649 2680 698 2737 si
720 2680 848 2751 quis
872 2681 1158 2737 veritatem
1193 2690 1561 2754 contorquens
1596 2693 1758 2755 atque
1787 2692 2140 2755 pervertens,
2180 2682 2511 2739 contrariam
2552 2683 2620 2739 iis
2653 2698 2775 2754 qum
2804 2681 2990 2738 docuit
3020 2681 3107 2735 ille
3138 2680 3465 2735 sententiam
3518 2684 3753 2734 conetur
3828 2734 3833 2739 ,

483 2771 786 2845 imponere,
818 2774 947 2830 huic
975 2790 1191 2846 quoque
1243 2791 1275 2830 a
1334 2777 1527 2843 nobis,
1578 2776 1633 2831 id
1677 2776 1824 2847 quod
1859 2776 2054 2833 falsum
2093 2785 2199 2841 est,
2233 2775 2570 2832 illustrandae
2599 2774 2846 2831 veritatis
2907 2773 3102 2845 gratia,
3137 2784 3198 2826 ut
3243 2772 3300 2827 in
3359 2769 3750 2841 disputationi-

483 2869 589 2926 bus
616 2869 733 2925 ﬁeri
766 2872 922 2933 solet.
955 2886 1278 2929 concessum
1304 2881 1423 2929 esto
1454 2893 1470 2930 :
1508 2881 1567 2928 ut
1627 2889 1752 2929 cum
1786 2872 2097 2929 dederimus
2135 2872 2190 2928 id
2212 2872 2358 2945 quod
2395 2873 2545 2929 dictu
2596 2872 2897 2929 absurdum
2924 2879 3032 2938 est,
3056 2869 3345 2926 contrariae
3373 2869 3603 2926 rationis
3657 2868 3748 2923 in-

483 2965 796 3020 constantia
819 2974 1097 3021 cernatur.

554 3055 693 3109 Cum
719 3069 851 3126 ergo
879 3072 1006 3112 eum
1039 3058 1132 3127 qui
1161 3058 1242 3112 sic
1280 3058 1642 3113 calumnietur
1679 3058 1812 3115 satis
1846 3057 2063 3115 abunde

2175 3061 2202 3071 "
2250 3049 2639 3122 Ἐληλεγμὲνου
2684 3051 2819 3121 δῆτα
2867 3050 3078 3117 τούτου,
3126 3049 3290 3123 φέρεν
3342 3051 3748 3123 ἀναδραμόντες

483 3147 1017 3217 rcprehenderimus,
1043 3157 1258 3221 tempus
1288 3151 1401 3220 jam
1449 3158 1555 3215 est,
1592 3161 1651 3205 ut
1681 3152 1745 3206 ad
1780 3167 2061 3208 sacrorum

2171 3146 2260 3199 ἐπὶ
2298 3144 2395 3216 τὴν
2428 3144 2537 3197 τῶν
2586 3143 2746 3214 ἱερῶν
2787 3142 3020 3215 Γραφῶν
3051 3142 3325 3226 ἀλήθειαν,
3359 3143 3420 3198 τὸ
3459 3141 3592 3215 ἦθος
3637 3147 3746 3203 τῶν

484 3240 749 3294 librorum
784 3241 1067 3297 veritatem
1100 3257 1475 3307 recurramus,
1497 3252 1552 3298 et
1592 3245 1649 3298 in
1683 3246 1792 3299 illis
1816 3245 2062 3316 discipu-

483 3334 663 3388 lorum
696 3331 829 3389 Iesu
858 3349 1039 3390 mores
1068 3336 1521 3406 contemplemur.
1554 3335 1689 3403 Quis
1722 3338 1886 3408 igitur
1908 3354 2063 3392 men-

482 3426 557 3481 tis
591 3426 825 3483 sanitate
874 3427 1170 3497 praeditus,
1222 3444 1332 3484 non
1367 3429 1436 3484 ab
1486 3429 1596 3485 illis
1626 3431 1761 3500 ipsis
1811 3432 2063 3500 protinus

483 3527 893 3589 argumentaris,
922 3522 1067 3575 omni
1087 3521 1192 3576 ﬁde
1208 3522 1404 3594 dignos
1433 3522 1556 3578 illos
1590 3522 1954 3592 iudicaverit?
1982 3524 2064 3577 vi-

484 3624 578 3665 ros
623 3610 829 3680 absque
877 3613 1250 3668 controversia
1297 3612 1595 3683 ignobiles,
1654 3614 2063 3685 litterarumque

483 3702 707 3773 ignaros
736 3704 1101 3774 loquendique
1131 3706 1433 3775 imperitos,
1457 3715 1512 3761 at
1533 3706 1589 3760 in
1620 3715 1823 3762 sancta:
1850 3722 1914 3761 ac
1939 3708 2063 3777 phi-

484 3795 781 3866 losophica:
823 3795 1087 3851 doctrinae
1141 3811 1383 3852 amorem
1431 3811 1781 3867 progressos,
1833 3806 1887 3853 et
1924 3808 2064 3853 stre-

484 3903 649 3943 nuam
701 3886 1140 3956 laboriosamque
1178 3889 1342 3942 vitam
1375 3889 1688 3959 amplexos,
1740 3905 1904 3960 quam
1946 3890 2065 3961 qui-

483 3981 608 4036 dem
640 3981 840 4039 inedia,
865 3988 918 4035 et
946 3980 1276 4035 abstinentia
1305 3991 1421 4035 tum
1449 3997 1480 4035 a
1512 3982 1662 4046 vino,
1698 3989 1831 4047 tum.
1852 3996 1883 4035 a
1938 3997 2060 4036 car-

482 4071 647 4126 nibus
668 4111 681 4133 ,
727 4072 993 4139 plurimos
1026 4071 1154 4125 item
1186 4071 1308 4126 aliis
1340 4071 1728 4127 aiﬂictionibus
1776 4072 2058 4144 corporis,

482 4171 648 4233 atque
685 4161 1023 4216 orationibus
1084 4163 1684 4233 supplicationibusque
1740 4162 1808 4218 ad
1849 4164 2014 4219 Deum
2040 4204 2058 4226 ,

483 4268 550 4308 ac
600 4255 773 4308 multo
811 4254 994 4325 prius,
1039 4270 1252 4309 summa
1303 4258 1660 4325 temperantia
1717 4266 1773 4312 et
1810 4258 2062 4313 castitate

481 4348 763 4417 corporis,
816 4347 1022 4416 pariter
1054 4354 1218 4417 atque
1264 4347 1461 4403 animae
1508 4350 1849 4405 correxerint
1898 4359 2061 4420 atque

482 4440 845 4511 perfecerint?
873 4440 998 4509 quis
1034 4454 1146 4493 non
1202 4440 1365 4511 igitur
1405 4440 1623 4496 illorum
1663 4441 2060 4513 philosophiam

2170 3236 2265 3290 τοῦ
2307 3235 2481 3307 Ἰησοῦ
2527 3235 2782 3307 μαθητῶν
2831 3234 3174 3307 θεασώμεθα.
3221 3223 3454 3291 Αύτόθεν
3507 3238 3605 3308 μὲν
3652 3234 3746 3294 οὖν

2170 3329 2236 3383 ἄν
2272 3346 2357 3392 τις
2400 3323 2459 3382 εὗ
2503 3326 2716 3399 φρονῶν
2760 3327 2877 3391 πῶς
2918 3328 2978 3380 οὑ
3013 3327 3193 3398 πάσης
3241 3324 3512 3400 ἀποδοχῆς
3548 3330 3747 3394 αὑτοὺς

2169 3421 2353 3488 ἀξίους
2399 3422 2661 3493 κρίνειενς
2702 3422 2933 3493 Ἀνδρας
2975 3420 3076 3492 μὲν
3108 3419 3345 3484 εὐτελεῖς
3382 3422 3748 3494 ὁμολογουμέ-

2169 3532 2296 3581 νως,
2325 3514 2420 3568 καὶ
2446 3515 2537 3568 τὸν
2571 3514 2727 3582 λόγον
2761 3512 2994 3577 ἰδιώτας,
3020 3512 3277 3576 εὐσεϐοῦς
3308 3513 3364 3567 δὲ
3397 3514 3489 3567 καὶ
3528 3514 3745 3584 φιλοσό-

2171 3625 2272 3678 φου
2299 3606 2641 3670 διδασκαλίας
2675 3607 2753 3669 είς
2793 3605 2970 3677 ἔρωτα
2996 3603 3431 3675 συμϐεϐηκότας,
3462 3607 3554 3659 καὶ
3587 3606 3746 3679 στέρ-

2171 3699 2365 3767 ξαντας
2395 3702 2505 3772 βίον
2536 3698 2863 3771 καρτερικὸν
2890 3698 2984 3752 καὶ
3016 3698 3294 3760 ἐπίπονον,
3334 3698 3422 3751 διά
3456 3699 3741 3770 νηστειῶν,

2167 3794 2314 3847 οἴνου
2342 3811 2400 3846 τε
2427 3794 2520 3847 καὶ
2554 3792 2729 3862 κρεῶν
2762 3790 2998 3861 ἀποχῆς,
3036 3792 3130 3845 καὶ
3162 3791 3420 3860 πλείστης
3459 3790 3624 3862 άλλης
3650 3809 3746 3845 τα-

2168 3883 2477 3947 πεινώσεως
2498 3882 2591 3936 τοῦ
2622 3881 2892 3953 σώματος,
2928 3882 3017 3935 διά
3046 3898 3104 3934 τε
3131 3881 3304 3952 εὑχῶν
3329 3882 3422 3935 καὶ
3454 3883 3744 3953 ἱκετηριῶν

2166 3976 2275 4030 τῶν
2298 3976 2434 4044 πρὸς
2462 3976 2553 4029 τὸν
2576 3974 2734 4040 θεὸν,
2767 3973 2861 4028 καὶ
2882 3972 3016 4026 πολὺ
3045 3972 3310 4045 πρότερον
3338 3973 3406 4026 δι’
3433 3974 3609 4046 ἄκρας
3646 3990 3747 4029 σω·

2167 4068 2437 4139 φροσύνης
2458 4066 2550 4121 καὶ
2582 4066 2802 4136 ἁγνείας
2836 4067 3083 4136 σώματος
3120 4065 3255 4136 ὁμοῦ
3286 4067 3379 4119 κα)⁵
3406 4065 3583 4137 ψυχῆς
3616 4083 3744 4121 κατ-

2166 4158 2516 4231 ορθούμενον.
2550 4158 2646 4221 Τίς
2675 4158 2718 4211 δ’
2745 4152 2837 4212 οὖν
2860 4158 2959 4211 οὑκ
2989 4157 3055 4211 ἂν
3077 4158 3270 4221 αὐτοὺς
3325 4156 3642 4228 θαυμάσειε,
3670 4158 3741 4213 δι’

2169 4249 2269 4302 ὑπε
2280 4249 2471 4321 ρϐολὴν
2498 4248 2813 4319 φιλοσοφίας
2842 4249 2937 4304 καὶ
2957 4250 3077 4313 ταῖς
3099 4248 3239 4302 κατά
3269 4249 3433 4319 νόμον
3466 4266 3744 4321 συγκεχω-

2170 4338 2435 4409 ρημέναις
2479 4341 2746 4409 γαμεταῖς
2791 4338 3287 4410 ἀποτεταγμένους,
3332 4340 3425 4393 καὶ
3468 4342 3594 4415 μήθ’
3636 4344 3742 4399 ὑπὸ

2166 4431 2264 4501 τῆς
2313 4429 2549 4499 φυσικῆς
2581 4429 2774 4500 ἡδονῆς
2820 4429 3306 4495 καθελκυσθέντας,
3352 4434 3489 4503 μήτε
3537 4434 3742 4488 παίδων

482 4548 650 4603 supra
698 4534 921 4588 modum
972 4533 1291 4598 admiretur,
1326 4534 1499 4604 quiet
1532 4551 1563 4588 a
1594 4535 1849 4605 legitimis
1884 4538 2064 4591 uxori-

2171 4520 2260 4572 καὶ
2289 4520 2526 4587 ἐγγόνων
2554 4520 2820 4591 ἐπιθυμίᾳ.
2847 4520 3245 4589 δουλωθέντας;
3296 4524 3422 4576 ἐπεὶ
3458 4523 3590 4596 μηδὲ
3617 4525 3741 4596 θνη-

483 4624 588 4680 bus
618 4640 677 4680 se
706 4625 1053 4689 abduxerim,
1090 4630 1265 4693 neque
1304 4639 1335 4677 a
1366 4626 1643 4696 voluptate
1676 4628 1871 4682 saltem
1898 4634 2061 4683 natu-

480 4720 581 4774 rali
612 4718 819 4774 deliniti
838 4718 969 4781 sint,
985 4734 1161 4788 neque
1179 4718 1411 4773 ﬁliorum
1434 4735 1497 4774 ac
1516 4730 1771 4791 nepotum
1788 4720 2060 4777 desiderio

480 4813 644 4867 fracti
673 4821 728 4868 et
761 4812 1012 4868 subacti?
1042 4810 1187 4882 quod
1231 4812 1446 4882 quidem
1490 4814 1599 4868 illis
1652 4813 1770 4869 ideo
1801 4815 2059 4885 contigit,

480 4904 627 4974 quod
663 4921 770 4960 non
801 4905 1061 4962 mortales
1106 4914 1370 4976 nepotes,
1416 4907 1512 4961 sed
1560 4906 1897 4962 immortales
1953 4907 2060 4961 sibi

478 4990 859 5060 expetiverint.
900 4989 1078 5045 Mores
1127 5001 1307 5045 autem
1355 4990 1673 5046 earumdem
1703 5005 1734 5044 a
1764 4992 2062 5061 cupiditate

479 5084 660 5141 hmnis
690 5085 908 5156 generis
932 5084 1176 5155 pecuniae
1208 5084 1415 5139 alienos
1436 5124 1452 5147 ,
1492 5085 1617 5154 quis
1653 5098 1762 5139 non
1799 5085 2060 5155 obstupe-

480 5170 634 5225 scat?
657 5170 751 5240 qui
778 5169 883 5224 hoc
914 5184 1132 5240 quoque
1175 5169 1469 5237 coniecerit
1505 5184 1572 5224 ex
1622 5185 1717 5231 eo.
1770 5170 1917 5241 quod
1951 5187 2061 5228 non

481 5255 742 5326 fugerint,
783 5253 880 5311 sed
915 5255 1089 5309 secuti
1128 5256 1238 5309 sint
1267 5252 1684 5321 Prteccptorem,
1710 5254 1803 5324 qui
1847 5252 1995 5325 ipsos
2029 5269 2062 5309 a

479 5344 814 5418 possidendo
830 5360 966 5400 auro
984 5354 1147 5416 atque
1168 5353 1395 5418 argento
1414 5346 1759 5411 deterruerit,
1780 5348 2063 5419 legemque

480 5440 682 5503 ﬁxerit,
699 5447 759 5493 ut
782 5454 850 5493 ne
864 5452 1039 5506 usque
1055 5440 1120 5493 ad
1139 5439 1279 5494 duas
1295 5437 1514 5508 quidem
1546 5438 1763 5494 tunicas
1779 5455 1894 5495 rem
1906 5455 2059 5495 suam

479 5539 741 5602 augerent
769 5551 784 5584 :
820 5530 966 5600 quod
995 5529 1216 5601 quidem
1248 5532 1333 5586 vel
1366 5530 1574 5586 auditui
1600 5530 1941 5589 intolerabile
1968 5533 2058 5587 alii

2161 4610 2270 4665 τῶν
2300 4610 2559 4680 ἐγγόνων,
2586 4610 2701 4664 ἀλλ’
2729 4611 3011 4665 ἀθανάτων
3039 4614 3378 4685 ὠρέχθησαν.
3415 4615 3489 4668 Τὸ
3528 4616 3585 4670 δὲ
3611 4618 3742 4687 ἀφι-

2161 4703 2500 4777 λοχρηματω
2532 4704 2710 4759 αὑτῶν
2734 4704 2827 4758 τοῦ
2857 4706 3057 4777 τρόπου
3081 4707 3198 4771 πῶς
3222 4709 3321 4762 οὑκ
3342 4709 3408 4764 ἄν
3431 4727 3514 4774 τις
3545 4710 3741 4764 ἐκπλα-

2161 4794 2283 4864 γείη
2311 4810 2326 4859 ;
2358 4794 2453 4848 καὶ
2489 4793 2644 4848 τοῦτο
2688 4796 3101 4867 τεκμηράμενος
3135 4799 3201 4851 ἐκ
3238 4797 3329 4850 τοῦ
3380 4798 3454 4870 μὴ
3495 4798 3737 4869 φεύγειν,

2162 4886 2279 4939 ἀλλ’
2312 4886 2661 4941 ἀσπάσασθαι
2713 4887 3055 4953 διδάσκαλον,
3100 4889 3301 4965 χρυσοῦ
3352 4891 3444 4943 καὶ
3495 4891 3737 4965 ἀργύρου

2161 4978 2259 5051 τὴν
2301 4979 2492 5049 κτῆσιν
2538 4980 2971 5050 ἀπαγορεύοντα,
3018 4982 3112 5035 καὶ
3160 4982 3553 5053 νομοθετοῦντα
3598 4984 3736 5056 μηδὲ

2166 5072 2327 5144 μέχρι
2376 5071 2628 5143 δευτέρου
2674 5071 2895 5142 χιτῶνος
2936 5072 3119 5138 αὔξειν
3148 5074 3247 5146 τὴν
3288 5074 3520 5145 ὕπαρξιν
3544 5093 3557 5106 ·
3596 5077 3740 5149 ὅπερ

2161 5165 2302 5236 τάχα
2331 5182 2414 5229 τις
2441 5164 2679 5229 ἀκούσας
2704 5166 2984 5238 παρῂτητο
3004 5166 3069 5221 ἂν
3096 5167 3157 5220 τὸ
3184 5168 3324 5239 βαρὺ
3351 5168 3446 5221 τοῦ
3477 5168 3741 5241 πράγμα-

2160 5276 2251 5323 τος
2274 5277 2287 5290 ·
2314 5260 2363 5312 οί
2398 5258 2459 5313 δὲ
2488 5258 2580 5312 καὶ
2607 5258 2767 5329 ἔργον
2801 5260 3161 5331 πεποιηκότες
3204 5261 3294 5314 τὸν
3332 5262 3488 5331 λόγον
3523 5262 3741 5317 ἀποδεί-

2162 5369 2402 5406 κνυνται.
2427 5352 2755 5421 Αίτήσαντος
2780 5351 2906 5419 γοῦν
2928 5370 3056 5406 ποτε
3089 5353 3215 5417 τοὺς
3240 5355 3384 5425 ἀμφὶ
3419 5355 3510 5409 τὸν
3531 5356 3740 5429 Πέτρον

2163 5443 2336 5515 χωλοῦ
2364 5461 2510 5508 τινος
2558 5438 2732 5515 (οὗτος
2747 5442 2791 5496 δ’
2817 5439 2884 5514 ἦν
2906 5443 3013 5497 τῶν
3030 5444 3095 5498 δι’
3118 5446 3354 5516 ἐσχάτην
3383 5447 3617 5518 ἀπορίαν
3636 5447 3736 5512 τάς

2160 5535 2365 5607 τροφὰς
2396 5536 2850 5608 μεταιτούντων),
2881 5536 2981 5590 οὑκ
3016 5536 3154 5607 ἔχων
3193 5539 3221 5591 ὁ
3251 5538 3457 5611 Πέτρος
3490 5541 3519 5593 ὅ
3549 5558 3602 5594 τι
3633 5540 3731 5611 δῷ,

477 5626 715 5694 cuipiam
771 5622 1039 5685 videatur,
1071 5622 1141 5677 ob
1185 5622 1506 5693 gravitatem
1554 5623 1766 5694 imperii
1793 5642 1809 5680 :
1837 5630 1894 5678 at
1935 5624 2060 5680 illos

2171 5625 2425 5697 ὣμολόγει
2449 5628 2627 5699 πάσης
2646 5628 2931 5701 ὑπάρξεως
2946 5629 3166 5699 χρυσίου
3184 5631 3278 5683 καὶ
3293 5631 3556 5703 ἀργυρίου
3566 5631 3736 5705 καθα-

476 5721 643 5775 etiam
676 5717 854 5786 reipsa
878 5715 1238 5785 complevisse
1267 5715 1412 5785 quod
1441 5717 1648 5771 dictum
1681 5726 1764 5772 est
1807 5723 2053 5772 constat:

475 5824 609 5881 ergo
638 5807 873 5885 quodam
922 5816 1166 5880 tempore
1216 5823 1339 5865 cum
1369 5809 1589 5879 quidam
1632 5809 1862 5865 claudus
1894 5825 1921 5863 ιι
1958 5809 2057 5865 Pe-

548 5933 594 5964 "‘
624 5931 789 5987 Exod.
819 5947 932 5993 ut,
962 5928 1112 5985 ὅριέἰ.

2160 5718 2362 5791 ρεύειν,
2397 5720 2600 5791 φήσας·
2633 5738 2651 5771 ι
2675 5719 2961 5791 Ἀργύριον
2990 5722 3083 5775 καὶ
3114 5722 3336 5793 χρυσίον
3367 5723 3468 5793 οὑχ
3496 5722 3732 5795 ὑπάρχει

2161 5828 2272 5879 μοι,
2291 5809 2404 5863 δ’δὲ
2438 5810 2565 5881 ἔχω,
2587 5810 2740 5866 τοῦτό
2758 5830 2839 5866 σοι
2857 5812 3046 5883 δίδωμι
3066 5829 3078 5841 ⁸
3112 5814 3169 5867 ἐν
3190 5811 3267 5886 τῷ
3294 5812 3516 5885 ὀνόματι
3555 5811 3730 5885 Ἰησοῦ
