4158 6418
489 344 597 403 εις

1158 353 1428 411 EUSEBII
1463 353 1940 414 CESARIENSIS
1970 358 2121 416 OPP.
2161 360 2340 417 PARS
2370 360 2435 418 ιι.
2462 393 2533 404 -
2562 362 3058 424 APOLOGETICA.

3620 371 3727 428 216

485 467 581 536 qui
618 467 818 524 dicitur
846 467 1065 534 Petrus,
1101 440 1163 526 ει.
1180 472 1428 531 Andreas
1458 473 1628 531 frater
1659 475 1796 544 ejus,
1825 476 2026 532 Jacobu

2127 526 2135 546 γ
2158 478 2189 530 6
2208 479 2432 548 ἁδελφὸς
2457 478 2643 543 αὐτοῦ,
2671 480 2933 546 Φίλιππος
2953 483 3047 537 καὶ
3074 483 3494 556 Βαρθολομαῖος,
3524 484 3726 556 Θωμᾶς

485 554 758 627 Zebedtei,
782 569 837 616 et
869 560 1109 620 Joannes
1145 564 1315 621 frater
1351 568 1492 635 ejus,
1531 567 1817 641 Philippus
1845 580 1899 625 et
1930 570 2057 624 Bar-

484 650 834 717 tholomatus,
883 652 1120 712 Thomas
1164 666 1218 713 et
1259 658 1543 715 Matthaeus
1578 662 1902 732 publicanus
1925 663 1991 716 τ’.
2028 680 2049 715 ι

490 739 679 824 Itaque
702 742 986 801 Matthteus
1011 747 1344 803 abundantia
1366 752 1598 821 quadam
1622 752 1916 820 modestiae,
1946 761 2057 809 stu-

488 834 641 890 dium
679 852 790 907 prae
816 854 875 894 se
904 838 1084 896 ferens
1108 843 1355 900 veritatis
1390 846 1443 899 in
1474 845 1590 900 suis
1623 847 1865 903 moribus
1899 847 2042 901 indi-

485 927 699 994 candis,
743 931 1094 999 publicanum
1134 950 1194 990 se
1234 921 1547 1006 appellavit,
1585 953 1762 1009 neque
1814 940 2051 1009 priorem

486 1031 643 1073 suam
672 1022 836 1076 vitam
866 1025 1146 1083 occultare
1185 1030 1373 1083 voluit.
1405 1029 1472 1084 Et
1504 1033 1746 1086 secundo
1780 1032 1903 1087 loco
1930 1040 2052 1101 post

484 1112 746 1180 aequalem
767 1128 925 1169 suum
957 1131 1015 1171 se
1043 1120 1361 1175 nominavit.
1390 1120 1526 1176 Cum
1545 1122 1689 1178 enim
1716 1124 1912 1190 singuli
1936 1124 2052 1179 sin-

484 1203 630 1272 gulis
683 1218 1089 1276 comparantur,
1117 1212 1236 1280 ipse
1269 1210 1555 1269 Matthaeus
1583 1213 1825 1281 Thomaa,
1854 1215 2050 1273 Petrus

480 1294 733 1361 Andreas,
772 1297 1010 1357 Jacobus
1041 1300 1258 1368 Joanni,
1300 1303 1585 1377 Philippus
1628 1307 2046 1375 Bartholomaeo,

482 1386 749 1445 Thomam
795 1392 899 1447 sibi
937 1394 1040 1463 ipsi
1093 1397 1381 1466 praeponit,
1430 1399 1666 1468 priorem
1708 1400 1787 1455 illi
1832 1401 2047 1469 locum,

480 1483 730 1551 quamvis
752 1487 1091 1554 coapostolo,
1119 1496 1379 1559 tanquam
1414 1490 1753 1548 honoratiori
1780 1484 2046 1562 tribuens,

480 1572 698 1627 tametsi
751 1575 948 1644 reliqui
1016 1579 1364 1647 evangelistae
1416 1582 1754 1636 contrarium
1813 1581 2045 1642 faciunt.

476 1661 620 1718 Audi
653 1665 835 1736 itaque
852 1666 1079 1733 Lucam,
1114 1679 1174 1723 ut
1196 1669 1431 1726 Matthazi
1456 1674 1784 1730 mentionem
1815 1674 2042 1741 faciens,

479 1767 589 1806 non
641 1755 994 1823 publicanum
1038 1757 1190 1823 dicit,
1233 1775 1409 1830 neque
1454 1770 1579 1831 post
1617 1760 1879 1819 't'homam
1930 1766 2046 1819 col-

2155 581 2250 626 και
2277 572 2552 636 Ματθαῖος
2573 574 2603 626 6
2631 572 2886 647 τελώνης.
2906 593 2925 627 ι
2945 576 3128 641 υῦτως
3158 578 3257 648 μὲν
3287 580 3315 631 6
3342 578 3636 645 Ματθαῑος,
3657 581 3724 635 δι’

2155 664 2458 737 ὐπερόολὴν
2501 667 2801 733 ἐπιεικείας
2847 670 2908 723 τὸ
2940 671 3230 742 φιλάληθες
3267 673 3576 743 ὑποφαίνων
3626 673 3724 728 τοῦ

2157 754 2288 808 ίδίου
2336 756 2574 827 τρόπου,
2636 758 2731 812 καὶ
2778 759 3014 831 τελώνην
3066 762 3252 816 ἑαυτὸν
3307 763 3602 827 ἀπεκάλει,
3649 763 3724 835 μὴ

2154 846 2517 917 ἀποκρύπτων
2572 848 2663 903 τὸν
2714 853 2979 924 πρότερον
3034 853 3227 907 ἑαυτοῦ
3279 852 3390 922 βίον
3415 894 3430 918 ,
3486 855 3580 911 καὶ
3628 855 3723 909 τοῦ

2154 936 2388 1007 συζύγου
2432 938 2683 1012 δεύτερον
2723 943 2916 997 ἐαυτὸν
2947 944 3257 1015 κατέλεγεν.
3290 945 3726 1019 Συινεζευγμένος

2151 1027 2279 1096 γοῦν
2319 1029 2396 1100 τῷ
2421 1030 2610 1103 Θωμᾷ,
2646 1034 2675 1087 6
2708 1033 2911 1106 Πέτρος
2948 1035 3190 1107 Ἀνδρέᾳ,
3222 1036 3317 1090 καὶ
3362 1037 3615 1100 Ἰάκωϐος
3643 1035 3722 1108 τῷ

2163 1117 2415 1190 Ἰωάννῃ,
2467 1121 2559 1172 καὶ
2610 1120 2873 1186 Φίλιππος
2939 1122 3356 1195 Βαρθολομαίῳ,
3430 1125 3720 1196 προτάττει

2150 1208 2343 1261 ἐαυτοῦ
2374 1209 2466 1263 τὸν
2496 1210 2715 1281 Θωμᾶν,
2745 1213 3021 1286 προτιμῶν
3061 1214 3137 1278 ὡς
3162 1216 3446 1287 κρείττονα
3471 1217 3562 1269 τὸν
3594 1233 3723 1270 συν·

2148 1299 2446 1356 απόστολον
2464 1339 2481 1365 ,
2525 1302 2635 1356 τῶν
2681 1303 2883 1358 λοιπῶν
2948 1304 3346 1376 εὐαγγελιστῶν
3413 1308 3722 1364 τούναντίον

2149 1392 2543 1462 πεποιηκότων.
2570 1394 2766 1448 Ἄκουε
2791 1396 2921 1464 γοῦν
2942 1398 3144 1460 Λουκᾶ,
3168 1396 3304 1461 πῶς,
3328 1396 3420 1451 τοῦ
3437 1398 3719 1451 Ματθαίου

2149 1482 2547 1553 μνημονεύσας,
2598 1487 2659 1539 οὐ
2689 1486 2924 1560 τελώνην
2967 1486 3241 1561 ὀνομάζει,
3286 1489 3393 1543 οὐδ’
3429 1490 3717 1545 ὐποτάττει

2146 1572 2224 1643 τῷ
2252 1574 2453 1646 Θωμᾷ,
2486 1576 2770 1647 κρείττονα
2810 1578 2867 1633 δὲ
2902 1578 3063 1635 αὐτὸν
3101 1578 3276 1644 εἰδὼς,
3305 1580 3519 1651 πρῶτον
3553 1579 3714 1635 αὐτὸν

2147 1664 2451 1731 κατέλεξεν,
2496 1667 2747 1742 δεύτερον
2791 1670 2882 1723 τὸν
2921 1670 3121 1741 Θωμᾶν
3170 1669 3487 1741 ἐπαγαγὼν,
3520 1669 3714 1745 ὥσπερ

2146 1755 2241 1808 καὶ
2281 1758 2310 1810 6
2334 1757 2558 1830 Μάρκος
2595 1761 2892 1832 πεποίηκεν
2911 1778 2925 1792 ·
2965 1761 3144 1832 ἔχουσι
3177 1762 3232 1815 δὲ
3260 1763 3422 1817 αὐτοῦ
3452 1764 3510 1817 αἱ
3540 1762 3714 1831 λέξεις

476 1841 641 1908 locat,
670 1845 766 1901 sed
787 1850 1217 1917 praestantiorem
1244 1851 1395 1906 illum
1421 1867 1778 1924 cognoscens,
1810 1856 2026 1926 prioren

2145 1846 2349 1913 οὕτως·
2413 1868 2431 1903 ι
2459 1850 2569 1904 Καὶ
2613 1852 2701 1904 ὅτε
2760 1852 2939 1924 ἡμέρα
2985 1852 3231 1922 ἐγένετο,
3288 1852 3534 1926 ἐφώνησε
3585 1854 3712 1918 τοὺς

474 1954 694 2009 quoque
722 1941 989 2004 nominat,
1018 1941 1280 1999 Thomam
1303 1945 1382 1999 illi
1406 1947 1648 2003 secundo
1678 1948 1799 2004 loco
1820 1950 2042 2019 subjun-

473 2047 629 2101 gcns,
657 2034 802 2103 quod
847 2034 1025 2106 ipsum
1068 2036 1283 2093 Marcus
1323 2055 1539 2110 quoque
1578 2045 1834 2099 servavit.
1863 2044 2041 2101 Verba

472 2126 642 2194 igitur
688 2127 838 2181 illius
882 2129 963 2183 sic
1005 2144 1065 2184 se
1100 2129 1351 2186 habent:
1382 2150 1401 2183 ι
1440 2132 1508 2187 Ει
1542 2148 1667 2189 cum
1707 2135 1826 2192 dies
1864 2136 2041 2194 factus

470 2226 639 2278 esset.
674 2220 889 2275 vocavit
935 2221 1238 2294 discipulos
1269 2241 1422 2292 suos,
1467 2234 1521 2284 et
1549 2229 1711 2300 elegit
1750 2231 2037 2289 duodecim

467 2323 536 2363 ex
577 2309 679 2371 eis,
728 2325 867 2380 quos
906 2318 960 2364 et
1005 2313 1282 2381 apostolos
1331 2316 1636 2371 nominavit
1676 2336 1689 2373 :
1738 2318 2037 2383 Simonem,

467 2416 630 2470 quem
679 2402 843 2456 etiam
888 2399 1108 2457 Petrum
1149 2406 1387 2469 vocavit,
1421 2414 1475 2463 et
1506 2407 1778 2466 Andream
1814 2410 2038 2466 fratrem

470 2489 619 2559 ejus,
645 2487 905 2545 Jacobum
939 2500 992 2545 et
1021 2489 1308 2559 Joannem,
1328 2493 1641 2569 Philippum
1673 2508 1727 2554 et
1755 2498 2040 2556 Bartholo-

465 2597 688 2649 mzeum,
721 2583 1030 2638 Matthmum
1065 2591 1121 2639 et
1151 2584 1414 2643 Thomam
1437 2589 1503 2644 ⁷³.
1545 2609 1565 2642 ι
1602 2589 1694 2646 Sic
1723 2591 2035 2648 Matthzeum

463 2671 646 2729 Lucas
683 2676 982 2745 anteponit,
1023 2678 1476 2746 quemadmodum
1523 2681 1629 2753 ipsi
1675 2683 2033 2748 tradiderant,

462 2766 558 2836 qui
584 2767 654 2822 ab
686 2767 842 2823 initio
873 2768 977 2837 ipsi
1010 2768 1280 2836 viderant,
1315 2779 1370 2827 et
1400 2772 1635 2828 ministri
1667 2775 1884 2830 fuerant
1915 2792 2035 2835 ser-

462 2857 664 2914 monis.
700 2856 962 2914 Joannem
989 2878 1207 2934 quoque
1229 2865 1458 2920 similem
1489 2864 1742 2922 Matthteo
1769 2869 2032 2924 invenies.

462 2946 599 3002 Nam
624 2948 679 3002 in
708 2950 825 3004 suis
860 2951 1110 3020 epistolis
1142 2958 1222 3008 ne'
1250 2953 1497 3009 meminit
1529 2948 1747 3023 quidem
1779 2971 1891 3011 suae
1933 2972 2032 3026 ap-

464 3041 799 3111 pellationis,
823 3050 917 3096 aut
941 3044 1210 3099 seniorem
1236 3059 1294 3100 se
1325 3046 1591 3110 nominat,
1612 3061 1882 3116 nusquam
1904 3064 2032 3104 vero

465 3133 770 3201 apostolum
811 3140 905 3189 aut
932 3135 1345 3206 evangelistam.
1386 3133 1445 3190 In
1487 3137 1780 3207 Evangelio
1824 3146 2026 3205 autem,

2149 1941 2393 2013 μαθητὰς
2431 1941 2627 2006 αὐτοῦ,
2661 1943 2753 1996 καὶ
2788 1941 3141 2015 ἐκλεξάμενος
3175 1943 3235 2009 ἐξ
3270 1944 3447 1998 αὐτῶν
3481 1944 3713 2010 δώδεκα,

2142 2033 2238 2096 οὒς
2275 2035 2370 2087 καὶ
2405 2033 2733 2098 ἀποστόλους
2768 2035 3069 2106 ὠνόμασεν,
3100 2035 3337 2106 Σίμωνα,
3365 2035 3425 2090 ὃν
3459 2037 3552 2089 καὶ
3581 2036 3711 2089 ἐκά-

2143 2122 2264 2177 λεσε
2288 2124 2512 2196 Πέτρον,
2556 2124 2651 2178 καὶ
2689 2124 2940 2197 Ἀνδρέαν
2976 2126 3067 2179 τὸν
3107 2125 3331 2197 ἀδελφὸν
3378 2126 3564 2191 αὐτοῦ,
3608 2128 3709 2182 Ἰά-

2141 2213 2316 2267 κωϐον
2342 2216 2436 2269 καὶ
2457 2214 2732 2287 Ἰωάννην,
2749 2216 2843 2269 καὶ
2864 2215 3146 2278 Φίλιππον,
3168 2218 3261 2269 καὶ
3285 2215 3704 2287 Βαρθολομαῖον,

2142 2307 2238 2360 καὶ
2270 2307 2567 2371 Ματθαῖον,
2613 2311 2707 2362 καὶ
2750 2308 2972 2380 Θωμᾶν.
3001 2327 3019 2359 ι
3053 2308 3239 2371 Οὕτως
3287 2309 3385 2379 μὲν
3426 2307 3516 2361 τὸν
3547 2309 3705 2363 Ματ-

2140 2398 2289 2451 θαῖον
2330 2398 2359 2449 ό
2387 2400 2597 2462 Λουκᾶς
2642 2399 2901 2471 ἐτίμησε,
2948 2399 3069 2454 καθ’
3118 2397 3155 2452 ἃ.
3202 2399 3520 2470 παρέδωκαν
3557 2399 3708 2472 αὐτῷ

2137 2490 2187 2543 οἱ
2223 2491 2474 2562 άπαρχῆς
2513 2491 2774 2545 αὐτόπται
2826 2492 2919 2545 καὶ
2963 2490 3234 2563 ὑπηρέται
3283 2492 3564 2563 γενόμενοι
3606 2491 3706 2546 τοῦ

2137 2581 2314 2650 λόγου.
2364 2582 2475 2635 Kal.
2513 2582 2601 2634 τὸν
2651 2582 2900 2653 Ἰωάννην
2955 2582 3012 2635 δὲ
3062 2583 3244 2653 ὅμοιον
3299 2582 3478 2655 εῦροις
3523 2583 3589 2637 ἂν
3625 2583 3706 2655 τῷ

2135 2672 2416 2744 Ματθαίῳ.
2471 2673 2558 2726 Ἐν
2593 2673 2690 2744 μὲν
2725 2672 2834 2743 γὰρ
2876 2676 2997 2737 ταῖς
3039 2674 3348 2738 ἐπιστολαῖς
3386 2673 3550 2727 αὐτοῦ
3583 2674 3704 2728 οὐδὲ

2138 2763 2356 2833 μνήμην
2382 2763 2480 2834 τῆς
2504 2763 2707 2828 οἰκείας
2733 2764 3099 2837 προσηγορίας
3125 2768 3373 2830 ποιεῖται,
3403 2765 3436 2836 ἦ
3468 2765 3705 2838 πρεσϐύ-

2134 2869 2289 2923 τερον
2332 2854 2518 2908 ἐαυτὸν
2563 2854 2835 2926 ὀνομάζει,
2876 2856 3109 2927 οὐδαμοῦ
3146 2856 3203 2911 δὲ
3236 2856 3551 2921 ἀπόστολον,
3579 2857 3702 2913 οὐδὲ

2132 2946 2520 3018 εὐαγγελιστήν
2538 2964 2552 2976 ·
2587 2947 2645 3001 ἐν
2672 2946 2727 2999 δὲ
2757 2946 2832 3018 τῷ
2860 2946 3177 3018 Εὐαγγελίῳ
3223 2947 3701 3019 ἐπισημηνάμενος

2130 3036 2191 3091 ὃν
2216 3037 2404 3107 ἠγάπα
2433 3040 2461 3091 6
2495 3039 2718 3110 Ἰησοῦς,
2751 3041 2851 3093 οὐκ
2892 3040 3159 3112 ἐδήλωσεν
3195 3041 3454 3113 ὀνομαστὶ
3484 3041 3698 3098 ἐαυτόν.

2136 3126 2202 3179 Ὅ
2232 3143 2296 3195 γε
2323 3127 2429 3198 μὴν
2452 3127 2656 3199 Πέτρος
2687 3129 2808 3182 οὐδὲ
2838 3130 3076 3200 καθῆκεν
3110 3130 3204 3183 ἐπὶ
3239 3130 3338 3202 τὴν
3363 3131 3700 3200 Εὐαγγελίον

460 3239 586 3279 cum
607 3224 971 3294 significasset
992 3228 1145 3282 illum
1171 3243 1330 3299 quem
1357 3228 1805 3299 diligebatJesus,
1829 3244 2025 3287 nomen

2128 3218 2342 3292 γραφὴν
2364 3219 2429 3273 δι’
2447 3220 2727 3285 εὐλαϐείας
2751 3222 3074 3294 ὑπερϐολήν.
3103 3223 3302 3277 Τούτου
3324 3226 3548 3296 Μάρκος
3567 3225 3699 3295 γνώ-

460 3331 620 3371 suum
654 3331 765 3371 non
812 3319 1018 3388 posuit.
1055 3317 1251 3375 Petrus
1296 3336 1427 3376 vero
1471 3338 1539 3377 ex
1584 3321 1751 3376 nimia
1792 3321 2027 3392 quadam

458 3410 788 3473 reverentia,
822 3427 890 3467 ne
918 3411 1141 3483 dignum
1163 3413 1379 3482 quidem
1415 3428 1475 3468 se
1513 3414 1811 3486 scriptione
1849 3414 2026 3470 Evan-

457 3502 584 3574 gelii
627 3504 981 3560 existimavit.
1025 3507 1129 3561 Sed
1168 3505 1291 3575 ejus
1336 3506 1625 3564 familiaris
1667 3522 1731 3562 ac
1782 3508 2025 3579 discipu-

424 3592 547 3650 ‘lus
584 3592 820 3661 Marcus,
870 3596 926 3649 in
978 3596 1431 3671 commentarium
1477 3598 1733 3654 retulisse
1779 3597 2022 3667 ejusdem

453 3684 523 3740 de
578 3687 747 3742 rebus
805 3687 976 3757 gestis
1031 3686 1197 3753 Jesu,
1255 3687 1598 3743 narrationes
1669 3700 2017 3745 memoratur.

455 3777 612 3848 121
632 3775 736 3843 Qui
772 3793 896 3832 cum
919 3779 985 3833 ad
1008 3779 1160 3833 illum
1183 3777 1423 3833 historiae
1447 3779 1623 3832 locum
1642 3779 1901 3842 venisset.
1926 3781 2019 3836 ubi

449 3865 611 3923 Jesus
657 3868 1028 3937 interrogavit,
1059 3884 1219 3939 quem
1244 3885 1303 3924 se
1330 3884 1451 3925 esse
1478 3869 1724 3925 homines
1752 3868 2016 3933 dicerent,

448 3959 663 4029 ipsique
700 3959 784 4014 sui
822 3959 1075 4028 discipuli
1108 3974 1271 4030 quam
1302 3958 1370 4015 de
1411 3975 1470 4015 se
1507 3960 1817 4029 opinionem
1850 3961 2018 4016 habe-

445 4057 594 4115 rent,
628 4050 1114 4122 subjunxissetque
1141 4051 1356 4115 Petrus,
1386 4060 1645 4122 tanquam
1679 4053 1748 4108 de
1773 4052 2014 4120 Christo,

446 4141 586 4196 nihil
612 4141 690 4195 illi
719 4141 1139 4212 respondentem
1170 4141 1356 4199 Jesum
1394 4152 1488 4197 aut
1512 4144 1780 4200 dicentem
1806 4146 2016 4202 descri-

444 4228 543 4297 “t,
571 4231 666 4287 sed
707 4232 818 4287 illis
848 4232 1269 4288 comminantem
1311 4234 1597 4301 duntaxat,
1632 4246 1691 4291 ut
1712 4239 1915 4294 nemini
1946 4239 2014 4294 de

441 4335 566 4393 .pso
597 4324 802 4380 dicant.
833 4323 954 4380 Non
984 4324 1130 4380 enim
1160 4324 1408 4379 interfuit
1438 4324 1654 4382 Marcus
1695 4328 1764 4384 iis
1809 4345 1930 4400 qua-
1980 4344 2012 4383 a

444 4417 664 4471 Christo
692 4416 835 4471 dicta
884 4426 1012 4472 sunt
1042 4435 1057 4472 :
1102 4431 1166 4472 ac
1192 4432 1262 4473 ne
1292 4417 1486 4473 Petrus
1514 4419 1755 4488 quidem,
1788 4436 1909 4491 quae
1941 4421 2009 4476 ad

445 4506 626 4576 ipsum
660 4520 725 4560 ac
752 4505 821 4561 de
847 4506 966 4576 ipso
997 4506 1141 4562 dicta
1175 4516 1303 4563 sunt
1328 4508 1397 4564 ab
1425 4506 1576 4571 Jesu,
1604 4511 1825 4580 proprio
1855 4512 2009 4567 testi-

439 4599 627 4653 monio
673 4599 916 4668 proferre
969 4612 1183 4668 aequum
1231 4598 1462 4669 putavit.
1517 4599 1649 4666 Quae
1687 4609 1868 4655 autem
1919 4603 2009 4657 illa

437 4689 569 4751 sint.
591 4703 712 4760 qua:
730 4689 982 4745 videlicet
1000 4689 1068 4743 ad
1097 4691 1274 4760 ipsum
1296 4688 1512 4746 Petrum
1542 4692 1687 4746 dicta
1707 4699 1855 4756 sunt,
1882 4692 2012 4747 Mat-

435 4780 612 4835 thazus
629 4780 713 4835 his
733 4781 938 4835 indicat
952 4780 1162 4835 verbis:
1184 4777 1324 4835 «Vos
1340 4787 1517 4834 autem
1536 4797 1697 4851 quem
1721 4798 1805 4838 me
1825 4783 2010 4838 dicitis

432 4871 591 4928 esse?
616 4881 671 4926 et
690 4872 1025 4943 respondens
1045 4871 1232 4926 Simon
1252 4871 1447 4926 Petrus
1469 4871 1605 4927 dixit
1624 4893 1637 4929 :
1659 4873 1739 4929 'l‘u
1768 4889 1829 4930 es
1858 4872 2009 4930 Chri-

438 4971 559 5020 stus
580 4961 753 5019 Filius
769 4963 862 5018 Dei
887 4962 1014 5017 vivi.
1044 4961 1401 5033 Respondeas
1418 4960 1576 5019 Jesus
1596 4963 1732 5019 dixit
1754 4965 1804 5021 ei
1836 4984 1851 5021 :
1875 4966 2002 5021 Bea-

434 5064 527 5110 tus
553 5071 635 5117 es,
665 5054 852 5109 Simon
883 5052 1135 5122 Barjona,
1156 5052 1411 5125 quoniam
1437 5068 1564 5110 caro
1579 5062 1635 5110 et
1652 5056 1874 5125 sanguis
1888 5070 2001 5112 non

432 5146 695 5205 revelavit
721 5145 851 5211 tibi,
881 5146 979 5201 sed
1010 5144 1173 5201 Pater
1218 5161 1373 5202 meus
1408 5146 1503 5218 qui
1526 5156 1611 5202 est
1653 5148 1708 5202 in
1737 5148 1912 5214 caelis,
1945 5156 1998 5204 et

429 5252 533 5309 ego
561 5238 657 5293 tibi
683 5238 807 5292 dico
834 5256 848 5292 :
884 5237 967 5293 Tu
994 5254 1054 5295 es
1076 5237 1293 5305 Petrus,
1319 5247 1374 5295 et
1407 5253 1572 5308 super
1614 5238 1757 5293 hanc
1787 5248 1995 5310 petram

429 5330 710 5387 adificabo
755 5330 1055 5388 Ecclesium
1111 5345 1313 5397 meam,
1351 5338 1405 5387 et
1437 5337 1607 5402 portae
1654 5329 1851 5386 inferni
1883 5344 1993 5385 non

426 5422 793 5494 praevalebunt
822 5421 1087 5476 adversus
1106 5435 1251 5489 eam;
1268 5429 1323 5476 et
1350 5421 1492 5478 dabo
1522 5422 1621 5477 tibi
1648 5423 1828 5478 claves
1842 5423 1995 5494 regni

423 5516 708 5575 caelorum,
722 5520 776 5568 et
788 5527 1121 5583 quacunque
1142 5513 1393 5584 ligaveris
1419 5529 1581 5584 super
1595 5521 1819 5582 terram,
1834 5520 1998 5570 erunt

423 5606 587 5677 ligata
613 5606 747 5660 etin
773 5604 956 5662 caelis:
996 5613 1052 5660 et
1075 5621 1410 5678 quaecunque
1438 5607 1665 5664 solveris
1688 5621 1852 5679 super
1880 5614 1993 5664 ter-

526 5765 572 5798 "
595 5763 854 5832 δίοψις,
878 5765 933 5836 2,
959 5766 1010 5822 3.
1088 5765 1132 5798 ’³
1157 5763 1396 5833 Luc.v1,
1430 5763 1616 5820 1545.

1870 5883 1967 5892 ...ι-...ι
1998 5884 2003 5889 r

2127 3329 2285 3384 ριμος
2304 3313 2397 3367 καὶ
2430 3314 2687 3386 φοιτητὴς
2713 3314 2949 3383 γεγονὼς
2971 3316 3446 3389 ἀπομνημονεῦσαι
3479 3317 3697 3387 λέγεται

2123 3403 2221 3469 τὰς
2238 3404 2332 3458 τοῦ
2347 3405 2550 3478 Πέτρου
2572 3406 2700 3477 περὶ
2717 3405 2824 3461 τῶν
2843 3407 3092 3477 πράξεων
3110 3409 3202 3461 τοῦ
3219 3408 3393 3481 Ἰησοῦ
3413 3409 3692 3476 διαλέξεις,

2120 3498 2179 3562 ὃς
2220 3497 2387 3551 ἐλθὼν
2420 3500 2505 3551 ἐπ’
2540 3500 2720 3553 ἐκεῖνα
2752 3499 2851 3569 τῆς
2891 3500 3148 3572 ἱστορίας,
3186 3503 3243 3555 ἐν
3288 3496 3370 3566 οἷς
3407 3504 3436 3556 6
3483 3502 3690 3573 Ἰησοῦς

2120 3591 2420 3661 ἐρωτήσας,
2451 3588 2573 3645 τίνα
2602 3590 2763 3659 φασιν
2792 3590 2952 3643 αὐτὸν
2983 3593 3032 3644 oi
3073 3592 3369 3665 ἂνθρωποι,
3402 3593 3497 3646 καὶ
3539 3594 3693 3647 αὐτοὶ

2118 3682 2174 3735 δὲ
2203 3684 2254 3735 οἱ
2286 3681 2450 3735 αὐτοῦ
2493 3682 2751 3753 μαθηταὶ,
2795 3682 2914 3737 τίνα
2940 3683 3093 3749 δόξαν
3123 3685 3296 3756 ἔχοιεν
3333 3687 3463 3758 περὶ
3503 3685 3691 3752 αὐτοῦ,

2120 3774 2526 3837 ὑπακούσαντος
2567 3775 2661 3829 τοῦ
2708 3776 2935 3849 Πέτρου,
2968 3777 3044 3840 ὠς
3085 3779 3212 3849 περὶ
3253 3777 3512 3851 Χριστοῦ,
3539 3778 3690 3833 οὐδὲν

2116 3869 2548 3940 ἀποκρινάμενον
2587 3870 2677 3924 τὸν
2711 3870 2914 3942 Ἰησοῦν
2944 3870 3064 3923 οὐδὲ
3101 3870 3329 3939 λέγοντα
3370 3870 3519 3941 αὐτῷ
3556 3870 3691 3942 γρά-

2117 3978 2227 4030 φει,
2253 3960 2364 4013 ἀλλ’
2390 3962 2470 4014 δτι
2514 3961 2841 4032 ἐπετίμησεν
2884 3962 3086 4026 αὐτοῖς,
3131 3962 3219 4016 ἴνα
3257 3962 3447 4035 μηδενὶ
3488 3963 3686 4032 λέγωσι

2115 4055 2242 4126 περὶ
2279 4053 2462 4107 αὐτοῦ.
2497 4055 2571 4106 Οὐ
2612 4053 2722 4125 γάρ
2761 4053 2941 4124 παρῆν
2968 4054 2996 4107 6
3034 4053 3259 4125 Μάρκος
3287 4055 3399 4117 τοῖς
3430 4054 3535 4107 ὐπὸ
3589 4054 3685 4108 τοῦ

2128 4144 2297 4217 Ἰησοῦ
2331 4146 2618 4216 λεχθεῖσιν,
2662 4145 2775 4199 ἀλλ’
2819 4145 2940 4197 οὐδὲ
2990 4145 3194 4216 Πέτρος
3228 4143 3299 4197 τὰ
3336 4144 3472 4216 πρὸς
3522 4142 3686 4200 αὐτὸν

2113 4239 2207 4291 καὶ
2250 4238 2379 4309 περὶ
2416 4239 2579 4292 αὐτοῦ
2623 4237 2880 4307 λεχθέντα
2907 4236 2984 4308 τῷ
3029 4236 3201 4308 Ἰησοῦ
3236 4236 3472 4290 ἐδικαίου
3513 4236 3580 4290 δι’
3605 4237 3683 4292 οί-

2113 4329 2266 4394 κείας
2297 4330 2590 4402 προφέρειν
2620 4328 2941 4401 μαρτυρίας.
2975 4329 3108 4381 Τίνα
3134 4328 3191 4381 δὲ
3217 4324 3284 4399 ἦν
3306 4328 3376 4382 τά
3409 4329 3546 4401 πρὸς
3586 4329 3683 4382 αὐ·-

2109 4423 2199 4477 τὺν
2234 4422 2509 4493 λεχθέντα,
2544 4422 2816 4484 Ματθαῖος
2850 4420 2998 4492 δηλοῖ
3020 4419 3109 4474 διὰ
3144 4420 3347 4474 τούτων
3367 4437 3381 4451 ·
3423 4440 3444 4472 ι
3491 4422 3681 4494 Ὑμεῖς

2109 4511 2166 4565 δὲ
2191 4513 2311 4565 τίνα
2356 4528 2424 4581 με
2464 4511 2649 4579 λέγετε
2694 4506 2866 4574 εἴναις
2912 4509 3253 4583 Ἀποκριθεὶς
3284 4510 3340 4563 δὲ
3367 4512 3548 4582 Σίμων
3577 4514 3682 4567 Πέ-

2108 4622 2232 4677 τρος
2279 4598 2439 4657 εἷπε*
2476 4604 2547 4656 Σύ
2582 4600 2632 4656 εἷ
2681 4604 2710 4655 6
2754 4603 2985 4675 Χριστὸς
3025 4603 3053 4655 6
3084 4602 3213 4667 Υἱὸς
3259 4602 3353 4656 τοῦ
3398 4604 3532 4657 Θεοῦ
3581 4606 3677 4660 τοῦ

2108 4694 2330 4761 ζῶντος.
2369 4692 2709 4763 ’Λποκριθεὶς
2736 4692 2794 4746 δὲ
2831 4692 3036 4765 Ἰησοῦς
3071 4688 3224 4746 εἶπεν
3252 4693 3401 4766 αὐτῴ
3422 4711 3436 4724 ·
3482 4696 3676 4750 Μακά-

2110 4807 2222 4860 ριος
2255 4787 2325 4852 εἶ,
2353 4789 2535 4858 Σίμων
2562 4788 2831 4859 Βαριωνᾶ,
2861 4789 2942 4841 ὅτι
2969 4786 3105 4859 σὰρξ
3133 4786 3226 4839 καὶ
3254 4781 3391 4857 αἷμα
3425 4789 3525 4841 οὐκ
3552 4789 3623 4841 ἐπ
3648 4818 3675 4829 -

2104 4873 2338 4943 εκάλυψέ
2374 4891 2474 4938 σοι,
2510 4873 2623 4927 ἀλλ’
2661 4876 2691 4928 6
2716 4875 2904 4948 Πατήρ
2945 4892 3047 4946 μου
3086 4875 3115 4926 6
3150 4875 3207 4927 ἐν
3251 4878 3364 4939 τοῖς
3403 4875 3670 4948 οὐρανοῖς,

2103 4968 2198 5020 καὶ⁹
2229 4965 2340 5035 ἐγώ
2392 4983 2473 5019 σοι
2505 4965 2681 5034 λέγω·
2719 4968 2791 5021 Σὺ
2832 4964 2884 5021 εἷ
2922 4968 3147 5039 Πέτρος,
3196 4968 3293 5021 καὶ
3334 4968 3428 5021 ἐπὶ
3470 4967 3670 5040 ταύτην

2103 5058 2202 5129 τὴν
2251 5057 2453 5128 πέτραν
2489 5057 2826 5130 οἰκοδομήσω
2874 5075 2975 5131 μου
3018 5061 3117 5131 τὴν
3170 5059 3519 5130 Ἐκκλησίαν,
3574 5062 3670 5115 καὶ

2104 5149 2265 5203 πύλαι
2303 5150 2429 5222 ᾅδου
2458 5151 2517 5203 οὐ
2564 5151 2978 5222 κατισχύσουσιν
3022 5150 3213 5221 αὐτῆς
3251 5153 3347 5205 καὶ
3385 5150 3541 5206 δώσω
3586 5170 3669 5209 σοι

2102 5240 2201 5305 τὰς
2242 5240 2389 5305 κλεῖς
2427 5240 2527 5311 τῆς
2563 5240 2837 5311 βασιλείας
2878 5240 2986 5293 τῶν
3017 5239 3292 5312 οὐρανῶν
3337 5240 3432 5295 καὶ
3468 5242 3568 5296 ὅσα
3601 5243 3669 5297 ἂν

2100 5333 2268 5406 δήσῃς
2300 5334 2392 5386 ἐπὶ
2419 5334 2516 5404 τῆς
2539 5333 2661 5403 γῆς,
2692 5332 2842 5386 ἔσται
2862 5333 3116 5404 δεδεμένα
3149 5334 3207 5385 ὲν
3237 5336 3351 5397 τοῖς
3381 5335 3628 5406 οὐρανοῖς
3648 5350 3664 5366 ·

2099 5425 2191 5477 καὶ
2220 5425 2320 5478 ὅσα
2352 5423 2418 5478 ἂν
2460 5423 2629 5496 λύσῃς
2665 5423 2757 5476 ἐπὶ
2799 5423 2897 5494 τῆς
2942 5423 3066 5492 γῆς,
3109 5422 3258 5477 ἔσται
3300 5423 3569 5496 λελυμένα
3608 5427 3666 5479 ἐν

2097 5517 2211 5579 τοῖς
2236 5515 2500 5586 οὐρανοῖς.
2539 5534 2558 5566 ι
2593 5513 2873 5568 Τοσούτων
2905 5514 3208 5585 εἰρημένων
3233 5515 3311 5587 τῷ
3344 5517 3534 5588 Πέτρῳ
3559 5514 3665 5571 ὑπὸ

2097 5605 2192 5661 τοῦ
2231 5605 2426 5692 Ἰησοῦ,
2470 5607 2504 5660 6
2530 5605 2775 5692 Μάρκος,
2811 5604 2976 5679 μηδὲν
3014 5606 3217 5661 τούτων
3262 5605 3660 5681 μνημονεύσας,
