4158 6418
415 326 518 384 217
1331 319 1984 380 DEMONSTRATIONIS
2014 321 2471 380 EVANGELICJE
2492 322 2620 377 LIB.
2647 321 2737 380 111.
3562 333 3670 382 κιδ

414 441 499 497 δτι
547 439 672 512 μηδ’
713 439 744 491 δ
776 437 988 510 Πέτρος
1033 436 1209 503 ταῦθ’,
1249 437 1325 501 ὡς
1365 424 1531 502 εἰκὸς,
1565 440 1625 493 ὲν
1662 443 1782 504 ταῖς
1824 440 1989 494 αὐτοῦ
2023 448 2056 504 Α

2027 448 2065 504 Α
2091 454 2232 502 ram,
2252 445 2413 495 erunt
2434 437 2609 493 soluta
2625 449 2679 493 et
2701 440 2755 493 in
2774 438 2928 495 cmlis
2948 439 3012 494 7‘.
3028 457 3047 492 ι
3073 438 3210 497 Cum
3231 438 3346 496 haec
3368 447 3477 495 tam
3499 444 3669 499 multa

413 527 782 591 διδασκαλίαις
805 527 1183 600 ὲξηγόρευσεν,
1212 528 1311 598 ὅρα
1331 528 1383 580 τί
1410 546 1595 600 φησιν,
1618 530 1989 599 ἐρωτήσαντος

2096 532 2241 586 dicta
2275 530 2386 585 sint
2414 528 2578 585 Petro
2606 531 2674 585 ab
2701 529 2852 594 Jesu,
2885 531 3102 587 Marcus
3133 533 3270 587 nihil
3292 533 3485 587 borum
3515 549 3667 591 com~

415 624 512 678 τοῦ
550 622 723 695 Ἰησοῦ
750 640 765 654 ⁸
800 639 819 672 ι
843 620 1188 694 Ἀποκριθεὶς
1214 624 1241 675 ὁ
1266 622 1470 693 Πέτρος
1519 622 1703 691 λέγει’
1753 625 1825 678 Συ
1871 620 1922 677 εί
1962 627 1991 678 ὁ

2091 637 2422 683 memorans.
2436 631 2722 693 propterea
2737 624 2883 692 quod
2899 638 2966 678 ne
2986 620 3180 680 Petrus
3199 625 3438 695 quidem,
3452 629 3669 683 utveri-

411 713 667 787 Χριστός.
705 713 819 767 Καὶ
848 713 1178 782 ἐπετίμησεν
1204 713 1405 776 αὐτοῖς,
1433 713 1519 767 ἵνα
1561 714 1749 784 μηδενὶ
1787 716 1988 783 λέγωσι

2088 713 2263 769 simile
2278 720 2361 768 est
2383 714 2511 766 talia
2533 715 2585 767 in
2612 713 2729 768 suis
2752 714 3154 770 narrationibus
3175 717 3496 782 enuntiavit,
3514 719 3662 784 audi,

410 806 545 876 περὶ
570 802 756 858 αὑτοῦ.
797 823 815 854 ι
859 803 1045 857 Ταῦτα
1078 803 1174 872 μὲν
1207 799 1300 856 οὖν
1328 804 1356 855 ὁ
1390 804 1594 875 Πέτρος
1624 806 1848 869 εἰκότως
1886 823 1989 859 πα-

2083 803 2217 874 quid
2247 804 2415 869 dicat,
2444 812 2567 875 pust
2604 804 2733 860 Jesu
2781 806 3298 875 interrogationem:
3345 827 3365 860 ‹
3412 808 3666 879 Respon-

411 894 790 965 ρασιωπᾶσθαι
814 894 967 963 ἠξίου
986 906 1002 924 ⁸
1042 894 1122 947 διὸ
1152 895 1247 948 καὶ
1268 895 1491 967 Μάρκος
1511 895 1649 949 αὐτὰ
1680 898 1945 969 παρέλιπε
1968 915 1982 929 ·

2085 893 2242 956 dens,
2286 894 2482 964 inquit,
2508 892 2703 947 Petrus
2730 893 2861 947 dicit
2887 911 2902 947 :
2928 892 3008 947 Tu
3037 909 3097 950 es
3125 894 3399 959 Christus,
3431 903 3486 950 et
3512 912 3665 951 com-

405 983 479 1035 τὰ
511 982 569 1035 δὲ
610 982 752 1035 κατὰ
779 983 877 1053 τὴν
905 983 1134 1054 ἄρνησιν
1177 983 1341 1036 αὑτοῦ
1375 986 1455 1047 εἰς
1484 987 1692 1050 πάντας
1720 986 1985 1059 ἐκήρυξεν

2088 985 2332 1040 minatus
2383 995 2467 1040 est
2495 985 2599 1049 eis,
2638 993 2699 1041 ut
2733 986 2937 1040 nemini
2982 986 3226 1041 dicerent
3275 986 3343 1042 de
3393 989 3598 1058 ipso".
3637 1007 3658 1042 ι

404 1072 751 1145 ἀνθρώπους.
806 1075 960 1128 Ἐπεὶ
996 1075 1089 1127 καὶ
1135 1074 1395 1129 ἔκλαυσεν
1440 1077 1525 1129 ἐπ’
1570 1078 1706 1150 αὐτῇ
1750 1079 1980 1152 πικρῶς.

2086 1074 2211 1131 Hmc
2242 1092 2374 1131 sane
2413 1075 2609 1133 Petrus
2643 1078 2838 1131 merito
2867 1078 3097 1132 tacenda
3140 1078 3408 1148 judicavit
3444 1099 3457 1133 :
3491 1096 3664 1150 quare

406 1163 613 1236 Εὖροις
659 1163 703 1217 δ’
745 1158 836 1217 οὖν
877 1164 971 1218 τὸν
1024 1165 1249 1235 Μάρκον
1298 1166 1611 1238 ἱστοροῦντα
1655 1171 1780 1241 περὶ
1818 1170 1983 1223 αὐτοῦ

2086 1166 2248 1221 etiam
2290 1166 2506 1223 Marcus
2530 1185 2593 1223 ea
2628 1170 2913 1239 prieteriit.
2948 1169 3081 1235 Quae
3110 1179 3289 1226 autem
3320 1170 3388 1224 ad
3417 1173 3663 1242 negatio-

400 1254 537 1306 τάδε
560 1270 577 1284 ·
628 1272 647 1305 ι
684 1255 794 1307 Καὶ
823 1254 975 1318 ὄντος
1017 1254 1110 1307 τοῦ
1138 1255 1343 1327 Πέτρου
1383 1259 1441 1310 ὲν
1468 1262 1534 1330 τῇ
1574 1259 1733 1332 αύλῆ,
1766 1260 1981 1332 ἔρχεται

2082 1273 2204 1312 nem
2219 1274 2369 1313 suam
2386 1261 2749 1328 pertinebant,
2774 1263 2826 1315 in
2845 1278 3036 1317 omnes
3066 1262 3314 1318 homines
3347 1265 3572 1334 pratulit
3594 1279 3658 1321 ac

402 1345 548 1416 πρὸς
577 1347 736 1399 αὐτὸν
786 1346 884 1417 μία
914 1347 1021 1400 τῶν
1056 1346 1351 1401 παιδίσκων
1390 1351 1483 1402 τοῦ
1528 1352 1847 1422 ἀρχιερέως,
1889 1353 1985 1406 καὶ

2084 1349 2413 1418 publicavit:
2438 1352 2694 1420 quoniam
2717 1361 2837 1422 post
2860 1354 3005 1407 illam
3030 1352 3173 1408 ﬂevit
3189 1369 3389 1411 amare.
3411 1353 3658 1412 Invenies

402 1438 594 1491 ἰδοῦσα
628 1439 789 1492 αὑτὸν
811 1438 1253 1511 θερμαινόμενον,
1280 1441 1595 1513 ἐμϐλέψασα
1624 1443 1771 1516 αύτῷ
1799 1445 1979 1514 λέγει’

2079 1442 2263 1510 itaque
2286 1442 2352 1496 de
2372 1457 2437 1498 eo
2458 1451 2770 1498 narrantem
2794 1443 3034 1497 Marcum
3067 1462 3080 1497 :
3110 1462 3128 1494 ‹
3159 1443 3363 1500 Etcum
3391 1453 3536 1501 esset
3557 1444 3659 1500 Pe-

397 1526 519 1578 Kal
551 1528 615 1579 σὺ
648 1527 785 1597 μετά
829 1529 1002 1599 Ἰησοῦ
1030 1529 1122 1583 τοῦ
1150 1532 1471 1602 Ναζωραίου
1494 1531 1582 1605 ῆςε
1628 1536 1684 1590 '0
1719 1537 1776 1590 δὲ
1813 1540 1981 1611 ἠρνή-

2080 1540 2199 1588 trus
2236 1532 2289 1586 in
2320 1533 2480 1597 atrio,
2511 1535 2657 1588 venit
2688 1535 2752 1587 ad
2779 1550 2902 1588 eum
2935 1550 3044 1588 una
3095 1550 3159 1589 ex
3192 1535 3406 1590 ancillis
3455 1538 3656 1592 summi

399 1632 542 1671 σατο
564 1616 736 1687 λέγων
758 1636 772 1650 ·
804 1618 940 1673 Οὔτε
962 1621 1257 1692 ἐπίσταμαι
1289 1624 1342 1676 τί
1381 1627 1444 1678 σὺ
1469 1625 1676 1695 λέγεις’
1707 1630 1800 1682 καὶ
1824 1630 1980 1702 ἐξῆλ-

2080 1624 2403 1685 sacerdotis.
2451 1632 2662 1679 etcum
2709 1625 2937 1680 vidisset
2980 1624 3200 1679 Petrum
3238 1626 3651 1682 calefacientem

394 1713 497 1768 Θεν
544 1718 624 1778 εἰς
666 1717 727 1770 τὸ
768 1716 872 1781 ἔξω
919 1719 1228 1788 προαύλιον,
1276 1721 1370 1773 καὶ
1420 1721 1665 1794 ἀλέκτωρ
1706 1724 1971 1796 ὲφώνησε.

2076 1731 2155 1777 se,
2188 1716 2460 1784 aspiciens
2501 1718 2675 1783 illum,
2705 1718 2781 1770 ait
2817 1737 2829 1772 :
2862 1716 2927 1770 Et
2959 1726 3016 1771 tu
3046 1732 3169 1771 cum
3204 1716 3334 1773 Jesu
3369 1717 3658 1774 Nazareno

391 1805 573 1860 Πάλιν
608 1808 667 1861 δὲ
713 1806 891 1861 ἰδοῦσα
927 1810 1089 1866 αὑτὸν
1130 1814 1163 1883 ἡ
1212 1813 1491 1884 παιδίσκη,
1546 1815 1746 1887 ἤρξατο
1795 1798 2033 1886 λέγεινῃ

2011 1798 2043 1858 Β
2073 1821 2218 1871 eras,
2254 1815 2310 1860 at
2363 1808 2453 1863 ille
2498 1811 2713 1880 negavit
2772 1809 3000 1865 dicens:
3034 1809 3220 1879 Neque
3266 1810 3416 1875 novi,
3475 1825 3653 1881 neque

391 1901 512 1962 ’τοῖς
541 1899 887 1971 παρεστῶσιν
914 1917 928 1931 ·
963 1896 1129 1967 Οὗτος
1148 1903 1206 1970 ἐξ
1232 1905 1409 1959 αύτῶν
1436 1908 1600 1960 ἐστιν.
1646 1909 1705 1961 'O
1729 1909 1785 1963 δὲ
1815 1911 1976 1964 πάλιν
2000 1926 2003 1931 ·

2076 1898 2193 1951 scio
2219 1897 2351 1967 quid
2373 1898 2547 1963 dicas,
2576 1908 2630 1954 et
2655 1902 2821 1956 exivit
2854 1901 3002 1955 foras
3034 1909 3160 1956 ante
3192 1905 3411 1963 atrium,
3448 1910 3504 1957 et
3536 1903 3651 1972 gal-

390 1993 695 2062 ἠρνήσατο.
739 1994 847 2048 Καὶ
883 1994 1021 2066 μετά
1055 1996 1247 2067 μικρὸν
1279 1997 1438 2051 πάλιν
1474 2001 1823 2069 παρεστῶτες
1858 2002 1974 2056 ἔλε-

2073 1987 2161 2042 lus
2194 1991 2451 2044 cantavit.
2485 1989 2698 2047 Rursus
2738 1998 2918 2044 autem
2948 2004 3070 2042 cum
3101 1990 3327 2045 vidisset
3367 1990 3517 2044 illum
3550 2005 3650 2044 an-

394 2098 498 2149 γον
527 2082 607 2153 τῷ
635 2083 826 2155 Πέτρῳ
846 2102 860 2115 ’
906 2086 1145 2157 Ἀληθῶς
1166 2087 1224 2154 ἐξ
1251 2088 1429 2142 αὐτῶν
1456 2086 1525 2153 εἴ,
1554 2092 1647 2144 καὶ
1676 2091 1782 2163 γὰρ
1816 2092 1856 2144 Γ
1856 2094 1974 2148 αλι-

2070 2078 2216 2145 cilla,
2242 2082 2407 2150 carpit
2430 2082 2612 2137 dicere
2637 2081 3127 2136 circumstantibus
3152 2100 3166 2135 :
3200 2080 3299 2135 Hic
3323 2096 3387 2136 ex
3411 2082 3517 2137 illis
3538 2090 3645 2147 est,

388 2172 549 2238 λαῖος
577 2170 648 2230 εἴ.
699 2176 757 2228 '0
794 2177 852 2230 δὲ
899 2178 1100 2249 ἤρξατο
1140 2180 1557 2252 ἀναθεματίζειν
1592 2185 1685 2237 καὶ
1727 2186 1968 2256 ὀμνύειν,

2071 2175 2128 2220 at
2180 2167 2271 2222 ille
2323 2169 2522 2223 iterum
2570 2171 2833 2239 negavit:
2867 2169 2931 2222 Et
2979 2177 3102 2239 post
3137 2170 3415 2238 pusillum,
3452 2186 3647 2227 rursus

384 2266 474 2318 ὅτι
508 2267 624 2320 Οὐκ
655 2262 770 2321 οἶδα
814 2269 905 2322 τὸν
948 2269 1233 2340 ἄνθρωπον
1274 2273 1480 2338 τοῦτον,
1524 2275 1582 2329 ὃν
1624 2275 1841 2345 λέγετεο
1876 2279 1971 2332 καὶ

2070 2258 2164 2329 qui
2192 2259 2441 2314 astabant
2477 2259 2731 2314 dicebant
2748 2260 2908 2315 Petro
2947 2279 2959 2313 :
2996 2259 3135 2315 Vere
3163 2275 3229 2314 ex
3262 2260 3371 2315 illis
3401 2274 3483 2325 es,
3517 2275 3642 2315 nam

384 2357 596 2421 εὐθέως
626 2361 690 2412 ὲκ
716 2359 966 2433 δευτέρου
999 2363 1243 2437 ἀλέκτωρ
1277 2365 1541 2437 ὲφώνησε.
1575 2386 1594 2419 ι
1619 2369 1841 2440 Μάρκος
1871 2372 1969 2441 μὲν

2069 2359 2126 2404 et
2153 2346 2407 2406 Galilazus
2448 2367 2509 2407 es
2545 2370 2557 2404 :
2588 2353 2678 2408 ille
2729 2365 2908 2407 autem
2949 2352 3116 2422 coepit
3158 2353 3642 2418 anathematizare,

384 2448 569 2504 ταῦτα
604 2452 804 2522 γράφει
830 2469 843 2482 ο
880 2453 1085 2525 Πέτρος
1122 2456 1180 2509 δὲ
1214 2456 1389 2511 ταῦτα
1434 2460 1560 2530 περὶ
1604 2460 1799 2513 ἑαυτοῦ
1830 2479 1967 2534 μαρ-

2067 2449 2123 2496 et
2168 2441 2378 2510 jurare,
2410 2443 2558 2511 quod
2602 2444 2788 2498 nescio
2826 2443 3099 2498 hominem
3142 2443 3330 2505 istum,
3371 2458 3532 2513 quem
3559 2443 3647 2497 di-

384 2543 583 2612 τυρεῖο
615 2544 790 2597 πάντα
817 2545 927 2619 γὰρ
956 2547 1024 2599 τὰ
1050 2548 1199 2620 παρά
1228 2550 1441 2621 Μάρκῳ
1465 2550 1573 2604 τῶν
1608 2552 1815 2624 Πέτρου
1854 2554 1969 2607 δια-

2070 2534 2197 2589 citis
2237 2550 2253 2589 :
2288 2541 2341 2590 et
2384 2535 2569 2590 statim
2597 2536 2774 2606 gallus
2808 2536 3006 2591 iterum
3038 2537 3283 2591 cantavit
3314 2538 3381 2591 ⁷⁸.
3430 2555 3448 2587 ι
3485 2536 3644 2607 122

384 2630 594 2697 λέξεων
633 2630 769 2688 εἶναι
809 2637 1022 2705 λέγεται
1072 2641 1624 2714 ἀπομνημονεύματα.
1674 2622 1736 2698 Oi
1778 2645 1842 2717 δὴ
1873 2641 1966 2699 οὖν

2067 2622 2283 2680 Marcus
2313 2627 2530 2694 quidem
2564 2627 2679 2681 haec
2700 2627 2909 2690 scribit,
2934 2641 2999 2681 ac
3017 2624 3212 2683 Petrus
3232 2627 3347 2682 haec
3367 2628 3436 2683 de
3460 2629 3644 2698 seipso

383 2724 460 2779 τὰ
493 2724 593 2794 μὲν
619 2724 843 2790 δόξαντα
878 2729 1060 2792 αὐτοῖς
1092 2730 1300 2801 ἀγαθὴν
1330 2732 1517 2803 φέρειν
1549 2735 1735 2806 φήμην
1764 2714 1966 2806 παραι-

2065 2714 2393 2770 testificatur
2422 2734 2437 2770 :
2469 2716 2652 2770 omnia
2680 2718 2823 2772 enim
2850 2732 2972 2787 quas
2996 2718 3140 2788 apud
3176 2717 3419 2773 Marcum
3450 2717 3642 2789 legun—

380 2816 663 2885 τούμενοι,
703 2816 803 2880 τὰς
834 2817 892 2871 δὲ
918 2818 1040 2871 καθ’
1085 2821 1290 2874 ἑαυτῶν
1316 2821 1568 2886 διαδολάς
1610 2805 1696 2888 εἰς
1729 2805 1963 2898 ἄληστον

2065 2813 2175 2868 tur,
2220 2805 2594 2860 narrationum
2619 2822 3043 2876 sermonumque
3064 2805 3209 2861 Petri
3238 2806 3498 2861 dicuntur
3517 2822 3642 2863 esse

383 2904 563 2957 αἰῶνα
590 2905 1051 2977 καταγράφοντες,
1081 2910 1176 2962 καὶ
1208 2909 1315 2963 τῶν
1351 2912 1848 2983 πλημμεληθέντων
1875 2918 1966 2970 αὐ-

2064 2900 2477 2953 commentaria.
2498 2899 2611 2963 Qui
2650 2898 2816 2969 igitur
2842 2914 2906 2954 ea
2945 2915 3066 2969 quae
3104 2909 3354 2970 poterant
3378 2899 3513 2970 ipsis
3551 2898 3639 2953 af-

380 2996 502 3058 τοῖς
544 2996 646 3058 τὰς
678 2998 1031 3069 κατηγορίας,
1066 2998 1134 3062 ἃς
1170 3000 1269 3052 οὐκ
1298 3000 1362 3054 ἄν
1393 3018 1477 3065 τις
1508 3002 1649 3072 ἔγνω
1679 3004 1787 3058 τῶν
1823 3008 1962 3076 μετά

2064 2988 2207 3044 ferre
2241 2989 2441 3044 bonam
2489 2989 2709 3055 famam,
2754 2999 3032 3055 recusant,
3065 2992 3477 3046 criminationes
3509 3006 3638 3047 vero

376 3087 576 3153 ταῦτα,
604 3089 653 3141 εἰ
685 3090 758 3160 μὴ
795 3090 884 3143 διὰ
911 3091 1011 3161 τῆς
1033 3092 1209 3146 αὐτῶν
1242 3092 1441 3163 ἔμαθεν
1481 3096 1666 3166 φωνῆς
1686 3096 1808 3150 καθ’
1837 3099 1963 3152 έαυ-
1988 3137 2018 3166 ,-

1996 3137 2028 3166 ρ
2064 3089 2255 3135 contra
2285 3083 2518 3150 seipsos,
2538 3083 2882 3152 sempiterna:
2906 3088 3182 3137 memoriae
3207 3084 3261 3137 in
3284 3085 3503 3153 scriptis
3522 3084 3638 3139 suis

393 3137 478 3143 -νε-
501 3137 576 3153 "vv
608 3137 651 3141 τ’
685 3137 758 3160 r-i
801 3137 883 3143 νη-
923 3137 1008 3161 --ιν
1035 3137 1205 3146 -ν--ν
1243 3137 1437 3163 *ι’-*σνν-
1483 3137 1661 3166 τνυ-ιδ
1689 3137 1787 3150 η’·’ν
1837 3137 1961 3152 ἐυ-ν-

374 3180 491 3234 τῶν
516 3182 939 3253 στηλιτεύοντες,
969 3184 1087 3248 πῶς
1106 3184 1167 3238 οὐ
1187 3186 1471 3255 φιλαυτίας
1498 3189 1596 3259 μὲν
1620 3190 1837 3261 ἀπάσης
1864 3194 1958 3247 καὶ
1987 3137 2016 3194 ζ

1994 3137 2029 3194 c
2062 3137 2471 3235 commendant,
2503 3178 2555 3224 et
2582 3137 2771 3225 eoi-um
2810 3188 2932 3242 qum
2961 3174 3029 3228 ab
3079 3173 3216 3244 ipsis
3245 3137 3467 3243 peccata
3506 3182 3636 3229 sunt

376 3271 735 3341 ψευδολογίας
761 3274 917 3338 ἐκτὸς
943 3276 1220 3344 γεγονέναι
1254 3277 1476 3342 ἐνδίκως
1498 3278 1563 3332 ἂν
1593 3279 1955 3349 ὁμολογοῖντο,

2059 3265 2460 3328 accusationes,
2491 3279 2629 3332 quas
2661 3265 3023 3334 posteriorum
3056 3267 3241 3321 nullus
3270 3283 3509 3337 unquam
3540 3282 3636 3322 co»

376 3361 712 3433 φιλαλήθους
734 3362 792 3416 δὲ
815 3363 1105 3428 διαθέσεως
1138 3366 1282 3437 σαφῆ
1322 3368 1415 3420 καί⁵
1454 3370 1656 3441 ἐναργῆ
1683 3372 1955 3442 τεκμήρια

2058 3356 2353 3423 gnovisset,
2388 3356 2492 3410 nisi
2533 3356 2774 3424 ipsorum
2816 3358 3036 3427 scriptis
3070 3358 3373 3425 didicisset,
3418 3358 3634 3428 publice

376 3451 825 3521 παρεσχηκέναι;
852 3453 914 3505 Oi
936 3451 991 3504 δέ
1020 3469 1081 3521 γε
1108 3454 1234 3517 τοὺς
1263 3455 1502 3508 τοιούσδε
1532 3457 1839 3512 πεπλάσθαι
1862 3461 1956 3514 καὶ

2057 3448 2127 3501 ab
2156 3448 2411 3503 omnibus
2445 3447 2695 3517 legendas
2738 3459 3070 3519 proponunt,
3101 3465 3201 3503 cur
3230 3466 3338 3505 non
3381 3451 3450 3505 ab
3479 3451 3628 3506 omni

373 3539 820 3609 καταψεύσασθαι
844 3541 1176 3612 νομίζοντες,
1211 3545 1305 3597 καὶ
1334 3541 1421 3599 οἷα
1460 3545 1680 3611 πλάνοις
1717 3548 1955 3622 βλασφη-

2053 3541 2121 3597 de
2173 3542 2369 3612 seipsis
2430 3543 2721 3613 Opinione,
2770 3544 3030 3613 omnique
3087 3543 3376 3599 mendacio
3431 3545 3628 3599 merito

376 3634 501 3698 μεῖν
524 3630 875 3702 πειρώμενοι,
906 3633 1023 3696 πῶς
1046 3636 1146 3687 οὐκ
1174 3635 1240 3688 ἂν
1265 3637 1503 3705 γένοιντο
1526 3639 1915 3707 καταγέλαστοι
1936 3657 1950 3707 ;

2053 3635 2348 3690 abhorrere
2394 3635 2725 3690 credantur?
2760 3636 3036 3705 studiique
3061 3650 3190 3705 erga
3223 3636 3504 3690 veritatem
3538 3650 3628 3691 ar-

371 3723 519 3792 φίλοι
565 3724 666 3793 μὲν
709 3724 904 3793 φθόνου
951 3727 1043 3781 καὶ
1093 3726 1413 3796 βασκανίας,
1455 3730 1638 3801 ἐχθροὶ
1682 3732 1739 3785 δὲ
1784 3734 1951 3804 αὐτῆς

2050 3733 2307 3797 gumenta
2356 3727 2662 3781 certissima
2698 3728 2976 3797 praebere?
3004 3727 3109 3793 Qui
3150 3742 3277 3781 vero
3313 3727 3448 3781 tales
3476 3726 3627 3782 viros

370 3814 634 3884 ἀληθείας
667 3815 1033 3887 ἁλισκόμενοι,
1066 3818 1120 3870 οῖ
1141 3834 1203 3887 γε
1231 3820 1356 3881 τοὺς
1381 3818 1550 3883 οὕτως
1573 3820 1950 3894 ἀπανούργους

2051 3817 2363 3871 fictionibus
2402 3832 2553 3879 usos,
2587 3832 2651 3871 ac
2699 3818 2958 3871 mentitos
3007 3825 3220 3887 putant,
3267 3824 3321 3872 et
3361 3825 3622 3888 tanquam

368 3907 467 3961 καὶ
499 3906 774 3960 ἄπλαστον
805 3908 882 3971 ὡς
912 3907 1127 3978 ἀληθῶς
1159 3910 1253 3963 καὶ
1282 3910 1538 3983 ἀκέραιον
1563 3907 1694 3983 ἦθος
1722 3913 1809 3966 διὰ
1841 3913 1949 3966 τῶν

2049 3910 2373 3979 impostores
2417 3909 2636 3962 infamia
2666 3909 2989 3978 probrisque
3008 3919 3195 3962 notare
3217 3918 3508 3977 conantur,
3526 3926 3625 3964 cur

365 3999 585 4051 οἰκείων
612 3998 786 4067 λόγων
814 3999 1299 4071 ἐπιδεδειγμένους,
1324 4002 1661 4073 πανούργους
1676 4004 1827 4067 τινάς
1855 4005 1948 4058 καὶ

2046 4016 2157 4055 non
2186 4000 2289 4069 ipsi
2324 4000 2507 4069 potius
2539 4005 2594 4054 et
2619 4000 2837 4054 ridiculi
2878 4010 3027 4063 sunt,
3065 4007 3119 4054 et
3144 4000 3272 4054 odio
3310 4000 3626 4070 invidiaque

364 4090 575 4155 δεινοὺς
601 4091 944 4145 ὑποτίθενται
975 4092 1252 4162 σοφιστὰς,
1278 4092 1352 4157 ὡς
1374 4093 1444 4146 τά
1478 4096 1551 4165 μὴ
1581 4095 1712 4149 ὄντα
1744 4095 1948 4149 πλασα-

2045 4092 2216 4162 digni,
2269 4101 2528 4161 tanquam
2579 4093 2759 4146 omnis
2804 4092 3049 4147 veritatis
3076 4092 3279 4146 inimici
3314 4093 3621 4148 habentur?

365 4183 586 4254 μένους,
613 4184 708 4236 καὶ
734 4183 813 4254 τῷ
860 4183 1044 4254 οἰκείῳ
1068 4183 1373 4255 διδασκάλῳ
1397 4184 1465 4237 τὰ
1502 4185 1575 4257 μὴ
1611 4187 1746 4258 πρὸς
1778 4188 1942 4241 αὑτοῦ

2045 4184 2135 4254 qui
2161 4183 2378 4253 quidem
2403 4184 2551 4238 viros
2582 4195 2689 4237 tam
2721 4184 2791 4239 ab
2810 4183 2958 4237 omni
2982 4183 3188 4236 malitia
3215 4183 3447 4247 alienos,
3477 4192 3618 4237 tam-

364 4271 681 4341 πραχθέντα
708 4273 1117 4345 κεχαρισμένως
1153 4274 1465 4339 ἀναθέντας.
1513 4277 1600 4339 Ὠς
1637 4272 1695 4330 εὖ
1737 4296 1827 4348 μοι
1859 4278 1944 4331 δο-

2043 4286 2149 4341 que
2184 4272 2300 4325 sine
2353 4268 2500 4337 fuco,
2531 4286 2767 4340 vereque
2817 4271 3093 4325 sincerum
3140 4270 3380 4325 animum
3414 4273 3466 4325 in
3500 4274 3618 4329 suis

361 4365 453 4415 κεί
488 4362 738 4433 εἰρῆσθαι
764 4381 777 4394 ·
821 4364 1005 4417 Πάντα
1035 4364 1139 4436 χρὴ
1189 4366 1463 4420 πιστεύειν
1490 4370 1601 4432 τοῖς
1631 4368 1724 4422 τοῦ
1767 4369 1940 4441 Ἰησοῦ

2043 4360 2264 4432 scriptis
2291 4375 2401 4430 pra:
2427 4376 2486 4415 se
2518 4358 2779 4424 ferentes,
2809 4360 3114 4415 malitiosos
3138 4360 3400 4430 quosdam
3422 4368 3477 4416 et
3504 4363 3617 4416 cal-

361 4447 655 4520 μαθηταῖς,
685 4450 717 4521 ἣ
765 4451 869 4522 μή·
904 4452 998 4504 καὶ
1029 4454 1076 4505 εἰ
1122 4452 1304 4522 μόνοις
1332 4455 1540 4519 τούτοις
1603 4461 1714 4521 τοῖς
1745 4459 1940 4531 ἀνδρα·
1972 4484 2003 4538 ι]

1972 4484 2015 4538 D
2042 4452 2184 4508 lidos
2241 4452 2443 4506 audent
2488 4450 2690 4520 ﬁngere
2733 4451 3030 4521 sophistas,
3061 4458 3320 4520 tanquam
3378 4466 3475 4507 eos
3518 4454 3614 4521 qui

361 4555 450 4592 σιν
475 4540 819 4611 ἀπιστητέον,
846 4541 939 4594 καὶ
964 4544 1075 4604 τοῖς
1109 4544 1292 4605 πᾶσιν,
1317 4545 1510 4609 οἵτινές
1536 4547 1652 4600 ποτ’
1677 4547 1785 4620 ἄρα
1809 4550 1937 4621 παρ’

2041 4544 2302 4614 quidquid
2327 4542 2644 4612 scripserint
2672 4542 2964 4597 commenti
3000 4542 3131 4607 sint,
3163 4550 3218 4597 et
3253 4558 3356 4597 suo
3409 4557 3616 4612 praece-

360 4631 642 4702 Ἐλλησιν,
684 4634 716 4703 ἢ
756 4634 905 4706 παρά
942 4635 1237 4709 βαρϐάροις
1283 4638 1429 4709 βίους
1470 4642 1563 4694 καὶ
1610 4640 1800 4709 λόγους
1846 4645 1939 4698 καὶ

2040 4638 2209 4705 ptori,
2240 4651 2360 4705 quas
2391 4636 2482 4690 ille
2513 4649 2791 4703 nunquam
2822 4633 3029 4695 fecerit,
3058 4635 3125 4688 ad
3151 4634 3379 4705 gratiam
3410 4634 3614 4689 tribue-

356 4721 899 4794 ἀπομνημονεύματα
929 4726 1036 4780 τῶν
1063 4729 1203 4782 κατά
1235 4730 1456 4800 χρόνους
1489 4731 1581 4783 ἐπί
1625 4748 1765 4786 τισιν
1802 4734 1937 4802 ἀγα-

2037 4726 2185 4779 rint?
2223 4724 2364 4780 Sane
2415 4723 2697 4779 commode
2744 4724 2878 4777 mihi
2927 4723 3132 4777 dictum
3178 4722 3395 4778 videtur
3450 4742 3462 4777 :
3512 4730 3609 4778 aut

356 4812 475 4877 θοῖς
504 4814 895 4886 κατορθώμασι
934 4816 1234 4889 βοηθέντων
1272 4822 1705 4892 συνεγράψαντο·
1740 4824 1772 4895 ἢ
1823 4830 1937 4891 τοῖς

2036 4831 2263 4887 prorsus
2313 4816 2535 4872 credere
2556 4824 2770 4886 oportet
2795 4813 2922 4869 Jesu
2955 4815 3260 4885 discipulis,
3292 4815 3339 4869 si
3383 4814 3613 4884 reliquis

356 4908 462 4978 μὲν
484 4908 665 4971 ἄλλοις
695 4909 973 4964 πιστεύειν
995 4911 1233 4980 εὔλογον,
1272 4914 1454 4983 μόνοις
1478 4914 1534 4968 δὲ
1573 4915 1785 4978 τούτοις
1814 4918 1937 4970 ἀπι-

2036 4924 2253 4978 quoque
2305 4907 2665 4977 scriptoribus
2699 4927 2712 4962 :
2746 4915 2839 4960 aut
2882 4907 2928 4962 si
2982 4922 3087 4961 non
3119 4906 3226 4969 his,
3270 4922 3341 4961 ne
3379 4907 3607 4977 reliquis

353 5003 521 5054 στεῖν.
551 5002 661 5054 Καὶ
688 5002 804 5065 πῶς
834 5003 933 5055 οὐκ
964 5004 1209 5076 ἐμφανὴς
1234 5006 1263 5057 ὁ
1295 5006 1523 5075 φθόνος
1553 5008 1691 5062 Τίδέ
1716 5025 1730 5075 ;
1755 5011 1804 5063 οἰ
1829 5028 1930 5064 κα-

2034 5001 2271 5069 quidem.
2305 5000 2418 5056 Cur
2448 5000 2622 5063 enim,
2652 5000 2697 5055 si
2720 5000 2853 5055 solis
2884 4999 2968 5055 bis
2999 4999 3135 5053 viris
3172 4998 3505 5055 detrahenda
3534 5001 3607 5056 sit

350 5089 741 5161 ταψευδὸμενοι
767 5092 861 5145 τοῦ
884 5094 1233 5160 Διδασκάλου,
1263 5097 1356 5149 καὶ
1380 5095 1448 5149 τά
1477 5095 1550 5168 μὴ
1578 5098 1837 5165 γεγονότα
1860 5102 1927 5170 τῇ

2033 5094 2187 5159 lides,
2214 5109 2322 5148 non
2346 5094 2508 5149 etiam
2548 5094 2776 5164 reliquis
2810 5092 3107 5157 omnibus,
3141 5093 3458 5163 quicunque
3495 5110 3602 5149 un-

348 5181 536 5234 αὐτῶν
564 5183 947 5253 παραδιδόντες
983 5188 1191 5256 γραφῇ,
1234 5183 1342 5258 ἆρα
1368 5188 1463 5242 καὶ
1490 5188 1560 5242 τὰ
1591 5188 1738 5259 πάθη
1795 5206 1929 5242 κατ-

2033 5201 2195 5256 quam
2238 5194 2333 5239 aut
2362 5187 2503 5257 apud
2527 5186 2768 5249 Grtecos,
2801 5193 2894 5239 aut
2942 5184 3085 5254 apud
3116 5185 3398 5248 barbaros,
3436 5186 3596 5251 vitas,

348 5272 652 5342 εψεύσαντο
712 5275 912 5340 animi};
944 5277 1043 5349 τὴν
1084 5278 1202 5345 ἐνὸς
1234 5278 1373 5348 λέγω
1424 5280 1681 5351 μαθητῶν
1739 5281 1929 5350 προδο-

2030 5284 2124 5329 aut
2154 5278 2448 5339 orationes,
2476 5284 2570 5331 aut
2593 5275 2981 5331 commentaria
3013 5275 3480 5344 conscripserunt,
3505 5291 3602 5331 co-

348 5364 495 5428 σίαν,
546 5365 639 5419 καὶ
670 5366 770 5439 τὴν
812 5367 919 5421 τῶν
954 5370 1302 5439 συκοφαντῶν
1334 5373 1682 5444 κατηγορίαν,
1728 5372 1926 5443 χλεύας

2028 5383 2148 5422 rum
2170 5370 2260 5438 qui
2294 5370 2462 5424 variis
2490 5368 2826 5437 temporibus
2859 5366 2915 5420 in
2949 5367 3133 5436 aliquo
3153 5382 3352 5438 genere
3378 5367 3608 5423 virtutis

344 5470 408 5509 τε
436 5458 533 5510 καὶ
558 5457 894 5529 διασυρμοὺς
923 5459 1213 5524 δικαστῶν,
1240 5461 1338 5526 τάς
1364 5479 1424 5515 τε
1458 5460 1643 5533 ὕϐρεις
1687 5462 1779 5515 καὶ
1823 5462 1923 5526 τὰς

2026 5466 2189 5530 atque
2216 5460 2395 5525 cilicii,
2424 5459 2809 5530 praestiterint?
2838 5465 2933 5513 aut
2955 5458 3004 5513 si
3037 5457 3183 5512 dicis
3221 5459 3343 5514 aliis
3376 5458 3602 5529 quidem.

345 5546 561 5619 πληγάς
580 5547 682 5613 τὰς
715 5548 857 5602 κατά
891 5550 1203 5621 προσώπου,
1249 5553 1517 5624 μάστιγάς
1548 5570 1608 5608 τε
1648 5553 1790 5607 κατά
1821 5550 1923 5607 νώ-

2025 5552 2246 5611 crederc
2292 5567 2509 5625 arquum
2555 5567 2719 5619 esse,
2755 5558 2811 5606 at
2864 5550 2951 5608 bis
3003 5550 3135 5608 solis
3169 5565 3277 5607 non
3323 5549 3594 5608 credere:

415 5723 460 5757 ⁷⁸
484 5724 678 5781 Matth.
713 5743 828 5791 xvi,
860 5728 1043 5791 15-19.
1126 5731 1171 5765 ⁷⁸
1200 5725 1333 5783 Ibid.
1362 5725 1479 5791 20._
1529 5723 1761 5783 "Marc.
1787 5743 1900 5797 xiv,
1923 5727 2112 5787 66-72.
