4158 6418
530 292 638 347 219

1175 287 1445 345 EUSEBII
1478 288 1960 346 CASSARIENSIS
1992 287 2107 346 OPI

2206 292 2362 349 'ARS
2399 292 2466 347 ιι.
2508 320 2583 333 -
2614 266 3125 347 ΑΡοιοοεΤιοΑζ

3665 286 3774 343 230

533 420 634 461 cur
658 417 767 460 non
788 402 893 459 hoc
916 402 1076 473 plane
1097 401 1163 457 ad
1183 402 1439 459 invidiam
1458 403 1749 460 referatur?
1763 403 1919 471 Quod
1941 405 1989 458 si
2011 404 2107 459 de-

2207 423 2321 472 του,
2343 406 2437 460 καὶ
2460 406 2550 459 τὸν
2575 403 2635 469 ἐξ
2657 402 2906 459 ἀκανθῶν
2937 402 3197 473 στέφανον
3228 401 3314 454 ἐπ’
3342 399 3535 473 ἀτιμία
3563 417 3777 472 περιτι-

532 513 659 554 mus
680 496 804 551 illos
833 495 899 549 de
919 494 1255 564 Praeceptore
1282 493 1453 550 fuisse
1484 495 1767 558 mentitos,
1789 502 1844 549 et
1863 509 1981 564 quae
2013 494 2103 549 ille

535 602 814 658 nunquam
842 586 1030 642 fecerit
1052 587 1270 656 scriptis
1291 586 1406 642 suis
1428 586 1761 656 complexos,
1786 602 1915 641 num
1937 586 2104 641 etiam

534 680 602 735 de
636 680 706 735 iis
731 680 1008 743 mentitos,
1047 695 1169 749 qua:
1198 679 1340 734 idem
1370 693 1565 749 passus
1594 687 1698 743 est,
1731 678 1863 733 dare
1907 692 2104 748 possu-

533 770 697 827 mus?
717 770 844 824 dico
871 779 1049 824 autem
1081 771 1150 826 de
1183 771 1344 826 unius
1370 786 1437 825 ex
1462 771 1745 840 discipulis
1771 769 2101 839 proditione,

532 860 601 917 de
641 860 935 916 calumniis
960 861 1392 926 criminantium,
1426 861 1494 917 de
1526 861 1781 915 ludibriis
1809 868 1863 915 et
1894 860 2105 916 irrisio-

531 952 699 1008 nibus
719 953 987 1022 j‘udicum,
1025 954 1093 1009 de
1124 955 1492 1020 contumeliis,
1525 955 1592 1011 de
1623 955 1824 1010 ictibus
1859 954 1914 1008 in
1942 953 2099 1018 facie,

531 1043 867 1115 ﬂagellisque
897 1046 951 1099 in
984 1056 1133 1116 tergo
1166 1067 1178 1101 :
1213 1048 1281 1102 de
1315 1062 1518 1102 corona
1550 1048 1755 1117 spinea,
1773 1061 1894 1115 quae
1923 1045 1999 1100 illi
2035 1045 2104 1101 ad

534 1133 886 1203 ignominiam
917 1134 1171 1204 imposita
1202 1144 1288 1190 est
1313 1155 1327 1190 :
1357 1137 1424 1192 de
1445 1151 1721 1206 purpureo
1752 1136 2100 1201 vestimento,

534 1225 681 1293 quod
712 1224 887 1279 instar
912 1227 1213 1299 chlamydis
1236 1228 1313 1281 illi
1343 1228 1736 1284 circumdatum
1765 1235 1849 1284 est
1881 1246 1895 1281 :
1921 1228 1990 1284 de
2010 1228 2103 1282 illo

532 1317 654 1387 ipso
683 1318 917 1388 denique
936 1334 1152 1375 crucem
1183 1322 1338 1391 quasi
1370 1331 1632 1393 tropaeum
1664 1323 1882 1394 aliquod
1913 1322 2103 1379 hume-

533 1410 615 1466 ris
642 1418 909 1481 gestante,
961 1421 1014 1467 et
1055 1412 1112 1466 in
1145 1428 1208 1467 ca
1259 1413 1448 1478 inﬁxo,
1480 1416 1732 1471 manibus
1764 1415 2103 1487 pedibusque

535 1501 799 1570 trajectis,
832 1502 900 1557 de
927 1508 1083 1558 aceto
1104 1505 1245 1573 quod
1280 1505 1354 1560 illi
1387 1514 1548 1575 potus
1578 1507 1698 1563 loco
1719 1517 2098 1578 porrexerunt,

532 1588 605 1645 de
634 1590 902 1646 arundine
932 1607 1038 1662 qua
1070 1594 1218 1649 illius
1244 1602 1485 1665 tempora
1516 1612 1853 1667 percussere,
1881 1599 1949 1654 de
1969 1614 2102 1654 con-

533 1681 691 1737 viciis
733 1698 855 1752 quae
892 1683 947 1737 in
1000 1685 1153 1738 illum
1209 1701 1240 1739 a
1273 1689 1647 1757 spectantibus
1687 1689 1893 1759 jactata
1937 1691 2101 1747 sunt?

2204 497 2424 568 θέμενον
2448 497 2615 567 αὐτῷ,
2649 494 2923 567 φοινικοῦν
2947 513 3007 548 τε
3043 494 3242 567 χιτῶνα
3266 496 3323 548 ὲν
3347 492 3610 567 χλαμύδος
3644 494 3775 565 σχήα

2206 606 2335 659 ματι
2387 588 2799 660 περιϐληθέντα,
2851 588 2948 642 καὶ
3001 587 3152 650 τέλος
3202 587 3362 641 αὐτὸν
3399 586 3530 641 αὐτὸ
3570 586 3631 640 τὸ
3674 587 3771 641 τοῦ

2204 679 2437 751 σταυροῦ
2468 680 2727 751 τρόπαιον
2773 676 3195 748 ὲπικομίζοντα·
3239 679 3297 731 ὲν
3344 677 3519 748 τούτῳ
3562 693 3624 730 τε
3666 693 3776 748 πη-

2202 768 2487 839 γνύμενον,
2534 768 2629 822 καὶ
2679 770 2866 838 χεῖρας
2918 767 3014 819 καὶ
3059 766 3228 829 πόδας
3281 765 3773 837 καταπειρόμενον,

2202 861 2310 928 ὖξει
2364 879 2424 915 τε
2468 860 2844 931 ποτιζόμενον,
2892 858 2987 911 καὶ
3038 858 3328 927 παιόμενον
3376 856 3519 910 κατὰ
3571 856 3776 927 κόρρης

2203 953 2466 1024 καλάμῳ,
2522 952 2618 1005 καὶ⁵
2680 949 2816 1022 πρὸς
2860 948 2968 1002 τῶν
3022 946 3272 1018 ὁρώντων
3332 945 3773 1015 ὀνειδιζόμενον;

2216 1043 2375 1096 Ἀλλά
2405 1041 2512 1113 γάρ
2543 1042 2636 1094 καὶ
2672 1039 2864 1101 ταῦτα,
2910 1038 3004 1092 καὶ
3039 1038 3139 1091 ὅσα
3167 1036 3373 1100 τούτοις
3415 1035 3774 1108 συμφέρεται,

2200 1135 2399 1205 ὁμοίως
2443 1133 2748 1187 πεπλάσθαι
2794 1132 2898 1203 χρὴ
2943 1132 3081 1202 πρὸς
3120 1129 3228 1184 τῶν
3275 1128 3440 1184 αὐτοῦ
3494 1128 3772 1199 μαθητῶν,

2202 1225 2236 1296 ἦ
2276 1227 2334 1278 ἐν
2381 1224 2591 1288 τούτοις
2655 1225 2753 1295 μὲν
2790 1224 2895 1295 χρὴ
2937 1220 3214 1275 πιστεύειν
3242 1220 3425 1284 αὐτοῖς
3457 1221 3532 1283 ὡς
3576 1219 3774 1291 ἀληθε-

2205 1319 2437 1380 στάτοις,
2472 1317 2529 1370 ὲν
2569 1316 2624 1368 δὲ
2665 1318 2777 1377 τοῖς
2819 1313 3082 1379 ὲπιδόξοις
3117 1313 3210 1365 καὶ
3264 1311 3605 1385 σεμνοτέροις
3647 1312 3777 1364 ἀπι-

2205 1413 2366 1467 στεῖν.
2396 1411 2505 1464 Καὶ
2537 1408 2699 1463 πόθεν
2729 1408 2790 1462 τὸ
2825 1408 2950 1479 περὶ
2977 1407 3175 1470 αὐτοὺς
3206 1406 3446 1459 ἐναντίον
3475 1405 3654 1476 δόγμα
3679 1421 3774 1463 συπ-

2205 1504 2493 1574 στήσεταις
2522 1502 2594 1555 Τὸ
2623 1501 2730 1573 γάρ
2753 1500 3035 1572 ἀληθεύειν
3062 1500 3190 1564 τοὺς
3222 1500 3418 1563 αὐτοὺς
3460 1500 3646 1568 φάναι,
3682 1500 3777 1553 καὶ

2203 1596 2259 1647 ὲν
2287 1595 2362 1665 τῷ
2383 1593 2529 1665 αὐτῷ
2565 1592 2873 1664 ψεύδεσθαι,
2916 1592 3065 1645 οὐδέν
3114 1593 3259 1644 ἐστιν
3288 1590 3321 1659 ἢ
3349 1590 3605 1644 τάναντία
3633 1589 3776 1644 κατά

2203 1687 2261 1739 τὸ
2302 1686 2433 1739 αὐτὸ
2486 1687 2611 1757 περὶ
2651 1684 2758 1738 τῶν
2800 1683 2977 1739 αὐτῶν
3024 1686 3221 1754 λέγειν.
3257 1685 3352 1748 Τίς
3384 1681 3477 1738 οὖν
3515 1686 3545 1737 6
3572 1684 3776 1738 τούτων

538 1773 695 1845 123
730 1774 800 1828 At
828 1777 971 1830 enim
1016 1785 1071 1832 et
1103 1777 1239 1843 haec,
1270 1752 1325 1834 et
1356 1752 1705 1852 quaecunque
1741 1784 1848 1837 alia
1897 1783 1966 1838 de
2002 1784 2100 1839 illo

2206 1779 2451 1851 ἑλεγχος;
2481 1782 2529 1833 εἰ
2558 1752 2670 1851 γάρ
2697 1778 2760 1851 δὴ
2788 1752 3114 1834 πλάττεσθαι
3144 1780 3324 1842 αὐτοῖς
3349 1779 3548 1842 σκοπὸς
3566 1775 3656 1850 ἦν,
3679 1778 3778 1837 καὶ

534 1862 624 1918 his
657 1863 857 1918 similia
888 1865 1157 1930 feruntur,
1193 1878 1288 1923 aut
1318 1870 1440 1925 ﬁcta
1463 1886 1586 1927 esse
1608 1879 1822 1942 oportet
1855 1872 1923 1927 ab
1955 1873 2101 1929 illius

535 1953 842 2024 discipulis,
876 1967 969 2011 aut
1011 1958 1066 2012 in
1100 1959 1184 2013 bis
1226 1960 1444 2030 quidem
1482 1968 1739 2033 tanquam
1775 1962 2099 2028 verissimis,

536 2045 647 2101 illis
679 2050 1010 2103 credendum
1051 2060 1156 2114 est,
1194 2055 1248 2107 in
1297 2054 1523 2124 reliquis
1558 2071 1710 2117 vero,
1754 2071 1875 2125 qua:
1906 2057 2103 2110 clario-

535 2152 654 2191 rem
703 2138 854 2193 illum
914 2143 1473 2215 venerabilioremque
1520 2146 1774 2211 reddunt,
1812 2162 1923 2201 non
1978 2164 2102 2204 cre-

535 2227 796 2284 dendum.
829 2230 935 2286 Sed
971 2233 1085 2287 hazc
1105 2234 1172 2290 de
1199 2237 1390 2291 iisdem
1417 2238 1521 2292 sibi
1542 2239 1646 2309 ipsi
1677 2242 1953 2296 contraria
1987 2243 2105 2312 opi-

536 2317 648 2385 nio,
697 2322 839 2377 unde
879 2324 1327 2382 conﬁrmabitur?
1365 2326 1555 2385 Dicere
1592 2331 1738 2386 enim
1777 2332 1995 2389 eosdem
2037 2334 2106 2389 de

535 2410 748 2475 eodem,
783 2421 838 2467 et
863 2429 987 2469 vera
1028 2417 1258 2486 prodere
1287 2427 1340 2473 et
1373 2422 1612 2489 mentiri,
1647 2423 1785 2476 nihil
1814 2424 1961 2477 aliud
1999 2434 2102 2489 est,

537 2505 646 2559 nisi
678 2510 955 2562 contraria
1012 2510 1069 2563 in
1104 2512 1293 2566 eodem
1333 2512 1401 2569 de
1446 2513 1641 2570 iisdem
1690 2516 1856 2571 rebus
1897 2515 2102 2573 dicere.

537 2594 821 2661 Quomodo
850 2600 965 2655 haec
987 2603 1331 2658 refellentur?
1363 2606 1417 2658 Si
1442 2606 1585 2660 enim
1611 2607 1715 2662 hoc
1736 2608 1847 2663 illis
1870 2607 2106 2679 ﬁngendi

538 2691 873 2760 prepositum
918 2692 1050 2756 fuit,
1082 2702 1141 2747 ut
1178 2696 1476 2753 mendaciis
1520 2714 1678 2753 suum
1717 2709 2105 2771 praeceptorem

535 2790 815 2846 ornarent,
849 2798 948 2837 cur
985 2784 1063 2837 illi
1092 2800 1155 2840 ea
1177 2826 1192 2850 ,
1223 2802 1344 2858 quae
1374 2788 1533 2843 modo
1564 2789 1802 2845 diximus
1835 2791 2107 2862 ascripse—

535 2872 701 2925 runt?
732 2880 826 2926 aut
867 2888 966 2927 cur
1006 2878 1240 2944 posteris
1277 2879 1610 2943 indicarunt,
1654 2881 1801 2950 quod
1835 2891 1889 2934 et
1931 2881 2117 2955 tristis.

538 2963 725 3027 fuerit,
768 2973 824 3019 et
862 2965 1020 3020 tzndio
1068 2967 1313 3033 affectus,
1354 2978 1407 3024 et
1451 2972 1634 3026 animo
1686 2973 1973 3028 turbatus?
2014 2982 2108 3027 aut

536 3056 684 3124 quod
734 3057 838 3127 ipsi
881 3058 1034 3112 illum
1084 3060 1426 3116 deseruerint
1463 3070 1628 3133 atque
1688 3064 1958 3120 abierint?
2012 3075 2106 3120 aut

536 3144 682 3214 quod
714 3147 807 3216 qui
841 3150 1094 3204 omnibus
1122 3151 1255 3219 ipsis
1279 3153 1601 3221 prazpositus
1631 3152 1806 3208 fuerat
1824 3156 2102 3224 apostolus

537 3238 707 3301 illius,
732 3248 785 3294 et
807 3240 1110 3310 discipulus
1138 3242 1353 3308 Petrus,
1388 3245 1553 3300 nullis
1577 3261 1752 3315 neque
1794 3247 2100 3311 tormentis.

537 3345 716 3400 neque
771 3334 1073 3403 tyrannicis
1125 3336 1332 3399 minis,
1386 3344 1469 3393 ter
1517 3337 1669 3391 illum
1722 3340 2106 3408 abjuraverit'!

539 3419 664 3475 Haec
692 3423 834 3477 enim
866 3431 920 3479 et
951 3425 995 3480 si
1020 3426 1111 3480 alii
1141 3426 1428 3493 dixissent,
1452 3429 1699 3499 neganda
1733 3431 1802 3486 ab
1829 3431 1898 3486 iis
1921 3439 2104 3486 tamen

540 3513 712 3577 fuere,
753 3513 846 3581 qui
885 3514 1021 3568 nihil
1050 3517 1196 3570 aliud
1227 3518 1330 3573 sibi
1360 3518 1417 3571 in
1457 3520 1748 3575 scribendo
1787 3523 2104 3592 proposuiso

541 3609 682 3663 sent,
716 3601 823 3657 nisi
856 3609 915 3656 at
950 3605 1308 3659 reverentiam
1344 3607 1664 3676 praeceptori
1702 3616 2102 3677 compararent.

538 3693 696 3760 Quod
723 3695 770 3750 si
796 3695 1020 3750 veridici
1055 3696 1110 3750 in
1134 3696 1469 3752 tristioribus
1491 3695 1558 3753 de
1584 3698 1679 3752 illo
1699 3699 2105 3755 narrationibus

537 3784 811 3851 videntur,
843 3801 943 3841 cur
993 3803 1102 3842 non
1138 3789 1192 3842 in
1239 3788 1305 3844 iis
1331 3790 1481 3852 item,
1527 3806 1648 3860 quae
1692 3791 1952 3855 laetitiam,
1993 3792 2108 3861 glo-

539 3878 786 3950 riamque
807 3880 1027 3944 habent,
1060 3881 1232 3936 multo
1252 3883 1448 3952 magis,
1474 3898 1639 3952 quam
1667 3883 1771 3939 sibi
1802 3883 1941 3953 ipsis
1974 3898 2108 3939 con-

541 3972 740 4026 trarii?
773 3971 907 4027 Nam
934 3973 1133 4043 quibus
1162 3990 1328 4028 unum
1364 3976 1701 4045 propositum
1751 3976 1913 4032 fuerit
1956 3994 2111 4033 men-

539 4062 734 4127 tiendi,
771 4064 840 4118 ab
868 4065 935 4118 iis
969 4066 1013 4120 si
1053 4082 1161 4136 qua
1199 4065 1501 4131 offendunt,
1544 4083 1609 4124 ea
1657 4068 1715 4122 in
1762 4069 1979 4140 primis,
2014 4079 2110 4124 aut

542 4156 809 4225 preteriri
841 4158 1127 4225 oportebat
1156 4159 1395 4224 silentio,
1428 4167 1522 4213 aut
1544 4159 1595 4214 si
1636 4160 1689 4214 id
1728 4176 1836 4215 non
1858 4169 2107 4231 poterat,

541 4248 832 4317 negatione
859 4248 1054 4306 refelli.
1086 4248 1220 4314 Quis
1249 4251 1394 4305 enim
1436 4251 1579 4321 apud
1621 4259 1869 4322 posteros
1902 4267 1966 4307 ea
1990 4268 2111 4323 qua:

546 4337 866 4403 tacuissent,
902 4339 1299 4409 reprehendere
1323 4355 1561 4409 unquam
1585 4340 1898 4409 potuisset?
1923 4340 2030 4396 Sed
2062 4343 2109 4397 si

543 4428 760 4483 mentiri
788 4429 1161 4493 decreverant,
1192 4445 1292 4484 cur
1329 4447 1438 4484 non
1478 4431 1607 4485 illud
1638 4446 1854 4501 quoque
1896 4434 2110 4488 mentiti
2140 4433 2185 4488 D

543 4527 692 4583 sunt,
738 4518 935 4575 Judam
978 4521 1070 4591 qui
1115 4523 1303 4577 osculo
1344 4524 1495 4576 illum
1552 4524 1797 4589 tradidit,
1841 4524 2005 4580 simul
2045 4539 2110 4579 ac

543 4612 869 4683 proditionis
896 4615 1110 4684 signum
1144 4614 1433 4670 ostendere
1467 4631 1635 4672 ausus
1666 4625 1772 4679 est,
1804 4617 1858 4671 in
1877 4617 2108 4686 lapidem

542 4717 670 4758 esse
690 4704 1054 4759 conversum?
1084 4713 1136 4758 et
1177 4705 1271 4775 qui
1308 4706 1516 4775 alapam
1565 4707 1639 4761 illi
1700 4707 1900 4762 inferre
1941 4723 2109 4762 ausus

544 4802 650 4854 est,
673 4792 793 4862 ejus
821 4794 966 4848 illico
995 4793 1241 4848 dextram
1276 4797 1525 4852 aruisse?
1550 4806 1604 4852 et
1629 4796 1890 4867 Caipham
1932 4799 2110 4867 ponti-

546 4883 728 4948 licem,
756 4890 1041 4953 propterea
1069 4884 1213 4954 quod
1249 4883 1403 4940 falsis
1434 4894 1626 4941 contra
1666 4887 1817 4942 illum
1867 4888 2111 4943 crimini-

546 4972 654 5028 bus
691 4975 1051 5038 consenserit,
1096 4976 1273 5031 oculis
1316 4984 1532 5049 captum
1585 4979 1791 5035 fuisse?
1830 4979 1943 5036 Cur
1982 4996 2112 5035 vero

545 5081 655 5123 non
697 5080 888 5121 omnes
928 5068 1141 5122 mentiti
1179 5076 1327 5133 sunt,
1371 5069 1742 5140 signiﬁcantes
1781 5071 1914 5126 nihil
1954 5072 2113 5142 plane

547 5158 625 5211 illi
659 5157 805 5227 quod
832 5159 1007 5227 possit
1035 5159 1307 5215 oﬁendere
1334 5162 1619 5217 evenisse?
1647 5164 1742 5217 sed
1783 5163 1960 5232 ipsum
1989 5163 2113 5233 qui-

545 5249 670 5303 dem
706 5249 1013 5312 evanuisse,
1030 5249 1317 5321 forumque
1341 5258 1395 5307 et
1413 5252 1616 5322 judicia
1647 5253 1863 5308 illorum
1886 5254 2113 5309 risisse?

546 5339 642 5408 qui
672 5355 801 5394 vero
840 5340 992 5395 illum
1029 5342 1490 5413 comprehendere
1506 5342 1625 5399 ausi
1652 5343 1889 5409 fuerant,
1915 5344 2114 5399 divini-

548 5439 638 5484 tus
672 5430 1084 5495 illusos,contra
1105 5434 1259 5488 illum
1275 5451 1333 5490 se
1358 5450 1517 5506 agere
1530 5450 1652 5507 quae
1677 5444 1928 5505 egerunt,
1959 5444 2107 5490 tam.

549 5523 656 5579 etsi
728 5523 822 5580 ille
897 5539 1007 5579 non
1064 5525 1277 5592 aderat,
1336 5526 1672 5584 credidisse?
1713 5527 1856 5593 Quid
1911 5532 2114 5597 porro?

551 5614 741 5670 Nonne
792 5617 1010 5686 gravius
1068 5617 1397 5689 digniusque
1454 5620 1843 5690 scripsissent,
1905 5621 2110 5675 nuilum

552 5709 710 5779 plane
752 5709 1048 5767 humanum
1095 5719 1186 5766 aut
1221 5712 1500 5768 mortalem
1541 5727 1749 5779 casum,
1793 5715 1940 5797 illum
1983 5715 2112 5771 sub-

2199 1872 2379 1940 λόγοις
2414 1873 2636 1941 ψευδέσι
2668 1872 2756 1926 τὸν
2780 1871 3106 1925 Διδάσκαλον
3140 1875 3387 1942 κοσμεῖν,
3419 1871 3520 1924 οὐκ
3549 1872 3616 1925 ἄν
3645 1887 3776 1925 ποτε

2202 1963 2384 2026 αὐτοῖς
2407 1964 2476 2017 τὰ
2508 1964 2877 2035 προειρημένα
2917 1963 3285 2035 κατέγραφον,
3314 1964 3423 2016 οὐδ’
3454 1963 3520 2016 ἂν
3554 1962 3775 2034 ἐδήλουν

2202 2058 2312 2119 τοῖς
2356 2055 2492 2126 μετά
2536 2055 2708 2110 ταῦτα
2752 2055 3077 2127 ἀνθρώποις,
3123 2057 3206 2109 ὅτι
3253 2055 3317 2127 δὴ
3368 2055 3633 2121 ἐλυπεῖτο,
3682 2056 3779 2109 καὶ

2202 2146 2480 2217 ἠδημόνει,
2509 2147 2601 2200 καὶ
2627 2150 2927 2219 τετάρακτο
2957 2147 3056 2218 τὴν
3088 2146 3285 2217 ψυχὴν,
3325 2148 3405 2200 ὅτι
3434 2146 3586 2199 αὐτοὶ
3614 2145 3778 2203 αὐτὸν

2204 2238 2559 2302 ἀπολιπόντες
2585 2237 2815 2309 ῷχοντο·
2846 2238 2878 2309 ἢ
2917 2239 2997 2292 ὅτι
3040 2240 3068 2291 ὁ
3108 2237 3324 2292 πάντων
3362 2236 3539 2291 αὐτῶν
3577 2254 3779 2308 προκε-

2203 2332 2458 2403 κριμένος
2493 2331 2785 2394 άπόστολός
2827 2349 2886 2384 τε
2923 2332 3017 2385 καὶ
3056 2330 3305 2402 μαθητὴς
3347 2330 3508 2383 αὐτοῦ
3548 2331 3774 2401 Πέτρος,

2208 2423 2452 2492 βασάνων
2486 2424 2641 2487 ἐκτὸς
2672 2425 2765 2477 καὶ
2796 2424 3120 2494 ἀρχοντικῆς
3152 2422 3378 2492 ἀπειλῆς
3410 2423 3588 2494 τρίτον
3615 2422 3778 2475 αὐτὸν

2206 2516 2534 2587 ἐξωμόσατο.
2570 2515 2753 2568 Ταῦτα
2798 2516 2904 2588 γὰρ
2949 2516 3052 2569 κᾶν
3091 2514 3264 2569 ἄλλων
3316 2515 3599 2584 λεγόντων,
3640 2516 3780 2586 χρῆν

2204 2608 2470 2680 δήπουθεν
2503 2607 2778 2680 ἀρνεῖσθαι
2805 2609 2931 2671 τοὺς
2957 2608 3106 2661 οὐδὲν
3134 2607 3261 2661 ἄλλο
3292 2608 3325 2679 ἢ
3356 2607 3674 2681 χαρίζεσθαι
3708 2607 3778 2662 τά

2208 2700 2507 2773 σεμνότερα
2527 2699 2604 2770 τῷ
2631 2700 2931 2771 διδασκάλῳ
2954 2699 3426 2771 προτεθειμένους.
3458 2700 3520 2752 Ei
3544 2698 3602 2750 δὲ
3630 2697 3779 2768 φιλα-

2205 2792 2388 2864 λήοεις
2424 2795 2481 2845 ὲν
2511 2794 2621 2854 τοῖς
2655 2791 2817 2845 αὑτοῦ
2851 2793 3189 2863 σκυθρωποῖς
3226 2790 3525 2861 διηγήμασι
3564 2790 3779 2859 φαίνον-

2206 2901 2316 2950 ται,
2347 2884 2479 2938 πολὺ
2518 2883 2713 2955 μᾶλλον
2747 2886 2818 2961 sv.
2832 2885 2943 2946 τοῖς
2974 2882 3329 2955 ὲνδοξοτέροις
3356 2879 3463 2936 εἷεν
3498 2881 3565 2935 ἂν
3599 2880 3778 2934 τοιοῦ-

2205 2991 2310 3028 τοι.
2349 2975 2488 3038 Τοὺς
2519 2975 2625 3044 γάρ
2646 2973 2790 3039 ἅπαξ
2829 2973 3118 3043 ψεύδεσθαι
3153 2973 3567 3046 προελομένους,
3598 2973 3664 3027 τά
3689 2973 3781 3025 λυ-

2132 3100 2175 3158 c
2210 3067 2359 3139 πηρά
2391 3069 2526 3139 χρῆν
2558 3068 2755 3138 μᾶλλον
2784 3069 3038 3135 ἐκφυγεῖν
3071 3067 3191 3151 ᾕτοι
3237 3066 3326 3120 διὰ
3358 3065 3589 3158 σιωπῆς,
3618 3065 3650 3137 ἢ
3689 3064 3781 3120 διὰ

2206 3162 2304 3233 τῆς
2338 3161 2465 3232 περὶ
2496 3160 2670 3214 αὐτῶν
2708 3160 3006 3231 ἀρνήσεως,
3163 3158 3337 3220 άλλως
3375 3156 3480 3210 τῶν
3514 3158 3780 3227 ὀψιγόνων

2207 3253 2416 3321 ἐλέγξαι
2444 3252 2753 3323 δυναμένων
2800 3253 2868 3306 τὰ
2920 3251 3269 3322 σεσιγημένα.
3312 3251 3410 3305 Διά
3450 3250 3503 3303 τί
3544 3250 3653 3321 γὰρ
3702 3249 3780 3320 μὴ

2203 3355 2517 3425 ἐψεύσαντο,
2548 3356 2641 3408 καὶ⁵
2686 3354 2913 3425 ἔφησαν,
2961 3355 3041 3408 ὃτι
3082 3354 3282 3418 Ἰούδας
3333 3355 3428 3425 μὲν
3472 3357 3502 3407 6
3550 3354 3782 3426 προδοὺς

2204 3448 2367 3502 αὑτὸν
2405 3447 2689 3520 φιλήματι,
2731 3446 3010 3517 τολμήσας
3046 3448 3107 3500 τὸ
3142 3446 3407 3518 σύμϐολον
3446 3445 3780 3512 ἐνδείξασθαι

2204 3539 2305 3610 τῆς
2341 3540 2648 3612 προδοσίας,
2694 3540 3053 3612 ἀπολιθωθείη
3102 3540 3332 3593 αύτίκα’
3377 3542 3406 3592 6
3451 3540 3508 3592 δὲ
3551 3537 3779 3609 ῥαπίσαι

2205 3630 2368 3685 αὑτὸν
2396 3630 2689 3702 τολμήσας,
2721 3631 2884 3703 ξηρὸς
2936 3632 3271 3702 παραχρῆμα
3316 3629 3526 3698 γένοιτο
3565 3628 3662 3699 τὴν
3691 3629 3782 3681 δε-

2208 3723 2324 3788 ξιάν
2344 3741 2358 3755 ·
2385 3726 2414 3777 6
2434 3722 2479 3775 δ’
2505 3724 2791 3796 ἀρχιερεὺς
2824 3724 3096 3792 Καϊάφας,
3130 3724 3205 3786 ὠς
3244 3723 3308 3776 ἂν
3337 3722 3641 3794 συντρέχων
3669 3722 3783 3785 τοῖς

2207 3826 2325 3878 κατ’
2355 3824 2519 3878 αὑτοῦ
2549 3826 2928 3895 συκοφάνταις,
2963 3844 3038 3897 πη
3050 3826 3243 3899 ρωθείη
3271 3826 3367 3890 τὰς
3397 3827 3581 3896 ὄψεις
3617 3825 3705 3879 διὰ
3727 3827 3781 3880 τί

2207 3917 2264 3970 δὲ
2299 3917 2372 3988 μὴ
2401 3916 2693 3986 ἐψεύσαντο
2724 3916 2944 3981 πάντες,
2983 3919 3062 3970 ὅτι
3099 3918 3262 3988 μηδὲν
3303 3918 3622 3990 σκυθρωπὸν
3651 3918 3785 3988 άλη-

2209 4018 2317 4082 θῶς
2359 4020 2487 4092 περὶ
2540 4020 2701 4074 αὐτὸν
2753 4021 3014 4090 γέγονεν;
3058 4021 3196 4074 Ἀλλ’
3246 4023 3274 4075 ὁ
3319 4021 3416 4093 μὲν
3456 4022 3667 4093 ἀφανὴς
3712 4017 3783 4094 ἦν

2209 4111 2582 4179 καταγελάσας
2629 4111 2806 4165 αὐτῶν
2841 4112 2933 4165 τοῦ
2983 4111 3329 4184 δικαστηρίου
3351 4129 3363 4143 ·
3395 4114 3442 4166 οἱ
3471 4113 3527 4166 δὲ
3561 4112 3782 4166 ἐπιϐου-

2209 4202 2473 4267 λεύοντες,
2502 4204 2606 4256 ὑπὸ
2636 4204 2936 4272 φαντασίας
2965 4203 3219 4274 θεηλάτου
3251 4202 3609 4275 πλανώμενοι,
3635 4208 3785 4277 ὲνερ-

2210 4295 2326 4361 γεῖν
2358 4294 2475 4345 κατ’
2496 4292 2658 4345 αύτοῦ
2690 4293 2763 4364 μὴ
2797 4293 3060 4365 παρόντος
3087 4293 3335 4359 ὲδόκουνς
3360 4294 3425 4346 Τί
3456 4292 3523 4360 δ’;
3550 4291 3660 4366 ἄρα
3684 4296 3783 4349 οὐκ

2210 4380 2278 4455 ἦν
2313 4384 2633 4455 σεμνότερον
2660 4383 2752 4436 τοῦ
2783 4385 3130 4449 πλάττεσθαι,
3160 4385 3366 4439 ὅτιτῶν
3390 4386 3604 4439 τοιῶνδε
3629 4404 3785 4457 ποιη-

2213 4476 2312 4545 τὴς
2340 4473 2513 4547 ἔργων
2540 4474 2852 4545 παραδόξων
2877 4476 3086 4544 γέγονε,
3126 4476 3187 4529 τὸ
3222 4478 3473 4548 γράφειν,
3503 4478 3583 4531 ὅτι
3619 4478 3785 4549 μηδὲν

2218 4568 2314 4639 μὲν
2341 4565 2694 4637 ἀνθρώπινον,
2726 4567 2858 4637 μηδὲ
2885 4566 3074 4639 θνητὸν
3101 4571 3227 4640 περὶ
3259 4570 3417 4623 αὐτὸν
3453 4569 3672 4641 συνέϐη,
3701 4572 3786 4623 ὲν·-

2217 4659 2321 4730 θέῳ
2360 4659 2418 4712 δὲ
2465 4660 2688 4729 δυνάμει
2714 4659 2782 4713 τά
2830 4661 3006 4715 πάντα
3056 4662 3518 4735 καταδησάμενος,
3563 4661 3666 4733 τὴν
3704 4664 3784 4726 είς

2214 4754 2473 4825 οὐρανοὺς
2505 4753 2760 4807 ἐπάνοδον
2792 4754 2926 4824 μετά
2965 4754 3239 4826 θειοτέρας
3262 4753 3417 4825 δόξης
3456 4756 3785 4826 ἑποιήσατος

2214 4846 2275 4897 ού
2320 4845 2429 4918 γὰρ
2463 4845 2526 4917 δὴ
2574 4846 2781 4910 τούτοις
2816 4848 3062 4900 ἀπιστεῖν
3109 4847 3326 4919 ἔμελλον
3367 4850 3415 4901 οἱ
3453 4850 3571 4912 ταῖς
3599 4847 3785 4912 ἄλλαις

2217 4948 2394 5002 αὐτῶν
2425 4948 2705 5019 διηγήσεσι
2737 4950 3174 5014 πεπιστευκότες.
3201 4951 3264 5003 Οἱ
3294 4948 3337 5002 δ’
3371 4945 3462 5003 οὖν
3499 4951 3663 5020 μηδὲν
3688 4951 3785 5020 τῆς

2215 5042 2469 5112 ἀληθείας
2501 5044 2557 5096 ἐν
2595 5046 2705 5106 τοῖς
2741 5043 3139 5113 ἀπεμφαίνουσι
3174 5043 3267 5096 καὶ
3306 5042 3647 5114 σκυθρωποῖς
3677 5060 3784 5095 πα·-

2219 5135 2624 5207 ραχαράξαντες
2657 5134 2772 5198 πῶς
2803 5136 2901 5188 οὐκ
2931 5135 2996 5188 ἂν
3029 5130 3138 5188 εἷεν
3172 5134 3310 5201 ἄξιοι
3338 5135 3432 5189 mi.
3461 5136 3521 5189 ἐν
3547 5136 3661 5197 τοῖς
3687 5134 3787 5186 λοισ·

2218 5238 2357 5298 ποῖς,
2392 5229 2472 5298 οἷς
2504 5234 2890 5307 ἐμαρτύρησαν
2940 5235 3087 5306 αὐτῷ
3125 5234 3196 5288 τά
3242 5233 3537 5306 παράδοξα,
3577 5231 3786 5306 φαύλης

2217 5327 2370 5390 ἐκτὸς
2404 5328 2655 5390 ὑπονοίας
2708 5326 3068 5391 καθεστάναι;
3118 5326 3408 5398 Αὐτάρκης
3436 5326 3535 5397 μὲν
3566 5322 3659 5379 οὖν
3695 5324 3787 5379 καὶ

2218 5419 2252 5489 ἡ
2282 5418 2447 5472 τῶνδε
2470 5419 2725 5489 τυγχάνει
2760 5419 2884 5490 περὶ
2909 5417 3001 5471 τοῦ
3028 5418 3275 5491 Σωτῆρος
3299 5418 3454 5490 ἡμῶν
3478 5418 3750 5491 μαρτυρία
3767 5434 3787 5452 ο

2218 5519 2368 5574 οὐδὲν
2400 5519 2457 5573 δὲ
2487 5517 2598 5573 οἷον
2621 5521 2686 5572 ὲκ
2712 5520 3023 5592 περιουσίας
3051 5522 3145 5574 καὶ
3171 5520 3248 5591 τῷ
3267 5521 3327 5585 ἐξ
3365 5521 3628 5594 Ἐϐραίων
3671 5520 3791 5575 ἰωο

2221 5624 2375 5694 σήπῳ
2409 5622 2642 5693 μάρτυρι
2672 5622 2994 5693 χρήσασθαι,
3032 5623 3091 5687 ὃς
3126 5623 3184 5676 ἐν
3221 5622 3299 5693 τῷ
3340 5621 3788 5690 ὀκτωκαιδεκάτῳ

2218 5713 2317 5777 τῆς
2359 5710 2683 5777 Ἰουδαϊκῆς
2714 5713 3176 5783 Ἀρχαιο.ίογάς.
3206 5713 3274 5767 τά
3293 5713 3431 5767 κατά
3469 5714 3592 5773 τοὺς
3624 5711 3788 5764 Πιλά-
