4158 6418
360 370 460 427 εει
1312 370 1965 428 DEMONSTRATIONIS
2002 366 2471 425 EVANGELICIE
2496 365 2627 424 LIB.
2665 366 2757 422 lll.
3517 366 3632 424 222

362 510 459 547 του
487 490 710 563 χρόνους
745 492 998 566 ίστορῶν,
1043 492 1314 571 μέμνηται
1355 495 1449 550 τοῦ
1492 494 1745 567 Σωτῆρος
1786 493 1945 566 ἡμῶν

2047 492 2215 548 iisse?
2243 506 2427 547 verum
2464 488 2559 544 ubi
2588 489 2642 544 vi
2684 488 2867 543 divina
2898 503 2989 544 res
3022 502 3213 543 omnes
3253 503 3384 545 suas
3426 491 3631 546 confir-

362 584 425 634 ὲν
451 580 684 647 τούτοις.
2057 592 2285 651 masset,
2317 592 2438 642 tum
2487 584 2544 639 in
2593 583 2793 639 crelum
2838 583 3129 654 gloriosius
3159 580 3508 652 diviniusque
3539 599 3634 640 re-

361 675 641 731 vertisse?
697 676 1013 739 Certehoc
1067 678 1240 734 multo
1310 679 1572 750 majorem
1599 681 2006 737 venerationem
2059 685 2469 752 comparasset,
2501 694 2666 750 quam
2718 677 2954 749 ﬁngere,
2985 678 3055 732 ab
3101 678 3196 733 illo
3240 692 3305 732 ea
3362 676 3633 731 miracula
3682 692 3694 711 ε

364 768 511 823 facta
537 784 659 838 quae
683 770 973 827 novimus?
1003 769 1162 842 124
1209 786 1386 843 neque
1410 772 1554 827 enim
1608 772 1694 828 his
1735 774 1997 830 credituri
2032 790 2141 829 non
2164 774 2406 834 fuerant.
2451 771 2545 843 qui
2608 771 2819 825 caeteris
2851 770 3168 826 eorumdem
3221 769 3634 824 narrationibus

364 858 529 913 ﬁdem
580 860 843 917 habuere.
912 862 1016 928 Qui
1064 863 1230 932 igitur
1300 862 1357 917 in
1397 862 1466 919 iis
1515 879 1636 933 quae
1666 863 1907 919 dedecus
1955 864 2156 919 habent
2203 870 2365 933 atque
2430 861 2732 925 tristitiam,
2769 860 3052 915 veritatem
3099 874 3450 930 corrumpere
3508 856 3634 915 ausi

359 967 476 1010 non
504 963 657 1017 sunt,
689 971 785 1011 cur
811 973 917 1012 non
959 958 1015 1013 in
1062 958 1287 1028 reliquis
1328 974 1566 1030 quoque,
1610 975 1731 1030 qua:
1770 960 1840 1016 de
1889 960 1983 1015 illo
2022 959 2367 1030 protulerunt
2410 957 2559 1027 digni
2606 956 2894 1019 habentur,
2943 956 3144 1026 quibus
3186 955 3394 1024 absque
3447 949 3631 1020 suspi-

357 1046 524 1101 cione
556 1046 813 1103 falsitatis
866 1048 1155 1112 credatur,
1210 1050 1375 1104 etiam
1441 1051 1489 1106 si
1532 1050 2243 1106 miraculanarraverint?
2303 1064 2432 1120 ergo
2480 1049 2607 1105 licet
2658 1047 2847 1101 talium
2902 1047 3186 1101 hominum
3227 1046 3294 1101 de
3345 1044 3631 1099 Salvatore

356 1147 555 1195 nostro
598 1140 996 1206 testimonium,
1034 1142 1195 1197 nobis
1239 1142 1461 1199 abunde
1518 1144 1833 1200 satisfacere
1886 1144 2082 1199 debeat
2118 1186 2135 1212 ,
2194 1150 2379 1198 tamen
2445 1143 2583 1198 nihil
2623 1158 2710 1196 me
2748 1149 2946 1213 praeter
2981 1141 3320 1212 prepositum
3361 1140 3631 1194 facturum

357 1231 624 1294 arbitror,
657 1231 704 1286 si
744 1233 901 1302 quasi
930 1249 1000 1289 ex
1041 1234 1379 1290 abundantia
1423 1234 1693 1305 quadam,
1730 1236 1943 1292 Hebraei
1983 1252 2201 1306 quoque
2225 1234 2448 1305 Josepbi
2472 1235 2790 1290 testimonio
2821 1244 2977 1299 utar,
3032 1234 3124 1302 qui
3167 1233 3221 1286 in
3269 1231 3484 1287 decimo
3533 1244 3633 1285 oc-

354 1335 488 1383 tnvo
526 1326 773 1383 Iudaica:
815 1328 1159 1399 Antiquitatis
1220 1332 1381 1397 libro,
1406 1331 1568 1387 Pilati
1613 1342 1858 1405 tempora
1888 1334 1943 1388 in
1987 1334 2270 1389 historiam
2303 1347 2457 1389 suam
2487 1331 2754 1396 referens,
2801 1332 2869 1386 de
2923 1329 3202 1384 Salvatore
3232 1336 3425 1383 nostro
3483 1340 3635 1381 men-

355 1421 571 1477 tionem
599 1422 750 1488 facit,
789 1422 877 1479 his
905 1424 1113 1481 verbis.

712 1532 999 1601 Ἰωσήπου
1026 1535 1160 1603 περὶ
1188 1536 1296 1592 τοῦ
1323 1538 1604 1605 Χριστοῦ.

434 1663 458 1696 c
492 1645 708 1699 Γίνεται
750 1645 808 1698 δὲ
842 1648 959 1699 κατ’
992 1649 1197 1703 ἐκεῖνον
1238 1650 1330 1704 τὸν
1369 1651 1562 1722 χρόνον
1610 1649 1817 1720 Ἰησοῦς
1857 1667 1946 1703 σο-

350 1736 459 1804 φὺς
486 1737 648 1810 ἀνὴρ,
673 1737 788 1807 είγε
820 1738 988 1812 ἄνδρα
1013 1741 1176 1794 αὐτὸν
1202 1741 1379 1810 λέγειν
1412 1744 1539 1815 χρή.
1562 1739 1670 1796 Ἦν
1699 1742 1809 1815 γὰρ
1842 1761 1947 1798 πα-

354 1827 599 1899 ραδόξων
644 1828 821 1900 ἔργων
852 1832 1101 1901 ποιητὴς,
1144 1831 1462 1898 διδάσκαλος
1503 1834 1808 1906 ἀνθρώπων
1844 1835 1944 1888 τά-

349 1917 501 2015 ληθῇ
528 1917 907 2015 ’σεδομένωνῇ
943 1921 1038 1974 καὶ
1079 1922 1305 2015 πολλοὺς
1341 1924 1439 1995 μὲν
1486 1923 1581 1977 τοῦ
1628 1922 1944 1989 Ἰουδαϊκοῦ,
1976 1959 2019 2015 Β

350 2011 588 2076 πολλοὺς
609 2011 664 2065 δέ
685 2013 779 2066 καὶ
805 2012 1114 2083 Ἑλληνικοῦ
1140 2015 1471 2086 ἐπηγάγετο’
1488 2017 1516 2069 ὁ
1534 2016 1769 2088 Χριστὸς
1790 2009 1946 2081 οὗτος

346 2099 425 2173 ἦν
456 2104 559 2174 (1),
599 2105 693 2157 καὶ
734 2102 910 2157 αὐτῶν
950 2104 1172 2170 ἐνδείξει
1186 2105 1295 2158 τῶν
1327 2106 1457 2177 παρ’
1503 2106 1637 2176 ἡμῖν
1671 2104 1947 2175 ἀρχόντων

349 2194 582 2267 σταυρῷ
623 2195 1068 2267 ἐπιτετιμηκότος
1118 2196 1372 2263 Πιλάτου,
1407 2197 1508 2250 οὐκ
1556 2197 1864 2251 ἐπαύσαντο
1896 2197 1947 2250 οἱ

349 2284 417 2337 τὸ
444 2284 662 2356 πρῶτον
689 2285 1095 2358 ἀγαπήσαντες.
1137 2287 1340 2360 Ἐφάνη
1385 2288 1493 2363 γὰρ
1528 2289 1712 2354 αὐτοῖς
1757 2290 1947 2363 τρίτην

346 2377 571 2447 ἡμέραν
621 2377 783 2431 πάλιν
826 2378 954 2444 ζῶν,
988 2379 1097 2433 τῶν
1140 2380 1299 2436 θείων
1339 2384 1633 2455 προφητῶν
1675 2383 1849 2439 ταῦτά
1884 2402 1945 2439 τε

346 2469 451 2523 καὶ
491 2468 629 2523 ἄλλα
668 2471 837 2541 μυρία
880 2472 1008 2543 περὶ
1035 2472 1202 2527 αὑτοῦ
1239 2475 1556 2546 εἰρηκότων.
1590 2476 1752 2531 Ὅθεν
1780 2478 1945 2532 εἰσέτι

347 2560 452 2614 νῦν
480 2563 591 2615 ἀπὸ
619 2561 774 2614 τοῦδε
819 2562 926 2616 τῶν
972 2564 1312 2635 Χριστιανῶν
1356 2567 1456 2620 οὐκ
1500 2567 1724 2622 ἐπέλιπε
1752 2569 1813 2622 τὸ
1840 2568 1946 2637 φῦ-

347 2654 471 2709 λον.
509 2674 528 2705 ι
560 2656 622 2708 Εἰ
644 2655 823 2709 τοίνυν
856 2656 950 2710 καὶ
979 2657 1119 2711 κατὰ
1149 2658 1242 2712 τὸν
1271 2659 1538 2731 ἱστορικὸν
1563 2666 1944 2733 μαρτυρεῖται,

348 2748 418 2802 οὐ
453 2749 618 2819 μόνον
665 2750 793 2812 τοὺς
829 2749 1036 2804 δώδεκα
1071 2753 1431 2818 ἀποστόλους,
1470 2755 1590 2809 οὐδὲ
1632 2756 1760 2820 τοὺς
1798 2756 1948 2810 ἐϐδο-

262 2899 269 2904 ,
356 2840 607 2910 μήκοντα
645 2839 893 2909 μαθητὰς
945 2839 1368 2914 ἐξῳκειωμένος,
1398 2844 1535 2898 ἀλλά
1584 2844 1812 2909 πολλοὺς
1847 2845 1946 2916 μὲν

350 2931 452 2984 τοῦ
492 2932 804 2990 Ἰουδαϊκοῦ.
832 2934 1058 2998 πολλοὺς
1096 2934 1155 2988 δὲ
1180 2934 1274 2988 τοῦ
1316 2935 1628 3009 Ἑλληνικοῦ
1674 2938 1947 3010 προσαγό-

359 3039 543 3092 μενος,
560 3022 717 3093 δῆλος
734 3024 800 3079 ἂν
825 3023 909 3096 εῐη
935 3025 1186 3096 περιττόν
1210 3043 1264 3078 τι
1286 3043 1452 3098 κεκτη
1462 3027 1623 3097 μένος
1645 3027 1797 3100 παρὰ
1817 3029 1947 3092 τοὺς

355 3113 582 3178 λοιποὺς
609 3113 949 3187 ἀνθρώπους.
998 3115 1122 3179 Πῶς
1158 3116 1267 3186 γὰρ
1315 3117 1383 3171 ἂν
1424 3117 1598 3183 ἄλλως
1642 3120 1948 3191 προσήγετο

352 3205 453 3261 τοῦ
470 3205 785 3270 Ἰουδαϊκοῦ,
809 3207 904 3260 καὶ
926 3206 1018 3260 τοῦ
1049 3207 1359 3278 Ἑλληνικοῦ
1384 3209 1622 3274 πλείους,
1654 3212 1703 3263 εί
1738 3212 1811 3282 μή
1836 3228 1946 3264 τισι

2553 1529 2771 1601 Iosephi
2793 1530 2856 1584 de
2879 1529 3113 1586 Christo.

2126 1669 2145 1703 ι
2186 1650 2416 1706 Exsistit
2444 1662 2542 1719 per
2571 1647 2715 1702 idem
2743 1654 2961 1716 tempus
3001 1645 3162 1701 Jesus
3191 1646 3411 1716 sapiens
3440 1648 3544 1711 vir,
3579 1646 3631 1705 si

2048 1743 2211 1799 modo
2241 1743 2416 1797 virum
2452 1756 2576 1796 eum
2610 1740 2795 1809 dicere
2816 1745 3052 1808 oportet,
3079 1739 3282 1808 quippe
3314 1740 3407 1811 qui
3439 1754 3631 1795 earum

2044 1851 2230 1891 rerum
2253 1842 2454 1900 auctor
2481 1833 2665 1897 fuerit,
2696 1846 2817 1902 qua:
2838 1831 3130 1885 humanam
3161 1829 3319 1884 fidem
3344 1838 3630 1903 superant.

2046 1925 2285 1983 Docebat
2318 1941 2483 1998 porro
2510 1925 2600 1979 hic
2646 1922 2919 1987 homines,
2952 1922 2998 1978 si
3041 1939 3182 1993 quos
3221 1923 3470 1980 veritatis
3511 1932 3631 1980 stu-

2048 2020 2237 2076 diosos
2269 2019 2618 2091 reperiebat:
2657 2033 2787 2088 ergo
2821 2016 3023 2072 multos
3054 2016 3160 2071 sibi
3188 2014 3461 2080 Judaicae,
3486 2016 3631 2071 mul-

2047 2123 2134 2170 tos
2164 2114 2327 2170 etiam
2363 2112 2566 2181 Graeca:
2599 2110 2855 2166 factionis
2893 2109 3163 2179 adjuuxit.
3193 2110 3444 2166 Christus
3468 2111 3631 2181 plane

2047 2207 2139 2263 hic
2184 2206 2287 2262 fuit
2324 2225 2339 2261 :
2388 2204 2658 2276 siquidem
2686 2218 2810 2258 cum
2855 2202 3267 2272 magistratibus
3296 2203 3503 2258 nostris
3531 2216 3626 2258 ac~

2045 2299 2391 2359 cusantibus,
2419 2297 2573 2352 illum
2599 2294 2781 2351 crucis
2802 2293 3073 2363 supplicio
3099 2293 3368 2350 affecisset
3389 2293 3622 2359 Pilatus,

2047 2407 2160 2447 non
2208 2389 2562 2450 destiterunt,
2595 2387 2690 2457 qui
2734 2387 2805 2441 ab
2835 2385 2992 2439 initio
3037 2385 3309 2455 complexi
3358 2384 3623 2440 fuerant:

2046 2482 2300 2554 apparuit
2333 2482 2476 2537 enim
2508 2479 2617 2536 illis
2655 2479 2818 2534 tertio
2845 2478 2933 2533 die
2966 2478 3162 2533 iterum
3187 2477 3397 2542 vivens,
3430 2492 3626 2546 quem-

2047 2575 2345 2629 admodum
2396 2571 2566 2625 divini
2597 2570 2878 2641 propbette
2904 2578 2960 2625 et
3022 2570 3140 2625 hac
3165 2580 3220 2626 et
3243 2571 3348 2623 alia
3381 2571 3629 2626 innume-

2045 2666 2241 2722 rabilia
2273 2666 2340 2720 de
2383 2665 2478 2718 illo
2506 2662 2891 2734 praedixerant,
2937 2676 3005 2716 ex
3043 2676 3154 2731 quo
3179 2660 3246 2715 ad
3274 2661 3421 2716 hunc
3451 2678 3627 2732 usque

2046 2758 2192 2812 diem
2224 2756 2662 2812 Christianorum
2695 2769 2806 2807 non
2839 2752 3041 2807 defecit
3090 2767 3283 2822 genus.
3326 2772 3344 2804 ι
3401 2750 3457 2806 Si
3493 2768 3625 2824 ergo

2045 2850 2348 2905 historicus
2376 2862 2595 2918 quoque
2621 2845 2971 2909 testificatur,
3012 2858 3124 2898 non
3152 2844 3300 2899 solos
3332 2842 3625 2899 duodecim

2045 2942 2346 3011 apostolos,
2387 2939 2842 3010 septuagintaque
2880 2935 3209 3005 discipulos,
3263 2934 3333 2988 ab
3378 2934 3472 2988 illo
3516 2934 3626 2989 sibi

2046 3034 2359 3103 adiunctos,
2405 3032 2502 3087 sed
2544 3030 2748 3085 multos
2779 3044 2998 3099 quoque
3032 3037 3146 3083 tum
3191 3025 3454 3091 Judaicae,
3503 3034 3623 3081 tum

2046 3124 2250 3181 Grateae
2289 3124 2546 3178 factionis
2575 3128 2909 3191 assumptos,
2939 3121 3118 3191 palam
3164 3130 3252 3175 est
3296 3120 3450 3173 illum
3480 3118 3534 3172 in
3563 3132 3625 3175 se

2048 3216 2255 3287 aliquid
2301 3215 2656 3271 excellentius
2690 3215 2902 3268 caeteris
2950 3212 3266 3267 hominibus
3314 3210 3622 3265 habuisse:

354 3297 694 3370 θαυμαστοῖς
715 3298 809 3352 καὶ
836 3298 1155 3370 παραδόξοις
1182 3300 1384 3371 ἔργοις,
1414 3302 1507 3355 καὶ
1538 3302 1822 3375 ξενιζούσῃ
1848 3303 1944 3357 κέ-

2047 3324 2155 3380 qua
2184 3308 2326 3364 enim
2377 3307 2483 3360 alia
2532 3307 2742 3361 ratione
2782 3314 2837 3359 et
2877 3304 3089 3360 Judaici
3120 3312 3176 3359 et
3204 3303 3377 3359 ϐπ·ωοὶ
3409 3303 3627 3373 generis

353 3409 531 3464 χρητο
561 3391 903 3465 διδασκαλίας
947 3395 1227 3466 Μαρτυρεί
1258 3394 1318 3448 δὲ
1349 3394 1442 3447 καί
1470 3396 1503 3465 ὴ
1539 3394 1647 3448 τῶν
1681 3394 1947 3466 Πράξεων

355 3485 468 3539 τῶν
508 3484 823 3539 ἀποστόλων
865 3485 1049 3556 γραφὴ
1074 3525 1088 3550 ,
1131 3486 1211 3539 ὅτι
1263 3483 1456 3539 πολλαὶ
1508 3484 1763 3556 μυριάδες
1805 3480 1946 3556 ἦσαν

369 3575 640 3631 Ἰουδαίων
673 3576 880 3647 ἀνδρῶν
912 3576 1290 3648 πεπεισμένων
1327 3576 1489 3630 αὑτὸν
1523 3571 1661 3630 εἶναι
1685 3576 1777 3629 τὸν
1808 3577 1946 3647 Χρι-

358 3672 487 3725 στὸν
508 3668 605 3725 τοῦ
644 3668 802 3733 Θεοῦ,
840 3670 934 3723 τὸν
968 3671 1072 3724 ὑπὸ
1108 3670 1218 3724 τῶν
1240 3669 1534 3742 προφητῶν
1570 3669 1947 3741 κατηγγελμέ-

355 3782 481 3819 νον·
508 3766 605 3819 καὶ
643 3768 676 3837 ή
716 3765 928 3836 ἱστορία
959 3764 1017 3818 δέ
1055 3763 1294 3835 κατέχει,
1336 3762 1413 3826 ὠς
1453 3761 1547 3816 καὶ
1592 3762 1821 3833 μεγίστη
1861 3779 1946 3826 τις

352 3853 429 3930 ἦν
463 3860 761 3930 Ἐκκλησία
812 3856 1050 3929 Χριστοῦ
1104 3858 1162 3910 ἐν
1206 3857 1322 3919 τοῖς
1367 3856 1786 3927 Ἰεροσολύμοις,
1839 3854 1946 3909 ἀπὸ

366 3948 642 4002 Ἰουδαίων
693 3947 1129 4019 συγκροτουμένη
1154 3985 1170 4009 ,
1225 3946 1386 4017 μέχρι
1434 3945 1545 3999 τῶν
1593 3946 1798 4017 χρόνων
1847 3947 1946 4016 τῆς

357 4042 483 4094 κατ’
512 4041 792 4113 ’Δδριανὸν
819 4039 1155 4111 πολιορκίας.
1188 4039 1451 4107 Λέγονται
1485 4034 1616 4105 γοῦν
1659 4040 1708 4091 οἱ
1737 4038 1945 4109 πρῶτοι

356 4133 506 4188 κατά
532 4133 782 4205 διαδοχὴν
805 4133 1132 4203 προστάντες
1160 4131 1347 4188 αὐτόθι
1385 4130 1670 4184 ἐπίσκοποι
1706 4131 1944 4184 Ἰουδαῖοι

356 4225 674 4295 γεγονέναι,
724 4219 800 4279 ὧν
844 4226 937 4278 καὶ
981 4224 1217 4295 ὀνόματα
1264 4224 1432 4276 εἰσέτι
1477 4221 1572 4276 νῦν
1631 4221 1783 4293 παρὰ
1835 4224 1947 4285 τοῖς

353 4318 648 4391 ἐγχωρίοις
688 4316 1118 4390 μνημονεύεται⁶
1159 4316 1239 4380 ὡς
1291 4316 1386 4369 καὶ
1427 4315 1494 4367 ὲκ
1541 4313 1744 4367 τούτων
1795 4312 1949 4366 λελῦ-

358 4411 487 4465 σθαι
510 4413 694 4465 πᾶσαν
720 4412 820 4485 τὴν
853 4410 995 4465 κατὰ
1014 4409 1124 4463 τῶν
1166 4408 1422 4480 μαθητῶν
1472 4406 1638 4460 αὐτοῦ
1668 4405 1944 4477 διαϐολὴν,

356 4506 451 4557 ὅτε
485 4504 578 4558 καὶ
611 4502 746 4573 πρὸς
778 4500 977 4561 αὐτῶν,
1008 4501 1104 4553 καὶ
1132 4498 1257 4569 δίχα
1281 4499 1380 4569 τῆς
1411 4497 1590 4551 αὐτῶν
1621 4498 1943 4569 μαρτυρίας,

359 4597 537 4671 μυρία
565 4595 906 4666 ὁμολογεῖται
939 4592 1115 4663 πλήθη
1158 4590 1426 4645 Ἰουδαίων
1449 4607 1509 4643 τε
1546 4591 1640 4643 καὶ
1681 4590 1945 4661 Ἑλλήνων

2047 3400 2250 3455 multos
2280 3398 2387 3453 sibi
2407 3397 2705 3467 adiungere
2739 3396 3029 3467 potuisset,
3076 3396 3183 3451 nisi
3209 3394 3628 3453 admirabilibus

2046 3493 2317 3563 fidemque
2346 3490 2736 3562 superantibus
2780 3490 2975 3559 gestis,
3019 3497 3073 3544 et
3102 3488 3350 3543 inaudita
3385 3487 3625 3557 quadam

2046 3583 2299 3638 doctrina
2352 3597 2487 3637 usus
2533 3580 2716 3636 esset?
2761 3580 2925 3635 fidem
2969 3579 3135 3635 etiam
3187 3578 3321 3633 facit
3365 3579 3503 3633 liber
3528 3579 3625 3648 qui

2018 3669 2182 3730 ‘Acta
2230 3674 2601 3745 apostolorum
2650 3672 2992 3736 inscribitur,
3029 3672 3197 3739 multa
3227 3671 3396 3725 millia
3442 3669 3624 3723 homi-

2044 3783 2178 3824 num
2226 3767 2536 3823 Judteorum
2579 3763 2905 3829 credidisse,
2962 3764 3118 3819 illum
3173 3779 3297 3820 esse
3338 3761 3623 3818 Christum

2045 3859 2167 3926 Dei,
2194 3876 2354 3930 quem
2391 3859 2671 3929 prophetae
2701 3864 2994 3911 venturum
3029 3854 3401 3909 nuntiassent.
3436 3850 3625 3907 Histo-

2045 3954 2124 4007 ria
2155 3968 2371 4023 quoque
2404 3951 2534 4005 illud
2562 3951 2723 4005 habet
2750 3968 2763 4003 :
2798 3948 3059 4020 grandem
3084 3947 3288 4002 Christi
3320 3943 3623 3999 Ecclesiam

2044 4043 2439 4116 Hierosolymis
2485 4042 2679 4106 fuisse,
2731 4056 2897 4111 quam
2949 4039 3121 4094 Judasi
3182 4041 3619 4110 comparassent,

2045 4136 2384 4206 durasseque
2438 4150 2612 4204 usque
2665 4133 2730 4188 ad
2800 4132 3180 4190 obsidionem.
3230 4146 3352 4200 qua:
3394 4125 3622 4182 Adriani

2046 4238 2291 4297 tempore
2317 4228 2456 4283 facta
2489 4234 2574 4283 est
2603 4244 2618 4288 ;
2652 4239 2783 4296 ergo
2814 4224 2907 4293 qui
2938 4222 3098 4293 primi
3126 4219 3371 4290 episcopi
3396 4233 3464 4273 ex
3499 4232 3622 4272 suc-

2046 4320 2296 4381 cessione
2344 4322 2455 4376 illic
2493 4320 2871 4392 praefuerunt,
2901 4314 3073 4368 Judaei
3127 4311 3299 4367 fuisse
3338 4309 3618 4374 dicuntur,

2046 4430 2279 4489 quorum
2328 4414 2547 4467 nomina
2601 4412 2668 4465 ab
2710 4409 2830 4479 ejus
2878 4405 2985 4461 loci
3033 4403 3229 4458 incolis
3279 4401 3441 4455 etiam
3473 4414 3621 4454 nunc

2046 4513 2442 4568 memorantur,
2485 4503 2651 4573 125'
2673 4508 2733 4555 ut
2764 4515 2830 4556 ex
2854 4500 2940 4553 his
2969 4510 3189 4567 quoque
3219 4494 3398 4548 omnis
3424 4499 3619 4546 contra

2048 4598 2347 4670 discipulos
2381 4598 2528 4652 illius
2549 4595 2823 4651 calumnia
2859 4592 3125 4652 diluatur,
3159 4586 3378 4658 quando
3421 4591 3476 4640 et
3508 4584 3618 4640 illis

357 4690 526 4754 αὐτὸς
571 4688 778 4761 Ἰησοῦς
812 4690 841 4740 ὁ
882 4686 1114 4758 Χριστὸς
1162 4684 1257 4738 τοῦ
1298 4683 1431 4737 Θεοῦ
1471 4683 1540 4736 δι’
1583 4676 1660 4736 ὧν
1703 4682 1945 4735 ἐπετέλει

2049 4690 2488 4756 testificantibus,
2518 4701 2571 4744 et
2602 4697 2817 4751 contra,
2865 4685 2973 4739 illis
3021 4697 3128 4736 non
3173 4677 3617 4741 testificantibus,

358 4783 686 4858 παραδόξων
735 4781 912 4853 ἔργων
966 4780 1055 4849 ὑφ’
1113 4778 1305 4832 ἐαυτὸν
1356 4776 1740 4848 πεποιημένος.
1784 4774 1944 4827 Ἀλλά

357 4879 569 4934 τούτων
591 4878 722 4948 ήμϊν
761 4875 854 4929 ἐπὶ
886 4872 1136 4927 τοσοῦτον
1174 4870 1498 4942 εἰρημένων,
1533 4867 1669 4937 πρὸς
1697 4868 1758 4921 τὸ
1790 4866 1942 4938 πρῶ-

358 4987 454 5027 τον
476 4968 590 5024 τῶν
617 4968 859 5022 ἀπίστων
887 4965 1093 5036 τάγμα,
1125 4963 1277 5035 φέρε,
1308 4961 1403 5015 καὶ
1440 4957 1574 5031 πρὸ,
1603 4960 1663 5012 τὸ
1693 4958 1943 5030 δεύτερον

364 5066 555 5131 στῖφος
586 5059 880 5130 ἐνοτῶμεν.
912 5056 1082 5111 Τοῦτο
1113 5055 1169 5109 δὲ
1200 5050 1269 5125 ἦν
1297 5055 1359 5107 τὸ
1385 5052 1494 5107 τῶν
1529 5049 1945 5122 συνομολογούν-

360 5173 473 5209 των
510 5154 609 5224 μὲν
639 5152 729 5206 τὸν
769 5150 974 5222 Ἰησοῦν
1001 5149 1067 5203 τὰ
1099 5146 1373 5219 παράδοξα
1412 5141 1791 5215 πεποιηκέναι,
1818 5159 1947 5213 γοη-

360 5246 483 5317 τείᾳ
513 5245 569 5298 δὲ
601 5242 774 5305 ἄλλως
816 5242 909 5294 ἐπὶ
952 5239 1128 5312 πλάνῃ
1171 5238 1277 5292 τῶν
1308 5235 1580 5307 ὁρώντων,
1621 5228 1708 5286 οἷα
1737 5230 1946 5301 θαυμα-

359 5334 657 5407 τουργὺνῆ
700 5329 994 5405 φαρμακέα
1042 5328 1185 5395 τινὰ,
1229 5324 1620 5399 θαυμαστῶσαι
1657 5323 1783 5386 τοὺς
1803 5336 1939 5390 παρ·

362 5428 545 5492 ὄντας.

2051 4787 2168 4856 ipse
2205 4783 2388 4844 Jesus,
2425 4782 2521 4853 qui
2568 4780 2821 4836 Christus
2877 4784 2961 4832 est
3012 4774 3128 4837 Dei,
3179 4769 3615 4841 comprobatur:

2048 4875 2500 4933 innumerabilem
2532 4869 2960 4931 multitudinem,
2995 4874 3109 4919 tum
3157 4861 3470 4917 Juda'orum
3500 4866 3619 4913 tum

2047 4967 2359 5023 Graecorum
2389 4965 2492 5021 sibi
2524 4964 2629 5034 ipsi
2658 4961 2982 5031 subiecisse.
3012 4956 3283 5012 Caeterum
3330 4967 3456 5007 cum
3501 4952 3620 5007 haec

2047 5074 2077 5113 a
2100 5058 2259 5113 nobis
2284 5057 2431 5112 dicta
2452 5056 2563 5112 sint
2583 5055 2847 5109 adversus
2872 5050 3107 5121 primum
3136 5063 3247 5102 non
3271 5044 3618 5101 credentium

2046 5167 2241 5225 genus,
2277 5165 2426 5204 nunc
2448 5148 2513 5204 ad
2538 5148 2769 5202 alterum
2804 5148 3214 5203 convertamur,
3261 5138 3426 5212 idque
3457 5138 3619 5193 refel—

2044 5245 2241 5300 lamus.
2278 5241 2335 5297 Id
2384 5249 2565 5296 autem
2606 5245 2692 5295 est
2734 5251 2949 5298 eorum,
2982 5234 3078 5305 qui
3117 5232 3361 5287 fatentur
3395 5228 3618 5301 quidem

2044 5336 2229 5393 Jesum
2255 5349 2344 5390 res
2367 5332 2604 5405 gessisse
2628 5327 2998 5393 admirabiles,
3029 5324 3123 5381 sed
3164 5321 3455 5395 praestigiis
3484 5334 3615 5374 ocu-

2046 5431 2131 5486 los
2160 5427 2488 5483 intuentium
2523 5422 2810 5486 delusisse,
2852 5427 3016 5489 atque
3059 5425 3121 5474 ut
3154 5417 3332 5474 solent
3366 5416 3613 5470 incanta-

2047 5532 2193 5576 tores
2247 5526 2302 5572 et
2351 5513 2605 5577 veneﬁci,
2657 5513 2712 5566 in
2768 5508 3189 5567 admirationem
3236 5505 3324 5561 sui
3376 5501 3615 5558 traxisse

2047 5622 2339 5683 przesentcs
2352 5650 2366 5662 .

436 5786 516 5861 (1)
549 5786 751 5842 Procul
788 5783 958 5861 dubio
985 5783 1254 5861 glossema
1311 5787 1396 5839 est
1429 5786 1480 5836 ct
1521 5776 1841 5849 marginalis
1902 5746 2186 5843 Cujusdam
2229 5765 2524 5823 Christiani
2567 5762 2792 5821 lectoris
2843 5760 3144 5828 adnotatio,
3215 5758 3343 5814 licet
3399 5750 3608 5809 habea-

370 5853 460 5917 tur
493 5853 547 5916 in
576 5875 713 5918 mss.
740 5866 797 5915 et
822 5858 878 5911 in
906 5853 1162 5925 Jesepho.
