4158 6418
529 308 639 364 225

1183 311 1451 369 EUSEBH
1486 310 1958 369 CESARIENSIS
1993 310 2141 368 OPP.
2184 310 2366 366 PARS
2400 310 2464 365 ll.
2506 341 2579 354 —
2611 307 3109 366 APOLOGETICA.

3654 306 3764 361 224

532 425 623 482 Vl.
658 424 859 484 Contra
891 443 979 482 eos
1014 429 1100 499 qui
1129 430 1565 511 unwstigiatorem
1592 439 1780 500 putant
1819 429 2082 486 Christum

2197 429 2287 495 ς’.
2354 425 2512 495 Πρὸς
2534 426 2674 493 τοὺς
2692 425 3034 511 ’ρὶομέγους
3049 424 3264 511 ﬁ?)qu
3305 418 3611 492 γεγονέναι
3658 421 3765 475 τὸν

1070 512 1076 521 '
1161 498 1258 553 Dei
1278 498 1461 568 fuisse.

599 609 676 665 Ac
704 611 939 680 primum
984 611 1200 683 quidem
1248 613 1340 668 isti
1371 614 1735 685 interrogandi
1777 623 1927 682 sunt,
1965 615 2095 685 quid

532 699 601 755 ad
656 716 720 756 ea
761 717 882 771 quae
914 712 1325 759 antecesserunt
1370 707 1781 775 respondeant?
1820 707 2094 777 Numquid

533 791 679 847 ullus
733 792 1013 848 hominum
1056 810 1283 865 usquam
1335 797 1629 866 excogitari
1676 796 1895 868 potuit,
1946 800 2093 854 omni

528 885 795 955 gravitate
831 900 894 939 ac
924 886 1124 941 virtute
1168 886 1381 942 referta:
1427 888 1740 959 reipublicae
1783 891 2090 956 institutor,

528 977 866 1048 sinceraeque
906 992 970 1032 ac
1008 993 1149 1033 verae
1183 979 1466 1043 doctrinm,
1502 982 1681 1050 qualis
1710 998 1773 1037 ea
1811 991 1896 1038 est
1929 999 2092 1051 quam

528 1075 654 1123 ante
678 1069 1051 1137 exposuimus.
1085 1080 1383 1141 prmceptor
1409 1089 1421 1123 :
1445 1074 1537 1141 qui
1575 1089 1756 1128 mores
1796 1076 2091 1145 praestigia-

528 1158 664 1212 toris
692 1158 984 1213 habuerit?
1022 1159 1175 1226 Quod
1208 1163 1251 1216 si
1281 1170 1335 1217 et
1372 1178 1583 1232 magus,
1622 1173 1675 1219 et
1714 1165 2002 1228 veneﬁcus,
2040 1177 2093 1221 et

525 1236 891 1320 impostor,et
936 1254 1303 1323 prmstigiator
1344 1254 1463 1318 fuit,
1495 1272 1731 1324 quonam
1780 1258 1940 1312 modo
1965 1260 2090 1314 talis

525 1339 786 1396 doctrinm
814 1344 955 1412 apud
989 1360 1179 1399 omnes
1228 1356 1415 1415 gentes
1456 1355 1648 1401 auctor
1690 1351 1915 1413 exstitit,
1955 1367 2089 1420 qua-

524 1432 627 1487 lem
662 1432 730 1487 ad
755 1435 901 1490 hunc
919 1452 1091 1505 usque
1116 1437 1257 1491 diem
1281 1446 1335 1493 et
1364 1440 1539 1495 oculis
1568 1441 1862 1504 intuemur,
1894 1450 1948 1497 et
1978 1459 2090 1497 au-

522 1524 677 1581 ribus
712 1528 1077 1597 percipimus?
1103 1529 1299 1584 deinde
1351 1533 1474 1602 quis
1523 1540 1633 1586 tam
1682 1534 1785 1589 sibi
1836 1535 1939 1604 ipsi
1964 1552 2088 1591 con-

522 1618 716 1682 ﬁdens,
742 1626 801 1673 ut
830 1622 1177 1690 aggredialur
1208 1638 1271 1676 ea
1296 1624 1350 1678 in
1382 1641 1547 1678 unum
1579 1641 1792 1695 cogere,
1824 1644 1945 1696 qum
1966 1629 2085 1699 cogi

522 1710 673 1765 nullo
697 1710 858 1764 modo
905 1714 1177 1781 possunt?
1203 1712 1336 1778 Quis
1380 1715 1523 1769 enim
1559 1732 1686 1771 vere
1727 1720 2086 1789 prmstigiator

522 1808 628 1865 est,
667 1816 792 1857 cum
832 1809 885 1857 et
932 1805 1217 1858 sceleratis
1247 1805 1319 1858 sit
1363 1814 1416 1860 et
1455 1807 1681 1863 nefariis
1717 1811 1982 1873 moribus,
2031 1820 2084 1867 et

523 1908 618 1948 eas
667 1908 757 1948 res
799 1896 1176 1965 aggrediatur,
1227 1913 1349 1968 qua:
1395 1899 1697 1968 desperatis
1752 1902 2086 1975 nefariisque

526 1985 837 2041 hominibus
872 1990 1217 2052 conveniant,
1256 1991 1436 2044 omnia
1462 2006 1623 2060 agere
1648 1995 1787 2048 solet
1815 1996 1992 2065 turpis
2021 2012 2085 2050 ac

519 2077 725 2132 sordidi
766 2079 900 2132 lucri
941 2080 1133 2150 gratia.
1180 2080 1449 2153 Numquid
1474 2085 1638 2154 igitur
1675 2083 1925 2139 Salvator
1951 2103 2086 2157 quo—

519 2184 647 2238 que,
700 2186 764 2224 ac
808 2169 1071 2228 Dominus
1115 2182 1305 2230 noster
1345 2176 1527 2240 Jesus,
1571 2179 1665 2248 qui
1703 2178 1961 2234 Christus
1999 2187 2084 2236 est

518 2260 638 2327 Dei,
667 2263 866 2319 talibus
894 2265 1056 2321 rebus
1081 2268 1349 2325 obnoxius
1377 2271 1488 2324 sit?
1516 2273 1742 2327 Atenim
1767 2274 1910 2328 unde
1941 2284 2085 2330 tene-

515 2353 667 2409 bitur
690 2370 838 2418 reus,
864 2366 958 2411 aut
984 2360 1278 2427 quomodo,
1306 2362 1398 2431 qui
1436 2363 1551 2417 suis
1589 2364 1895 2433 discipulis,
1926 2372 1985 2418 ut
2016 2381 2082 2419 ex

518 2444 761 2515 ipsorum
808 2448 1122 2502 testimonio
1163 2458 1407 2520 apparet,
1439 2453 1697 2521 praecepit
1728 2468 1796 2506 ne
1838 2451 2085 2520 posside-

516 2544 641 2590 rent
668 2552 882 2604 aurum,
910 2546 1001 2592 aut
1032 2548 1313 2611 argentum
1348 2542 1401 2595 in
1439 2542 1592 2596 zonis
1616 2543 1753 2605 suis,
1784 2557 1962 2612 neque
1997 2558 2085 2611 pc-

515 2641 632 2681 ram
664 2629 720 2682 in
761 2630 870 2694 via,
912 2646 1089 2701 neque
1127 2633 1530 2688 calceamenta?
1567 2632 1772 2688 Deinde
1812 2648 1909 2688 cur
1936 2634 2082 2688 dicto

515 2716 664 2775 illius
691 2720 975 2778 audientes
1031 2722 1282 2787 fuisSent,
1325 2732 1379 2779 et
1404 2739 1467 2779 ea
1497 2739 1618 2795 quas
1654 2733 1977 2794 acceperant
2024 2724 2081 2779 in

515 2815 937 2870 commentarios
980 2815 1265 2871 referenda
1303 2817 1607 2886 litterisque
1648 2819 2081 2873 commendanda

517 2912 825 2974 putassent,
862 2905 904 2960 si
937 2907 1182 2976 pecun’e
1227 2907 1530 2962 studiosum
1583 2923 1741 2962 suum
1778 2906 2083 2978 Praecepto-

515 3008 632 3049 rem
663 2996 960 3059 vidissent,
991 3006 1045 3052 ct
1086 2999 1461 3070 ii-gaontraria
1509 3014 1631 3068 quae
1673 3000 1811 3055 alios
1853 3000 2082 3057 docebat

2687 497 2943 565 Χριστὸν
2973 497 3078 549 τοῦ
3114 497 3282 546 Θεοῦ.

2269 613 2379 666 Καὶ
2409 612 2471 684 δὴ
2507 611 2693 666 τούσδε
2726 611 2939 683 πρῶτον
2982 610 3231 663 ἁπάντων
3277 604 3593 677 ἐρωτητέον,
3644 602 3765 657 τίνα

2198 709 2353 773 φαῖεν
2382 705 2516 776 πρὸς
2535 704 2605 757 τά
2631 702 3034 775 προωδευμένα.
3060 697 3205 771 τΑρα
3229 698 3337 768 γάρ
3364 694 3647 766 ἐπινοῆσαι
3675 695 3767 748 δυ-

2196 797 2374 861 νατὸν,
2403 795 2568 868 ἄνδρα
2596 794 2911 849 διδάσκαλον
2936 793 3137 864 σεμνῆς
3162 792 3254 844 καὶ
3283 788 3584 860 παναρέτου
3620 785 3767 841 πολι-

2194 887 2362 950 τείας,
2391 886 2559 954 άγίων
2576 903 2635 939 τε
2673 886 2765 939 καὶ
2789 883 3003 956 ἀληθῶν
3035 882 3338 954 δογμάτων,
3369 881 3494 934 οἴων
3510 879 3768 951 προδιήλ-

2196 978 2379 1049 θομεν,
2406 978 2576 1049 γόητα
2599 978 2690 1031 τὸν
2710 976 2909 1047 τρόπον
2939 975 3221 1045 γεγονέναι
3246 991 3260 1038 ;
3292 964 3431 1027 Εἰδέ
3456 973 3519 1044 δὴ
3546 989 3765 1043 μαγγα-

2192 1072 2382 1141 νευτής
2406 1087 2489 1133 τις
2521 1066 2588 1140 ἦν
2617 1069 2710 1122 καὶ
2741 1069 3082 1140 φαρμακεῦς,
3113 1065 3362 1119 ἀπατεὼν
3391 1082 3450 1117 τε
3483 1064 3576 1117 καὶ
3606 1063 3762 1133 γόης,

2194 1161 2309 1224 πῶς
2335 1162 2398 1214 ἂν
2421 1159 2676 1232 τοιαύτης
2706 1159 3048 1223 διδασκαλίας
3080 1159 3211 1211 πᾶσι
3242 1160 3353 1221 τοῖς
3411 1155 3585 1208 ἔθνεσι
3631 1171 3764 1207 κατ-

2191 1254 2323 1324 έστη
2346 1254 2533 1318 αἴτιος,
2558 1256 2674 1317 οἵας
2697 1254 2850 1306 αὐτοὶ
2876 1252 3091 1324 ὁρῶμεν
3119 1251 3434 1321 ὀφθαλμοῖς,
3452 1250 3545 1302 καὶ
3573 1249 3762 1310 ἀκοαῖς

2190 1348 2269 1410 εἰς
2303 1345 2461 1417 δεῦρο
2501 1344 3031 1417 παραλαμϐάνομεν;
3067 1345 3224 1407 Heio;
3252 1343 3306 1396 δέ
3344 1343 3437 1396 καὶ
3474 1341 3763 1412 αἱρήσεται

2188 1437 2256 1490 τὰ
2290 1436 2565 1490 ἀσύνακτα
2598 1436 2878 1505 συνάγειν;
2914 1436 3047 1508 γόης
3071 1436 3167 1507 μὲν
3200 1435 3307 1507 γάρ
3333 1452 3417 1498 τις
3443 1434 3517 1497 ῶς
3547 1431 3765 1502 ἀληθῶς

2188 1528 2401 1591 ἀνόσιος
2442 1529 2536 1581 καὶ
2580 1528 2775 1600 μιαρὸς
2815 1528 2907 1580 τὸν
2952 1527 3171 1600 τρόπον,
3224 1526 3610 1598 ἀπειρημένοις
3665 1524 3761 1577 καὶ

2190 1621 2421 1684 ἀνοσίοις
2445 1621 2725 1692 ἐγχειρῶν,
2748 1621 2925 1674 πάντα
2951 1621 3175 1691 πράττει
3205 1618 3431 1690 αἰσχροῦ
3464 1617 3559 1671 καὶ
3583 1618 3732 1688 ρυπα
3748 1642 3762 1658 ο

2191 1712 2284 1783 ροῦ
2312 1714 2531 1783 κέρδους
2555 1713 2731 1784 χάριν.
2760 1714 2904 1783 Μήτι
2930 1708 3022 1765 οὖν
3049 1713 3143 1765 καὶ
3172 1712 3200 1764 6
3225 1711 3415 1782 Σωτὴρ
3440 1711 3534 1764 καὶ
3556 1708 3764 1779 Κύριος

2186 1804 2340 1875 ἡμῶν
2368 1805 2579 1876 Ἰησοῦς
2607 1807 2636 1857 6
2669 1805 2901 1877 Χριστὸς
2930 1803 3025 1858 τοῦ
3053 1803 3187 1857 Θεοῦ
3236 1802 3461 1856 τοιοῖσδέ
3494 1817 3634 1855 τισιν
3669 1798 3760 1853 ἐν·

2184 1914 2307 1967 οχος
2335 1892 2435 1967 ἧνς
2468 1897 2657 1961 Πόθεν,
2692 1897 2724 1968 ἢ
2769 1896 2906 1960 πῶς,
2943 1898 2971 1949 6
3001 1900 3113 1960 τοῖς
3145 1894 3336 1948 ἐαυτοῦ
3369 1893 3654 1966 μαθηταῖς,
3678 1891 3763 1955 ὡς

2185 1986 2318 2057 πρὸς
2339 1985 2518 2040 αὐτῶν
2547 1986 2985 2058 μεμαρτύρηται,
3007 1982 3243 2057 εἰρηκώς
3263 2000 3277 2013 ο
3317 2001 3335 2033 ‹
3367 1982 3456 2053 Μὴ
3483 1979 3758 2051 κτήσησθε

2184 2078 2402 2150 χρυσὸν,
2450 2078 2569 2149 μηδ’
2607 2079 2845 2151 ἄργυρον
2881 2080 2962 2141 είς
3000 2076 3099 2140 τάς
3125 2074 3299 2139 ζώνας
3326 2073 3499 2145 ὑμῶν,
3547 2071 3621 2143 μὴ
3654 2075 3761 2143 πήοο

2186 2189 2283 2243 ραν
2310 2173 2389 2235 είς
2416 2171 2553 2235 ὁδὸν,
2591 2172 2708 2243 μηδ’
2738 2170 3090 2241 ὑποδήματα;
3125 2188 3141 2219 ι
3176 2167 3303 2231 Πῶς
3328 2166 3372 2219 δ’
3393 2166 3459 2220 ἂν
3484 2162 3766 2217 ἐπείθοντο

2182 2262 2411 2330 λέγοντι,
2442 2263 2534 2315 καὶ
2568 2263 2624 2314 ἐν
2649 2260 3205 2333 ἀπομνημονεύμασιν
3249 2257 3546 2330 ἐγγράφοις
3582 2256 3758 2309 ταῦτα

2183 2356 2534 2428 παραδιδόναι
2567 2355 2772 2424 ἠξίουν,
2807 2357 2856 2408 εί
2888 2351 3352 2427 χρηματιζόμενον
3384 2352 3475 2405 τὸν
3500 2351 3757 2404 διδάσκα-

2182 2448 2270 2502 λον
2298 2448 2483 2521 ἐώρων
2529 2451 2623 2502 καὶ
2658 2448 2979 2503 κατεναντία
2994 2442 3072 2511 οἷς
3101 2447 3321 2518 ἐτέρους
3347 2445 3589 2498 ἐδίδασκε
3625 2461 3754 2515 μετ-

2185 2541 2370 2607 ιόντας
2416 2541 2590 2595 Πάλαι
2624 2541 2669 2595 δ’
2705 2540 2771 2595 ἂν
2799 2539 3261 2609 καταγελάσαντες
3282 2537 3469 2603 αὑτοῦ,
3509 2538 3602 2592 καὶ
3644 2537 3759 2591 τῶν

2181 2630 2352 2700 λόγων
2380 2631 2843 2696 καταπτύσαντες,
2905 2629 3255 2702 ἀνεχώρησαν
3305 2631 3404 2701 τῆς
3458 2629 3759 2700 μαθητείας

2182 2722 2423 2786 εἰκότως,
2456 2724 2506 2775 εἰ
2536 2723 2718 2786 αὐτοῖς
2752 2725 2848 2794 μὲν
2870 2722 3093 2776 τοιαῦτα
3123 2720 3335 2792 σεμνῶς
3366 2721 3755 2793 νομοθετοῦντα

2183 2810 2388 2883 ἑώρων,
2438 2815 2598 2868 αὑτὸν
2639 2814 2695 2867 δέ
2738 2815 2829 2867 τὸν
2852 2814 3146 2886 νομοθέτην
3185 2815 3307 2867 κατ’
3333 2813 3522 2867 οὐδένα
3553 2814 3752 2884 τρόπον

2183 2903 2450 2974 ἑπόμενον
2478 2909 2590 2971 τοῖς
2622 2907 2841 2970 οἰκείοις
2877 2905 3076 2975 λόγοις.
3111 2906 3278 2960 Πάλιν
3315 2906 3344 2958 6
3374 2905 3471 2976 μὲν
3496 2905 3627 2976 γόης
3658 2907 3754 2958 καὶ

2181 3001 2258 3064 ὡς
2303 2999 2516 3071 άληθῶς
2560 3000 2758 3063 πλάνος
2805 3002 2919 3063 τοῖς
2955 3002 3153 3072 ἀπειρη
3164 3000 3341 3070 μένοις
3379 3000 3614 3062 καὶτοῖς
3660 3000 3756 3052 άν-

515 3089 878 3142 tractantem?
924 3088 1041 3142 Non
1091 3089 1184 3144 diu
1236 3090 1480 3159 profecto
1525 3107 1585 3146 se
1635 3092 2076 3157 continuissent,

2183 3091 2343 3155 οσίοις
2375 3093 2565 3145 ἐαυτὸν
2593 3091 2915 3159 ἐπιδίδωσιν,
2948 3092 3174 3145 ἀνοσίων
3207 3090 3299 3144 καὶ
3326 3090 3596 3162 ἀθεμίτων
3640 3089 3753 3161 ἡδο-

514 3177 647 3246 quin
671 3178 821 3231 illum
856 3179 1174 3236 habuissent
1206 3182 1431 3249 derisui,
1460 3184 1726 3256 verbaque
1748 3185 1868 3254 ejus
1901 3200 2083 3256 asper-

514 3267 630 3320 nati
673 3280 889 3336 esseut,
945 3278 1108 3342 atque
1148 3288 1177 3327 a
1225 3274 1518 3345 disciplina
1577 3277 1935 3331 recessissent
1974 3292 1987 3326 :
2030 3284 2084 3331 et

516 3360 712 3417 merito
742 3363 981 3433 quidem,
1014 3366 1059 3419 si
1089 3365 1353 3422 vidissent
1387 3367 1539 3420 illum
1565 3367 1667 3422 Sibi
1696 3370 1914 3439 quidem
1947 3369 2082 3439 ipsis

515 3452 892 3508 severissimas
910 3453 1053 3524 leges
1080 3456 1466 3524 imponentem,
1487 3456 1660 3526 ipsum
1697 3470 1873 3514 autem
1905 3461 2081 3530 legum

517 3550 793 3597 auctorem
829 3545 976 3599 nullo
1010 3546 1171 3601 modo
1208 3548 1367 3603 verba
1403 3564 1625 3603 suarum
1654 3550 1830 3620 legum
1850 3567 2084 3621 sequen-

514 3640 648 3687 tem.
685 3631 888 3688 Deinde
916 3635 1009 3704 qui
1040 3651 1166 3690 vere
1191 3638 1555 3706 prmstigiator
1592 3648 1678 3693 est
1707 3653 1771 3693 ac
1801 3640 2079 3703 seductor,

513 3722 818 3795 desperatis
839 3726 1171 3798 nefariisque
1198 3729 1508 3785 hominibus
1530 3732 1765 3800 seipsum
1793 3732 2079 3800 permittit,

518 3816 681 3886 126
724 3823 783 3870 ut
830 3818 1004 3888 possit
1046 3818 1272 3875 liberius
1317 3821 1576 3877 scelestas
1617 3830 1778 3887 atque
1830 3821 2080 3877 infandas

513 3908 823 3976 voluptates
858 3909 1134 3980 persequi,
1160 3920 1213 3965 et
1242 3913 1532 3982 prtleigiis
1560 3920 1723 3982 atque
1757 3915 2082 3970 incantatio-

515 3999 679 4054 nibus
718 4000 970 4070 subigere
1004 4003 1355 4059 mulierculas
1384 4013 1436 4059 et
1478 4006 1581 4060 sub
1625 4022 1777 4060 suam
1817 4007 2078 4061 malitiam

514 4088 753 4143 trahere.
800 4087 870 4142 At
909 4105 1036 4145 vero
1067 4091 1134 4146 de
1187 4090 1488 4149 Salvatoris
1530 4110 1594 4149 ac
1643 4094 1855 4149 Domini
1906 4098 2079 4152 nostri

513 4183 873 4250 temperantia
912 4198 981 4238 ne
1014 4183 1121 4238 dici
1152 4185 1370 4254 quidem
1410 4187 1546 4243 satis
1578 4188 1793 4243 abunde
1838 4204 2078 4259 unquam

512 4281 719 4344 posset.
755 4273 968 4330 Rursus
1021 4277 1164 4331 enim
1218 4278 1470 4348 discipuli
1520 4279 1669 4334 illum
1720 4280 2081 4335 testificantur

511 4368 859 4437 prmcepisse,
903 4378 963 4424 ut
1002 4386 1071 4425 ne
1121 4371 1464 4427 intuerentur
1516 4374 1735 4443 quidem
1796 4375 2075 4429 mulierem

2181 3182 2291 3236 νῶν
2314 3182 2495 3236 ’ἐνεκεν
2525 3182 2714 3254 θήρας,
2743 3182 2882 3236 ὥστε
2908 3183 3007 3255 ἤδη
3040 3182 3126 3237 διὰ
3148 3182 3246 3247 τὰς
3286 3183 3619 3255 μαγγανείας
3650 3199 3751 3251 γυ-

2181 3276 2343 3341 ναζκά
2378 3293 2498 3328 τινα
2532 3274 2887 3330 καταϐάλλειν
2925 3276 3019 3328 καὶ
3044 3274 3333 3346 ὑποσύρειν
3364 3278 3431 3346 τῇ
3452 3274 3618 3328 αὑτοῦ
3647 3291 3753 3328 κα-

2181 3365 2308 3437 κίᾳσ
2358 3366 2386 3418 ὁ
2416 3365 2473 3419 δὲ
2503 3366 2692 3437 Σωτὴρ
2727 3367 2820 3420 καὶ
2846 3365 3047 3437 Κύριος
3078 3364 3236 3436 ἡμῶν
3266 3365 3373 3419 οὐδ’
3402 3365 3547 3419 ἐστιν
3577 3366 3752 3418 εἰπεῖν

2180 3459 2325 3522 ὅπως
2355 3457 2722 3530 ἀνέστραπται
2748 3458 2876 3529 περὶ
2914 3457 3281 3529 σωφροσύνην,
3316 3458 3476 3510 ὁπότε
3512 3457 3673 3512 πάλιν
3698 3457 3753 3511 οἱ

2184 3548 2421 3620 μαθηταὶ
2452 3548 2785 3621 μαρτυροῦσι
2813 3552 3095 3620 παραινεῖν
3118 3550 3235 3620 μηδ’
3262 3548 3554 3620 ἐμϐλέπειν
3567 3565 3752 3617 γυναι-

2181 3640 2239 3692 κὶ
2287 3640 2401 3710 μετ’
2449 3639 2740 3711 ἐπιθυμίας
2778 3639 3100 3703 ἀκολάστου,
3151 3641 3429 3711 φήσαντα·
3468 3660 3487 3690 ι
3513 3641 3749 3714 Ἐρρέθη

2179 3733 2291 3791 τοῖς
2317 3731 2593 3801 ἀρχαίοις·
2631 3732 2704 3784 υύ
2759 3729 3062 3801 μοιχεύσεις
3085 3747 3099 3762 ο
3152 3730 3263 3799 ἐγὼ
3305 3730 3361 3785 δὲ
3404 3731 3547 3799 λέγω
3598 3732 3746 3802 ὑμῖν,

2179 3822 2260 3875 ὅτι
2295 3825 2401 3886 πᾶς
2430 3824 2459 3876 6
2482 3822 2768 3893 ἐμϐλέπων
2790 3826 3026 3892 γυναῖκα
3047 3823 3181 3894 πρὸς
3200 3823 3260 3876 τὸ
3283 3822 3616 3894 ἐπιθυμῆσαι
3646 3824 3749 3877 αὐ-

2179 3913 2277 3983 τὴν
2300 3914 2397 3985 ἤδη
2431 3915 2747 3985 ἐμοίχευσεν
2770 3914 2940 3986 αὐτὴν
2968 3915 3027 3968 ἐν
3052 3917 3115 3986 τῇ
3139 3914 3334 3986 καρδίᾳ
3361 3914 3548 3969 αὑτοῦ.
3580 3934 3599 3966 ι
3637 3914 3751 3968 Καί

2180 4022 2311 4058 ποτε
2356 4007 2667 4075 ἀναγκαίως
2714 4007 2806 4059 ἐπὶ
2832 4006 3068 4078 ὠφελείᾳ
3108 4007 3201 4060 καὶ
3250 4006 3493 4077 σωτηρίᾳ
3539 4006 3751 4060 πολλῶν

2181 4097 2527 4169 Σαμαρείτιδι
2570 4099 2788 4167 γυναικὶ
2833 4097 3206 4168 διαλεγόμενον
3239 4098 3400 4153 αὑτὸν
3434 4098 3747 4169 τεθεαμένοι

2180 4189 2503 4259 ἐθαύμαζον,
2544 4192 2624 4244 ὅτι
2673 4191 2809 4261 μετὰ
2835 4191 3092 4258 γυναικὸς
3116 4191 3313 4254 ἐλάλει,
3354 4191 3653 4262 παράδοξόν
3694 4210 3749 4246 τι

2178 4279 2334 4334 τοῦτο
2373 4280 2621 4345 δόξαντες
2644 4284 2795 4353 όρᾷν,
2823 4282 3010 4355 ὥσπερ
3042 4284 3192 4337 ούπω
3218 4283 3311 4337 καὶ
3340 4284 3527 4337 ἄλλοτε
3552 4283 3755 4356 «pm-

2183 4387 2294 4440 ρον.
2344 4372 2568 4443 Συνίστη
2606 4371 2660 4423 δὲ
2700 4373 2808 4442 ἄρα
2845 4374 2874 4424 6
2912 4372 3067 4440 λόγος
3103 4372 3197 4427 τοῦ
3233 4373 3486 4445 Σωτῆρος
3509 4374 3663 4444 ἡμῶν
3685 4373 3757 4427 τὸ

512 4472 637 4512 cum
680 4455 923 4521 libidine.
967 4460 1054 4517 his
1089 4463 1269 4517 verbis
1311 4482 1325 4518 :
1364 4482 1383 4514 ι
1424 4442 1636 4519 Dictum
1687 4475 1770 4521 est
1810 4466 2071 4535 antiquis,

2183 4461 2433 4533 ἐμϐριθὲς
2475 4463 2571 4515 καὶ
2612 4461 2882 4534 αὐστηρὸν
2919 4463 3013 4517 τοῦ
3037 4464 3239 4535 τρόπου
3306 4442 3666 4536 Σωφροσύνης
3691 4465 3748 4518 δὲ

510 4547 629 4602 {Non
667 4550 1046 4613 mmchaberis,
1075 4567 1175 4622 ego
1205 4559 1385 4607 autem
1427 4553 1550 4609 dico
1585 4554 1762 4616 vobis,
1787 4554 1928 4623 quod
1957 4556 2078 4623 qui-

512 4655 729 4711 cunque
773 4642 1074 4698 intuebitur
1130 4645 1409 4699 mulierem
1455 4645 1523 4701 ad
1581 4646 2074 4715 concupiscendum

510 4748 652 4798 eam,
677 4732 789 4801 jam
826 4734 1129 4788 moechatus
1156 4741 1239 4790 est
1255 4751 1374 4788 eam
1397 4737 1452 4789 in
1487 4737 1651 4791 corde
1671 4737 1851 4790 suo".
1893 4755 1912 4788 ι
1938 4733 2073 4789 Cum

512 4837 641 4876 vero
666 4822 793 4877 olim
817 4839 881 4879 ex
905 4838 1068 4877 causa
1082 4824 1476 4890 necessaria,ut
1498 4825 1682 4878 multis
1704 4827 1891 4893 utique
1909 4820 2078 4893 prod-

510 4922 681 4979 esset,
723 4930 850 4971 cum
912 4914 1253 4979 Samaritana
1300 4918 1529 4972 muliere
1572 4917 1882 4987 loquentem
1925 4915 2074 4968 illum

513 5008 799 5073 vidissent,
844 5008 1097 5064 admirati
1131 5014 1259 5063 sunt
1295 5009 1439 5079 quod
1473 5023 1598 5063 cum
1639 5008 1865 5063 muliere
1889 5008 2078 5077 loque-

513 5109 686 5163 retur,
720 5102 1060 5169 inopinatum
1090 5101 1346 5172 quiddam
1376 5101 1479 5157 hoc
1510 5108 1673 5171 atque
1708 5101 1985 5156 insolitum
2018 5114 2077 5156 se

513 5195 715 5250 intueri
743 5194 1092 5257 arbitrantes,
1136 5204 1394 5265 tanquam
1424 5196 1462 5249 ii
1494 5194 1587 5264 qui
1616 5208 1893 5264 nunquam
1923 5198 2077 5247 ante-

513 5286 617 5341 hac
649 5287 789 5340 idem
823 5286 1107 5343 vidissent.
1141 5287 1570 5343 Commendabat
1598 5287 1740 5349 enim
1778 5284 2078 5342 Salvatoris

514 5379 687 5433 nostri
733 5394 914 5434 sermo
940 5379 1074 5434 nihil
1113 5379 1279 5443 aliud,
1317 5381 1423 5435 nisi
1462 5380 1517 5434 in
1561 5379 1804 5434 moribus
1843 5376 2079 5448 gravita.

515 5482 622 5526 tem
643 5478 807 5539 atque
833 5471 1222 5527 austeritatem.
1241 5471 1512 5528 Caeterum
1534 5472 1909 5541 temperantiae
1929 5470 2078 5538 ejus-

518 5562 662 5628 dem,
682 5563 776 5618 illa
817 5578 1034 5634 quoque
1070 5562 1323 5619 doctrina
1362 5579 1556 5636 magno
1598 5558 1920 5634 argumento
1957 5578 2079 5621 esse

587 5733 634 5769 π
662 5733 850 5795 Matth.
880 5752 937 5807 ν,
967 5733 1059 5804 ετ,
1087 5735 1178 5791 es.

2178 4552 2339 4604 αὐτοῦ
2384 4552 2526 4621 μέγα
2560 4552 2762 4623 δεῖγμα
2782 4549 2850 4624 ἦν
2883 4555 3108 4627 κάκείνη
3144 4557 3176 4627 ἡ
3207 4555 3535 4621 διδασκαλία,
3581 4555 3648 4609 δι’
3680 4553 3747 4628 ἧς

2178 4643 2425 4710 ἁγνεύειν
2449 4642 2505 4710 ἐξ
2523 4643 2686 4697 αὐτοῦ
2704 4644 2798 4697 τοῦ
2823 4646 2924 4716 τῆς
2950 4646 3183 4711 διανοίας
3208 4646 3424 4717 βάθους,
3454 4648 3553 4711 τὰς
3568 4650 3748 4718 ἐμπαο

2181 4735 2290 4798 θεῖς
2321 4733 2527 4805 ὀρέξεις
2568 4736 2972 4808 ἀποτέμνοντας
3011 4740 3257 4794 ἐδίδασκε
3284 4739 3488 4808 λέγων·
3534 4760 3554 4793 ι
3593 4740 3746 4794 Εἰσὶν

2180 4824 2422 4895 εὐνοῦχοι
2451 4823 2648 4891 οἵτινες
2669 4829 3038 4901 ἐγεννήθησαν
3063 4829 3260 4893 οὕτως·
3292 4830 3538 4883 καὶεὶσὶν
3558 4831 3746 4885 εὐνοῦ-

2180 4934 2261 4987 χοι
2291 4916 2484 4982 οἵτινες
2526 4918 2946 4991 εὐνουχίσθησαν
2975 4920 3078 4974 ὑπὸ
3111 4920 3441 4992 ἀνθρώπων·
3488 4922 3584 4976 καὶ
3608 4923 3753 4976 εἰσιν

2180 5006 2422 5075 εὐνοῦχοι
2459 5008 2652 5070 οἵτινες
2702 5008 3013 5079 εὐνούχισαν
3062 5010 3284 5076 ἑαυτοὺς
3328 5012 3415 5066 διὰ
3461 5011 3560 5083 τὴν
3595 5012 3748 5083 βασι-

2180 5100 2325 5152 λείαν
2356 5100 2464 5153 τῶν
2491 5101 2754 5173 οὐρανῶν.
2789 5121 2808 5154 ι
2842 5103 3010 5156 Πάλιν
3042 5105 3071 5156 6
3103 5104 3201 5174 μὲν
3234 5105 3367 5176 γόης
3404 5106 3498 5160 καὶ
3531 5105 3746 5178 άληθῶς

2179 5191 2476 5255 λαοπλάνος
2499 5197 2677 5247 πάντα
2704 5195 2942 5266 ἐγχειρεῖ
2966 5195 3058 5248 καὶ
3088 5197 3314 5267 πράττει
3341 5197 3646 5263 δοξοκοπῶν
3675 5198 3746 5253 τὰ

2182 5281 2352 5335 πολλά
2386 5283 2851 5351 φαντασιοκοπῶν,
2883 5285 2977 5337 καὶ
3008 5283 3168 5339 πλέον
3200 5304 3250 5340 τι
3281 5286 3431 5359 παρὰ
3450 5288 3577 5352 τοὺς
3612 5286 3741 5341 πολ-

2180 5373 2303 5437 λοὺς
2339 5373 2535 5426 εἰδέναι
2556 5375 2647 5426 καὶ¹
2673 5373 2814 5443 ἔχειν
2844 5375 3345 5447 μεγαλαυχούμενος
3366 5395 3379 5408 ·
3414 5380 3442 5431 6
3469 5378 3524 5431 δὲ
3557 5378 3749 5450 Σωτὴρ

2181 5466 2276 5521 καὶ
2305 5465 2507 5537 Κύριος
2536 5464 2710 5534 ἡμῶν,
2740 5465 2821 5518 ὅτι
2857 5465 2930 5536 μὴ
2966 5465 3262 5539 δοξομανὴς
3298 5470 3392 5522 καὶ
3412 5467 3626 5533 ἀλαζὼν
3649 5471 3746 5522 καὶ

2183 5556 2610 5626 φαντασιοκόπος
2647 5549 2733 5625 ἦν,
2769 5556 2861 5626 ἀφ’
2891 5549 2968 5611 ὧν
3019 5556 3243 5630 ἰώμενος
3289 5559 3517 5632 παρῄνει
3559 5561 3751 5632 μηδενὶ

3772 5661 3798 5707 \
