4120 6420
243 368 351 425 2‘25

1172 354 1828 417 DEMONSTRATIONIS
1865 350 2329 412 EVANGELICIE
2372 349 2503 405 LIB.
2544 348 2637 404 111.

3418 341 3526 398 226

244 483 488 555 φράζειν
540 479 677 552 μηδὲ
724 482 805 543 είς
828 477 1056 542 πολλοὺς
1112 476 1275 530 αὐτὸν
1311 474 1610 545 ἐκφαίνειν,
1650 471 1844 541 γένοιτ’

1959 474 2168 538 potest:
2205 480 2312 536 qua
2352 463 2700 520 turbulentos
2748 460 3022 533 appetitus
3057 475 3125 515 ex
3156 460 3278 530 ipso
3314 458 3526 529 cogita-

244 549 311 630 ἐξ»
369 549 615 645 ἔκδηλος*
654 572 761 626 ἀπό
810 588 872 624 τε
930 569 1023 623 τοῦ
1085 568 1184 632 τὰς
1229 570 1287 621 ὲν
1351 566 1501 638 δρεσι
1559 561 1840 635 διατριϐὰς

1959 560 2116 615 :ionis
2140 557 2416 629 profundo
2442 569 2694 611 resecare
2715 568 2777 607 ac
2800 568 3033 624 purgare
3050 549 3520 621 jubebatdicens:

242 670 339 723 καὶ
398 667 507 731 τὰς
573 666 955 738 ἀναχωρήσεις
1006 662 1263 725 διώκειν,
1314 660 1412 714 καὶ
1460 657 1684 729 φεύγειν
1741 655 1842 719 τὰς

244 761 390 816 κατὰ
454 760 647 822 πόλεις
698 757 807 810 τῶν
877 753 1086 810 πολλῶν
1151 750 1442 824 ὲμϐλαϐεῖς
1503 747 1737 820 ὁμιλίας.
1781 746 1845 798 El

247 857 386 927 μήτε
418 849 718 921 τοιγαροῦν
740 849 920 920 δόξης,
964 848 1099 920 μήτε
1129 845 1452 917 χρημάτων,
1490 844 1627 914 μήτε
1655 838 1847 912 ἡδονῆς

244 948 440 999 ἕνεκεν
510 941 838 1013 ἐπιϐέϐλητο
892 942 959 1011 τῇ
1010 936 1363 1007 διδασκαλίᾳ,
1426 935 1510 999 τίς
1567 934 1647 988 ἔτι
1697 931 1850 1003 χώρα

245 1037 637 1110 περιλείπεται
681 1033 939 1095 ὑπονοίας
987 1030 1082 1084 τοῦ
1117 1029 1315 1083 πλάνον
1344 1027 1509 1081 αὑτὸν
1557 1026 1651 1081 καὶ
1679 1024 1850 1094 γόητα

244 1130 541 1202 νομίζεινς
585 1127 792 1197 Σκέψαι
836 1125 894 1179 δὲ
943 1125 1038 1178 καὶ
1077 1122 1251 1176 ταῦτα
1296 1119 1488 1186 πάλιν,
1520 1118 1674 1189 γόης,
1721 1118 1848 1170 ὅταν

244 1224 462 1294 ἑτέροις
511 1222 581 1277 τὰ
620 1221 720 1292 τῆς
748 1207 949 1282 κακίας
974 1214 1259 1290 μεταδιδῷ,
1287 1213 1505 1278 ὁποίους
1530 1213 1728 1284 ἄνδρας
1752 1229 1850 1265 κα·
1874 1275 1880 1282 η

244 1316 589 1380 τασκευάζει
609 1335 620 1346 ·
646 1311 733 1386 ἆρ’
755 1313 876 1384 οὐχὶ
897 1312 1096 1383 γόητας
1120 1310 1215 1364 καὶ
1243 1308 1477 1373 πλάνους
1508 1307 1602 1360 καὶ
1631 1322 1850 1386 φαρμα-

247 1414 379 1471 to);
420 1409 580 1480 αὐτῷ
620 1406 760 1462 κατὰ
811 1406 987 1461 πάντα
1022 1401 1470 1475 παραπλησίους;
1499 1400 1594 1464 Τίς
1618 1395 1710 1453 οὖν
1744 1382 1849 1470 ἤδη

248 1503 484 1555 πώποτε
515 1501 577 1554 τὸ
613 1501 719 1553 πᾶν
748 1493 1088 1569 Χριστιανῶν
1111 1493 1268 1563 γένος
1308 1495 1373 1546 ὲκ
1405 1492 1504 1563 τῆς
1526 1490 1735 1543 ἐκείνου
1767 1489 1847 1542 δι-

245 1594 557 1657 δασκαλίας
631 1588 888 1661 γοητεῧον
958 1588 991 1659 ἢ
1066 1583 1424 1657 φαρμακεῦον
1490 1581 1846 1651 κατείληφεν;

259 1687 405 1741 Ἀλλ’
444 1687 549 1740 οὐκ
598 1683 744 1737 ἔστιν
781 1682 985 1734 εἰπεῖν·
1022 1676 1258 1748 ἔμπαλιν
1297 1675 1354 1728 δὲ
1400 1675 1591 1744 λόγους
1637 1674 1850 1744 φιλοσό-

248 1797 388 1849 φους
420 1777 633 1847 μετιὸν,
662 1774 735 1837 ώς
759 1766 1155 1826 ἀποδέδεικται.
1197 1767 1253 1821 '0
1279 1766 1344 1839 δὴ
1382 1762 1474 1821 οὖν
1514 1766 1721 1838 ἑτέροις
1768 1782 1850 1818 σε-

253 1869 392 1942 μνοῦ
431 1870 530 1922 καὶ
576 1866 852 1938 σώφρονος
898 1862 1014 1934 βίου
1061 1858 1342 1922 εὐσεϐείας
1365 1875 1424 1911 τε
1457 1858 1559 1928 τῆς
1590 1858 1848 1912 ἀνωτάτω

250 1961 556 2034 παραίτιος
575 1957 964 2030 γεγενημένος,
1007 1954 1091 2018 τίς
1145 1951 1212 2006 ἂν
1246 1950 1470 2015 ἐνδίκως
1499 1950 1781 2022 νομισθείη
1809 1948 1842 2019 ἦ

254 2055 573 2126 φιλοσόφων
623 2054 653 2107 ό
697 2048 1019 2123 πρώτιστος,
1048 2045 1144 2099 καὶ
1183 2043 1425 2097 εὐσεϐῶν
1470 2043 1676 2114 ἀνδρῶν
1704 2041 1849 2095 διδά-

256 2148 485 2212 σκαλοςς
511 2144 735 2215 καὶγὰρ
761 2142 827 2196 ἂν
849 2142 932 2212 εἴη
963 2139 1184 2211 βελτίων
1210 2137 1383 2209 δήπου
1410 2137 1517 2199 πᾶς
1540 2136 1569 2188 ὁ
1586 2135 1849 2189 διδάσκων

254 2239 366 2294 τῶν
424 2234 902 2309 μαθητευομὲνων.
948 2231 1239 2300 Φιλόσοφος
1293 2231 1438 2302 ἄρα,
1491 2227 1584 2280 καὶ
1633 2225 1849 2297 άληθῶς

256 2331 520 2402 εὖσεϐὴς,
554 2326 752 2382 πολλοῦ
784 2325 867 2379 δεῖ
893 2324 1093 2389 πλάνος
1128 2325 1224 2378 καὶ
1265 2323 1418 2394 γόης,
1452 2319 1752 2393 ὁμολογοῖτ’
1783 2317 1850 2371 ἂν

255 2426 287 2476 ό
315 2424 516 2494 Σωτὴρ
544 2422 640 2475 καὶ
667 2419 869 2491 Κύριος
896 2417 1073 2488 ἡμῶν.
1104 2418 1168 2471 Ei
1195 2415 1260 2488 δὴ
1292 2411 1385 2470 οὖν
1412 2412 1616 2467 τοιόσδε
1644 2427 1728 2474 τις
1746 2405 1847 2481 ἦν,

259 2517 383 2579 πῶς
408 2515 476 2568 ἂν
506 2512 680 2575 ἄλλως
712 2510 986 2580 ἐπεχείρει
1015 2511 1136 2572 ταῖς
1176 2502 1695 2579 θαυματουργίαιςῆ
1730 2499 1851 2573 θεία

259 2609 359 2661 καὶ
382 2606 687 2678 ἀπορρήτῳ
711 2602 937 2673 δυνάμει
967 2602 1062 2654 καὶ
1085 2604 1150 2672 τῇ
1183 2599 1443 2654 ἀνωτάτω
1471 2595 1600 2668 περὶ
1624 2593 1717 2647 τοῦ
1743 2592 1851 2647 τῶν

259 2702 401 2755 ὅλων
428 2698 567 2752 Θεοῦ
599 2696 883 2767 εὐσεϐείᾳ;
911 2693 972 2747 δν
997 2689 1085 2747 οἷα
1111 2691 1329 2762 Πατέρα
1353 2687 1529 2760 τιμῶν
1557 2687 1652 2741 καὶ
1679 2686 1851 2740 σέϐων

262 2794 335 2847 τά
365 2794 605 2865 μάλιστα
633 2789 1014 2844 ἀποδείκνυται
1059 2788 1123 2839 ὲκ
1149 2784 1258 2838 τῶν
1295 2783 1425 2857 περὶ
1458 2779 1623 2835 αὑτοῦ
1654 2780 1849 2848 λόγων.

275 2887 403 2939 Ἐπὶ
427 2882 684 2937 τοσοῦτον
708 2882 765 2935 δὲ
798 2880 906 2951 ἄρα
931 2878 983 2932 οἴ
1011 2894 1071 2931 τε
1102 2874 1340 2948 ἀρχῆθεν
1368 2871 1518 2943 αὐτῷ
1543 2886 1850 2942 προσεσχη-

265 2977 429 3039 κότες
462 2972 702 3045 μαθηταὶ
726 2969 914 3031 αὐτοῦ,
939 2968 1033 3021 καὶ
1054 2966 1104 3018 oi
1136 2963 1273 3035 μετὰ
1301 2961 1476 3016 ταῦτα
1501 2959 1603 3030 τῆς
1632 2959 1853 3012 ἐκείνων

264 3067 556 3140 διατριϐῆς
593 3064 847 3133 διάδοχοι,
880 3057 1217 3131 πορρωτάτω
1257 3054 1666 3125 καθεστήκεσαν
1714 3047 1852 3119 φαύ-

266 3163 367 3232 λης
395 3161 495 3215 καὶ
529 3158 771 3228 πονηρᾶς
804 3153 1079 3214 ὑπονοίας,
1102 3150 1177 3212 ὡς
1204 3146 1339 3218 μηδὲ
1360 3148 1474 3208 τοῖς
1505 3142 1855 3216 νοσηλευομέ-

269 3272 381 3318 νοις
413 3252 731 3323 ἐπιτρέπειν
756 3244 844 3301 οἷα
874 3245 1058 3300 πολλοὶ
1091 3240 1261 3296 πολλὰ
1301 3240 1434 3312 δρᾷν
1464 3234 1852 3308 ἐπιχειροῦσιν,

270 3349 305 3419 ἧ
348 3344 599 3399 πετάλων
631 3341 977 3413 ἐπιγραφαῖς,
1012 3335 1106 3390 καὶ
1142 3331 1492 3404 περιάμμασι
1537 3327 1793 3400 χρῆσθαι,
1823 3326 1856 3398 ἢ

271 3418 387 3503 τοῖς
413 3436 741 3508 κατεπᾴδειν
769 3427 1257 3501 ἐπαγγελλομένοις
1281 3424 1569 3497 προσέχειν
1597 3421 1688 3475 τὸν
1712 3418 1858 3483 νοῦν,

274 3536 308 3606 ἢ
346 3532 513 3606 ῥιζῶν
541 3528 637 3583 καὶ
664 3524 900 3597 βοτανῶν
927 3520 1166 3592 θαύμασι
1201 3518 1294 3572 καί
1320 3531 1463 3568 τισιν
1486 3513 1666 3576 ἄλλοις
1696 3528 1865 3565 τοιου-

275 3625 561 3698 τοτρόποις
628 3619 850 3681 ἀκέσεις
913 3614 1024 3669 τῶν
1082 3609 1272 3665 παθῶν
1331 3609 1544 3670 ἑαυτοῖς
1598 3604 1859 3676 πορίζειν.

277 3694 467 3768 Tanta.
488 3710 620 3781 γοῦν
648 3709 829 3763 πάντα
853 3705 952 3776 τῆς
973 3699 1211 3775 Χριστοῦ
1236 3696 1583 3759 διδασκαλίας
1605 3694 1862 3764 ἐξελήλα-

278 3826 368 3863 ται
391 3824 405 3838 ’
432 3805 543 3860 οὐδ’
570 3803 715 3856 ἔστιν
745 3797 965 3852 πώποτε
998 3792 1325 3867 Χριστιανὸν
1356 3788 1699 3860 περιάμματι
1728 3783 1867 3857 χρώ-

283 3917 444 3972 μενον
491 3892 812 3956 θεάσασθαι,
846 3889 954 3944 οὐδ’
994 3885 1320 3948 ὲπιλαλιαῖς,
1351 3882 1384 3954 ἢ
1428 3878 1674 3934 πετάλων
1702 3873 1864 3930 τινῶν

281 3965 591 4062 περιέργων
636 3983 988 4055 ἐπιγραφαῖς,
1038 3977 1146 4031 οὐδ’
1190 3975 1392 4037 ἄλλοις,
1426 3965 1502 4026 ὧν
1540 3970 1638 4041 τὴν
1669 3968 1864 4040 χρῆσιν

280 4060 571 4156 ἀδιάφορον
615 4082 664 4134 oi
692 4076 879 4131 πολλοὶ
907 4071 1246 4143 νενομίκασι.
1277 4066 1374 4129 Τίς
1399 4060 1492 4119 οὖν
1534 4064 1680 4135 αἱρεῖ
1708 4060 1866 4128 λόγος

279 4150 431 4241 to:ng
451 4150 657 4229 τοιοῦδε
688 4167 1007 4224 διδασκάλου
1037 4164 1232 4235 γόητος
1257 4160 1352 4213 καὶ
1381 4157 1584 4211 πλάνου
1619 4150 1867 4226 μαθητάς

280 4269 566 4342 γεγονέναι
608 4265 885 4337 νομίζειν;
919 4261 1030 4316 Καὶ
1072 4257 1177 4329 μὴν
1225 4254 1424 4317 παντὸς
1457 4244 1863 4319 ἐπαγγελλομέ-

430 4380 484 4415 τι
538 4360 709 4433 μέγας
758 4357 979 4427 ἔλεγχος
1028 4353 1061 4423 ἡ
1116 4348 1224 4403 τῶν
1279 4342 1546 4416 φοιτητῶν
1585 4337 1862 4393 συνουσία.

286 4458 517 4528 ’Ἄνδρες
557 4452 690 4525 γοῦν
724 4451 959 4519 ἔντεχνοι
991 4444 1085 4498 καλ⁴
1127 4441 1487 4512 ἐπιστήμονες
1515 4434 1733 4495 πάντως
1760 4446 1863 4483 που

283 4552 377 4606 τδν
432 4548 603 4604 αἴτιον
652 4544 833 4605 αὐτοῖς
886 4539 987 4610 τῆς
1039 4534 1352 4605 ἐπιστήμης
1397 4528 1530 4583 πολὺ
1582 4523 1865 4595 κρείττονα
1897 4536 1940 4591 Ι)

288 4642 438 4712 σφῶν
482 4636 661 4694 αὐτῶν
716 4630 1068 4705 ἐμφαίνουσιν
1093 4642 1111 4661 ο
1138 4620 1421 4695 ώσπεροῦν
1480 4614 1711 4689 ίατρικοὶ
1769 4613 1866 4685 μὲν

284 4705 386 4805 vi};
415 4731 509 4787 τοῦ
552 4725 871 4784 διδασκάλου
914 4719 1042 4791 περὶ
1091 4716 1152 4770 τδ
1196 4714 1427 4786 μάθημα
1476 4705 1868 4781 κατορθώσεως

287 4799 399 4881 εἷεν
430 4824 497 4879 ἂν
524 4823 801 4895 μάρτυρες
824 4837 837 4851 ο
868 4814 1232 4888 γεωμετρικοὶ
1254 4810 1313 4864 δὲ
1342 4807 1433 4861 τὸν
1466 4805 1702 4895 ἄρχοντα
1746 4799 1869 4895 τίνα

230 4968 231 4973 η
289 4917 445 4974 ἄλλον
475 4888 536 4986 ἢ.
556 4888 879 4983 γεωμέτρην
912 4904 1346 4978 ὲπιγράψονται;
1390 4888 1869 4986 καὶᾼὰριθμητικρὶ

289 5009 382 5061 τὸν
423 4978 1001 5076 ἀρίθμητικόνςΚατά
1037 4994 1175 5049 αὑτά
1207 4991 1260 5044 δὲ
1305 4989 1399 5042 καὶ
1447 4984 1640 5076 γόητος
1677 4978 1869 5076 ἀνδρὸς

294 5101 540 5173 μέγιστοι
570 5095 635 5150 ἂν
666 5089 777 5146 εἷεν
805 5090 1080 5162 μάρτυρες
1106 5086 1155 5137 οἱ
1180 5078 1452 5152 φοιτηταί.
1483 5073 1554 5127 τὰ
1580 5070 1742 5142 ὅμοιά
1764 5084 1866 5120 που

289 5194 369 5265 τῷ
396 5188 703 5259 διδασκάλῳ
733 5176 1007 5238 καϊαὺτοὶ
1042 5175 1334 5245 μετιόντες.
1382 5165 1542 5221 Ἀλλά
1575 5162 1749 5225 οὐδείς
1783 5176 1870 5213 πω

290 5251 560 5340 τοσούτων
593 5251 732 5334 ἐτῶν
759 5276 894 5347 γόης
938 5271 1208 5340 πέφανται
1246 5262 1340 5317 τοῦ
1383 5255 1556 5330 Ἰηοοῦ
1601 5251 1867 5347 μαθητὴς,

292 5378 469 5435 καίτοι
498 5373 584 5429 διά
620 5342 869 5444 βασάνων
898 5366 1090 5436 πείρας
1122 5360 1229 5414 τῶν
1262 5352 1403 5409 κατὰ
1423 5349 1645 5423 χρόνους
1677 5342 1873 5444 ήγεμρ-

295 5489 402 5527 νων
423 5486 482 5523 τε
510 5468 604 5522 καὶ
621 5434 897 5535 ’βασιλέων
919 5434 1120 5529 ἀκριϐῆ
1148 5451 1257 5506 τῶν
1283 5445 1401 5502 καθ’
1434 5442 1596 5535 ἡμᾶς
1612 5434 1874 5535 πραγμά-

292 5582 401 5618 των
428 5562 524 5634 τὴν
554 5530 797 5627 ἐξέτασιν
825 5569 1025 5622 πεποιη
1034 5549 1231 5621 μένων.
1269 5540 1454 5601 Οὒτως
1481 5535 1538 5589 δὲ
1569 5533 1675 5634 ἄρα
1696 5530 1873 5634 οὐδείς

291 5651 362 5727 ἧν
408 5621 564 5724 γόης,
703 5648 983 5718 ἐλεύθερον
1019 5621 1285 5712 ἀφεῖσθαι
1330 5634 1425 5689 καὶ
1469 5625 1666 5727 παντὸς
1684 5621 1872 5727 nefa;

684 5742 816 5798 αὐτὸ
846 5712 1006 5814 μόνον
1031 5735 1093 5790 τὸ
1124 5732 1284 5791 θῦσαι
1312 5725 1447 5800 πρὸς
1472 5718 1649 5778 αὐτῶν
1682 5712 1871 5788 βεϐια-

363 5865 413 5901 ⁴¹⁶
442 5860 631 5919 Matth.
694 5874 807 5928 nx,
848 5853 935 5911 l2.

1952 670 1971 705 ι
2013 650 2154 707 Sunt
2188 648 2451 712 eunuchi,
2482 647 2575 719 qui
2606 647 2685 701 sic
2724 647 2835 700 uati
2879 652 3008 700 sunt
3037 664 3050 699 :
3079 652 3133 699 et
3181 653 3311 700 sunt
3347 659 3513 699 eunu-

1948 744 2062 810 chi,
2097 743 2190 814 qui
2224 742 2353 797 l'acti
2384 747 2514 796 sunt
2543 739 2611 794 ab
2644 736 2983 798 hominibus.
3015 745 3068 792 et
3104 745 3234 791 sunt
3262 735 3518 790 eunuchi.

1948 836 2044 908 qui
2100 837 2482 890 castraverunt
2538 829 2751 900 seipsos
2793 835 3018 898 propter
3071 842 3301 898 regnum
3352 825 3519 880 cmlo-

1950 943 2072 984 rum
2101 929 2168 984 ⁷³.
2206 945 2225 979 ι
2254 924 2459 981 Deinde
2486 923 2580 994 qui
2609 921 2977 993 praestigiator
2993 929 3077 977 est
3107 930 3161 974 ct
3187 936 3313 975 vere
3341 917 3522 990 populi

1952 1020 2229 1092 deceptor,
2273 1018 2457 1072 omnia
2492 1014 2808 1086 aggreditur
2840 1022 3004 1083 atque
3044 1014 3155 1084 agit
3185 1027 3312 1067 cum
3348 1012 3521 1081 jacta-

1954 1113 2098 1166 tione
2127 1110 2211 1167 sui
2238 1109 2579 1180 plerumque,
2611 1105 2749 1160 etad
2776 1106 3038 1175 speciem,
3083 1120 3191 1159 non
3226 1102 3292 1157 ad
3322 1104 3530 1157 verita-

1950 1216 2079 1269 tem,
2107 1215 2269 1274 atque
2306 1201 2542 1272 amplius
2573 1198 2831 1270 quiddam
2866 1205 3064 1269 przeter
3107 1207 3334 1252 caeteros
3362 1209 3529 1250 nosse

1952 1312 2011 1353 se
2070 1304 2237 1367 atque
2289 1294 2524 1357 habere,
2587 1306 2713 1345 cum
2783 1289 3151 1344 ostentatione
3216 1287 3526 1359 proﬁtetur.

1953 1400 2289 1457 Salvatorem
2312 1416 2443 1456 vero
2473 1398 2874 1467 Dominumque
2903 1403 3175 1464 nostrum,
3209 1409 3321 1449 non
3346 1393 3534 1464 gloriae

1950 1496 2250 1567 cupiditate
2277 1502 2372 1549 aut
2416 1492 2728 1562 arrogantia
2755 1489 3052 1552 laborasse,
3089 1502 3265 1557 neque
3305 1485 3373 1540 ad
3407 1501 3534 1555 spe-

1951 1591 2089 1645 ciem
2139 1590 2319 1660 egissc
2360 1603 2481 1658 qua:
2520 1586 2649 1657 egit,
2691 1584 2775 1639 vel
2814 1599 2881 1639 cx
2920 1582 2987 1637 iis
3026 1589 3285 1636 constare
3326 1586 3531 1650 potest,

1954 1696 2096 1754 quos
2138 1696 2169 1734 a
2215 1695 2275 1735 se
2318 1677 2539 1734 sanitati
2587 1676 2895 1737 restitutos,
2934 1672 3163 1744 jubebat
3202 1671 3408 1727 nemini
3448 1671 3536 1726 di-

1954 1792 2099 1840 cere,
2130 1788 2311 1844 neque
2343 1773 2583 1841 scipsum
2631 1770 2686 1824 in
2726 1768 2925 1839 vulgus
2964 1766 3219 1838 prodere,
3266 1766 3431 1821 etiam
3464 1780 3535 1820 ex

1954 1883 2021 1924 eo
2059 1865 2208 1938 quod
2245 1865 2301 1920 in
2328 1864 2611 1919 montibus
2642 1862 2963 1932 plerumque
2991 1859 3231 1929 degeret,
3257 1864 3311 1913 et
3341 1856 3536 1913 solitu-

1955 1960 2112 2016 dines
2156 1959 2212 2014 in
2259 1958 2328 2014 iis
2368 1955 2506 2012 locis
2547 1962 2873 2017 sectaretur,
2921 1950 3246 2022 fugeretque
3292 1950 3534 2006 urbanas

1954 2053 2124 2123 vulgi,
2156 2066 2279 2123 qua:
2307 2065 2508 2105 nocere
2535 2059 2911 2117 szepenumero
2945 2043 3145 2107 solent,
3175 2040 3536 2097 consuetudi-

1956 2161 2074 2201 nes.
2112 2143 2170 2199 Si
2206 2144 2392 2215 igitur,
2432 2156 2611 2212 neque
2658 2139 2877 2211 gloria),
2928 2150 3106 2205 neque
3143 2134 3534 2205 pecuniarum,

1957 2253 2134 2309 neque
2155 2236 2453 2307 voluptatis
2482 2249 2648 2289 causa
2680 2231 2936 2287 docuisse
2966 2229 3117 2283 illum
3144 2234 3380 2291 constat,
3412 2226 3539 2296 quis

1956 2338 2219 2399 praeterea
2244 2334 2498 2398 superest
2536 2323 2825 2380 calumnia:
2857 2325 3031 2385 locus,
3063 2334 3172 2391 qua
3200 2326 3261 2373 ut
3282 2318 3542 2387 deceptor

1959 2436 2023 2476 ac
2067 2421 2435 2491 praestigiator
2465 2416 2792 2473 accusetur?
2823 2412 2929 2470 Sed
2962 2415 3078 2468 haec
3116 2426 3335 2483 quoque
3359 2409 3541 2465 videa-

1958 2531 2103 2579 mus,
2121 2527 2323 2585 quaeso.
2350 2510 2480 2567 Item
2512 2509 2878 2581 praestigiator
2905 2507 2998 2561 ubi
3030 2505 3168 2561 alios
3198 2519 3299 2561 sua
3331 2501 3538 2557 malitia

1959 2620 2326 2689 imbuit,quos
2347 2615 2566 2672 tandem
2597 2616 2745 2671 viros
2774 2615 2896 2669 illos
2927 2610 3147 2667 reddit?
3180 2609 3372 2665 Nonne
3397 2623 3537 2678 prae-

1959 2712 2290 2784 stigiatores,
2321 2709 2662 2772 seductores,
2692 2706 2985 2770 veneﬁcos,
3021 2704 3127 2758 sibi
3153 2702 3258 2773 ipsi
3280 2700 3539 2757 omnibus

1960 2821 2080 2879 quae
2097 2811 2258 2876 agant
2284 2801 2530 2859 similes?
2559 2799 2694 2867 Quis
2723 2799 2891 2870 igitur
2921 2811 3160 2867 unquam
3193 2809 3355 2850 omne
3380 2792 3544 2848 Chri-

1961 2902 2265 2957 stianorum
2292 2911 2465 2967 genus
2496 2893 2642 2965 quod
2675 2894 2744 2949 ah
2783 2893 2930 2949 illius
2963 2890 3213 2946 doctrina
3236 2884 3542 2958 profectum

1959 3000 2063 3055 est,
2089 2999 2182 3044 aut
2212 2986 2507 3059 praestigiis
2531 2993 2711 3050 utens,
2735 2991 2829 3038 aut
2855 2980 3134 3039 veneficiis
3151 2975 3547 3050 deprehendit?

1964 3082 2123 3154 127
2158 3079 2332 3135 Nemo
2356 3079 2574 3149 quidem
2602 3078 2704 3132 hoc
2731 3074 2930 3131 dixerit
2961 3093 2974 3128 :
3007 3080 3061 3126 at
3089 3081 3303 3132 contra,
3329 3069 3546 3123 incum-

1882 3193 1924 3250 ρ
1959 3175 2095 3231 hens
2132 3175 2187 3230 in
2219 3186 2503 3228 sermones
2527 3178 2905 3239 praeceptaque
2935 3165 3234 3235 sapientiae,
3267 3176 3400 3218 sane
3446 3158 3545 3215 de-

1962 3265 2260 3338 prehendet
2286 3263 2379 3335 qui
2412 3264 2578 3327 volet,
2610 3270 2669 3317 ut
2710 3259 3151 3316 demonstratum
3180 3261 3283 3310 est.
3304 3252 3411 3320 Qui
3441 3251 3547 3322 igio

1962 3372 2050 3418 tur
2080 3362 2203 3417 aliis
2251 3374 2455 3415 severae
2506 3365 2778 3429 castaque
2800 3356 2944 3422 vitae,
2979 3369 3042 3409 ac
3073 3366 3300 3408 summa;
3325 3350 3547 3420 pietatis

1962 3461 2154 3509 auctor
2169 3451 2404 3515 exstitit,
2432 3450 2687 3521 quisnam
2719 3446 2915 3502 merito
2938 3443 3272 3505 censebitur,
3296 3439 3403 3495 nisi
3424 3439 3545 3509 phi-

1963 3544 2318 3614 losophorum
2379 3540 2614 3612 primus,
2669 3546 2722 3594 et
2750 3536 2971 3608 pietatis
3007 3533 3399 3604 religionisque
3422 3544 3544 3584 ma-

1962 3638 2167 3709 gister?
2195 3632 2464 3706 siquidem
2497 3633 2545 3689 is
2571 3629 2666 3702 qui
2690 3631 2870 3694 docet,
2906 3628 3116 3696 absque
3163 3621 3543 3681 controversia

1964 3729 2310 3801 praestantior
2338 3741 2503 3796 quam
2527 3724 2562 3779 ii
2586 3723 2679 3794 qui
2701 3721 2988 3776 docentur.
3017 3717 3383 3787 Philosophus
3414 3727 3546 3784 ergo

1964 3850 2197 3906 vereque
2237 3835 2381 3904 pius,
2407 3844 2679 3900 nusquam
2703 3840 2834 3882 vero
2883 3824 3140 3881 seductor
3162 3860 3178 3884 ,
3212 3828 3307 3875 aut
3330 3818 3546 3890 praesti-

1963 3929 2139 4000 giator
2154 3926 2261 3981 dici
2312 3924 2512 3996 poterit
2548 3920 2801 3975 Salvator
2831 3931 2895 3971 ac
2927 3915 3192 3972 Dominus
3227 3922 3431 3967 noster.
3485 3909 3545 3965 Si

1965 4022 2133 4092 igitur
2183 4018 2311 4072 talis
2371 4016 2475 4071 fuit
2517 4015 2731 4085 qualem
2769 4009 3135 4071 ostendimus,
3186 4019 3294 4076 qua
3324 4004 3546 4059 tandem

1966 4112 2072 4166 alia
2098 4111 2308 4165 ratione
2335 4106 2601 4162 miracula
2642 4102 2884 4159 edidisse
2914 4099 3061 4156 credi
3091 4102 3293 4169 potest,
3329 4096 3438 4151 nisi
3460 4094 3546 4149 di-

1966 4206 2089 4259 vina
2116 4204 2349 4275 quadam
2376 4199 2645 4269 nobisque
2691 4198 2875 4267 ignota
2924 4193 3149 4253 virtute,
3180 4201 3547 4260 supremaque

1965 4314 2093 4370 erga
2121 4296 2288 4351 Deum
2321 4292 2564 4349 universi
2594 4288 2827 4360 pietate?
2859 4285 3031 4352 Quem
3055 4280 3202 4353 quod
3236 4289 3294 4334 ut
3333 4280 3544 4335 Patrem

1965 4396 2321 4448 veneraretur
2346 4395 2402 4442 et
2427 4384 2653 4447 coleret,
2687 4387 2912 4451 apparet
2928 4393 2994 4432 ex
3024 4375 3092 4430 iis
3123 4375 3178 4428 in
3201 4371 3394 4443 primis
3418 4384 3542 4441 qum

1968 4483 2035 4539 de
2058 4482 2152 4537 illo
2179 4481 2393 4536 locutus
2440 4484 2544 4531 est.
2592 4473 2828 4527 Tantum
2863 4484 2994 4539 ergo
3023 4466 3198 4530 abest,
3230 4470 3290 4518 ut
3338 4462 3430 4533 qui
3467 4460 3547 4515 illi

1970 4579 2039 4632 ab
2060 4573 2216 4631 initio
2262 4572 2608 4627 adhmserunt
2646 4562 2924 4634 discipuli,
2972 4567 3023 4615 et
3060 4559 3153 4629 qui
3178 4554 3409 4628 posthac
3438 4551 3547 4606 illis

1967 4665 2254 4737 discipulis
2286 4674 2626 4723 successere,
2669 4656 2737 4711 ab
2771 4654 2990 4709 illorum
3033 4643 3429 4705 consuetudine
3462 4642 3548 4696 in-

1968 4772 2209 4836 formati,
2248 4784 2430 4842 pravae
2458 4765 2621 4821 alicui
2643 4770 2736 4818 aut
2759 4758 3083 4832 perniciosa:
3124 4748 3426 4821 suspicioni
3449 4746 3547 4801 ob-

1967 4867 2118 4923 noxii
2150 4862 2386 4921 habendi
2414 4861 2558 4925 sint,
2588 4866 2647 4913 ut
2674 4872 2743 4911 ne
2767 4850 3160 4925 tegrotantibus
3188 4843 3407 4916 quidem
3432 4854 3550 4911 per-
3610 4918 3615 4924 ί

1968 4961 2205 5024 mittant,
2230 4955 2391 5013 sicuti
2430 4952 2601 5008 multa
2645 4948 2801 5003 multi
2831 4946 3044 5000 eﬂicere
3087 4943 3361 4995 conantur
3385 4972 3401 4998 ,
3455 4940 3549 4986 aut

1969 5054 2226 5110 foliorum
2256 5042 2710 5117 inscriptionibus
2734 5080 2749 5105 ,
2793 5032 3306 5107 colligationibusve
3332 5027 3433 5091 uti,
3454 5033 3549 5079 aut

1969 5164 2065 5203 eos
2097 5146 2190 5216 qui
2222 5160 2281 5201 se
2309 5143 2686 5198 incantaturos
2748 5132 3074 5205 proﬁtentur
3117 5122 3418 5185 attendere,
3455 5126 3548 5173 aut

1969 5239 2219 5295 radicum
2262 5235 2667 5299 herbarumque
2729 5216 3262 5290 suﬂ‘umigatiouibus
3294 5253 3308 5277 ,
3356 5212 3549 5266 aliisve

1969 5331 2215 5403 ejusdem
2247 5325 2461 5398 generis
2486 5317 2790 5377 nonnullis,
2822 5311 3061 5367 medelas
3090 5307 3194 5363 sibi
3231 5303 3555 5375 morborum

1972 5392 2407 5481 s'ulliccrezvhzec
2444 5425 2680 5480 namque
2728 5404 2912 5461 omnia
2958 5417 2989 5456 a
3042 5396 3251 5455 Christi
3299 5392 3549 5449 doctrina

1971 5516 2197 5571 exclusa
2244 5515 2619 5572 sunt:neque
2669 5509 2911 5567 unquam
2962 5490 3163 5547 intueri
3203 5486 3357 5542 licuit
3389 5481 3549 5538 Chri-

1972 5606 2216 5664 stianum
2270 5599 2364 5672 qui
2396 5594 2743 5665 colligatione
2793 5596 3058 5649 uteretur,
3092 5597 3270 5653 neque
3321 5572 3549 5647 magicis

1970 5694 2381 5774 nugalionibus,
2403 5704 2579 5763 neque
2602 5686 2856 5743 foliorum
2880 5675 3236 5755 quorumdam
3260 5664 3549 5727 laboriosis
