4120 6420
574 322 686 380 ΞΞἸ
1213 318 1485 375 EUSEBll
1523 315 2004 376 CAESARIENSIS
2042 314 2197 373 OPP.
2240 311 2442 369 PARS.
2485 310 2556 367 ll.
2593 341 2666 351 -
2704 308 3206 367 APOLOGETICA.
3740 313 3854 372 ιεε

573 440 1057 513 inscriptionibus,
1100 455 1282 510 neque
1327 439 1539 494 caeteris
1584 437 1881 501 similibus,
1924 449 2147 506 quorum

2264 431 2483 502 σμένον.
2534 430 2596 483 El
2631 428 2686 482 δὲ
2719 428 2893 491 οὐδεὶς
2942 424 3164 480 πώποτε
3209 424 3317 480 τῶν
3362 425 3487 479 καθ’
3531 428 3679 497 ἡμᾶς
3724 427 3852 483 οὔτε

578 551 739 591 usum
770 533 1167 589 indiderentem
1199 530 1445 602 plerique
1497 531 1837 585 arbitrantur
1873 546 1887 582 :
1914 542 2034 597 qua:
2056 526 2147 596 igi-

2266 523 2374 577 τῶν
2415 519 2658 575 παλαιῶν
2690 519 2912 572 ἐκείνων
2958 518 3054 571 τοῦ
3094 515 3267 587 Ἰησοῦ
3312 515 3570 588 μαθητῶν
3596 519 3854 590 γοητείας

574 637 667 682 tur
687 639 927 697 unquam
957 624 1098 680 ratio
1118 626 1428 687 convincet,
1459 631 1516 676 ut
1541 623 1633 691 qui
1656 622 1781 676 talis
1811 617 2147 690 praeceptoris

2267 613 2402 685 ἥλω,
2432 610 2552 665 οὐδὲ
2584 613 2612 665 ὁ
2645 609 2972 673 Διδάσκαλος
2998 605 3069 681 ἦν
3106 610 3215 680 ἄρα
3240 608 3498 672 τοιοῦτος.
3525 608 3641 662 Ἵνα
3681 609 3739 664 δὲ
3771 613 3850 682 μὴ

574 719 833 790 discipuli
860 716 1088 780 fuerint,
1116 714 1531 786 praastigiatoris
1559 720 1655 767 aut
1699 710 2014 781 impostoris
2067 706 2147 761 di-

2270 703 2327 769 ὲξ
2356 702 2618 774 ἀγράφων
2650 701 2679 752 ό
2705 698 2861 767 λόγος
2894 697 3049 768 ἡμῶν
3074 697 3267 760 ὁδεύοι,
3302 697 3460 768 δέχου
3502 697 3602 761 τὰς
3636 698 3854 754 ἀποδεί-

572 810 774 878 scipuli
805 805 1344 877 fuissejudicentur?
1363 805 1513 875 atqui
1543 804 1723 873 qualis
1747 802 1817 857 sit
1834 799 2011 855 omnis
2038 798 2147 868 qui-

2271 793 2380 859 ξεις
2407 795 2501 848 καὶ
2526 790 2636 849 ἀπὸ
2662 792 2903 863 ἱστορίας
2929 790 3230 861 ἐγγράφου.

567 921 789 976 cunque
825 902 1031 974 aliquid
1056 902 1395 974 proﬁteatur,
1422 901 1571 956 nulla
1598 915 1689 955 res
1737 897 2046 955 evidentius
2097 892 2437 964 probaverit,
2490 904 2659 961 quam
2708 888 3106 958 discipulorum
3154 885 3498 942 consuetudo
3556 902 3572 941 :
3629 901 3756 942 nam
3800 889 3851 943 si

566 997 675 1053 viri
706 997 819 1054 sint
857 996 1068 1051 artibus
1102 1002 1157 1050 et
1210 994 1463 1049 scientiis
1508 991 1746 1064 praediti,
1783 989 2031 1060 profecto
2055 987 2152 1058 qui
2193 986 2330 1057 ipsis
2374 981 2647 1054 ejusmodi
2684 982 2887 1035 artium
2914 988 2969 1035 et
3017 979 3375 1036 scientiarum
3423 987 3617 1033 auctor
3659 978 3850 1047 fuerit,

568 1104 696 1145 eum
729 1089 889 1159 longe
937 1102 999 1142 se
1047 1087 1184 1156 ipsis
1254 1087 1691 1157 praestantiorem
1750 1083 1923 1140 fuisse
1983 1079 2460 1137 demonstrabunt.
2522 1075 2770 1146 Exempli
2818 1075 3027 1146 gratia,
3062 1075 3156 1144 qui
3184 1073 3508 1129 medicinam
3559 1072 3628 1127 ab
3666 1074 3853 1144 aliquo

568 1185 899 1248 didicerunt,
965 1183 1304 1238 excellentiae
1355 1183 1712 1253 prreceptoris
1743 1183 1797 1236 in
1829 1180 1921 1235 tali
1943 1178 2232 1254 disciplina
2270 1183 2440 1232 testes
2488 1174 2671 1230 idonei
2706 1174 2943 1229 habendi
2990 1181 3137 1240 sunt,
3185 1172 3279 1243 qui
3304 1186 3436 1227 vero
3470 1173 3849 1243 geometriam,

566 1279 779 1333 nullum
809 1279 977 1333 alium
1002 1294 1061 1333 se
1089 1278 1348 1334 habuisse
1403 1279 1530 1333 talis
1550 1277 1853 1348 disciplina:
1910 1275 2233 1347 magistrum
2274 1288 2436 1344 quam
2464 1279 2795 1343 geometram
2832 1270 3141 1343 probabunt
3166 1286 3181 1336 ;
3205 1284 3305 1325 nec
3335 1285 3464 1323 vero
3516 1269 3852 1325 arithmetici

569 1371 738 1426 alium
772 1386 937 1441 quam
1001 1370 1406 1425 arithmeticum
1440 1370 1667 1426 :eadem
1720 1371 1953 1434 ratione,
1987 1369 2223 1439 aliquem
2265 1368 2435 1422 fuisse
2466 1367 2820 1437 impostorem
2854 1363 3042 1434 optimi
3082 1378 3214 1418 sane
3245 1371 3415 1417 testes
3450 1362 3684 1417 habendi
3715 1373 3852 1419 sunt

566 1463 664 1535 qui
720 1462 788 1519 ab
845 1463 938 1517 illo
994 1462 1305 1529 didicerint,
1370 1471 1423 1519 et
1454 1465 1548 1534 qui
1610 1464 1857 1519 eamdem
1891 1479 2016 1519 cum
2080 1478 2181 1517 suo
2220 1467 2556 1532 praeceptore
2621 1469 2793 1513 artem
2825 1466 3136 1513 exerceant.
3178 1455 3340 1525 128
3393 1452 3498 1510 Sed
3525 1458 3709 1512 nullus
3744 1458 3852 1512 ad—

565 1557 677 1617 huc
702 1559 759 1613 in
790 1567 898 1613 tam
944 1560 1133 1615 multis
1188 1559 1353 1615 annis
1416 1560 1722 1629 discipulus
1763 1558 1891 1614 Jesu
1920 1557 2286 1630 praestigiator
2336 1555 2611 1626 apparuit,
2680 1554 2899 1610 tametsi
2949 1554 3002 1608 in
3033 1552 3266 1608 diversis
3299 1552 3638 1623 temporibus
3668 1560 3723 1608 et
3753 1567 3848 1609 re—

577 1670 674 1725 ges
706 1666 759 1710 et
779 1654 1039 1725 praesides
1068 1671 1164 1725 per
1213 1664 1483 1711 tormenta
1556 1656 1825 1727 quidquid
1859 1655 1927 1709 ad
1999 1670 2100 1710 nos
2161 1654 2418 1726 pertinet,
2451 1650 2870 1722 diligentissime
2895 1648 3291 1719 exquisiverint
3318 1662 3331 1697 :
3363 1648 3439 1701 ita
3463 1662 3626 1717 porro
3656 1647 3847 1703 nullus

567 1749 933 1821 praastigiator
965 1749 1090 1815 fuit,
1123 1759 1183 1804 ut
1214 1751 1349 1805 liber
1369 1751 1757 1818 dimitteretur,
1793 1759 1959 1822 atque
1988 1759 2143 1805 extra
2176 1765 2339 1804 omne
2371 1749 2680 1819 periculum
2712 1747 3161 1809 constitueretur,
3215 1743 3311 1814 qui
3343 1744 3506 1798 modo
3570 1743 3639 1799 ab
3705 1745 3846 1815 ipsis

566 1851 790 1901 coactus
838 1850 983 1897 esset
1020 1844 1265 1913 ipsorum
1324 1844 1434 1899 ritu
1486 1845 1824 1901 sacriﬁcare.
1862 1845 2019 1911 Quod
2048 1846 2092 1900 si
2141 1844 2326 1899 nullus
2386 1858 2625 1913 unquam
2668 1848 3006 1908 nostrorum,
3048 1849 3156 1894 tam
3195 1840 3413 1896 illorum
3454 1853 3594 1909 quos
3628 1837 3730 1907 ipsi
3759 1837 3853 1891 vi-

566 1937 697 1994 dere
730 1939 1029 2010 potuimus,
1074 1956 1237 2010 quam
1279 1941 1497 1995 illorum
1558 1943 1652 2013 qui
1694 1942 1971 2013 quondam
2006 1941 2178 2013 ipsius
2215 1938 2345 1996 Jesu
2382 1938 2639 2010 discipuli
2707 1937 2949 2003 fuerunt,
2990 1936 3243 1992 veneﬁcii
3292 1944 3388 1991 aut
3435 1935 3841 2008 przestigiarum

566 2031 859 2089 damnatus
906 2041 1017 2099 est,
1051 2050 1179 2104 ergo
1222 2050 1290 2090 ne
1316 2034 1628 2106 Praeceptor
1681 2037 1901 2107 quidem
1933 2036 2055 2090 talis
2113 2036 2234 2090 fuit.
2273 2033 2543 2088 Caeterum
2566 2047 2636 2088 ne
2662 2031 2841 2087 omnis
2868 2039 3057 2087 nostra
3078 2032 3276 2094 oratio,
3305 2046 3371 2086 ex
3401 2031 3690 2087 rebusnon
3703 2030 3847 2087 scri-

566 2130 675 2198 ptis
704 2129 1104 2199 proficiscatur,
1130 2131 1415 2188 videamus
1445 2133 1574 2187 item
1618 2132 1750 2202 quid
1810 2131 2147 2202 probationis
2187 2132 2256 2186 ab
2281 2129 2511 2185 historia
2536 2144 2658 2199 qua:
2696 2127 2894 2182 litteris
2924 2127 3258 2191 continetur,
3281 2126 3407 2180 elici
3427 2127 3626 2195 possit.

639 2222 809 2277 Primi
841 2223 1007 2293 igitur
1046 2224 1221 2292 ipsius
1263 2222 1391 2279 Jesu
1440 2223 1718 2295 discipuli,
1769 2225 1827 2279 in
1875 2225 2015 2279 libro
2061 2225 2147 2296 qui

2328 2226 2393 2277 Οί
2419 2223 2482 2295 δὴ
2506 2220 2712 2292 πρῶτοι
2740 2219 2836 2274 τοῦ
2878 2218 3055 2291 Ἰησοῦ
3091 2218 3330 2290 μαθηταὶ
3350 2219 3410 2270 ὲν
3442 2221 3506 2289 τῇ
3539 2217 3704 2289 βίϐλῳ
3731 2216 3845 2271 τῶν

566 2314 704 2370 Acta
753 2314 992 2384 ipsorum
1026 2314 1293 2380 continet,
1352 2325 1763 2381 memorantur,
1797 2332 2156 2388 quoscunque

566 2423 633 2462 ex
664 2407 916 2477 gentibus
952 2406 1007 2460 in
1042 2423 1202 2461 suam
1258 2407 1608 2479 disciplinam
1638 2410 1972 2480 acciperent,
2026 2425 2150 2466 cum

565 2514 756 2556 eorum
775 2499 1022 2570 plerique
1051 2502 1282 2558 crimine
1333 2506 1736 2576 praestigiarum
1797 2505 2029 2562 infames
2059 2521 2154 2560 es-

567 2599 718 2655 sent,
749 2591 803 2645 in
819 2589 1067 2646 diversos
1101 2608 1279 2648 mores
1329 2592 1466 2650 adeo
1524 2604 1914 2663 commutasse,
1946 2604 2006 2651 ut
2033 2596 2154 2651 ausi

566 2683 678 2738 sint
710 2698 850 2754 quos
878 2683 1048 2739 libros
1079 2685 1187 2739 illis
1226 2685 1657 2752 interdixissent,
1682 2689 1739 2744 in
1763 2689 2000 2745 medium
2028 2704 2154 2758 pro-

565 2772 731 2841 ferre,
762 2784 817 2831 et
852 2777 908 2832 in
938 2786 1237 2848 conspectu
1272 2781 1517 2835 omnium
1544 2781 1887 2837 comburere.
1946 2780 2155 2835 Audia-

565 2880 695 2921 mus
727 2867 913 2939 itaque
963 2868 1095 2938 quid
1137 2869 1423 2941 Scriptura
1481 2873 1576 2927 illa
1626 2875 1926 2929 contineat.
1959 2872 2155 2927 «Multi

567 2968 750 3016 autem
777 2975 967 3017 eorum
1015 2961 1111 3030 qui
1172 2961 1389 3016 fuerant
1413 2963 1634 3018 curiosa
1689 2964 1907 3030 sectati,
1955 2976 2154 3021 contu-

563 3048 745 3106 lerunt
773 3050 962 3116 libros,
981 3060 1034 3108 et
1071 3053 1493 3108 combusserunt
1519 3069 1613 3110 eos
1646 3069 1831 3110 coram
1862 3056 2140 3124 omnibus,

564 3149 620 3197 et
642 3143 972 3212 computatis
1002 3142 1193 3213 pretiis
1220 3144 1457 3209 illorum,
1500 3146 1829 3201 invenerunt
1861 3149 2149 3217 pecuniam

564 3229 912 3287 denariorum
943 3221 1340 3303 quinquaginta
1378 3233 1611 3288 millium
1643 3236 1689 3267 7’
1720 3253 1734 3289 :
1766 3254 1786 3286 ι
1824 3237 1961 3292 tales
2018 3253 2152 3292 sane

563 3329 723 3377 erant
753 3322 1055 3380 Salvatoris
1080 3325 1257 3379 nosui
1288 3325 1566 3396 discipuli,
1597 3334 1855 3398 tantaque
1884 3329 2150 3385 orationis

563 3428 756 3470 eorum
782 3416 865 3472 vis
895 3426 1032 3481 erat,
1059 3432 1183 3472 cum
1235 3433 1366 3473 suos
1408 3417 1684 3475 auditores
1714 3419 2144 3491 alloquerentur,

563 3515 627 3561 ut
649 3506 872 3563 intimas
920 3509 1087 3562 animi
1136 3519 1319 3579 partes
1337 3519 1710 3580 penetrarent,
1756 3521 2151 3584 tangerentque

2260 2315 2406 2370 ἰδίων
2446 2312 2701 2385 πράξεων
2749 2310 3086 2383 ἱστοροῦνται
3131 2311 3259 2374 τοὺς
3302 2309 3364 2374 ἐξ
3392 2308 3562 2363 ἐθνῶν
3597 2312 3664 2380 τῇ
3697 2308 3847 2364 διδα-

2257 2404 2456 2475 σκαλίᾳ
2491 2402 2671 2458 αὐτῶν
2708 2402 3053 2472 προσιόντας,
3085 2400 3226 2454 ὥστε
3254 2400 3479 2463 πολλοὺς
3511 2400 3619 2454 τῶν
3647 2402 3846 2472 πρότε-

2258 2514 2351 2568 ρον
2387 2497 2516 2568 περὶ
2538 2496 2793 2567 γοητείαν
2825 2495 3264 2566 διαϐεϐλημένων
3288 2496 3367 2558 εἰς
3394 2492 3644 2548 τοσοῦτον
3675 2511 3843 2565 μετα-

2254 2587 2440 2642 ϐαλεῖν
2468 2588 2559 2640 τὸν
2586 2586 2793 2640 ἑαυτῶν
2819 2586 3043 2659 τρόπον,
3068 2587 3143 2649 ὡς
3168 2588 3247 2649 εἰς
3276 2585 3439 2656 μέσον
3468 2587 3844 2657 άγαγείνυτολ-

2259 2683 2428 2753 μῆσαι
2454 2680 2554 2744 τὰς
2592 2679 3049 2753 άπηγορευμένας
3094 2679 3328 2749 βίϐλους,
3354 2681 3451 2733 καὶ
3499 2681 3704 2745 ταύτας
3754 2683 3849 2736 ὲν-

2261 2772 2433 2826 ώπιον
2451 2772 2668 2827 πάντων
2700 2773 2831 2843 πυρὶ
2859 2771 3215 2844 παραδοῦναι.
3258 2773 3590 2830 Ἐπάκουσον
3610 2773 3666 2827 δὲ
3691 2775 3843 2837 ὅπως

2254 2867 2288 2936 ἡ
2333 2863 2521 2936 γραφὴ
2572 2864 2857 2936 περιέ-χεν
2896 2882 2918 2913 ι
2977 2864 3173 2917 ἰκανοὶ
3218 2862 3277 2916 δὲ
3318 2863 3426 2917 τῶν
3458 2864 3528 2917 τὰ
3570 2865 3840 2937 περίεργα

2254 2957 2599 3027 πραξάντων,
2628 2955 3134 3023 συνεισενέγκαντες
3157 2955 3257 3019 τὰς
3281 2956 3517 3027 βίϐλους,
3547 2958 3841 3012 κατέκαιον

2252 3046 2481 3101 ἐνώπιον
2509 3047 2747 3111 πάντων,
2782 3046 2874 3099 καὶ
2912 3045 3282 3115 συνεψήφισαν
3311 3046 3411 3110 τὰς
3438 3046 3605 3118 τιμάς
3633 3047 3838 3110 αὐτῶν,

2252 3139 2346 3193 καὶ
2391 3133 2553 3211 εὗρον
2588 3137 2854 3209 ἀργυρίου
2906 3136 3172 3208 μυριάδας
3200 3138 3382 3193 πέντε.
3420 3157 3441 3191 ι
3491 3139 3732 3193 Τοιοῦτοι
3771 3140 3841 3213 δή

2250 3247 2395 3294 τινες
2422 3232 2472 3283 οἱ
2505 3229 2600 3283 τοῦ
2630 3228 2883 3301 Σωτῆρος
2914 3231 2947 3299 ἡ
2956 3228 3071 3299 μῶν
3108 3229 3343 3301 μαθηταὶ
3367 3231 3634 3303 τοσαύτην
3674 3232 3838 3286 δύνα-

2254 3339 2349 3393 μιν
2375 3322 2746 3394 προφέροντες
2778 3320 2952 3388 λόγων
2992 3323 3052 3374 ἐν
3079 3326 3200 3388 ταῖς
3227 3324 3365 3395 πρὸς
3394 3326 3518 3387 τοὺς
3545 3325 3841 3397 ἀκροωμέ-

2250 3431 2374 3478 νους
2401 3413 2662 3485 ὁμιλίαις,
2687 3412 2761 3477 ὡς
2784 3412 3158 3468 καθικνεῖσθαι
3185 3414 3279 3468 τοῦ
3304 3415 3500 3485 βάθους
3529 3417 3631 3487 τῆς
3661 3417 3840 3489 ψυχῆς

2252 3508 2452 3573 αὐτῶν,
2497 3507 2872 3563 καθάπτεσθαί
2910 3527 2971 3561 τε
3013 3509 3107 3561 καὶ
3145 3507 3468 3580 τιτρώσκειν
3510 3510 3572 3563 τὸ
3604 3512 3839 3565 ἑκάστου

563 3609 633 3650 ac
678 3597 1035 3657 vulnerarent
1084 3598 1521 3668 uniuscujusque
1560 3600 1957 3654 conscientiam
1991 3600 2147 3668 adeo,

2255 3601 2515 3666 συνειδὸς,
2544 3603 2619 3666 ὡς
2650 3603 2846 3673 μηκέτι
2877 3603 3091 3671 στέγειν
3124 3603 3592 3675 ἀποκρύπτοντες,
3622 3607 3703 3669 είς
3729 3623 3837 3675 (ραι

563 3695 627 3744 ut
647 3704 809 3745 nemo
835 3690 1070 3759 amplius
1087 3690 1366 3746 occultare
1402 3699 1606 3760 posset,
1644 3691 1742 3747 sed
1771 3693 2149 3764 unusquisque

562 3780 624 3836 in
651 3789 899 3852 apertum
924 3782 1211 3851 proferret,
1249 3784 1295 3838 si
1332 3782 1493 3852 cujus
1538 3784 1726 3838 arcani
1756 3786 2012 3840 conscius
2042 3787 2149 3843 sibi

562 3880 731 3938 esset,
762 3872 1109 3944 iudicemque
1154 3890 1377 3930 suorum
1432 3890 1553 3946 quae
1601 3875 1751 3944 prius
1782 3876 2150 3934 commisisset

564 3962 921 4036 ﬂagitiorum,
956 3966 1196 4038 seipsum
1250 3977 1573 4039 praestaret:
1604 3970 1740 4025 tales
1787 3969 1916 4025 item
1956 3972 2050 4041 qui
2079 3971 2149 4028 ab

564 4057 675 4113 illis
699 4058 933 4112 instituti
959 4067 1108 4125 sunt,
1140 4060 1294 4128 puris
1327 4060 1535 4130 utique,
1574 4061 1917 4133 sincerisque
1949 4065 2148 4122 animis

562 4149 797 4220 praditi,
836 4158 896 4204 ut
929 4150 1065 4205 nihil
1112 4151 1168 4205 in
1219 4151 1328 4206 illis
1375 4152 1640 4218 simulati,
1691 4159 1785 4206 aut
1818 4152 2149 4210 fraudulenti

564 4240 761 4295 lateret
795 4260 808 4295 :
845 4241 943 4297 sed
971 4249 1163 4297 contra
1209 4242 1394 4312 potius
1447 4242 1552 4313 ipsi
1608 4244 1911 4300 mutatione
1934 4260 1964 4298 a
1992 4245 2145 4301 dele-

563 4335 712 4390 riorc
732 4333 845 4389 vita
862 4336 928 4391 ad
957 4336 1262 4400 meliorem,
1294 4336 1659 4406 gloriarentur
1705 4345 1867 4408 atque
1905 4340 2147 4394 conﬁde-

563 4435 718 4482 rent:
749 4427 840 4498 qui
874 4428 1041 4499 igitur
1071 4429 1316 4499 magicos
1347 4429 1519 4485 libros
1550 4429 1932 4497 incenderunt,
1968 4442 2021 4487 et
2051 4449 2147 4487 ex-

562 4527 779 4575 ternam
826 4520 1043 4576 illorum
1098 4521 1461 4591 perditionem
1514 4522 1733 4591 publico
1776 4523 1986 4593 judicio
2045 4538 2146 4581 suo

565 4612 1011 4681 comprobarunt,
1044 4627 1144 4667 cur
1176 4627 1285 4667 non
1313 4612 1381 4667 de
1404 4612 1605 4682 seipsis
1636 4615 1776 4684 apud
1804 4631 1996 4671 omnes
2023 4632 2146 4673 cer-

564 4705 842 4760 tissimum
881 4706 1110 4775 posthac
1139 4706 1421 4775 prazbeant
1471 4716 1874 4779 argumentum,
1910 4711 2062 4766 nullo
2085 4728 2146 4768 se

564 4811 795 4867 prorsus
862 4796 1201 4866 magicarum
1274 4812 1460 4851 rerum
1517 4798 1703 4853 studio
1773 4800 1993 4855 teneri?
2047 4804 2144 4858 sed

566 4895 759 4943 contra
791 4889 995 4959 potius,
1056 4904 1120 4943 ex
1171 4889 1266 4944 illo
1303 4889 1417 4959 jam
1475 4906 1644 4961 purus
1688 4908 1747 4948 se
1783 4909 1927 4959 esse,
1971 4904 2026 4951 et
2075 4898 2144 4953 ab

2251 3695 2407 3766 νερὸν
2453 3695 2509 3748 δὲ
2554 3695 2710 3764 ἄγειν
2752 3695 2823 3749 τά
2870 3696 3181 3767 ἀπόρρητα,
3226 3697 3485 3767 ἐλέγχους
3533 3715 3596 3752 τε
3637 3690 3839 3764 αὐτοὺς

2249 3787 2457 3840 ἑαυτῶν
2489 3787 2583 3840 καὶ
2612 3788 2711 3859 τῆς
2745 3788 3019 3859 προτέρας
3046 3788 3224 3842 αὐτῶν
3253 3790 3557 3862 μοχθηρίας
3585 3791 3837 3863 ἀπεργά-

2249 3876 2470 3941 ζεσθαι·
2507 3878 2738 3933 τοιοῦτοι
2778 3879 2836 3934 δὲ
2874 3881 2965 3933 καὶ
2988 3881 3040 3932 οἱ
3070 3880 3207 3951 πρὸς
3236 3881 3417 3934 αὐτῶν
3460 3880 3838 3953 μαθητευόμε-

2248 3988 2351 4038 νοι,
2385 3970 2617 4044 καθαροὶ
2665 3975 2760 4025 καὶ
2807 3975 3020 4044 γνήσιοι
3063 3973 3163 4036 τὰς
3211 3973 3503 4041 διαθέσεις,
3544 3976 3621 4039 ὠς
3667 3975 3834 4047 μηδὲν

2250 4060 2479 4116 ὓπουλον
2522 4064 2580 4116 ὲν
2628 4064 2809 4128 αὐτοῖς
2846 4063 3149 4128 λανθάνειν,
3183 4064 3606 4134 ὲνσεμνύνεσθαι
3639 4064 3697 4117 δὲ
3738 4066 3835 4120 καὶ

2248 4155 2720 4226 παρρησιάζεσθαι
2752 4157 2845 4209 ἐπὶ
2876 4159 2941 4227 τῇ
2973 4156 3081 4208 τῶν
3107 4156 3432 4227 κρειττόνων
3458 4157 3566 4210 ἀπὸ
3589 4157 3696 4210 τῶν
3726 4174 3834 4230 χει-

2250 4246 2418 4316 ρόνων
2464 4246 2753 4318 μεταϐολῇ.
2804 4249 2867 4300 Ol
2915 4247 2977 4318 δὴ
3030 4243 3123 4301 οὖν
3172 4249 3305 4319 πυρὶ
3356 4249 3690 4321 παραδόντες
3732 4251 3831 4315 τάς

2252 4338 2496 4407 μαγικὰς
2540 4338 2776 4409 βίϐλους,
2812 4339 2907 4393 καὶ
2939 4341 3176 4411 παντελῆ
3209 4340 3415 4413 φθορὰν
3455 4342 3634 4395 αὐτῶν
3662 4342 3833 4412 ψηφι-

2252 4431 2500 4502 σάμενοι,
2534 4431 2651 4495 πῶς
2690 4433 2791 4487 ούκ
2837 4432 2904 4486 ἂν
2949 4430 3059 4486 εἷεν
3094 4432 3349 4505 πρόδηλοι
3382 4435 3495 4498 τοῖς
3522 4436 3707 4493 πᾶσιν.
3747 4436 3831 4490 ὅτι

2252 4524 2520 4596 μηδεμίαν
2584 4524 2758 4595 ἔχοιεν
2812 4524 2905 4579 τοῦ
2948 4524 3136 4579 λοιποῦ
3183 4526 3312 4598 περὶ
3354 4526 3607 4597 γοητείαν
3665 4544 3831 4580 σπου-

2246 4619 2362 4692 δὴν,
2417 4618 2647 4692 καθαροὶ
2690 4622 2747 4674 δὲ
2789 4621 2849 4688 ἐξ
2907 4620 3118 4675 ἐκείνου
3164 4622 3343 4691 πάσης
3375 4622 3473 4691 τῆς
3531 4622 3661 4693 περὶ
3707 4622 3831 4675 τού-

2246 4729 2341 4765 του
2388 4713 2642 4777 ὑπονοίας
2682 4713 3015 4784 ὲτύγχανον;
3066 4714 3194 4768 Ὅτε
3254 4715 3433 4768 τοίνυν
3493 4716 3540 4768 οἱ
3592 4714 3833 4785 μαθηταὶ

2246 4803 2338 4857 τοῦ
2386 4804 2639 4875 Σωτῆρος
2699 4804 2855 4876 ἡμῶν
2906 4806 3179 4875 πεφήνασι
3229 4805 3513 4873 γεγονότες
3563 4803 3828 4869 τοιούτου,

2246 4894 2364 4959 πῶς
2402 4895 2463 4949 ού
2510 4895 2643 4948 πολὺ
2685 4895 2949 4967 πρότερον
3000 4898 3031 4949 ό
3074 4895 3444 4962 Διδάσκαλος;
3494 4898 3556 4950 Εἰ
3587 4896 3645 4950 δὲ
3689 4896 3829 4960 ὅλως

567 4983 718 5037 omni
769 4982 1039 5050 ejusmodi
1070 4982 1390 5051 suspicione
1447 4985 1730 5039 remotos?
1760 4984 1814 5039 Si
1848 5001 1977 5058 ergo
2024 4988 2138 5058 jam

2250 4988 2352 5041 άπὸ
2405 4988 2513 5042 τῶν
2562 4960 2869 5059 γνωρίμων.
2897 4990 2989 5042 τὸν
3021 4991 3352 5061 προστάτην,
3382 4960 3565 5053 ὁποῖός
3625 5007 3706 5054 τις
3738 4986 3828 5062 ἦν,

565 5082 784 5129 constat
838 5074 1137 5129 Salvatoris
1197 5076 1373 5129 nostri
1421 5074 1726 5146 discipulos
1778 5080 1915 5136 tales
1972 5083 2140 5137 exsti—

566 5164 723 5228 tisse,
782 5180 882 5219 cur
938 5181 1049 5220 non
1101 5167 1217 5237 ipse
1269 5165 1577 5237 Prteceptor
1621 5169 1721 5224 fuit
1771 5173 1941 5227 multo
1975 5175 2143 5228 ante?

571 5256 733 5328 129
761 5256 916 5323 Quod
970 5258 1015 5314 si
1057 5258 1124 5313 de
1168 5258 1454 5330 discipulis
1483 5261 1698 5330 qualem
1752 5272 2141 5333 praeceptorem

566 5350 861 5405 habuerint
884 5350 970 5405 vis
1003 5369 1357 5423 cognoscere,
1404 5354 1571 5410 habes
1616 5353 1779 5410 hodie
1806 5370 2024 5426 quoque
2053 5357 2141 5411 in-

566 5441 937 5499 numerabiles
968 5444 1256 5499 verborum
1286 5444 1416 5500 Jesu
1466 5445 1790 5515 discipulos,
1824 5462 1892 5501 ex
1939 5448 2140 5518 quibus

569 5533 790 5604 plurimi
823 5535 1065 5589 virorum
1090 5550 1392 5593 conventus
1417 5539 1709 5605 exsistunt,
1732 5539 1826 5609 qui
1861 5549 1973 5593 tum
2008 5556 2140 5596 con-

571 5633 658 5681 tra
693 5627 971 5683 naturales
998 5633 1245 5701 corporis
1275 5632 1580 5703 voluptates
1608 5632 1767 5704 quasi
1797 5634 1853 5688 in
1875 5634 1990 5688 acie
2015 5649 2143 5690 con-

638 5782 689 5869 ξ’
707 5783 828 5840 Act.
860 5800 974 5856 nx,
1011 5785 1093 5842 l9.

2248 5081 2423 5152 βούλει
2473 5080 2874 5150 διαγινώσκειν,
2936 5085 3079 5153 ἔχεις
3128 5083 3221 5136 τοῦ
3280 5082 3453 5153 Ἰησοῦ
3500 5083 3610 5137 τῶν
3655 5084 3828 5151 λόγων

2251 5172 2496 5245 μαθητὰς
2527 5173 2692 5226 εἰσέτι
2725 5173 2820 5227 νῦν
2855 5174 3098 5246 μυρίους,
3132 5168 3207 5227 ὧν
3239 5175 3467 5228 πλεῖστα
3498 5176 3595 5246 μὲν
3623 5174 3831 5247 ἀνδρῶν

2247 5267 2526 5336 τυγχάνει,
2591 5265 2770 5337 πλήθη
2832 5266 3301 5339 παραταξαμένων
3368 5270 3465 5340 μὲν
3536 5270 3672 5341 πρὸς
3734 5270 3831 5333 τὰς

2248 5359 2481 5429 φυσικάς
2529 5359 2624 5413 τοῦ
2673 5359 2923 5431 σώματος
2971 5361 3184 5430 ἡδονὰς,
3233 5364 3474 5435 ἄτρωτον
3519 5363 3574 5417 δὲ
3606 5364 3703 5418 καὶ
3730 5365 3830 5436 τὴν

2246 5454 2481 5508 διάνοιαν
2514 5454 2708 5518 παντὸς
2741 5456 2965 5526 αἰσχροῦ
3000 5456 3204 5520 πάθους
3237 5456 3610 5526 φυλαξάντων.
3642 5460 3711 5523 οἳ,
3736 5462 3829 5513 καὶ

2244 5544 2336 5598 τὸν
2369 5546 2546 5600 πάντα
2592 5544 2703 5615 βίον
2751 5548 2809 5598 ὲν
2858 5547 3152 5619 ἐγκρατείᾳ
3197 5552 3697 5622 καταγηράσαντες,
3729 5552 3829 5621 τῆς

2246 5638 2310 5690 εκ
2341 5636 2447 5692 τῶν
2479 5638 2649 5709 λόγων
2672 5639 2836 5695 αὑτοῦ
2884 5640 3089 5710 τροφῆς
3121 5641 3348 5714 λαμπρά
3378 5644 3651 5716 τεκμήρια
3684 5660 3828 5716 παρα
