4158 6418
357 355 470 412 229

1242 347 1894 406 DEMONSTRATIONIS
1925 346 2385 404 EVANGELECAE
2425 351 2551 406 LIB.
2596 353 2687 407 Ill.

3494 358 3603 416 230

354 472 673 542 εστήσαντο.
725 468 800 521 οὑ
854 466 1010 538 μόνον
1039 465 1096 519 δὲ
1132 462 1321 534 ἄνδρες
1358 463 1507 535 παρὰ
1539 462 1687 534 αὑτῷ
1738 461 1923 516 τοῦτον

2032 459 2251 524 sistant,
2291 469 2406 517 tum
2449 473 2685 520 mentem
2729 465 2800 520 ab
2828 466 2977 522 omni
3009 468 3191 525 minus
3218 469 3447 527 honesta
3477 488 3599 543 per-

353 557 707 631 φιλοσοφοῦσι
749 558 844 611 τὸν
883 556 1114 629 τρόπον,
1178 553 1313 608 ἀλλὰ
1362 555 1457 608 καὶ
1507 552 1779 623 γυναικῶν
1824 552 1931 605 οὐδ’

352 653 505 706 ἔστιν
537 652 709 703 εἰπεῖν
730 650 853 702 ὅσαι
877 646 1131 719 μυριάδες
1152 646 1272 699 καθ’
1305 646 1431 718 ὅλης
1461 646 1560 717 τῆς
1590 646 1929 716 οἰκουμένης,

350 738 444 796 οἷά
490 757 636 803 τινες
687 738 882 809 ἱέρειαι
913 738 1006 790 τοῦ
1037 737 1144 790 τῶν
1175 737 1311 791 ὅλων
1342 735 1499 799 Θεοῦ,
1544 734 1642 807 τὴν
1674 734 1934 789 ἀνωτάτω

351 836 548 903 σοφίαν
572 832 980 903 άσπασάμεναι,
1013 830 1261 901 οὐρανίου
1294 846 1353 883 τε
1389 828 1579 898 σοφίας
1624 828 1786 901 ἔρωτι
1831 828 1930 901 λη-

351 926 592 995 φθεῖσαι,
625 922 735 975 τῶν
782 922 881 993 μὲν
915 921 1114 993 σαρκὸς
1147 921 1381 990 ἐγγόνων
1409 920 1703 992 ὴλόγησανν
1754 920 1930 990 ψυχῆς

348 1019 411 1072 δὲ
445 1020 624 1071 πᾶσαν
656 1014 967 1086 ἐπιμέλειαν
997 1016 1367 1084 πεποιηκυῖαι,
1412 1013 1540 1076 ὅλας
1583 1012 1751 1076 αὑτὰς
1783 1011 1931 1083 αὑτῷ

353 1111 567 1182 σώματι
599 1109 695 1163 καὶ
723 1108 867 1176 ψυχῇ
900 1105 977 1176 τῷ
1008 1104 1342 1175 παμϐασιλεῐ
1371 1105 1464 1159 καὶ
1507 1104 1627 1175 Θεῷ
1656 1102 1764 1157 τῶν
1794 1104 1929 1157 ὅλων

348 1198 787 1260 ἀνατεθείκασιν,
818 1196 1037 1264 ἁγνείαν
1060 1195 1296 1266 παντελῆ
1322 1196 1416 1249 καὶ
1437 1194 1734 1267 παρθενίαν
1755 1196 1930 1266 ἀσκή-

348 1288 573 1341 σασθαι.
625 1287 761 1340 Ἕνα
803 1285 900 1357 μὲν
944 1281 1036 1339 οὖν
1084 1285 1378 1356 μηλοδότον
1426 1286 1789 1340 καταλιπόντα
1830 1286 1928 1357 τὴν

348 1380 549 1434 ἑαυτοῦ
582 1380 765 1452 χώραν
798 1378 1066 1450 προφάσει
1100 1378 1415 1449 φιλοσοφίας
1441 1380 1661 1448 ἄγουσιν
1697 1374 1797 1433 ὦδε
1830 1381 1929 1433 κά-

342 1473 507 1523 κεῖσε
554 1468 941 1540 περιφέροντες
998 1466 1263 1538 Ἐλλήνων
1321 1469 1525 1531 παῖδες·
1590 1468 1927 1541 Δημόκριτος

341 1561 537 1623 αὐτοῖς
567 1555 719 1623 οὗτος
749 1555 838 1630 ἦν’
874 1561 968 1613 καὶ
998 1560 1224 1631 Κράτης
1266 1554 1346 1623 εἷς
1388 1562 1521 1631 παρ’
1570 1562 1751 1625 αὑτοῖς
1798 1561 1928 1615 θαυ-

344 1650 609 1719 μάζεται,
642 1651 724 1702 ὅτι
757 1649 844 1721 δὴ,
892 1649 990 1721 τὴν
1034 1650 1222 1703 οὑσίαν
1265 1649 1575 1704 καταλιπὼν
1618 1654 1731 1715 τοῖς
1773 1651 1925 1704 πολί-

339 1757 490 1803 ταις,
505 1742 665 1804 αὐτὸς
696 1742 904 1807 ἑαυτὸν,
926 1740 1148 1812 Κράτης
1168 1741 1450 1813 Κράτητα,
1468 1741 1758 1814 ἠλευθέρου
1793 1759 1926 1813 κομ-

342 1831 564 1897 πάξων·
610 1837 658 1888 oi
700 1837 759 1891 δὲ
795 1834 902 1890 τῶν
940 1836 1114 1908 Ἰησοῦ
1147 1836 1318 1904 λόγων
1351 1836 1589 1908 ζηλωταὶ
1622 1838 1802 1909 μυρίοι
1832 1838 1923 1893 τὸν

339 1924 606 1995 ἀριθμὸν,
639 1924 752 1978 ἀλλ’
785 1926 883 1997 οὑχ
914 1921 993 1989 εἷς
1023 1926 1143 1979 οὑδὲ
1173 1925 1285 1992 δύο,
1318 1926 1417 1990 τὰς
1449 1929 1670 1998 κτήσεις
1699 1930 1924 1982 ἁποπω-

342 2014 633 2088 λήσαντες,
667 2017 862 2087 πένησι
892 2018 987 2071 καὶ
1006 2017 1208 2071 ἐνδεέσι
1242 2016 1690 2089 μεταδεδώκασιν,
1724 2012 1799 2074 ὧν
1829 2021 1924 2074 καὶ

342 2107 505 2159 αὑτοὶ
534 2107 870 2178 τυγχάνομεν
904 2107 1196 2180 μάρτυρες,
1232 2108 1613 2181 συγγενόμενοι
1642 2110 1918 2176 τοιούτοις,

340 2198 445 2249 καὶ
490 2197 675 2260 αὑτοῖς
720 2196 919 2270 ἔργοις,
972 2198 1086 2251 ἀλλ’
1133 2199 1192 2251 οὑ
1227 2197 1407 2267 λόγοις
1451 2200 1630 2270 μόνοις
1673 2201 1774 2270 τῆς
1824 2202 1921 2256 τοῦ

359 2288 538 2360 Ἰησοῦ
588 2288 882 2361 μαθητείας
938 2290 1236 2353 συνιδόντες
1275 2290 1344 2343 τά
1393 2291 1807 2364 κατορθώματα.
1856 2295 1922 2348 Τί

344 2380 455 2453 χρὴ
503 2381 704 2451 λέγειν,
737 2383 933 2437 ὁπόσαι
981 2382 1235 2454 μυριάδες
1267 2383 1360 2436 καί⁹
1404 2382 1581 2438 αὑτῶν
1614 2383 1919 2457 βαρϐάρων,

337 2475 471 2545 σὺχὶ
498 2474 556 2527 δέ
593 2474 748 2544 μόνον
786 2473 1071 2545 Ἑλλήνων,
1108 2474 1173 2527 ἐκ
1189 2475 1298 2528 τῶν
1336 2474 1508 2546 Ἰησοῦ
1539 2474 1711 2545 λόγων
1743 2478 1922 2532 πᾶσαν

344 2566 452 2636 μὲν
497 2566 876 2638 ὑπερεκκὺψαι
910 2560 1168 2619 πολύθεΟν
1211 2565 1439 2637 πλάνην,
1472 2568 1562 2621 τὸν
1603 2567 1661 2621 δέ
1693 2567 1922 2642 Σωτῆρα

342 2659 443 2711 καὶ
474 2657 806 2729 δημιουργὸν
835 2657 987 2711 τοῦδε
1007 2658 1101 2712 τοῦ
1123 2659 1341 2726 παντὸς,
1373 2660 1531 2730 μόνον
1563 2661 1757 2715 εἰδέναι
1788 2661 1920 2718 Θεὸν

340 2748 771 2821 ἐμαρτύρησαν;
804 2748 863 2803 ὃν
892 2748 1058 2802 πάλαι
1090 2748 1391 2818 φιλοσόφων
1422 2746 1503 2813 εἷς
1536 2751 1694 2821 μόνος
1719 2754 1748 2805 ὁ
1779 2751 1921 2805 Πλά-

340 2857 455 2893 των
486 2839 666 2905 είδὼς,
717 2843 800 2905 εἰς
831 2841 1039 2905 πάντας
1084 2840 1334 2911 ἐκφέρειν
1376 2840 1645 2912 ὡμολόγει
1680 2842 1753 2913 μὴ
1799 2840 1920 2895 τολ-

340 2934 479 3005 μᾷν,
528 2933 821 3005 διαρρήδην
867 2934 1106 3004 φάσκων·
1130 2954 1149 2987 ι
1174 2935 1276 2989 Τὸν
1311 2936 1407 3007 μὲν
1449 2930 1541 2989 οὖν
1574 2935 1783 3007 πατέρα
1826 2936 1919 2989 καὶ

343 3024 675 3096 δημιουργὸν
713 3024 866 3078 τοῦδε
909 3025 1002 3079 τοῦ
1049 3026 1245 3090 παντὸς
1290 3028 1470 3099 εὑρεῖν
1508 3044 1568 3080 τε
1611 3026 1792 3099 ἔργον,
1825 3028 1920 3082 καὶ

340 3115 578 3188 εὑρόντα
608 3119 690 3180 εἰς
720 3117 930 3182 πάντας
950 3116 1207 3171 ἀδύνατον
1239 3117 1435 3187 λέγειν.
1476 3137 1497 3171 ι
1535 3118 1693 3172 Ἀλλά
1726 3119 1917 3191 ἐκείνῳ
1943 3143 1987 3204 C

346 3209 449 3279 μὲν
479 3208 577 3263 καὶ
606 3208 765 3280 ἔργον
795 3209 974 3281 εὑρεῖν
1013 3209 1186 3263 ἐδόκει
1217 3209 1279 3263 τὸ
1321 3212 1571 3282 πρᾶγμα,
1618 3211 1714 3265 καὶ
1743 3207 1812 3283 ἦν
1840 3212 1917 3276 ὡς

342 3299 563 3370 άληθῶς
599 3300 855 3371 μέγιστον
878 3317 894 3333 ⁸
930 3301 1188 3356 άδὺνατον
1227 3302 1285 3356 δὲ
1314 3300 1383 3373 ἦν
1413 3302 1561 3373 αὑτῷ
1612 3303 1788 3373 λέγειν
1837 3307 1917 3368 είς

344 3385 576 3449 πάντας,
604 3388 686 3440 ὅτι
721 3386 796 3459 μὴ
828 3390 1005 3459 παρῆν
1049 3388 1197 3461 αὑτῷ
1240 3389 1474 3461 τοσαύτη
1511 3408 1594 3455 τις
1637 3392 1917 3459 εὐσεϐείας

340 3477 593 3547 δύναμις,
626 3479 727 3550 ὅση
756 3482 868 3543 τοῖς
898 3479 1072 3552 Ἰησοῦ
1142 3480 1428 3551 μαθηταῖς,
1463 3476 1542 3545 οἷς
1573 3481 1661 3535 διὰ
1692 3482 1791 3553 τῆς
1822 3482 1916 3536 τοῦ

340 3569 675 3623 Διδασκάλου
726 3571 1009 3642 συνεργίας
1063 3572 1155 3625 τὸν
1192 3572 1405 3644 πατέρα
1453 3573 1549 3627 καὶ
1590 3573 1917 3646 δημιουργὸν

340 3660 454 3713 τῶν
483 3660 620 3716 ὅλων
652 3663 833 3733 εὑρεῖν
861 3678 920 3715 τε
952 3661 1047 3716 καὶ
1095 3662 1299 3731 γνῶναι
1343 3663 1524 3735 ῥᾴδιον
1566 3664 1776 3733 γέγονε,
1824 3668 1919 3720 καὶ⁹

340 3753 601 3824 εὑροῦσιν
630 3755 709 3815 εἰς
731 3755 838 3808 πᾶν
859 3753 1013 3823 γένος
1031 3753 1332 3824 ἀνθρώπων
1363 3752 1687 3824 ἐξενεγκεῖν,
1721 3757 1917 3810 ἀνακα-

341 3845 509 3915 λὺψαι
558 3862 620 3899 τε
663 3846 756 3898 καὶ⁸
800 3846 1103 3917 πληρῶσαι,
1151 3848 1247 3902 καὶ
1303 3845 1537 3918 κηρύξαι
1590 3846 1687 3918 τὴν
1718 3847 1916 3916 γνῶσιν

342 3938 533 3997 πᾶσιν,
567 3934 707 3989 ὥστε
739 3938 804 3990 ἐκ
832 3936 929 4008 τῆς
960 3938 1138 3990 αὑτῶν
1169 3939 1391 3992 ἐκείνων
1434 3936 1777 4002 διδασκαλίας
1803 3942 1916 3993 είσ-

334 4027 425 4080 έτι
468 4026 565 4080 νῦν
606 4026 747 4080 κατὰ
788 4027 880 4082 τὸν
927 4029 1168 4100 παρόντα
1210 4029 1404 4103 καιρὸν
1425 4032 1484 4082 ἐν
1511 4028 1652 4092 ὅλοις
1682 4033 1793 4093 τοῖς
1825 4033 1917 4086 ἐπὶ

343 4122 451 4192 γῆς
471 4120 649 4174 ἔθνεσι
683 4120 850 4192 μυρία
880 4119 1056 4193 πλήθη
1088 4122 1149 4174 οὑ
1194 4122 1351 4193 μόνον
1395 4122 1622 4194 ἀνδρῶν,
1655 4123 1790 4179 ἀλλὰ
1822 4126 1916 4178 καὶ

343 4212 643 4281 γυναικῶν,
675 4214 769 4266 καὶ
804 4211 1027 4278 παίδων,
1053 4212 1274 4267 οίκετῶν
1303 4229 1363 4266 τε
1388 4214 1483 4267 καὶ
1513 4215 1804 4287 ἀγροίκων,
1828 4234 1916 4269 το-

342 4304 538 4359 σοῦτον
565 4303 645 4375 τῷ
673 4302 767 4357 τοῦ
799 4303 1081 4368 Πλάτωνος
1116 4304 1189 4376 μὴ
1210 4304 1509 4372 πείθεσθαι,
1543 4307 1619 4372 ὡς
1648 4308 1740 4362 τὸν
1768 4326 1916 4380 ποιη-

337 4398 440 4470 τὴν
492 4398 587 4452 καὶ
635 4397 961 4468 δημιουργὸν
1001 4396 1152 4452 τοῦδε
1190 4397 1284 4452 τοῦ
1327 4400 1524 4464 παντὸς
1568 4400 1725 4471 μόνον
1781 4401 1912 4455 Θεὸν

337 4488 652 4560 γνωρίζειν,
673 4488 768 4541 καὶ
797 4488 955 4559 μόνον
987 4489 1184 4554 σέϐειν,
1217 4491 1312 4543 καὶ
1343 4491 1502 4562 μόνον
1531 4491 1620 4546 διὰ
1649 4492 1744 4545 τοῦ
1777 4492 1911 4566 Χρι-
1939 4472 1987 4528 Ῐ)

340 4580 472 4634 στοῦ
517 4578 803 4648 θεολογεῖν.
853 4578 1016 4633 Ταῦτ’
1056 4576 1125 4653 ἦν
1155 4581 1248 4635 τοῦ
1284 4581 1403 4636 νέου
1436 4583 1530 4637 καὶ
1561 4584 1744 4638 καινοῦ
1781 4585 1911 4657 γόη-

336 4689 432 4734 τος
462 4670 534 4725 τά
563 4670 981 4742 κατορθώματα·
1014 4672 1237 4725 τοιαῦτα
1266 4673 1360 4725 τοῦ
1392 4672 1743 4745 νομιζομένου
1775 4676 1909 4729 πλά-

337 4781 435 4818 νου
461 4763 532 4816 τά
561 4762 927 4834 γοητεύματα·
964 4763 1059 4817 καὶ
1088 4764 1278 4817 τοιοίδε
1314 4766 1361 4817 οἱ
1392 4765 1487 4818 τοῦ
1525 4766 1698 4837 Ἰησοῦ
1738 4768 1910 4839 μαθη-

335 4858 447 4915 ταὶ,
465 4857 557 4927 ἀφ’
573 4849 647 4911 ὧν
662 4856 743 4909 δεῖ
754 4855 844 4909 τὸν
858 4852 1176 4909 διδάσκαλον
1189 4856 1388 4920 ὁποῖός,
1402 4873 1484 4919 τις
1502 4852 1571 4928 ἦν
1585 4906 1589 4911 ,
1604 4856 1905 4930 γνωρίζειν.

2036 553 2350 611 turbatione
2395 556 2785 614 invulneratam
2817 570 3170 629 conservent;
3200 563 3291 633 qui
3314 579 3437 618 cum
3479 581 3597 619 om-

2033 662 2156 701 nem
2188 663 2343 703 suam
2371 652 2536 705 vitam
2570 666 2745 721 usque
2779 651 2845 706 ad
2874 663 3205 710 senectutem
3236 656 3599 715 continentis-

2032 739 2170 794 sime
2194 742 2427 811 egerint,
2457 741 2819 799 institutionis
2848 759 2969 813 qua:
2996 744 3064 799 de
3104 746 3286 801 verbis
3319 747 3466 802 illius
3492 751 3597 803 ba-

2031 827 2148 883 beri
2170 832 2361 894 soleat,
2387 834 2691 890 certissima
2720 845 3032 904 argumenta
3056 845 3316 907 praestare
3339 847 3592 908 possunt.

2029 918 2215 991 Neque
2255 923 2358 978 viri
2411 926 2588 980 solum
2630 928 2732 981 sub
2769 928 2863 981 illo
2894 930 3034 983 duce
3082 929 3149 984 ad
3180 930 3326 987 hunc
3368 933 3593 987 modum

2029 1013 2501 1086 philosOpbantur,
2545 1019 2640 1074 sed
2689 1019 3010 1075 feminarum
3051 1038 3267 1093 quoque
3300 1030 3379 1079 ιοι
3421 1026 3592 1080 millia

2029 1120 2128 1175 per
2156 1115 2329 1162 totum
2358 1110 2568 1175 orbem,
2615 1118 2675 1165 ut
2706 1127 2869 1182 quam
2899 1114 3068 1166 multa
3103 1114 3214 1168 sint
3255 1129 3365 1168 non
3402 1115 3593 1171 dicen-

2028 1196 2156 1251 dum
2186 1214 2307 1255 esse
2339 1200 2606 1265 videatur,
2637 1217 2758 1272 quae
2801 1204 2958 1273 quasi
3000 1204 3247 1274 quaadam
3278 1207 3589 1264 sacerdotes

2028 1288 2197 1345 Deum
2218 1291 2455 1348 universi
2480 1294 2742 1360 colentes,
2756 1296 3588 1367 supremamquephilosopbiam

2026 1381 2307 1450 amplexae,
2357 1388 2521 1450 atque
2572 1397 2758 1437 amore
2798 1384 3040 1440 caelestis
3084 1387 3362 1455 sapientiae
3395 1399 3587 1458 captae,

2024 1467 2194 1536 prolis
2226 1467 2445 1536 quidem
2488 1485 2552 1524 ac
2597 1470 2914 1537 liberorum,
2960 1482 3144 1544 utpote
3173 1477 3265 1545 qui
3290 1477 3357 1531 ad
3390 1494 3589 1549 corpus

2025 1556 2354 1626 pertineant,
2388 1560 2593 1614 nullam
2631 1561 2834 1617 habent
2876 1565 3162 1629 rationem,
3191 1567 3427 1623 animam
3458 1585 3590 1626 vero

2025 1648 2171 1700 omni
2193 1648 2473 1719 diligentia
2500 1664 2773 1716 curantes,
2802 1661 2944 1710 totas
2972 1657 3183 1728 seipsas
3208 1658 3327 1728 ipso
3358 1674 3588 1731 corpore

2026 1745 2190 1807 atque
2210 1739 2412 1804 animo,
2446 1742 2560 1811 regi
2589 1745 2833 1798 omnium
2863 1747 3210 1818 universique
3238 1748 3347 1805 Deo
3368 1750 3585 1808 dedica-

1955 1814 1997 1870 Β
2027 1840 2181 1897 runt,
2211 1839 2273 1885 ut
2303 1832 2384 1887 sic
2418 1833 2631 1904 integra
2661 1844 3026 1909 perpetuaque
3054 1814 3306 1899 castitate
3331 1860 3395 1898 ac
3424 1846 3585 1916 virgi-

2022 1922 2189 1977 nitate
2216 1922 2531 1994 l‘ungantur.
2574 1927 2636 1981 Et
2664 1925 2836 1983 Graeci
2886 1931 3104 2000 quidem
3145 1948 3271 1988 eum
3313 1937 3407 2008 qui
3453 1938 3581 1992 olim

2015 2014 2317 2085 iactatione
2350 2018 2706 2089 philosophia:
2736 2024 3011 2093 regionem
3050 2041 3205 2081 suam
3236 2027 3306 2082 ab
3332 2029 3583 2086 hostibus

2021 2106 2401 2178 dep0pulatam
2435 2120 2597 2183 atque
2647 2123 2912 2169 vastatam
2961 2119 3196 2189 reliquit,
3245 2123 3426 2179 verbis
3473 2125 3583 2180 huc

2020 2206 2182 2270 atque
2211 2202 2340 2256 illuc
2365 2204 2760 2262 circumferunt
2786 2218 2946 2279 atque
2973 2214 3258 2269 extollunt.
3306 2214 3583 2273 Democri-

2023 2297 2114 2345 tus
2151 2291 2242 2347 hic
2273 2302 2358 2349 est
2390 2295 2532 2365 apud
2558 2296 2702 2361 illos,
2733 2306 2788 2354 et
2809 2299 3000 2357 Crates
3024 2318 3166 2359 unus
3188 2306 3327 2375 apud
3359 2307 3579 2364 eosdem

2020 2380 2382 2438 admiratione
2411 2383 2609 2453 dignus
2637 2394 2880 2456 putatur,
2914 2391 3078 2459 quod,
3115 2408 3175 2447 re
3205 2408 3300 2447 sua
3325 2394 3578 2452 familiari

2017 2467 2233 2525 civibus
2276 2471 2395 2525 suis
2426 2474 2638 2539 relicta,
2680 2476 2798 2545 ipse
2823 2478 3064 2548 seipsum
3089 2480 3281 2538 Crates
3306 2484 3578 2541 Cratetem

2019 2558 2076 2614 in
2112 2560 2419 2617 libertatem
2447 2563 2755 2623 vindicasse
2780 2567 3086 2637 iactaverit.
3111 2572 3180 2627 At
3204 2574 3347 2629 enim
3384 2577 3578 2633 verbo-

2019 2665 2144 2706 rum
2187 2650 2317 2709 Jesu
2355 2657 2700 2715 aemulatores
2756 2660 3204 2730 innumerabiles,
3241 2682 3349 2721 non
3398 2678 3578 2725 autem

2019 2761 2163 2801 unus
2185 2746 2448 2804 duntaxat
2477 2750 2699 2819 alterve,
2729 2752 3029 2810 divenditas
3049 2759 3424 2825 possessiones
3445 2774 3581 2831 pau-

2017 2840 2239 2909 peribus
2284 2852 2445 2912 atque
2488 2842 2857 2913 indigentibus
2909 2846 3338 2917 impertiverunt,
3376 2850 3578 2922 quibus

2016 2928 2179 2982 etiam
2219 2942 2320 2984 nos
2349 2936 2519 2984 testes
2559 2930 2843 2996 adsumus,
2869 2934 2963 3003 qni
2990 2934 3190 2990 versati
3224 2951 3412 2991 sumus
3451 2951 3576 2992 cum

2016 3020 2239 3085 talibus,
2269 3021 2472 3093 quique
2496 3021 2679 3089 factis,
2708 3023 2907 3081 nedum
2938 3027 3137 3091 verbis,
3161 3042 3348 3083 eorum
3374 3027 3575 3084 ollicio-

2018 3124 2142 3165 rum
2162 3110 2291 3166 facti
2311 3113 2539 3181 conscii,
2561 3130 2683 3183 qua:
2715 3115 2792 3169 illi
2822 3115 2876 3169 in
2900 3114 3029 3171 Jesu
3057 3116 3344 3187 disciplina
3365 3118 3577 3188 praesti-

2019 3202 2202 3257 terint.
2222 3200 2490 3258 Caterum
2519 3202 2650 3274 quid
2667 3220 2753 3260 me
2772 3214 2983 3275 oportet
3001 3205 3202 3272 dicere,
3222 3223 3385 3279 quam
3405 3209 3577 3264 multa

2016 3292 2187 3348 millia
2208 3293 2370 3349 etiam
2395 3293 2679 3350 hominum
2703 3295 3075 3366 barbarorum,
3105 3314 3213 3354 non
3239 3299 3400 3354 modo
3426 3298 3576 3356 Grae-

2016 3398 2227 3449 corum,
2259 3400 2324 3440 ex
2368 3386 2654 3457 praaceptis
2688 3386 2817 3443 Iesu
2862 3404 3076 3444 omnem
3118 3390 3331 3446 colendi
3373 3392 3579 3449 multos

2016 3475 2147 3532 deos
2173 3491 2416 3532 errorem
2444 3478 2805 3534 transilierint
2824 3488 2984 3550 atque
3004 3480 3372 3551 despexerint,
3398 3492 3451 3538 et
3473 3483 3577 3538 hu-

2011 3567 2104 3639 jus
2136 3570 2378 3625 universi
2408 3580 2685 3640 parentem
2720 3580 2879 3642 atque
2904 3572 3152 3642 opiﬁcem
3192 3572 3363 3629 Deum
3404 3590 3576 3630 unum

2016 3676 2077 3717 se
2100 3676 2396 3732 agnoscere
2407 3660 2791 3717 allirmaverint
2806 3662 2829 3716 ?
2846 3662 3016 3730 Quem
3037 3666 3382 3735 antiquorum
3402 3665 3579 3734 philo-

2015 3752 2311 3822 sophorum
2336 3752 2427 3807 vix
2449 3768 2592 3810 unus
2616 3751 2771 3810 Plato
2798 3769 2921 3810 cum
2944 3757 3307 3826 cognovisset,
3338 3773 3447 3812 non
3475 3771 3577 3814 au-

2015 3839 2143 3897 dere
2172 3857 2233 3898 se
2263 3841 2456 3897 ell'erre
2480 3843 2535 3897 in
2558 3858 2748 3899 omnes
2772 3845 2949 3914 palam
2971 3844 3252 3917 professus
3277 3854 3382 3912 est,
3415 3846 3576 3917 plane

2017 3933 2314 3995 aﬂirmans.
2353 3951 2372 3985 ι
2412 3942 2689 4004 parentem
2726 3936 2942 4006 quidem
2981 3944 3143 4006 atque
3173 3936 3421 4007 Opificem
3451 3937 3575 3994 uni-

2013 4026 2159 4080 versi
2172 4024 2353 4095 hujus,
2365 4033 2417 4080 et
2431 4026 2672 4081 invenire
2686 4026 2900 4082 dilﬁcile
2914 4042 3053 4091 esse,
3070 4039 3260 4085 etcum
3277 4029 3571 4096 inveneris,

2014 4118 2169 4189 prodi
2185 4119 2239 4172 in
2260 4120 2451 4189 vulgus
2462 4135 2570 4174 non
2588 4134 2770 4189 posse.
2782 4136 2799 4168 ι
2811 4119 3011 4176 Verum
3036 4122 3109 4176 illi
3133 4122 3347 4192 quidem
3361 4135 3414 4179 et
3425 4125 3575 4181 inve-

2014 4209 2133 4264 nire
2159 4208 2390 4265 diﬁicilis
2405 4210 2523 4265 visa
2550 4219 2635 4264 est
2654 4225 2742 4264 res
2772 4216 2826 4263 et
2868 4226 3056 4265 revera
3086 4210 3275 4282 ingens
3300 4216 3572 4284 negotium

2013 4305 2202 4360 est.At
2239 4318 2370 4360 vero
2412 4302 2554 4359 idem
2583 4302 2859 4373 publicare
2880 4303 2935 4356 in
2953 4316 3161 4367 omnes,
3184 4304 3575 4376 enuntiareque

2019 4398 2293 4470 130nm
2310 4399 2503 4469 potuit,
2519 4403 2805 4466 propterea
2820 4395 2965 4467 quod
2982 4411 3089 4450 non
3102 4403 3254 4450 tanta
3272 4396 3346 4451 illi
3358 4398 3573 4468 pietatis

2012 4507 2140 4563 erga
2162 4491 2330 4546 Deum
2357 4490 2440 4545 vis
2460 4489 2668 4554 aderat,
2683 4497 2884 4559 quanta
2897 4486 3026 4544 Iesu
3044 4488 3346 4560 discipulis,
3375 4491 3574 4560 quibus

2014 4598 2117 4653 ope
2158 4582 2467 4651 auxilioque
2492 4579 2873 4650 praeceptoris,
2902 4588 3181 4649 parentem
3218 4579 3573 4650 opiﬁcemque

2014 4674 2341 4737 universi,et
2371 4672 2635 4735 invenire,
2651 4679 2703 4725 et
2719 4685 3034 4742 agnoscere,
3050 4670 3389 4725 illaboratum
3415 4684 3478 4724 ac
3493 4668 3576 4724 fa-

2014 4770 2117 4825 cile
2129 4766 2353 4837 contigit
2370 4782 2385 4833 ;
2401 4773 2454 4819 et
2471 4773 2756 4835 postquam
2776 4763 3116 4827 invenerunt,
3133 4763 3293 4817 etiam
3310 4759 3498 4816 eﬂ'erre
3516 4760 3574 4816 in

2014 4874 2176 4915 omne
2208 4871 2378 4928 genus
2410 4853 2709 4918 hominum,
2740 4849 3077 4920 prodereque
3108 4857 3161 4903 et
3206 4848 3496 4918 complere,
3521 4858 3575 4903 et

339 4948 559 5018 publice
570 4948 856 5004 enuntiare
875 4947 1125 5003 omnibus
1145 4947 1287 5017 quod
1305 4958 1687 5018 cognoverant,
1709 4952 1843 5006 adeo
1862 4951 2102 5022 quidem,
2122 4956 2179 5003 ut
2200 4964 2265 5004 ex
2288 4946 2502 5001 illorum
2519 4943 2803 5012 disciplina
2822 4957 2994 5013 usque
3017 4941 3071 4995 in
3086 4954 3323 5010 praesens
3338 4945 3573 5009 tempus,

339 5054 441 5109 per
472 5055 663 5097 omnes
710 5054 834 5111 quae
893 5049 1021 5095 sunt
1074 5040 1131 5095 in
1163 5039 1295 5095 orbe
1326 5048 1593 5097 terrarum
1654 5051 1862 5113 gentes,
1898 5050 2203 5099 conventus
2253 5036 2711 5099 innumerabiles,
2760 5050 2869 5088 non
2929 5032 3171 5087 virorum
3221 5032 3428 5094 solum,
3480 5030 3576 5085 sed

340 5134 512 5189 etiam
564 5132 917 5199 feminarum,
956 5141 1009 5189 et
1062 5148 1379 5204 puerorum,
1430 5141 1485 5188 et
1528 5148 1832 5201 servorum,
1864 5143 1918 5191 et
1957 5136 2250 5206 agrestium
2303 5128 2607 5192 hominum,
2673 5133 2882 5180 tantum
2928 5123 3088 5188 absit,
3158 5130 3217 5177 ut
3244 5120 3453 5175 Platoni
3481 5122 3577 5176 ob-

341 5225 645 5296 temperent
673 5232 768 5280 aut
811 5225 1066 5290 credant,
1097 5233 1158 5279 ut
1210 5231 1510 5289 auctorem,
1579 5224 1933 5295 Opiﬁcemque
1970 5222 2209 5280 universi
2239 5219 2427 5289 hujus,
2492 5217 2668 5273 solum
2712 5214 2881 5268 Deum
2919 5219 3235 5314 agnoscant,
3266 5211 3444 5314 solum
3483 5225 3580 5266 co-

342 5322 482 5381 lant,
522 5317 590 5373 de
622 5318 742 5371 solo
768 5332 867 5387 per
907 5314 1209 5378 Christum,
1274 5321 1334 5369 ut
1374 5313 1441 5369 de
1494 5312 1604 5368 Deo
1635 5315 1945 5386 loquantur.
1983 5315 2051 5369 lli
2081 5322 2209 5370 sunt
2240 5311 2368 5368 novi
2401 5308 2564 5378 hujus
2619 5322 2702 5403 ac‘
2731 5305 2966 5403 recentis
2995 5305 3405 5403 praestigiatoris
3452 5317 3577 5403 suc-

343 5419 536 5461 cessus
572 5425 585 5460 :
619 5406 751 5459 talia
783 5405 924 5473 eius,
958 5405 1052 5476 qui
1118 5404 1467 5459 existimatur
1517 5404 1773 5461 seductor
1827 5408 2251 5471 incantamenta,
2318 5401 2559 5471 talesque
2599 5396 2774 5469 ipsius
2806 5394 2934 5452 Jesu
2980 5395 3256 5467 discipuli,
3285 5393 3353 5450 de
3379 5392 3577 5464 quibus

344 5504 647 5567 praeceptor
677 5496 862 5566 qualis
896 5496 1057 5551 fuerit
1083 5496 1339 5566 cognosci
1365 5496 1581 5552 debeat.
2415 5585 2449 5588 η
2845 5581 2860 5588 _
3023 5579 3077 5588 η
3113 5578 3131 5588 _
3470 5575 3483 5588 ,

411 5589 544 5660 Φέρε
576 5588 625 5643 δ’
658 5587 762 5651 ἔτι,
793 5602 889 5639 και
930 5586 1101 5658 ταύτῃ
1126 5587 1217 5639 τὸν
1246 5585 1401 5656 λόγον
1420 5586 1907 5661 διερευνησώμεθα.

2083 5589 2352 5646 Caeterum
2382 5585 2488 5641 alia
2522 5596 2740 5654 quoque
2758 5581 2989 5642 ratione.
3023 5579 3077 5635 id
3099 5578 3167 5635 de
3187 5592 3295 5650 quo
3317 5578 3575 5647 quaeritur

344 5680 515 5753 Γόητα
541 5683 651 5753 φῄς
680 5678 868 5746 αὑτὸν,
894 5673 939 5732 ὦ
979 5670 1152 5743 οὗτοςι
1189 5678 1324 5732 ἀλλὰ
1356 5680 1452 5733 καὶ
1483 5681 1775 5751 φαρμακέα
1802 5682 1910 5735 δει-

2018 5680 2315 5737 videamus.
2353 5675 2808 5747 Pratstigiatorem
2853 5664 2984 5728 satfe
3017 5671 3168 5726 illum
3194 5670 3333 5725 dicis
3357 5668 3525 5723 fuisse
3558 5681 3572 5718 :

346 5774 430 5828 νῦν
462 5775 556 5831 καὶ
581 5770 880 5829 ἀπατεῶνα
923 5769 1124 5837 καλεῖς.
1179 5763 1303 5846 Ἆρ’
1347 5764 1439 5828 οὖν
1491 5770 1703 5846 πρῶτος
1748 5772 1910 5840 αὑτὸς

2018 5771 2311 5843 quinetiam
2336 5767 2641 5827 veneﬁcum
2670 5765 3081 5827 callidissimum
3123 5765 3576 5833 deceptoremque
