4120 6420
568 339 667 395 231

1224 334 1495 392 ausam
1540 333 2026 419 CESARIENSIS
2063 336 2138 394 or

2247 336 2452 395 PARS.
2491 336 2562 395 l1.
2598 369 2675 388 σι·-
2706 338 3207 396 APOLOGETICA.

3723 340 3834 399 232

566 467 753 507 vocas.
787 449 1062 520 Numquid
1098 450 1266 520 igitur
1291 448 1503 520 primus
1532 449 1624 503 ille
1649 459 1704 505 et
1742 449 1895 506 solus
1924 450 2138 519 hujusct

2258 450 2352 504 καὶ
2380 449 2540 521 μόνος
2571 450 2800 525 εὑρετὴς
2830 453 3067 524 κατέστη
3100 451 3196 507 τοῦ
3238 454 3593 524 πράγματοςς
3630 453 3665 525 ἧ
3698 456 3836 510 πάν-

565 543 646 597 rei
693 542 945 595 inventor
975 540 1208 604 exstitit,
1259 554 1329 594 an
1375 552 1508 593 vero
1547 538 1618 594 de
1661 554 1834 605 more,
1878 539 1945 594 ad
1999 543 2149 611 ipsos

564 647 933 705 praceptores
979 634 1134 687 initia
1176 631 1385 688 referre
1420 632 1677 703 oportet?
1703 630 1840 687 Nam
1897 632 1945 689 si
1996 634 2149 689 nullo

566 724 799 780 docente
843 725 959 795 ipse
1004 725 1216 795 primus
1245 726 1506 795 solusque
1546 727 1799 781 inventor
1841 725 2005 795 hujus
2040 726 2149 779 fuit

566 815 816 887 incepti,
849 820 923 872 ita
956 828 1015 872 ut
1057 819 1190 873 nihil
1231 833 1458 890 prorsus
1488 821 1557 875 ab
1586 821 1707 875 aliis
1743 836 1973 890 usquam
2004 820 2148 875 didi-

566 905 727 969 cerit,
760 921 937 976 neque
963 907 1033 961 ab
1067 908 1309 978 antiquis
1340 909 1738 979 compilaverit,
1777 923 1877 964 cur
1914 926 2022 965 non
2059 911 2145 965 di-

564 998 751 1051 vinam
784 997 863 1052 illi
910 1007 1165 1053 naturam
1194 1000 1432 1055 tribuere
1469 1010 1740 1071 oporteat,
1770 1003 1862 1073 qui
1891 1004 2057 1058 nullis
2081 1003 2148 1057 li-

564 1088 703 1155 bris,
725 1089 892 1145 nullis
917 1090 1224 1161 prmeeptis,
1244 1107 1340 1147 seu
1370 1092 1817 1163 praeceptoribus,
1836 1109 1933 1150 sua
1952 1109 2147 1167 sponte

562 1181 794 1237 edoctus
828 1197 925 1252 per
966 1183 1231 1253 seipsum,
1276 1187 1456 1241 omnis
1501 1187 1805 1258 disciplina:
1831 1205 2023 1260 capax,
2059 1200 2146 1245 ta-

564 1272 698 1327 lium
729 1288 916 1328 rerum
948 1275 1208 1331 inventor
1239 1278 1546 1334 exstiterit?
1573 1279 1737 1350 Atqui
1765 1297 1942 1351 neque
1966 1281 2146 1337 sordi-

566 1363 649 1419 da:
675 1365 911 1433 alicujus
943 1368 1098 1432 artis,
1130 1383 1307 1439 neque
1332 1371 1614 1426 rationalis
1635 1373 1941 1444 cujuspiam
1965 1374 2144 1429 scien-

564 1458 672 1521 tite,
704 1473 768 1512 ac
793 1474 863 1514 ne
892 1460 1193 1529 primorum
1224 1461 1445 1531 quidem
1478 1463 1870 1519 elementorum
1892 1464 2140 1535 discipli-

564 1566 692 1604 nam
736 1561 796 1605 ut
847 1553 1139 1623 percipias,
1180 1555 1298 1609 sine
1325 1555 1465 1611 duce
1505 1571 1569 1611 ac
1595 1568 1928 1629 prmeeptore
1959 1560 2142 1631 aliquo

563 1643 679 1699 ﬁeri
717 1653 914 1715 potest,
965 1648 1162 1701 nedum
1204 1663 1269 1702 ea
1312 1666 1433 1719 quae
1482 1660 1733 1705 naturam
1794 1668 2140 1710 communem

563 1748 842 1807 superant.
865 1735 1059 1792 Nullus
1089 1748 1237 1795 certe
1259 1756 1495 1811 unquam
1523 1758 1619 1813 per
1650 1758 1710 1798 se
1737 1744 1932 1800 doctus
1959 1760 2140 1816 gram-

562 1831 776 1885 matica:
798 1839 1101 1900 praeceptor
1129 1832 1287 1887 nobis
1310 1836 1572 1903 occurrit,
1602 1852 1779 1906 neque
1808 1836 2014 1902 rhetor,
2045 1837 2139 1908 qui

564 1935 672 1975 non
704 1920 772 1975 ab
803 1922 988 1990 aliquo
1021 1921 1296 1990 didicerit,
1338 1941 1515 1995 neque
1547 1928 1638 1997 qui
1685 1940 1877 1999 suopte
1922 1929 2140 2001 ingenio

560 2012 809 2069 medicus
845 2014 1100 2078 evaserit,
1158 2031 1335 2085 neque
1394 2019 1961 2091 arcliitectus,'neque
2005 2023 2142 2077 alte-

559 2107 677 2161 rius
708 2108 1011 2178 cujuspiam
1042 2110 1116 2163 rei
1164 2110 1360 2165 artifex
1397 2130 1412 2167 :
1446 2122 1499 2167 et
1546 2113 1659 2168 haec
1693 2115 1909 2185 quidem
1942 2116 2139 2187 exigua

559 2199 745 2253 omnia
773 2208 934 2270 atque
959 2200 1212 2255 humana.
1244 2200 1398 2258 νετω
1419 2213 1598 2259 autem
1629 2207 1847 2276 pietatis
1877 2209 2016 2263 inter
2042 2209 2141 2263 ho-

561 2290 736 2344 mines
762 2290 1064 2354 doctorem,
1114 2290 1296 2347 dicere
1335 2296 1624 2366 praestigiis
1654 2297 1980 2367 quihusdam
2006 2299 2137 2354 talia

560 2381 953 2451 introduxisse,
988 2398 1055 2437 eo
1088 2399 1195 2453 quo
1234 2384 1370 2438 vixit
1413 2395 1678 2457 tempore,
1711 2388 1977 2457 ejusmodi
2012 2406 2139 2461 pro-

559 2474 773 2546 digiosa
821 2475 1272 2547 admirabiliaque
1328 2477 1472 2532 facta
1518 2479 1777 2545 edidisse,
1827 2482 2136 2552 cujusmodi

560 2582 736 2637 nuper
796 2568 901 2638 ipsi
956 2570 1328 2639 exposuimus,
1394 2570 1668 2644 talemque
1734 2573 1886 2629 illum
1945 2584 2138 2645 suapte

564 2657 717 2728 131
754 2667 951 2713 natura
1002 2675 1210 2731 suaque
1261 2668 1457 2731 sponte
1504 2664 1808 2730 exstitisse,
1856 2682 2034 2736 neque
2068 2666 2136 2721 ab

557 2749 800 2821 antiquis
830 2752 1175 2821 compilasse,
1209 2770 1384 2826 neque
1411 2772 1442 2811 a
1473 2757 1628 2813 novis
1671 2759 1949 2829 magistris
1980 2758 2138 2830 adju‘

558 2853 677 2901 tum
722 2846 914 2911 fuisse,
953 2850 1046 2919 qui
1091 2852 1242 2922 paria
1278 2867 1343 2907 ac
1378 2853 1578 2909 similia
1602 2864 1729 2910 ante
1761 2854 1941 2925 ipsum
1972 2871 2132 2911 exer-

558 2938 792 3004 cuerint,
834 2939 964 3010 quid
1013 2941 1183 3007 aliud,
1219 2957 1427 3013 quaeso,
1458 2952 1563 3007 est,
1598 2943 1705 2999 nisi
1749 2944 2034 3000 testiﬁcari
2082 2955 2136 3001 et

559 3030 740 3094 fateri,
780 3030 1024 3086 divinum
1079 3035 1238 3104 plane
1272 3035 1531 3106 quiddam
1582 3037 1774 3102 fuisse,
1806 3051 2134 3107 omnemque

557 3120 842 3175 hominum
887 3132 1138 3178 naturam
1189 3140 1480 3196 superasse
1510 3126 1662 3180 illum
1697 3126 1766 3182 de
1797 3143 1906 3198 quo
1934 3129 2134 3198 quaeri-

557 3213 717 3269 mus?
744 3213 811 3267 At
843 3215 988 3269 enim
1034 3217 1329 3287 magistros
1377 3219 1529 3273 illum
1571 3218 1710 3274 dicis
1743 3219 2000 3275 habuisse
2033 3220 2135 3273 im-

558 3315 827 3378 postores,
845 3324 944 3364 nec
968 3310 1036 3364 ab
1058 3309 1436 3383 Egyptiorum
1468 3312 1738 3383 sapientia
1764 3312 2133 3381 abhorruisse,

558 3414 661 3455 nec
677 3416 797 3470 qua:
818 3401 1035 3457 illorum
1064 3405 1365 3474 antiquitas
1386 3403 1577 3458 habuit
1600 3420 1801 3460 arcana
1829 3406 2132 3474 ignorasse,

557 3506 590 3547 a
621 3493 820 3563 quibus
849 3508 974 3548 cum
1006 3495 1340 3567 collegisset,
1372 3496 1587 3566 qualem
1629 3494 1773 3550 fama
1822 3495 1927 3550 fert
1972 3496 2136 3550 talem

555 3584 822 3643 evasisse.
884 3584 998 3641 Cur
1048 3587 1216 3658 igitur
1255 3588 1348 3643 alii
1407 3588 1543 3643 nulli
1589 3588 1682 3643 illo
1726 3588 2135 3658 prestantiorcs

555 3678 827 3748 magistri,
862 3679 955 3748 qui
987 3686 1043 3733 et
1088 3679 1240 3734 illum
1266 3688 1447 3736 'aetate
1496 3680 1913 3743 antecesserint,
1952 3689 2007 3736 et
2035 3694 2135 3736 sua

556 3767 806 3823 doctrina
852 3770 1210 3835 instituerint,
1242 3779 1336 3826 aut
1388 3771 1445 3827 in
1480 3771 1737 3843 Egypto,
1764 3781 1859 3826 aut
1901 3787 2134 3843 usquam

555 3857 708 3924 alibi,
742 3859 847 3915 visi
880 3861 1043 3915 sunt?
1065 3861 1178 3916 Cur
1205 3862 1371 3934 igitur
1398 3877 1506 3917 non
1539 3862 1607 3918 de
1631 3863 1740 3918 illis
1768 3877 1985 3934 quoque
2009 3871 2137 3920 ante

556 3950 722 4021 hujus
764 3952 1193 4018 accusationem,
1226 3953 1282 4007 in
1315 3969 1508 4009 omnes
1538 3953 1788 4010 homines
1827 3954 1972 4008 fama
2010 3970 2135 4025 per-

554 4041 738 4096 venit?
777 4056 878 4097 cur
913 4058 1023 4097 non
1072 4044 1197 4099 item
1244 4043 1462 4099 illorum
1516 4044 1659 4100 sicut
1717 4046 1890 4100 nostri
1946 4044 2133 4113 hujus,

555 4131 722 4187 etiam
752 4149 899 4190 nunc
928 4133 1102 4205 gloria
1129 4133 1533 4202 canitur?Quis
1558 4150 1687 4191 vero
1710 4151 1950 4206 unquam
1996 4151 2136 4206 pra:-

557 4225 807 4295 stigiator
856 4242 1048 4282 eorum
1088 4227 1183 4297 qui
1236 4227 1463 4292 fuerint,
1498 4243 1566 4283 ex
1601 4242 1710 4298 quo
1755 4243 1848 4283 res
1883 4227 2136 4282 humana:

554 4331 792 4386 coepere,
827 4327 917 4372 aut
942 4318 1085 4389 apud
1119 4319 1406 4383 barbaros,
1437 4326 1531 4372 aut
1556 4319 1699 4390 apud
1725 4319 1969 4383 Graecos,
1997 4319 2134 4374 tales

557 4406 796 4461 instituit
847 4407 1167 4479 discipulos,
1214 4415 1309 4463 aut
1355 4407 1546 4464 talium
1604 4410 1783 4478 legum
1832 4407 2172 4474 taliumque.

2161 3170 2204 3227 C

2248 559 2349 607 τας
2388 559 2491 597 που
2529 544 2669 598 κατὰ
2700 546 2762 598 τὺ
2793 544 3083 598 ἀκόλουθον
3112 548 3194 609 εἰς
3223 544 3573 609 διδασκάλους
3595 547 3837 620 ἀνατέμ-

2250 651 2371 689 πειν
2405 635 2510 709 χρὴ
2551 636 2619 690 τὰ
2654 636 2838 701 αῖτιας
2868 638 2932 690 Εἰ
2957 638 3055 709 μὲν
3079 636 3209 710 γὰρ,
3244 637 3470 709 μηδενὸς
3500 636 3832 707 διδάξαντος,

2248 730 2410 793 αὐτὸς
2439 730 2655 803 πρῶτος
2688 730 2783 783 καὶ
2818 730 2977 801 μόνος
3016 729 3245 802 εὑρετής
3280 729 3470 799 γέγονε
3501 729 3603 800 τῆς
3634 732 3837 802 ἐπιχει-

2251 824 2480 896 ρήσεως,
2521 823 2685 894 μηδὲν
2738 822 3003 895 μηδαμῶς
3036 824 3165 894 παρ’
3212 823 3413 894 ἐτέρων
3450 821 3655 893 μαθὼν,
3695 823 3837 895 μηδὲ

2247 919 2313 970 ἐκ
2343 915 2587 969 παλαιῶν
2606 917 3017 987 ἐρανισάμενος,
3036 919 3153 981 πῶς
3180 918 3239 969 οὐ
3268 915 3417 979 θείας
3447 914 3664 983 φύσεως
3691 914 3837 986 χρῆν

2245 1008 2525 1079 ὁμολογεῖν
2556 1010 2740 1075 αὐτὸν,
2773 1008 2832 1073 ὃς
2856 1004 2923 1080 ἢν
2956 1010 3083 1064 ἄνευ
3123 1008 3341 1080 βίϐλων,
3374 1008 3469 1062 καὶ
3507 1007 3699 1076 λόγων,
3736 1006 3838 1062 καὶ

2245 1101 2603 1164 διδασκάλων,
2651 1102 3049 1166 αὐτοδίδακτος,
3092 1104 3185 1156 καὶ
3223 1099 3534 1171 αὐτομαθὴς
3574 1099 3837 1153 τοιούτων

2246 1194 2589 1267 πραγμάτων
2619 1195 2847 1268 εὑρετὴς
2880 1195 3255 1264 ἀναπέφηνεν;
3291 1194 3400 1247 Καὶ
3435 1192 3540 1264 μήν
3572 1190 3695 1245 οὐτε
3729 1189 3834 1261 βα-

2244 1289 2443 1344 ναύσου
2462 1291 2677 1361 τέχνης,
2699 1288 2823 1343 οὐτε
2856 1287 3078 1359 λογικῆς
3111 1287 3441 1358 ἐπιστήμης,
3474 1283 3594 1337 οὐδέ
3627 1300 3690 1353 γε
3714 1282 3830 1336 τῶν

2245 1383 2476 1455 πρώτων
2511 1382 2789 1453 στοιχείων
2820 1379 2918 1451 τὴν
2955 1379 3189 1451 μάθησιν
3214 1377 3337 1446 δίχα
3367 1373 3602 1447 ποδηγοῦ
3631 1375 3725 1428 καὶ
3748 1375 3834 1430 δι-

2244 1475 2513 1531 δασκάλου
2546 1475 2701 1537 τινὸς
2721 1471 3008 1526 ἀναλαϐεῖν
3051 1471 3293 1534 δυνατὸν,
3330 1469 3405 1543 μὴ
3445 1470 3566 1542 οὐχλ⁵
3588 1469 3685 1542 τὴν
3710 1486 3833 1523 κοι-

2242 1567 2339 1639 νὴν
2372 1566 2713 1638 ἐκϐεϐηκότα
2746 1565 2927 1634 φύσιν.
2956 1564 3148 1628 Οὐδεὶς
3178 1564 3307 1632 γοῦν
3338 1563 3446 1616 τῶν
3484 1562 3701 1617 πώποτε
3730 1563 3831 1617 αὐ-

2239 1658 2545 1722 τοδίδακτος
2585 1660 2717 1730 ἡμῖν
2782 1657 3178 1730 γραμματικῆς
3210 1655 3455 1728 παρῆλθε
3487 1655 3827 1721 διδάσκαλος,

2240 1751 2361 1805 οὐδέ
2382 1767 2448 1820 γε
2478 1751 2660 1822 ῥήτωρ
2684 1749 2757 1821 μή
2788 1746 3145 1820 μεμαθηκὼς,
3168 1747 3289 1800 οὐδὲ
3311 1746 3588 1818 αὐτοφυὴς
3620 1745 3826 1819 ἰατρὸς,

2246 1844 2366 1898 οὐδὲ
2403 1844 2632 1905 τέκτων,
2662 1842 2769 1895 οὐδ’
2806 1842 2996 1913 ἐτέρας
3033 1841 3364 1913 δημιουργὸς
3393 1840 3606 1912 τέχνης.
3633 1840 3828 1894 Καίτοι

2251 1934 2424 2007 μικρά
2450 1933 2625 1988 ταῦτα
2658 1934 2751 1987 καὶ
2772 1932 3102 2005 ἀνθρώπεια.
3139 1931 3211 1985 Τὸ
3228 1932 3284 1984 δὲ
3320 1932 3481 2001 φάναι
3509 1929 3599 1984 τὸν
3617 1929 3830 2003 ἀνθρώ-

2247 2043 2363 2079 πων
2389 2024 2669 2087 εὐσεϐείας
2690 2022 2922 2094 ἀληθοῦς
2946 2020 3265 2075 διδάσκαλον
3294 2020 3516 2074 τοιαῦτα
3554 2019 3830 2091 τεθαυμα-

2244 2117 2580 2189 τουργηκότα
2618 2115 2739 2170 καθ’
2782 2115 2841 2168 ὃν
2896 2114 3159 2184 ἐπεδήμει
3202 2110 3280 2182 τῷ
3319 2112 3418 2183 βίῳ
3467 2113 3679 2184 χρόνον,
3728 2111 3828 2166 καὶ

2245 2212 2498 2275 τοιαύτας
2532 2209 2867 2281 παραδόξους
2909 2206 3192 2279 τερατείας
3228 2206 3585 2277 πεποιηκότα,
3621 2208 3687 2269 ἃς
3725 2207 3828 2277 ἀρ-

2243 2302 2373 2367 τίως
2450 2302 2795 2374 διεξήλθομεν
2824 2341 2840 2365 ,
2915 2303 2980 2355 ἐκ
3050 2299 3144 2353 τοῦ
3214 2299 3522 2369 αὐτομάτου
3582 2296 3826 2352 τοιοῦτον

2245 2395 2431 2466 φῆναι,
2475 2396 2612 2467 μήτε
2657 2396 2806 2465 παρά
2841 2391 3083 2446 παλαιῶν
3131 2389 3549 2463 ἐρανισάμενον,
3600 2391 3723 2461 μήτ’
3757 2391 3827 2444 ἐκ

2244 2488 2379 2543 νέων
2411 2486 2744 2540 διδασκάλων
2808 2483 3194 2555 ὼφελημένον,
3252 2481 3321 2535 τὰ
3364 2482 3523 2553 ὃμοια
3581 2482 3674 2536 καὶ
3716 2480 3825 2553 πρὸ

2243 2580 2408 2639 αὐτοῦ
2454 2580 2833 2649 πεποιηκότων
2858 2617 2873 2643 ,
2905 2576 2956 2630 τί
3002 2576 3188 2648 ἄλλοῆ
3242 2573 3657 2647 μαρτυρούντων
3706 2574 3827 2629 ἐστὶ

2244 2675 2338 2729 καὶ
2361 2672 2765 2745 ὁμολογούντων
2787 2670 2927 2724 θεῖον
2949 2668 3164 2739 ἀληθῶς
3191 2669 3378 2739 χρῆμα
3401 2666 3701 2736 γεγονέναι,
3729 2667 3824 2721 καὶ

2243 2769 2422 2821 πᾶσαν
2467 2764 2754 2837 ἀνθρώπου
2812 2764 2972 2833 φύσιν
3021 2760 3454 2834 ὑπερϐεϐηκέναι
3487 2760 3577 2813 τὸν
3631 2759 3823 2830 δηλού-

2246 2873 2437 2929 μενον;
2483 2855 2643 2909 Ἀλλά
2668 2854 3007 2916 διδασκάλοις
3038 2852 3199 2906 αὐτὸν
3243 2852 3350 2922 φῂς
3391 2850 3819 2923 προσεσχηκέναι

2243 2944 2483 3008 πλάνοις,
2519 2944 2653 3015 μηδέ
2689 2942 2869 2996 λαθεῖν
2899 2941 3060 2995 αὐτὸν
3088 2939 3155 2993 τὰ
3180 2940 3319 3009 σοφά
3347 2939 3456 2993 τῶν
3484 2938 3818 3008 Αἰγυπτίων,

2242 3036 2334 3090 καὶ
2366 3036 2473 3089 τῶν
2503 3035 2670 3089 πάλαι
2706 3035 2835 3105 παρ’
2874 3035 3056 3098 αὐτοῖς
3083 3032 3387 3103 λεγομένων
3415 3031 3483 3084 τὰ
3513 3030 3818 3102 ἀπόρρητα,

2243 3131 2370 3203 παρ’
2402 3124 2477 3183 ὧν
2512 3127 2903 3198 συλλεξάμενον
2921 3166 2935 3189 ,
2984 3126 3151 3193 ἀνδρα
3188 3124 3426 3178 τοιοῦτον
3458 3120 3568 3178 οἷον
3597 3126 3627 3177 ό
3664 3122 3820 3192 λόγος

2238 3221 2583 3293 παρίστησιν,
2615 3218 3018 3289 ἀποδειχθῆναι.
3041 3217 3106 3271 Τί
3136 3217 3272 3288 δῆτα
3298 3211 3413 3281 οὖνς
3436 3211 3473 3288 ἦ
3503 3233 3648 3279 τινες
3673 3215 3821 3270 ἄλλοι

2236 3316 2517 3387 κρείττους
2556 3312 2719 3366 αὐτοῦ
2766 3313 3058 3384 πεφήνασι,
3087 3310 3180 3364 καὶ
3221 3309 3474 3382 πρότεροι
3516 3308 3595 3380 τῷ
3618 3309 3814 3380 χρόνῳ,

2238 3407 2332 3460 καὶ
2368 3403 2531 3460 αὐτοῦ
2580 3403 2923 3466 διδάσκαλοι,
2973 3402 3072 3456 εἴτ’
3102 3403 3190 3454 ἐπ’
3228 3401 3536 3469 Αἰγύπτου,
3569 3400 3670 3453 εἶθ’
3708 3401 3817 3472 ὅπη

2236 3492 2333 3562 δή;
2362 3491 2426 3545 Τί
2455 3487 2547 3545 οὖν
2567 3491 2687 3562 οὐχ).
2712 3491 2980 3545 κάκείνων
3007 3490 3110 3563 πρὸ
3140 3490 3239 3560 τῆς
3265 3489 3453 3543 τούτου
3482 3488 3818 3561 κατηγορίας

2237 3582 2471 3653 ἔφθασεν
2494 3586 2574 3647 είς
2596 3585 2804 3659 πάντας
2829 3582 3149 3655 ἀνθρώπους
3167 3585 3201 3655 ή
3231 3584 3387 3655 φήμη
3410 3599 3424 3648 ;
3451 3582 3484 3654 ἢ
3511 3582 3564 3635 τί
3596 3582 3670 3654 μή
3696 3582 3819 3655 οὐχὶ⁵

2237 3678 2503 3731 κάκείνων
2545 3678 2713 3732 εἰσέτι
2765 3676 2859 3731 νῦν
2900 3677 2962 3729 τὸ
3016 3675 3173 3739 κλέος
3207 3676 3394 3747 ᾄδεται
3439 3674 3518 3745 τῷ
3567 3674 3819 3746 ἡμετέρῳ

2238 3768 2662 3839 παραπλησίως;
2697 3767 2794 3831 Τίς
2822 3766 2879 3821 δὲ
2919 3766 3029 3821 τῶν
3062 3767 3156 3820 ἀπ’
3195 3767 3390 3830 αἰῶνος
3418 3766 3635 3819 πώποτε
3660 3767 3817 3837 γόης,

2238 3857 2513 3931 βάρϐαρος
2556 3858 2590 3929 ἢ
2623 3855 2857 3927 Ἕλλην,
2906 3856 3163 3910 τοιούτων
3201 3856 3441 3928 κατέστη
3498 3855 3817 3919 διδάσκαλος

2236 3950 2524 4022 φοιτητῶν,
2555 3950 2648 4003 καὶ
2683 3949 2940 4004 τοιούτων
2970 3950 3150 4020 νόμων
3179 3951 3271 4004 καὶ
3302 3950 3477 4020 λόγων
3510 3948 3775 4019 αὐθέντης
3798 3985 3814 4013 ,

2234 4041 2361 4096 οἴων
2411 4040 2572 4113 ήτοῦ
2627 4042 2878 4112 Σωτῆρος
2939 4040 3093 4112 ἡμῶν
3142 4041 3502 4095 ἐπιδέδεικται
3551 4039 3812 4109 δύναμιςς

2247 4134 2439 4198 ’ἰάσεις
2457 4133 2513 4187 δὲ
2533 4132 2755 4187 τοσάσδε
2776 4133 2870 4186 καὶ
2891 4133 3226 4206 παραδόξους
3244 4132 3562 4204 εὐεργεσίας
3580 4129 3813 4194 τοιάσδε,

2234 4228 2353 4291 οἵας
2377 4230 2405 4281 ό
2446 4227 2717 4299 ήμέτερος
2757 4225 3070 4297 πεποιηκὼς
3116 4225 3534 4297 μνημονεύεται,
3574 4225 3658 4290 τίς
3697 4222 3813 4277 πώ-

2235 4337 2365 4373 ποτε
2403 4318 2840 4391 διαπραξάμενος
2870 4320 3189 4391 ίστορεῖται;
3214 4317 3368 4382 Τίνος
3395 4318 3451 4371 δὲ
3482 4320 3529 4371 οἱ
3550 4317 3815 4390 γνώριμοι

2236 4414 2327 4467 καὶ
2354 4413 2463 4466 τῶν
2490 4412 2831 4485 πραγμάτων
2856 4413 3142 4476 αὐτόπται,
3160 4412 3247 4466 διὰ
3268 4412 3441 4483 πυρὸς
3465 4411 3561 4465 καὶ
3594 4411 3813 4482 σιδήρου

555 4508 948 4570 praceptorum
979 4508 1173 4555 auctor
1202 4500 1324 4565 fuit,
1352 4501 1597 4572 qualium
1634 4500 1805 4555 fuisse
1834 4498 2131 4553 Salvatons

2240 4503 2461 4574 δοκιμῆς
2487 4503 2586 4574 τήν
2619 4503 2759 4575 ὑπὲρ
2786 4496 2861 4558 ὧν
2878 4502 3263 4576 ἐμαρτύρησαν
3295 4502 3551 4575 ἀλήθειαν
3578 4500 3812 4555 ἐπιστώ-

555 4592 731 4648 nostri
780 4593 955 4648 virtus
1009 4594 1349 4649 ostenditur?
1398 4601 1493 4649 aut
1541 4593 1667 4665 quis
1720 4607 1960 4663 unquam
2021 4599 2132 4646 tam

556 4685 743 4740 multis
772 4684 1019 4748 medelis,
1050 4695 1160 4739 tam
1185 4686 1535 4742 mirabilibus
1560 4684 2133 4755 beneficentiis,quam

555 4776 646 4831 hic
686 4786 874 4832 noster
905 4775 1124 4831 functus
1158 4779 1522 4832 memoratur?
1550 4778 1720 4847 Cujus
1753 4787 1933 4833 autem
1978 4776 2136 4831 fami-

556 4867 721 4924 liares
758 4868 901 4939 ignis
934 4868 1176 4939 ferrique
1203 4870 1527 4939 probatione
1559 4884 1747 4925 earum
1779 4884 1963 4923 rerum
1996 4883 2135 4938 quas

559 4961 985 5017 testiﬁcarentur
1008 4961 1292 5019 veritatem
1324 4962 1399 5016 ita
1429 4962 1847 5027 confirmarunt,
1870 4970 1930 5015 ut
1961 4961 2133 5017 nostri

556 5051 862 5109 Salvatoris
890 5054 1167 5125 discipuli,
1199 5055 1293 5125 qui
1320 5054 1504 5110 omnia
1536 5053 1755 5125 quidem
1791 5054 1991 5126 probra
2013 5069 2134 5124 per-

556 5143 823 5210 tulerunt,
847 5145 1030 5200 omnia
1080 5160 1212 5202 vero
1261 5153 1659 5200 tormentorum
1697 5160 1897 5215 genera
1935 5144 2137 5199 tolera-

558 5241 709 5301 runt,
730 5241 785 5289 et
812 5233 1044 5306 denique
1069 5237 1351 5306 proprium
1378 5236 1700 5306 sanguinem
1727 5234 2055 5298 eﬂuderunt,
2077 5243 2136 5289 ut

557 5343 680 5398 qua:
726 5327 830 5397 ipsi
888 5329 1163 5384 testiﬁcati
1198 5338 1383 5386 essent
1413 5327 1840 5384 conlirmarent?
1868 5326 2135 5382 Prmterea

556 5417 875 5488 quicunque
916 5417 1045 5473 huic
1093 5428 1293 5495 nostra:
1335 5419 1534 5474 rationi
1590 5418 1929 5484 adversatur,
1965 5417 2132 5481 dicat,

557 5523 766 5580 quaaso,
796 5508 922 5579 quis
970 5525 1210 5581 unquam
1261 5512 1624 5581 prmstigiator
1678 5510 1870 5565 saltem
1923 5509 1978 5563 in
2010 5510 2132 5563 ani-

559 5615 707 5656 mum
739 5599 975 5669 induxit,
993 5600 1061 5655 de
1096 5603 1319 5672 proprio
1371 5603 1593 5658 nomine
1650 5614 1710 5656 se
1760 5615 1915 5656 novae
1945 5601 2135 5671 cujus-

558 5690 687 5747 dam
742 5694 921 5764 geutis
969 5693 1260 5749 factionem
1327 5694 1816 5765 comparaturum?
1866 5692 1981 5749 lluc
2035 5707 2136 5747 au-

560 5791 671 5839 tem
720 5783 900 5856 ipsum
956 5782 1267 5856 quempiam
1330 5799 1447 5841 non
1500 5786 1663 5843 modo
1707 5785 2002 5857 cogitasse,
2037 5784 2134 5842 sed

2236 4610 2418 4660 σαντο,
2458 4593 2743 4665 ὡσπεροῦν
2796 4597 2846 4647 οἰ
2893 4594 2986 4648 τοῦ
3047 4595 3296 4666 Σωτῆρος
3347 4592 3504 4665 ήμῶν
3550 4592 3809 4665 μαθηταὶ,

2235 4686 2413 4749 πάσας
2449 4685 2546 4756 μὲν
2592 4686 2775 4750 αἰκίας
2822 4686 3179 4750 ἀνατλάντες,
3216 4686 3395 4750 πάσας
3452 4686 3510 4739 δὲ
3565 4685 3813 4755 βασάνων

2238 4779 2382 4841 ίδέας
2413 4778 2823 4847 ὑπομείναντες,
2848 4780 2941 4832 καὶ
2970 4778 3122 4842 τέλος
3146 4778 3233 4831 διὰ
3267 4774 3361 4831 τοῦ
3398 4777 3527 4832 ἰδίου
3560 4778 3811 4848 αἵματος,

2234 4869 2301 4922 τὰ
2341 4869 2468 4940 περὶ
2495 4868 2657 4922 αὐτοῦ
2694 4870 3114 4942 μαρτυρηθέντα
3142 4871 3329 4934 αὐτοῖς
3376 4870 3811 4941 πιστωσάμενοι;

2238 4961 2359 5012 Ἔτι
2389 4960 2526 5031 πρὸς
2558 4960 2785 5025 τούτοις,
2815 4964 2842 5015 ό
2866 4961 2943 5034 τῷ
2969 4961 3035 5015 δι’
3066 4962 3313 5025 ἐναντίας
3335 4964 3466 5034 ἡμῖν
3502 4961 3644 5034 λόγῳ
3673 4979 3812 5034 παρ-

2236 5053 2521 5124 ιστάμενος
2570 5053 2797 5122 λεγέτω,
2845 5056 2929 5119 τίς
2974 5056 3082 5109 τῶν
3114 5055 3330 5109 πώποτε
3361 5058 3573 5127 γοήτων
3600 5054 3700 5109 κᾶν
3732 5051 3812 5117 είς

2234 5144 2358 5197 νοῦν
2384 5144 2607 5199 ἐϐάλετο
2628 5146 2749 5200 νέου
2784 5145 2971 5211 ἔθνους
3008 5147 3101 5200 ἐπὶ
3131 5148 3318 5216 οἰκείῳ
3353 5148 3576 5217 ὀνόματι
3614 5146 3806 5200 σύστα-

2236 5253 2320 5290 σιν
2344 5237 2699 5309 ποιήσασθαι;
2728 5237 2801 5291 Τὸ
2825 5237 2881 5291 δὲ
2911 5237 2987 5309 μὴ
3017 5238 3173 5309 μόνον
3193 5240 3441 5309 ἐννοῆσαι
3469 5237 3644 5301 τοῦτο,
3676 5238 3808 5291 ἀλλὰ

2234 5332 2329 5383 καὶ
2361 5330 2705 5402 κατορθῶσαι
2732 5330 2792 5384 τὺ
2826 5330 3106 5401 βουληθὲν,
3143 5330 3258 5395 πῶς
3304 5331 3364 5383 οὐ
3393 5332 3574 5384 πᾶσαν
3603 5330 3785 5403 ἀνθρώ

2236 5439 2336 5475 που
2371 5422 2630 5476 καλύπτοι
2680 5421 2747 5475 ἂν
2783 5420 2975 5491 φύσινς
3018 5421 3287 5476 Βασιλέων
3320 5422 3375 5475 δὲ
3421 5422 3672 5493 δόγμασι,
3716 5422 3809 5476 καὶ

2237 5512 2478 5567 παλαιῶν
2510 5513 2832 5583 νομοθετῶν,
2869 5512 3173 5583 φιλοσόφων
3206 5531 3265 5567 τε
3294 5514 3387 5568 καὶ
3431 5513 3688 5585 ποιητῶν,
3717 5511 3812 5565 καὶ

2235 5597 2500 5671 θεολόγων
2522 5602 2583 5667 ἐξ
2610 5602 2855 5666 ἐναντίας
2884 5601 3070 5657 θέσθαι
3089 5602 3287 5674 νόμους
3305 5604 3433 5667 τοὺς
3457 5605 3578 5659 κατ’
3597 5601 3809 5655 εἰδωλο-

2234 5692 2525 5767 λατρείας,
2581 5696 2675 5748 καὶ
2706 5680 2928 5760 τούτους
2980 5695 3281 5768 κρατῦναι.
3326 5698 3569 5767 ἀμάχους
3609 5709 3668 5747 τε
3716 5690 3811 5746 καὶ

2237 5787 2536 5861 ἀηττήτους
2566 5789 2645 5852 εἰς
2687 5788 2896 5863 μακρὸν
2930 5788 3190 5856 ἐπιδεῖξαι
3230 5788 3421 5856 αἰῶνα,
3463 5789 3548 5852 τίς
3590 5784 3808 5840 πώποτε
