4120 6420
275 398 385 452 233

1184 403 1838 462 DEMONSTBATIONIS
1879 405 2345 465 EVANGEIJCA'J
2399 408 2530 466 LlB.
2569 408 2663 467 Ill.

3439 414 3546 474 23$

268 524 489 595 γοήτων
521 522 888 595 διανενόηταις
930 524 990 579 '0
1021 527 1078 581 δὲ
1101 528 1296 601 Σωτὴρ
1327 529 1422 583 καὶ
1463 528 1668 600 Κύριος
1694 502 1842 601 ’ήμῶε

1968 534 2131 589 etiam
2162 532 2460 603 perfecisse
2501 550 2603 590 suo
2637 532 2928 601 arbitratu,
2967 552 3066 591 cur
3095 551 3204 591 non
3234 543 3403 591 totam
3446 538 3547 592 ho-

266 619 371 671 οὐκ
400 619 659 691 ἐνενόησε
693 621 813 691 μὲν,
842 622 902 675 οὐ
931 623 1236 694 τετόλμηκε
1260 624 1317 678 δὲ
1343 626 1718 698 ἐπιχειρῆσαιο
1742 626 1857 681 ἀλλ’

266 712 390 765 οὐδὲ
412 713 744 786 ἐπεχείρησε
772 715 893 787 μὲν,
919 717 978 770 ού
1003 717 1329 789 κατώρθωσε
1357 718 1415 771 δέ
1431 735 1444 749 ·
1469 720 1549 771 ἑνὶ
1574 720 1631 774 δὲ
1655 722 1859 791 ῥήματι

271 805 366 856 καὶ
417 807 523 876 μιᾷ
567 810 718 878 φωνῇ
759 809 938 879 φήσας
972 808 1103 879 πρὸς
1158 811 1284 874 τοὺς
1334 811 1528 865 ἑαυτοῦ
1572 810 1854 883 μαθητάςο

276 913 295 946 ι
330 896 705 968 Πορευθέντες
758 897 1135 969 μαθητεύσατε
1184 900 1365 955 πάντα
1407 901 1473 955 τὰ
1512 901 1636 975 ἔθνη
1679 904 1737 956 ὲν
1781 902 1859 975 τῷ

263 987 499 1057 ὀνόματί
534 1006 673 1060 μου,
710 988 1053 1055 διδάσκοντες
1085 993 1281 1057 αὐτοὺς
1311 996 1501 1063 τηρεῖν
1542 996 1716 1049 πάντα
1757 996 1859 1049 ὅσα

264 1080 632 1152 ἐνετειλάμην
673 1082 820 1153 ὑμῖν,
849 1101 868 1134 ι
918 1082 1077 1155 ἔργον
1110 1085 1282 1157 ἐπῆγε
1326 1086 1405 1156 τῷ
1445 1087 1609 1158 λόγῳ,
1659 1087 1858 1142 αὐτίκα

261 1188 325 1224 τε
364 1172 744 1244 ἑμαθητεύετο
774 1177 832 1230 ὲν
874 1176 1040 1249 ὀλίγῳ
1077 1179 1185 1231 πᾶν
1217 1179 1374 1247 γένος
1406 1180 1671 1253 Ἑλλήνων
1719 1180 1856 1252 ὁμοῦ

261 1266 360 1319 καὶ
396 1266 727 1341 βαρϐάρων,
777 1270 873 1324 καὶ
923 1269 1078 1341 νόμοι
1124 1273 1259 1325 πᾶσι
1307 1276 1419 1338 τοῖς
1460 1273 1641 1328 ἔθνεσι
1699 1291 1858 1329 κατε-

264 1358 591 1429 σπείροντο,
638 1360 869 1415 ἐναντίοι
908 1362 974 1433 τῇ
1009 1361 1120 1418 τῶν
1156 1363 1402 1419 παλαιῶν
1430 1366 1851 1439 δεισιδαιμονίᾳο

262 1448 424 1519 νόμοι
456 1452 730 1524 δαιμόνων
771 1454 1019 1527 πολέμιοι
1046 1458 1141 1511 καὶ
1168 1461 1349 1529 πάσης
1376 1457 1560 1531 ἐχθροὶ
1594 1458 1853 1513 πολυθέου

264 1540 481 1614 πλάνης
506 1559 522 1573 ·
555 1543 707 1615 νόμοι
741 1544 985 1611 Σκυθῶν,
1013 1548 1110 1603 καὶ
1140 1546 1387 1620 Περσῶν,
1420 1549 1515 1603 καὶ
1542 1547 1651 1602 τῶν
1680 1549 1856 1605 ἄλλων

264 1630 567 1707 βαρϐάρων
594 1638 976 1710 σωφρονισταὶ,
1006 1640 1398 1713 ἀποτρεπτικοί
1437 1658 1500 1694 τε
1540 1641 1723 1714 πάσης
1759 1643 1854 1696 ὲκ-

262 1724 474 1798 θέσμου
509 1731 606 1782 καὶ
631 1729 930 1802 θηριώδους
949 1732 1162 1805 διαίτης
1185 1750 1199 1764 ·
1236 1733 1389 1806 νόμοι
1423 1733 1535 1788 τῶν
1566 1733 1626 1800 ἐξ
1657 1734 1853 1799 αἰῶνος

262 1819 397 1891 παρ’
427 1821 618 1887 αὐτοῖς
651 1822 906 1895 Ἕλλησιν
936 1824 1074 1879 ὲθῶν
1123 1825 1534 1897 ἀνατρεπτικοὶ,
1568 1824 1764 1896 καινῆς
1794 1825 1851 1879 δὲ

270 1910 359 1965 (αὶ
388 1910 629 1983 ἀληθοῦς
672 1914 950 1980 εὐσεϐείας
996 1916 1435 1986 καταγγελτικοί.
1478 1917 1545 1971 Τί
1584 1918 1719 1991 δῆτα
1760 1913 1853 1973 οὖν

262 2007 376 2069 τοῖς
406 2006 583 2061 πάλαι
612 2008 769 2079 γόησι
806 2009 911 2082 πρὸ
942 2008 1051 2063 τῶν
1080 2009 1172 2064 τοῦ
1209 2010 1383 2081 Ἰησοῦ
1430 2011 1656 2081 χρόνων,
1682 2010 1716 2082 ἢ
1757 2012 1853 2065 καὶ

264 2096 406 2167 μετὰ
432 2098 612 2152 ταῦτα
633 2098 892 2165 τοιοῦτον,
915 2099 948 2171 ἤ
972 2100 1066 2154 καὶ
1092 2098 1475 2172 παραπλήσιον
1499 2099 1848 2171 τετόλμηται,

261 2190 338 2252 ὡς
360 2191 594 2255 εἰκότως
627 2192 791 2261 φάναι
822 2192 985 2247 αὑτὸν
1025 2192 1154 2264 παρ’
1192 2192 1395 2263 ἐτέρων
1419 2191 1735 2263 ὠφελῆσθαι
1780 2191 1850 2247 τὰ

257 2282 360 2351 τῆς
384 2284 679 2355 γοητείαςς
720 2286 784 2339 Ei
815 2285 859 2339 δ’
901 2286 1090 2340 οὐδένα
1119 2287 1184 2341 ἄν
1215 2302 1298 2350 τις
1340 2285 1454 2355 ἔχοι
1494 2284 1673 2354 λέγειν
1702 2284 1851 2357 αὐτῷ

257 2375 549 2444 γεγονέναι
595 2377 779 2449 δμοιον
816 2377 1028 2448 (οὐδεὶς
1064 2378 1173 2451 γὰρ
1210 2374 1279 2449 ἦν
1337 2375 1489 2449 αὑτῷ
1532 2377 1705 2442 αἴτιος
1749 2378 1850 2450 τῆς

257 2469 535 2540 τοσαύτης
566 2470 768 2542 ἀρετῆς
791 2471 832 2541 ),
866 2470 985 2543 ὥρα
1032 2470 1324 2543 τοιγαροῦν
1360 2471 1642 2544 ὁμολογεῖν
1691 2472 1848 2545 ξένην

254 2560 383 2615 τινὰ
410 2562 510 2615 καὶ
540 2562 691 2617 θείαν
716 2563 876 2632 φύσιν
901 2563 1359 2635 ἐπιδεδημηκέναι
1378 2562 1457 2635 τῷ
1495 2564 1616 2636 βίῳ,
1647 2558 1682 2640 ᾖ
1708 2565 1846 2638 μόνῃ

258 2653 357 2705 καί
390 2651 592 2727 πρώτῃ
621 2653 690 2709 τὰ
729 2653 1091 2727 μηδεπώποτε
1126 2656 1258 2728 παρ’
1297 2654 1605 2729 ἀνθρώποις
1641 2674 1851 2729 μνημο-

256 2742 522 2796 νευθέντα
541 2743 919 2818 κατώρθωται.
948 2745 1106 2802 Ἀλλὰ
1137 2748 1229 2801 καὶ
1247 2747 1422 2803 ταῦτα
1447 2748 1548 2820 μὲν
1571 2742 1673 2803 ὧδε
1698 2748 1850 2813 τέλος

254 2832 457 2904 ἐχέτω.

1963 626 2130 681 minis
2193 633 2443 681 naturam
2494 626 2753 699 effugiat?
2788 627 3029 685 Decretis
3082 644 3211 684 vero
3242 636 3297 684 ct
3330 643 3542 700 regum,

1960 723 2016 771 et
2052 732 2241 772 eorum
2292 718 2385 788 qui
2431 719 2578 792 leges
2627 718 2843 791 priscas
2880 720 3245 785 condiderint,
3278 728 3335 776 et
3366 719 3547 792 philo-

1960 809 2280 880 s0pborum,
2314 819 2369 866 et
2396 807 2704 881 poetarum,
2734 818 2789 867 et
2820 811 3195 883 theologorum
3238 811 3545 867 contrarias

1958 900 2106 971 leges
2135 916 2356 971 ponere,
2385 918 2507 973 qua:
2527 903 2950 960 simulacrorum
2973 904 3179 960 cultum
3205 912 3542 977 oppugnent.

1959 1009 2188 1065 quaeque
2222 995 2368 1066 quod
2399 997 2589 1052 volunt
2617 996 2922 1065 obtineant,
2952 996 3285 1067 easdemque
3312 997 3546 1071 inexpu-

1957 1086 2226 1157 gnabiles.
2254 1096 2307 1141 et
2337 1087 2570 1144 invictas
2602 1088 2657 1143 in
2688 1096 3012 1159 perpetuum
3040 1088 3545 1162 constituere,quis

1957 1194 2023 1236 ex
2062 1180 2319 1237 omnibus
2368 1182 2462 1252 qui
2508 1197 2750 1253 unquam
2801 1182 3025 1246 fuerint,
3055 1181 3423 1254 praestigiator
3448 1196 3545 1238 co-

1956 1273 2185 1345 gitavit?
2212 1275 2281 1328 At
2327 1274 2475 1331 enim
2529 1273 2782 1329 Salvator
2813 1290 2878 1330 ac
2921 1273 3187 1331 Dominus
3217 1280 3565 1343 nosternon

1956 1365 2040 1423 sic
2073 1365 2292 1437 quidem
2335 1366 2596 1437 cogitavit
2624 1366 2748 1429 hoc,
2785 1375 2845 1421 ut
2868 1374 3060 1438 postea
3090 1366 3312 1438 aggredi
3335 1380 3446 1424 non
3472 1368 3547 1425 sit

1957 1472 2160 1524 ausus;
2192 1472 2371 1528 neque
2397 1472 2528 1513 vero
2555 1459 2637 1512 sic
2664 1472 2957 1529 aggressus
2985 1463 3090 1525 est,
3116 1467 3177 1514 ut
3213 1465 3403 1531 postea
3429 1473 3544 1516 non

1955 1547 2243 1620 perfecerit
2275 1568 2289 1603 :
2320 1547 2419 1605 sed
2445 1564 2557 1604 uno
2583 1550 2752 1606 verbo
2781 1565 2999 1621 unaque
3029 1564 3161 1605 voce
3205 1565 3331 1606 cum
3364 1550 3542 1609 dixis-

1955 1649 2041 1695 set
2097 1639 2167 1695 ad
2226 1654 2360 1696 suos
2421 1638 2775 1711 discipulos:
2815 1640 2974 1712 132
3031 1660 3051 1693 ι
3105 1639 3204 1707 Ite,
3268 1641 3545 1700 instituite

1954 1746 2147 1787 omnes
2172 1738 2363 1803 gentes
2402 1731 2460 1788 in
2499 1733 2721 1789 nomine
2770 1749 2915 1802 meo,
2957 1734 3220 1791 docentes
3274 1749 3371 1792 eas
3422 1750 3545 1792 ser-

1955 1835 2084 1876 vare
2107 1836 2449 1892 quaecunque
2472 1821 2727 1877 mandavi
2746 1822 2986 1889 vobis”,
3008 1842 3028 1875 ι
3049 1823 3218 1880 verbo
3232 1838 3347 1880 rem
3378 1832 3545 1897 atque

1958 1910 2254 1968 ellicaciam
2316 1910 2519 1983 adjecit
2548 1930 2563 1964 :
2594 1918 2762 1984 atque
2795 1913 3062 1985 evestigio
3102 1914 3156 1969 in
3192 1914 3543 1986 disciplinam

1957 2002 2109 2059 venit
2163 2002 2318 2059 brevi
2373 2010 2622 2074 tempore
2657 2018 2822 2060 omne
2852 2019 3027 2077 genus
3065 2012 3120 2060 et
3144 2004 3460 2063 Graecorum
3488 1999 3546 2064 et

1955 2091 2315 2148 barbarorum
2350 2108 2365 2147 :
2398 2099 2453 2148 et
2499 2093 2648 2164 leges
2678 2095 2734 2149 in
2770 2102 3002 2151 cunctas
3024 2095 3274 2153 nationes
3293 2095 3547 2154 dissemi-

1957 2194 2102 2241 natze
2125 2192 2274 2252 sunt,
2304 2187 2545 2258 antiquae
2558 2187 2939 2259 superstitioni
2961 2189 3318 2247 adversantes
3350 2208 3365 2247 :
3394 2190 3544 2266 leges

1955 2278 2263 2336 dmmonum
2305 2281 2753 2354 oppugnatrices,
2806 2289 2861 2339 et
2907 2283 3089 2339 omnis
3132 2282 3190 2339 in
3239 2284 3542 2340 multorum

1954 2369 2182 2427 deorum
2215 2372 2366 2427 cultu
2405 2372 2614 2429 erroris
2645 2372 2883 2429 inimica:
2909 2392 2924 2429 :
2952 2373 3101 2445 leges
3132 2372 3464 2447 Scytharum
3487 2382 3544 2431 et

1952 2461 2247 2520 Persarum
2274 2471 2330 2520 et
2356 2464 2594 2521 aliorum
2642 2464 3004 2522 barbarorum
3042 2464 3456 2532 moderatrices,
3486 2473 3544 2523 et

1952 2571 2075 2627 qua:
2116 2556 2500 2614 damnaverint
2547 2572 2766 2615 omnem
2822 2557 2893 2614 ab
2920 2558 3071 2614 omni
3123 2558 3249 2630 jure
3299 2558 3541 2616 alierum

1953 2662 2018 2704 ac
2045 2648 2281 2704 ferinum
2309 2649 2513 2705 victum
2539 2667 2554 2704 :
2579 2649 2729 2721 leges
2772 2664 2898 2721 qua
2936 2649 3235 2707 everterint
3279 2664 3541 2721 quaecun-

1953 2758 2061 2815 que
2108 2742 2361 2798 instituta
2410 2741 2703 2799 habuerint
2756 2741 2933 2799 Graeci
2984 2742 3057 2798 ab
3104 2742 3263 2799 initio
3311 2742 3538 2798 humani

1957 2833 2215 2908 generis,
2266 2841 2322 2891 et
2376 2849 2577 2891 novam
2627 2849 2925 2907 veramque
2988 2835 3243 2906 pietatem
3309 2833 3537 2890 induxe-

255 2928 396 2984 rint.
432 2928 548 2985 Cur
600 2932 766 3004 igitur
828 2936 1070 3008 antiquis
1123 2934 1615 3006 praestigiatoribus
1677 2942 1803 2988 ante
1831 2930 1964 2988 Jesu
1992 2939 2262 3003 tempora,
2318 2935 2415 2984 aut
2462 2928 2626 2984 etiam
2671 2935 2817 3000 post,
2879 2927 3017 2983 nihil
3073 2926 3182 2983 tale
3219 2933 3315 2981 aut
3357 2925 3537 2982 simile

256 3020 567 3093 inemptum
596 3035 699 3089 est,
739 3033 797 3079 ut
827 3026 1185 3098 probabiliter
1216 3026 1486 3082 affirmare
1523 3025 1823 3096 possimus,
1845 3024 2000 3078 illum
2031 3022 2103 3078 ab
2131 3021 2255 3079 aliis
2290 3022 2346 3077 in
2380 3022 2449 3079 iis
2501 3037 2625 3094 quae
2683 3020 2750 3076 ad
2783 3020 3087 3092 praestigias
3123 3020 3399 3093 pertinent
3438 3019 3534 3077 ad-

250 3112 444 3182 iutum
483 3115 691 3172 fuisse?
731 3118 886 3186 Quod
917 3121 964 3176 si
1030 3134 1190 3175 nemo
1247 3117 1326 3173 illi
1391 3118 1624 3174 similem
1657 3115 1969 3187 quempiam
1997 3111 2245 3185 proferre
2274 3114 2450 3185 possit
2481 3114 2688 3186 (nullus
2726 3113 2871 3170 enim
2902 3113 2981 3169 illi
3004 3121 3169 3169 tanta:
3198 3122 3393 3169 auctor
3416 3112 3529 3169 vir-

260 3207 450 3277 tutis),
477 3207 591 3277 jam
625 3227 754 3280 ergo
796 3211 1076 3267 fatendum
1106 3213 1198 3278 sit,
1253 3211 1568 3267 inusitatam
1616 3207 1911 3281 quamdam
1954 3205 2307 3278 divinamque
2356 3214 2609 3262 naturam
2664 3207 2811 3263 inter
2868 3206 3120 3263 homines
3166 3220 3290 3261 esse
3334 3220 3524 3262 versa-

252 3303 398 3364 tam,
471 3313 593 3369 quae
649 3300 766 3355 sola
807 3308 861 3356 ct
899 3301 1074 3372 prima
1105 3317 1169 3357 ea
1203 3316 1324 3373 quae
1370 3314 1654 3371 nunquam
1696 3297 1953 3353 humanis
2005 3297 2236 3353 auribus
2296 3298 2485 3353 audita
2522 3298 2655 3364 sint,
2690 3297 3000 3369 perfecerit.
3037 3297 3105 3353 Et
3153 3297 3269 3354 haec
3314 3298 3533 3370 quidem

258 3390 551 3448 hactenus.

328 3484 505 3537 Πάλιν
532 3484 589 3538 δὲ
619 3485 714 3538 ἐπὶ
737 3484 829 3539 τὸν
856 3486 921 3539 δι’
945 3486 1194 3552 ἐναντίας
1231 3487 1391 3552 ίτέον,
1422 3488 1725 3561 ὲρωτητέον
1755 3506 1836 3555 τε,

2013 3486 2171 3544 Nunc
2221 3503 2418 3544 rursus
2478 3488 2874 3544 contradicenti
2938 3490 3256 3547 adversario
3316 3488 3533 3545 obviam

258 3581 445 3633 εἴποτε
472 3579 769 3652 ὀφθαλμοῖς
799 3577 959 3646 οἶδεν,
995 3582 1028 3655 ἢ
1066 3585 1204 3656 ἀκοῇ
1236 3584 1377 3654 ἔγνω
1412 3586 1616 3657 γόητάς
1656 3604 1716 3641 τε
1747 3587 1840 3641 καὶ

258 3671 591 3743 φαρμακέας
617 3673 739 3744 δίχα
767 3674 1006 3730 σπονδῶν
1033 3677 1125 3729 καὶ
1163 3677 1417 3749 θυμάτων
1451 3679 1546 3733 καὶ
1573 3679 1841 3752 δαιμόνων

257 3764 603 3837 ἐπικλήσεως
632 3784 693 3819 τε
716 3766 811 3820 καὶ
839 3769 1140 3840 παρουσίας
1170 3769 1547 3842 γοητεύοντας.
1568 3773 1713 3844 Μήτι
1745 3768 1838 3827 οὖν

256 3859 356 3911 καὶ
407 3858 550 3912 κατὰ
600 3858 693 3912 τοῦ
734 3859 986 3932 Σωτῆρος
1028 3862 1208 3932 ήμῶν,
1257 3863 1291 3934 ἢ
1335 3864 1481 3917 κατὰ
1523 3863 1632 3918 τῶν
1672 3865 1837 3920 αὑτοῦ

254 3948 510 4020 λόγων,ῆ
542 3948 684 4003 κατὰ
712 3949 821 4004 τῶν
862 3950 1031 4005 είσέτι
1069 3951 1166 4005 νῦν
1199 3950 1506 4025 ζηλούντων
1544 3956 1639 4009 τὸν
1670 3956 1836 4010 αὑτοῦ

255 4038 394 4108 βίον,
420 4040 534 4111 ἕχει
567 4058 650 4104 τις
674 4039 928 4111 τοιαύτην
956 4042 1239 4115 ἐπιφέρειν
1270 4044 1555 4118 διαϐολήν;
1582 4048 1718 4119 Οὐχὶ
1744 4049 1838 4102 καὶ

253 4131 442 4202 τυφλῷ
471 4132 647 4203 δῆλον,
675 4131 751 4196 ὡς
788 4133 898 4186 πᾶν
924 4132 1228 4188 τούναντίον
1257 4135 1469 4200 τούτοις
1487 4139 1645 4209 ἡμεῖς
1679 4140 1728 4191 οί
1768 4140 1836 4194 τὰ

264 4225 443 4297 Ἰησοῦ
482 4226 803 4297 φρονοῦντες
830 4226 1240 4299 ἐπιτηδεύομεν,
1273 4228 1466 4282 θᾶττον
1500 4231 1597 4301 μὲν
1623 4229 1836 4303 θανάτῳ

249 4317 354 4388 τὴν
396 4317 578 4389 ψυχὴν
626 4317 660 4389 ἢ
696 4317 915 4390 δαίμοσι
948 4318 1139 4373 θυσίαν
1181 4317 1444 4391 προέσθαι
1493 4320 1830 4391 τολμῶντες,

250 4409 450 4463 θᾶττον
478 4409 535 4462 δὲ
563 4409 660 4480 τῆς
685 4409 833 4482 ζωῆς
864 4410 1205 4481 ἐξιστάμενοι
1234 4412 1267 4484 ἢ
1296 4415 1406 4476 τοῖς
1430 4416 1688 4484 πονηροῖς
1720 4414 1835 4468 δαί-

252 4520 382 4574 μοσι
442 4502 778 4574 δουλωθῆναι
824 4503 1218 4575 ὑπομένοντες;
1278 4504 1375 4569 Τίς
1416 4503 1473 4558 δὲ
1527 4506 1628 4560 ούκ
1672 4502 1829 4571 οἶδεν,

246 4596 401 4660 ὅπως
443 4597 541 4650 σὺν
592 4598 726 4669 αὐτῇ
764 4598 828 4669 τῇ
871 4596 965 4649 τοῦ
994 4596 1171 4668 Ἰησοῦ
1217 4598 1561 4671 προσηγορίᾳ
1605 4599 1696 4652 καὶ
1735 4600 1831 4652 σὺν

245 4688 439 4760 εὐχαῖς
486 4688 903 4762 καθαρωτάταις
933 4690 1043 4743 πᾶν
1084 4690 1147 4743 τὸ
1176 4690 1448 4762 δαιμόνων
1488 4690 1648 4763 ἔργον
1693 4692 1830 4745 ἀπε-

1943 3580 2209 3645 eundum,
2230 3580 2387 3651 isque
2413 3580 2835 3652 interrogandus
2862 3583 3183 3652 :ccquando
3213 3584 3329 3639 suis
3355 3590 3529 3648 oculis

1943 3672 2138 3727 viderit
2171 3673 2467 3729 auribusve
2514 3674 2841 3745 perceperit,
2872 3676 3301 3747 prestigiatores
3331 3691 3395 3731 ac
3424 3692 3521 3733 ve-

1941 3766 2148 3823 neficos
2206 3766 2477 3833 homines,
2529 3766 2648 3823 sine
2698 3767 3051 3825 liliationibus
3100 3780 3154 3825 et
3202 3770 3518 3832 sacrificiis,

1940 3861 2355 3930 dtemonumque
2387 3860 2734 3915 invocatione
2789 3875 2855 3916 ac
2883 3862 3197 3932 praesentia,
3226 3862 3528 3933 quidquam

1939 3953 2234 4024 operatos?
2273 3952 2530 4023 Nunquid
2587 3953 2754 4025 igitur
2797 3961 2892 4008 aut
2937 3961 3134 4008 contra
3190 3951 3532 4009 Salvatorem

1939 4054 2211 4113 nostrum,
2264 4053 2360 4100 aut
2414 4053 2609 4100 contra
2668 4046 2816 4101 illius
2867 4056 3162 4117 prmeepta,
3212 4054 3308 4101 aut
3362 4046 3528 4102 etiam

1936 4144 2129 4191 contra
2157 4152 2253 4193 eos
2284 4136 2379 4207 qui
2408 4136 2571 4192 hodie
2598 4151 2818 4207 quoque
2848 4137 2996 4191 illius
3023 4137 3190 4191 vitam
3219 4136 3525 4199 imitantur,

1935 4229 2112 4298 possit
2142 4228 2340 4299 aliquis
2373 4229 2535 4283 talem
2564 4228 2778 4297 jactare
2812 4228 3183 4282 calumniam?
3218 4228 3413 4285 Nonne
3452 4235 3533 4285 vel

1936 4321 2243 4377 cteeutienti
2269 4321 2621 4391 perspicuum
2654 4336 2755 4376 nos
2786 4323 3101 4391 quicunque
3129 4319 3318 4376 Jesum
3349 4330 3527 4379 secta-

1935 4430 2080 4482 mur,
2121 4415 2243 4471 istis
2299 4414 2460 4486 plane
2512 4414 2789 4469 contraria
2849 4416 3033 4470 omnia
3083 4417 3300 4488 operari
3361 4427 3527 4488 atque

1934 4508 2211 4578 amplecti,
2243 4515 2298 4563 et
2330 4508 2495 4564 citius
2522 4506 2635 4578 pati
2673 4514 2733 4562 ut
2775 4507 2937 4562 morti
2967 4508 3229 4574 animam,
3263 4524 3426 4581 quam
3465 4520 3527 4563 ut

1933 4599 2274 4655 daemonibus
2297 4599 2628 4656 sacrificium
2651 4597 2948 4655 offeramus
2977 4618 2993 4655 :
3024 4600 3189 4655 citius
3210 4617 3339 4656 vero
3364 4603 3525 4656 susti-

1933 4711 2065 4750 nere
2093 4694 2161 4750 de
2192 4694 2302 4748 vita
2332 4693 2621 4757 excedere,
2647 4709 2811 4765 quam
2846 4694 3036 4765 pravis
3079 4693 3419 4750 daemonibus
3466 4696 3522 4750 in

246 4783 466 4837 λαύνειν
503 4786 636 4855 ἡμῖν
673 4782 825 4854 φίλον
859 4783 1039 4848 ὲστίνς
1076 4776 1244 4847 Οὗτος
1274 4786 1303 4837 ὁ
1344 4783 1437 4836 τοῦ
1470 4783 1645 4855 Ἰησοῦ
1676 4783 1832 4851 λόγος

1946 4786 2253 4840 servitutem
2302 4783 2455 4838 dari?
2495 4783 2631 4850 Quis
2680 4793 2862 4839 autem
2906 4785 3123 4855 ignorat
3167 4792 3370 4840 nostrae
3401 4801 3524 4842 esse

248 4881 344 4932 καὶ
393 4881 427 4950 η
465 4878 597 4949 παρ’
629 4877 794 4932 αὑτοῦ
844 4877 1161 4932 διδασκαλία
1209 4877 1343 4932 πολὺ
1399 4877 1679 4948 κρείττους
1728 4876 1829 4946 τῆς

248 4973 482 5044 ἀοράτου
545 4972 750 5042 ταύτης
805 4969 1087 5041 δυνάμεως
1150 4970 1359 5033 πάντας
1418 4971 1569 5041 ἡμᾶς
1632 4970 1826 5040 ἀπειρ-

248 5065 491 5133 γάσατο,
518 5061 743 5136 ἐχθρούς
789 5079 851 5115 τε
888 5062 1156 5133 δαιμόνων
1208 5061 1304 5114 καὶ
1354 5060 1678 5130 πολεμίους,
1713 5059 1826 5113 ἀλλ’

247 5158 308 5209 οὐ
338 5156 548 5227 φίλους,
611 5154 735 5208 οὐδὲ
787 5155 1071 5226 συνήθεις,
1141 5152 1337 5207 πολλοῦ
1395 5152 1477 5205 δεῖ
1553 5152 1828 5223 ὑπηκόους

248 5251 344 5304 καὶ
393 5249 739 5320 ὑποχειρίους
771 5243 911 5303 εἶναι
960 5246 1385 5320 παρεσκεύασεν.
1436 5246 1495 5297 Ὀ
1551 5245 1617 5314 δὴ
1648 5244 1826 5298 τοιού-

245 5360 371 5405 τους
394 5344 544 5414 ἡμᾶς
588 5340 941 5412 προαγαγὼν,
991 5339 1107 5403 πῶς
1161 5337 1228 5392 ἂν
1273 5337 1434 5401 αὐτὸς
1473 5334 1656 5399 δοῦλος
1703 5338 1826 5404 ἐγε-

246 5437 394 5504 γόνει
441 5434 748 5505 δαιμόνωνς
813 5433 929 5498 πῶς
977 5433 1023 5486 δ’
1078 5431 1144 5486 ἂν
1182 5428 1298 5494 τοῖς
1357 5431 1612 5500 πονηροῖς
1660 5428 1824 5482 πνεύ-

248 5545 415 5599 μασιν
465 5528 693 5591 ἔθυσενς
731 5527 765 5599 ἢ
803 5526 920 5590 πῶς
967 5524 1195 5597 βοηθοὺς
1252 5510 1511 5595 δαίμονας
1559 5520 1824 5575 ἐπεκαλέ-

248 5639 379 5676 σατο
427 5624 484 5674 ἐν
535 5623 656 5684 ταῖς
695 5620 1198 5692 παραδοξοποιίαις,
1231 5619 1391 5671 ὁπότε
1440 5619 1605 5671 εἰσέτι
1668 5616 1828 5688 δεῦρο

246 5718 353 5779 πᾶς
383 5716 593 5786 δαίμων
635 5714 729 5767 καί
774 5715 881 5767 πᾶν
911 5711 1220 5783 ἀκάθαρτον
1264 5710 1502 5782 πνεῦμα,
1534 5710 1608 5775 ὥς
1635 5728 1685 5764 τι
1717 5710 1825 5762 τῶν

314 5878 359 5909 ⁸⁸
422 5874 610 5927 Matth.
656 5886 847 5937 xxvm,
872 5868 1064 5933 19,20.

445 5973 713 6030 Parnm.
764 5968 881 6027 Gtt.
932 5965 1138 6027 XXII.

1934 4878 2374 4943 consuetudinis,
2400 4876 2520 4947 ipso
2541 4875 2671 4933 Jesu
2704 4875 2947 4939 nomine,
2971 4884 3027 4930 et
3062 4877 3376 4945 purissimis
3400 4891 3523 4948 pre-

1934 4972 2117 5035 cibus,
2170 4985 2389 5026 omnem
2431 4968 2740 5024 daemonum
2765 4968 3109 5024 vexationem
3153 4968 3406 5038 abigere?
3428 4967 3521 5023 Sic

1935 5064 2109 5135 ipsius
2156 5061 2287 5119 Iesu
2352 5062 2604 5128 verbum,
2661 5061 3018 5132 ejusdemque
3076 5060 3349 5127 doctrina,
3411 5060 3521 5115 isto

1934 5154 2224 5226 potestatis
2279 5151 2539 5209 invisibili
2589 5166 2809 5223 genere,
2844 5157 2904 5205 ut
2953 5164 3147 5205 onmes
3199 5164 3304 5205 nos
3355 5148 3521 5222 longe

1931 5247 2268 5317 potentiores
2331 5260 2616 5309 essemus,
2680 5242 2893 5307 effecit,
2960 5241 3273 5297 dremonum
3329 5243 3519 5313 utique

1936 5340 2124 5397 hostes
2180 5350 2345 5411 atque
2411 5338 2684 5401 inimicos,
2736 5351 2848 5391 non
2906 5343 3089 5390 autem
3158 5337 3367 5391 amicos
3422 5344 3517 5389 aut

1934 5434 2233 5490 familiares
2316 5449 2419 5489 nos
2493 5431 2768 5498 reddens;
2838 5439 3046 5501 quanto
3128 5446 3260 5502 ergo
3335 5431 3517 5485 minus

1932 5542 2123 5581 eorum
2172 5527 2322 5581 dicto
2374 5525 2679 5591 audientes,
2701 5530 2797 5579 aut
2836 5523 3118 5593 subjectos
3158 5522 3520 5593 comparavit?

1938 5617 2095 5687 133
2129 5615 2231 5683 Qui
2265 5616 2431 5687 igitur
2457 5631 2560 5670 nos
2602 5615 2743 5672 tales
2773 5614 3059 5686 produxit,
3080 5616 3173 5685 qui
3197 5614 3313 5668 fieri
3339 5621 3518 5684 potest

1938 5717 1996 5763 ut
2030 5711 2145 5778 ipse
2187 5708 2534 5763 daemonibus
2587 5707 2750 5763 fuerit
2802 5707 3099 5765 addictus?
3145 5706 3320 5772 Quam
3353 5717 3518 5777 porro

3159 5957 3200 6019 8
3254 5915 3259 5920 .
