4120 6420
602 373 727 431 235

1254 374 1524 433 EUSEBI‘I
1561 376 2037 438 C/ESABIENSIS
2083 380 2233 437 OPP.
2280 381 2482 439 PARS.
2524 384 2593 440 Η.
2634 392 2702 428 —'-‘
2742 385 3235 444 APOLOGETICA.

3757 388 3868 445 236

617 487 878 543 credibile
909 486 980 542 sit
1009 486 1185 552 illum,
1231 497 1327 544 aut
1379 490 1644 562 improbis
1698 494 1985 564 spiritibus
2035 513 2179 552 sacra

2296 501 2633 555 κολαστικῶν
2674 503 2765 557 καὶ
2811 503 3209 574 βασανιστικῶν
3261 502 3360 574 τῆς
3401 501 3605 565 οἰκείας
3634 500 3868 571 φύσεως,

617 580 833 641 fecisse.
874 587 966 634 aut
1021 579 1297 636 dmmonas
1354 582 1419 637 ad
1476 585 1740 639 auxilium
1782 603 2027 652 vocasse,
2059 590 2187 643 dum

614 674 878 729 miracula
903 673 1109 737 ederet,
1138 677 1360 745 quando
1411 679 1573 733 hodie
1619 695 1837 750 quoque
1869 683 2049 737 omnis
2082 685 2191 737 da:-

614 781 768 831 mon,
799 767 1092 837 omnisque
1135 768 1383 838 impurus
1413 772 1667 841 spiritus,
1705 774 1779 826 ita
1817 772 1944 829 Jcsu
1991 791 2188 831 nomen

610 859 892 922 exhorret,
929 869 989 914 ut
1013 877 1180 916 unum
1218 863 1420 932 aliquid
1452 879 1643 918 eormn
1672 881 1793 933 qure
1824 865 1999 935 ipsius
2026 875 2188 922 natu-

611 966 729 1007 ram
762 954 1064 1024 castigandi
1098 970 1161 1009 ac
1193 956 1483 1026 torquendi
1534 958 1642 1011 vim
1680 958 1938 1020 habeant,
1984 959 2189 1016 aufert-

611 1058 721 1115 que
751 1061 811 1101 sc
841 1046 1010 1111 illico,
1036 1055 1092 1101 et
1121 1048 1375 1103 concedit
1402 1067 1417 1103 :
1446 1055 1656 1103 tantam
1689 1052 1860 1105 sentit
1894 1053 2041 1109 illius
2094 1068 2189 1108 no-

612 1135 775 1190 minis
811 1137 939 1190 vim.
976 1135 1069 1192 Sic
1090 1154 1224 1193 sane
1248 1140 1376 1194 olim
1410 1154 1650 1210 quoque,
1676 1157 1801 1196 cum
1832 1144 1977 1198 inter
2010 1145 2188 1200 homi-

610 1242 710 1283 ncs
756 1228 994 1299 degeret,
1043 1246 1153 1284 non
1186 1230 1425 1287 ferentes
1458 1233 1605 1288 illius
1640 1238 2011 1304 praesentiam,
2044 1239 2187 1295 alius

609 1319 850 1383 aliunde,
882 1322 1195 1377 clamabant
1221 1344 1235 1378 :
1283 1343 1301 1375 ι
1345 1325 1477 1396 Age,
1505 1326 1635 1395 quid
1661 1328 1819 1383 nobis
1838 1336 1892 1382 et
1917 1330 2034 1395 tibi,
2054 1330 2184 1386 Jesn

605 1404 710 1464 Fili
736 1408 863 1465 Dei?
894 1412 1087 1465 venisti
1115 1422 1243 1467 ante
1277 1422 1766 1486 tempustorqucre
1789 1434 1890 1475 nos
1914 1420 1957 1451 ⁸⁸
1985 1421 2008 1474 ?
2049 1441 2067 1473 ι
2092 1421 2188 1476 Vir

608 1508 792 1556 autem
829 1502 1121 1573 praestigiis
1148 1519 1378 1573 prorsus
1408 1506 1676 1566 intentus.
1703 1516 1758 1563 et
1800 1511 1957 1579 plane
1991 1512 2185 1583 despe-

596 1594 745 1650 uratis
775 1594 942 1649 rebus
970 1612 1133 1650 omne
1161 1613 1321 1652 suum
1348 1600 1591 1654 studium
1625 1601 1971 1671 impendens,
2004 1621 2185 1661 nonne

607 1687 691 1740 vel
723 1686 1043 1756 imprudens
1079 1690 1195 1760 ipse
1238 1690 1305 1744 de
1348 1692 1531 1761 scipso
1562 1693 1768 1748 indicio
1800 1696 1891 1758 sit,
1919 1699 2064 1766 quod
2098 1699 2185 1753 in-

608 1775 788 1833 fandis
836 1779 1105 1845 moribus,
1155 1782 1299 1852 quod
1354 1785 1641 1848 scelestus,
1691 1787 1836 1857 quod
1888 1788 2180 1854 obscenus,

605 1871 751 1939 quod
786 1872 1032 1943 religioni
1077 1875 1353 1939 inimicus,
1392 1878 1536 1947 quod
1572 1879 1832 1949 injustus,
1882 1884 2028 1951 quod
2089 1884 2187 1938 im-

607 1963 765 2033 pius?
796 1963 900 2031 Qui
932 1981 1062 2021 vero
1089 1968 1213 2023 talis
1246 1970 1339 2035 sit,
1382 1970 1526 2024 unde
1548 1980 1642 2025 aut
1668 1974 1944 2042 quomodo
1974 1990 2036 2029 ea
2063 1991 2184 2045 qua:

606 2056 675 2111 ad
723 2056 1042 2127 religionem
1079 2062 1371 2128 pertinent,
1430 2063 1570 2120 alios
1617 2065 1848 2121 doceat?
1898 2067 2184 2133 Quomodo

606 2147 735 2204 item
778 2165 901 2220 quae
941 2151 1009 2204 ad
1059 2155 1500 2223 temperantiam,
1533 2173 1655 2227 qua:
1686 2158 1753 2213 ad
1786 2158 1881 2215 Dei
1914 2158 2184 2229 cognitio-

604 2256 752 2309 nem,
811 2259 933 2313 qure
981 2246 1049 2300 ad
1083 2246 1327 2301 divinum
1367 2247 1541 2303 forum
1582 2264 1646 2305 ac
1680 2250 1950 2320 judicium
1980 2251 2181 2306 summi

606 2332 739 2390 Dei?
765 2335 957 2391 Nonne
985 2338 1070 2394 his
1095 2340 1351 2395 omnibus
1380 2342 1658 2396 contraria
1685 2342 1869 2411 potius
1897 2358 2176 2398 commen-

602 2424 694 2479 det
724 2440 788 2480 ac
827 2427 1101 2496 praeferat,
1149 2445 1263 2485 sua:
1306 2431 1480 2501 ipsius
1530 2432 1785 2502 nequitia:
1815 2442 2179 2489 consentanea

600 2520 967 2588 perpetratis?
998 2520 1189 2577 Nonne
1221 2522 1411 2585 Deum,
1456 2522 1658 2595 Deique
1687 2525 2086 2595 providentiam
2118 2541 2181 2583 ac

604 2610 698 2666 Dei
727 2612 998 2680 judicium
1028 2613 1225 2683 neget?
1259 2612 1452 2668 Nonne
1492 2615 1676 2669 omnia
1714 2615 1782 2669 de
1811 2615 2033 2679 virtute,
2062 2632 2180 2671 om-

601 2706 692 2760 nia
719 2704 787 2761 de
829 2704 1245 2761 immortalitate
1279 2707 1476 2761 anima:
1508 2708 1670 2762 verba
1722 2708 1988 2763 irrideat?
2021 2708 2177 2774 Quod

600 2795 649 2851 si
679 2795 811 2867 quid
842 2797 951 2851 tale
978 2797 1144 2851 etiam
1177 2797 1231 2851 in
1266 2797 1333 2852 iis
1363 2814 1485 2868 quae
1512 2798 1578 2853 ad
1613 2799 1950 2855 Salvatorem
1994 2799 2179 2855 Domi-

594 2902 848 2955 numquc
880 2894 1131 2942 nostrum
1164 2888 1461 2957 pertinent,
1496 2890 1694 2943 intueri
1739 2890 2011 2956 licuisset,
2040 2892 2177 2946 nihil

600 2993 735 3034 sane
768 2977 963 3034 fuisset
995 2978 1312 3035 dicendum.
1350 2987 1420 3033 At
1450 2996 1578 3035 vero
1599 2996 1722 3035 cum
1750 2980 1804 3036 in
1838 2982 2070 3054 singulis
2090 2998 2177 3038 rc-

598 3071 704 3127 bus
734 3077 789 3126 et
827 3070 1033 3136 verbis,
1063 3071 1303 3127 universi
1335 3072 1583 3144 opificem
1642 3070 1809 3128 Deum
1846 3072 2063 3129 Patrem
2091 3075 2178 3129 in-

597 3178 796 3218 vocare
824 3161 1044 3218 solitum
1080 3171 1316 3223 constet,
1360 3165 1609 3236 talesque
1652 3180 1793 3235 quos
1842 3166 1896 3220 in
1930 3166 2177 3237 discipli-

597 3269 724 3309 nam
751 3255 1046 3325 acciperet,
1073 3271 1425 3326 comparasse
1452 3274 1465 3310 :
1490 3271 1616 3311 cum
1646 3265 1700 3312 et
1726 3258 1840 3328 ipse
1864 3269 2174 3329 temperans
2201 3292 2243 3347 ο

596 3346 787 3411 fuerit,
839 3356 892 3403 et
938 3349 1229 3404 verborum
1280 3365 1400 3420 quae
1440 3350 1505 3404 ad
1544 3352 1958 3420 temperantiam
2007 3353 2174 3422 perti—

594 3447 1092 3511 nentprreceptor:
1125 3457 1250 3495 eum
1292 3452 1503 3505 auctor,
1549 3443 1983 3514 praedicatorque
2009 3443 2172 3512 justi-

594 3532 706 3596 tite,
734 3533 1004 3600 veritatis,
1027 3533 1413 3597 humanitatis,
1447 3535 1666 3589 virtutis
1694 3536 1961 3590 universa:
1994 3556 2007 3591 :
2045 3552 2168 3590 eum

593 3624 877 3695 religionis
928 3624 1034 3678 dux
1081 3632 1136 3680 et
1185 3624 1467 3695 magister,
1518 3641 1639 3697 qua:
1686 3627 1932 3682 omnium
1987 3643 2166 3698 regem

594 3715 763 3773 Deum
805 3717 938 3773 colit
969 3736 982 3772 :
1019 3733 1118 3774 cur
1142 3732 1251 3772 non
1274 3719 1363 3773 his
1394 3728 1823 3775 consentaneum
1850 3721 1923 3776 sit
1954 3728 2168 3792 putare,

591 3809 731 3864 nihil
764 3824 955 3865 eorum
986 3825 1108 3880 qua:
1132 3812 1187 3864 in
1229 3810 1322 3865 illo
1348 3810 1708 3877 admiramur,
1742 3813 1811 3867 ab
1838 3812 1931 3866 illo
1963 3828 2058 3882 per
2079 3813 2172 3866 do.

2296 592 2390 645 τοῦ
2420 594 2591 664 Ἰησοῦ
2606 596 2667 647 τὸ
2688 595 2857 666 ὄνομα
2876 596 3107 667 φρίττει.
3131 594 3482 661 ὑπεξίσταταί
3502 613 3558 647 τε
3580 596 3673 648 καὶ
3694 615 3873 668 παρα-

2298 690 2465 759 χωρεῖ
2488 692 2552 760 τῇ
2595 689 2693 760 τῆς
2729 690 3099 762 προσηγορίας
3130 690 3190 743 δυ
3206 690 3386 761 θάμεις
3424 689 3719 762 Ὠσπεροῦν
3771 691 3872 744 καὶ

2298 781 2461 834 πάλαι
2492 781 2612 835 καθ’
2637 781 2694 834 ὂν
2724 782 2984 853 ἐπεδήμει
3023 782 3100 852 τῷ
3128 782 3226 852 βίῳ
3253 781 3462 853 χρόνον,
3500 782 3573 853 μὴ
3616 782 3872 853 φέροντες

2296 872 2460 926 αὑτοῦ
2488 872 2584 943 τὴν
2615 874 2937 944 παρουσίαν,
2973 874 3129 937 ἄλλος
3172 874 3395 927 ἄλλοθεν
3429 874 3556 927 ἐϐόα
3575 890 3587 902 ·
3619 894 3636 925 ι
3670 875 3791 938 Ἔα,
3815 874 3871 927 τί

2296 964 2423 1034 ἡμῖν
2452 966 2545 1017 καὶ
2573 966 2673 1030 σοι,
2712 965 2885 1036 Ἰησοῦ
2908 966 3001 1018 Υἱὲ
3024 967 3116 1019 τοῦ
3145 966 3277 1020 Θεοῦ
3306 984 3320 1032 ;
3357 963 3517 1038 ἦλθες
3540 968 3647 1039 πρὸ
3677 966 3871 1036 καιροῦ

2298 1056 2586 1127 βασανίσαι
2609 1059 2795 1129 ἡμᾶς;
2838 1078 2854 1107 ι
2902 1059 3065 1131 ’Δνὴρ
3093 1059 3137 1112 δ’
3178 1060 3313 1123 ὅλως
3334 1059 3556 1131 γοητεία
3589 1060 3871 1130 προσέχων

2295 1148 2382 1200 τὸν
2403 1148 2548 1215 νοῦν,
2582 1150 2677 1204 καὶ
2715 1153 2931 1213 πάντως
2960 1150 3025 1217 γέ
3049 1167 3150 1202 που
3181 1148 3570 1219 ἀπειρημένοις
3608 1147 3871 1219 πράγμα-

2296 1256 2378 1293 σιν
2419 1241 2704 1312 ἐγχειρῶν,
2760 1240 2847 1315 ἆρ’
2885 1243 2982 1295 οὐκ
3024 1240 3087 1294 ἂν
3122 1241 3207 1311 εἴη
3232 1240 3389 1311 δῆλος
3426 1240 3635 1302 ἀνόσιος
3668 1238 3744 1291 ὢν
3772 1238 3871 1292 τὸν

2292 1332 2513 1403 τρόπον,
2563 1335 2655 1387 καὶ
2712 1336 2925 1408 μιαρὸς,
2996 1336 3090 1388 καὶ
3145 1333 3387 1406 αἰσχρὸς,
3436 1334 3529 1387 καὶ
3564 1333 3737 1397 ἄθεος,
3770 1332 3871 1385 καὶ

2293 1422 2525 1495 ἀσεϐήςς
2559 1425 2807 1491 Τοιοῦτος
2835 1426 2891 1479 δὲ
2918 1426 3012 1488 ὢν,
3043 1426 3204 1479 πόθεν
3240 1427 3274 1496 ἢ
3306 1424 3423 1489 πῶς
3450 1424 3520 1477 τὰ
3546 1425 3672 1496 περὶ
3710 1423 3865 1475 εύειέ⁸

2293 1511 2441 1576 θείας
2486 1513 2715 1579 διδάξειν
2778 1515 3018 1586 ἐτέρους,
3085 1517 3115 1584 ἢ
3149 1516 3215 1568 τὰ
3251 1516 3380 1586 περὶ
3421 1512 3790 1585 σωφροσύνης,
3828 1512 3866 1583 ἢ

2292 1606 2360 1659 τὰ
2390 1608 2519 1678 περὶ
2548 1608 2683 1661 Θεοῦ
2715 1609 2987 1677 γνώσεως,
3014 1610 3047 1679 ἦ
3077 1608 3144 1662 τὰ
3180 1610 3307 1680 περὶ
3358 1607 3737 1678 δικαιωτηρίου
3765 1605 3867 1659 καὶ

2299 1700 2535 1770 κρίσεως
2572 1699 2665 1753 τοῦ
2709 1702 2800 1754 ἐπὶ
2852 1702 3069 1755 πάντων
3101 1698 3269 1765 Θεοῦς
3296 1701 3429 1771 Οὐχὶ
3462 1699 3664 1753 τούτων
3688 1698 3868 1752 ἀπάν-

2290 1808 2396 1843 των
2418 1791 2485 1843 τὰ
2502 1792 2716 1845 ἐναντία
2746 1792 3057 1865 πρεσϐεύει,
3084 1792 3349 1847 ἀκόλουθα
3376 1794 3442 1863 τῇ
3472 1789 3635 1844 αὐτοῦ
3653 1789 3864 1862 μοχθη-

2288 1882 2379 1952 ρία
2413 1882 2699 1952 πράττωνς
2728 1886 2818 1938 καὶ
2839 1884 2969 1936 Θεὸν
2991 1886 3087 1954 μὲν
3115 1885 3428 1956 ἀρνήσεται,
3463 1884 3558 1936 καὶ
3576 1880 3709 1935 Θεοῦ
3733 1879 3864 1951 πρό-

2289 1989 2434 2025 νοιαν
2460 2014 2474 2036 ,
2504 1973 2598 2025 καὶ
2627 1973 2762 2026 Θεοῦ
2791 1976 2991 2045 κρίσιν,
3014 1973 3265 2045 χλευάσει
3282 1973 3337 2027 δὲ
3361 1973 3487 2035 τοὺς
3509 1972 3634 2044 περὶ
3654 1970 3864 2041 ἀρετῆς

2285 2059 2378 2111 καὶ
2406 2060 2531 2123 τοὺς
2582 2061 2708 2131 περὶ
2731 2062 2908 2133 ψυχῆς
2956 2061 3252 2125 ἀθανασίας
3297 2061 3516 2130 λόγουςλ
3549 2062 3611 2114 El
3655 2060 3753 2131 μὲν
3792 2059 3862 2130 δὴ

2282 2151 2506 2205 τοιαῦτά
2525 2170 2645 2206 τινα
2670 2148 2737 2224 ἦν
2775 2155 2902 2207 ἰδεῖν
2937 2155 3030 2207 καὶ
3058 2155 3186 2227 περὶ
3213 2155 3306 2208 τὸν
3340 2155 3568 2225 Σωτῆρα
3613 2154 3709 2207 καὶ
3740 2151 3862 2205 Κύ-

2285 2262 2394 2316 ριον
2412 2245 2587 2316 ἡμῶν,
2616 2247 2767 2299 οὐδὲν
2795 2246 2859 2300 ἂν
2884 2244 2951 2318 ἦν
2978 2249 3147 2300 εἰπεῖν
3166 2264 3180 2277 ·
3214 2249 3262 2300 εί
3288 2247 3332 2301 δ’
3354 2249 3439 2318 ἐφ’
3475 2247 3687 2318 ἑκάστῳ
3718 2244 3865 2316 πράρ

2280 2353 2453 2407 γματι
2487 2341 2581 2392 καὶ
2601 2338 2744 2410 λόγῳ
2764 2340 2855 2393 τὸν
2881 2341 3098 2394 πάντων
3120 2340 3449 2412 δημιουργὸν
3480 2339 3698 2410 Πατέρα
3724 2338 3863 2392 Θεὸν

2280 2425 2715 2499 ἀνακαλούμενος
2779 2429 3195 2494 ἀποδείκνυται,
3253 2431 3347 2482 καὶ
3406 2430 3532 2492 τοὺς
3596 2427 3861 2499 φοιτητὰς

2279 2518 2549 2585 τοιούτους
2582 2519 2719 2576 εἶναι
2751 2523 3201 2593 παρασκευάζων,
3234 2524 3330 2577 καὶ
3364 2525 3412 2576 εἰ
3434 2522 3664 2594 σώφρων
3694 2520 3862 2585 αὐτὸς

2278 2613 2372 2665 καὶ
2400 2614 2691 2685 σωφρόνων
2730 2615 2903 2683 λόγων
2933 2614 3271 2678 διδάσκαλος,
3304 2615 3397 2667 καὶ
3419 2617 3467 2668 εἰ
3494 2614 3721 2685 ποιητὴς
3759 2615 3861 2668 καὶ

2279 2703 2451 2774 κῆρυξ
2472 2703 2835 2774 δικαιοσύνης,
2864 2705 2956 2757 καὶ
2992 2703 3266 2774 ἀληθείας,
3297 2704 3389 2756 καὶ
3423 2702 3857 2773 φιλανθρωπίας,

2278 2794 2372 2847 καὶ
2419 2793 2619 2865 ἀρετῆς
2681 2793 2917 2863 ἁπάσης,
2965 2794 3059 2846 καὶ
3086 2791 3390 2854 θεοσεϐείας
3435 2788 3726 2859 εἰσηγητὴς
3758 2787 3857 2841 τοῦ

2279 2886 2663 2957 παμϐασιλέως
2683 2886 2817 2940 Θεοῦ
2838 2904 2852 2917 ·
2885 2886 2999 2951 πῶς
3029 2888 3127 2957 οὐχ
3155 2886 3344 2938 ἕπεται
3362 2884 3572 2944 τούτοις
3596 2882 3655 2935 τὸ
3684 2881 3859 2953 μηθὲν

2281 2977 2377 3048 μὲν
2410 2976 2659 3047 ἡγεῖσθαι
2716 2976 2857 3030 κατά
2913 2976 3166 3047 γοητείαν
3194 2976 3354 3029 αὑτὸν
3387 2974 3495 3026 τῶν
3535 2971 3857 3043 παραδόξων

2279 3070 2654 3139 πεποιηκέναι,
2706 3070 2929 3141 δυνάμει
2976 3070 3021 3123 δ’
3054 3071 3370 3141 ἀπορρήτῳ,
3404 3068 3495 3121 καὶ
3526 3067 3601 3131 ὡς
3637 3065 3857 3136 ἀληθῶς

2278 3164 2443 3236 ἐνθέῳ
2466 3164 2869 3234 συνομολογεῖν;
2900 3164 3037 3216 Ἀλλ’
3065 3166 3143 3227 εἰς
3171 3163 3423 3217 τοσοῦτον
3445 3163 3685 3225 ἐλαύνεις
3709 3163 3855 3233 ἀπη-

2276 3256 2443 3319 νείας,
2478 3256 2553 3319 ὡς
2585 3257 2658 3327 μὴ
2691 3257 2971 3326 λογισμοῖς
2996 3254 3257 3325 σώφροσι,
3286 3254 3458 3321 λόγων
3487 3270 3543 3305 τε
3562 3250 3855 3323 ἀκολουθίᾳ

2278 3350 2564 3419 προσέχειν
2614 3348 2704 3401 τὸν
2763 3349 2922 3411 νοῦν,
2982 3347 3113 3418 μηδέ
3174 3346 3455 3401 πείθεσθαι
3516 3349 3628 3409 τοῖς
3678 3345 3851 3398 εἰκόσι

2275 3438 2614 3511 τεκμηρίοις,
2666 3438 2907 3491 ὑπονοῶν
2936 3438 3077 3507 τάχα
3101 3455 3204 3490 που
3245 3438 3368 3501 τοὺς
3387 3437 3646 3505 λέγοντας
3680 3438 3844 3507 ἡμᾶς.

2288 3532 2445 3584 ’Λλλά
2476 3532 2536 3584 σύ
2562 3549 2621 3600 γε
2646 3532 2748 3585 κῖῖν
2778 3530 2884 3584 τῶν
2919 3528 3116 3583 σαυτοῦ
3142 3530 3431 3601 δαιμόνων,
3458 3529 3635 3581 αὐτῶν
3656 3527 3720 3600 δὴ
3740 3526 3847 3580 τῶν

2272 3623 2612 3697 χρησμῳδῶν
2630 3623 2785 3685 θεῶν,
2811 3623 2995 3687 ἄκουε,
3020 3622 3098 3692 τῷ
3126 3621 3508 3693 Σωτῆριὴμῶν
3542 3621 3639 3691 οὐχ
3659 3619 3848 3691 ῶσπερ

2271 3717 2335 3769 σὺ
2372 3715 2783 3787 γοητείαν,οάλλ“
2813 3716 2870 3768 εὑ
2882 3715 3091 3768 σέ6ειαν
3115 3716 3207 3767 καὶ
3240 3715 3427 3782 σοφίαν
3456 3714 3548 3766 καὶ
3576 3715 3654 3776 είς
3680 3713 3844 3783 ούρα-

2268 3810 2391 3872 νοὺς
2418 3808 2602 3862 ἄνοδον
2636 3807 3074 3880 μαρτυρούντων.
3094 3807 3189 3870 Τίς
3221 3806 3265 3859 δ’
3295 3805 3359 3859 ἂν
3383 3806 3591 3874 γένοιτὸ
3619 3824 3698 3859 σοι
3721 3805 3844 3859 τού-

591 3899 705 3955 lum
745 3898 1168 3970 praestigiarum,
1210 3907 1305 3952 aut
1353 3914 1449 3968 per
1480 3899 1750 3953 fallaciam
1784 3900 2038 3970 gestum?
2071 3914 2171 3954 cur

2283 3919 2373 3955 των
2404 3901 2715 3967 ἀξιόπιστος
2759 3900 3019 3971 ὁμολογία
3071 3899 3266 3971 μᾶλλον
3288 3901 3384 3971 τῆς
3412 3899 3506 3953 τοῦ
3536 3900 3657 3953 καθ’
3686 3903 3719 3969 ἡ
3730 3899 3844 3970 μῶν

588 4005 703 4046 non
736 3991 920 4061 potius
950 4005 1151 4045 arcana
1182 3991 1418 4061 quadam
1456 3991 1529 4055 vi,
1560 4007 1796 4061 vereque
1826 3992 2008 4046 divina
2034 4008 2166 4047 eon-

590 4082 772 4138 fiteri‘t
797 4081 953 4150 Quod
1004 4082 1049 4139 si
1096 4096 1161 4137 eo
1210 4083 1478 4138 vecordia:
1518 4084 1859 4153 proveheris,
1895 4093 1952 4138 ut
1989 4098 2165 4153 neque

587 4176 832 4233 rationes
860 4177 1229 4247 incorruptas,
1256 4191 1432 4246 neque
1460 4178 1748 4232 verborum
1780 4178 2163 4232 necessitatem

2272 3989 2527 4061 πολεμίου
2582 3991 2821 4060 γραφῆς,
2860 3989 2925 4059 ἣν
2957 3992 3014 4042 ἐν
3046 3983 3125 4051 οἷς
3171 3988 3449 4059 ἐπέγραψε
3481 3988 3609 4059 περὶ
3630 3986 3728 4056 τῆς
3752 3982 3844 4040 Ἐκ

2270 4082 2494 4151 λογίων
2512 4082 2878 4150 φιλοσοφίας
2902 4082 2957 4133 ἐν
2982 4081 3149 4153 τρίτῳ
3170 4079 3561 4151 συγγράμματι
3583 4079 3840 4144 τέθειται,

2269 4166 2369 4225 ῶδὲ
2401 4191 2517 4236 πως
2558 4173 2786 4244 ἱστορῶν
2815 4172 2953 4227 κατά
2984 4171 3151 4236 λέξιν.

587 4270 724 4326 velis
758 4269 1059 4332 attendere,
1128 4286 1304 4340 neque
1338 4284 1468 4324 vero
1532 4269 1908 4339 probabilibus
1968 4265 2305 4322 argumentis
2336 4267 2670 4330 auscultare,
2732 4267 2858 4335 quia
2911 4265 3143 4321 fortasse
3178 4280 3279 4321 nos
3318 4265 3475 4335 quasi
3508 4280 3727 4321 causam
3760 4265 3843 4320 di-

588 4367 774 4419 centes
813 4359 982 4415 habcs
1012 4365 1320 4428 suspectos,
1357 4369 1412 4412 at
1447 4367 1503 4413 tu
1578 4360 1685 4414 tuis
1726 4360 1918 4414 saltem
1983 4357 2348 4422 daemonibus,
2407 4357 2562 4428 ipsis,
2600 4357 2846 4427 inquam,
2888 4357 3045 4430 134
3079 4359 3300 4413 oracula
3356 4359 3707 4413 reddentibus
3733 4359 3840 4413 diis

587 4454 859 4518 ausculta,
911 4453 1007 4524 qui
1051 4452 1325 4508 Salvatori
1395 4462 1607 4517 nostro,
1659 4470 1770 4508 non
1824 4460 1885 4508 ut
1938 4461 1997 4509 tu
2052 4454 2451 4525 priestigiarum
2501 4452 2796 4518 fallaciam,
2834 4454 2929 4508 sed
2979 4454 3235 4525 pietatem
3287 4463 3339 4509 et
3410 4455 3755 4525 sapientiam,
3785 4462 3839 4509 et

584 4562 880 4604 ascensum
935 4548 992 4602 in
1040 4548 1239 4603 coelum
1293 4563 1394 4602 suo
1444 4549 1757 4603 testimonio
1804 4548 2072 4603 tribuunt.
2113 4547 2356 4614 Quorum
2419 4548 2639 4619 quidem
2701 4549 2978 4619 quodnam
3037 4550 3134 4603 tibi
3168 4548 3386 4619 dignius
3432 4550 3521 4603 cui
3565 4547 3723 4602 fidem
3748 4548 3838 4602 ha.

582 4640 717 4696 beas
764 4639 1138 4695 testimonium
1192 4638 1275 4694 vis
1325 4638 1466 4703 dari,
1518 4654 1680 4709 quam
1716 4639 1925 4697 inimici
1985 4640 2156 4696 nostri
2196 4639 2621 4706 confessionem,
2694 4655 2859 4711 quam
2901 4640 2955 4694 in
2989 4642 3151 4695 tertio
3216 4639 3490 4695 volumine
3536 4638 3717 4709 posuit
3744 4655 3838 4693 eo-

584 4751 708 4792 rum
737 4752 860 4809 quae
890 4737 1193 4808 inscripsit,
1228 4735 1304 4790 De
1325 4735 1650 4807 philosophia
1682 4737 2030 4804 selectorum,
2055 4736 2149 4791 ubi
2191 4736 2306 4793 haec
2339 4737 2407 4792 ad
2435 4738 2660 4793 verbum
2688 4736 2877 4794 refert.

582 4873 994 4958 Quodyﬁicacia
1021 4875 1135 4955 ipsa
1164 4884 1317 4946 atque
1340 4873 1621 4959 evidentia,
1646 4875 1791 4959 itlius
1828 4877 2017 4959 divino:
2045 4880 2156 4959 vir-

2283 4877 2366 4942 Ως
2420 4876 2708 4959 ᾀπρῌτῆς
2763 4876 3066 4959 ἐνεργείας
3116 4872 3305 4959 ᾳὺηῆς
3341 4870 3668 4959 cor-{optim}
3716 4875 3836 4955 τοῖς

657 4943 925 5015 tutis—uim
954 4943 1244 5012 perspicue
1270 4944 1497 4998 ostendit
1536 4949 1863 5001 amatoribus
1897 4952 2153 5005 veritatis.

2335 4947 2742 5015 φιλαλήθεσιν
2790 4947 2830 5014 ἡ
2860 4943 2972 5015 ἓτῆς
3002 4946 3132 5013 περὶ
3161 4943 3348 4998 αὑτὸν
3375 4944 3584 5015 ἐνθέου
3621 4944 3838 5014 ἀρετῆς

658 5013 895 5072 Oracula
920 5016 983 5070 de
1010 5015 1245 5072 Christo.

2337 5013 2607 5087 δύναμις.
2684 5013 2950 5088 Χρησμοὶ
2978 5015 3238 5085 περὶτοῦ
3278 5014 3554 5083 Χριστοῦ.

652 5150 997 5211 VllaMirum
1018 5151 1242 5208 forsitan
1263 5151 1534 5215 nonnullis
1563 5152 1859 5215 Videbilul‘.
1891 5153 2038 5223 quod
2071 5154 2158 5208 di.

580 5238 726 5294 cturi
773 5253 986 5295 sumus.
1044 5239 1326 5311 Siquidem
1374 5243 1651 5299 Christum
1683 5242 1758 5297 dii
1791 5258 2002 5298 summe
2035 5243 2161 5297 reli-

580 5331 796 5402 giosum
831 5330 1306 5404 immormleinque
1348 5334 1519 5391 fuisse
1570 5335 1951 5406 prodiderunt.
1983 5334 2158 5405 deque

579 5424 677 5478 illo
707 5438 831 5478 cum
870 5423 1031 5479 laude
1059 5426 1393 5483 mentionem
1434 5427 1687 5493 faciunt;
1728 5446 1746 5478 ι
1802 5435 1857 5482 et
1903 5442 2158 5482 sermone

577 5530 903 5587 progressus
936 5515 1184 5587 adjungit
1218 5535 1232 5573 :
1293 5535 1313 5570 ι
1371 5518 1539 5590 Igitur
1563 5518 1631 5574 de
1661 5518 1887 5575 Christo
1915 5519 2157 5575 interro-

576 5607 852 5680 gatttibus,
879 5617 1061 5663 utrum
1088 5610 1159 5665 sit
1195 5608 1357 5677 Deus,
1382 5612 1667 5682 respondit
1698 5628 1713 5667 :

647 5810 688 5842 ⁶¹
723 5808 908 5865 Matth.
947 5826 1069 5877 vin,
1093 5811 1183 5868 29.

2317 5156 2741 5228 Ζ’.εΙΙαράδοξον
2759 5155 2888 5221 ἴσως
2900 5155 3104 5221 δόξεεν
3132 5154 3197 5209 ἀν
3220 5169 3363 5206 τισιν
3395 5149 3532 5206 εἶναι
3555 5151 3616 5204 τὸ
3646 5150 3838 5220 μέλλον

2265 5246 2515 5314 λέγεσθαι
2568 5247 2657 5315 ὑφ’
2710 5246 2883 5316 ἡμῶν.
2909 5246 3012 5298 Τὸν
3054 5245 3162 5316 γὰρ
3191 5244 3422 5316 Χριστὸν
3443 5248 3492 5297 οἱ
3528 5244 3640 5297 θεοὶ
3682 5244 3836 5296 εὐσε-

2266 5336 2525 5390 ϐέστατον
2551 5334 2897 5406 ἀπεφήναντο
2938 5334 3032 5388 καὶ⁸
3069 5335 3335 5389 ἀθάνατον
3362 5335 3644 5403 γεγονότα,
3675 5335 3832 5404 εὐφή-

2267 5444 2386 5498 μως
2402 5444 2463 5479 τε
2489 5425 2652 5479 αὑτοῦ
2685 5426 3096 5496 μνημονεύουσι.
3127 5443 3147 5476 ι
3187 5424 3295 5477 Καὶ
3330 5424 3536 5488 ὑποϐὰς
3561 5422 3829 5492 ἐπιλέγει·

2267 5537 2286 5569 ι
2330 5519 2465 5590 Περὶ
2494 5517 2623 5589 γοῦν
2652 5516 2745 5571 τοῦ
2785 5518 3023 5590 Χριστοῦ
3053 5518 3445 5589 apto-:1;chth
3472 5520 3520 5573 εί
3543 5517 3657 5572 ἔστι
3679 5516 3830 5584 Θεὸς,

2263 5610 2429 5683 φησίν
2452 5626 2468 5643 ο
