4158 6418
341 422 447 479 ΞΞἹ

360 539 515 590 Ὅττι
536 533 654 603 μὲν
667 530 934 599 ἀθανάτη
962 526 1131 599 ψυχὴ
1154 528 1304 603 μετὰ
1320 527 1491 603 σῷμα
1508 527 1845 603 προϐαίνει,

346 597 675 676 nmmo
696 604 886 676 σοςαίῃ
914 597 1300 676 τετιμημένος
1318 616 1331 628 ·
1361 597 1524 676 ᾀξμὰ
1545 614 1611 676 γςε
1635 597 1810 676 ψυχὴ

356 668 586 744 Ἁῦἐρος
613 668 1334 740 εὐσεϐίῄίπροερερεστάτη
1360 668 1533 723 ἐστὶν
1555 668 1813 723 ἐκείνου.
1859 685 1878 717 ι

342 787 749 844 Εὐσεϐέστατον
785 784 896 855 ἄρα
941 782 1045 853 ἐφη
1072 781 1256 847 αὐτὸν,
1277 781 1372 835 καὶ
1401 780 1498 852 τὴν
1529 778 1704 851 ψυχὴν
1731 778 1916 843 αὐτοῦ,

343 880 595 951 καθάπερ
641 877 740 932 καὶ
782 875 894 929 τῶν
957 874 1154 937 ἄλλων,
1202 872 1338 944 μετά
1373 872 1602 927 θάνατον
1646 870 1920 925 ἀπαθανα-

341 971 629 1042 τισθῆναι,
678 969 745 1040 ἢν
785 966 964 1020 σέϐειν
1016 963 1343 1034 ἀγνοοῦντας
1384 965 1513 1027 τοὺς
1538 961 1916 1034 Χριστιανούς.

355 1060 851 1134 Ἑπερωτησάντων
878 1059 937 1113 δὲ
959 1056 1046 1111 διὰ
1064 1056 1115 1109 τί
1138 1054 1426 1126 ἐκολάσθη,
1451 1054 1684 1127 ἔχρησεν
1700 1071 1714 1084 ·

340 1284 518 1352 Σῶμα
537 1282 655 1350 μὲν
684 1279 1011 1352 adpareat
1028 1277 1329 1352 βασάξοοις
1354 1271 1912 1352 αἰεζλπρο-ᾷιέϐληται·

346 1339 613 1423 Ψυάὴῖγ
648 1339 944 1405 εὑοίεϐἐων
965 1339 1051 1416 εἰξ-
1081 1339 1365 1416 adprime?
1395 1343 1582 1399 πέδον
1602 1339 1727 1403 ἵζει.

336 1467 453 1521 Καὶ
503 1465 746 1535 ἐπιλέγει
786 1462 921 1537 μετὰ
945 1463 1033 1517 τὸν
1080 1460 1325 1536 χρησμὸν
1356 1458 1483 1531 ἑξῆς
1510 1475 1523 1489 ·
1564 1477 1583 1509 ι
1623 1456 1793 1520 Αὐτὸς
1825 1451 1917 1510 οὖν

336 1557 592 1630 εὐσεϐὴς,
620 1558 715 1611 καὶ
757 1558 837 1619 είς
870 1554 1133 1627 οὐρανοὺς
1174 1552 1361 1624 ὥσπερ
1392 1553 1440 1604 οἱ
1469 1548 1712 1612 εὐσεϐεῖς
1738 1548 1919 1620 χωρή-

338 1668 465 1715 σας.
499 1650 663 1702 Ὥστε
710 1646 898 1702 τοῦτον
934 1646 1029 1718 μὲν
1064 1647 1126 1700 οὐ
1186 1642 1629 1716 βλασφημήσεις,
1674 1640 1918 1711 ἐλεήσεις

333 1743 396 1796 δὲ
426 1741 537 1796 τῶν
596 1738 899 1812 ἀνθρώπων
942 1737 1038 1810 τὴν
1092 1736 1301 1792 ἄνοιαν.
1336 1755 1354 1788 ι
1389 1735 1574 1789 Ταῦτα
1635 1732 1729 1786 καὶ
1765 1731 1861 1785 νῦν
1888 1732 1917 1784 ὁ

335 1832 673 1907 Πορφύριος.
699 1828 826 1904 Ἆρ’
855 1825 946 1884 οῦν
980 1828 1248 1890 ἀπατεὼν,
1286 1821 1331 1881 ὧ
1352 1820 1523 1891 οὗτος
1556 1823 1657 1878 κᾶν
1690 1822 1759 1876 τά
1786 1822 1914 1893 φίλα

337 1943 402 1981 σε
421 1922 741 1979 δυσωπείτω
763 1923 872 1975 τῶν
901 1921 1114 1974 οἰκείων
1145 1920 1384 1991 ῥήματα.
1418 1916 1604 1987 Ἔχεις
1630 1913 1916 1988 τοιγαροῦν

335 2018 431 2073 τὸν
452 2016 720 2089 ἡμέτερον
748 2014 976 2085 Σωτῆρα
1025 2010 1231 2082 Ἰησοῦν
1257 2010 1348 2064 τὸν
1372 2008 1606 2081 Χριστὸν
1631 2008 1725 2061 τοῦ
1757 2006 1914 2073 Θεοῦ,

336 2110 438 2164 καὶ
466 2108 619 2181 παρὰ
671 2110 784 2170 τοῖς
806 2104 996 2160 ἐαυτοῦ
1026 2101 1440 2175 ὡμολογημένον
1487 2101 1547 2155 οὐ
1592 2101 1765 2172 γόητα
1797 2100 1917 2154 οὐδέ

341 2199 665 2271 φαρμακέα,
690 2194 806 2250 ἀλλ’
833 2194 1027 2266 εὐσεϐῆ
1046 2191 1489 2248 καὶδικαιότατον
1507 2190 1602 2245 καὶ
1631 2190 1791 2261 σοφὸν
1825 2193 1920 2246 καὶ

336 2290 611 2364 οὐρανίων
667 2288 870 2358 ἀψίδων
921 2286 1198 2358 οἰκήτορα.
1239 2285 1297 2337 ’0
1322 2283 1386 2355 δὴ
1415 2277 1507 2336 οῦν
1528 2283 1766 2347 τοιοῦτος
1802 2284 1918 2345 πῶς

337 2382 406 2437 ἂν
461 2381 635 2445 ἄλλως
692 2379 800 2433 τῶν
850 2377 1169 2453 παραδόξων
1211 2376 1387 2447 ἔργων
1419 2373 1607 2444 γέγονε
1632 2374 1915 2446 ποιητὴςῆ

336 2473 572 2544 δυνάμει
619 2472 782 2544 Beia;
834 2472 899 2542 ἦν
948 2469 1042 2523 καὶ
1080 2469 1149 2522 τὰ
1197 2466 1318 2539 ἱερὰ
1363 2466 1520 2534 λόγια
1555 2464 1919 2536 μαρτυροῦσιν

336 2566 511 2639 αὐτῷ,
539 2565 675 2620 Θεοῦ
724 2563 885 2633 λόγον
909 2564 1003 2617 καί.
1031 2560 1166 2617 Θεοῦ
1192 2560 1417 2632 δύναμιν
1452 2558 1549 2630 τὴν
1578 2558 1837 2611 ἀνωτάτω
1861 2559 1918 2610 ἐν

338 2658 635 2731 ἀνθρώπου
696 2659 879 2729 μορφῇ
927 2656 1021 2709 καὶ
1065 2655 1324 2725 σχήματι,
1357 2651 1554 2724 μᾶλλον
1595 2652 1641 2705 δ’
1682 2653 1738 2704 ἐν
1779 2651 1917 2723 αὐτῇ

340 2751 510 2824 σαρκὶ
559 2751 656 2805 καὶ
706 2748 919 2820 σώματι
968 2746 1312 2817 κατοικῆσαι,
1361 2743 1457 2797 καὶ
1512 2745 1693 2797 πᾶσαν
1734 2742 1831 2813 τὴν
1862 2743 1919 2795 ὲν

337 2842 653 2916 ἀνθρώποις
727 2839 1036 2911 οἰκονομίαν
1130 2835 1440 2892 ἐπιτελέσαι
1516 2834 1915 2907 μαρτυροῦντα.

338 2937 456 2991 Καὶ
482 2936 547 2989 σύ
592 2934 637 2988 δ’
678 2933 744 2987 ἂν
786 2932 948 2997 αὐτὸς
990 2928 1325 3002 καταμάθοις
1355 2929 1414 2982 τὸ
1453 2927 1630 2981 ἔνθεον
1662 2926 1761 2997 τῆς
1793 2926 1921 2999 περί

339 3024 508 3080 αὐτοῦ
538 3025 839 3096 δυνάμεως,
885 3025 931 3075 εἰ
978 3021 1219 3090 λογίσαιο
1266 3020 1349 3083 τίς
1387 3035 1515 3073 ποτε
1558 3016 1632 3070 ὢν
1678 3017 1787 3087 ἂρα
1823 3016 1922 3088 τὴν

1533 3109 1556 3141 5

340 3117 506 3189 φύσιν
554 3117 650 3170 καί
702 3115 931 3187 πηλίκος
982 3114 1179 3185 ἄνδρας
1225 3111 1462 3173 εὐτελεῖς
1498 3109 1557 3175 ἐξ
1598 3109 1781 3173 ἁλείες
1827 3108 1921 3163 καὶ

337 3208 600 3265 ταπεινοῦ
635 3208 750 3280 βίου
797 3205 1375 3279 προσοικειωσάμενος,
1409 3201 1616 3266 τούτοις
1652 3202 1919 3272 κέχρηται
1947 3227 1990 3284 C

342 3304 615 3365 διακόνοις
665 3301 757 3354 ἐπὶ
804 3296 1134 3370 κατορθώσει
1184 3296 1505 3367 πράγματος
1540 3294 1714 3347 πάντα
1757 3292 1922 3346 καλύ-

343 3412 573 3459 πτοντος
601 3394 778 3462 λόγον.
808 3388 1116 3460 Διανοηθεὶς
1139 3387 1244 3457 γάρ
1276 3386 1305 3440 ὂ
1340 3385 1527 3458 μηδεὶς
1568 3383 1811 3449 πώποτε,
1836 3385 1922 3437 νό-

342 3505 484 3560 μους
516 3486 747 3549 οἰκείους
774 3486 867 3537 καὶ
893 3481 1047 3553 ξένην
1077 3478 1420 3533 διδασκαλίαν
1452 3479 1529 3541 εἰς
1557 3478 1734 3531 πάντα
1761 3494 1921 3530 κατα-

318 3582 565 3652 σπεῖραι
600 3577 669 3630 τὰ
698 3576 848 3646 ἔθνη,
881 3574 972 3627 καὶ
1009 3572 1206 3636 παντὸς
1237 3570 1425 3640 γένους
1453 3566 1753 3641 ἀνθρώπων
1786 3568 1921 3622 διδά-

339 3672 541 3726 σκαλον
572 3668 854 3731 εὐσεϐείας
897 3666 1013 3729 ἐνδς
1049 3664 1142 3718 τοῦ
1192 3664 1284 3718 ἐπὶ
1318 3664 1531 3717 πάντων
1563 3662 1696 3716 Θεοῦ
1731 3661 1919 3716 ἑαυτὸν

337 3763 641 3833 ἀποφῆναι,
663 3762 777 3824 τοῖς
808 3758 1024 3811 πάντων
1057 3756 1461 3827 ἁγροικοτάτοις
1491 3756 1581 3808 καί
1615 3753 1920 3808 εὐτελεστά-

334 3872 454 3918 τοις
479 3854 726 3924 ἡγήσατο
757 3848 988 3923 χρῆσθαι
1019 3850 1116 3921 τῆς
1139 3848 1343 3910 οἰκείας
1376 3846 1567 3918 βουλῆς
1596 3846 1914 3918 ὑπηρέταις.

336 3944 503 4008 Εἰκός
541 3960 660 3996 τινα
689 3936 1119 4014 παραλογώτατα
1144 3935 1313 3990 ταῦτα
1354 3936 1515 3989 αὐτὸν
1560 3935 1917 4007 πεποιηκέναι

337 4035 577 4107 νομίσαι.
621 4033 747 4097 Πῶς
772 4031 881 4103 γὰρ
921 4031 970 4083 οἰ
1003 4029 1134 4099 μηδέ
1166 4029 1345 4100 διᾶραι
1389 4026 1672 4098 δυνάμενοι
1722 4026 1915 4097 στόμα,

339 4127 446 4182 κᾶν
470 4127 587 4190 eve;
609 4142 754 4188 τινος
777 4121 1081 4177 διδάσκαλοι
1106 4123 1463 4190 κατέστησαν,
1482 4117 1601 4188 οὐχί
1621 4135 1685 4186 γε
1709 4117 1918 4188 ἀνδρῶν

340 4218 632 4287 συλλόγου;
665 4214 783 4279 πῶς
828 4214 871 4267 δ’
912 4212 977 4267 ἂν
1009 4211 1201 4284 πλήθει
1247 4209 1614 4281 διειλέχθησαν
1655 4209 1704 4262 oi
1736 4208 1918 4279 πάσης

337 4311 498 4374 tacto;
541 4309 824 4378 γεγονότες
872 4304 1149 4368 παιδείας;
1192 4302 1349 4356 Ἀλλὰ
1404 4299 1545 4355 τοῦτ’
1592 4295 1660 4372 ἦν
1707 4301 1813 4372 ἄρα
1856 4300 1918 4353 τὸ

334 4406 439 4477 τῆς
480 4403 665 4457 ἐνθέου
724 4400 937 4471 βουλῆς,
978 4399 1071 4451 καὶ
1118 4396 1216 4469 τῆς
1261 4393 1587 4467 ἐνεργούσης
1636 4395 1693 4446 ἐν
1736 4393 1918 4456 αὐτοῖς

336 4496 490 4559 θείας
538 4494 817 4564 δυνάμεως
879 4486 1303 4560 παραστατικὸν.
1365 4484 1724 4548 ’Λνακαλέσας
1784 4482 1916 4553 γοῦν

1240 405 1894 467 DEMONSTRATIONIS
1930 403 2393 461 EVANGELICIE
2434 403 2562 460 LlB.
2605 405 2694 460 lll.

1946 529 1993 587 Α
2026 521 2391 593 Immortalem
2426 522 2658 576 animum
2685 533 2804 590 post
2840 538 3048 577 cassum
3098 521 3333 577 incedere
3375 536 3586 593 corpus,

3480 407 3587 463 9.58

2024 592 2255 646 Nascere
2285 592 2600 647 honoratam
2630 595 2880 661 sapientis
2905 596 3035 656 luce,
3060 593 3150 647 sed
3176 594 3327 646 iilam

2023 661 2254 734 Insignis
2280 664 2471 730 pietate
2498 664 2600 717 viri
2638 672 2860 717 mentem
2887 680 2998 717 esse
3027 662 3292 718 decoram.
3322 683 3339 714 ι

2023 774 2244 833 Summe
2283 791 2414 847 ergo
2466 777 2778 848 religiosum
2808 776 2957 829 illum
2990 776 3149 840 dixit,
3172 785 3225 831 et
3255 777 3493 833 animam
3526 778 3592 833 il-

2019 870 2128 926 lius
2172 870 2334 925 sicuti
2384 870 2639 935 aliorum,
2675 878 2796 940 post
2827 878 3057 925 mortem
3100 869 3462 927 immortalem
3496 871 3580 925 fa-

2020 971 2188 1027 ctam,
2244 977 2472 1033 eamque
2542 963 2745 1028 colere,
2810 962 3126 1034 ignorantes
3201 962 3590 1031 Christianos;

2020 1053 2215 1110 deinde
2236 1054 2703 1125 interrogantibus
2735 1070 2835 1109 cur
2865 1054 3136 1125 supplicio
3164 1054 3391 1111 allectus
3419 1062 3587 1121 esset,

2019 1145 2304 1217 respondit
2334 1165 2347 1198 :

2021 1259 2153 1315 Esse
2172 1259 2381 1328 quidem
2411 1274 2612 1327 semper
2640 1258 2846 1313 modica
2873 1259 3196 1313 cruciamina
3230 1268 3427 1312 tortum

2021 1329 2245 1401 Corpus,
2274 1341 2329 1384 at
2368 1329 2603 1384 anhereis
2633 1338 2854 1383 mentem
2881 1330 3167 1384 clarescere
3195 1332 3416 1400 campis.

2019 1440 2087 1495 Et
2114 1448 2238 1512 post
2260 1441 2544 1496 oraculum
2599 1439 2848 1510 adiungit
2878 1440 3137 1511 deinceps
3176 1460 3188 1494 :
3225 1459 3244 1492 ι
3276 1440 3395 1511 Ipse
3429 1441 3593 1513 igitur

2017 1532 2164 1604 pius,
2187 1541 2239 1588 et
2267 1532 2324 1588 in
2357 1531 2577 1599 C(Billm,
2611 1538 2673 1586 ut
2704 1532 2777 1603 pii
2813 1531 3011 1596 solent,
3038 1533 3355 1590 subvectus.
3406 1532 3591 1600 Quare

2030 1627 2176 1685 hunc
2223 1627 2443 1698 quidem
2487 1643 2598 1683 non
2629 1627 3028 1693 exsecraberis,
3077 1627 3427 1684 miseraberis
3460 1644 3591 1684 vero

2019 1719 2299 1774 hominum
2322 1717 2721 1789 ignorantiam?
2757 1736 2777 1768 λ
2810 1716 2941 1772 Haec
2971 1717 3136 1772 etiam
3171 1733 3319 1773 nunc
3346 1717 3591 1791 Porphy-

2028 1811 2168 1867 rius.
2206 1810 2404 1877 Quaaso
2444 1810 2630 1881 igitur,
2658 1810 2906 1880 nunquid
2936 1810 3203 1881 impostor
3229 1811 3355 1865 ille?
3398 1820 3454 1864 at
3481 1811 3593 1867 sal-

2017 1912 2125 1959 tem
2157 1911 2379 1957 tucrum
2424 1903 2724 1958 amicorum
2760 1902 2926 1957 verba
2978 1902 3073 1957 tibi
3127 1903 3480 1970 hlandientia,
3537 1912 3592 1959 te

2018 1991 2260 2048 ﬂectant.
2292 1992 2471 2049 Habes
2502 1993 2669 2065 igitur
2708 2003 2957 2049 nostrum
3006 1991 3343 2050 Salvatorem
3377 1993 3587 2060 Iesum,

2017 2086 2109 2157 qui
2157 2086 2415 2142 Christus
2460 2094 2545 2141 est
2592 2084 2708 2151 Dei,
2756 2086 2921 2141 etiam
2976 2086 3218 2141 virorum
3247 2079 3591 2143 ‘testimonio

2018 2178 2457 2248 comprobatum,
2487 2185 2545 2231 ut
2575 2194 2684 2232 non
2730 2178 3207 2249 praestigiatorem,
3262 2190 3356 2234 aut
3386 2180 3591 2236 veneﬁ-

2018 2283 2163 2334 cum,
2210 2270 2302 2325 sed
2358 2277 2416 2324 ut
2456 2269 2627 2340 pium,
2676 2277 2731 2325 et
2771 2270 3158 2340 iustissimum,
3190 2278 3243 2327 et
3269 2272 3591 2342 sapientem,

2018 2360 2343 2431 orbiumque
2391 2362 2699 2416 caelestium
2762 2362 3018 2418 incolam.
3075 2362 3180 2428 Qui
3244 2364 3411 2434 igitur
3468 2365 3592 2420 talis

2021 2449 2144 2513 fuit,
2177 2465 2410 2521 quanam
2444 2452 2551 2507 alia
2599 2453 2812 2509 ratione
2864 2452 3265 2508 admirabilium
3317 2452 3589 2510 factorum

2021 2550 2212 2598 auctor
2243 2558 2366 2599 esse
2394 2544 2590 2614 potuit,
2627 2544 2734 2600 nisi
2766 2544 2967 2601 virtute
2991 2546 3217 2601 divina?
3245 2562 3407 2617 quam
3429 2549 3591 2603 etiam

2021 2650 2178 2717 sacra
2204 2638 2428 2692 oracula
2452 2638 2785 2693 testimoniis
2802 2638 2918 2694 suis
2941 2638 3017 2693 illi
3037 2639 3309 2704 tribuunt,
3332 2654 3453 2709 qua:
3480 2641 3597 2710 qui-

2020 2726 2142 2783 dem
2166 2727 2262 2783 Dei
2280 2728 2505 2784 verbum
2522 2728 2725 2800 Deique
2736 2729 2990 2785 virtutem
3009 2745 3342 2801 supremam,
3359 2733 3414 2786 in
3428 2732 3598 2788 homi-

2020 2818 2107 2874 nis
2130 2818 2303 2874 forma
2318 2828 2481 2890 atque
2504 2820 2713 2887 habitu,
2738 2836 2802 2875 ac
2825 2822 3009 2892 potius
3029 2824 3082 2876 in
3102 2823 3220 2893 ipsa
3239 2837 3427 2886 carne,
3446 2824 3596 2895 ipso-

2021 2904 2365 2980 quecorpbre
2376 2910 2671 2974 habitasse,
2697 2924 3024 2982 omnemque
3041 2910 3334 2965 humanam
3367 2910 3600 2981 disposi-

2024 3001 2248 3066 tionem,
2280 3004 2848 3075 gubernationemque
2868 3004 3194 3067 absolvisse,
3213 3002 3597 3061 testificantur.

2027 3092 2184 3163 135
2208 3092 2288 3148 Tu
2321 3110 2539 3166 quoque
2571 3096 2729 3152 facile
2765 3095 2951 3151 discas
2977 3095 3318 3151 divinitatem
3366 3095 3591 3150 virtutis

2023 3198 2145 3253 quae
2187 3182 2255 3239 de
2290 3183 2384 3238 illo
2417 3184 2609 3250 fertur,
2643 3185 2691 3242 si
2723 3186 2931 3256 cogites
2972 3200 3093 3256 qua
3140 3185 3233 3241 ille
3285 3193 3505 3251 natura,
3540 3194 3596 3242 et

2023 3275 2329 3346 eujusmodi
2361 3279 2622 3347 praeditus
2644 3317 2659 3342 ,
2691 3280 2841 3334 viros
2891 3277 3160 3349 ignobiles
3191 3276 3259 3332 de
3299 3279 3595 3347 piscatorio

2022 3373 2185 3436 atque
2213 3366 2404 3421 humili
2434 3368 2578 3422 victu
2625 3368 2922 3438 acceperit,
2984 3366 3199 3437 sibique
3257 3368 3594 3437 adjunxerit.

2021 3453 2224 3510 Deinde
2257 3456 2324 3511 iis
2360 3472 2494 3512 usus
2534 3456 2606 3512 sit
2634 3456 2977 3513 administris
3007 3456 3072 3511 ad
3111 3456 3242 3512 illud
3296 3458 3592 3527 incoeptum

2020 3547 2430 3617 perliciendum,
2462 3549 2606 3619 quod
2636 3563 2852 3604 omnem
2884 3548 3107 3619 effugiat
3137 3549 3426 3604 rationem.
3456 3547 3592 3602 Cum

2020 3641 2163 3696 enim
2227 3642 2520 3713 cogitasset
2588 3643 2643 3696 id
2669 3642 2816 3713 quod
2866 3643 3051 3696 nullus
3095 3657 3334 3713 unquam
3383 3641 3594 3712 COgita-

2020 3734 2096 3789 vit
2126 3753 2138 3788 :
2173 3734 2424 3804 proprias
2455 3734 2599 3805 leges
2623 3749 2930 3806 novamque
2955 3734 3261 3789 doctrinam
3316 3733 3370 3788 in
3401 3748 3592 3789 omnes

2019 3827 2379 3884 disseminare
2424 3829 2698 3894 nationes,
2761 3843 3033 3900 omneque
3088 3827 3369 3884 hominum
3419 3842 3592 3898 genus

2017 3933 2138 3974 eam
2167 3917 2364 3973 docere
2413 3918 2692 3987 pietatem,
2721 3934 2843 3989 quae
2872 3934 3041 3973 unum
3066 3933 3383 3989 supremum
3417 3916 3587 3973 Deum

2018 4024 2388 4078 veneraretur,
2417 4013 2550 4083 huju
2588 4029 2695 4084 que
2744 4013 2824 4070 rei
2866 4028 2927 4069 se
2959 4013 3286 4083 magistrum
3312 4012 3589 4075 exhibere,

2019 4107 2259 4162 omnium
2290 4108 2527 4162 maxime
2549 4108 2856 4177 agrestibus
2889 4108 3235 4176 maximeque
3260 4103 3591 4175 ignobilibus

2019 4198 2228 4269 putavit
2255 4197 2357 4254 sibi
2380 4198 2639 4253 utendum
2654 4212 2775 4253 esse
2796 4197 3024 4267 hujusce
3052 4196 3264 4251 consilii
3290 4194 3591 4250 ministris:

2019 4299 2207 4362 utpote
2234 4306 2358 4344 cum
2412 4289 2709 4345 verisimile
2738 4291 2807 4345 sit
2841 4290 2992 4344 illum
3047 4288 3363 4350 censuisse,
3397 4293 3593 4355 praeter

2018 4396 2232 4436 omnem
2284 4380 2550 4434 rationem
2585 4378 2700 4433 lucc
2733 4394 2792 4434 se
2841 4377 3130 4432 facturum.
3159 4373 3279 4440 Quo
3320 4375 3462 4429 enim
3495 4388 3594 4443 μισ

2018 4484 2127 4539 cto,
2164 4473 2255 4544 qui
2283 4489 2354 4528 ne
2390 4470 2650 4526 diducere
2683 4469 2900 4541 quidem
2953 4484 3018 4524 os
3049 4466 3228 4523 idonei
3261 4472 3439 4527 erant,
3483 4466 3593 4519 sal~

334 4588 557 4652 αὐτοὺς,
604 4585 671 4638 τά
718 4583 814 4655 μέν
853 4580 1045 4652 πρῶτά
1096 4594 1261 4651 φησιο
1303 4596 1321 4627 ι
1358 4575 1540 4640 Δεῦτε,
1579 4574 1918 4629 ἀκολουθεῖτέ

2022 4574 2133 4619 tem
2158 4565 2322 4618 unius
2343 4563 2651 4632 cuiuspiam
2693 4559 2930 4615 hominis
2963 4564 3328 4628 praeceptores
3358 4555 3471 4611 fieri
3495 4570 3595 4625 po-

336 4699 449 4752 μοι,
491 4680 586 4733 καὶ
631 4677 840 4748 ποιήσω
886 4674 1030 4745 ὑμᾶς
1071 4672 1241 4735 ἁλιεῖς
1284 4667 1603 4740 ἀνθρώπων.
1642 4687 1660 4719 ι
1697 4666 1913 4740 Ἐπειδὴ

332 4772 392 4826 δὲ
431 4770 616 4824 λοιπὸν
655 4767 851 4830 αὐτοὺς
895 4761 1219 4824 ἀκολούθους
1271 4759 1563 4829 ἐκτήσατο,
1604 4755 1913 4827 ἐμπνεύσας

331 4865 520 4926 αὐτοῖς
561 4862 840 4925 δυνάμεως
880 4858 1049 4921 θείας,
1098 4854 1288 4925 μένους
1325 4868 1386 4904 τε
1420 4849 1512 4903 καὶ
1553 4850 1786 4920 θάρσους
1817 4849 1915 4918 ἐμ-

335 4958 572 5027 πλήσας,
604 4954 700 5008 καὶ
731 4952 795 5024 δὴ
826 4951 916 5004 οίά
937 4954 1019 5013 τις
1047 4945 1261 5017 ἀληθῶς
1286 4944 1419 4998 Θεοῦ
1438 4942 1595 5013 λόγος
1627 4942 1720 4997 καὶ
1753 4941 1914 5005 αὐτὸς

333 5049 490 5114 Θεὸς,
519 5043 849 5117 τηλικούτων
882 5040 1171 5112 θαυμάτων
1192 5037 1443 5109 ποιητὴς,
1486 5035 1685 5106 νοερῶν
1714 5033 1913 5095 αὐτοὺς

330 5142 429 5198 καὶ
459 5137 693 5209 λογικῶν
716 5134 901 5206 ψυχῶν
925 5130 1191 5206 θηρευτὰς
1226 5131 1478 5201 ποιήσας,
1506 5126 1668 5199 ἔργον
1698 5142 1759 5177 τε
1797 5125 1915 5178 ἐπι-

331 5233 449 5297 θεὶς
470 5233 537 5302 τῇ
556 5231 731 5299 φωνῇ,
751 5229 840 5297 τῇ,
860 5244 879 5277 ι
902 5224 1085 5289 Δεῦτε,
1109 5219 1449 5278 ἀκολουθεῖτέ
1466 5234 1575 5289 μοι,
1595 5217 1690 5271 καὶ
1707 5216 1915 5287 ποιήσω

332 5326 481 5396 ὑμᾶς
514 5323 683 5386 ἁλιεῖς
712 5317 1036 5391 ἀνθρώπων,
1086 5337 1103 5368 ι
1136 5315 1375 5387 φησάσῃ,
1414 5309 1547 5383 ὁμοῦ
1583 5328 1639 5363 τε
1678 5308 1915 5380 ἐργάτας

335 5419 430 5473 καὶ
478 5414 835 5476 διδασκάλους
879 5411 1074 5474 αὐτοὺς
1130 5405 1411 5468 εὐσεϐείας
1453 5400 1912 5474 ἀπειργασμένος,

332 5510 436 5582 ἥδη
482 5510 577 5563 καὶ
615 5507 695 5571 εἰς
746 5505 923 5560 πάντα
967 5501 1034 5556 τά
1083 5500 1208 5572 ἔθνη
1259 5496 1613 5569 διεπέμπετο,
1668 5495 1916 5582 κήρυκας

334 5580 616 5662 ἀναδείξας
642 5596 741 5667 τῆς
772 5591 937 5649 αὐτοῦ
968 5588 1336 5651 διδασκαλίας.
1371 5587 1481 5639 Καὶ
1505 5585 1589 5649 τίς
1618 5585 1717 5638 οὐκ
1740 5582 1803 5637 ἂν
1830 5580 1917 5645 ἐξ-

335 5690 565 5759 επλάγη,
591 5685 687 5741 καί
718 5684 1021 5756 ἠπίστησεν
1047 5681 1113 5736 ἂν
1148 5679 1371 5740 εἰκότως
1402 5674 1481 5746 τῷ
1511 5673 1794 5745 παραδόξῳ
1820 5672 1913 5725 τοῦ

334 5782 626 5854 θαύματος,
650 5782 740 5834 ὅτε
772 5776 959 5849 μηδεὶς
991 5774 1090 5848 μὲν
1122 5772 1229 5826 τῶν
1263 5767 1487 5847 πώποτε.
1525 5768 1582 5819 ἐν
1611 5764 1916 5848 άπιθρίύποις

413 5915 674 5977 ".Matth.
718 5929 795 5979 tv,
821 5910 905 5965 18.

2016 4665 2261 4720 tuerunt,
2285 4657 2485 4712 nedum
2512 4655 2755 4710 virorum
2774 4659 3078 4709 conventus
3116 4650 3140 4705 ?
3185 4648 3458 4720 quomodo
3488 4662 3589 4701 au-

2015 4760 2123 4805 tem
2178 4747 2580 4802 multitudinem
2643 4744 2846 4813 alloqui
2900 4751 2993 4796 aut
3042 4741 3336 4800 instruere,
3374 4739 3465 4809 qui
3520 4738 3591 4792 ah

2015 4838 2161 4896 omni
2190 4838 2497 4894 eruditione
2519 4835 2886 4890 abhorrebant
2919 4833 2942 4886 ?
2970 4832 3040 4885 At
3074 4831 3175 4885 hoc
3202 4827 3422 4898 quidem
3466 4825 3591 4893 fuit,

2017 4929 2165 5002 quod
2190 4939 2244 4985 et
2274 4929 2521 4984 divinum
2553 4926 2867 4986 consilium,
2903 4930 2956 4977 et
2987 4922 3096 4976 vim
3119 4921 3359 4975 divinam
3391 4932 3514 4989 quae
3534 4917 3589 4970 in

2016 5025 2146 5087 illis,
2179 5029 2232 5077 et
2257 5036 2380 5076 cum
2402 5021 2509 5075 illis
2525 5019 2700 5089 ipsum
2726 5031 2865 5087 opus
2890 5013 3095 5073 obibat,
3113 5010 3435 5065 declararet.
3453 5009 3595 5080 Ergo

2017 5130 2140 5171 cum
2166 5115 2289 5170 illos
2319 5119 2590 5180 vocasset,
2630 5119 2744 5163 tum
2801 5109 3037 5180 primum
3071 5105 3213 5160 dixit
3243 5120 3259 5156 :
3322 5123 3340 5155 ι
3375 5101 3591 5167 Venite,

2018 5205 2311 5278 sequimini
2332 5220 2417 5260 me
2434 5223 2446 5258 :
2462 5211 2515 5259 et
2534 5202 2727 5258 faciam
2746 5216 2843 5256 vos
2864 5199 3169 5269 piscatores
3186 5196 3469 5252 hominum
3485 5194 3551 5248 υ.
3568 5215 3588 5247 ι

2017 5300 2153 5354 Cum
2189 5313 2317 5352 vero
2341 5295 2453 5367 jam
2486 5295 2609 5348 illos
2643 5297 2944 5347 sectatores
2985 5300 3135 5345 esset
3166 5288 3418 5359 adeptus,
3451 5286 3592 5341 :livi-

2017 5404 2198 5459 naquc
2222 5402 2321 5443 sua
2349 5385 2397 5439 vi
2423 5384 2680 5446 alllasset,
2730 5382 3034 5451 roboreque
3074 5390 3240 5451 atque
3270 5378 3440 5433 animi
3464 5390 3595 5431 con-

2019 5482 2239 5538 ﬁdentia
2273 5479 2620 5551 complesset,
2637 5478 2861 5547 jamque
2885 5473 3050 5529 veluti
3069 5472 3342 5544 quoddam
3357 5486 3483 5526 vere
3501 5469 3595 5523 Dei

2018 5577 2267 5638 verbum,
2324 5575 2550 5644 ipseque
2581 5570 2724 5625 Deus
2755 5576 3033 5623 tantorum
3085 5576 3275 5623 auctor
3300 5565 3597 5622 miraculo-

2017 5683 2163 5732 rum,
2214 5664 2633 5736 intelligentium
2670 5661 3134 5732 rationaliumque
3175 5659 3480 5713 animarum
3511 5674 3588 5710 ve-

2018 5766 2240 5816 natores
2269 5758 2394 5813 illos
2412 5753 2791 5811 constituisset
2819 5773 2831 5809 :
2855 5766 3080 5823 remque
3114 5751 3293 5822 ipsam
3327 5756 3490 5819 atque
3521 5745 3593 5802 ef-
