4120 6420
547 365 652 420 259

1184 361 1454 420 EUSEBII
1491 361 1971 421 C/ESARlENSlS
2006 362 2159 420 OPP.
2201 360 2402 418 PARS.
2449 359 2514 418 ll.
2556 393 2627 404 —
2661 361 3165 424 APOLOGETICA.

3700 371 3814 428 2&0

547 485 1152 555 ticaciamadjunxisset
1176 486 1295 541 voci
1322 486 1421 550 illi,
1452 501 1561 556 qua
1581 485 1795 541 dixerat
1820 504 1835 540 :
1867 504 1885 537 ι
1916 484 2115 549 VeniteI

2233 481 2537 554 γενομένων
2580 481 2874 552 διαφανῶν,
2912 485 2989 557 μὴ
3034 484 3309 556 βασιλεὺς,
3366 485 3441 559 μὴ
3490 486 3814 561 νομοθέτης,

545 578 838 648 sequimini
870 593 978 640 me,
1009 586 1073 631 ee
1091 576 1285 630 faciam
1319 594 1417 633 vos
1446 579 1752 648 piscatores
1782 575 2119 639 hominum,»

543 670 817 740 simulque
842 676 896 723 et
924 671 1207 739 operarios
1232 678 1286 725 et
1320 670 1615 742 magistros
1645 668 1866 740 pietatis
1890 669 2012 724 illos
2046 667 2126 724 fe-

542 769 731 827 cisset,
772 768 885 815 tum
912 762 964 815 in
992 777 1187 817 omnes
1219 770 1410 833 gentes
1470 763 1711 825 dimisit,
1740 776 1962 833 suaeque
2009 761 2113 817 do-

553 854 744 909 ctrinzu
761 870 1040 925 praecones
1070 856 1391 910 declaravit.
1410 855 1544 922 Quis
1571 863 1755 910 autem
1786 871 1897 909 non
1927 854 2125 909 obstu~

545 952 753 1015 pescat,
808 947 933 1016 quis
966 962 1075 1001 non
1130 945 1453 1001 incredibile
1499 946 1699 1001 merito
1744 945 2022 1003 existimet
2067 941 2124 997 id

539 1035 688 1106 quod
742 1052 960 1093 omnem
1003 1036 1165 1093 [idem
1224 1044 1447 1106 superat
1498 1036 1878 1092 miraculum?
1930 1033 2124 1089 Nullus

539 1138 688 1183 certe
714 1144 925 1190 eorum,
969 1131 1064 1199 qui
1111 1143 1352 1197 unquam
1404 1126 1640 1197 alicujus
1679 1125 1948 1181 claritatis
1982 1124 2124 1179 inter

540 1224 791 1279 homines
826 1221 1070 1285 fuerunt,
1091 1237 1201 1276 non
1227 1237 1344 1287 rex,
1378 1236 1486 1274 non
1510 1220 1688 1290 legum
1720 1219 2122 1285 inventor,non

537 1317 917 1386 philosophus,
942 1331 1051 1371 non
1081 1314 1326 1377 Grzecus,
1349 1328 1457 1367 non
1484 1313 1777 1377 barbarus,
1808 1311 2121 1381 hujusmodi

537 1408 836 1480 quidquam
865 1408 1142 1478 cogitasse
1174 1414 1455 1472 narratur,
1494 1421 1559 1462 ac
1586 1421 1655 1461 ne
1678 1405 2120 1477 somniassequi-

536 1506 660 1561 dem
682 1506 887 1576 aliquid
902 1505 1048 1576 quod
1060 1504 1129 1559 ad
1147 1505 1250 1561 hoc
1267 1504 1516 1575 proxime
1536 1502 1782 1558 accedat.
1811 1500 1958 1558 Satis
1972 1502 2118 1558 enim

536 1614 816 1670 superque
842 1597 1221 1668 unusquisque
1248 1597 1438 1652 talium
1456 1611 1690 1667 semper
1719 1595 1931 1661 habuit,
1959 1594 2119 1650 dum-

535 1692 699 1746 modo
730 1691 786 1745 in
815 1705 914 1744 sua
941 1689 1163 1761 regione
1202 1688 1513 1745 institutum
1544 1703 1705 1744 suum
1745 1687 2118 1759 prepositum-

535 1799 644 1854 que
664 1783 964 1853 compleret
1004 1799 1023 1851 ;
1052 1789 1108 1838 et
1137 1795 1260 1852 qua:
1286 1782 1444 1837 bona:
1478 1780 1751 1851 utilesque
1781 1781 1912 1836 visae
1933 1788 2118 1835 essent

2235 574 2311 645 μὴ
2341 573 2645 645 φιλόσοφος,
2680 576 2753 648 μὴ
2782 577 3002 648 Ἕλλην,
3038 578 3111 650 μὴ
3148 578 3443 650 βάρϐαρος,
3488 579 3730 639 τοιοῦτόν
3762 599 3818 636 τι

2230 666 2528 739 διανοηθεὶς
2562 670 2878 741 ἱστορεῖται,
2920 671 3035 724 ἀλλ’
3072 672 3181 725 οὐδ’
3205 673 3286 735 εἰς
3317 673 3615 741 φαντασίαν
3646 672 3820 729 ἐλθὼν

2230 758 2325 812 τοῦ
2360 761 2779 832 παραπλησίους
2809 763 3089 834 ἀγαπητὸν
3117 764 3227 835 γάρ
3270 764 3484 836 ἑκάστῳ
3508 760 3598 836 ἦν,
3638 767 3687 819 εἰ
3722 766 3820 820 καὶ

2230 852 2324 906 ἐπὶ
2354 852 2521 924 μόνης
2539 853 2641 922 τῆς
2660 854 2863 919 οἰκείας
2889 855 2991 927 γῆς
3016 855 3078 909 τὸ
3109 857 3308 911 οἰκεῖον
3342 856 3671 927 ὶπάγγελμα
3701 874 3822 910 συν-

2229 944 2514 1015 εστήσατο,
2553 945 2649 999 καὶ
2693 946 2820 1008 τοὺς
2862 945 3043 1010 καλῶς
3087 946 3230 1017 ἔχειν
3278 947 3545 1018 φανέντας
3594 948 3819 1018 νόμους,

2230 1034 2331 1090 κᾶν
2370 1037 2455 1106 ἐφ’
2483 1036 2603 1101 ἑνὸς
2635 1037 2726 1091 τοῦ
2755 1038 2954 1092 οἰκείου
2981 1037 3168 1103 ἔθνους
3192 1038 3459 1111 κρατῦναι
3485 1034 3599 1104 οἷός
3625 1056 3685 1093 τε
3713 1030 3813 1111 ira"

2228 1128 2256 1179 ὁ
2287 1127 2343 1181 δὲ
2390 1127 2556 1200 μηδὲν
2608 1127 2801 1200 θνητὸν
2845 1131 2938 1183 καὶ
2993 1128 3335 1202 ἀνθρώπινον
3374 1130 3682 1203 διανοηθεὶς
3712 1132 3818 1203 ὅρα

2228 1219 2277 1271 εί
2313 1217 2389 1289 μὴ
2421 1218 2497 1282 ὡς
2521 1219 2737 1291 ἀληθῶς
2766 1219 2901 1274 Θεοῦ
2925 1221 3084 1276 πάλιν
3111 1225 3388 1295 προήκατο
3415 1224 3619 1295 φωνὴν,
3653 1224 3816 1276 αὐτο-

2226 1308 2370 1376 λεξεὶ
2403 1311 2582 1381 φήσας
2607 1314 2720 1375 τοῖς
2747 1312 3150 1378 εὐτελεστάτοις
3186 1315 3414 1379 ἐκείνοις
3441 1314 3605 1368 αὐτοῦ
3636 1314 3816 1389 μαθη-

2225 1405 2377 1466 ταῖςο
2418 1422 2437 1454 ι
2476 1403 2839 1475 Πορευθέντες
2874 1405 3249 1476 μαθητεύσατε
3293 1406 3469 1460 πάντα
3499 1406 3567 1459 τά
3599 1406 3746 1476 ἔθνη.
3789 1425 3810 1457 ι

2224 1492 2335 1546 Καὶ
2373 1492 2510 1557 πῶς,
2544 1489 2698 1548 εἷπον
2727 1494 2792 1548 ἂν
2822 1495 2869 1548 οἱ
2899 1494 3140 1568 μαθηταὶ
3160 1495 3236 1569 τῷ
3259 1496 3575 1568 Διδασκάλῳ
3596 1497 3816 1558 πάντως

2226 1603 2330 1639 που
2365 1586 2815 1658 ἀποκρινάμενοι,
2853 1587 3000 1641 τοῦθ’
3037 1580 3169 1660 η’μῖν
3221 1588 3375 1643 ἔσται
3407 1589 3656 1655 δυνατόν;
3686 1589 3814 1653 Πῶς

2222 1676 2332 1748 γὰρ
2374 1676 2685 1747 Ῥωμαίοις,
2712 1678 2866 1750 φέρε,
2898 1679 3239 1752 κηρύξομεν;
3267 1681 3383 1745 πῶς
3405 1681 3463 1735 δὲ
3492 1681 3812 1750 Αἰγυπτίοις

2221 1767 2718 1840 διαλεχθησόμεθα;
2750 1771 2881 1844 ποίᾳ
2913 1770 2970 1825 δὲ
3004 1772 3319 1845 χρησόμεθα
3355 1773 3498 1839 λέξει
3531 1775 3668 1847 πρὸς
3693 1773 3813 1828 Ἐλ-

534 1877 704 1948 leges,
728 1893 823 1935 eas
846 1877 901 1932 in
932 1891 1041 1932 una
1072 1877 1268 1933 saltem
1315 1890 1416 1932 sua
1448 1875 1623 1947 ipsius
1676 1883 1856 1946 gente,
1903 1879 2115 1930 sancire

2221 1861 2407 1934 ληνας,
2444 1849 2636 1935 ἄνδρες
2680 1867 2745 1937 τῇ
2796 1866 2984 1938 Σύρων
3026 1866 3384 1940 ἐντραφέντες
3431 1864 3581 1943 μόνη
3616 1871 3812 1941 quivit;

535 1986 601 2027 ac
631 1972 775 2027 tueri
810 1979 1016 2042 posset.
1067 1970 1139 2024 At
1166 1970 1257 2025 hic
1285 1976 1475 2026 noster
1507 2008 1523 2034 ,
1575 1968 1713 2024 nihil
1758 1966 1992 2023 mortale
2024 1974 2119 2021 aut

535 2064 839 2119 humanum
874 2064 1118 2129 molitus,
1178 2063 1338 2136 136
1383 2063 1695 2130 considera,
1725 2075 1938 2132 quaeso,
1985 2074 2135 2115 num:

534 2171 733 2212 rursus
756 2163 1017 2227 tanquam
1046 2168 1172 2211 vere
1203 2154 1350 2211 Deus
1379 2169 1570 2210 vocem
1594 2152 1863 2217 emiserit,
1889 2152 1982 2207 ubi
1999 2151 2116 2207 suis

533 2250 646 2307 illis
679 2250 816 2304 adeo
864 2248 1199 2320 ignobilibus
1233 2247 1303 2304 ad
1332 2249 1558 2304 verbum
1594 2245 1735 2302 dixit
1780 2245 2069 2316 discipulis
2097 2262 2112 2302 :

538 2364 559 2398 ι
591 2343 816 2409 Ei-ntes,
861 2344 1054 2399 docete
1085 2358 1277 2399 omnes
1308 2352 1501 2416 gentes
1531 2342 1604 2399 ⁸³.
1640 2362 1661 2396 i
1696 2341 1841 2409 Quid
1869 2342 1892 2395 ?
1934 2341 1983 2397 si
2024 2340 2114 2396 di-

534 2437 755 2508 scipuli,
779 2446 838 2491 ut
869 2436 948 2500 ﬁt,
979 2450 1082 2491 suo
1096 2435 1429 2508 Praeceptori
1460 2436 1904 2508 respondissent,
1938 2449 2003 2490 ac
2026 2434 2114 2490 di-

533 2533 743 2589 xissent
771 2550 784 2586 :
825 2530 946 2598 Quo
977 2527 1195 2585 tandem
1219 2529 1383 2585 modo
1432 2529 1581 2586 istud
1609 2544 1640 2584 a
1675 2530 1836 2585 nobis
1870 2528 1985 2584 ﬁeri
2017 2543 2115 2598 po-

532 2626 708 2682 terit?
735 2623 1022 2691 Quomodo
1053 2623 1351 2689 Romanos,
1405 2624 1637 2695 exempli
1666 2624 1864 2695 gratia,
1897 2623 2115 2697 publice

530 2718 851 2775 docebimus
867 2716 1176 2788 ?_quomodo
1200 2726 1381 2772 autem
1415 2716 1703 2790 [Egyptios
1732 2714 2114 2787 alloquemur?

529 2828 637 2883 qua
669 2827 800 2868 vero
852 2813 1040 2883 lingua
1066 2852 1081 2877 ,
1124 2811 1371 2868 homines
1401 2827 1565 2866 unam
1609 2810 1891 2883 Syriacam
1920 2823 2110 2865 vocem

530 2906 721 2962 audire
753 2904 925 2969 soliti,
950 2903 1093 2975 apud
1125 2902 1345 2960 Gnaeos
1368 2905 1632 2961 utemur?
1660 2919 1769 2975 qua
1807 2902 1951 2976 apud
1978 2900 2113 2957 Per-

529 3012 643 3062 sas,
671 2997 984 3062 Armenios,
1015 2994 1326 3063 Chaldaeos,
1364 2995 1616 3068 Scythas,
1643 2994 1826 3058 ludos,
1864 3009 1929 3049 ac
1950 2991 2112 3049 deni-

528 3104 637 3160 que
695 3104 887 3146 omnes
963 3103 1325 3160 quascunque
1382 3087 1723 3143 ollendemus
1792 3086 2111 3141 barbaricas

528 3192 720 3256 gentes
744 3184 768 3238 ?
796 3183 1083 3250 Quomodo
1104 3182 1215 3239 illis
1237 3181 1693 3253 persuadebimus
1718 3189 1778 3236 ut
1810 3181 1945 3238 deos
1983 3181 2109 3253 qui-

528 3280 651 3336 dem
709 3279 917 3350 patrios
956 3278 1239 3344 deserant,
1298 3293 1466 3333 unum
1497 3293 1626 3333 vero
1680 3276 1925 3332 omnium
1960 3291 2109 3347 quae-

530 3388 752 3446 cunque
782 3379 914 3430 sunt
935 3371 1185 3444 opiﬁcem
1216 3371 1387 3428 Deum
1408 3373 1593 3427 colant
1628 3370 1653 3425 ?
1682 3386 1791 3441 qua
1829 3384 1993 3441 porro
2026 3369 2114 3426 di-

528 3466 687 3522 cendi
722 3465 774 3521 vi
807 3464 953 3529 freti,
981 3471 1196 3519 tantum
1244 3463 1464 3519 facinus
1513 3462 1941 3535 aggrediemur?
1980 3459 2113 3528 Quae

529 3567 711 3614 autem
745 3556 1061 3630 perﬁciendi
1092 3573 1219 3629 spes
1265 3557 1440 3612 aderit
1470 3555 1788 3612 hominibus
1836 3556 1931 3626 qui
1964 3553 2113 3626 leges

529 3653 695 3724 (igere
721 3651 981 3717 audeant,
1024 3652 1333 3707 contrarias
1360 3651 1574 3723 legibus
1603 3664 1967 3721 quascunque
1992 3664 2113 3705 om-

480 3748 485 3753 “
530 3759 628 3798 nes
660 3751 852 3815 gentes
900 3743 970 3799 de
995 3744 1190 3815 patriis
1236 3743 1345 3800 diis
1398 3758 1427 3796 a
1461 3743 1686 3797 condito
1715 3757 1831 3797 aevo
1857 3756 2114 3797 servave-

528 3835 640 3888 rint
662 3834 686 3889 ?
707 3834 919 3901 Quibus
943 3835 1159 3891 tandem
1185 3835 1386 3907 copiis,
1423 3847 1518 3890 aut
1547 3852 1654 3906 qua
1682 3836 1735 3890 vi
1763 3834 1921 3890 nobis
1950 3835 2112 3889 liceat

530 3926 619 3982 isti
645 3928 889 3982 audacia:
916 3930 1253 3999 superesse?
1298 3927 1424 3983 Haec
1462 3944 1529 3983 ne
1554 3929 1821 3995 dicerent,
1846 3927 2111 3998 quemad-

528 4020 752 4076 modum
781 4022 1030 4077 dicturos
1054 4020 1225 4077 fuisse
1280 4022 1542 4077 credibile
1565 4029 1672 4088 est,
1708 4029 1803 4076 aut
1825 4022 1993 4076 etiam
2022 4036 2113 4077 co-

527 4110 767 4182 gitarent
811 4109 942 4167 Jesu
989 4111 1269 4182 discipuli,
1302 4124 1409 4165 una
1446 4112 1595 4167 verbi
1648 4112 1959 4182 adjectione
1994 4112 2111 4184 ipse

526 4201 838 4274 Praeceptor
864 4205 989 4259 illos
1022 4205 1172 4259 omni
1216 4204 1537 4260 diﬁicultate
1568 4205 1840 4271 liberavit,
1872 4220 1998 4259 cum
2028 4205 2113 4260 di-

526 4295 631 4361 xit,
659 4296 786 4352 illos
816 4296 871 4350 in
909 4297 1130 4352 nomine
1160 4312 1262 4351 suo
1284 4297 1397 4352 voti
1432 4305 1715 4369 compotes
1743 4296 2111 4353 l'uturos.Non

527 4388 675 4444 enim
710 4389 1033 4459 simpliciter
1062 4396 1156 4443 aut
1187 4388 1471 4446 indeﬁnite
1500 4398 1559 4445 ut
1609 4389 1871 4447 docerent
1918 4406 2111 4448 omnes

528 4488 721 4551 gentes
752 4480 1061 4550 imperavit,
1114 4482 1211 4536 sed
1241 4496 1367 4536 cum
1395 4482 1751 4552 adjunctione
1773 4481 2107 4548 necessaria,

533 4587 554 4623 ι
589 4569 647 4624 ἰιι
682 4571 926 4636 nomine,
959 4572 1160 4641 inquit,
1198 4588 1320 4628 meo
1346 4574 1413 4628 ⁸⁸.
1456 4592 1476 4626 i
1513 4572 1648 4628 Cum
1679 4573 1826 4628 enim
1852 4572 1933 4628 vis
1965 4572 2113 4629 illius

2320 4569 2339 4580 ,
2414 4569 2450 4570 η
2503 4569 2586 4588 -I-

2219 4610 2420 4681 ἐτέρων
2452 4610 2563 4664 τῶν
2600 4610 2692 4664 ὑπ’

530 4661 773 4722 nominis
823 4669 971 4716 tanta
1008 4664 1102 4728 sit,
1138 4671 1200 4717 ut
1246 4663 1542 4733 Apostolus
1595 4663 1846 4719 dixerit:
1890 4680 1909 4715 ι
1955 4662 2113 4731 Quod

530 4754 816 4811 donaverit
866 4753 945 4808 illi
992 4752 1137 4809 Deus
1170 4769 1388 4822 nomen,
1436 4756 1581 4826 quod
1631 4766 1718 4814 est
1754 4772 1920 4827 super
1950 4772 2115 4814 omne

530 4860 752 4910 nomen,
800 4853 859 4901 ut
913 4847 967 4900 in
998 4844 1223 4902 nomine
1254 4843 1385 4901 Jesu
1437 4864 1599 4903 omne
1648 4864 1790 4919 genu
1834 4848 2112 4915 ﬂectatur,

531 4938 861 5004 cales-tium,
896 4940 1261 5006 terrestrium,
1293 4949 1347 4995 et
1381 4941 1724 4997 infernarum
1754 4942 1821 5008 ⁸³,
1855 4962 1874 4994 i
1919 4944 2115 4999 merito

531 5030 913 5085 excellentiam
946 5030 1167 5086 virtutis
1190 5034 1431 5088 nominis
1468 5033 1576 5098 sui,
1610 5050 1731 5106 quae
1752 5034 1956 5092 multos
1988 5036 2118 5090 latet

532 5123 898 5189 indicaturus,
936 5124 1003 5177 ad
1038 5141 1169 5181 suos
1200 5125 1339 5181 dixit
1366 5127 1706 5198 discipulos:
1745 5148 1763 5181 ι
1798 5127 1900 5194 Ite,
1927 5130 2118 5188 docete

529 5232 725 5274 omnes
754 5224 947 5287 gentes
986 5218 1040 5271 in
1070 5219 1293 5275 nomine
1320 5236 1463 5276 meo.
1502 5242 1521 5275 ι
1559 5220 1762 5279 Deinde
1793 5226 1942 5280 canit
1978 5226 2117 5281 bene

532 5307 825 5364 admodum
858 5317 1006 5364 certe
1037 5320 1203 5382 atque
1230 5314 1503 5384 exquisite
1528 5320 1672 5388 quod
1728 5316 1972 5373 futurum
1997 5327 2118 5375 erat

532 5398 724 5455 dicens
754 5417 767 5455 :
813 5418 832 5452 ι
862 5401 1085 5471 Oportet
1135 5403 1282 5460 enim
1314 5408 1600 5477 przedicari
1631 5410 1985 5483 Evangelium
2010 5411 2115 5467 hoc

534 5494 589 5546 in
636 5500 751 5546 toto
779 5492 933 5557 orbe,
971 5493 1025 5548 in
1058 5497 1430 5554 testimonium
1456 5508 1669 5563 cunctis
1703 5506 1957 5580 gentibus
1984 5505 2052 5562 ”.
2089 5524 2110 5559 ι

534 5583 705 5640 Porro
725 5600 850 5641 cum
868 5587 1032 5642 verba
1069 5590 1288 5661 quidem
1316 5597 1449 5663 haec,
1485 5602 1682 5656 tuucin
1719 5603 1919 5674 angulo
1954 5609 2116 5658 terrae

534 5679 678 5735 dicta
734 5681 867 5752 sint,
915 5693 969 5739 et
994 5685 1087 5754 Qui
1132 5695 1263 5743 tunc
1295 5693 1524 5749 aderant
1554 5698 1655 5751 suli
1691 5700 1988 5762 audierint,
2022 5701 2116 5770 qui

2224 1954 2439 2027 Πέρσας
2463 1955 2521 2009 δὲ
2559 1957 2654 2011 καὶ
2693 1958 3028 2030 Ἀρμενίους,
3057 1960 3152 2014 καὶ
3189 1959 3509 2026 Χαλδαίους,
3535 1962 3630 2015 καὶ
3672 1960 3810 2014 Σκύ-

2224 2045 2343 2111 θας,
2368 2048 2462 2100 καὶ
2493 2046 2708 2113 Ἰνδοὺς,
2733 2049 2828 2103 καὶ
2858 2050 2911 2102 εί
2939 2066 3061 2103 τινα
3087 2048 3378 2123 βαρϐάρων
3404 2050 3613 2121 γένοιτο
3636 2050 3764 2123 ἑθνη
3793 2066 3810 2117 ;

2222 2138 2342 2202 πῶς
2387 2138 2644 2211 πείσομεν
2677 2138 2786 2194 τῶν
2837 2140 2936 2212 μὲν
2983 2143 3230 2215 πατρίων
3273 2142 3413 2197 θεῶν
3453 2142 3808 2214 ἀφίστασθαι,

2222 2226 2318 2281 ἕνα
2345 2228 2401 2282 δὲ
2433 2228 2522 2282 τὸν
2546 2229 2761 2284 πάντων
2790 2229 3119 2304 δημιουργὸν
3150 2232 3361 2301 σέϐεινς
3395 2234 3527 2307 ποίᾳ
3554 2234 3610 2288 δὲ
3635 2235 3811 2304 λόγων

2224 2320 2497 2392 ἱκανότητι
2529 2318 2878 2394 θαρσοῦντες,
2908 2324 3001 2378 ἐπὶ
3040 2324 3200 2380 τοῦτο
3230 2324 3709 2398 παρελευσόμεθα;
3738 2328 3809 2382 Ἢ

2221 2414 2305 2478 τίς
2340 2416 2472 2486 ἡμῖν
2509 2414 2666 2479 ἐλπὶς
2698 2414 2851 2469 ἔσται
2893 2416 2989 2471 τοῦ
3028 2418 3473 2491 κατορθώματος,
3523 2420 3812 2493 ἀντινομο-

2221 2506 2394 2560 θετεῖν
2426 2505 2664 2578 τολμῶσι
2691 2509 2803 2571 τοῖς
2836 2509 3052 2564 πάντων
3085 2510 3253 2564 ὲθνῶν
3293 2512 3422 2583 περὶ
3455 2511 3564 2567 τῶν
3591 2513 3808 2568 οἰκείων

2221 2595 2360 2651 θεῶν
2404 2598 2463 2663 ἐξ
2500 2597 2697 2663 αίῶνος
2735 2601 3008 2671 κειμένοις
3038 2601 3252 2672 νόμοις;
3307 2603 3400 2656 ἐπὶ
3450 2603 3582 2676 ποίᾳ
3616 2604 3671 2658 δὲ
3712 2605 3808 2659 καὶ

2218 2687 2443 2759 δυνάμει
2470 2686 2817 2761 περιέσεσθαί
2858 2690 2977 2743 ἐστι
3008 2688 3102 2743 τοῦ
3141 2688 3523 2762 τολμήματος;
3560 2690 3743 2745 Ταῦτα
3772 2692 3806 2764 ἢ

2220 2782 2511 2853 φησάντων
2564 2780 2631 2835 ἂν
2678 2781 2820 2845 κατά
2866 2780 2926 2835 τὸ
2967 2781 3132 2846 είκὸς,
3185 2782 3216 2853 ἢ
3264 2781 3654 2853 διανοηθέντων
3701 2784 3809 2838 τῶν

2216 2871 2311 2925 τοῦ
2351 2869 2525 2942 ἰησοῦ
2563 2869 2841 2943 μαθητῶν,
2889 2871 3017 2942 μιᾶς
3058 2870 3345 2943 προσθήκῃ
3396 2869 3595 2936 λέξεως
3626 2871 3809 2935 αὐτοῖς

2217 2965 2247 3016 ὁ
2279 2963 2607 3028 Διδάσκαλος
2632 2962 2786 3018 λύσιν
2808 2962 2917 3018 τῶν
2945 2963 3332 3036 ἀπορηθέντων
3355 2963 3606 3028 ὑπέθετο,
3631 2965 3809 3036 φήσας

2217 3055 2575 3123 κατόρθωσιν,
2607 3074 2627 3107 r
2656 3056 2713 3109 έν
2733 3055 2811 3127 τῷ
2832 3055 3051 3127 ὀνόματί
3085 3073 3208 3128 μου.
3232 3075 3251 3109 i
3281 3056 3355 3109 Οὐ
3389 3054 3498 3128 γὰρ
3527 3055 3593 3126 δὴ
3623 3054 3810 3120 ἁπλῶς

2218 3148 2313 3201 καὶ
2364 3144 2681 3219 ἀδιορίστως
2750 3143 3087 3217 μαθητεῦσαι
3144 3145 3324 3199 πάντα
3354 3144 3425 3199 τά
3458 3144 3591 3215 ἔθνη
3636 3161 3807 3218 προσ-

2136 3231 2178 3290 C
2211 3236 2425 3300 έταττε,
2461 3236 2598 3308 μετά
2641 3223 2961 3309 προσθήκης
2987 3235 3044 3289 δὲ
3072 3235 3395 3306 ἀναγκαίας,
3439 3238 3561 3311 τῆς,
3593 3256 3612 3289 ι
3638 3237 3698 3290 ὲν
3730 3236 3809 3309 τῷ

2217 3328 2442 3399 ὀνόματι
2466 3325 2655 3383 αὐτοῦ.
2696 3346 2715 3380 i
2756 3327 2972 3400 Ἐπειδὴ
3007 3327 3175 3401 γάρή
3218 3328 3446 3400 δύναμις
3491 3330 3592 3402 τῆς
3639 3330 3806 3385 αὐτοῦ

2214 3418 2587 3491 προσηγορίας
2618 3417 2853 3489 τοσαύτη
2880 3435 2965 3482 τις
2995 3412 3087 3490 ἦν,
3119 3418 3194 3483 ὡς
3228 3419 3394 3489 φάναι
3423 3419 3514 3475 τὸν
3551 3421 3805 3476 Ἀπόστοο

2212 3509 2324 3575 λον,
2339 3511 2419 3564 ὅτι
2444 3509 2509 3582 δὴ
2531 3528 2550 3561 ι
2573 3508 2894 3581 Ἐχαρίσατο
2913 3508 3062 3581 αὐτῷ
3077 3510 3106 3563 ό
3129 3510 3262 3574 Θεὸς
3280 3510 3341 3564 τὸ
3359 3511 3549 3582 ὄνομα,
3572 3513 3633 3566 τὸ
3664 3512 3809 3587 ὑπὲρ

2214 3601 2322 3654 πᾶν
2343 3599 2534 3670 ὄνομα,
2558 3599 2647 3654 ἴνα
2670 3601 2727 3653 ὲν
2758 3597 2837 3671 τῷ
2857 3598 3080 3670 ὀνόματι
3114 3599 3290 3671 Ἰησοῦ
3317 3602 3424 3655 πᾶν
3456 3601 3584 3670 γόνυ
3608 3603 3809 3677 κάμψῃ

2213 3692 2549 3765 ἐπουρανίων
2582 3692 2675 3745 καὶ
2713 3691 2971 3761 ἐπιγείων
3012 3692 3108 3746 καὶ
3158 3692 3560 3765 καταχθονίων⁸
3600 3714 3620 3745 ι
3661 3697 3808 3750 είκόο

2212 3801 2323 3847 τως
2346 3823 2361 3847 ,
2419 3782 2517 3855 τῆς
2571 3782 2698 3846 τοὺς
2740 3781 2966 3846 πολλοὺς
3022 3782 3387 3856 λανθανούσης
3436 3786 3496 3839 ὲν
3552 3786 3632 3858 τῷ
3681 3787 3807 3841 ὀνό-

2218 3890 2346 3943 ματι
2405 3872 2572 3924 αὐτοῦ
2628 3871 2917 3941 δυνάμεως
2962 3871 3060 3943 τὴν
3104 3872 3304 3944 ἀρετὴν
3355 3874 3653 3945 ἐμφαίνων,
3695 3879 3807 3942 τοῖς

2215 3965 2381 4020 αὐτοῦ
2432 3965 2703 4036 μαθηταῖς
2746 3964 2938 4036 ἔφησε·
2973 3983 2990 4015 ι
3029 3964 3391 4037 Πορευθέντες
3430 3966 3807 4040 μαθητεύσατε

2217 4059 2399 4113 πάντα
2426 4058 2494 4112 τὰ
2521 4057 2649 4129 έθνη
2671 4058 2729 4110 ὲν
2752 4056 2831 4129 τῷ
2857 4057 3078 4130 ὀνόματί
3115 4075 3238 4130 μου.
3287 4078 3303 4111 i
3329 4056 3465 4115 Εἶτα
3503 4064 3597 4115 καὶ
3630 4060 3815 4116 θεσπί-

2213 4150 2294 4218 ζει
2326 4146 2383 4204 εὖ
2428 4149 2573 4222 μάλα
2627 4149 2871 4222 ἀκριϐῶς
2907 4150 2970 4203 τὸ
3017 4150 3227 4222 μέλλον,
3263 4151 3467 4208 είπὼνο
3504 4172 3521 4205 ι
3560 4155 3653 4209 Δεῖ
3695 4154 3807 4228 γὰρ

2212 4241 2554 4314 κηρυχθῆναι
2573 4242 2634 4296 τὸ
2656 4241 2986 4312 Εὐαγγέλιον
3016 4243 3175 4297 τοῦτο
3196 4246 3254 4298 ὲν
3279 4244 3375 4320 ὅλῃ
3414 4248 3478 4317 τῇ
3512 4248 3660 4301 οἰκου
3669 4247 3807 4323 μένῃ

2212 4335 2293 4398 εἰς
2326 4334 2630 4406 μαρτύριον
2659 4335 2795 4388 πᾶσι
2829 4336 2939 4398 τοῖς
2969 4333 3196 4389 ἔθνεσιν.
3227 4356 3246 4389 i
3281 4338 3338 4391 Ὀ
3363 4338 3419 4391 δὲ
3438 4338 3593 4409 λόγος
3622 4340 3809 4412 εἴρητο

2217 4424 2315 4496 μὲν
2340 4426 2398 4479 ὲν
2426 4424 2599 4497 γωνίᾳ
2617 4424 2722 4496 γῆς
2744 4425 2887 4493 τότε,
2917 4426 3013 4479 καὶ
3032 4427 3081 4480 οἱ
3107 4428 3373 4500 παρόντες
3397 4430 3594 4500 ἢκουον
3630 4431 3802 4503 μόνοι.

2214 4514 2341 4580 Πῶς
2368 4512 2463 4570 οὖν
2496 4515 2605 4588 ἄρα
2626 4516 2815 4580 πιστὸς
2841 4512 2910 4587 ἦν
2941 4517 3126 4583 αὐτοῖς
3154 4517 3312 4572 τοῦτο
3342 4518 3535 4589 λέγων,
3558 4523 3604 4575 εί
3641 4523 3716 4594 μὴ
3744 4521 3808 4589 ἐξ

2738 4610 2905 4664 αὑτοῦ
2944 4611 3352 4684 πεπραγμένων
3397 4613 3595 4669 ἐνθέων
3628 4616 3805 4688 ἔργων

2219 4699 2319 4770 τῆς
2350 4700 2408 4763 έν
2439 4702 2552 4763 τοῖς
2580 4698 2757 4769 λόγοις
2779 4699 3034 4772 ἀληθείας
3056 4702 3220 4755 αὑτοῦ
3244 4702 3342 4775 τὴν
3368 4706 3559 4777 πεῖραν
3592 4706 3807 4779 είλήφε-

2222 4809 2324 4847 σαν
2347 4809 2361 4858 ;
2392 4793 2514 4846 Ὅτι
2533 4791 2642 4865 γὰρ
2662 4792 2988 4848 ἐπίστευσαν
3011 4794 3242 4863 λέγοντι,
3270 4795 3699 4871 συλλογιζομένῳ
3723 4818 3806 4855 σοι

2218 4883 2500 4956 ὁμολογεῖν
2534 4884 2748 4957 ἀνάγκη
2767 4925 2780 4939 .
2814 4885 3185 4959 Προστάξαντι
3225 4886 3335 4959 γὰρ
3364 4888 3539 4954 οὐδεὶς
3557 4890 3802 4960 ὴπείθει’

2219 4974 2356 5029 ἀλλὰ
2405 4975 2875 5049 πειθαρχήσαντες
2919 4976 3084 5031 αὐτοῦ
3129 4976 3209 5048 τῷ
3253 4977 3505 5051 νεύματι,
3540 4981 3681 5036 κατὰ
3733 4982 3805 5037 τά

2219 5067 2647 5139 παρηγγελμένα
2680 5069 2788 5122 πᾶν
2822 5068 2978 5137 γένος
3006 5067 3309 5140 ἀνθρώπων
3342 5071 3701 5143 ὲμαθήτευον,
3739 5076 3803 5128 ὲκ

2218 5159 2320 5230 τῆς
2363 5160 2570 5224 οἰκείας
2602 5160 2705 5232 γῆς
2738 5161 2831 5215 ἐπὶ
2874 5163 3053 5219 πάντα
3087 5165 3425 5236 στειλάμενοι
3457 5165 3524 5219 τά
3551 5166 3713 5239 ἔθνη·
3745 5169 3800 5223 ἐι

2219 5250 2384 5323 ὀλίγῳ
2411 5269 2470 5306 τε
2496 5247 2564 5323 ἦν
2597 5251 2734 5324 ἔργα
2768 5251 3045 5327 θεωρῆσαι
3074 5257 3199 5322 τοὺς
3242 5258 3451 5326 λόγους.
3483 5260 3799 5333 Κεκήρυκτε

2222 5340 2353 5410 γοῦν
2384 5342 2447 5396 τὸ
2476 5342 2806 5412 Εὐαγγέλιον
2828 5344 2887 5397 ὲν
2920 5344 3116 5419 βραχεί
3132 5349 3307 5421 χρόνῳ
3332 5352 3390 5403 ὲν
3412 5350 3506 5423 ὅλῃ
3530 5354 3597 5423 τῇ
3626 5354 3801 5407 οἰκου-

2225 5433 2361 5505 μένῃ
2409 5435 2488 5497 εἰς
2526 5433 2825 5506 μαρτύριον
2856 5438 2968 5501 τοῖς
3017 5437 3228 5493 ἐθνεσι’
3265 5442 3356 5495 καὶ
3396 5441 3660 5516 βάρϐαροι
3710 5446 3806 5500 καὶ

2225 5524 2486 5597 Ἕλληνες
2516 5526 2616 5590 τὰς
2653 5526 2783 5599 περὶ
2827 5528 2922 5581 τοῦ
2969 5530 3144 5601 Ἰησοῦ
3178 5533 3396 5606 γραφάς
3424 5535 3672 5606 πατρίοις
3703 5554 3807 5608 χα-

2227 5615 2494 5689 ρακτῆρσι
2545 5618 2638 5671 καὶ
2684 5619 2899 5692 πατρίῳ
2950 5626 3101 5694 φωνῇ
3155 5625 3578 5697 μετελάμϐανον.
3613 5627 3807 5681 Καίτοι

2224 5706 2307 5770 τίς
2337 5708 2437 5761 οὐκ
2469 5708 2535 5763 ἂν
2584 5711 2913 5783 ἀπορήσειεν
2959 5714 3215 5784 εὐλόγως,
3251 5718 3333 5783 τίς
3374 5713 3443 5788 ἦν
3484 5720 3593 5793 ἄρα
3632 5720 3661 5773 ὁ
3703 5720 3806 5791 τῆς

606 5836 652 5867 υ
681 5835 873 5893 Manli.
907 5855 1098 5908 nvui,
1139 5842 1254 5919 19η⁴
1307 5846 1497 5904 “ibid.
1575 5852 1619 5884 "
1649 5851 1882 5926 Philipp.
1918 5872 1978 5928 ii,
2012 5858 2098 5917 10.

2219 5878 2220 5886 η
2252 5859 2425 5917 Marc.
2454 5872 2573 5927 xm,
2606 5863 2689 5925 lO.
