4120 6420
307 469 420 525 941

1225 471 1880 532 DEMONSTRA'I‘IONIS
1916 474 2376 531 EVANGELICJE
2414 475 2540 530 LIB.
2586 475 2672 530 Ill.

3469 481 3578 536 ἃ.ίὲ

307 586 430 640 τῶν
469 587 726 657 μαθητῶν
767 587 857 639 τοῦ
899 588 1072 657 Ἰησοῦ
1108 590 1455 654 διδασκαλίας
1499 594 1730 664 τρόπος;
1759 591 1893 663 τΑρα

2009 594 2122 648 fieri
2175 601 2352 664 potest
2404 602 2462 648 ut
2521 595 2623 649 hoc
2672 593 2872 648 dicenti
2941 595 3016 648 illi
3089 595 3416 659 crederent,
3470 601 3576 652 nisi

308 679 430 748 γὰρ
485 681 563 740 εἰς
613 678 785 748 μέσην
832 679 1188 749 παρελθόντες
1233 682 1406 745 πόλιν,
1437 683 1603 737 ἔπειτ’
1635 687 1694 738 ὲν
1728 687 1902 759 ἀγορᾷ

311 770 568 832 στάντες,
599 771 694 822 καὶ
718 769 811 839 βοῇ
839 770 1043 839 μείζονι
1067 774 1399 844 χρησάμενοι
1430 775 1752 829 συνεκάλουν
1777 779 1902 843 τοὺς

314 860 646 928 παριόντας,
689 861 921 915 κᾶπειτα
970 863 1380 936 ἑδημηγόρουν;
1418 868 1525 920 Καὶ
1558 868 1639 931 τίς
1684 864 1752 938 ἦν
1793 870 1901 941 ἄρα

309 954 506 1014 αὐτοῖς
553 953 655 1022 τῆς
699 952 1036 1026 δημηγορίας
1071 958 1099 1009 ὁ
1149 957 1324 1027 λόγος,
1353 952 1397 1027 ᾦ
1432 961 1717 1014 πεπεῖσθαι
1757 962 1902 1025 εἰκὸς

306 1037 381 1113 ἦν
414 1046 544 1107 τοὺς
563 1046 961 1116 ἀκροωμένους
993 1047 1117 1112 Πῶς
1140 1049 1196 1102 δὲ
1215 1051 1305 1103 καὶ
1324 1051 1693 1123 ἐδημηγόρουν
1711 1054 1900 1126 ἄνδρες

307 1135 493 1204 λόγων
527 1139 760 1209 ἄπειροι,
797 1142 891 1193 καὶ
924 1142 1100 1212 πάσης
1129 1144 1383 1214 ἀμέτοχοι
1415 1146 1696 1209 παιδείαςς
1741 1147 1901 1200 ’Λλλά

311 1227 428 1298 μὴν
458 1231 518 1282 οὐ
552 1231 691 1285 κατᾶ
721 1232 939 1303 πλῆθος,
965 1236 1104 1287 κατὰ
1130 1236 1293 1306 μέρος
1315 1237 1372 1288 δὲ
1402 1240 1514 1300 τοῖς
1540 1239 1899 1308 προστυχοῦσι

306 1319 640 1390 διελέγοντο.
678 1325 830 1378 Τί-σιν
858 1322 950 1380 οῦν
983 1328 1077 1381 καὶ
1100 1328 1300 1391 ὁποίοις
1334 1329 1571 1398 ἐχρῶντο
1601 1330 1778 1398 λόγοις
1807 1333 1899 1384 ἐπὶ

311 1412 491 1464 πειθὼ
539 1414 647 1466 τῶν
676 1417 1012 1483 ἀκουόντων;
1057 1419 1179 1472 ἐπεὶ
1216 1419 1349 1490 μηδέ
1388 1421 1582 1491 μικρὸς
1618 1417 1684 1492 ἦν
1715 1424 1896 1488 αὐτοῖς

305 1504 337 1555 ὀ
378 1503 555 1572 ἀγὼν,
605 1507 680 1578 μὴ
726 1508 1076 1578 ἀρνουμένοις
1121 1510 1211 1561 τὸν
1264 1511 1624 1565 ἐπονείδιστον
1673 1513 1898 1567 θάνατον

305 1595 403 1647 τοῦ
450 1597 978 1670 καταγγελλομένου.
1018 1603 1080 1655 ΕΞ
1117 1603 1212 1672 μὲν
1244 1602 1350 1674 γὰρ
1381 1603 1566 1657 τοῦτον
1593 1606 1898 1677 ἐπικρυψά-

308 1707 491 1759 μενοι,
522 1692 613 1743 καὶ
640 1693 712 1763 μὴ
744 1693 1130 1763 ὁμολογοῦντες
1153 1699 1230 1761 εἰς
1261 1699 1466 1761 πάντας
1498 1695 1586 1752 οἷα
1610 1700 1704 1753 καὶ
1726 1701 1899 1755 ὁπόσα

307 1779 584 1833 πέπονθεν
618 1782 722 1834 ὑπὸ
768 1783 1057 1849 Ἰουδαίων,
1093 1785 1160 1838 τὰ
1209 1786 1380 1856 σεμνά
1420 1787 1558 1858 μόνα
1595 1789 1688 1841 καὶ
1717 1789 1899 1855 ἔνδοξα

307 1875 710 1945 προσεκόμιζον
731 1894 744 1906 ο
779 1875 920 1946 λέγω
951 1878 1006 1930 δὲ
1049 1878 1146 1943 τὰς
1173 1878 1638 1951 θαυματουργίας,
1675 1883 1766 1934 καὶ
1800 1881 1896 1945 τὰς

2005 703 2068 740 ex
2127 687 2251 740 aliis
2308 685 2554 756 ejusdem
2611 685 2811 740 divinis
2859 687 3050 755 gestis,
3126 703 3372 742 veracem
3422 689 3574 742 illum

2007 779 2060 831 in
2115 777 2295 833 verbis
2354 777 2562 848 experti
2610 779 2847 832 essent?
2903 778 3050 848 quod
3084 781 3227 834 enim
3285 781 3469 835 verbis
3510 781 3576 834 i-l-

2005 870 2110 925 lius
2158 869 2465 932 crederent,
2524 871 2873 923 ratiocinanti
2937 871 3033 925 tibi
3091 871 3338 926 confiteri
3388 887 3577 928 neces-

2004 977 2063 1017 se
2107 970 2212 1018 est.
2263 962 2552 1034 ltnperanti
2615 964 2759 1018 enim
2810 963 2886 1017 illi
2933 964 3116 1018 nullus
3171 981 3280 1020 non
3337 966 3572 1037 paruit;

2007 1056 2166 1126 137
2206 1056 2297 1113 sed
2327 1058 2575 1126 protinus
2605 1057 2977 1112 auscultantes
2998 1058 3144 1113 illius
3193 1059 3350 1112 nutui
3388 1074 3576 1129 quem-

2003 1147 2291 1201 admodum
2327 1149 2460 1217 ipsis
2497 1156 2826 1218 przeceptnm
2858 1149 3060 1214 fuerat,
3085 1165 3148 1203 ac
3173 1149 3238 1203 de
3266 1151 3458 1219 patriis
3487 1166 3575 1206 se-

2001 1240 2163 1295 dibus
2210 1241 2276 1294 ad
2326 1257 2516 1296 omnes
2566 1252 2754 1310 gentes
2801 1243 3049 1310 pro'ecti,
3083 1258 3245 1296 omne
3293 1242 3572 1297 hominum

2000 1349 2172 1402 genus
2218 1332 2542 1396 docuerunt,
2583 1334 2841 1403 brevique
2883 1343 3128 1403 tempore
3174 1335 3376 1389 intueri
3419 1336 3571 1390 licuit

1999 1427 2386 1494 reSpondeutia
2421 1425 2601 1480 verbis
2635 1425 2799 1482 facta.
2842 1423 3203 1480 Praedicatum
3261 1426 3444 1496 itaque
3490 1436 3573 1482 est

2001 1518 2053 1570 in
2075 1519 2272 1587 exiguo
2302 1518 2562 1587 temporis
2599 1518 2775 1587 spatio
2807 1517 2860 1571 in
2893 1527 3008 1571 toto
3038 1519 3172 1573 orbe
3199 1516 3572 1588 Evangelium,

1999 1608 2055 1663 in
2109 1609 2476 1664 testimonium
2541 1610 2754 1664 cunctis
2800 1611 3084 1680 gentibus;
3133 1616 3188 1662 et
3243 1608 3461 1663 barbari
3519 1616 3574 1664 et

2000 1698 2172 1754 (ἕτωοὶ
2200 1716 2322 1770 qua:
2353 1700 2419 1754 de
2455 1698 2586 1754 Jesu
2645 1701 2850 1769 scripta
2905 1707 3082 1764 erant,
3123 1700 3314 1769 patriis
3375 1701 3574 1758 litteris

2001 1792 2286 1862 patriaque
2347 1808 2477 1848 voce
2534 1802 2889 1863 exceperunt.
2949 1792 3240 1858 Czeteruin,
3289 1795 3412 1863 quis
3462 1809 3571 1849 non

2002 1884 2195 1937 merito
2219 1885 2460 1954 ambigat
2495 1901 2742 1954 quaenam
2798 1885 2958 1939 fncrit
3008 1883 3136 1939 Jesu
3173 1885 3568 1955 discipulorum

308 1968 772 2037 παραδοξοποιίας
805 1970 994 2036 αὑτοῦ,
1024 1973 1122 2034 τάς
1163 1991 1222 2025 τε
1269 1973 1593 2044 φιλοσόφους
1641 1974 1893 2028 διδασκα-

1999 1975 2231 2029 docendi
2280 1977 2440 2038 ratio,
2475 1977 2600 2046 quis
2642 1978 2876 2031 modus?
2905 1976 3179 2046 'Nnnqnid
3237 1979 3290 2032 in
3337 1980 3570 2034 mediam

306 2057 435 2119 λὶας
484 2059 648 2112 αὑτοῦ
673 2077 687 2089 ·
722 2062 830 2113 οὐδ’
874 2061 1046 2125 οὕτως
1089 2057 1155 2133 ἧν
1188 2064 1371 2126 αὐτοῖς
1420 2063 1650 2135 εὐχερὴς
1678 2065 1707 2116 ὁ
1739 2064 1895 2132 λόγος

311 2147 452 2218 προς
475 2149 536 2201 τὸ
565 2149 787 2219 ποιῆσαι
817 2152 1014 2223 ῥαδίως
1055 2153 1490 2220 συγκαταθέσθαι
1515 2156 1641 2219 τοὺς
1668 2156 1892 2211 ἀκούον-

308 2258 407 2303 τας
442 2243 959 2312 ξενοςωνουμένους,
999 2246 1090 2298 καὶ
1133 2245 1256 2318 ἄρτι
1283 2245 1498 2318 πρῶτον
1530 2247 1896 2312 ἐπακούοντας

312 2334 515 2385 καινῶν
580 2336 840 2405 ῥημάτων
903 2336 995 2388 ὑπ’
1059 2337 1266 2410 ἀνδρῶν
1325 2339 1476 2391 οὐδὲν
1539 2339 1896 2409 ἐπαγομένων

308 2426 624 2492 ἀξιόπιστον
651 2428 749 2498 τὴν
771 2427 878 2481 τῶν
909 2428 1212 2500 λεγομένων
1250 2431 1575 2502 μαρτυρίαν.
1612 2432 1756 2503 Πλὴν
1782 2432 1895 2486 ἀλλ’

312 2519 493 2581 ἔδοξεν
523 2520 588 2573 ἂν
621 2521 988 2594 πιθανώτερον
1013 2522 1268 2590 λέγεσθαι
1290 2523 1358 2576 τὰ
1391 2525 1675 2595 εἰρημένα.
1704 2525 1817 2578 Νῦν
1839 2525 1896 2579 δὲ

308 2613 432 2664 τοτὲ
460 2611 559 2681 μὲν
588 2613 675 2664 τὸν
707 2614 1142 2684 πρεσϐευόμενον
1171 2615 1302 2668 Θεὸν
1333 2619 1388 2669 ἐν
1416 2616 1704 2688 ἀνθρώπου
1738 2635 1894 2686 γεγο-

307 2702 462 2755 νέναι
494 2700 726 2772 σώματι,
764 2703 857 2756 καὶ
889 2703 1036 2755 οὐδὲν
1062 2704 1190 2757 ἄλλο
1222 2705 1317 2776 τὴν
1354 2707 1514 2776 φύσιν
1539 2703 1677 2761 εἶναι
1706 2707 1892 2780 ἢΘεοῦ

307 2793 505 2861 Λόγοι,
539 2795 616 2846 διὸ
650 2795 742 2846 καὶ
775 2798 1025 2861 τοιαύτας
1055 2797 1345 2868 τεραστίας
1371 2798 1628 2870 δυνάμεις
1662 2818 1892 2871 πεποιη-

308 2887 466 2940 κέναι
498 2881 584 2938 οἷα
614 2888 777 2943 Θεόν·
805 2888 925 2941 τοτὲ
957 2889 1013 2942 δὲ
1047 2889 1255 2952 τούτοις
1290 2889 1548 2953 ἐναντίως
1579 2889 1765 2962 ὕϐρεις
1793 2893 1892 2946 αύ-

305 2979 404 3032 τδν
432 2981 524 3032 καὶ
557 2981 776 3051 ἀτιμίας
803 2983 1112 3053 ὑπομεῖναι,
1146 2984 1239 3035 καὶ
1284 2984 1436 3048 τέλος
1470 2984 1564 3055 τὴν
1611 2984 1892 3054 αἰσχίστην

309 3073 409 3124 καὶ
436 3075 547 3135 τοῖς
584 3073 799 3126 πάντων
830 3074 1130 3145 ἀνθρώπιον
1159 3077 1614 3148 κακουργοτάτοις
1648 3077 1890 3148 ἐπηρτη-

311 3164 483 3235 μένην
517 3164 601 3217 διὰ
632 3167 863 3237 σταυροῦ
893 3169 1184 3238 τιμωρίαν,
1220 3170 1303 3233 τίς
1335 3171 1434 3222 οὐκ
1467 3171 1531 3224 ἂν
1563 3171 1637 3236 ὡς
1678 3171 1892 3223 ἐναντία

1998 2069 2274 2136 progressi
2298 2069 2596 2132 civitatem,
2627 2069 2825 2124 deinde
2852 2077 3064 2124 stantes
3095 2071 3152 2124 in
3179 2069 3318 2135 fero,
3353 2087 3572 2126 vocem-

1999 2175 2102 2229 que
2127 2161 2456 2224 attollentes,
2475 2163 2847 2216 convocabant
2870 2181 2964 2218 eos
2989 2164 3079 2233 qui
3114 2165 3485 2230 accedebant?
3515 2173 3570 2221 et

1998 2268 2118 2322 qua:
2144 2253 2361 2307 tandem
2397 2253 2506 2308 illis
2531 2255 2892 2310 concionandi
2925 2257 3085 2320 ratio,
3113 2258 3200 2310 cui
3225 2257 3444 2326 quidem
3473 2274 3568 2313 ve-

1998 2343 2226 2398 risimile
2259 2343 2330 2398 sit
2364 2344 2706 2402 auscultasse
2733 2347 3054 2401 audientes?
3087 2347 3362 2417 quomodo
3390 2355 3567 2402 autem

1999 2436 2473 2491 concionabantur
2507 2437 2611 2492 viri
2661 2439 2934 2494 sermonis
2983 2441 3243 2510 imperiti,
3274 2447 3330 2494 et
3381 2455 3571 2494 omnes

1996 2538 2249 2599 expertes
2271 2529 2637 2585 eruditionis?
2669 2532 2818 2600 atqui
2851 2548 2958 2586 non
3000 2531 3429 2595 multitudinem,
3474 2532 3569 2588 sed

1999 2621 2244 2690 singulos
2268 2621 2535 2676 adeuntes
2567 2623 3010 2692 alloquebantur.
3043 2624 3160 2690 Qua
3192 2625 3356 2694 igitur
3388 2631 3442 2677 et
3472 2638 3571 2676 cu.

1992 2714 2236 2786 jusmodi
2270 2714 2521 2769 oratione
2551 2715 2866 2779 utebantur,
2899 2716 3324 2771 utaudicntibus
3347 2731 3572 2787 persua-

1996 2805 2223 2862 derent?
2271 2821 2381 2859 non
2441 2804 2585 2858 enim
2638 2820 2862 2874 parvum
2913 2806 3020 2860 illis
3075 2807 3412 2875 propositum
3453 2812 3572 2860 erat

1995 2911 2319 2962 certamen,
2377 2911 2483 2950 non
2542 2895 3025 2952 dissimulantibus
3082 2899 3399 2967 probrosam
3449 2898 3570 2965 ejus

1995 2999 2227 3048 mortem
2273 3006 2436 3061 quem
2483 2996 2543 3045 ut
2591 2988 2760 3044 Deum
2801 2991 3278 3043 commendabant.
3333 2988 3464 3043 Nam
3522 2989 3569 3043 si

1996 3085 2137 3139 hanc
2167 3083 2630 3144 dissimulassent,
2665 3098 2843 3150 neque
2877 3081 3060 3150 qualia
3101 3089 3415 3150 quantaque
3440 3096 3568 3149 pas-

1995 3189 2091 3229 sus
2141 3175 2213 3228 sit
2245 3189 2273 3226 a
2314 3171 2516 3226 ludatis
2570 3169 2711 3241 apud
2748 3186 2940 3225 omnes
2967 3170 3208 3226 confessi
3240 3177 3445 3230 essent,
3473 3171 3569 3225 sed

306 3257 581 3324 λεγόντων
626 3259 964 3313 κατέπτυσεν
994 3261 1216 3325 εἰκότως
1240 3280 1254 3326 ;
1282 3262 1376 3327 Τίς
1408 3263 1449 3315 δ’
1479 3263 1652 3327 οὕτως
1687 3262 1891 3333 ἠλίθιος

1998 3280 2115 3334 qum
2144 3262 2506 3317 reverentiam
2541 3261 2747 3313 homini
2792 3261 3131 3330 gloriamque
3188 3259 3470 3321 adderent,
3505 3275 3568 3313 ea

310 3349 578 3420 ὑπῆρχεν,
613 3350 687 3412 ὡς
714 3353 955 3423 εὐχερῶς
989 3353 1274 3408 πιστεῦσαι
1304 3354 1551 3424 λέγουσιν
1585 3355 1888 3428 ἑωρακέναι

313 3443 455 3510 μετά
481 3443 571 3494 τὸν
598 3441 824 3496 θάνατον
855 3447 917 3496 ὲκ
949 3446 1158 3517 νεκρῶν
1183 3446 1611 3510 ἀναϐεϐιωκότα,
1637 3447 1725 3500 τὸν
1756 3447 1887 3517 μηδὲ

308 3534 397 3584 ὅτε
428 3535 486 3585 έν
519 3533 683 3597 ζῶσιν
715 3531 782 3605 ἦν
826 3536 1103 3606 ἐπαμῦναι
1147 3537 1322 3608 ἑαυτῷ
1365 3537 1759 3608 δεδυνημένον;
1795 3538 1886 3602 Τίς

308 3625 368 3678 δὲ
399 3628 510 3689 τοῖς
548 3626 780 3689 ἰδιώταις
814 3631 906 3681 καὶ
934 3629 1202 3683 εὐτελέσιν
1251 3632 1477 3696 ἐκείνοις
1511 3631 1736 3702 ἐπείσθη
1772 3630 1888 3684 ποτ’

310 3717 378 3770 ἂν
407 3717 648 3785 λέγουσι,
693 3719 891 3790 χρῆναι
923 3722 1032 3773 τῶν
1080 3721 1178 3791 μὲν
1223 3721 1494 3793 πατρῴων
1543 3721 1680 3774 θεῶν
1723 3739 1890 3775 κατα-

315 3811 598 3883 φρονῆσαι,
641 3813 733 3864 καὶ
765 3813 976 3884 μωρίαν
1013 3815 1109 3883 μὲν
1134 3813 1240 3866 τῶν
1279 3813 1340 3878 ἐξ
1371 3814 1566 3877 αἰῶνος
1607 3813 1891 3882 καταγνῶ-

313 3921 399 3956 ναι
432 3905 671 3967 πάντων,
701 3906 880 3975 μόνοις
906 3905 963 3958 δὲ
994 3907 1175 3969 αὐτοῖς
1211 3904 1491 3959 πείθεσθαι
1525 3907 1618 3957 καὶ
1651 3909 1760 3969 τοῖς
1786 3905 1890 3958 ὑπὸ

313 3996 405 4049 τοῦ
441 3996 838 4066 σταυρωθέντος
870 3996 1372 4068 παρηγγελμένοις;
1405 3997 1592 4050 τοῦτον
1615 3999 1722 4068 γὰρ
1753 3993 1890 4051 εἶναι

312 4091 408 4143 τοῦ
445 4091 606 4160 μόνου
636 4091 728 4142 καὶ
766 4091 857 4142 ἐπὶ
891 4091 1106 4143 πάντων
1133 4089 1268 4142 Θεοῦ
1296 4089 1452 4160 μόνον
1490 4089 1769 4159 ἀγαπητὸν
1798 4090 1892 4143 καὶ

317 4185 581 4254 μονογενῆ
648 4182 836 4235 Παῖδα.
912 4180 1052 4249 Ἐγὼ
1113 4181 1211 4252 μέν
1276 4178 1368 4234 οὖν
1434 4179 1700 4247 ἐξετάζων
1761 4181 1890 4251 παρ’

313 4273 536 4344 ἐμαυτῷ
584 4263 888 4342 φιλαλήθως
939 4273 1030 4325 τὸν
1077 4272 1255 4340 λόγον,
1299 4271 1555 4340 οὐδεμίαν
1607 4269 1891 4339 πειστικὴν

314 4367 540 4437 δύναμιν
585 4367 640 4417 ἐν
689 4364 856 4434 αὐτῷ,
900 4365 1019 4417 οὐδέ
1066 4382 1115 4416 τι
1163 4363 1380 4434 σεμνὸν,
1415 4363 1520 4415 οὐδ’
1556 4362 1888 4426 ἀξιόπιστον,

315 4461 429 4512 ἀλλ’
462 4459 583 4512 οὐδὲ
618 4459 840 4511 πιθανὸν
880 4459 955 4521 εἰς
990 4457 1050 4510 τὸ
1095 4457 1197 4510 κᾶν
1241 4457 1336 4509 ἕνα
1381 4455 1501 4509 τινὰ
1529 4455 1636 4508 τῶν
1670 4453 1891 4522 ἠλιθίων

315 4556 499 4605 πεῖσαι
529 4551 784 4604 δύνασθαι
819 4550 1074 4622 εὑρίσκω.
1120 4550 1281 4602 Ἀλλά
1331 4550 1490 4602 πάλιν
1540 4547 1760 4619 ἀφορῶν
1812 4549 1891 4611 εἰς

1995 3355 2109 3410 sola
2140 3353 2499 3424 protulissent
2528 3370 2540 3404 :
2572 3351 2698 3404 dico
2733 3360 2911 3404 autem
2946 3349 3188 3421 prodigia
3226 3358 3280 3404 ct
3308 3350 3570 3403 miracula

1996 3448 2064 3501 ab
2098 3449 2191 3501 illo
2221 3446 2390 3510 edita,
2426 3461 2639 3500 necnon
2683 3444 3060 3515 philosophica
3108 3442 3354 3512 ejusdem
3395 3442 3568 3496 docu-

1996 3547 2176 3592 menta
2217 3557 2228 3590 :
2265 3552 2330 3590 ne
2382 3536 2462 3590 sic
2509 3535 2729 3606 quidem
2761 3534 2869 3586 illis
2901 3533 3104 3586 exitum
3151 3531 3384 3584 celerem
3415 3530 3568 3583 inve-

1996 3631 2171 3685 nisset
2201 3627 2398 3691 oratio,
2439 3636 2497 3681 ut
2544 3627 2703 3682 facile
2742 3638 3070 3681 consensum
3103 3620 3439 3675 audientium
3474 3621 3572 3673 eli-

1995 3730 2217 3788 cerent;
2249 3721 2343 3792 qui
2368 3721 2586 3791 quidem
2613 3719 2898 3773 audientes
2935 3716 3113 3769 aliena
3142 3715 3326 3783 lingua
3353 3712 3573 3766 uteban-

1997 3823 2104 3873 tur,
2135 3828 2199 3865 ac
2245 3820 2377 3866 tunc.
2410 3811 2644 3882 primum
2699 3809 2766 3863 ab
2800 3807 3113 3862 hominibus
3155 3805 3288 3858 nihil
3334 3804 3437 3858 fide
3487 3802 3570 3856 di-

1997 3921 2162 3974 gnmn
2191 3904 2568 3967 afferentibus,
2608 3901 2851 3955 inaudita
2882 3899 2985 3955 sibi
3018 3899 3167 3968 prius
3199 3899 3358 3950 verba
3393 3896 3557 3965 perci-

1999 3998 2244 4068 piebant,
2278 3995 2346 4050 ad
2378 4012 2440 4049 ea
2473 4011 2593 4064 qum
2624 3993 2701 4046 illi
2732 3993 2977 4046 dicerent
3010 3987 3435 4058 comprobanda.
3473 3985 3573 4040 Ve-

1999 4099 2303 4144 rumtamen
2339 4088 2384 4142 si
2429 4089 2559 4141 talia
2595 4086 2886 4146 dixissent,
2921 4082 3202 4151 aliquanto
3237 4079 3573 4149 probabilius

1997 4180 2180 4234 dicere
2213 4181 2311 4234 visi
2340 4187 2547 4234 essent.
2587 4176 2744 4229 Nune
2780 4184 2962 4227 autem
2991 4187 3117 4226 cum
3150 4172 3396 4226 dicerent
3421 4171 3572 4223 illum

1997 4289 2158 4344 quem
2193 4280 2250 4326 ut
2300 4271 2467 4325 Deum
2520 4267 3001 4324 commendabant.
3039 4263 3201 4316 modo
3255 4263 3308 4316 in
3343 4278 3573 4332 corpore

1997 4369 2238 4420 humano
2257 4371 2557 4423 versatum,
2601 4360 2844 4429 nihilque
2879 4356 3024 4410 aliud
3058 4364 3254 4409 natura
3287 4370 3449 4426 quam
3479 4352 3573 4408 Dei

2000 4454 2238 4511 Verbum
2267 4452 2695 4522 esse,quocirea
2749 4448 2913 4504 etiam
2952 4447 3081 4500 talia
3136 4447 3400 4500 miracula
3453 4453 3544 4498 tan

1998 4567 2160 4622 quam
2197 4551 2362 4604 Deum
2407 4549 2570 4603 edere
2605 4548 2870 4617 potuisse.
2912 4545 3075 4599 modo
3133 4543 3218 4598 his
3275 4539 3570 4601 contraria,

313 4655 412 4716 τὴν
441 4645 533 4696 τοῦ
559 4643 716 4712 λόγου
746 4642 970 4714 δύναμιν
1002 4643 1076 4706 ὡς
1111 4642 1280 4714 μυρία
1310 4640 1488 4712 πλήθη
1518 4641 1772 4703 πέπεικε,
1800 4639 1893 4692 καὶ

1998 4644 2228 4714 injurias
2264 4643 2415 4696 illum
2476 4639 2948 4707 contumeliasque
2987 4636 3215 4698 tulisse,
3246 4641 3300 4688 et
3339 4633 3575 4700 denique

315 4739 392 4801 ὡς
439 4736 770 4807 συνέστησαν
826 4735 1144 4806 μυρίανδροι
1191 4734 1508 4803 Ἐκκλησίαι
1545 4735 1679 4804 πρὸς
1717 4731 1895 4784 αὐτῶν

315 4828 535 4881 ἐκείνων
579 4826 684 4878 τῶν
731 4825 1124 4877 εὐτελεστάτων
1158 4825 1250 4877 καὶ
1281 4824 1556 4895 ἀγροίκων
1584 4823 1676 4876 τοῦ
1721 4820 1894 4892 Ἰησοῦ

319 4920 595 4990 μαθητῶν,
643 4921 741 4971 οὐκ
788 4920 844 4970 ἐν
892 4917 1105 4988 ἀδήλοις
1140 4935 1240 4969 που
1290 4916 1383 4970 καὶ
1425 4916 1655 4985 ἀφανέσι
1687 4918 1892 4981 τόποις,

318 5012 430 5064 ἀλλ’
456 5014 513 5063 ὲν
558 5015 676 5074 ταῖς
711 5011 942 5081 μάλιστα
973 5010 1465 5081 διαπρεπεστάταις
1497 5007 1713 5060 πόλεσιν
1747 5007 1893 5078 ἱδρυ-

318 5104 514 5165 θεῖσαι,
543 5104 628 5155 ἐπ’
659 5104 825 5173 αὐτῆς
857 5103 1001 5170 λέγω
1029 5103 1122 5172 τῆς
1168 5100 1456 5171 Ῥωμαίων
1487 5099 1891 5169 βασιλευούσης,

318 5194 410 5247 ὲπί
442 5212 498 5246 τε
522 5195 618 5264 τῆς
664 5193 1056 5264 Ἀλεξανδρέων
1106 5192 1198 5244 καὶ
1246 5191 1580 5261 Ἀντιοχέων,
1615 5189 1734 5242 καθ’
1766 5190 1891 5258 ὅλης

316 5302 376 5338 τε
410 5286 506 5355 τῆς
531 5285 800 5353 Αἰγύπτου
826 5286 920 5336 καὶ
942 5284 1164 5349 Λιϐύης,
1191 5282 1460 5354 Εὐρώπης
1477 5299 1533 5334 τε
1557 5282 1649 5333 καὶ
1684 5280 1888 5343 Ἄσίας,

317 5379 375 5431 ἐν
417 5395 475 5430 τε
511 5378 723 5448 κώμαις
761 5395 820 5428 τε
870 5378 960 5429 καὶ
1003 5375 1208 5446 χώραις
1253 5377 1345 5428 καὶ
1388 5373 1660 5437 παντοίοις
1693 5371 1888 5433 ἔθνεσι,

321 5470 478 5523 πάλιν
525 5469 584 5533 ἐξ
632 5469 876 5538 ἀνάγκης
929 5469 1247 5538 ἀνατρέχειν
1295 5463 1618 5535 ὲκὸιὰζομαι
1663 5465 1757 5516 ἐπὶ
1795 5463 1892 5533 τὴν

318 5561 410 5615 τοῦ
434 5562 605 5614 αἰτίου
648 5561 894 5632 ζήτησιν,
931 5561 1024 5613 καὶ
1069 5559 1444 5628 συνομολογεῖν
1483 5557 1556 5628 μὴ
1590 5555 1762 5619 ἄλλως
1795 5557 1892 5609 αῦ-

316 5656 441 5716 τοὺς
486 5655 882 5724 κεκρατηκέναι
914 5651 1006 5706 τοῦ
1046 5651 1390 5720 τολμήματος
1435 5649 1467 5719 ἢ
1501 5647 1749 5719 θειοτέρα
1799 5650 1893 5701 καὶ

319 5744 458 5814 ὑπὲρ
501 5743 785 5814 ἄνθρωπον
814 5743 1037 5812 δυνάμει
1073 5742 1165 5793 καὶ
1201 5740 1461 5812 συνεργία
1493 5739 1587 5792 τοῦ
1622 5741 1893 5808 φήσαντος

322 5838 498 5899 αὐτοῖς
516 5855 528 5865 ’
568 5857 583 5886 ι
618 5835 1009 5906 Μαθητεύσατε
1038 5837 1214 5887 πάντα
1240 5833 1307 5886 τὰ
1341 5834 1465 5904 ἔθνη
1492 5835 1548 5885 ἐν
1572 5832 1649 5903 τῷ
1670 5831 1890 5902 ὀνόματί

325 5950 440 6001 μου.
489 5953 506 5982 ι
551 5931 721 5984 ’ἓόῦτο
751 5931 795 5982 δ’
837 5925 928 5982 οὖν
961 5927 1128 5982 εἰπὼν
1171 5926 1498 5996 ἐπιτυνῆοζκεν
1537 5925 1888 5996 ἐπαγγελίαν,

2003 4736 2522 4808 probrosissimum,
2586 4742 2638 4787 et
2693 4731 2936 4784 omnium
2999 4729 3281 4784 hominum
3342 4727 3578 4782 scelera-

2001 4829 2232 4884 tissimis
2267 4826 2480 4896 iniungi
2516 4825 2738 4880 solitum
2795 4822 2983 4877 crucis
3030 4820 3356 4890 supplicium
3395 4837 3406 4870 :
3450 4817 3576 4886 quis

1999 4938 2106 4975 non
2157 4921 2354 4974 merito
2385 4920 2509 4972 illos
2544 4925 2602 4970 ut
2656 4915 2936 4969 contraria
2987 4913 3090 4967 sibi
3139 4913 3274 4980 ipsis
3330 4911 3577 4963 dicentes

1997 5009 2481 5076 delusisset?Qnis
2528 5016 2709 5062 autem
2757 5021 2930 5074 usque
2965 5005 3098 5057 adeo
3141 5002 3325 5055 fatuus
3360 5001 3573 5064 fuisset,

1999 5111 2058 5155 ut
2093 5102 2252 5155 facile
2304 5101 2553 5154 crederet
2595 5099 2910 5153 dicentibus
2943 5103 3105 5164 atque
3154 5091 3573 5153 aﬂirmantibus,

1997 5193 2200 5246 vidisse
2231 5208 2289 5245 se
2315 5199 2438 5261 post
2471 5198 2700 5243 mortem
2740 5189 2892 5241 illum
2920 5203 2948 5240 a
2981 5185 3218 5240 mortuis
3261 5182 3491 5238 rediisse
3513 5198 3577 5236 ac

1997 5283 2283 5348 revixisse,
2312 5282 2404 5351 qui
2438 5298 2504 5334 ne
2541 5291 2670 5333 tunc
2693 5279 2910 5347 quidem
2937 5274 3228 5344 cum-apud
3254 5274 3404 5328 vivos
3432 5281 3578 5327 esset

1997 5377 2236 5445 seipsum
2267 5373 2433 5426 tutari
2467 5371 2774 5442 potuisset?
2799 5369 2960 5439 138
2985 5367 3120 5433 Quis
3145 5382 3273 5420 vero
3309 5365 3580 5434 imperitis

1998 5467 2127 5532 illis,
2160 5474 2323 5536 atque
2356 5462 2686 5534 ignobilibus
2740 5476 2981 5531 unquam
3038 5459 3314 5530 paruisset
3344 5456 3582 5513 dicenti-

1994 5559 2119 5622 bus,
2170 5565 2424 5627 oportere
2476 5554 2608 5608 deos
2666 5553 2885 5622 quidem
2938 5552 3146 5623 patrios
3201 5557 3576 5612 contemnere,

1993 5659 2048 5706 et
2080 5650 2370 5706 stultitiam
2395 5647 2664 5709 omnium,
2693 5647 2784 5716 qui
2814 5661 3054 5714 unquam
3089 5645 3156 5696 ab
3189 5643 3347 5696 initio
3381 5641 3575 5693 huma-

1996 5744 2049 5796 ni
2084 5741 2301 5812 generis
2345 5739 2597 5801 fuissent,
2633 5739 2894 5793 damnare
2933 5757 2944 5790 :
2978 5737 3111 5791 solis
3145 5751 3274 5788 vero
3318 5734 3420 5788 sibi
3479 5747 3576 5800 pa—

1997 5848 2137 5896 rere,
2170 5838 2216 5885 cl
2259 5831 2326 5883 iis
2361 5847 2481 5900 qtue
2519 5829 2813 5882 crucilixus
2853 5825 3237 5896 przccepisset?
3263 5823 3408 5876 hunc
3427 5820 3575 5874 enim

1997 5939 2118 5978 esse
2183 5921 2355 5975 solius
2419 5918 2658 5989 supremi
2719 5916 2809 5973 Dei
2862 5917 3038 5973 solum
3097 5914 3356 5969 dilectum
3415 5922 3575 5980 atque
