4158 6418
581 433 686 490 2ἱ3

1244 436 1513 496 EUSEBII
1545 438 2026 497 (ΣᾹΞΒΑΒΙΕΝΞΙΒ
2063 441 2130 498 Ol

2253 442 2436 498 PARS
2471 442 2537 497 11.
2577 476 2649 486 -
2685 443 3185 502 APOUOGETICA.

3728 445 3834 501 244

583 567 802 606 unicum
838 551 1057 607 Filium.
1095 551 1238 610 Sane
1260 563 1388 611 dum
1413 572 1514 628 ego
1548 573 1760 612 mecum
1789 559 1972 614 studio
2007 560 2130 616 verit

2259 561 2326 615 δι’
2393 559 2462 635 ἧς
2512 545 2735 636 ἔμελλον
2792 564 3108 634 επιςαρῤεῖν
3174 562 3266 616 καὶ
3323 558 3610 633 προθύμως
3671 563 3836 616 ὲπιδισ

581 649 710 702 tatis
753 645 984 716 hujusce
1031 647 1108 703 rei
1159 648 1426 704 rationem
1475 650 1719 720 exploro,
1751 651 1954 706 nullam
1994 652 2154 723 plane

577 736 637 793 in
670 753 734 793 ea
783 737 890 792 vim
940 739 1008 794 ad
1071 740 1413 810 probandum
1463 742 1736 806 idoneam,
1764 759 1940 814 neque
1987 759 2153 814 grave

576 829 874 900 quidquam
910 837 1004 884 aut
1036 830 1141 885 tide
1192 831 1414 902 dignum
1468 831 1706 897 invenio,
1744 847 1809 888 ac
1857 848 1926 888 ne
1956 834 2156 905 proha-

576 925 685 980 bile
719 925 941 996 quidem
987 941 1162 997 usque
1190 915 1348 990 adeo,
1389 935 1450 981 ut
1489 927 1699 983 fatuum
1733 928 1924 984 saltem
1955 941 2150 998 quem.

575 1017 719 1088 piam
769 1017 847 1072 illi
881 1019 936 1074 in
975 1033 1130 1075 suam
1171 1019 1496 1075 sententiam
1533 1020 1750 1076 trahere
1783 1027 2026 1091 possent.
2081 1017 2150 1072 At

575 1123 791 1174 rursus,
825 1110 953 1165 dum
984 1109 1052 1164 ad
1086 1111 1261 1182 ipsius
1291 1112 1438 1167 verbi
1473 1112 1771 1183 potentiam
1803 1110 2058 1182 respicio,
2092 1119 2149 1164 ut

573 1199 1069 1256 innumerabilibus
1101 1201 1380 1257 hominum
1405 1203 1766 1258 conventibus
1788 1200 2146 1273 persuaserit.

571 1299 736 1363 atque
782 1301 838 1346 ut
883 1293 952 1348 ab
980 1293 1116 1363 ipsis
1164 1294 1272 1350 illis
1310 1295 1722 1364 ignobilissimis
1759 1303 1814 1347 et
1839 1295 2146 1366 agrestibus

568 1383 696 1442 Jcsu
719 1385 1026 1456 discipulis,
1054 1389 1522 1443 numerosissime
1555 1387 1810 1444 Ecclesia:
1835 1389 2146 1442 constituta:

2265 653 2417 708 δόναι
2472 657 2611 722 σφᾶς
2646 657 2842 720 αὐτοὺς
2873 659 2984 718 τοῖς
3015 652 3502 724 παρηγγελμένοις.
3535 653 3673 724 Φησὶ
3702 653 3832 724 γοῦν

2259 745 2443 810 αὐτοῖς
2467 764 2479 776 ·
2521 767 2537 798 ι
2572 749 2682 801 Καὶ
2716 748 2823 802 ἰδοῦ
2851 749 2962 816 ἐγὼ
2996 747 3115 818 μεθ’
3164 746 3317 818 ὑμῶν
3349 747 3462 818 εἰμι
3509 747 3690 811 πάσας
3732 748 3832 813 τὰς

2259 838 2473 910 ἡμέρας
2508 837 2617 903 ἓως
2640 839 2741 909 τῆς
2770 838 3080 903 συντελείας
3107 837 3201 892 τοῦ
3243 837 3457 903 αἰῶνος.
3495 859 3513 890 ι
3553 839 3712 893 Ἀλλὰ
3736 841 3831 893 καὶ

2258 925 2573 999 Πνεῦματος
2621 929 2806 992 αὐτοῖς
2860 928 3162 999 ἐμπνεῦσαι
3213 927 3432 996 λέγεται
3480 927 3646 993 θείου,
3694 928 3831 983 ἀλλὰ

2255 1027 2352 1079 καὶ
2396 1023 2626 1096 δύναμιν
2671 1024 2853 1088 αὐτοῖς
2899 1023 3078 1078 ἔνθεον
3126 1024 3220 1078 καὶ
3275 1021 3698 1096 παραδοξοποιδν
3731 1039 3830 1077 πε-

2255 1115 2561 1187 ποιηκέναι,
2581 1115 2702 1169 τοτέ
2729 1115 2826 1186 μὲν
2852 1115 3049 1185 φήσαςο
3079 1134 3096 1166 ι
3130 1114 3336 1169 Λάϐετε
3363 1115 3587 1186 Πνεῦμα
3609 1115 3780 1186 ἆγιονο
3803 1136 3822 1168 ι

2253 1209 2375 1261 τοτὲ
2401 1207 2458 1260 δὲ
2491 1205 2659 1261 εἰπών
2681 1224 2694 1237 ο
2737 1226 2756 1260 ι
2806 1205 3190 1269 Ἀσθενοῦντας
3214 1206 3566 1278 θεραπεύετε,
3596 1207 3828 1279 λεπροὺς

2253 1296 2608 1369 καθαρίζετε,
2656 1297 2917 1368 δαίμονας
2966 1296 3275 1351 ἐκϐάλλετε·
3322 1297 3530 1370 δωρεάν
3582 1297 3824 1363 ἐλάϐετε,

2253 1387 2462 1457 δωρεὰν
2491 1387 2632 1442 δότε.
2670 1408 2689 1438 ι

570 1476 700 1542 sint,
735 1494 842 1533 non
869 1479 922 1533 in
947 1480 1269 1549 quibusdam
1301 1480 1501 1552 ignotis
1529 1490 1693 1549 atque
1741 1481 1992 1535 obscuris
2021 1480 2178 1546 locis,
2219 1479 2314 1535 sed
2379 1479 2430 1534 in
2486 1478 2809 1535 clarissimis
2853 1478 3163 1536 civitatibus
3205 1487 3420 1543 erectae,
3465 1481 3520 1536 in
3564 1481 3702 1551 ipsa,
3734 1481 3825 1536 in-

569 1585 755 1640 quam,
806 1572 1036 1626 aliarum
1089 1571 1304 1627 urbium
1359 1571 1571 1641 regina,
1610 1570 1856 1628 Romana
1899 1572 2056 1636 urbe,
2094 1571 2148 1626 in
2189 1571 2576 1635 Alexandrina,
2647 1571 2701 1626 in
2752 1569 3144 1636 Antiochensi;
3178 1589 3276 1644 per
3320 1580 3488 1627 totam
3527 1571 3822 1645 [Egyptum

567 1660 910 1733 acLyciam,
945 1680 1043 1734 per
1083 1663 1354 1735 Europam
1412 1674 1576 1735 atque
1619 1667 1826 1730 Asiam,
1889 1665 1942 1720 in
2008 1666 2144 1722 vicis
2173 1673 2226 1720 et
2265 1664 2600 1735 regionibus,
2634 1663 2893 1734 omnique
2938 1664 3098 1720 modo
3156 1666 3318 1722 variis
3345 1663 3643 1738 gentibus:
3676 1674 3825 1722 retro

566 1773 736 1829 cogor
781 1765 1110 1816 necessitate
1141 1761 1396 1831 quadam,
1439 1761 1506 1815 ad
1548 1761 1720 1832 ipsius
1772 1762 1848 1816 rei
1909 1775 2132 1816 causam
2174 1759 2556 1832 inquirendam
2592 1774 2900 1824 recurrere,
2971 1758 3239 1831 faterique
3311 1777 3421 1818 non
3468 1761 3627 1817 aliter
3670 1761 3822 1833 ipsos

567 1852 784 1910 facinus
815 1864 921 1910 tam
956 1855 1132 1910 audax
1195 1857 1520 1920 obtinuisse.
1560 1872 1722 1928 quam
1757 1857 2012 1912 diviniori
2079 1856 2313 1928 quadam
2368 1856 2634 1928 longeque
2692 1854 2985 1908 humanam
3010 1869 3302 1925 superante
3327 1855 3821 1927 potentia,opeque

567 1958 729 2020 atque
787 1951 992 2005 auxilio
1049 1948 1220 2013 illius,
1283 1951 1376 2020 qui
1412 1951 1622 2006 dixerat
1651 1970 1666 2006 :
1704 1972 1722 2003 «
1761 1950 1960 2007 Docete
1990 1966 2182 2006 omnes
2219 1958 2408 2021 gentes
2465 1950 2520 2005 in
2552 1950 2773 2006 nomine
2803 1964 2946 2004 meo.
2983 1967 3002 2000 ι
3036 1945 3313 2018 Siquidem
3347 1963 3472 2002 cum
3506 1948 3611 2003 hoc
3647 1948 3822 2007 dixis-

565 2051 670 2107 set,
723 2044 972 2114 adjunxit
1029 2043 1380 2114 promissum,
1435 2060 1543 2113 quo
1612 2051 1797 2100 essent
1855 2043 2130 2114 accepturi
2170 2044 2583 2108 conﬁdentiam,
2619 2050 2673 2096 et
2711 2049 2960 2112 prompte
3025 2039 3280 2096 tradituri
3322 2041 3533 2112 seipsos
3589 2043 3660 2098 iis
3695 2058 3820 2114 quae

563 2135 882 2192 denuntiata
933 2136 1068 2207 ipsis
1121 2139 1376 2203 fuerant;
1421 2137 1558 2192 dixit
1619 2135 1785 2204 igitur
1835 2135 1904 2190 ad
1961 2136 2128 2192 illos:
2175 2154 2193 2187 ι
2237 2134 2302 2190 Et
2330 2151 2460 2192 ecce
2519 2150 2619 2206 ego
2687 2133 2968 2189 vobiscum
3003 2147 3124 2188 sum
3157 2147 3348 2188 omnes
3373 2131 3512 2198 dies,
3541 2137 3812 2206 usquead

561 2229 1089 2286 consummationem
1127 2231 1399 2286 steculi’".
1467 2250 1486 2282 ι
1537 2229 1679 2296 Quin
1717 2230 1882 2284 etiam
1921 2227 2133 2284 alllasse
2171 2228 2295 2284 illos
2352 2227 2540 2283 divino
2571 2227 2779 2296 Spiritu
2811 2225 3034 2290 dicitur,
3103 2241 3314 2282 necnon
3354 2226 3593 2281 divinam
3624 2243 3816 2299 quam-

560 2318 708 2384 dam,
739 2327 793 2374 et
844 2335 951 2390 qua
983 2334 1071 2375 res
1093 2320 1443 2376 admirabiles
1502 2319 1796 2384 edicerent,
1835 2319 2130 2390 potentiam
2165 2319 2275 2374 illis
2308 2321 2678 2390 ingenerasse,
2716 2332 2864 2373 nunc
2891 2319 3110 2388 quidem
3143 2319 3276 2374 illud
3331 2320 3519 2376 dicens
3552 2339 3565 2374 :
3603 2338 3622 2372 ς
3656 2320 3815 2375 Acci-

559 2415 672 2484 pite
718 2413 982 2486 Spiritum
1051 2425 1300 2470 sanctum
1353 2415 1448 2479 ⁸⁸,
1527 2433 1548 2466 ι
1613 2430 1758 2469 nunc
1815 2429 1946 2469 vero
1987 2414 2121 2469 illud
2184 2431 2198 2469 :

559 2508 762 2578 ejicite,
793 2509 964 2578 gratis
985 2507 1298 2578 accepistis,
1324 2509 1496 2578 gratis
1515 2507 1640 2564 date
1655 2508 1722 2560 ⁸⁸.
1756 2528 1776 2560 ι

2247 2432 2265 2463 α
2306 2411 2556 2469 lnlirinos
2609 2421 2818 2477 curate,
2886 2413 3132 2483 leprosos
3197 2413 3489 2480 mandate,
3537 2413 3814 2472 daemonas

627 2600 797 2657 Vides
831 2601 998 2670 igitur
1025 2603 1138 2669 jam
1189 2608 1246 2654 tu
1292 2615 1531 2671 quoque,
1570 2617 1808 2672 quonam
1849 2600 2009 2656 modo
2041 2616 2130 2656 su-

2313 2597 2552 2668 Συνορᾷς
2588 2593 2874 2667 τοιγαροῦν
2925 2596 3019 2650 καὶ
3048 2596 3208 2660 αὐτὸς
3235 2597 3384 2662 ὅπως
3414 2599 3753 2670 κεκράτηκεν
3783 2601 3816 2656 ὁ

557 2693 828 2762 peraverit
863 2691 1077 2744 illorum
1097 2691 1237 2746 ratio
1260 2691 1511 2761 :quando
1544 2693 1708 2746 etiam
1739 2691 1898 2754 liber,
1924 2690 2138 2761 (ιυίΑο-

556 2783 844 2839 taillormn
873 2782 1135 2844 continet,
1155 2783 1488 2840 conveniens
1511 2783 1596 2838 his
1628 2792 1680 2838 et
1705 2791 2134 2837 consentaneum

557 2872 766 2944 profert
789 2871 1207 2926 testiinonium:
1250 2872 1341 2926 ubi
1383 2873 1484 2942 ipsi
1511 2886 1728 2942 quoque
1764 2862 2173 2926 memorantnr'

556 2966 675 3035 ipsa
710 2982 894 3024 rerum
939 2963 1342 3020 admirabilium
1385 2963 1671 3018 ellieientia
1698 3003 1715 3030 ,
1755 2979 1919 3034 quam
1971 2964 2137 3020 bene-

555 3057 678 3113 licio
755 3057 998 3115 nominis
1027 3056 1159 3116 Jesu
1225 3056 1584 3120 obtinebant,
1649 3070 1748 3112 eos
1805 3056 1896 3126 qui
1964 3057 2134 3112 inter-

497 3155 712 3204 «erant
798 3159 964 3218 atque
1040 3147 1364 3218 spectabant
1446 3147 1712 3203 attonitos
1802 3146 2130 3205 reddidisse.

558 3239 719 3311 139
746 3239 988 3296 Primum
1017 3239 1162 3296 enim
1205 3239 1502 3296 verisimile
1526 3248 1632 3305 est,
1680 3255 1776 3297 eos
1801 3240 1893 3311 qui
1939 3256 2132 3297 cerne-

553 3334 706 3398 bant,
743 3333 908 3389 rebus
941 3333 1074 3405 ipsis
1108 3342 1164 3388 et
1194 3331 1354 3388 factis
1387 3334 1440 3387 in
1473 3343 1749 3404 stuporem
1779 3333 1849 3387 ab
1876 3333 1985 3390 illis
2008 3348 2131 3390 esse

518 3433 871 3500 conversos,
921 3421 998 3476 ita
1045 3421 1242 3477 deinde
1287 3423 1507 3478 eosdem
1539 3424 1749 3480 alacres
1781 3431 2128 3495 comparatos

549 3515 617 3570 ad
645 3513 1114 3586 interrogandum,
1137 3515 1390 3585 quisnam
1423 3515 1512 3570 ille
1541 3522 1711 3580 esset,
1743 3515 1902 3585 cujus
1930 3515 2130 3572 virtute

548 3618 603 3664 et
637 3608 856 3664 nomine
901 3609 1227 3664 miraculum
1257 3608 1508 3664 effectum
1553 3616 1718 3666 esset.
1776 3607 1982 3665 Deinde
2029 3607 2127 3663 do-

548 3702 724 3757 cendo
766 3702 931 3758 iidem
982 3702 1051 3757 ab
1126 3701 1318 3759 iisdem
1372 3701 1916 3773 deprehendebantur
1985 3701 2124 3766 lide,

547 3796 791 3864 ipsorum
843 3795 1150 3851 doctrinam
1197 3795 1559 3850 antevenisse.
1602 3791 1722 3848 Non
1765 3793 1911 3848 enim
1943 3793 2126 3850 verbis

547 3886 819 3957 persuasi,
854 3888 951 3943 sed
987 3887 1152 3944 rebus
1179 3895 1234 3942 et
1265 3886 1426 3942 factis
1473 3886 1752 3956 praeventi,
1786 3884 1852 3940 ad
1886 3884 1942 3940 id
1976 3885 2124 3956 quod

2239 2691 2306 2744 δι’
2332 2690 2510 2743 αὐτῶν
2535 2689 2692 2757 λόγος
2710 2706 2722 2718 ο
2757 2690 2878 2743 ἐπεὶ
2905 2689 3000 2742 καὶ
3037 2689 3215 2743 αὐτῶν
3245 2692 3277 2762 ἡ
3312 2690 3492 2760 βίϐλος
3521 2692 3629 2749 τῶν
3665 2695 3817 2767 lipa-

2238 2780 2372 2848 ξεων
2402 2780 2608 2853 συνῳδὰ
2650 2780 2858 2845 τούτοις
2901 2781 2998 2835 καὶ
3037 2780 3302 2853 σύμφωνα
3345 2787 3648 2856 μαρτυρεῖ·
3685 2786 3814 2843 ἔνθα

2240 2869 2577 2941 ἱστοροῦνται
2621 2870 2714 2924 καὶ
2746 2871 2899 2924 αὐτοὶ
2941 2874 3007 2942 τῇ
3039 2871 3147 2926 τῶν
3190 2871 3509 2944 παραδόξων
3560 2877 3814 2950 ἐνεργείᾳ

2234 2959 2304 3013 δι’
2351 2960 2612 3031 ὀνόματος
2642 2962 2736 3014 τοῦ
2796 2960 2971 3032 Ἰησοῦ
3016 2963 3153 3035 πρὸς
3198 2963 3377 3016 αὐτῶν
3418 2965 3813 3042 ἐπιτελουμένῃ

2234 3053 2359 3116 τοὺς
2440 3051 2718 3123 παρόντας
2790 3053 2886 3105 καὶ
2959 3053 3085 3116 τοὺς
3156 3051 3462 3125 θεωμένους
3518 3055 3809 3128 ἐκπλῆξαι.

2248 3142 2597 3214 Ἐξέπληττον
2653 3143 2782 3214 γάρ,
2843 3144 2920 3208 ὡς
2967 3145 3134 3211 εἰκὸς,
3187 3146 3276 3201 διὰ
3313 3145 3423 3200 τῶν
3463 3146 3640 3219 ἔργων
3682 3149 3810 3214 τοὺς

2235 3232 2538 3306 θεωμένους
2599 3236 2898 3308 πρότερον·
2947 3233 3045 3292 εἷθ’
3075 3237 3249 3302 οὕτως
3307 3239 3620 3312 προθύμους
3661 3236 3812 3312 εἶχον

2231 3327 2430 3390 αὐτοὺς
2480 3329 2572 3381 ἐπὶ
2603 3329 2662 3382 τὸ
2689 3329 3085 3399 φιλοπευστεῖν,
3113 3330 3198 3394 τίς
3235 3333 3353 3384 ποτ’
3373 3328 3440 3404 ἦν
3478 3326 3630 3396 οὗτος
3646 3327 3708 3388 οῦ
3737 3337 3805 3407 τῇ

2229 3418 2455 3490 δυνάμει
2494 3421 2588 3473 καὶ
2619 3420 2960 3493 προσηγορία
2991 3421 3052 3475 τὸ
3086 3421 3270 3493 θαῦμα
3299 3422 3540 3491 γέγονεν.
3571 3419 3705 3478 Εἶτα
3724 3425 3808 3478 δι-

2227 3512 2516 3576 δάσκοντες
2567 3513 2826 3586 ηὕρισκον
2879 3517 2944 3588 τῇ
2991 3515 3172 3569 πίστει
3207 3515 3508 3586 φθάνοντας
3539 3517 3638 3589 τὴν
3671 3519 3806 3591 παρ’

2228 3604 2406 3658 αὐτῶν
2445 3603 2813 3659 διδασκαλίαν.
2856 3607 2930 3658 Οὐ
2975 3604 3084 3678 γὰρ
3110 3609 3223 3669 τοῖς
3250 3605 3430 3676 λόγοις
3467 3607 3804 3677 πεισθέντες,

2226 3696 2362 3750 ἀλλὰ
2375 3699 2486 3761 τοῖς
2509 3696 2690 3768 ἔργοις
2723 3697 3323 3770 προσκαταληφθὲντες,
3357 3699 3536 3772 ῥᾴδιον
3556 3699 3804 3754 ἐποιοῦν-

2224 3805 2286 3842 το
2346 3789 2446 3860 τὴν
2480 3791 2539 3842 ἐν
2571 3792 2684 3854 τοῖς
2731 3789 2908 3860 λόγοις
2939 3789 3197 3844 διάθεσιν.
3231 3791 3494 3860 Λέγονται
3535 3791 3666 3862 γοῦν
3697 3793 3803 3866 ἤδη

2223 3881 2365 3945 τινὲς
2416 3880 2706 3952 βουθυσίας
2755 3883 2850 3936 καὶ
2899 3883 3128 3948 σπονδὰς
3170 3885 3246 3950 ὡς
3278 3885 3342 3940 ἂν
3375 3885 3475 3957 ἤδη
3513 3887 3654 3951 θεοῖς
3681 3882 3802 3940 οῦσι

544 3976 726 4031 verbis
762 3976 898 4046 ipsis
929 3977 1289 4033 obtinendum
1320 3985 1458 4041 erat,
1505 3977 1693 4032 faciles
1725 3975 2122 4047 comparaban-

2231 3977 2334 4039 τοῖς
2354 3976 2450 4030 τοῦ
2488 3977 2662 4062 Ἱῃσοῦ
2690 3979 3160 4051 προσαγηοχὲναν
3198 3981 3290 4033 καὶ⁴
3324 3981 3446 4034 τινὰ
3490 3980 3589 4052 μὲν
3619 3979 3800 4034 αὐτῶν

546 4075 655 4122 tur.
673 4065 792 4122 Jam
811 4067 1017 4124 idcirco
1035 4069 1296 4124 dicuntur
1325 4068 1608 4124 nonnullis
1636 4069 1771 4138 ipsis
1802 4067 1933 4125 Jesu
1959 4067 2120 4124 disci-

543 4159 688 4230 pulis
720 4169 978 4232 tanquam
1007 4159 1076 4217 iis
1098 4161 1192 4231 qui
1225 4160 1300 4215 dii
1331 4167 1517 4216 essent
1543 4161 1792 4216 victimas
1823 4169 1878 4216 et
1903 4162 2121 4218 libatio-

543 4267 642 4310 nes
672 4253 959 4319 obtulisse,
996 4260 1051 4308 et
1079 4255 1246 4308 alium
1277 4253 1497 4323 quidem
1527 4269 1593 4308 ex
1625 4252 1734 4308 illis
1767 4251 2118 4316 Mercurium,

541 4347 709 4402 alium
743 4362 871 4402 vero
897 4346 1086 4403 Jovem
1120 4346 1490 4407 existimasse,
1525 4361 1699 4416 usque
1741 4346 1878 4402 adeo
1899 4347 2119 4402 illorum

542 4447 754 4496 mentes
784 4447 1008 4510 stupore
1038 4437 1295 4499 allecerat
1333 4439 1449 4510 ipsa
1483 4437 1870 4492 miraculorum
1897 4439 2124 4495 eviden-

543 4535 654 4599 tia;
691 4547 755 4588 ac
771 4532 1024 4602 protinus
1043 4531 1128 4584 ita
1145 4529 1371 4587 aﬂ'cctis.
1387 4531 1752 4597 auditoribus,
1781 4546 2120 4602 quacunque

537 4627 618 4682 illi
663 4625 731 4681 de
763 4623 891 4682 Jesu
926 4624 1252 4679 nuntiabant
1299 4623 1494 4682 merito
1531 4640 1659 4680 vera
1719 4640 1844 4681 esse
1887 4626 2118 4695 posthac

535 4716 942 4782 censebantur;
971 4714 1226 4784 illiusque
1256 4721 1384 4784 post
1413 4723 1640 4770 mortem
1675 4715 1910 4770 reditum
1943 4716 1998 4770 in
2036 4717 2116 4770 vi-

535 4817 690 4874 tam,
753 4825 864 4864 non
917 4807 1258 4878 simplicibus
1303 4814 1466 4875 atque
1532 4807 2112 4864 indemonstrabilibus

537 4901 722 4957 verbis
755 4899 1212 4964 testificabantur,
1247 4899 1492 4968 sedipsa
1522 4898 1793 4954 factorum
1840 4901 2114 4957 evidentia

538 4991 997 5063 comprobabant;
1023 4991 1226 5060 quippe
1251 5006 1375 5047 cuni
1409 4991 1638 5048 viventis
1669 4992 1817 5046 illius
1853 4992 1995 5046 facta
2020 4993 2114 5048 de-

537 5092 925 5140 monstrarent.
951 5083 1108 5150 Quod
1140 5083 1186 5138 si
1217 5089 1273 5138 et
1312 5081 1478 5137 Deum
1513 5083 1685 5144 illum,
1716 5091 1770 5138 et
1799 5082 1887 5138 Dei
1916 5081 2112 5137 Filium

535 5182 664 5230 ante
713 5183 1000 5230 ascen’sum
1030 5175 1084 5229 in
1117 5175 1319 5230 cmlum
1367 5174 1654 5244 degentem
1701 5174 1844 5244 apud
1897 5173 2112 5230 Patrem

533 5268 902 5330 nuntiassent,
931 5283 1030 5322 cur
1063 5284 1171 5322 non
1214 5268 1341 5322 huic
1385 5268 1618 5323 orationi
1653 5267 1867 5325 facilius
1899 5269 2112 5324 assensi

532 5367 740 5421 essent,
775 5360 870 5430 qui
910 5361 1032 5429 ejus
1075 5362 1152 5416 rei
1194 5361 1531 5416 contrarium
1557 5399 1572 5424 ,
1610 5369 1725 5415 tum
1771 5360 2110 5426 incredibile,

534 5461 648 5506 tum
679 5462 874 5521 praeter
919 5462 1174 5507 naturam
1205 5453 1401 5511 merito
1427 5453 1849 5516 arbitrarentur,
1885 5453 2112 5522 ipsaque

534 5545 744 5600 ratione
777 5545 1113 5616 colligerent,
1143 5561 1252 5600 non
1277 5561 1440 5616 posse
1473 5545 1648 5616 putari
1678 5544 2110 5600 mortalisnatu-

533 5652 607 5692 rae
639 5637 728 5690 illa
765 5651 930 5708 Opera
979 5653 1101 5691 esse
1129 5653 1250 5706 quae
1304 5639 1522 5702 liehant,
1577 5636 1672 5693 sed
1719 5635 1813 5690 Dei
1855 5635 2110 5706 alicujus,

533 5731 694 5784 etiam
727 5729 772 5784 si
804 5744 962 5782 nemo
985 5728 1228 5783 diceret?
1256 5727 1367 5786 lioc
1391 5730 1556 5799 igitur
1576 5738 1715 5793 erat,
1747 5744 1923 5799 neque
1952 5729 2113 5800 quide

602 5889 642 5918 ιτ
681 5883 812 5940 ll-id.
839 5885 926 5939 '20.
1007 5884 1048 5914 ’³³
1084 5883 1242 5940 Joan.
1272 5901 1363 5951 xx,
1398 5883 1488 5937 θεὲ.
1567 5884 1610 5916 ⁸9
1646 5883 1833 5942 Matth.
1873 5902 1924 5953 Χ,
1959 5885 2011 5940 8.

2225 4065 2316 4119 τὸν
2357 4066 2564 4139 Ἑρμῆν
2597 4065 2758 4135 εἶναι,
2800 4069 2922 4124 τινὰ
2955 4069 3012 4123 δὲ
3042 4070 3133 4124 τὸν
3165 4070 3264 4123 Δία
3295 4070 3664 4141 νενομικέναι⁸
3711 4086 3804 4122 το·-

2227 4155 2416 4211 σοῦτον
2435 4157 2612 4212 αὐτῶν
2639 4159 2738 4226 τὰς
2764 4160 3000 4225 διανοίας
3026 4159 3348 4232 ἐξέπληττεν
3373 4161 3405 4232 ἡ
3427 4159 3534 4213 τῶν
3563 4159 3804 4231 παραδό-

2226 4250 2332 4316 ξων
2360 4251 2536 4324 ἔργων
2562 4253 2837 4320 ἐπίδειξις.
2871 4256 2977 4308 Καὶ
3003 4253 3067 4326 δὴ
3086 4253 3231 4308 οὕτω
3253 4253 3616 4324 διακειμένοις
3639 4250 3800 4305 πάνθ’

2220 4343 2322 4397 ὅσα
2357 4346 2486 4417 περὶ
2518 4346 2611 4400 τοῦ
2649 4347 2822 4418 Ἰησοῦ
2856 4347 3242 4419 κατήγγελλον,
3291 4346 3388 4418 ἥδη
3439 4345 3624 4399 λοιπὸν
3665 4343 3802 4416 ἁλη-

2222 4434 2400 4490 θεύειν
2433 4437 2667 4507 εὐλόγως
2694 4437 3036 4510 ἐνομίζοντο·
3072 4439 3168 4492 καὶ
3198 4441 3264 4508 τῇ
3293 4436 3436 4492 κατὰ
3461 4437 3554 4492 τὸν
3571 4436 3799 4491 θάνατον

2221 4525 2516 4582 ἁναϐιώσει
2541 4526 2706 4582 αὐτοῦ
2739 4529 2838 4600 οὐχ
2858 4529 3045 4592 ἁπλοῖς
3065 4529 3174 4582 οὐδ’
3198 4527 3602 4593 ἀναποδείκτοις
3624 4528 3800 4600 ἐμαρ-

2219 4622 2415 4694 τύρουν
2443 4620 2641 4690 λόγοις,
2675 4621 2742 4675 δι’
2759 4621 2930 4692 αὐτῆς
2952 4621 2998 4674 δ’
3029 4620 3306 4693 ἐνεργείας
3333 4619 3566 4682 ἔπειθον,
3598 4621 3798 4686 ζῶντος

2221 4713 2356 4785 ἔργα
2390 4713 2782 4786 παριστῶντες.
2819 4714 2881 4766 Et
2923 4713 2980 4767 δὲ
3017 4714 3114 4768 καὶ
3151 4713 3283 4767 Θεὸν
3323 4713 3484 4766 αὑτὸν
3521 4713 3615 4767 καὶ
3658 4711 3796 4766 Θεοῦ

2219 4805 2388 4859 Παῖδα
2422 4805 2528 4878 πρὸ
2553 4806 2650 4878 τῆς
2679 4808 2760 4872 εἰς
2791 4806 3108 4880 ἀνθρώπους
3138 4806 3367 4877 ἐφίξεως
3394 4805 3551 4878 παρὰ
3575 4805 3656 4878 τῷ
3685 4807 3798 4860 Πα-

2215 4898 2306 4970 τρὶ
2349 4898 2682 4968 τυγχάνοντα
2711 4898 3096 4970 κατήγγελλον,
3130 4899 3224 4953 καὶ
3261 4898 3434 4970 τούτῳ
3457 4899 3576 4965 πῶς
3601 4900 3698 4954 οὐκ
3728 4901 3794 4955 ἂν

2219 4989 2547 5062 προσέθεντο
2596 4991 2816 5063 μᾶλλον,
2865 4991 2928 5045 τὸ
2971 4991 3212 5046 ἐναντίον
3258 4991 3485 5046 ἄπιστον
3531 4989 3670 5046 εἶναι
3697 4992 3793 5048 καὶ

2219 5081 2476 5137 ἀδύνατον
2526 5083 2817 5155 ἡγούμενοι
2855 5084 3098 5148 εἰκότως,
3143 5083 3488 5156 λογισάμενοι
3537 5083 3612 5157 μὴ
3633 5084 3794 5140 δύνα-

2220 5175 2345 5229 σθαι
2377 5175 2572 5247 θνητῆς
2599 5175 2734 5247 ἔργα
2762 5176 2976 5244 φύσεως
3000 5172 3140 5230 εἶναι
3162 5176 3402 5248 νομίζειν
3432 5178 3500 5231 τὰ
3517 5175 3792 5248 δρώμενα,

2219 5267 2354 5321 ἀλλά
2385 5266 2542 5331 Θεοῦ,
2570 5267 2674 5320 κᾶν
2710 5267 2784 5340 μὴ
2817 5266 2950 5340 λέγῃ
2979 5283 3098 5332 τις;
3145 5265 3301 5320 Τοῦτ’
3333 5263 3401 5338 ἦν
3429 5267 3538 5338 ἄρα
3576 5266 3669 5320 καὶ
3698 5267 3792 5320 οὑ-

2216 5361 2304 5414 δὲν
2328 5359 2456 5416 ἄλλο
2477 5359 2536 5413 τδ
2569 5358 2802 5432 ζητηθὲν
2822 5359 2954 5412 αὐτὸ
2973 5360 3170 5423 ἐκεῖνο,
3197 5359 3358 5430 ὁποία
3389 5359 3612 5431 δυνάμει
3633 5377 3791 5432 περι-

2215 5452 2471 5522 γεγόνασι
2510 5452 2617 5505 τῶν
2656 5451 2715 5504 ἐν
2747 5451 2942 5522 ἀρχαῖς
2974 5452 3339 5522 ἀκροωμένων
3381 5452 3432 5504 οἱ
3477 5450 3570 5504 τοῦ
3615 5451 3790 5522 Ἰησοῦ

2217 5546 2476 5619 μαθηται,
2523 5547 2618 5599 καὶ
2661 5547 2808 5608 ὅπως
2839 5544 3106 5614 ’Έλληνας
3146 5542 3283 5614 ὁμοῦ
3332 5545 3426 5598 καὶ
3479 5542 3789 5616 βαρϐάρους

2212 5636 2288 5702 ὡς
2308 5629 2433 5702 περὶ
2456 5632 2628 5701 Λόγου
2648 5633 2782 5688 Θεοῦ
2800 5651 2928 5706 περι
2953 5633 3117 5687 αὑτοῦ
3145 5635 3358 5706 φρονεῖν
3383 5633 3624 5698 ἔπεισαν,
3641 5633 3789 5698 ὅπως

2213 5746 2271 5782 τε
2317 5730 2371 5782 ἐν
2411 5728 2599 5799 μέσαις
2630 5729 2747 5790 ταῖς
2781 5725 2966 5780 πόλεσι
3017 5726 3111 5780 καὶ
3145 5724 3246 5780 ἀνα
3284 5725 3381 5789 τὰς
3412 5723 3594 5797 χώρας
3634 5721 3791 5777 εὗσε-
