4120 6420
304 421 416 475 ειδ

1227 413 1880 470 DEMONSTRATlONIS
1918 413 2380 470 EVANGELIC/E
2417 414 2525 469 LIB
2565 412 2627 467 111

3474 411 3589 467 νιθ

304 533 464 596 ϐείαις
501 535 617 599 ἑνὸς
650 534 745 588 τοῦ
778 535 870 588 ἐπὶ
897 534 1109 588 πάντων
1136 532 1271 585 Θεοῦ
1328 532 1721 602 συνεστήσαντο
1748 531 1893 584 διδα-

1996 546 2157 603 quam
2201 531 2371 594 aliud,
2409 529 2586 600 ipsum
2630 529 2815 598 utique
2842 528 2975 582 illud
3018 524 3166 598 quod
3208 529 3579 597 quaerebatur,

308 626 479 679 σκαλε
488 630 562 680 ῐα.

1997 639 2232 695 quanam
2278 624 2329 679 vi
2374 622 2629 691 discipuli
2671 620 2824 685 Jesu,
2858 634 3047 675 eorum
3078 620 3170 689 qui
3200 620 3270 674 ab
3292 620 3449 675 initio
3480 636 3583 676 au-

302 721 535 775 diebant
569 721 807 776 victores
848 720 1069 785 fuerint,
1103 729 1157 776 et
1187 717 1462 792 quomodo
1509 724 1620 772 tam
1657 715 1878 772 Graecos
1917 731 2080 788 quam
2110 716 2395 782 barbaros,
2430 722 2489 769 ut
2539 715 2607 769 de
2637 714 2730 768 illo
2759 722 3017 783 tanquam
3068 713 3135 767 de
3156 711 3267 767 Deo
3313 712 3582 768 sentirent

302 816 675 883 adduxerim,
719 827 773 875 et
806 819 1079 890 quomodo
1110 819 1164 873 in
1211 817 1405 873 mediis
1445 812 1673 870 urbibus
1704 826 1767 866 ac
1795 826 1891 881 per
1928 825 2120 865 omnes
2152 811 2424 880 regiones,
2450 810 2727 883 religionis
2751 826 2860 881 qua
2916 826 3061 866 unus
3101 826 3390 882 supremus
3435 806 3580 863 Deus

302 908 531 974 colitur,
569 910 785 966 scholas
835 917 997 981 atque
1029 909 1298 964 auditoria
1343 904 1749 962 constituerint.

376 1002 581 1055 Καίτοι
608 1002 692 1066 τίς
719 1002 821 1055 σὺκ
847 1000 913 1055 ἂν
938 1000 1251 1073 θαυμάσειε,
1288 1000 1425 1071 πρὸς
1454 996 1631 1069 ἑαυτῷ
1652 996 1892 1064 ἐπιλογι-

303 1094 552 1165 σάμενος
603 1093 699 1148 καὶ
732 1093 1073 1166 ἐνθυμηθεὶς,
1117 1094 1193 1159 ὡς
1238 1095 1337 1148 οὐκ
1366 1092 1704 1165 ἀνθρώπινον
1735 1086 1802 1161 ἦν
1832 1088 1894 1141 τὸ

306 1188 441 1258 μηδ’
470 1186 659 1241 ἄλλοτε
707 1186 812 1239 ὑπὸ
865 1186 994 1256 μίαν
1039 1185 1136 1256 τὴν
1200 1184 1484 1255 Ῥωμαίων
1531 1180 1783 1251 γενέσθαι
1824 1178 1894 1231 τὰ

308 1278 545 1331 πλεῖστα
568 1279 667 1348 τῆς
694 1278 1016 1350 οἰκουμένης
1040 1278 1188 1348 ἔθνη,
1234 1276 1349 1331 ἀλλ’
1378 1276 1486 1331 ἀπὸ
1519 1275 1628 1328 τῶν
1658 1273 1753 1328 τοῦ
1791 1274 1894 1344 ’1η-

306 1370 408 1423 σοῦ
448 1370 691 1442 χρόνων;
725 1370 875 1440 ’Ἅμα
908 1368 1017 1441 γὰρ
1043 1371 1109 1440 τῇ
1141 1370 1221 1433 είς
1244 1366 1561 1441 ἀνθρώπους
1587 1365 1752 1419 αὐτοῦ
1792 1381 1897 1418 πα-

304 1461 522 1533 ραδόξῳ
550 1461 812 1533 ἐπιδημίᾳ
848 1460 1032 1514 καὶτὰ
1065 1460 1352 1533 Ῥωμαίων
1386 1458 1631 1530 ἀκμάσαι
1666 1456 1890 1527 συνηνέ-

303 1552 438 1623 χθη,
477 1554 598 1606 τότε
654 1553 867 1627 πρῶτον
907 1552 1215 1622 Αὐγούστου
1258 1551 1367 1605 τῶν
1415 1552 1679 1605 πλείστων
1721 1548 1889 1603 ὲθνῶν

304 1647 780 1717 μοναρχήσαντος,
838 1646 961 1700 καθ’
1000 1646 1080 1709 ὃν,
1135 1646 1490 1717 Κλεοπάτρας
1548 1644 1801 1716 ἀλούσης,
1853 1645 1887 1714 ἡ

300 1736 738 1805 κατ’Δῖγυπτον
779 1737 887 1790 τῶν
920 1738 1269 1810 Πτολεμαίων
1308 1736 1526 1808 διαδοχὴ
1558 1736 1745 1789 λέλυτο
1766 1752 1779 1766 ·
1829 1734 1889 1799 ἐξ

302 1829 523 1882 ἐκείνου
567 1847 626 1882 τε
671 1830 765 1883 καὶ
792 1832 872 1893 είς
900 1830 1062 1902 δεῦρο
1092 1831 1153 1883 τὸ
1176 1832 1269 1883 ἀπ’
1294 1830 1511 1893 αἰῶνος,
1545 1830 1635 1883 καὶ
1666 1831 1759 1883 ἀπ’
1787 1830 1888 1882 αὐ-

308 1916 432 1985 τῆς,
458 1915 536 1979 ὡς
561 1918 753 1980 εἰπεῖν,
776 1918 874 1989 τῆς
898 1917 1119 1990 πρώτης
1143 1919 1486 1992 ἀνθρωπείας
1508 1920 1706 1973 συστὰν
1727 1919 1889 1989 Λίγύ-
1923 1904 1962 1958 Β

304 2026 445 2061 πτου
479 2009 745 2079 βασίλειον
786 2010 1064 2082 καθῄρητο
1087 2029 1100 2042 ·
1139 2010 1199 2075 ἐξ
1226 2011 1432 2065 ἐκείνου
1462 2028 1520 2063 τε
1556 2011 1648 2064 καὶ
1673 2011 1734 2064 τὸ
1769 2012 1892 2064 Ἰου-

303 2101 476 2154 δαίων
524 2101 676 2165 ἔθνος
717 2103 1000 2173 Ῥωμαίων
1030 2103 1213 2157 δοῦλον
1242 2103 1452 2172 γέγονε,
1488 2105 1578 2156 καὶ
1613 2103 1675 2156 τὸ
1707 2103 1893 2175 Σύρων

305 2194 594 2258 ὡσαύτως,
616 2196 998 2250 Καππαδόκων
1018 2213 1075 2249 τε
1107 2198 1201 2249 καὶ
1232 2197 1575 2259 Μακεδόνων,
1605 2197 1700 2249 καὶ
1732 2196 1891 2250 Βιθυ-

310 2286 443 2349 νῶν,
472 2288 568 2339 καὶ
615 2287 900 2359 Ἑλλήνων,
932 2289 1026 2341 καὶ
1050 2288 1320 2341 συνελόντι
1354 2288 1517 2356 φάναι
1549 2288 1657 2340 τῶν
1690 2288 1892 2343 λοιπῶν

308 2380 420 2433 τῶν
447 2380 553 2433 ύπὺ
580 2381 677 2453 τὴν
714 2381 997 2451 Ῥωμαίων
1026 2382 1199 2453 ἀρχὴν
1232 2381 1502 2434 ἀπάντων.
1541 2381 1711 2434 Τοῦτο
1734 2381 1789 2433 δὲ
1811 2383 1891 2434 ὅτι

311 2474 389 2545 μὴ
425 2473 576 2527 ἀθεεὶ
601 2478 667 2544 τῇ
698 2476 824 2545 περὶ
857 2473 950 2527 τοῦ
981 2474 1232 2546 Σωτῆρος
1258 2472 1411 2545 ἡμῶν
1434 2473 1749 2545 διδασκαλίᾳ
1779 2490 1903 2528 συν-

309 2562 584 2632 εισῆλθεν,
620 2565 703 2627 τίς
738 2564 836 2616 οὐκ
868 2562 933 2616 ἂν
959 2563 1333 2634 ὁμολογήσειε,
1369 2562 1691 2633 διανοηθεὶς,
1722 2564 1797 2627 ὡς
1829 2581 1888 2617 ου

310 2659 495 2729 ῥᾴδιον
524 2653 591 2729 ἦν
614 2661 725 2721 τοῖς
758 2655 1022 2728 μαθηταῖς
1050 2654 1214 2708 αὐτοῦ
1249 2656 1471 2726 πορείαν
1504 2656 1597 2709 ἐπὶ
1622 2656 1721 2726 τῆς
1747 2655 1892 2709 ἀλλο-

306 2749 488 2820 δαπῆς
554 2750 898 2812 στείλασθαι,
964 2746 1263 2801 διεστώτων
1328 2747 1463 2819 πρὸς
1526 2747 1730 2819 ἄλληλα
1784 2748 1892 2803 τῶν

308 2843 502 2907 ἐθνῶν,
548 2843 641 2895 καὶ
675 2842 940 2913 μηδεμιᾶς
986 2841 1151 2911 οὔσης
1191 2842 1247 2893 ἐν
1280 2841 1460 2903 αὐτοῖς
1495 2838 1772 2910 ἐπιμιξίας
1804 2838 1891 2892 διὰ

306 2933 411 2997 τὰς
458 2933 660 2997 πολλὰς
703 2931 1023 3004 ἐθναρχίαςο
1059 2926 1134 2985 ὧν
1180 2933 1624 3005 περιῃρημένων,
1676 2931 1891 3001 ἀφόϐως

308 3027 413 3098 ηδη
440 3027 535 3081 καὶ
553 3030 643 3082 ἐπ’
673 3027 854 3090 ἀδείας
884 3028 946 3080 τὸ
972 3027 1327 3098 προκείμενον
1344 3027 1523 3098 ήνυον,
1548 3028 1649 3098 τὴν
1670 3028 1890 3098 πορείαν

310 3121 499 3183 αὐτοῖς
531 3119 1089 3192 προεξευμαρίσαντος
1118 3118 1211 3172 τοῦ
1241 3120 1332 3172 ἐπὶ
1364 3118 1581 3173 πάντων
1611 3119 1768 3186 Θεοῦ,
1798 3121 1891 3175 καὶ

306 3213 441 3275 τιτλε
495 3211 698 3283 θυμοὺς
756 3212 865 3266 τῶν
912 3212 1055 3266 κατὰ
1088 3211 1270 3275 πόλεις
1305 3212 1710 3284 δεισιδαιμόνων
1740 3214 1891 3286 φόϐῳ
1919 3257 1960 3313 C

306 3304 413 3373 τῆς
471 3304 714 3375 μείζονος
770 3306 942 3377 ἀρχῆς
972 3302 1457 3371 καταστείλαντος;
1493 3306 1717 3374 Λόγισαι
1760 3307 1890 3379 γὰρ,

307 3397 407 3459 ὡς,
443 3399 492 3449 εἰ
545 3396 709 3469 μηδὲν
749 3397 810 3450 τὸ
839 3398 1045 3455 κωλῦον
1084 3394 1152 3470 ἦν
1192 3400 1319 3464 τοὺς
1359 3399 1485 3471 περὶ
1508 3399 1607 3470 τὴν
1638 3399 1892 3453 πολύθεον

310 3489 521 3559 πλάνην
568 3488 935 3559 ἐπτοημένους
981 3493 1047 3561 τῇ
1102 3490 1197 3544 τοῦ
1241 3490 1478 3563 Χριστοῦ
1526 3490 1781 3562 πολεμεῖν
1816 3490 1893 3544 δι-

310 3583 597 3654 δασκαλίᾳ,
655 3583 822 3637 πάλαι
862 3583 928 3638 ἂν
973 3584 1148 3658 ἑώρας
1200 3586 1342 3640 κατὰ
1395 3586 1578 3651 πόλεις
1629 3587 1893 3641 καὶκατὰ

315 3676 520 3746 ἀγροὺς
539 3675 833 3746 ἐμφυλίους
856 3676 1092 3741 στάσεις,
1122 3678 1393 3749 διωγμούς
1413 3695 1472 3732 τε
1506 3681 1599 3732 καὶ
1625 3679 1893 3750 πολέμους

311 3768 372 3819 οὒ
401 3767 530 3830 τους
547 3768 929 3837 τυγχάνοντας,
964 3771 1013 3822 εί
1041 3770 1104 3841 δὴ
1130 3772 1213 3840 ἐφ’
1237 3772 1462 3836 ἑαυτοὺς
1488 3767 1633 3842 εἶχον
1652 3773 1701 3825 οἱ
1732 3772 1893 3825 δεισι-

311 3860 564 3930 δαίμονες
596 3861 695 3932 τὴν
726 3862 814 3914 ἐπ’
849 3862 1029 3915 αὐτῶν
1068 3862 1336 3930 ἐξουσίαν.
1382 3863 1496 3917 Νῦν
1519 3865 1574 3917 δὲ
1609 3866 1701 3918 καὶ
1734 3864 1894 3918 τοῦτο

312 3950 449 4004 Θεοῦ
477 3950 570 4004 τοῦ
605 3952 696 4007 ἐπὶ
731 3953 947 4007 πάντων
974 3952 1132 4025 ἔργον
1155 3950 1245 4026 ἧν,
1275 3955 1335 4008 τὸ
1368 3955 1572 4028 μείζονι
1615 3956 1765 4027 φόϐῳ
1794 3958 1893 4027 τῆς

312 4042 572 4096 ἀνωτάτω
595 4042 791 4113 ἀρχῆς,
812 4043 939 4105 τοὺς
962 4042 1187 4113 ἐχθροὺς
1206 4042 1300 4095 τού
1327 4042 1527 4095 οίκείου
1548 4041 1707 4110 λόγου
1734 4059 1894 4095 καταο

312 4132 592 4186 δουλῶσαι.
638 4135 974 4205 Προκόπτειν
1014 4133 1120 4206 γὰρ
1166 4134 1325 4188 αὑτὸν
1353 4135 1643 4206 ὁσημέραι,
1686 4136 1778 4188 καί⁵
1814 4136 1892 4198 είς

316 4224 528 4288 πάντας
559 4222 878 4295 ἀνθρώπους
907 4223 1092 4289 αὔξειν
1128 4224 1391 4294 βούλεται.
1426 4224 1593 4278 Πάλιν
1628 4240 1686 4277 τε
1717 4219 1785 4277 αὖ
1817 4224 1893 4286 ὡς

316 4315 391 4386 μὴ
413 4314 692 4387 νομισθείη
715 4315 857 4369 κατὰ
886 4315 1227 4387 συγχώρησιν
1254 4316 1362 4369 τῶν
1381 4316 1724 4389 κρατούντων
1744 4316 1894 4387 διαρ-

313 4408 517 4471 κέσειν,
569 4406 751 4461 εἴποτὲ
803 4425 887 4472 τις
931 4407 1133 4461 τούτων
1176 4409 1410 4481 πονηρίᾳ
1444 4408 1667 4477 ληφθεὶς
1695 4409 1771 4480 τῷ
1796 4409 1892 4462 τοῦ

313 4499 552 4572 Χριστοῦ
578 4500 722 4571 λόγῳ
748 4499 1000 4571 πολεμεῖν
1023 4500 1307 4572 προύθετο,
1328 4502 1421 4554 καὶ
1448 4501 1605 4554 τοῧτο
1631 4502 1893 4573 πράττειν

2065 988 2359 1055 Caeterum,
2391 990 2516 1060 quis
2557 1004 2666 1045 non
2697 991 3075 1060 Obstupescat,
3101 1005 3288 1048 secum
3329 994 3578 1065 cogitans

1997 1091 2162 1154 atque
2207 1084 2392 1139 animo
2431 1098 2677 1145 versans,
2728 1098 2838 1137 non
2892 1083 3190 1138 humanum
3245 1084 3349 1139 hoc
3408 1086 3580 1143 fuisse

1996 1192 2155 1247 opus,
2186 1177 2270 1232 vel
2296 1191 2455 1232 exeo
2482 1176 2626 1246 quod
2646 1191 2921 1246 nunquam
2948 1176 3085 1232 alias
3113 1176 3216 1230 sub
3241 1192 3350 1231 uno
3384 1176 3581 1232 Roma-

1997 1283 2193 1323 norum
2244 1267 2473 1338 imperio
2513 1268 2761 1337 plurimae
2804 1268 2954 1323 orbis
3004 1275 3192 1338 gentes
3226 1284 3348 1324 esse
3381 1276 3575 1339 potue-

1998 1368 2147 1426 runt,
2182 1361 2288 1416 nisi
2322 1359 2624 1415 secundum
2667 1358 2797 1415 Jesu
2829 1360 3117 1430 tempora?
3149 1360 3286 1416 Nam
3320 1362 3483 1418 simul
3511 1376 3577 1417 ac

1993 1455 2083 1509 ille
2110 1453 2509 1509 admirabiliter
2535 1455 2600 1509 ad
2642 1452 2891 1508 homines
2926 1454 3094 1519 venit,
3120 1464 3283 1525 atque
3309 1455 3453 1510 inter
3478 1455 3578 1511 ho-

1992 1549 2168 1604 mines
2196 1558 2446 1606 versatus
2468 1558 2574 1615 est,
2600 1550 2763 1603 etiam
2798 1566 2885 1605 res
2910 1550 3185 1606 Romanas
3206 1548 3275 1603 ad
3298 1562 3575 1605 summum

1992 1640 2310 1711 pervenisse
2359 1641 2610 1711 contigit,
2647 1656 2757 1711 quo
2788 1641 3022 1711 primum
3052 1650 3295 1711 tempore
3326 1640 3578 1697 videlicet

1992 1734 2295 1804 Augustus,
2324 1734 2685 1804 plurimarum
2718 1737 2959 1803 gentium
2992 1733 3248 1789 dominus
3280 1734 3473 1789 evasit.
3517 1732 3574 1788 Id

1990 1841 2119 1882 vero
2142 1824 2239 1880 fuit
2285 1840 2411 1879 eum
2444 1834 2498 1880 et
2526 1824 2815 1895 Cleopatra
2843 1834 3001 1896 capta
3030 1833 3137 1889 est,
3163 1834 3219 1881 et
3247 1824 3576 1881 Ptolemazo-

1994 1936 2113 1975 rum
2135 1919 2485 1975 successioin
2520 1918 2756 1990 {Egypto
2786 1918 3077 1981 dissoluta,
3112 1928 3276 1988 atque
3296 1934 3361 1974 ex
3401 1918 3494 1973 illo
3520 1918 3573 1973 in

1994 2014 2139 2069 hunc
2180 2028 2353 2083 usque
2378 2013 2543 2080 diem,
2581 2012 2725 2083 quod
2748 2012 2817 2066 ab
2849 2012 3007 2066 initio
3029 2012 3202 2076 orbis,
3246 2010 3408 2082 140
3423 2021 3477 2065 et
3504 2012 3577 2067 ab

1994 2109 2134 2177 ipsa,
2170 2116 2229 2161 ut
2250 2107 2324 2161 ita
2352 2105 2554 2170 dicam,
2590 2105 2873 2159 hominum
2895 2103 3128 2174 origine,
3154 2111 3382 2158 steterat
3406 2101 3576 2174 Egy-

1995 2200 2068 2269 pti
2100 2213 2349 2269 regnum,
2381 2213 2632 2252 eversum
2656 2204 2762 2253 est.
2793 2195 2870 2249 Ex
2899 2194 2991 2250 illo
3019 2192 3331 2249 Judteorum
3357 2208 3576 2263 quoque

1994 2292 2143 2347 natio
2175 2307 2205 2344 a
2249 2289 2511 2345 Romanis
2562 2290 2615 2344 in
2654 2290 2972 2345 servitutem
3017 2286 3261 2352 redacta,
3308 2282 3574 2356 Syrorum

1994 2384 2144 2448 item,
2180 2389 2234 2438 et
2272 2380 2678 2453 Cappadocum,
2718 2389 2771 2436 et
2813 2380 3190 2444 Macedonum,
3223 2385 3278 2433 et
3310 2376 3575 2450 Bithyno-

1995 2486 2139 2538 rum,
2168 2483 2223 2530 et
2252 2474 2585 2541 Graecorum,
2615 2490 2679 2527 ac
2708 2472 2944 2541 denique
2969 2472 3305 2541 reliquorum
3330 2469 3574 2524 omnium

1992 2567 2089 2638 qui
2120 2566 2368 2622 Romano
2403 2568 2632 2637 imperio
2660 2575 2967 2621 cesserunt.
3000 2563 3113 2618 lloc
3139 2569 3323 2618 autem
3350 2579 3459 2618 non
3494 2563 3575 2619 si-

1993 2676 2063 2716 ne
2094 2659 2225 2721 Deo,
2257 2676 2362 2713 una
2392 2674 2517 2714 cum
2549 2658 2800 2714 doctrina
2834 2672 2955 2727 qua:
2979 2656 3047 2711 de
3078 2656 3359 2711 Salvatore
3387 2665 3576 2712 nostra

1995 2752 2249 2817 ferretur,
2284 2752 2562 2807 introiisse
2586 2751 2641 2805 in
2674 2750 2885 2814 orbem,
2918 2750 3043 2819 quis
3068 2764 3176 2803 non
3208 2748 3463 2813 fateatur,
3495 2763 3578 2807 rc-

1994 2852 2193 2914 putans
2223 2860 2332 2898 non
2374 2843 2586 2898 facilem
2616 2842 2744 2899 Jesu
2785 2841 3070 2912 discipulis
3114 2848 3463 2895 externarum
3495 2854 3577 2896 re-

1994 2936 2214 3008 gionum
2251 2938 2689 3007 peragrationem
2720 2934 2957 2990 futuram
2988 2932 3177 2997 fuisse,
3207 2934 3252 2988 si
3275 2939 3465 3003 gentes
3492 2933 3576 2987 in-

1994 3038 2076 3085 ter
2115 3045 2175 3085 se
2213 3029 2402 3084 divisae
2434 3028 2827 3098 discordesque
2875 3026 3127 3085 fuissent.
3178 3040 3354 3095 neque
3406 3025 3575 3079 ullum

1994 3138 2243 3194 prorsus,
2270 3122 2341 3177 ob
2373 3121 2702 3191 multiplices
2728 3121 3089 3191 principatus,
3122 3119 3263 3173 inter
3284 3118 3406 3173 illas
3432 3133 3578 3173 com-

1997 3213 2289 3279 mercium;
2339 3212 2538 3283 quibus
2591 3227 2723 3267 sane
2752 3212 2983 3267 sublatis
3018 3208 3437 3282 principatibus,
3491 3209 3576 3263 in-
3662 3249 3667 3255 .

1995 3304 2203 3375 trepide
2255 3304 2369 3375 jam
2419 3312 2582 3374 atque
2629 3305 2851 3374 impune
2901 3304 3175 3374 negotium
3234 3302 3574 3372 propositum

1995 3397 2427 3466 compleverunt,
2462 3412 2587 3452 eum
2620 3411 2914 3467 supremus
2949 3395 3092 3451 Deus
3125 3404 3179 3451 et
3211 3397 3315 3451 iter
3343 3394 3449 3450 illis
3481 3410 3577 3449 ex-

1996 3487 2237 3555 peditum
2269 3504 2334 3542 ac
2368 3488 2526 3544 facile
2571 3496 2933 3559 compararet,
2977 3498 3031 3543 et
3065 3488 3576 3559 superstitiosorum

1996 3580 2051 3634 in
2083 3579 2400 3635 civitatibus
2438 3579 2654 3635 animos
2677 3588 2886 3637 terrore
2923 3580 3148 3650 majoris
3174 3578 3390 3650 imperii
3422 3577 3579 3632 colii-

1995 3672 2189 3727 berct?
2222 3670 2433 3743 chuta
2469 3673 2613 3728 enim
2655 3682 2834 3729 tecum
2858 3688 3152 3744 parumper
3185 3692 3198 3728 :
3228 3672 3274 3727 si
3311 3672 3458 3727 nulla
3490 3686 3578 3728 res

1995 3764 2387 3835 impedimento
2430 3765 2625 3821 fuisset
2661 3767 2728 3821 iis
2759 3767 2852 3836 qui
2880 3781 3069 3822 errore
3117 3766 3330 3821 colendi
3374 3765 3579 3821 inultos

1996 3857 2127 3911 deos
2174 3857 2523 3924 tenebantur,
2582 3872 2649 3912 ne
2701 3858 3007 3913 doctrinam
3039 3856 3244 3914 Christi
3296 3871 3580 3928 oppugnao

1996 3959 2138 4016 rent,
2164 3968 2326 4022 quam
2360 3953 2560 4008 multas
2588 3955 2822 4009 antehac
2858 3954 3047 4008 civiles
3101 3952 3420 4019 seditiones,
3444 3961 3499 4007 et
3524 3953 3579 4008 in

1996 4044 2224 4099 urbibus
2258 4046 2388 4100 etin
2412 4049 2557 4117 agris
2593 4047 2828 4103 vidisses
2862 4067 2874 4102 :
2910 4058 3041 4117 quot
3068 4049 3405 4113 vexationes,
3441 4054 3575 4117 quot

1998 4137 2137 4191 bella
2176 4152 2288 4192 non
2323 4138 2621 4193 mediocria
2651 4140 2742 4192 illa
2779 4140 3023 4211 quidem,
3092 4142 3137 4197 si
3205 4141 3573 4211 superstitiosi

1996 4227 2072 4281 illi
2124 4243 2237 4282 sum
2293 4228 2534 4297 ipsorum
2587 4232 2874 4299 potestatis
2925 4230 3180 4296 fuissent,
3213 4247 3277 4286 ac
3325 4248 3492 4302 penes
3521 4248 3581 4289 se

1990 4320 2083 4390 jus
2117 4320 2331 4390 imperii
2362 4321 2701 4377 habuissent.
2722 4321 2879 4377 Nunc
2909 4332 3089 4379 autem
3120 4325 3223 4379 hoc
3245 4340 3462 4395 quoque
3485 4342 3578 4380 su-

1996 4412 2170 4484 premi
2198 4411 2298 4467 Dei
2346 4411 2450 4468 fuit
2479 4428 2638 4485 Opus,
2671 4414 2867 4484 majori
2896 4416 3132 4485 quodam
3165 4400 3372 4472 terrore
3398 4431 3582 4486 supre-

1996 4522 2099 4562 ma:
2119 4506 2356 4578 alicujus
2384 4509 2658 4579 potentiae,
2685 4510 2891 4580 proprii
2915 4511 3063 4565 verbi
3096 4506 3348 4566 inimicos
3378 4511 3582 4565 habere

312 4591 545 4645 ἐνεδίδου
577 4592 638 4645 τὺ
668 4591 1001 4663 καταθύμιον
1026 4609 1039 4621 ·
1071 4592 1209 4664 ὁμοῦ
1268 4594 1364 4664 μὲν
1409 4595 1488 4656 εἰς
1521 4593 1743 4659 ἔνδειξιν
1785 4594 1894 4648 τῶν

1995 4600 2106 4671 jam
2150 4598 2390 4657 domitos
2423 4621 2436 4656 :
2469 4600 2524 4655 id
2559 4603 2702 4657 enim
2757 4602 3019 4674 prolicere
3073 4604 3128 4659 in
3177 4603 3315 4667 dies,
3347 4611 3402 4659 et
3435 4604 3577 4674 apud

314 4685 413 4755 τῆς
444 4684 722 4748 εὐσεϐείας
748 4683 1017 4755 ἀθλητῶν,
1047 4683 1182 4755 ὁμοῦ
1210 4685 1266 4738 δὲ
1292 4685 1385 4739 καὶ
1415 4687 1495 4749 εἰς
1526 4685 1588 4739 τὺ
1619 4688 1730 4750 τοῖς
1760 4688 1892 4740 πᾶσι

316 4777 546 4848 φανερὸν
599 4778 957 4849 καταστῆναι,
992 4778 1072 4832 ὅτι
1121 4778 1196 4851 μὴ
1240 4777 1298 4845 ἐξ
1332 4777 1633 4850 ἀνθρώπων
1664 4775 1733 4851 ἦν
1769 4779 1893 4849 βου-

315 4868 435 4939 λῆς,
491 4869 605 4922 ἀλλ’
644 4870 710 4924 ἐκ
753 4871 852 4941 τῆς
908 4870 1004 4924 τοῦ
1058 4870 1191 4924 Θεοῦ
1238 4870 1519 4942 δυνάμεως
1572 4873 1605 4942 ἡ
1661 4870 1755 4925 τοῦ
1811 4873 1895 4925 λό-

315 4978 414 5030 γου
464 4960 741 5027 σύστασις.
806 4963 1014 5018 Λύτίκα.
1064 4965 1147 5029 τίς
1203 4966 1303 5018 ούκ
1348 4964 1415 5018 ἂν
1465 4965 1763 5036 θαυμάσειε
1828 4966 1896 5018 τὰ

318 5055 634 5126 συμϐαίνειν
677 5056 817 5110 κατά
847 5057 975 5121 τοὺς
1011 5058 1249 5111 τοιούσδε
1281 5059 1505 5130 καιροὺς
1534 5057 1795 5124 εἰωθότας
1832 5060 1894 5111 Οἱ

319 5146 422 5217 μὲν
461 5147 570 5221 γὰρ
604 5150 703 5221 τῆς
731 5150 1012 5214 εὐσεϐείας
1038 5150 1265 5221 ἀθληταὶ
1291 5151 1350 5204 τὸ
1379 5151 1508 5222 πρὶν
1537 5149 1896 5221 ἀνθρωπίνοις

314 5257 381 5309 γε
414 5245 526 5305 τοῖς
566 5245 699 5296 πᾶσι
736 5242 973 5314 διάδηλοι
1011 5245 1106 5297 καὶ
1147 5244 1466 5315 διαπρεπεῖς
1491 5244 1752 5312 ἐγίνοντο,
1786 5245 1896 5298 τῶν

316 5336 469 5407 παρά
520 5335 600 5405 τῷ
641 5336 761 5406 Θεῷ
800 5337 1194 5407 κατηξιωμένοι
1239 5337 1556 5408 βασιλείων·
1606 5340 1654 5391 οί
1702 5338 1759 5392 δὲ
1797 5341 1895 5409 τῆς

314 5426 598 5491 εὐσεϐείας
645 5428 892 5499 πολέμιοι
952 5429 1052 5493 τάς
1103 5432 1485 5502 προσηκούσας
1537 5430 1771 5497 ἐξέτινον
1819 5431 1896 5483 δί-

315 5534 440 5579 κας,
487 5518 766 5589 θεηλάτοις
824 5519 1073 5590 μάστιξιν
1127 5520 1519 5591 οίστρούμενοι,
1561 5523 1655 5575 καὶ
1693 5523 1799 5575 πᾶν
1835 5522 1897 5575 τὸ

318 5610 477 5681 σῶμα
526 5611 718 5675 δεινοῖς
759 5615 853 5665 καὶ
904 5613 1146 5683 ἀνιαροῖς
1193 5612 1388 5666 πάθεσι
1436 5598 1892 5685 διαφθειρόμενοι⁵

318 5702 459 5757 ὥστε
490 5706 592 5775 ἤδη
635 5704 728 5757 καὶ
761 5707 839 5768 είς
867 5704 1153 5775 ὁμολογίαν
1178 5705 1280 5789 τῆς
1324 5705 1465 5757 κατά
1498 5705 1733 5776 Χριστοῦ
1767 5706 1894 5758 δι›σ‹⁵

323 5794 535 5859 σεὸείας
573 5797 728 5866 ἣκειν
769 5795 1174 5866 περιελαθῆναι.
1212 5796 1275 5847 Οἱ
1309 5794 1366 5847 δέ
1397 5812 1458 5864 γε
1489 5794 1665 5847 λοιποί
1697 5796 1896 5859 πάντες

324 5887 419 5957 τῆς
472 5887 651 5941 ἐνθέου
690 5887 1057 5959 προσηγορίας
1109 5885 1421 5957 ἠξιωμένοι,
1471 5885 1612 5941 κατὰ
1661 5887 1894 5958 Χριστοῦ

1997 4702 2225 4752 cunctos
2284 4694 2533 4751 homines
2580 4712 2830 4751 crescere
2879 4697 3092 4751 volebat
3133 4715 3144 4751 :
3182 4712 3374 4752 rursus
3400 4707 3578 4753 autem

1998 4802 2067 4841 ne
2094 4793 2381 4857 putaretur
2414 4802 2478 4841 ex
2507 4786 2870 4841 concessione
2898 4801 2963 4840 ac
2994 4788 3152 4841 venia
3181 4788 3581 4843 dominantium

1997 4893 2368 4948 perseverare,
2412 4877 2458 4933 si
2507 4878 2730 4948 quando
2781 4879 2978 4932 borum
3032 4883 3271 4949 ipsorum
3307 4880 3585 4951 quispiam.

1998 4971 2337 5041 malignitate
2385 4973 2620 5042 quadam
2676 4983 2997 5045 correptus,
3052 4974 3318 5029 adversus
3375 4972 3580 5029 Christi

1999 5063 2226 5118 verbum
2282 5079 2526 5134 pugnare
2582 5064 2942 5122 deliberatum
2996 5067 3051 5121 in
3098 5067 3281 5120 animo
3324 5066 3578 5132 habebat,

1998 5154 2161 5207 etiam
2195 5155 2298 5209 hoc
2325 5172 2427 5210 suo
2458 5157 2632 5228 ipsius
2658 5159 2929 5214 arbitratu
2959 5160 3111 5214 illum
3145 5158 3326 5214 facere
3354 5159 3572 5231 permit-

1999 5246 2167 5313 tebat,
2205 5247 2367 5302 simul
2401 5257 2462 5304 ut
2494 5266 2682 5305 eorum
2718 5251 2975 5307 virtutem
3013 5250 3327 5306 ostenderet
3352 5251 3443 5321 qui
3481 5268 3580 5322 pro

1999 5335 2200 5406 pietate
2239 5341 2573 5410 pugnabant,
2612 5342 2774 5397 simul
2806 5345 2966 5399 etiam
3005 5355 3063 5399 ut
3090 5346 3304 5401 cunctis
3337 5345 3577 5400 homini-

1997 5427 2101 5484 bus
2155 5429 2375 5500 planum
2438 5430 2660 5498 faceret,
2693 5434 2838 5503 quod
2888 5448 2996 5488 non
3048 5434 3287 5489 humano
3320 5434 3575 5498 consilio,

1999 5522 2096 5577 sed
2146 5522 2244 5579 Dei
2293 5524 2494 5581 virtute
2538 5526 2806 5582 niteretur
2840 5528 2957 5598 ipsa
2988 5528 3142 5583 verbi
3192 5529 3576 5600 propugnatio.

2000 5614 2212 5671 Etenim
2239 5618 2362 5686 quis
2396 5632 2506 5671 non
2532 5619 2795 5673 continuo
2819 5620 3170 5690 Obstupescat
3193 5636 3277 5684 ea,
3315 5636 3438 5690 quae
3470 5621 3579 5678 illis

2000 5706 2340 5774 temporibus
2390 5706 2638 5762 accidere
2706 5710 2909 5779 passim
2976 5712 3389 5767 cernebantur?
3440 5711 3579 5767 Nam

2001 5795 2103 5864 ipsi
2157 5796 2374 5865 pietatis
2431 5799 2791 5868 defensores,
2859 5802 3092 5873 primum
3154 5805 3297 5874 apud
3350 5816 3581 5861 cunctos

2001 5887 2250 5945 homines
2313 5890 2448 5946 clari
2507 5893 2858 5966 illustresque
2924 5896 3161 5964 ﬂebant,
3224 5905 3279 5953 et
3324 5896 3583 5954 certami-
