4120 6420
519 387 626 446 ΞΠ

1184 389 1455 448 EUSEBII
1481 390 1958 452 CESARIENSIS
1990 396 2139 453 OPP.
2178 397 2360 453 PARS
2394 399 2461 458 ll.
2495 430 2569 440 —
2598 398 3094 461 APOLOGETICA.

3662 407 3768 465 248

519 521 653 564 num
682 506 903 579 pmmia
938 506 1083 576 apud
1113 505 1282 562 Deum
1314 511 1827 582 consequebantur;
1874 513 2083 586 pietatis

2198 520 2415 590 φρονεῖν
2456 518 2768 590 αὐχοῦντες,
2816 522 2904 575 ἐπ’
2947 521 3127 592 ὀλίγον
3166 520 3604 595 γεγυμνασμένοι
3653 528 3768 591 τοῖς

520 613 651 655 vero
679 601 895 664 hostes,
930 596 1192 655 divinitus
1244 600 1370 655 caesi
1416 608 1581 671 alque
1636 604 1847 675 agitati,
1901 620 1966 660 ac
2010 613 2095 660 to-

521 700 583 745 to
623 704 852 760 corpore
886 689 1145 760 gravibus
1187 692 1542 764 molestisque
1585 694 1869 754 doloribus
1916 697 2094 767 impli-

518 782 614 839 citi
644 788 807 852 atque
854 783 1184 853 consumpti,
1219 783 1399 838 debita
1442 785 1711 857 supplicia
1758 787 2090 858 pendebant,

521 873 676 946 14],
708 872 845 929 adeo
888 874 1105 944 quidem
1149 884 1208 930 ut
1251 875 1532 946 profanam
1578 883 1769 932 contra
1807 876 2091 934 Christum

515 966 853 1021 voluntatem
885 965 1137 1022 conﬁteri
1156 1005 1172 1031 ,
1202 965 1316 1036 jam
1346 973 1461 1020 tum
1496 976 1862 1038 cogerentur:
1896 978 1951 1025 at
1995 986 2091 1027 cae.

517 1057 624 1113 teri
657 1071 851 1113 omnes
881 1058 976 1129 qui
1020 1060 1383 1130 appellatione
1424 1070 1777 1119 sacrosancta
1825 1063 1974 1135 digni
2006 1064 2091 1119 in-

514 1149 665 1205 venti
710 1149 965 1216 ruerant,
1013 1157 1069 1207 et
1113 1166 1174 1207 se
1207 1153 1458 1223 partibus
1490 1153 1697 1211 Christi
1730 1170 1854 1212 esse
1886 1155 2090 1227 gloria~

514 1241 738 1307 bantur,
799 1258 926 1297 cum
980 1242 1049 1298 ad
1098 1243 1264 1299 breve
1311 1252 1526 1314 tempus
1573 1247 1853 1302 exercitati
1901 1258 2089 1303 essent

513 1332 807 1402 molestiis,
836 1344 1003 1406 atque
1033 1334 1428 1407 ingenuitatem
1460 1337 1945 1409 sinceritatemque
1973 1338 2088 1393 ani-

512 1424 589 1479 mi
622 1441 736 1495 pra:
773 1440 835 1483 se
878 1426 1172 1492 tulissent,
1200 1431 1481 1502 pr0priam
1513 1446 1710 1486 rursus
1742 1430 2088 1502 recipiebant

509 1517 819 1574 libertatem
844 1558 860 1584 ,
892 1534 958 1575 ac
988 1523 1234 1579 salutare
1264 1523 1474 1579 interea
1503 1524 1734 1580 verbum
1776 1523 1987 1592 majore
2029 1523 2084 1577 in

509 1608 627 1665 dies
655 1609 908 1666 claritate
941 1611 1185 1677 nitebat,
1227 1622 1394 1686 atque
1434 1617 1489 1669 in
1536 1615 1672 1685 ipsis
1719 1615 1914 1671 mediis
1984 1615 2086 1670 lio-

508 1699 688 1757 stibus
736 1701 1142 1771 dominabatur,
1184 1720 1249 1761 ac
1291 1722 1401 1762 non
1448 1706 1613 1763 modo
1649 1709 1705 1763 in
1753 1708 1821 1763 iis
1853 1708 1944 1779 qui
1980 1708 2085 1763 sub

506 1793 684 1849 visum
713 1807 965 1852 nostrum
996 1798 1260 1856 cadentes
1291 1800 1749 1866 adversabantur,
1786 1800 1882 1858 sed
1914 1800 1969 1854 in
2014 1800 2083 1855 iis

2152 622 2155 629 ’
2200 612 2595 685 πειρατηρίοις,
2631 613 2693 666 τὸ
2724 613 2781 667 δὲ
2814 616 3034 686 γνήσιον
3072 617 3165 670 καὶ
3196 616 3484 687 εἰλικρινὲς
3511 615 3606 670 τοῦ
3637 635 3767 690 φρο-

2198 705 2437 776 νήματος
2481 704 2899 777 ἐπιδειξάμενοι,
2947 707 3046 779 τὴν
3085 706 3290 762 οἰκείαν
3322 704 3479 771 αὖθις
3514 708 3765 780 ἀπελάμ-

2196 798 2358 852 ϐανον
2403 797 2731 869 ἐλευθερίαν,
2789 800 2871 863 εἰς
2922 799 3105 871 μεῖζον
3164 798 3432 872 ὁσημέραι
3474 798 3541 852 δι’
3586 800 3765 852 αὐτῶν

2194 888 2563 959 ἐκλάμποντος
2609 889 2702 942 τοῦ
2753 891 3021 962 σωτηρίου
3057 890 3239 960 λόγου,
3270 892 3363 944 καὶ
3403 892 3462 943 ἐν
3484 891 3668 956 αὐτοῖς
3698 908 3765 960 γε

2197 979 2382 1050 μέσοις
2414 980 2525 1043 τοῖς
2575 977 2791 1051 ἐχθροῖς
2835 979 3335 1052 κατακρατοῦντος·
3375 980 3450 1052 μὴ
3497 981 3657 1051 μόνον
3700 998 3765 1036 τε

2191 1069 2300 1124 τῶν
2363 1071 2576 1143 ὁρατῶν
2640 1071 2913 1142 πολεμίων
2983 1070 3553 1144 κατεξανισταμένους,
3624 1072 3763 1128 ἀλλὰ

2191 1161 2285 1215 καὶ
2322 1160 2431 1215 τῶν
2463 1161 2737 1234 ἀοράτων·
2775 1160 2830 1215 εί
2862 1178 3007 1226 τινες
3038 1144 3145 1233 ἄρα
3174 1157 3282 1215 εἷεν
3320 1162 3462 1233 ἀμφὶ
3492 1163 3586 1217 τὸν
3630 1160 3763 1235 περὶ

2189 1252 2293 1323 γῆν
2342 1250 2478 1323 ἀέρα
2533 1250 2747 1323 ζοφώδη
2798 1251 3028 1325 πονηροὶ
3074 1251 3324 1324 δαίμονες
3366 1255 3458 1308 καὶ
3503 1254 3763 1326 ἄρχοντες

2187 1343 2414 1410 τούτων,
2444 1344 2538 1409 οὓς
2566 1345 2661 1398 καὶ
2688 1345 2886 1408 αὐτοὺς
2923 1346 2974 1397 οἱ
3006 1346 3216 1417 γνήσιοι
3256 1345 3346 1399 τοῦ
3379 1347 3615 1417 Χριστοῦ
3655 1364 3762 1418 μα-

2189 1432 2347 1503 θηταὶ
2368 1432 2434 1487 δι’
2465 1433 2687 1503 ἁγνείας
2720 1433 2856 1504 βίου,
2882 1435 2977 1488 καὶ
2999 1435 3106 1487 τῶν
3136 1435 3271 1507 πρὸς
3293 1434 3385 1490 τὸν
3412 1436 3546 1489 Θεὸν
3561 1436 3759 1507 εὐχῶν,

2185 1525 2276 1580 διά
2304 1543 2363 1580 τε
2394 1526 2496 1596 τῆς
2536 1525 2703 1580 αὐτοῦ
2736 1525 2918 1579 ἐνθέου
2961 1527 3330 1599 προσηγορίας
3362 1527 3759 1594 ἐξελαύνοντες,

2188 1615 2426 1687 σημείων
2455 1613 2561 1667 τῶν
2595 1614 2761 1668 πάλαι
2796 1614 3189 1687 ἱστορουμένων
3228 1614 3320 1668 ὑπ’
3350 1614 3513 1668 αὐτοῦ
3542 1614 3763 1684 γεγονὲ-

2184 1726 2273 1762 ναι
2319 1706 2657 1778 παραδόξων,
2685 1706 2780 1760 καὶ⁹
2818 1708 2874 1759 ἐν
2903 1705 3077 1778 τούτῳ
3107 1707 3218 1769 τοῖς
3262 1707 3488 1778 συνορᾷν
3524 1705 3758 1776 δυναμέ-

2183 1817 2295 1865 νοις
2326 1798 2398 1853 τὰ
2432 1799 2705 1871 τεκμήρια
2748 1798 2848 1870 τῆς
2897 1798 3079 1852 ἐνθέου
3118 1798 3320 1871 ἀρετῆς
3356 1796 3524 1851 αὐτοῦ
3560 1796 3760 1851 διαδει-

506 1900 725 1956 quoque
758 1888 855 1958 qui
885 1890 1064 1946 visum
1097 1893 1380 1949 mortalem
1410 1894 1705 1966 effugiunt,
1735 1894 1782 1949 si
1816 1893 1908 1964 qui
1943 1892 2082 1949 forte

2183 1891 2426 1956 κνύντες.
2461 1890 2621 1945 Ἀλλὰ
2647 1890 2756 1963 γὰρ
2774 1890 2881 1945 τῶν
2905 1890 2963 1944 δὲ
2994 1890 3133 1945 κατὰ
3158 1890 3347 1963 καιρὸν
3376 1906 3763 1962 προγεγυμνα-

506 1985 664 2030 erant
693 1976 749 2031 in
782 1978 887 2034 hoc
914 1981 1007 2051 qui
1036 1988 1240 2037 terram
1270 1985 1589 2055 complexus
1617 1994 1702 2042 est
1729 1984 1931 2041 nebulo
1955 1998 2081 2040 aere

2188 1982 2423 2055 σμένων,
2469 1983 2660 2056 καιρὸς
2686 1983 2789 2055 ἤδη
2832 1982 2987 2036 καλεῖ
3030 1982 3128 2053 τῆς
3173 1982 3583 2054 μυστικωτέρας
3629 1977 3762 2053 περὶ

503 2065 815 2135 daemones,
868 2071 963 2142 qui
1023 2073 1213 2130 alteris
1262 2075 1373 2132 illis
1424 2077 1778 2147 imperarent.
1835 2075 2080 2146 Namque

2186 2074 2349 2129 αὑτοῦ
2370 2072 2644 2143 θεολογίας
2666 2072 2999 2143 ἐφάψασθαι,
3017 2072 3217 2128 καὶτὸν
3240 2071 3370 2125 Θεὸν
3393 2072 3585 2140 Λόγον,
3612 2071 3762 2136 ὅστις

503 2162 671 2217 etiam
722 2163 826 2222 hos
875 2166 1026 2236 ipsos
1071 2168 1189 2224 veni
1240 2167 1448 2224 Christi
1501 2169 1795 2240 discipuli,
1844 2175 1903 2225 et
1956 2169 2080 2223 vita:

2187 2167 2305 2221 ποτ’
2329 2160 2397 2237 ἦν
2423 2166 2451 2219 ὁ
2474 2164 2564 2219 διὰ
2589 2164 2685 2233 τοῦ
2718 2163 3042 2235 φαινομένου
3066 2162 3257 2235 ἀνδρὸς
3285 2162 3383 2227 τὰς
3414 2161 3761 2233 θαυματουρο

500 2254 774 2324 puritate,
806 2266 862 2313 et
891 2258 960 2313 ad
991 2258 1162 2315 Deum
1192 2261 1417 2318 directis
1451 2262 1739 2333 precibus,
1785 2268 1842 2319 et
1887 2277 2079 2319 sacro-

2185 2259 2313 2329 γίας
2347 2257 2601 2323 ἐκτελῶν,
2630 2256 2982 2311 ἐποπτεῦσαι.

500 2355 692 2404 sancta
722 2350 871 2406 illius
903 2352 1271 2423 appellatione
1299 2352 1598 2425 fugabant,
1630 2353 1687 2408 in
1713 2353 1820 2409 hoc
1850 2368 2070 2425 quoque
2105 2350 2506 2407 admirabilium
2537 2350 2819 2422 signorum
2849 2365 2971 2421 quae
2996 2348 3065 2406 ab
3096 2349 3189 2405 illo
3216 2348 3361 2405 edita
3388 2363 3516 2405 esse
3547 2362 3757 2404 memo-

499 2452 713 2510 rantur,
746 2461 811 2502 ac
842 2445 1041 2503 divina:
1069 2464 1191 2520 quze
1223 2449 1280 2504 in
1310 2449 1403 2506 illo
1432 2457 1549 2506 erat
1580 2450 1801 2507 virtutis
1832 2458 2149 2522 argumenta
2180 2446 2489 2504 certissima
2519 2460 2630 2516 pm
2666 2460 2727 2502 se
2759 2444 3019 2502 ferentes.
3059 2444 3332 2500 Caeterum
3352 2481 3368 2508 ,
3408 2456 3535 2499 cum
3572 2441 3629 2497 in
3669 2440 3757 2496 bis

498 2552 600 2609 pro
628 2548 872 2609 tempore
901 2541 1004 2612 ipsi
1036 2559 1145 2598 non
1182 2543 1331 2615 ipsos
1363 2544 1594 2601 antehac
1620 2547 2064 2607 exercuerimus,
2094 2542 2231 2599 ordo
2266 2542 2382 2612 ipse
2413 2541 2527 2612 jam
2566 2540 2839 2611 postulat,
2902 2548 2961 2595 ut
2993 2540 3346 2595 o’ccultiorem
3374 2536 3443 2594 de
3475 2536 3568 2592 illo
3598 2535 3758 2591 theo.

496 2630 696 2702 logiam
726 2636 1079 2706 attingamus,
1114 2635 1392 2708 Deumque
1423 2639 1603 2710 ipsum
1638 2635 1879 2694 Verbum
1900 2675 1917 2704 ,
1952 2635 2229 2708 quodnam
2262 2634 2461 2703 fuerit,
2491 2633 2635 2706 quod
2666 2648 2763 2706 per
2795 2633 2948 2689 illum
2979 2633 3255 2689 hominem
3274 2672 3292 2700 ,
3323 2630 3418 2704 qui
3443 2631 3757 2696 videbatur,

494 2722 741 2795 prodigia
771 2734 828 2781 et
854 2716 1119 2784 miracula
1151 2728 1449 2798 eliieiebat,
1482 2729 1937 2801 contemplemur.

1572 3105 2664 3278 ΕΥΣΕΒΙΟΥ

1670 3385 1898 3472 ΤΟΥ
1972 3383 2574 3476 ΠΑΜΦΙΛΟΥ

940 3569 2121 3708 ΕΥΑΓΓΕΛΙΚΗΣ
2195 3567 3285 3716 ΑΠΟΔΕΙΞΕΩΣ

1568 3816 2005 3904 ΒΙΒΛΙΟΝ
2061 3817 2662 3903 ΤΕΤΑΡΤΟΝ.

1225 4074 1978 4335 EUSEBII
2093 4176 3007 4334 PAMPHILI

784 4469 2285 4602 DEMONSTRATIONIS
2381 4465 3438 4601 EVANGELICfE

1586 4728 1950 4815 LIBER
2038 4725 2631 4833 QUARTUS.

484 5032 641 5159 [in
700 5028 873 5088 II/EC
938 5030 1232 5088 INSUNT
1292 5026 1740 5105 INfIQUARTO
1826 5028 2083 5085 ιιΒηοη

591 5101 1060 5159 ’νΑΝιέΕιιισΑς
1129 5101 1224 5157 DE
1274 5100 1713 5158 SALVATORE
1755 5098 2048 5157 NOSTRO

2182 5026 2335 5082 ΓΑΔΕ
2361 5025 2683 5079 ΕΝΕΣΤΙΝ
2725 5026 2826 5079 ΕΝ
2866 5027 2948 5097 η)
2987 5025 3304 5096 ΤΕΤΑΡἸᾨ
3356 5025 3727 5080 ΣΥΓΓΡΑΜ-

2224 5097 2405 5150 MATI
2473 5097 2608 5149 ΤΗΣ
2680 5097 2849 5148 ΠΕΡΙ
2930 5098 3073 5150 ΤΟΥ
3133 5097 3468 5150 ΣΩΤΗΡΟΣ
3518 5094 3727 5151 ΗΜΩΝ

616 5094 1060 5159 VANGELIC/E
1129 5101 1224 5157 DE
1274 5094 1713 5158 SALVATORIS
1755 5098 2048 5157 NOSTRO

2224 5097 2405 5150 MATI
2473 5097 2608 5149 ΤΗΣ
2680 5097 2849 5148 ΠΕΡΙ
2914 5094 3073 5150 ’ΤΟΥ
3133 5094 3468 5150 ΣΩΤΗΡΟΣ
3518 5094 3733 5151 ΗΜΩΝ

550 5171 1303 5231 DEMONSTRATIONIS.

2222 5168 2267 5220 E
2282 5166 2744 5221 ΥΑΓΓΕΛΙΚΗΣ
2785 5165 3248 5221 ΑΠΟΔΕΙΞΕΩΣ.

483 5288 530 5345 l.
570 5287 648 5344 De
678 5289 962 5344 occultiore
993 5289 1278 5345 secundum
1315 5286 1647 5343 Salvatorem
1676 5304 1738 5341 ac
1768 5286 2051 5342 Dominum

2182 5286 2230 5334 ι’.
2263 5282 2403 5349 Περί
2427 5279 2537 5348 τῆς
2564 5280 2712 5333 κατὰ
2770 5281 2876 5334 τίὲν
2900 5279 3140 5349 Σωτῆρα
3176 5280 3279 5337 καὶ
3302 5276 3519 5349 Κύριον
3555 5280 3727 5350 ἡμῶν

551 5371 826 5425 nostrum,
861 5361 952 5431 qui
984 5359 1233 5415 Christus
1260 5370 1338 5415 est
1368 5358 1499 5423 Dei,
1532 5359 1945 5428 dispensatione.

2242 5351 2489 5473 Ἰησοῦν
2515 5350 2622 5404 τὸν
2648 5351 2909 5419 Χριστὸν
2928 5351 3036 5405 τοῦ
3066 5352 3214 5407 Θεοῦ
3234 5351 3540 5421 μυστικῆς
3564 5354 3724 5406 οἱκο-

2224 5439 2340 5491 νομ
2364 5440 2458 5488 ας.

2150 5517 2231 5581 β’.
2277 5516 2476 5581 Ὅπως
2505 5513 2692 5569 αὐτὸν
2717 5514 2833 5581 πρὸ
2863 5511 3068 5582 πάσης
3103 5515 3357 5581 κτίσεως
3404 5514 3543 5570 Υιὸν
3574 5514 3721 5571 Θεοί

2229 5584 2537 5655 γεγονέναι
2564 5584 2776 5655 φαμέν.

2151 5681 2220 5746 7’.
2270 5676 2398 5749 Ὅτι
2434 5673 2520 5749 ιιῂ
2554 5674 2804 5749 15.16101);-
2836 5674 2952 5749 υίοὶ
2980 5676 3086 5749 τοῦ
3122 5677 3219 5731 ἐπὶ
3265 5677 3506 5732 πάντων
3548 5677 3720 5749 ego“,

2218 5747 2405 5866 “gi-or;
2435 5741 2516 5797 es
2538 5741 2625 5811 εἵς
2651 5745 2719 5799 ἐκ
2760 5747 2909 5801 Θεοῦ
2934 5746 3079 5815 Θεὸς
3109 5750 3370 5818 εὐλόγως
3402 5749 3544 5820 ἡμῖν
3572 5741 3721 5820 ἀνηέ-

2221 5834 2258 5886 γ
2285 5833 2511 5885 prome.

478 5517 533 5571 2.
574 5515 1030 5580 Quemadmodum
1060 5516 1214 5570 illum
1242 5524 1364 5571 ante
1391 5531 1597 5571 omnem
1626 5525 1924 5570 creaturam
1956 5512 2050 5568 Fi-

552 5589 682 5640 lium
718 5586 812 5641 Dei
845 5587 1009 5656 fuisse
1041 5587 1289 5642 dicimus.

475 5674 510 5731 ὅ
570 5674 724 5741 Quod
757 5694 858 5729 non
890 5676 1065 5745 plures
1099 5678 1330 5745 supremi
1364 5676 1461 5730 Dei
1487 5675 1649 5739 Filii,
1674 5677 1763 5733 sed
1795 5695 1929 5732 unus
1959 5695 2046 5731 so-

548 5747 632 5801 lus
664 5747 728 5799 de
761 5746 865 5802 Deo
900 5748 1037 5802 Deus
1062 5787 1075 5813 ,
1104 5748 1227 5816 jure
1260 5764 1290 5801 α
1319 5748 1466 5803 nobis
1503 5749 1788 5819 prwdicari
1817 5750 2004 5805 soleat.
