4158 6418
508 387 611 441 251

1191 389 1459 445 EUSEBII
1502 391 1983 451 CxESARlENSlS
2021 397 2173 453 OPP.
2216 398 2396 452 PARS
2435 398 2505 453 ll.
2537 431 2607 442 -——
2646 398 3141 455 APOLOGETICA.

3663 405 3769 459 252

506 510 687 558 autem
719 509 789 555 ab
822 501 1014 557 eodem
1072 504 1267 573 procul
1321 505 1579 560 labuntur
1603 546 1617 570 ,
1675 510 1877 580 quippe
1913 512 2005 581 qui
2035 520 2079 567 et

2191 514 2290 586 τὴν
2328 514 2557 584 θεότητα
2603 516 2934 588 συνορῶντες
2976 517 3161 581 αὐτοῦ,
3211 519 3346 589 μήτε
3390 529 3457 573 τα
3494 520 3642 573 αἴτια
3669 520 3768 592 τῆς

503 597 743 652 divinam
775 596 924 651 illius
950 604 1206 652 naturam
1251 598 1525 669 ignorent,
1573 617 1750 672 neque
1772 618 1969 661 causas
1997 607 2095 661 ad-

502 698 698 743 ventus
727 688 1083 757 perspiciam,
1132 705 1309 760 neque
1345 692 1472 745 item
1506 694 1705 763 quibus
1753 698 2093 767 temporibus

501 788 792 833 venturum
827 779 978 834 illum
1012 781 1293 851 prophetae
1318 785 1688 852 prmdixcrint,
1736 788 2094 858 comprehen-

499 869 655 924 dant.
684 867 819 923 Nam
852 870 931 924 illi
960 873 1182 942 quidem
1216 875 1367 929 illum
1403 878 1568 931 etiam
1624 895 1771 934 nunc
1799 889 2090 936 venturum

497 968 853 1030 exspectant:
887 978 990 1018 nos
1015 972 1196 1019 autem
1244 967 1356 1036 jam
1390 970 1557 1024 semel
1581 970 1846 1025 duntaxat
1877 973 2093 1028 venisse

499 1053 901 1122 contendimus,
919 1070 1131 1111 necnon
1154 1058 1383 1113 alterum
1407 1060 1651 1128 ejusdem
1666 1078 1788 1116 cum
1808 1063 2093 1134 majestate

500 1146 820 1209 adventum,
851 1156 904 1202 et
944 1152 1187 1206 oraculis
1239 1162 1293 1207 et
1338 1154 1625 1223 przeceptis
1678 1155 2088 1225 prophetarum,

499 1236 594 1307 qui
630 1237 897 1294 divinitus
952 1240 1117 1295 alllati
1171 1242 1414 1310 fuerunt,
1466 1247 1841 1303 auscultantes
1890 1250 2092 1306 intueri

498 1337 846 1400 exoptamus.
883 1331 1019 1386 Cum
1056 1343 1236 1389 autem
1282 1335 1350 1391 de
1375 1337 1469 1392 illo
1492 1338 1690 1409 duplex
1725 1341 1796 1395 sit
1826 1342 1987 1408 ratio,
2012 1343 2092 1395 al-

501 1429 620 1476 tera
679 1422 899 1492 quidem
933 1426 1206 1481 recentior
1240 1426 1403 1483 fuerit
1428 1469 1444 1493 ,
1480 1433 1682 1501 quippe
1717 1448 1839 1502 quae
1872 1433 1986 1488 lteri
2024 1449 2089 1489 ac

500 1526 675 1583 nuper
691 1512 759 1567 ad
787 1514 1037 1572 homines
1075 1518 1386 1574 introducta
1418 1521 1491 1575 sit
1528 1541 1541 1575 :
1579 1522 1752 1577 altera
1788 1541 1919 1579 vero
1938 1528 2088 1581 omni

499 1609 764 1673 tempore,
790 1608 1156 1678 omnibusque
1208 1611 1424 1666 szeculis
1464 1613 1764 1685 antiquior.
1795 1615 1929 1671 Nam
1962 1633 2088 1672 cum

501 1691 646 1751 Deus
671 1697 852 1763 vellet,
894 1707 1081 1769 utpote
1111 1702 1203 1772 qui
1235 1704 1387 1759 solus
1442 1705 1515 1760 sit
1562 1706 1758 1772 bonus,
1800 1710 2088 1780 omnisque

500 1786 631 1842 boni
662 1797 717 1843 et
740 1792 1073 1862 principium
1104 1805 1158 1850 et
1190 1794 1331 1863 fons,
1368 1796 1685 1853 divitiarum
1709 1816 1931 1856 suarum
1965 1802 2082 1858 tlte-

2197 607 2502 678 παρουσίας
2543 606 2763 673 εἰδότες,
2805 613 2941 680 μήτε
2988 608 3093 680 μὴν
3123 611 3248 671 τοὺς
3275 609 3498 680 χρόνους
3525 610 3644 663 καθ’
3675 611 3767 675 οὓς

2193 697 2343 769 ἥξειν
2380 699 2659 771 ἀνείρηται
2692 703 2772 764 είς
2800 701 3119 773 ἀνθρώπους
3154 701 3657 774 περιδρασσόμενοι.
3703 706 3767 758 0i

2196 789 2293 859 μὲν
2342 791 2451 861 γὰρ
2497 790 2574 845 ἔτι
2622 792 2716 846 καὶ
2746 792 2839 847 νῦν
2871 793 3022 863 ἥξειν
3069 794 3329 864 μέλλοντα
3375 794 3762 867 προσδοκῶσιν,

2191 880 2350 948 ἡμεῖς
2373 879 2418 932 δ’
2454 881 2552 951 ἤδη
2585 882 2685 952 μὲν
2722 882 2955 946 εἰσάπαξ
2982 884 3374 954 ἀτοδείκνυμεν
3397 885 3635 939 ἐλθόντα·
3672 884 3763 939 καὶ

2189 969 2449 1041 δευτέραν
2490 972 2535 1026 δ’
2571 973 2735 1026 αὐτοῦ
2771 974 2908 1044 μετά
2937 975 3036 1045 τῆς
3063 975 3246 1029 ἐνθέου
3276 975 3431 1045 δόξης
3465 975 3764 1049 παρουσίαν

2189 1062 2309 1123 ταῖς
2341 1061 2449 1114 τῶν
2482 1062 2753 1136 θεοφόρων
2788 1066 3081 1138 προφητῶν
3115 1068 3449 1140 προρρήσεσι
3479 1084 3539 1121 τε
3572 1068 3665 1121 καὶ
3686 1068 3765 1122 δι·-

2192 1152 2514 1219 δασκαλίαις
2539 1155 2847 1227 πειθόμενοι
2876 1158 3003 1211 ἰδεῖν
3031 1159 3321 1230 εὐχόμεθα.
3343 1158 3528 1213 Διττοῦ
3548 1160 3593 1212 δ’
3611 1159 3762 1224 ὄντος

2189 1242 2282 1295 τοῦ
2316 1244 2435 1296 κατ’
2470 1245 2630 1299 αὑτὸν
2668 1245 2846 1314 λόγου,
2892 1247 2920 1298 6
2955 1247 3050 1317 μὲν
3084 1245 3347 1318 νεώτερος
3380 1246 3447 1300 ἂν
3486 1246 3590 1316 εἴη,
3638 1244 3762 1318 χθὲς

2190 1335 2284 1387 καὶ
2314 1335 2500 1407 πρώην
2534 1341 2613 1400 είς
2659 1337 2975 1411 ἀνθρώπους
3017 1339 3360 1409 εἰσηγμένος,
3396 1340 3424 1391 6
3464 1338 3521 1392 δὲ
3562 1338 3761 1402 παντὸς

2190 1428 2382 1498 χρόνου
2423 1430 2517 1482 καὶ
2560 1430 2777 1485 πάντων
2811 1430 3019 1485 αἰώνων
3050 1432 3437 1503 πρεσϐύτερος.
3472 1430 3760 1503 Βουληθεὶς

2189 1520 2298 1591 γὰρ
2327 1523 2356 1574 6
2388 1521 2538 1588 Θεὸς,
2575 1524 2669 1576 ἆτε
2701 1524 2857 1595 μόνος
2890 1525 2965 1589 ὡς
2994 1524 3196 1593 ἀγαθὸς
3230 1524 3435 1593 ἀγαθοῦ
3466 1541 3526 1577 τε
3560 1525 3760 1589 παντὸς

2188 1610 2327 1680 ἀρχὴ
2364 1611 2458 1664 καὶ
2492 1613 2662 1683 πηγὴ,
2708 1612 2815 1668 τῶν
2855 1614 3018 1667 αὐτοῦ
3049 1614 3337 1687 θησαυρῶν
3376 1614 3589 1678 πλείους
3623 1615 3758 1668 ἀπο-

2189 1700 2350 1769 φῦναι
2376 1702 2682 1766 κοινωνούς·
2712 1703 2833 1775 ἄρτι
2873 1721 2932 1757 τε
2976 1704 3183 1776 μέλλων
3206 1706 3303 1777 τὴν
3330 1705 3550 1777 λογικὴν
3578 1707 3759 1759 πᾶσαν

2190 1790 2584 1862 προϐάλλεσθαι
2630 1794 2825 1860 κτίσιν,
2877 1796 3197 1868 ἀσωμάτους
3238 1799 3389 1861 τινάς
3434 1799 3624 1871 νοεράς
3667 1800 3759 1851 καὶ

499 1894 696 1937 sauros
726 1882 978 1951 pluribus
1012 1886 1309 1955 impertiri,
1348 1898 1603 1959 essetque
1657 1891 1770 1961 jam
1798 1893 1910 1963 jam
1962 1910 2079 1948 om-

2185 1881 2335 1946 θείας
2366 1883 2641 1954 δυνάμεις,
2680 1885 2941 1955 ἀγγέλους
2979 1866 3037 1941 τε
3069 1890 3161 1941 καὶ
3192 1866 3585 1959 ἀρχαγγέλους,
3621 1889 3760 1944 ἄῦλά

497 1990 623 2030 nem
650 1977 974 2033 rationalem
1009 1988 1316 2036 creaturam
1371 1983 1424 2037 in
1463 1985 1638 2039 lucem
1688 1987 2080 2055 producturus,

500 2066 855 2137 incorporeas
889 2070 1142 2127 videlicet
1193 2072 1456 2143 quasdam
1492 2084 1657 2145 atque
1719 2075 2082 2146 intelligentes

498 2165 552 2212 et
582 2159 796 2214 divinas
828 2168 1144 2231 potestates,
1175 2165 1507 2238 angelosque
1525 2175 1685 2238 atque
1703 2168 2078 2240 archangelos,

498 2250 848 2321 materiaeque
881 2262 1155 2324 expertes,
1199 2264 1252 2310 et
1285 2258 1353 2311 ab
1377 2258 1526 2313 omni
1586 2270 1739 2329 parte
1764 2277 1930 2331 puros
1970 2264 2082 2335 spi-

497 2341 669 2407 ritus,
731 2344 945 2401 animas
1004 2358 1262 2416 praaterca
1303 2350 1583 2404 hominum
1613 2392 1627 2419 ,
1669 2368 1790 2423 qua:
1845 2356 2081 2410 solutam

495 2448 561 2489 ac
612 2433 841 2490 liberam
871 2437 1170 2494 voluntatis
1225 2448 1387 2509 atque
1410 2440 1643 2508 arbitrii,
1697 2451 1807 2497 tam
1869 2444 1937 2499 ad
1983 2446 2080 2501 bo-

495 2542 626 2582 num
668 2544 831 2599 quam
893 2529 962 2584 ad
1018 2531 1149 2585 boni
1209 2534 1580 2597 contrarium,
1636 2543 1888 2590 naturam
1936 2538 2082 2593 acci-

495 2630 687 2691 perent
721 2640 734 2675 :
762 2628 816 2676 et
864 2637 1203 2693 quaecunque
1234 2624 1319 2679 his
1379 2625 1513 2695 ipsis
1542 2628 1921 2683 convenientia
1958 2644 2079 2684 cor-

494 2725 688 2781 porum
725 2711 1110 2778 instrumenta,
1148 2714 1325 2770 varias
1357 2715 1575 2771 vivendi
1631 2716 1836 2774 formas
1881 2719 2081 2776 educe-

491 2809 639 2868 rent,
669 2801 825 2874 155
853 2803 1121 2875 sedesque
1144 2805 1230 2860 his
1261 2807 1539 2872 omnibus,
1572 2809 1833 2881 locosque
1868 2812 2078 2867 tribue-

494 2907 553 2948 re
582 2895 834 2965 proprios
869 2897 1019 2964 (nam
1049 2896 1116 2950 iis
1147 2895 1242 2966 qui
1274 2898 1405 2952 boni
1456 2901 1859 2969 permanserint
1891 2942 1906 2967 ,
1965 2917 2077 2958 me-

493 2984 697 3041 liores:
733 2994 926 3043 contra
961 2995 1168 3052 autem,
1200 2990 1406 3060 alioqui
1428 2993 1845 3063 convenientes,
1872 2996 1928 3049 in
1949 2997 2074 3066 qui-

494 3077 599 3134 bus
628 3078 881 3133 videlicet
929 3081 1296 3149 proclivitatis
1326 3081 1392 3135 ad
1421 3084 1701 3138 contraria
1738 3100 1931 3155 poenas
1981 3087 2076 3142 da-

495 3173 638 3245 rent)
665 3191 679 3240 ;
713 3188 951 3244 cumque
985 3175 1038 3230 id
1055 3174 1201 3246 quod
1225 3174 1465 3231 futurum
1484 3186 1625 3243 erat,
1658 3186 1918 3252 tanquam
1932 3180 2076 3237 Deus

494 3265 807 3337 cognitione
865 3267 1218 3338 praeciperet,
1269 3269 1606 3341 sentiretque
1660 3271 1777 3327 haec
1820 3273 2074 3330 universa

494 3365 788 3429 antequam
823 3358 1016 3414 tierent
1042 3399 1057 3424 ,
1095 3367 1357 3431 tanquam
1386 3361 1441 3416 in
1467 3378 1666 3434 magno
1721 3380 1951 3436 corpore
1975 3365 2077 3420 ali-

493 3448 641 3520 quod
662 3457 826 3520 caput
849 3452 1212 3520 postulatura,
1240 3468 1407 3506 unum
1432 3455 1609 3509 omnis
1640 3455 2076 3527 opiﬁciidispen-

496 3549 753 3607 satorem,
782 3542 1143 3613 eumdemque
1174 3553 1227 3599 et
1260 3544 1455 3601 ducem
1505 3556 1560 3601 et
1606 3563 1789 3618 regem
1833 3549 2076 3605 universi

496 3632 901 3703 prmiiciendum
917 3637 1154 3707 putavit:
1173 3638 1479 3706 cujusmodi
1497 3642 1843 3695 oraculorum
1859 3658 2077 3713 quoque

496 3725 829 3790 divinorum,
858 3743 979 3797 qua:
1002 3727 1069 3782 ab
1098 3730 1339 3799 antiquis
1368 3731 1511 3801 apud
1532 3731 1814 3796 Hebraeos,
1845 3742 1898 3790 et
1920 3735 2075 3789 theo-

496 3818 637 3888 logis
671 3825 726 3873 et
789 3820 1073 3890 prophetis
1126 3822 1340 3876 reddita
1385 3832 1536 3891 sunt,
1571 3824 1847 3879 institutio
1884 3835 1968 3881 est
2002 3848 2013 3881 :
2043 3841 2075 3880 a

493 3908 693 3978 quibus
721 3910 938 3979 quidem
984 3908 1201 3966 discere
1228 3921 1409 3981 potest
1435 3914 1528 3983 qui
1559 3913 1704 3980 vult,
1747 3931 1914 3968 unum
1951 3931 2074 3971 esse

493 4002 737 4057 omnium
763 4018 946 4059 rerum
975 4005 1329 4075 principium,
1354 4021 1417 4060 ac
1451 4007 1634 4076 potius
1673 4008 1946 4079 principio
1978 4024 2075 4063 su-

494 4092 679 4163 perius
707 4101 762 4147 et
793 4095 967 4163 prius,
1000 4096 1289 4166 primoque
1339 4098 1643 4167 antiquius,
1679 4106 1731 4152 et
1782 4098 2074 4169 gignendis

493 4184 662 4241 rebus
691 4185 809 4256 ipsa
836 4186 1047 4242 unitate
1079 4189 1375 4253 vetustius,
1414 4188 1678 4259 omnique
1708 4191 2074 4260 appellatione

493 4279 864 4348 praestantius,
892 4278 1037 4349 quod
1061 4295 1239 4350 neque
1271 4281 1402 4345 dici,
1431 4295 1609 4351 neque
1638 4274 1937 4349 enuntiari,
1972 4299 2072 4338 ne-

491 4384 599 4438 que
635 4371 936 4441 excogitari
967 4380 1146 4442 potest
1177 4390 1189 4426 :
1235 4372 1437 4427 bonum
1462 4373 1609 4443 quod
1636 4388 1804 4429 causa
1836 4382 1921 4430 est
1956 4390 2073 4430 om-

492 4461 643 4516 nium
693 4477 899 4529 rerum,
954 4465 1101 4534 quod
1134 4464 1244 4518 vim
1276 4463 1567 4531 efﬁciendi,
1598 4464 1849 4535 iuvandi,
1887 4466 2072 4536 provi-

492 4551 678 4618 dendi,
707 4554 987 4621 servandi,
1009 4555 1064 4609 in
1081 4571 1140 4611 se
1159 4556 1321 4611 habet
1349 4558 1473 4627 :qui
1500 4574 1645 4614 unus
1672 4558 1789 4629 ipse
1817 4573 1882 4614 ac
1917 4559 2068 4615 solus
2101 4566 2144 4620 ι)

491 4652 575 4698 est
595 4642 762 4709 Deus,
798 4663 864 4702 ex
900 4662 1010 4717 quo
1030 4648 1239 4714 omnia,
1275 4665 1371 4719 per
1390 4667 1553 4721 quem
1572 4653 1755 4707 omnia
1788 4662 1919 4708 sunt
1950 4672 1964 4708 :
2015 4654 2071 4708 in

495 4734 587 4790 illo
625 4738 772 4791 enim
821 4739 1056 4797 vivimus
1105 4748 1161 4796 et
1212 4758 1495 4798 movemur
1523 4755 1577 4799 et
1610 4761 1822 4802 sumus.
1885 4745 2071 4817 Itaque

491 4828 855 4901 quodcunque
883 4832 1021 4895 vult,
1057 4833 1111 4888 id
1134 4833 1299 4889 etiam
1331 4846 1415 4891 est
1439 4839 1729 4903 continuo,
1759 4853 1825 4893 ex
1845 4854 1952 4909 qua
1978 4853 2069 4895 sov

494 4923 543 4977 la
566 4937 756 4987 causa,
789 4926 975 4980 omnia
1006 4943 1127 4997 qua:
1172 4929 1354 4999 genita
1383 4938 1531 4996 sunt,
1564 4930 1617 4985 id
1656 4942 1987 5000 acceperunt
2011 4941 2070 4986 ut

491 5021 697 5077 essent,
727 5023 896 5084 utque
927 5017 1278 5082 exsisterent,
1311 5034 1377 5074 ac
1403 5021 1687 5087 durarent,
1748 5029 1880 5076 sunt
1922 5023 2066 5078 enim

492 5106 583 5160 illo
607 5106 841 5164 volente.
875 5108 1001 5165 Vult
1025 5121 1205 5168 autem
1232 5113 1439 5168 ideirco
1463 5114 1611 5183 quod
1642 5123 1840 5187 suapte
1872 5127 2069 5170 natura

494 5198 668 5256 bonus
696 5210 799 5255 est.
840 5199 990 5259 Bono
1022 5220 1148 5260 vero
1186 5205 1323 5260 nihil
1360 5213 1558 5261 natura
1581 5208 1941 5278 coniunctum
1972 5208 2070 5263 ad-

493 5307 800 5362 nexamque
829 5303 933 5359 est,
968 5296 1076 5351 nisi
1123 5305 1180 5350 ut
1222 5311 1285 5349 ea
1325 5312 1448 5365 qua:
1478 5297 1619 5353 bona
1654 5309 1784 5353 sunt
1813 5299 1959 5354 velit.
1999 5300 2066 5355 At

489 5386 633 5439 enim
658 5400 781 5440 cum
806 5386 921 5442 haec
943 5387 1101 5453 velit,
1130 5387 1271 5443 idem
1300 5390 1464 5444 etiam
1494 5399 1707 5460 potest:
1741 5404 1911 5461 quare
1941 5408 2066 5446 cum

490 5476 622 5530 velit
654 5477 818 5533 simul
850 5479 995 5533 idem
1030 5486 1084 5533 et
1129 5481 1327 5548 possit,
1363 5483 1511 5537 nulla
1552 5498 1611 5538 re
1642 5498 1821 5553 neque
1879 5486 2068 5553 prohi-

491 5566 674 5633 bente,
700 5585 874 5641 neque
897 5570 1243 5640 impediente,
1268 5575 1531 5647 quidquid
1556 5578 1843 5647 pulchrum
1861 5585 1915 5633 et
1938 5580 2068 5635 utile

488 5669 594 5728 est,
622 5672 729 5717 tam
758 5665 813 5718 in
845 5664 913 5719 iis
943 5678 1065 5732 qua:
1097 5664 1201 5719 sub
1251 5676 1532 5736 aspectum
1567 5670 1792 5733 cadunt,
1822 5685 1981 5740 quam
2010 5673 2063 5726 in

490 5755 693 5824 iisqum
722 5771 830 5809 non
865 5755 1092 5819 cadunt,
1116 5756 1234 5827 ipse
1261 5759 1365 5814 sibi
1400 5761 1502 5830 ipsi
1530 5761 1768 5817 confecit
1804 5781 1817 5817 :
1865 5764 2067 5836 quippe

488 5846 583 5917 qui
617 5848 772 5919 quasi
793 5849 1078 5903 materiam
1111 5851 1399 5920 quamdam
1433 5863 1593 5925 atque
1634 5856 1931 5912 essentiam
1972 5875 2066 5931 ge-

2182 1993 2242 2028 τε
2284 1978 2377 2031 καὶ
2421 1978 2597 2050 πάντη
2645 1982 2861 2053 καθαρά
2904 1980 3208 2051 πνεύματα,
3242 1982 3462 2053 προσέτι
3496 1982 3551 2035 δὲ
3582 1982 3759 2053 ψυχὰς

2181 2068 2483 2141 ἀνθρώπων
2538 2071 2733 2140 ἄφετον
2784 2073 2877 2126 καὶ
2926 2072 3206 2144 ἐλεύθερον
3260 2074 3357 2145 τῆς
3406 2073 3757 2127 αὐθεκουσίου

2185 2161 2313 2232 περὶ
2342 2161 2403 2214 τὸ
2435 2162 2595 2216 καλὸν
2628 2166 2660 2234 ἦ
2690 2165 2993 2218 τούναντίον
3023 2167 3282 2238 αἱρέσεως
3308 2166 3406 2237 τὴν
3433 2165 3591 2235 φύσιν
3622 2168 3758 2220 ἐπα-

2181 2256 2440 2327 γομένας,
2498 2259 2598 2312 ὅσα
2648 2277 2705 2312 τε
2756 2259 2964 2323 τούτοις
3014 2261 3219 2333 ὄργανα
3278 2261 3543 2331 σωμάτων
3594 2259 3754 2331 ἔμελ-

2181 2350 2267 2402 λεν
2325 2348 2543 2403 ἔσεσθαι
2568 2390 2581 2413 ,
2650 2350 2907 2403 ποικίλων
2973 2352 3160 2423 ἀγωγῇ
3228 2352 3537 2422 κατάλληλα
3594 2352 3753 2423 βίων,

2180 2439 2365 2512 χώρας
2400 2460 2459 2495 τε
2492 2443 2699 2507 τούτοις
2751 2443 2921 2497 ἆπασι
2971 2444 3063 2496 καὶ
3106 2445 3303 2508 τόπους
3346 2443 3622 2515 διανέμειν
3677 2447 3756 2499 οἰ-

2182 2533 2381 2595 κείους·
2436 2533 2673 2604 (μείνασι
2726 2535 2822 2605 μὲν
2869 2534 2974 2606 γὰρ
3004 2535 3224 2604 ἀγαθοῖς
3260 2537 3385 2600 τοὺς
3417 2536 3749 2609 κρείττονας,

2180 2623 2409 2695 ἔμπαλιν
2440 2626 2497 2679 δὲ
2527 2626 2654 2690 τοὺς
2693 2630 3086 2698 προσήκοντας,
3119 2628 3221 2696 τῆς
3253 2629 3346 2682 ἐπὶ
3370 2628 3629 2683 τάναντία
3663 2630 3754 2701 ῥο-

2181 2715 2290 2785 πῆς
2328 2715 2397 2769 τά
2445 2718 2925 2789 σωφρονιστήρια·)
2968 2718 3253 2789 προλαϐὼν
3294 2720 3357 2771 τὸ
3412 2718 3623 2789 μέλλον,
3664 2715 3753 2774 οἷα

2178 2808 2329 2874 Θεὸς,
2362 2811 2429 2880 τῇ
2486 2807 2808 2880 προγνώσει,
2846 2810 3072 2863 συνιδών
3114 2829 3170 2864 τε
3196 2850 3210 2875 ,
3258 2811 3459 2866 τούτων
3500 2813 3753 2866 ἁπάντων

2181 2902 2306 2973 περὶ
2354 2902 2618 2970 γενέσεως
2664 2903 2720 2955 ὲν
2767 2900 2987 2973 μεγάλῳ
3032 2901 3241 2972 σώματι
3282 2902 3525 2974 κεφαλῆς
3563 2903 3752 2975 δεησο-

2181 2996 2376 3062 μένων,
2416 2992 2512 3045 ’ἐνα
2550 2991 2639 3044 τὸν
2681 2991 2779 3061 τῆς
2824 2990 3182 3062 δημιουργίας
3212 2994 3430 3064 ἀπάσης
3473 2994 3752 3063 οἰκονόμον

2178 3082 2420 3153 ἡγεμόνα
2438 3099 2496 3134 τε
2524 3080 2617 3134 καὶ
2647 3080 2871 3151 βασιλέα
2902 3081 3010 3134 τῶν
3036 3082 3172 3135 ὅλων
3216 3083 3587 3155 προτάξασθαι
3617 3084 3753 3156 ᾤετο

2177 3174 2308 3239 δεῖν,
2396 3174 2491 3226 καὶ
2515 3172 2583 3227 τὰ
2613 3172 2730 3227 θεῖα
2765 3178 3115 3245 μυσταγωγεῖ
3142 3175 3297 3245 λόγια
3329 3177 3465 3248 πρὸς
3484 3176 3592 3231 τῶν
3613 3178 3754 3232 ἀνω-

2178 3267 2268 3323 Θεν
2297 3270 2424 3339 παρ’
2457 3267 2722 3338 Ἑϐραίοις
2748 3267 3009 3337 θεολόγων
3032 3286 3087 3321 τε
3114 3270 3205 3322 καὶ
3229 3271 3522 3342 προφητῶν
3547 3271 3752 3345 ἀνδρῶν

2174 3357 2592 3430 τεθεσπισμένα·
2642 3359 2770 3428 παρ’
2818 3352 2893 3411 ὦν
2940 3357 3004 3429 δὴ
3049 3361 3239 3429 μαθεῖν
3282 3360 3507 3427 ἔνεστιν,
3541 3361 3615 3425 ὡς
3644 3363 3753 3435 ἄρα,

2179 3449 2279 3520 μία
2314 3449 2412 3519 μὲν
2445 3450 2528 3521 εἴη
2563 3448 2671 3503 τῶν
2700 3449 2834 3502 ὅλων
2860 3450 3021 3521 ἁρχὴ,
3057 3451 3257 3521 μᾶλλον
3284 3452 3341 3504 δὲ
3375 3453 3436 3505 τὸ
3465 3455 3557 3508 καὶ
3575 3455 3750 3526 ἀρχῆς

2175 3541 2465 3611 ἀνώτερον,
2498 3542 2592 3594 καὶ
2634 3541 2851 3614 πρώτου
2897 3545 3355 3616 προγενέστερον,
3395 3547 3489 3599 καὶ
3527 3548 3751 3618 μονάδος

2175 3632 2632 3705 ἀρχεγονώτερον,
2691 3636 2785 3687 καὶ
2833 3636 3011 3707 πάσης
3063 3640 3307 3708 κρεῖττον
3359 3638 3747 3710 προσηγορίας,

2175 3726 2429 3797 ἄρρητον,
2455 3726 2846 3798 ἀνέκφραστον,
2878 3727 3251 3799 ἀπερινόητον,
3280 3730 3503 3797 ἀγαθὸν,
3537 3730 3596 3784 τὸ
3618 3731 3752 3785 πάν-

2175 3835 2281 3869 των
2315 3818 2504 3883 αἴτιον,
2540 3819 2598 3873 τὸ
2630 3819 2929 3889 ποιητικὸν,
2957 3820 3019 3874 τὸ
3044 3822 3409 3891 εὐεργετικὸν,
3440 3823 3503 3875 τὸ
3530 3840 3753 3896 προνοη-

2174 3908 2345 3972 τικὸν,
2393 3910 2454 3964 τὸ
2501 3913 2786 3984 σωτήριον,
2825 3913 2985 3977 αὐτὸς
3012 3912 3088 3967 ῶν
3115 3916 3144 3967 6
3177 3910 3255 3976 εἷς
3283 3915 3374 3967 καὶ
3409 3915 3566 3980 μόνος
3595 3915 3748 3982 Θεὸς,

2175 4002 2235 4067 ἐξ
2281 3993 2342 4055 οὗ
2381 4004 2448 4056 τά
2486 4006 2681 4069 πάντα,
2724 4005 2789 4058 δι’
2836 4006 2895 4059 ὃν
2941 4007 3009 4060 τὰ
3063 4006 3241 4061 πάντα
3284 4007 3464 4061 ἐστίν’
3508 4010 3564 4064 ὲν
3602 4008 3751 4081 αὺτῷ

2173 4094 2283 4166 γὰρ
2309 4094 2489 4167 ζῶμεν
2516 4099 2608 4151 καὶ
2632 4098 2930 4170 κινούμεθα
2954 4101 3046 4153 καὶ
3073 4101 3261 4170 ἐσμέν.
3302 4101 3371 4153 Ὃ
3395 4118 3446 4153 τι
3472 4101 3537 4173 δὴ
3582 4102 3748 4168 θέλει,

2174 4186 2326 4241 τοῦτο
2354 4188 2483 4256 γοῦν
2510 4188 2705 4261 καὶεἰή
2730 4190 2795 4244 ἂν
2810 4190 2870 4243 τὸ
2898 4191 3055 4261 μόνον
3076 4192 3173 4263 τῆς
3185 4191 3293 4245 τῶν
3311 4193 3555 4265 γενητῶν
3572 4194 3752 4249 ἀπάν-

2173 4297 2282 4333 των
2333 4280 2640 4345 οὺσιώσεώς
2677 4299 2736 4334 τε
2799 4284 2894 4336 καὶ
2932 4284 3219 4357 ὑπάρξεως
3261 4286 3453 4341 αἴτιον·
3504 4287 3748 4353 θέλοντος

2175 4371 2281 4441 γάρ
2312 4373 2447 4425 ἐστι.
2477 4372 2630 4425 Θέλει
2662 4372 2735 4436 δὲ,
2773 4373 2854 4427 ὅτι
2882 4373 2979 4444 τὴν
3005 4375 3167 4444 φύσιν
3195 4377 3397 4445 ἀγαθὸς
3438 4378 3514 4431 ὢν
3547 4380 3749 4449 τυγχά-

2172 4479 2273 4514 νει.
2315 4462 2528 4533 ’Λγαθῷ
2568 4463 2623 4516 δὲ
2662 4464 2833 4531 οὐδὲν,
2874 4466 2957 4518 ὄτι
3008 4466 3083 4537 μὴ
3128 4468 3189 4519 τὸ
3228 4467 3400 4521 θέλειν
3449 4469 3517 4523 τὰ
3568 4471 3748 4539 ἀγαθά

2174 4553 2469 4625 προσφυὲς.
2505 4554 2683 4607 Θέλων
2715 4554 2771 4607 δὲ
2802 4554 2992 4620 ταῦτα,
3025 4558 3116 4609 καὶ
3148 4557 3390 4612 δύναται·
3424 4558 3504 4612 διὸ
3528 4560 3623 4615 καὶ
3661 4560 3749 4615 θέ-

2169 4647 2275 4700 λων
2307 4644 2440 4716 όμοῦ
2471 4646 2564 4698 καὶ
2600 4645 2915 4722 δῳιάμενος,
2959 4648 3252 4714 ἀκωλύτως
3290 4652 3383 4704 καὶ
3407 4652 3748 4724 ἀπαραποδί-

2171 4756 2311 4802 στως
2342 4739 2450 4790 πᾶν
2486 4739 2513 4790 ὃ
2553 4756 2606 4790 τι
2648 4738 2809 4792 καλὸν
2842 4741 2934 4792 καὶ
2975 4740 3251 4813 συμφέρον
3278 4741 3334 4795 ἓν
3358 4759 3416 4794 τε
3452 4743 3747 4815 δρωμένοις

2169 4830 2263 4884 καὶ
2300 4831 2563 4898 ἀφανέσιν
2588 4830 2749 4894 αὐτὸς
2772 4830 2951 4902 ἑαυτῴ
2973 4835 3202 4905 συνεστή
3217 4849 3361 4898 ῖατο,
3397 4834 3528 4906 ὓλην
3558 4836 3746 4908 ὥσπερ

2167 4923 2288 4977 τινὰ
2314 4924 2407 4976 καὶ
2431 4923 2615 4976 ουσίαν
2643 4923 2739 4995 τῆς
2769 4924 2877 4979 τῶν
2899 4925 3034 4977 ὅλων
3057 4925 3323 4994 γενέσεώς
3343 4944 3401 4980 τε
3431 4928 3527 4981 καὶ
3560 4928 3749 4981 συστά-

2169 5035 2306 5081 σεως
2329 5017 2423 5089 τὴν
2454 5018 2646 5071 ἑαυτοῦ
2676 5018 2870 5087 βουλὴν
2905 5018 2998 5071 καὶ
3028 5017 3257 5090 δύναμιν
3286 5020 3743 5092 προϐεϐλημένος,

2166 5110 2240 5175 ώς
2277 5110 2477 5182 μηκέτι
2510 5110 2745 5181 εὐλόγως
2774 5114 2938 5181 φάναι
2967 5114 3076 5166 δεῖν
3105 5112 3165 5177 ἐξ
3198 5113 3299 5165 οὐκ
3329 5113 3497 5166 ὅντων
3525 5109 3663 5166 εἷναί
3691 5131 3745 5166 τι

2167 5217 2273 5272 τῶν
2301 5218 2486 5274 ὄντων.
2514 5220 2648 5273 Οὐδὲ
2674 5220 2781 5292 γὰρ
2811 5220 2876 5273 ἂν
2903 5218 2987 5287 εἴη
3013 5237 3063 5272 τι
3100 5219 3162 5271 τὸ
3192 5221 3257 5273 ἐκ
3304 5220 3377 5290 μὴ
3419 5220 3590 5284 ὄντος.
3620 5220 3744 5284 Πῶς

2166 5323 2275 5393 γὰρ
2304 5324 2364 5376 τὸ
2397 5324 2470 5394 μὴ
2503 5323 2561 5378 ὃν
2595 5324 2763 5396 ἑτέρῳ
2785 5324 2877 5377 τοῦ
2911 5322 3047 5379 εἶναι
3077 5324 3272 5393 γένοιτ’
3297 5324 3363 5378 ἂν
3398 5325 3604 5391 αἴτιον;
3637 5327 3745 5379 πᾶν

2166 5426 2223 5478 δὲ
2255 5428 2282 5479 δ
2302 5445 2354 5479 τι
2389 5428 2517 5480 ποτὲ
2549 5428 2640 5479 καὶ
2682 5428 2849 5491 ἔστιν,
2892 5428 2951 5493 ἐξ
2985 5429 3102 5492 ἐνὸς
3144 5429 3235 5482 τοῦ
3277 5428 3437 5499 μόνου
3468 5428 3621 5489 ὄντος
3650 5430 3744 5483 καὶ

2168 5527 2272 5599 1:96
2305 5528 2477 5591 ὄντος,
2512 5527 2603 5580 τοῦ
2634 5529 2698 5600 δὴ
2727 5530 2819 5582 καὶ
2847 5531 3137 5600 φήσαντος,
3177 5548 3196 5581 ι
3220 5527 3359 5597 Ἐγὼ
3384 5529 3501 5599 είμὶ
3527 5530 3556 5582 6
3579 5528 3675 5594 ὢν,
3720 5549 3738 5581 ι

2164 5631 2226 5683 τὸ
2254 5626 2392 5684 εἶναι
2420 5631 2581 5685 λαϐὸν
2606 5631 2735 5703 ἔχει’
2769 5633 2849 5685 ὅτι
2876 5633 2939 5703 δη
2972 5632 3129 5703 μόνος
3156 5631 3255 5694 ῶν,
3281 5633 3488 5688 καῗάεὶ
3526 5632 3623 5699 ῶν,
3647 5634 3744 5687 αὐ-

2167 5734 2256 5798 τὸς
2294 5736 2425 5787 πᾶσι
2457 5737 2568 5798 τοῖς
2604 5734 2664 5799 ἐξ
2706 5735 2870 5788 αὐτοῦ
2908 5735 2968 5788 τὸ
3012 5732 3150 5789 εἶναι
3186 5736 3547 5807 κτησαμένοις
3572 5736 3742 5800 αἴτιος

2166 5836 2258 5890 τοῦ
2285 5832 2421 5892 εἶναι
2463 5837 2719 5908 κατέστη,
2770 5837 2845 5908 τῷ
2883 5837 3052 5893 θέλειν
3088 5840 3182 5893 καὶ
3220 5837 3295 5909 τῷ
3334 5839 3609 5895 δύνασθαι·
3649 5840 3742 5892 καὶ
