4158 6418
422 367 531 426 253
1354 367 2015 426 DEMONSTRATIONIS
2049 366 2513 426 EVANCELIC.‘E
2544 369 2673 427 LIB.
2709 369 2800 426 IV.
3576 369 3682 427 254

422 483 523 554 τὴν
548 481 735 536 οὐσίαν
763 485 880 547 τοῖς
917 484 1070 548 πᾶσι,
1106 483 1200 537 καὶ
1227 481 1326 548 τὰς
1362 482 1640 556 δυνάμεις,
1675 481 1862 538 καὶτὰ
1890 483 2005 554 εἴδη

2117 483 2410 540 nerationis
2439 482 2958 554 constitutionisque
3005 483 3270 548 universi,
3307 499 3467 540 suum
3501 487 3687 544 consi-

425 576 690 640 πλουσίως
717 575 812 630 καὶ
839 575 1211 647 ἀνεπιφθόνως
1237 576 1295 644 ἐξ
1320 575 1484 631 αὐτοῦ
1518 577 1932 649 κεχαρισμένος.

2117 575 2244 631 lium
2287 591 2555 646 suamque
2580 577 2878 648 potentiam
2933 576 3275 648 praetulerit,
3307 583 3368 632 ut
3398 578 3549 634 nulla
3569 579 3684 650 jam

425 668 634 722 ratione
655 664 764 720 dici
795 669 990 736 possit,
1021 666 1088 721 de
1109 665 1282 721 nihilo
1313 681 1436 723 esse
1463 667 1762 738 quidquam
1803 681 1996 723 eorum
2028 682 2150 737 qua:
2197 673 2350 731 sunt,
2399 682 2578 737 neque
2642 668 2789 723 enim
2843 683 2968 724 esse
3005 669 3286 740 quidpiam
3321 678 3501 742 potest
3527 687 3594 728 ex
3619 687 3688 729 eo

424 759 572 833 quod
623 758 806 830 ipsum
839 773 948 814 non
980 759 1070 814 sit.
1102 758 1391 826 Quomodo
1421 759 1568 815 enim
1602 759 1657 814 id
1687 759 1833 831 quod
1891 773 1998 813 non
2036 768 2142 823 est,
2173 758 2331 813 alteri
2364 765 2424 813 ut
2477 759 2550 814 sit
2571 773 2739 814 causa
2770 757 2926 814 erit?
2986 759 3160 816 Omne
3194 769 3374 816 autem
3398 763 3686 832 quodcun-

425 873 532 928 que
562 864 668 919 est,
698 870 764 911 ex
793 869 903 910 uno
933 854 1028 925 qui
1075 853 1226 909 solus
1269 865 1376 919 est,
1443 861 1498 909 et
1554 863 1681 909 ante
1723 855 1908 910 omnia
1957 861 2064 918 est,
2105 853 2310 924 quique
2341 851 2472 907 olim
2519 853 2685 907 etiam
2715 852 2850 907 illud
2889 854 3194 924 respondit,
3227 873 3247 908 ι
3283 853 3398 928 Ego
3432 873 3555 912 sum
3589 857 3686 930 qui

425 965 572 1017 sum,
598 969 616 1002 ι
647 957 708 1004 ιιι
731 957 880 1006 esset
911 957 966 1004 et
997 949 1208 1021 accepit
1227 958 1284 1006 et
1313 949 1509 1006 habet.
1557 950 1759 1022 quippe
1777 965 1901 1005 cum
1923 951 2017 1022 qui
2054 952 2205 1006 solus
2241 956 2345 1014 est,
2402 957 2457 1004 et
2509 963 2728 1020 semper
2751 956 2871 1016 est,
2903 949 2950 1006 is
2973 951 3230 1007 omnibus
3257 967 3597 1025 quaecunque
3619 969 3689 1010 ex

424 1047 544 1118 ipso
566 1045 619 1100 id
645 1045 794 1116 quod
825 1055 956 1102 sunt
991 1053 1342 1116 acceperunt,
1379 1052 1438 1099 ut
1487 1053 1672 1102 essent
1702 1053 1893 1102 auctor
1949 1047 2224 1102 exstiterit
2285 1065 2299 1102 :

2362 1052 2527 1116 atque
2559 1059 2624 1099 ex
2674 1059 2740 1100 eo
2799 1045 2943 1116 quod
2974 1053 3029 1100 et
3056 1045 3186 1101 velit
3214 1054 3268 1101 et
3297 1049 3494 1118 possit,
3522 1051 3690 1106 rebus

425 1135 701 1190 universis
728 1141 782 1189 et
814 1134 1134 1199 essentiam,
1183 1140 1241 1207 et
1303 1141 1603 1204 potestates
1625 1175 1642 1202 ,
1676 1141 1732 1189 et
1777 1135 2004 1201 formas,
2039 1135 2314 1191 luculente
2342 1143 2398 1190 et
2433 1134 2655 1204 copiose
2679 1134 2748 1190 de
2777 1136 2961 1206 seipso
2991 1135 3226 1207 largitus
3250 1138 3344 1193 sit.

1175 1227 1251 1280 B'.

473 1321 668 1387 Ὅπως
706 1317 896 1374 αὐτὸν
940 1319 1056 1387 πρὸ
1104 1317 1308 1388 πάσης
1339 1319 1592 1386 κτίσεως
1627 1319 1764 1374 Υίὸν
1789 1320 1938 1374 Θεοῦ

938 1389 1246 1458 γεγονέναι
1271 1389 1488 1460 φαμέν.

494 1483 607 1536 Καὶ
629 1481 696 1554 δὴ
728 1481 834 1534 τῶν
867 1481 1036 1536 ὄντων
1071 1483 1328 1536 ἁπάντων
1351 1483 1567 1555 πρῶτον
1595 1483 1882 1555 ύφίστησιν
1915 1484 2008 1536 αύ-

417 1575 516 1630 τοῦ
541 1576 787 1646 γέννημα
810 1574 909 1648 τὴν
931 1576 1271 1648 πρωτότοκον
1293 1577 1504 1648 σοφίαν,
1519 1576 1647 1648 ὃλην
1669 1577 1736 1630 δι’
1749 1577 1871 1630 ὅλου
1893 1593 2010 1630 νοε-

420 1670 545 1742 ρὰν,
580 1668 676 1722 καὶ
701 1667 943 1740 λογικὴν,
971 1669 1064 1722 καὶ
1098 1669 1391 1738 πάνσοφον,
1423 1669 1622 1742 μᾶλλον
1649 1669 1705 1723 δὲ
1728 1668 2003 1734 αὐτονοῦν,

2779 1227 2939 1300 me
2967 1226 3032 1283 ll.

2111 1319 2567 1386 Quemadmodum
2597 1318 2752 1374 illum
2809 1329 2932 1374 ante
2979 1337 3186 1375 omnem
3235 1331 3538 1377 creaturam
3586 1322 3688 1379 Fi-

2531 1391 2664 1444 lium
2697 1390 2796 1445 Dei
2829 1391 2996 1456 fuisse
3023 1391 3276 1446 dicimus.

2179 1483 2370 1556 Itaque
2427 1485 2673 1540 omnium
2719 1499 3060 1555 quaecunque
3107 1492 3260 1553 sunt,
3309 1485 3477 1541 fetum
3527 1500 3690 1542 suum

2113 1578 2347 1650 primum
2371 1577 2758 1634 subministrat
2782 1617 2799 1644 ,
2829 1577 3009 1649 primo
3038 1579 3277 1648 genitam
3306 1578 3566 1636 videlicet
3600 1595 3691 1636 sa-

2112 1669 2396 1740 pientiam,
2431 1679 2598 1725 totam
2632 1683 3027 1741 usquequaque
3055 1668 3472 1741 intelligentem,
3515 1675 3570 1726 et
3601 1685 3692 1724 ra-

420 1763 518 1817 καὶ
551 1761 865 1831 αὐτολόγον,
902 1763 996 1815 καὶ
1033 1761 1379 1834 αὐτοσοφίαψ
1405 1764 1500 1818 καὶ
1530 1761 1660 1816 εἴτι
1684 1761 1740 1816 δὲ
1771 1763 2006 1816 αὐτὸκα-

2117 1762 2370 1818 tionalem
2424 1770 2480 1818 et
2529 1762 2746 1834 penitus
2795 1761 3130 1832 sapientem,
3160 1775 3227 1816 ac
3281 1761 3466 1832 potius
3511 1761 3688 1833 ipsam

418 1851 514 1906 λον
540 1851 636 1906 καὶ
659 1849 994 1922 αὐτοὰγαθον
1017 1853 1250 1907 ἐπινοεῖν
1272 1857 1328 1907 ὲν
1347 1855 1624 1926 γεννητοῖς
1641 1854 1820 1924 θέμις.
1849 1851 2008 1906 τοῦτο

421 1945 643 2017 πρῶτον
664 1945 826 2010 αὐτὸς
846 1945 906 2012 ἐξ
936 1943 1100 1999 αὐτοῦ
1135 1945 1384 2018 θεμέλιον
1405 1946 1512 2000 τῶν
1549 1945 1688 2018 μετὰ
1711 1945 1886 2000 ταῦτα
1912 1961 2000 2014 γε-

421 2038 742 2110 νησομένων
773 2039 1156 2112 προϐάλλεται,
1197 2037 1258 2092 τὸ
1283 2039 1485 2093 τέλειον
1507 2038 1712 2092 τελείου
1745 2037 1807 2109 δη
1818 2037 2008 2110 μιούρ-

420 2146 602 2200 γημα,
632 2129 728 2183 καὶ⁸
755 2128 919 2198 σοφοῦ
955 2129 1116 2199 σοφὸν
1151 2128 1610 2201 ἀρχιτεκτὸνημα,
1653 2126 1860 2197 ἀγαθοῦ
1903 2143 2007 2181 πα-

419 2222 552 2293 τρὸς
580 2223 786 2292 ἀγαθὸν
809 2223 1076 2295 γέννημα.
1110 2223 1220 2278 Καὶ
1243 2221 1296 2276 τί
1321 2222 1429 2294 γὰρ
1457 2222 1606 2289 ἄλλο,
1640 2221 1674 2294 ἦ
1704 2220 1812 2276 τῶν
1851 2221 2008 2293 μετέ-

421 2331 586 2368 πειτα
610 2315 672 2368 τὸ
692 2310 829 2370 εἶναι
855 2315 922 2369 δι’
955 2315 1120 2369 αὑτοῦ
1142 2317 1434 2381 λαϐόντων,
1464 2317 1774 2388 προστάτην
1799 2317 1893 2370 καὶ
1918 2332 2011 2386 κη-

419 2405 644 2479 δεμόνα,
679 2409 900 2480 σωτῆρα
937 2425 996 2460 τε
1034 2409 1130 2461 καὶ
1167 2409 1370 2481 ἰατρὸν,
1403 2409 1496 2462 καὶ
1534 2408 1876 2480 κυϐερνήτην
1906 2407 2008 2479 τῆς

419 2500 533 2555 τῶν
561 2501 698 2556 ὅλων
727 2501 1086 2574 δημιουργίας
1115 2503 1242 2566 τοὺς
1263 2501 1456 2566 οἴακας
1481 2501 2007 2574 περιδεδραγμένον;

426 2592 592 2646 Ὅθεν
625 2593 855 2658 εἰκότως
883 2594 933 2646 oi
951 2594 1198 2668 χρησμοὶ
1227 2593 1601 2662 θεολογοῦντες
1639 2593 1770 2647 Θεὸν
1819 2611 2011 2666 γεννη-

422 2682 516 2738 τὸν
548 2683 711 2738 αὑτὸν
735 2683 1147 2752 ἀποφαίνουσιν,
1181 2683 1258 2748 ὡς
1287 2683 1352 2739 ἂν
1389 2684 1490 2754 τῆς
1515 2684 1892 2756 ἀνεκφράστου
1917 2685 2012 2738 καὶ

422 2776 790 2847 ἀπερινοήτου
825 2775 1078 2848 θεότητος
1121 2775 1279 2847 μόνον
1321 2775 1378 2828 ὲν
1423 2773 1573 2846 αὑτῷ
1625 2775 1859 2847 φέροντα
1911 2776 2011 2848 τὴν

423 2865 631 2928 εἰκόνα,
667 2866 734 2918 δι’
761 2867 828 2936 ἣν
863 2866 958 2920 καὶ
983 2865 1114 2919 Θεὸν
1155 2860 1295 2919 εἶναί
1337 2883 1395 2918 τε
1429 2865 1589 2919 αὐτὸν
1621 2867 1715 2920 καὶ
1756 2865 2012 2935 λέγεσθαι

421 2956 526 3028 τῆς
558 2957 696 3030 πρὸς
741 2959 802 3012 τὸ
841 2958 1057 3030 πρῶτον
1094 2955 1466 3028 ἐξομοιιῖισεως
1504 2958 1688 3030 χάριν,
1734 2959 1910 3032 ταύτῃ
1952 2977 2012 3012 τε

422 3051 588 3106 αὑτὸν
613 3051 814 3121 ἀγαθόν
836 3070 997 3122 φασιν
1021 3053 1300 3126 ὑπηρέτην
1330 3054 1467 3126 πρὸς
1489 3053 1581 3107 τοῦ
1613 3055 1863 3126 Σωτῆρος
1883 3057 2014 3109 ύποσ

2113 1851 2553 1924 intelligentiam,
2585 1851 2759 1923 ipsam
2785 1853 3081 1916 rationem,
3109 1852 3286 1924 ipsam
3308 1852 3635 1924 sapientiam
3671 1871 3688 1910 :

2109 1959 2326 2000 necnon
2353 1944 2401 2000 si
2431 1942 2564 2016 quid
2589 1943 2768 2014 ipsum
2794 1943 3109 2016 pulchrum,
3141 1944 3434 2016 ipsumque
3485 1944 3688 2000 bonum

2109 2037 2425 2109 excogitare
2456 2037 2512 2092 in
2531 2037 2599 2094 iis
2633 2052 2754 2108 qum
2781 2037 2964 2109 genita
2981 2037 3209 2094 suntfas
3229 2046 3336 2099 est.
3367 2039 3423 2095 id
3451 2038 3688 2110 primum

2111 2131 2227 2202 ipse
2264 2145 2328 2185 ex
2361 2144 2421 2186 se
2454 2129 2576 2200 ipso
2608 2143 2802 2185 eorum
2843 2145 2964 2201 qua:
3015 2129 3246 2199 posthac
3297 2130 3482 2186 futura
3532 2139 3693 2187 erant

2111 2222 2527 2278 fundamentum
2543 2222 2783 2294 praefert,
2803 2221 3107 2294 perfectum
3129 2221 3358 2292 perfecti
3385 2223 3689 2294 opificium,

2111 2314 2375 2386 sapientis
2431 2314 2732 2385 sapientem
2784 2314 3224 2379 fabricationem,
3258 2314 3388 2369 boni
3443 2315 3692 2385 parentis

2111 2413 2308 2468 bonam
2327 2412 2594 2479 sobolem,
2611 2420 2666 2466 et
2681 2411 2942 2482 quidnam
2970 2408 3117 2464 aliud
3147 2408 3314 2464 fuerit
3339 2407 3690 2477 praalatnrus,

2111 2519 2275 2576 quam
2297 2504 2451 2560 illum
2484 2505 2662 2576 ipsum
2685 2517 2876 2560 eorum
2895 2517 3020 2574 qua:
3051 2501 3279 2572 posthac
3301 2515 3400 2570 per
3425 2499 3604 2568 ipsum
3634 2497 3694 2555 id

2109 2594 2254 2666 quod
2287 2601 2418 2650 sunt
2445 2592 2784 2664 acceperint,
2823 2592 3152 2665 perfectum,
3187 2597 3525 2656 curatorem,
3557 2603 3694 2644 con-

2112 2691 2472 2751 servatorem,
2502 2685 2798 2752 medicum,
2850 2684 3280 2756 gubernatorem
3311 2684 3334 2736 t
3384 2697 3512 2738 eum
3536 2681 3692 2740 vide-

2114 2772 2240 2831 licet
2289 2775 2384 2848 qui
2422 2778 2720 2834 creationis
2748 2775 2991 2832 universi
3040 2773 3411 2847 gubernacula
3451 2787 3700 2844 compre-

2111 2865 2283 2922 hensa
2337 2867 2590 2924 teneret?
2623 2868 2807 2938 itaque
2844 2881 2954 2922 non
2983 2865 3261 2921 immerito
3282 2863 3508 2920 oracula
3539 2863 3698 2920 theo-

2111 2959 2288 3030 logice
2329 2961 2646 3033 loquentia,
2699 2960 2868 3017 Deum
2902 2959 3144 3031 genitum
3187 2958 3340 3014 illum
3381 2957 3692 3022 enuntiant,

2113 3061 2372 3124 tanquam
2396 3070 2522 3110 eum
2551 3054 2646 3126 qui
2673 3053 3040 3110 elocutionem
3065 3067 3287 3109 omnem
3312 3090 3328 3115 ,
3362 3064 3698 3121 omnemque

423 3145 743 3218 ϐεϐλῆσθαι,
769 3147 878 3211 ἵνα,
907 3145 1095 3220 ὥσπερ
1131 3148 1197 3202 δι’
1229 3147 1348 3212 ἐνὸς
1379 3146 1652 3215 πανσόφου
1681 3149 1776 3202 καὶ
1812 3146 2013 3212 ζῶντος

2117 3147 2498 3218 cogitationem
2551 3147 2861 3218 eﬂ'ugicntis
2911 3147 3110 3202 divinae
3167 3154 3378 3200 naturae
3431 3146 3588 3202 solus
3637 3145 3696 3200 in

422 3238 680 3310 ὀργάνου,
707 3239 960 3310 τεχνικοῦ
993 3256 1052 3292 τε
1085 3239 1182 3293 καὶ
1210 3238 1632 3311 ἐπιστημονικοῦ
1663 3240 1906 3306 κανόνος,
1943 3239 2016 3294 τὰ

425 3329 604 3383 πάντα
633 3329 780 3400 αὐτῷ
801 3328 1174 3395 ἁπευθύνοιτο,
1203 3329 1430 3400 σώματα
1455 3330 1590 3402 όμοῦ
1609 3331 1702 3384 καὶ
1724 3329 2012 3404 ἀσώματα,

425 3420 648 3492 ἔμψυχὰ
675 3437 736 3474 τε
798 3421 894 3474 καὶ
937 3421 1138 3492 ἄψυχα,
1183 3421 1377 3490 λογικὰ
1419 3421 1516 3476 σὺν
1553 3421 2014 3494 ἀλόγοις,’θνητὰ

429 3515 526 3566 σὺν
551 3512 859 3578 ἀθανάτοις,
895 3514 990 3584 καὶ
1023 3514 1077 3568 εἴ
1097 3531 1150 3568 τι
1189 3511 1398 3578 τούτοις
1426 3513 1614 3586 ἓτερον
1641 3514 2013 3586 ωνυφὲστηκὲ

425 3621 485 3658 τε
516 3606 611 3659 καὶ
651 3606 1006 3676 συνύφανται,
1045 3607 1138 3661 καὶ
1187 3609 1262 3671 ὡς
1295 3608 1396 3678 μιᾷ
1423 3605 1532 3660 τῶν
1571 3606 1708 3661 ὅλων
1760 3607 2010 3678 δυνάμει,

426 3699 510 3753 ἑνί
532 3717 590 3753 τε
616 3698 776 3764 ζῶντι
801 3699 896 3754 καὶ
925 3699 1152 3772 ἐμψύχῳ
1183 3700 1332 3772 νόμῳ
1367 3717 1428 3752 τε
1461 3699 1554 3753 καὶ
1579 3699 1723 3771 λόγῳ
1757 3701 1815 3753 ὲν
1844 3702 2012 3754 πᾶσιν

427 3789 541 3846 δντι
563 3792 659 3846 καὶ
687 3791 776 3846 διὰ
808 3791 1026 3846 πάντων
1065 3792 1252 3864 ἥκοντι
1298 3789 1368 3845 τὰ
1405 3791 1581 3845 πάντα
1627 3789 2016 3864 συναρμόζοιτο

430 3881 518 3952 ὑφ’
551 3882 634 3936 ἐνί
663 3881 925 3954 πανσόφῳ
948 3880 1152 3953 δεσμῷ,
1179 3879 1328 3953 αύτῷ
1367 3880 1433 3953 δὴ
1459 3879 1540 3950 τῷ
1569 3880 1664 3932 τοῦ
1702 3879 1837 3934 Θεοῦ
1869 3879 2014 3953 λόγῳ

428 3989 486 4028 τε
509 3976 606 4029 καὶ
633 3976 803 4047 νόμῳ,
841 3974 1181 4048 συναγόμενα
1202 3991 1262 4028 τε
1291 3973 1386 4028 καὶ
1413 3971 1767 4044 συνδούμενα.

2115 3237 2298 3307 seipso
2325 3237 2504 3292 fuerat
2537 3237 2852 3310 imaginem,
2884 3245 3109 3310 pr0pter
3137 3252 3304 3309 quam
3355 3237 3527 3293 Deum
3557 3253 3700 3308 quo-

2115 3343 2222 3400 que
2246 3337 2301 3385 et
2326 3343 2448 3385 esse
2478 3329 2630 3384 illum
2660 3341 2716 3385 et
2743 3329 2877 3396 dici,
2917 3330 3041 3402 ejus
3081 3331 3355 3399 videlicet,
3384 3346 3506 3402 quas
3549 3331 3698 3402 quod

2115 3421 2353 3491 primum
2393 3431 2481 3479 est
2513 3422 2702 3489 refert,
2736 3438 3013 3495 expressae
3074 3424 3454 3482 similitudinis
3497 3424 3696 3496 gratia.

2119 3511 2391 3579 Quocirca
2423 3513 2576 3570 illum
2605 3515 2810 3570 bonum
2844 3515 3002 3570 aiunt
3050 3515 3438 3570 administrum
3475 3530 3506 3569 a
3537 3513 3701 3570 Patre

2119 3604 2564 3672 sulfectumesse,
2596 3615 2656 3662 ut
2687 3606 2847 3676 quasi
2872 3621 2968 3679 per
2996 3622 3168 3662 unum
3201 3607 3421 3677 penitus
3453 3605 3698 3676 sapiens,

2120 3699 2421 3770 vivensque
2453 3699 2914 3767 instrumentum,
2946 3699 3397 3770 artificialemque
3420 3713 3486 3754 ac
3519 3697 3701 3755 omnis

2121 3787 2365 3844 scientiae
2390 3789 2500 3846 vim
2530 3789 2586 3845 in
2604 3805 2665 3846 se
2693 3789 2982 3848 habentem
3010 3789 3278 3862 regulam,
3331 3789 3592 3846 universa
3629 3790 3700 3846 ab

2117 3880 2240 3952 ipso
2271 3893 2615 3954 regerentur,
2649 3890 2760 3938 tam
2791 3897 3028 3955 corpora
3059 3883 3200 3954 ipsa,
3223 3899 3388 3955 quam
3423 3897 3546 3954 quae
3582 3896 3706 3938 cor-

2123 3975 2274 4045 poris
2311 3977 2559 4046 expertia
2589 3984 2740 4044 sunt,
2769 3983 2882 4032 tam
2907 3977 3210 4033 animantia
3237 3991 3400 4049 quam
3435 3975 3700 4040 inanima,

429 4071 540 4118 tam
572 4063 865 4119 rationalia
879 4079 1044 4134 quam
1074 4062 1256 4128 bruta,
1288 4071 1399 4118 tam
1429 4062 1681 4117 mortalia
1724 4075 1886 4132 quam
1923 4061 2274 4128 immortalia,
2347 4079 2412 4118 ac
2451 4064 2500 4120 si
2552 4065 2688 4136 quid
2727 4065 2873 4122 aliud
2907 4082 3015 4122 una
3047 4082 3172 4122 cum
3200 4067 3287 4123 his
3315 4066 3451 4123 exiit
3489 4066 3550 4122 in
3601 4079 3700 4120 na-

431 4165 631 4222 turam,
657 4171 877 4227 unaque
897 4155 1054 4228 quasi
1072 4163 1388 4212 contextum
1413 4164 1500 4210 est
1523 4173 1538 4210 :
1565 4169 1778 4208 necnon
1811 4161 1871 4206 ut
1904 4154 1996 4207 uni
2036 4167 2218 4208 rerum
2271 4155 2518 4209 omnium
2549 4159 2830 4228 potestati,
2868 4158 3071 4228 unique
3093 4158 3297 4214 viventi
3363 4165 3526 4228 atque
3582 4155 3701 4212 ani-

434 4260 592 4308 mutae
658 4253 783 4324 legi,
828 4266 892 4306 ac
965 4251 1168 4308 rationi
1217 4267 1338 4323 quae
1388 4251 1442 4306 in
1509 4250 1762 4306 omnibus
1823 4255 1990 4316 esset,
2028 4265 2234 4322 perque
2279 4251 2464 4307 omnia
2528 4259 2864 4322 penetraret,
2933 4256 3118 4311 omnia
3173 4251 3552 4316 convenirent,
3599 4248 3704 4305 sub

435 4359 602 4400 unum
633 4343 822 4415 utique
855 4342 1094 4416 perfecte
1122 4345 1342 4414 sapiens
1370 4343 1672 4407 vinculum,
1708 4341 1886 4414 ipsum
1927 4343 2139 4398 scilicet
2177 4340 2273 4398 Dei
2315 4343 2540 4414 verbum
2571 4343 2860 4416 ipsamque
2882 4345 3078 4416 legem,
3119 4354 3305 4402 coacta
3329 4352 3384 4401 et
3421 4343 3702 4414 colligata.

1190 4457 1266 4511 1".

438 4571 557 4628 Ὀτι
603 4571 694 4642 μὴ
743 4571 995 4642 πλείους
1041 4571 1161 4627 vlo!
1220 4571 1329 4625 τοῦ
1372 4571 1472 4625 ἐπὶ
1525 4570 1785 4642 πάντων
1821 4571 1970 4625 Θεοῦ
1999 4613 2015 4637 ,

497 4638 690 4785 ἐβίως(
707 4642 776 4696 δὲ
803 4638 894 4710 εἷς
928 4643 998 4696 ἐκ
1025 4642 1172 4697 Θεοῦ
1207 4642 1351 4708 Θεὸς
1390 4643 1654 4712 εὐλόγως
1686 4641 1830 4713 ἡμῖν
1870 4643 2019 4711 ἀνη-

571 4730 805 4782 paveat.

571 4730 805 4782 ιρευτιιι.

515 4805 667 4868 Ἐνὸς
689 4804 746 4858 δὲ
768 4802 924 4867 ὄντος
959 4801 1055 4857 τοῦ
1078 4801 1311 4876 Πατρὸς,
1345 4801 1443 4857 ’ἐνα
1473 4803 1580 4876 χρὴ
1621 4805 1716 4858 καὶ
1745 4803 1840 4859 τὸν
1866 4805 2018 4873 Υἱὺν,

436 4895 571 4952 ἀλλὰ
599 4897 662 4950 οὐ
695 4895 922 4959 πολλοὺς
949 4891 1109 4960 εἶναι,
1139 4897 1235 4950 καὶ
1269 4896 1364 4950 ἕνα
1405 4895 1610 4950 τέλειον
1643 4896 1802 4968 μόνον
1837 4913 2024 4970 γεννη·

437 4988 526 5044 τὺν
558 4989 694 5043 Θεὸν
731 4990 796 5041 ἐκ
821 4987 977 5053 Θεοῦ,
1010 4987 1123 5042 ἀλλ’
1148 4989 1210 5042 οὐ
1242 4987 1478 5052 πλείους.
1518 4989 1607 5041 Ἐν
1639 4989 1750 5060 γὰρ
1781 4988 2022 5046 πλείοσιν

437 5083 690 5155 ἑτερότης
728 5080 883 5135 ἔσται
913 5081 1006 5134 καὶ
1053 5079 1287 5152 διαφορὰ
1334 5083 1429 5136 καὶ
1473 5080 1569 5136 τοῦ
1603 5081 1843 5153 χείρονος
1875 5084 2020 5138 είσαυ

437 5175 609 5246 γωγή.
646 5173 739 5226 Διὸ
761 5173 825 5244 δὴ
861 5167 942 5238 εἷς
981 5172 1135 5239 Θεὸς,
1165 5173 1284 5238 ἑνὸς
1320 5173 1453 5226 Υἱοῦ
1483 5171 1684 5226 τελείου
1724 5174 1819 5228 καὶ
1859 5190 2018 5245 μονο-

437 5264 658 5334 γενοῦς,
695 5264 812 5318 ἀλλ’
843 5265 907 5318 οὐ
954 5264 1213 5318 πλειόνων
1277 5263 1414 5319 θεῶν
1465 5264 1576 5319 οὐδ’
1628 5264 1762 5319 υἱῶν
1804 5266 2018 5338 πατήρ·

437 5353 562 5410 ἐπεὶ
587 5356 684 5410 καὶ
719 5355 851 5427 μιᾶς
881 5351 1048 5424 οὔσης
1086 5351 1264 5422 φωτὸς
1290 5351 1496 5416 οὐσίας,
1541 5352 1671 5422 μίαν
1704 5352 1799 5407 καὶ
1830 5351 1930 5424 τὴν
1962 5353 2022 5420 ἐξ

439 5447 598 5502 αὑτοῦ
631 5447 982 5518 γεννωμένην
1008 5444 1217 5500 τελείαν
1249 5444 1416 5516 αὐτὴν
1449 5445 1602 5498 πᾶσα
1633 5443 1845 5516 ἀνάγκη
1877 5443 2023 5499 τίθε-

442 5539 581 5595 σθαι.
614 5540 680 5594 Τί
713 5539 826 5612 γὰρ
880 5539 946 5592 ἂν
989 5539 1084 5592 καὶ
1125 5537 1252 5592 ἄλλο
1285 5537 1530 5608 γέννημα
1566 5537 1742 5608 φωτὸς
1790 5538 2024 5590 ἐπινοεῖν

437 5629 677 5696 δυνατδν,
717 5629 793 5702 μὴ
820 5628 942 5699 οὐχ).
975 5628 1144 5700 μόνην
1170 5627 1271 5700 τὴν
1301 5626 1360 5694 ἐξ
1393 5625 1558 5680 αὑτοῦ
1584 5626 1652 5680 τὰ
1686 5626 1863 5683 πάντα
1889 5627 2026 5698 πλη-

442 5719 630 5791 ροῦσαν
679 5721 775 5775 καὶ
826 5717 1292 5790 καταλάμπουσαν
1338 5717 1584 5784 ἂκτίνα;
1639 5719 1748 5772 πᾶν
1803 5719 1912 5790 γὰρ
1962 5719 2022 5772 τὸ

441 5813 637 5886 ταύτης
669 5809 1184 5884 ἀλλότριονσκότος
1217 5809 1284 5865 ἄν
1321 5810 1405 5883 εἴη
1440 5810 1535 5864 καὶ
1575 5810 1633 5864 οὐ
1667 5809 1800 5880 φῶς.
1837 5811 2021 5884 Ταύτῃ

2781 4459 2938 4533 147
2971 4459 3057 4516 ιιι.

2127 4569 2285 4643 Quod
2315 4587 2418 4643 non
2463 4570 2641 4643 plures
2690 4574 2921 4643 supremi
2951 4573 3048 4628 Dei
3079 4573 3202 4643 ﬁlii,
3239 4571 3328 4627 sed
3376 4587 3513 4625 unus
3559 4571 3707 4632 solus

2251 4640 2316 4696 de
2343 4640 2650 4708 Deo'Deus,
2681 4640 2807 4713 jure
2832 4661 2867 4698 a
2899 4643 3048 4700 nobis
3069 4640 3349 4714 prwdicari
3381 4645 3569 4697 soleat.

2191 4795 2482 4864 Czeterum,
2516 4814 2644 4854 cum
2697 4815 2841 4856 unus
2893 4800 2966 4855 sit
3026 4799 3208 4864 Pater,
3247 4796 3444 4853 Filium
3487 4813 3708 4868 quoque

2125 4905 2320 4956 unum,
2353 4905 2462 4946 non
2479 4891 2666 4962 plures
2681 4908 2805 4948 esse
2831 4899 3065 4963 oportet,
3095 4905 3374 4961 unumque
3404 4889 3706 4960 perfectum

2124 4983 2302 5039 solum
2333 4984 2579 5055 genitum
2604 4983 2776 5040 Deum
2805 4984 2873 5039 de
2893 4983 3024 5051 Deo,
3055 4996 3169 5037 non
3197 4989 3378 5038 autem
3404 4983 3610 5052 plures.
3645 4981 3707 5038 In

2124 5078 2375 5148 pluribus
2406 5080 2551 5133 enim
2579 5076 2868 5132 diversitas
2902 5075 3006 5130 erit
3030 5089 3096 5130 ac
3117 5073 3444 5142 diﬂ'erentia,
3469 5072 3710 5130 deterio-

2123 5173 2311 5242 risque
2337 5169 2692 5225 introductio.
2741 5168 2924 5234 Quare
2979 5183 3123 5223 unus
3169 5167 3332 5234 Deus,
3383 5166 3548 5224 unius
3578 5164 3708 5222 Filii

2125 5261 2353 5334 perfecti
2388 5269 2552 5333 atque
2585 5261 2754 5325 unici,
2791 5274 2902 5314 non
2959 5260 3202 5330 plurium
3259 5259 3490 5315 deorum
3530 5274 3710 5330 neque

2127 5353 2363 5408 filiorum
2401 5359 2583 5422 pater;
2614 5349 2876 5422 quoniam
2908 5365 3034 5406 cum
3068 5349 3296 5406 luminis
3333 5364 3553 5421 quoque
3601 5363 3710 5403 una

2124 5447 2198 5500 sit
2225 5444 2480 5508 essentia,
2523 5443 2697 5512 ipsam
2726 5443 2854 5498 item
2893 5456 3015 5512 qua:
3044 5455 3108 5497 ex
3141 5457 3207 5498 eo
3235 5449 3551 5514 generetur,
3585 5454 3712 5510 per-

2126 5535 2322 5592 fectam
2353 5549 2514 5589 unam
2547 5549 2768 5604 ponere,
2796 5536 2976 5592 omnis
3007 5535 3152 5606 cegit
3179 5535 3504 5592 necessitas.
3533 5531 3708 5599 Quam

2124 5628 2271 5682 enim
2301 5627 2460 5680 aliam
2486 5631 2745 5694 praeterea
2773 5625 3015 5682 sobolem
3054 5625 3277 5681 luminis
3303 5625 3542 5696 cogitare
3579 5636 3707 5691 pos-

2127 5734 2340 5786 sumus,
2378 5717 2482 5773 nisi
2510 5731 2678 5771 unum
2723 5715 2926 5788 ipsum,
2949 5716 3043 5787 qui
3074 5731 3142 5771 ex
3177 5715 3300 5785 ipso
3324 5709 3708 5786 proficiscitur,

2129 5811 2420 5882 omniaque
2471 5809 2704 5880 complet
2756 5817 2920 5882 atque
2972 5809 3230 5876 illustrat,
3261 5804 3512 5864 radium?
3542 5802 3710 5870 Quid-
