4120 6420
434 429 543 485 255

1111 425 1383 486 EU'SEBII
1414 428 1903 487 CIESARIENSIS
1940 429 2091 486 OPP.
2139 428 2321 484 PARS
2358 431 2423 485 ll.
2465 460 2535 471 --
2569 426 3068 484 APOLOGETICA.

3588 426 3696 481 250

432 549 561 619 quid
601 549 745 604 enim
787 549 860 604 ab
891 549 994 603 hoc
1029 550 1267 605 alienum
1322 550 1503 618 fuerit,
1535 553 1771 609 tenebrae
1821 560 2005 619 erunt,

2125 570 2191 607 τοι
2227 552 2434 607 καὶτοῦ
2466 553 2679 606 πάντων
2715 552 2988 605 ἀνωτάτου
3027 548 3259 620 Πατρὸς,
3300 549 3536 619 ἀρῤἡτου
3581 566 3694 616 φω-

431 658 540 696 non
572 642 774 697 lumen.
805 641 1015 699 Idcirco
1040 646 1205 700 etiam
1263 648 1507 718 supremi
1535 648 1778 703 omnium
1812 646 2017 702 Paren—

430 732 503 787 tis
537 746 663 785 cum
711 732 893 789 lumen
924 735 1015 800 sit,
1040 737 1183 806 quod
1216 740 1380 795 nullis
1411 740 1590 795 verbis
1629 739 2017 810 comprehendi

431 830 632 891 potest.
674 838 742 878 ne
775 824 955 881 simile
986 826 1205 897 quidem
1234 830 1404 884 ullum
1442 830 1790 900 propriumve
1833 845 2014 884 exem-

432 916 550 984 plar
588 915 777 980 fuerit,
809 927 1007 988 praeter
1039 920 1216 990 ipsum
1250 922 1354 977 hoc
1394 923 1594 987 solum,
1624 923 1766 993 quod
1797 921 2016 993 quidem

430 1007 611 1077 ipsum
657 1008 863 1076 dicere,
898 1011 1025 1067 item
1048 1014 1117 1069 de
1138 1014 1299 1076 Filio,
1329 1014 1413 1070 fas
1442 1026 1559 1082 est;
1590 1013 1848 1085 splendor
1869 1013 2016 1068 enim

430 1106 514 1155 est
542 1100 765 1158 luminis
803 1106 1145 1175 sempiterni,
1170 1108 1563 1178 speculumque
1606 1106 2016 1160 immaculatum

432 1191 629 1246 divime
667 1195 975 1259 evidentiae,
1010 1206 1064 1252 et
1094 1199 1273 1270 imago
1316 1199 1576 1255 bonitatis
1626 1198 1769 1268 ejus.
1796 1197 1873 1251 Ex
1910 1212 2020 1267 quo

432 1280 564 1335 illud
595 1283 798 1338 dictum
832 1297 914 1341 est
949 1306 961 1340 :
1003 1307 1022 1339 ι
1063 1288 1164 1355 Qui
1194 1304 1320 1344 cum
1350 1290 1422 1343 sit
1448 1288 1708 1360 splendor
1735 1287 1941 1359 gloriae,
1966 1295 2021 1342 et

432 1372 604 1445 ﬁgura
657 1377 977 1433 substantiae
1025 1380 1226 1449 ejus".
1282 1399 1302 1434 δ
1349 1381 1617 1436 Caeterum
1684 1395 1714 1433 a
1771 1377 2019 1434 sensibili

428 1466 651 1536 quidem
695 1470 900 1525 lumine
927 1472 1187 1539 splendor
1218 1471 1461 1541 separari
1511 1487 1622 1525 non
1661 1478 1843 1541 potest
1879 1489 1892 1525 :
1925 1468 2020 1524 Fi-

429 1559 537 1614 lius
579 1565 762 1614 autem
805 1578 1056 1618 seorsum
1090 1579 1120 1619 a
1160 1562 1322 1618 Patre
1366 1579 1464 1633 per
1495 1566 1736 1635 seipsum
1766 1562 2022 1619 subsistit

428 1658 484 1705 et
516 1650 738 1705 luminis
769 1653 987 1721 quidem
1033 1654 1290 1723 splendor
1329 1656 1509 1708 locum
1541 1653 1843 1709 eflicientite
1879 1650 2020 1706 obti-

428 1749 553 1811 net;
590 1751 645 1796 at
673 1741 844 1800 Filius
876 1746 1022 1800 aliud
1066 1747 1322 1817 quiddam
1358 1762 1522 1817 quam
1572 1745 1875 1802 secundum
1908 1742 2019 1799 efﬂ-

430 1834 686 1889 tientiam
738 1845 841 1904 est,
874 1853 981 1892 non
1045 1855 1141 1909 per
1191 1839 1433 1911 seipsum
1481 1839 1669 1910 utique
1721 1838 2017 1894 essentiam

2117 645 2209 710 τὸς
2230 646 2401 711 ὄντος,
2435 645 2586 699 οὐδὲν
2628 646 2726 717 μὲν
2756 644 3061 717 προσφερὲς
3092 639 3241 712 αὐτῷ
3274 640 3381 694 οὐδ’
3408 643 3606 697 οἰκεῖον
3631 643 3698 694 ειν

2116 739 2325 808 γένοιτο
2355 739 2724 810 παράδειγμα,
2757 737 2896 809 πλὴν
2928 738 3051 791 ὅσον
3081 736 3212 790 αὐτὸ
3252 735 3408 788 τοῦτο
3456 736 3637 805 μόνον,
3670 733 3699 787 δ

2116 830 2181 903 δὴ
2212 832 2305 885 ml
2337 832 2501 900 φάναι
2556 832 2686 900 περὶ
2739 830 2869 884 Υίοῦ
2909 825 3020 882 οἷόν
3063 845 3152 881 τεο
3205 826 3547 897 ἀπαύγασμα
3588 827 3701 899 γάρ

2117 923 2231 975 ἐστι
2259 921 2433 991 φωτὸς
2461 921 2655 988 ἀϊδίου,
2692 924 2785 976 ml
2818 920 3078 993 ἔσοπτρον
3111 918 3442 991 ἀκηλίδωτον
3470 917 3570 988 τῆς
3603 916 3698 971 τοῦ

2116 1013 2251 1068 Θεοῦ
2304 1013 2604 1086 ἐνεργείας,
2649 1013 2742 1067 ml
2779 1011 2943 1067 εἰκὼν
2979 1012 3079 1082 τῆς
3135 1010 3471 1082 ἀγαθότητος
3508 1008 3694 1064 αὐτοῦ.

2116 1108 2208 1160 Διὸ
2242 1107 2485 1179 εἴρηται·
2522 1125 2540 1157 ι
2573 1107 2669 1168 Ὃς
2699 1103 2775 1158 ὢν
2799 1103 3139 1174 ἀπαύγασμα
3164 1104 3261 1173 τῆς
3291 1102 3449 1172 δόξης
3483 1104 3575 1157 καὶ
3603 1121 3700 1172 χα-

2122 1202 2332 1274 ρακτὴρ
2360 1200 2458 1271 τῆς
2491 1198 2839 1263 ὑποστάσεως
2872 1198 3055 1252 αὐτοῦ.
3085 1218 3102 1250 ι
3141 1197 3300 1250 Ἀλλά
3329 1198 3425 1253 τοῦ
3462 1200 3560 1270 μὲν
3613 1201 3702 1252 αξ-

2120 1292 2318 1363 σθητοῦ
2343 1292 2520 1361 φωτὸς
2572 1291 2938 1364 ἀχώριστοςή
2983 1292 3124 1362 αὐγὴ
3152 1331 3166 1355 ,
3201 1294 3230 1345 ὁ
3278 1292 3321 1344 δ’
3374 1292 3501 1356 Υίὸς
3558 1291 3701 1356 ίδίως

2120 1385 2271 1456 παρὰ
2294 1384 2385 1437 τὸν
2418 1383 2636 1455 Πατέρα
2669 1383 2791 1436 καθ’
2819 1383 3006 1437 ἑαυτὸν
3049 1384 3337 1455 ἐφέστηκε.
3375 1384 3483 1436 Kal
3525 1384 3702 1452 φωτὸς

2124 1478 2222 1547 μὲν
2246 1478 2278 1547 ἡ
2315 1474 2456 1547 αὐγὴ
2492 1474 2675 1547 χώραν
2702 1476 2985 1547 ἐνεργείας
3007 1475 3214 1546 ἐπέχει,
3238 1478 3265 1529 ὁ
3286 1476 3343 1528 δὲ
3366 1475 3493 1539 Υἱὸς
3517 1473 3705 1548 ἕτερόν

2117 1585 2172 1622 τι
2211 1567 2415 1639 ἥκατά
2454 1566 2735 1639 ἐνέργειαν
2771 1568 3061 1638 τυγχάνει,
3096 1566 3218 1620 καθ’
3271 1566 3462 1620 ἑαυτὸν
3508 1566 3705 1621 οὐσιω-

2122 1658 2301 1731 μένος.
2338 1660 2447 1712 Katl
2478 1658 2698 1730 πάλινή
2734 1659 2833 1730 μὲν
2870 1658 3012 1729 αὐγὴ
3048 1659 3383 1729 συνυπάρχει
3418 1658 3496 1729 τῷ
3540 1657 3702 1727 φωτὶ,

2122 1750 2552 1823 συμπληρωτική
2581 1767 2665 1814 τις
2694 1746 2830 1803 οὐσα
2863 1748 3028 1803 αὐτοῦ
3048 1767 3063 1780 ’
3092 1749 3218 1804 ἄνευ
3257 1750 3367 1821 γάρ
3399 1750 3572 1821 αὐγῆς
3603 1750 3703 1802 οὐκ

2120 1838 2186 1894 ἂν
2220 1840 2489 1910 ὑποσταίη
2516 1840 2650 1909 φῶς,
2673 1839 2808 1912 ὁμοῦ
2841 1857 2901 1893 τε
2936 1842 3032 1894 ml
3062 1839 3181 1894 καθ’
3211 1842 3341 1894 αὐτὸ
3371 1841 3707 1912 συνυφέστη-

430 1933 647 1992 nactus,
681 1924 777 1981 sed
809 1942 837 1980 a
880 1927 1059 1981 Patre.
1101 1926 1315 1984 Rursus
1366 1929 1626 1999 splendor
1669 1927 1834 1985 simul
1871 1927 2018 1983 exsi-

2125 1950 2235 1987 κεν.
2272 1933 2330 1986 ’0
2362 1931 2419 1985 δὲ
2451 1933 2639 2005 Πατὴρ
2675 1933 3017 2005 προϋπάρχει
3048 1931 3142 1985 τοῦ
3178 1932 3325 1986 Υίοῦ.
3362 1934 3456 1987 ml
3485 1932 3581 2004 τῆς
3612 1949 3704 2000 γε-

426 2015 524 2070 stit
564 2032 690 2081 cum
750 2018 983 2083 lumine,
1038 2019 1282 2091 illudque
1332 2012 1737 2091 quodammodo
1782 2019 2016 2088 complet

425 2110 580 2182 (nam
615 2112 734 2166 sine
768 2112 1058 2181 splendore
1105 2129 1214 2168 non
1266 2114 1522 2171 consistit
1566 2112 1789 2180 lumen),
1822 2111 2019 2168 simul-

429 2219 539 2274 que
595 2219 720 2259 cum
784 2206 898 2271 illo,
953 2216 1009 2262 et
1056 2208 1356 2263 secundum
1391 2208 1523 2263 illud
1566 2207 1820 2264 subsistit
1854 2225 1867 2261 :
1901 2213 1956 2260 at
1987 2220 2019 2259 a

433 2291 595 2353 Patre
624 2296 795 2352 Filius
826 2297 1094 2369 procedit,
1126 2308 1180 2354 et
1215 2300 1367 2354 illum
1394 2309 1640 2371 generat,
1674 2306 1730 2353 at
1762 2300 1879 2369 ipse
1909 2312 2019 2351 non

428 2388 647 2457 genitus
679 2396 766 2445 est
796 2407 811 2444 :
851 2400 904 2445 et
936 2391 1029 2446 ille
1050 2390 1270 2462 quidem
1302 2407 1400 2464 per
1432 2406 1492 2447 se
1522 2391 1705 2463 ipsum
1741 2387 2020 2462 perfectus

426 2486 511 2534 ac‘
540 2479 750 2551 primus
802 2490 1061 2555 tanquam
1094 2483 1275 2549 Pater,
1307 2493 1361 2540 et
1390 2484 1485 2555 qui
1522 2491 1717 2538 auctor
1745 2483 1816 2540 sit
1844 2489 1902 2538 ut
1933 2478 2019 2536 Fi-

431 2569 538 2625 lius
587 2571 877 2640 consistat,
911 2574 1047 2628 nihil
1100 2589 1132 2628 a
1180 2572 1319 2629 Filio
1370 2574 1669 2645 accipiens,
1699 2589 1808 2645 quo
1863 2589 2018 2629 suam

429 2670 682 2718 naturam
734 2680 843 2734 qua
891 2664 1034 2722 Deus
1083 2674 1167 2722 est
1209 2668 1479 2739 compleat
1516 2687 1530 2724 :
1564 2667 1653 2723 hic
1682 2677 1862 2723 autem
1897 2676 2022 2722 tan-

425 2770 594 2827 quam
629 2773 696 2812 ex
730 2773 898 2815 causa
927 2758 1207 2829 profectus
1235 2758 1429 2827 Filius,
1464 2761 1606 2817 alius
1640 2762 1710 2817 ab
1744 2761 1838 2817 illo
1861 2760 2021 2831 cujus

426 2856 515 2904 est
551 2847 725 2906 Filius
762 2852 999 2917 exsistit,
1038 2853 1239 2924 quippe
1268 2852 1363 2924 qui
1398 2867 1429 2907 a
1457 2852 1621 2910 Patre
1662 2861 1722 2908 ut
1762 2862 1816 2909 et
1860 2854 1933 2909 sit
1967 2861 2022 2909 et

429 2941 557 2997 talis
590 2943 662 2998 sit
696 2944 988 3015 acceperit.
1023 2943 1184 3017 ιω
1213 2944 1426 3001 Rursus
1478 2946 1739 3017 splendor
1794 2945 2016 3017 quidem

419 3046 543 3105 non
575 3049 643 3089 ex
676 3034 960 3106 proposito
998 3045 1050 3090 et
1076 3036 1355 3091 voluntate
1386 3035 1613 3092 luminis
1638 3034 2022 3108 splendet,sed

430 3125 733 3181 secundum
778 3126 1035 3197 quiddam
1075 3127 1221 3197 quod
1251 3126 1319 3181 ad
1351 3126 1650 3183 essentiam
1695 3126 1845 3184 illius
1875 3127 2023 3183 inse-

432 3216 754 3289 parabiliter
783 3217 983 3271 accidit
1017 3236 1031 3272 :
1058 3216 1230 3273 Filius
1262 3234 1394 3274 vero
1421 3235 1485 3275 ex
1516 3219 1787 3274 sententia
1812 3226 1867 3275 et
1901 3235 2024 3290 pro-

433 3310 614 3381 posito
641 3310 819 3379 imago
840 3308 1017 3366 Patris
1047 3311 1283 3367 exsistit.
1310 3310 1510 3368 Volens
1538 3312 1685 3367 enim
1721 3311 1864 3368 Deus
1896 3310 2020 3366 Filii

431 3398 597 3457 Pater
646 3400 883 3462 exsistit,
927 3407 982 3455 et
1031 3402 1263 3455 alterum
1302 3400 1485 3456 lumen
1525 3400 1580 3455 in
1624 3400 1881 3457 omnibus
1917 3401 2020 3458 sibi

433 3494 540 3566 ipsi
569 3492 749 3549 simile
773 3491 1061 3547 substituit
1090 3511 1103 3547 :
1143 3507 1267 3546 cum
1298 3508 1429 3564 ergo
1461 3508 1572 3547 non
1610 3494 1851 3564 genitum
1878 3510 2023 3550 sem-

436 3587 821 3657 piternumque
843 3584 1023 3639 lumen
1058 3600 1226 3639 unum
1257 3586 1347 3649 sit,
1371 3585 1465 3655 qui
1490 3584 1605 3640 fieri
1633 3591 1813 3655 potest
1837 3596 1895 3642 ut
1921 3587 2025 3642 hoc

435 3678 714 3734 diversum
754 3679 827 3734 sit
856 3678 927 3733 ab
960 3678 1055 3732 illo
1088 3679 1257 3734 veluti
1290 3679 1469 3751 imago
1501 3678 1789 3750 quadam?
1817 3696 1882 3736 ae
1911 3696 2023 3735 non

435 3770 622 3842 potius
668 3769 928 3841 splendor
969 3786 1210 3842 quoque,
1257 3770 1400 3841 quod
1441 3786 1596 3841 teque
1626 3772 1811 3826 lumen
1843 3771 1936 3839 sit,
1968 3771 2025 3827 in

437 3863 693 3919 omnibus
736 3864 1152 3919 similitudinem
1202 3864 1363 3935 primi
1413 3862 1747 3935 exemplaris
1797 3878 2023 3919 conser-

436 3956 610 4012 vans?
650 3955 936 4025 Quomodo
994 3974 1123 4014 vero
1181 3958 1330 4015 illius
1379 3957 1509 4014 item
1544 3956 1693 4029 quod
1740 3973 1911 4012 unum
1942 3965 2026 4013 est

437 4042 618 4116 Imago
666 4046 863 4112 fuerit;
897 4049 942 4103 si
985 4062 1093 4102 non
1126 4064 1233 4102 una
1271 4049 1387 4118 ipsa
1423 4062 1641 4118 quoque
1670 4048 1764 4111 sit,
1791 4054 1849 4099 ut
1874 4047 2027 4101 vide-

440 4139 565 4195 licet
594 4156 702 4195 nou
737 4142 913 4198 solum
941 4144 1197 4199 essentia:
1219 4144 1341 4213 ejus
1360 4144 1506 4215 quod
1534 4143 1770 4215 primum
1797 4152 1900 4209 est,
1930 4142 2025 4198 sed

438 4229 607 4286 etiam
659 4232 780 4302 ejus
833 4234 928 4304 qui
974 4233 1044 4288 ad
1097 4236 1460 4304 quantitatem
1513 4233 1770 4304 pertinet,
1812 4233 2026 4287 numeri

439 4321 854 4379 similitudinem
879 4324 1143 4379 inducat?
1175 4326 1249 4379 ita
1276 4324 1498 4396 quidem
1533 4332 1592 4377 ut
1627 4322 1792 4379 unius
1818 4322 2025 4393 sempi-

438 4417 580 4472 terni
605 4417 828 4474 luminis
852 4435 1020 4473 unum
1055 4420 1128 4476 sit
1159 4420 1458 4491 perfectum
1490 4419 1695 4483 lumen,
1716 4435 1823 4474 non
1846 4427 2028 4473 autem

439 4509 658 4567 diversa
692 4519 746 4569 et
777 4512 954 4582 plura,
984 4514 1038 4568 id
1084 4512 1230 4584 quod
1271 4504 1506 4583 primum
1531 4521 1586 4567 et
1618 4512 1841 4566 unicum
1870 4510 2026 4582 geni-

2119 2023 2319 2088 νέσεως
2360 2024 2523 2077 αὐτοῦ
2554 2024 2968 2096 προῦφέστηκεν
2992 2065 3006 2088 ,
3040 2018 3073 2098 ᾖ
3114 2024 3273 2095 μόνος
3318 2025 3584 2096 ἀγένητος
3611 2019 3699 2094 ἦν.

2120 2117 2231 2170 Kal
2255 2117 2283 2168 ὁ
2312 2117 2410 2187 μὲν
2433 2114 2553 2170 καθ’
2572 2117 2763 2170 ἑαυτὸν
2784 2116 2989 2180 τέλειος
3012 2118 3106 2171 ml
3130 2117 3367 2189 πρῶτος,
3394 2115 3469 2180 ὡς
3491 2115 3702 2186 Πατὴρ,

2120 2207 2214 2259 καὶ
2246 2207 2344 2277 τῆς
2397 2205 2490 2259 τοῦ
2527 2204 2655 2259 Υἱοῦ
2679 2206 2989 2270 συστάσεως
3031 2206 3232 2270 αἴτιος,
3269 2206 3420 2259 οὐδὲν
3453 2205 3532 2269 εἰς
3567 2221 3706 2275 συμ-

2121 2299 2403 2371 πλήρωσιν
2434 2298 2533 2369 τῆς
2559 2296 2752 2352 ἑαυτοῦ
2788 2297 3038 2369 Θεότητος
3070 2297 3218 2369 παρᾶ
3252 2297 3347 2351 τοῦ
3398 2297 3528 2351 Υἰοῦ
3560 2297 3704 2368 λαμ-

2122 2392 2301 2447 ϐάνων
2320 2408 2334 2423 ⁸
2369 2393 2398 2445 ὁ
2419 2390 2474 2445 δὲ
2504 2391 2580 2455 ὡς
2612 2388 2673 2455 ἐξ
2706 2390 2878 2443 αἰτίου
2910 2388 3151 2459 γεγονὼς
3186 2388 3333 2453 Υἱὸς,
3364 2388 3615 2460 δεύτερος
3642 2380 3705 2443 οὗ

2120 2488 2269 2541 ἐστιν
2298 2486 2425 2550 Υἱὸς
2448 2484 2774 2554 καθέστηκε,
2799 2482 2948 2554 παρά
2978 2481 3072 2535 τοῦ
3106 2482 3317 2554 Πατρὸς
3342 2483 3436 2536 ml
3468 2481 3529 2535 τὸ
3566 2478 3707 2537 εἶναι
3814 2508 3817 2511 ν

2122 2581 2217 2634 ml
2248 2577 2452 2632 τοιόσδε
2480 2572 2617 2630 εἶναι
2651 2575 2908 2647 εἰληφώς.
2943 2575 3052 2628 Kal
3079 2573 3241 2628 πάλιν
3268 2575 3301 2645 ἡ
3327 2574 3425 2646 μὲν
3455 2574 3598 2646 αὐγὴ
3640 2574 3704 2629 οὐ

2121 2671 2265 2724 κατά
2292 2668 2611 2741 προαίρεσιν
2642 2665 2736 2720 τοῦ
2754 2666 2928 2735 φωτὸς
2958 2664 3251 2736 ἐκλάμπει,
3272 2664 3415 2718 κατά
3446 2682 3497 2718 τι
3518 2663 3575 2717 δὲ
3606 2665 3706 2736 τῆς

2121 2762 2310 2826 οὐσίας
2347 2760 2692 2833 συμϐεϐηκὸς
2711 2758 3013 2832 ἀχώριστον
3034 2776 3047 2789 ·
3081 2760 3109 2812 ὁ
3140 2759 3197 2812 δὲ
3235 2758 3359 2823 Υἱὸς
3393 2757 3533 2811 κατά
3562 2756 3704 2826 γνώ-

2126 2873 2233 2927 μην
2271 2855 2366 2908 καὶ
2400 2852 2720 2926 προαίρεσιν
2753 2850 2916 2906 εἰκὼν
2945 2851 3152 2923 ὑπέστη
3193 2849 3285 2905 τοῦ
3315 2850 3546 2922 Πατρός.
3580 2850 3709 2903 Βου-

2121 2950 2306 3021 ληοεὶς
2336 2949 2445 3020 γὰρ
2468 2949 2495 3000 ὁ
2515 2946 2648 3010 θεὸς
2677 2945 2900 3015 γέγονεν
2925 2942 3056 2998 Υίοῦ
3078 2945 3289 3017 Πατὴρ,
3312 2944 3406 2999 ml
3441 2943 3556 3014 φῶς
3587 2944 3708 2997 δεύ-

2120 3061 2277 3116 τερον
2311 3041 2451 3097 κατὰ
2472 3042 2647 3095 πάντα
2671 3038 2848 3110 ἐαυτῷ
2878 3038 3309 3110 ἀφωμοιωμένον
3342 3038 3705 3109 ὑπεστήσατο.

2134 3138 2425 3208 Ἀγενήτου
2470 3132 2759 3205 τοιγαροῦν
2798 3132 2886 3185 ml
2929 3131 3102 3181 ἀτδίου
3146 3130 3325 3202 φωτὸς
3365 3130 3518 3194 ὃντος
3562 3132 3707 3199 ἑνὸς,

2125 3230 2243 3294 πῶς
2275 3229 2340 3283 ἂν
2366 3229 2575 3298 γένοιτο
2597 3226 2726 3281 ἄλλο
2751 3220 2945 3289 οῖάτις
2978 3226 3161 3289 εἰκὼν,
3188 3225 3309 3295 οὐχὶ
3328 3224 3384 3277 δὲ
3411 3223 3553 3294 αὐγὴ
3573 3219 3707 3278 οὖσα

2127 3323 2243 3394 φῶς
2268 3322 2408 3377 κατά
2429 3322 2606 3375 πάντα
2626 3320 2685 3373 τὸ
2707 3320 2945 3391 ἐμφερὲς
2968 3317 3040 3389 τῷ
3063 3317 3402 3390 πρωτοτύπῳ
3426 3316 3669 3382 σώζουσα
3689 3333 3706 3382 ;

2126 3416 2245 3480 πῶς
2276 3416 2325 3487 δ’,
2356 3415 2423 3469 ἂν
2467 3416 2562 3468 ml
2605 3412 2771 3467 αὐτοῦ
2801 3412 2896 3465 τοῦ
2930 3411 3048 3475 ἐνὸς
3075 3412 3159 3481 εἴη
3191 3408 3376 3476 εἰκὼν,
3416 3411 3465 3462 εί
3502 3409 3575 3480 μὴ
3611 3408 3709 3479 μία

2126 3510 2219 3562 ml
2268 3507 2301 3579 ἠ
2359 3506 2497 3578 αὐτὴ
2543 3501 2706 3570 οῦσα;
2739 3506 2886 3567 ὅπως
2925 3502 2999 3574 μὴ
3034 3504 3195 3574 μόνον
3254 3501 3354 3571 τῆς
3397 3500 3584 3563 οὐσίας
3614 3499 3706 3552 τοῦ

2126 3602 2365 3676 πρώτου,
2409 3601 2545 3656 ἀλλά
2579 3602 2674 3655 ml
2715 3600 2807 3654 τοῦ
2854 3598 2993 3653 κατά
3036 3598 3097 3651 τὸ
3131 3596 3297 3676 ποσὸν
3344 3595 3575 3668 ἀριθμοῦ
3609 3594 3709 3666 τὴν

2126 3674 2383 3768 ὁμοίωσιν
2414 3696 2691 3765 ἐπάγοιτο,
2727 3693 2859 3747 ὥσθ’
2890 3693 3008 3757 ἐνὸς
3028 3689 3163 3745 εἶναι
3192 3674 3286 3744 τοῦ
3331 3689 3502 3743 ἀϊδίου
3533 3688 3709 3759 φωτὸς

2126 3790 2185 3844 ἓν
2213 3790 2273 3843 τὸ
2300 3789 2526 3855 τέλειον,
2558 3787 2672 3841 ἀλλ’
2704 3787 2767 3841 οὐ
2811 3786 3042 3858 διάφορα
3072 3783 3168 3838 ml
3198 3782 3368 3836 πολλά
3395 3782 3456 3835 τὸ
3494 3780 3710 3853 πρῶτον

2128 3885 2221 3939 ml
2251 3883 2538 3955 μονογενὲς
2580 3881 2831 3951 ἔκγονον,
2877 3879 3007 3933 αὐτὸ
3046 3877 3110 3951 δὴ
3151 3879 3329 3931 ἐκεῖνο
3361 3875 3421 3929 τὸ
3452 3874 3546 3929 ml
3577 3876 3712 3944 ἡμῖν

2128 3976 2342 4047 πρῶτον
2372 3973 2512 4047 μετά
2542 3974 2642 4047 τὴν
2674 3972 2908 4044 ἄναρχον
2942 3971 3036 4024 ml
3081 3969 3344 4041 ἀγένητον
3372 3966 3559 4022 οὐσίαν
3592 3966 3712 4020 θεο-

2126 4069 2452 4141 λογούμενον
2479 4068 2681 4123 τέλειον
2709 4065 2935 4135 ἀγαθόν.
2978 4065 3115 4119 Ἕνα
3142 4062 3273 4133 γοῦν
3310 4062 3414 4134 χρὴ
3454 4060 3572 4125 ἑνὸς
3601 4060 3714 4112 Πα-

2127 4163 2252 4235 τρὸς
2285 4162 2381 4215 ml
2407 4160 2499 4213 τὸν
2542 4160 2671 4213 Υἱδν
2703 4155 2859 4212 εἶναι.
2907 4157 3018 4212 Kal
3061 4156 3171 4228 γὰρ
3216 4157 3344 4228 μιᾶς
3380 4154 3610 4218 εὐωδίας
3653 4152 3712 4221 ἐξ

2130 4255 2497 4327 ὑποκειμένης
2538 4254 2681 4317 τινὸς
2731 4251 3025 4323 προϊούσης
3056 4248 3244 4313 οὐσίας
3294 4247 3423 4319 μίαν
3472 4248 3567 4301 ml
3614 4247 3713 4318 τὴν

2131 4348 2303 4416 αὐτὴν
2330 4345 2704 4419 προχεομένην
2730 4346 2913 4416 ἡδεῖαν
2936 4344 3014 4408 εἰς
3048 4342 3255 4405 πάντας
3283 4340 3476 4412 ὀδμὴν,
3510 4339 3625 4393 ἀλλ’
3650 4339 3711 4393 ού

2131 4439 2420 4513 διαφόρους
2460 4440 2553 4493 ml
2596 4437 2796 4501 πολλὰς
2850 4438 3116 4510 προσήκοι
3156 4437 3224 4489 ἂν
3264 4434 3569 4506 ὁμολογεῖν.
3606 4432 3713 4486 Τοῦ

2130 4533 2269 4603 δῆτα
2292 4530 2510 4605 πρώτου
2545 4532 2640 4585 καὶ
2667 4530 2827 4602 μόνου
2865 4528 3095 4598 ἀγαθοῦ,
3129 4529 3158 4581 ὃ
3190 4530 3337 4581 ἐστιν
3376 4530 3404 4580 ὀ
3437 4526 3715 4598 παμϐασι-

441 4610 578 4668 tum,
604 4601 921 4673 editumque
962 4614 1067 4669 εει,
1104 4603 1285 4673 ipsum
1327 4602 1517 4672 utique
1561 4601 1695 4656 illud
1729 4601 2022 4672 perfectum

2131 4601 2255 4688 lsi);
2276 4601 2428 4689 Θεὸς,
2455 4623 2531 4695 νῷ
2559 4625 2653 4678 ml
2671 4601 2878 4695 διανοίᾳ
2900 4621 3112 4694 ληπτὴν
3146 4620 3328 4674 ἔνθεον
3353 4621 3446 4673 ml
3479 4618 3715 4691 ζωτικὴν

442 4693 666 4757 bonum,
701 4694 770 4750 de
818 4709 928 4766 quo
971 4709 1083 4749 uno
1129 4709 1229 4750 nos
1260 4708 1502 4764 quoque,
1534 4700 1657 4764 post
1678 4707 1798 4748 eam
1822 4708 1944 4763 quae
1975 4702 2029 4747 et

439 4787 730 4858 principio,
753 4794 807 4841 et
835 4794 959 4841 ortu
991 4795 1141 4842 caret
1162 4785 1486 4851 essentiam,
1524 4795 1583 4839 ut
1614 4783 1683 4839 de
1712 4782 1822 4839 Deo
1852 4784 2030 4855 loqui-

441 4898 583 4937 mur.
626 4880 801 4938 Unius
847 4897 978 4953 ergo
1009 4880 1187 4936 Patris
1217 4895 1387 4935 unum
1423 4896 1546 4935 esse
1566 4877 1764 4933 Filium
1790 4886 2024 4951 Oportet.

442 4975 577 5031 Nam
624 4976 670 5032 si
727 4975 1040 5046 fragrantia:
1069 4988 1241 5045 genus
1270 4988 1438 5027 unum
1467 4990 1534 5028 ex
1564 4972 1746 5044 aliqua
1777 4974 2028 5044 subjecta

443 5088 503 5127 re
535 5068 938 5142 proficiscatur,
974 5083 1140 5122 unum
1186 5080 1403 5136 quoque
1435 5071 1490 5119 et
1526 5064 1801 5130 eumdem,
1827 5065 1919 5134 qui
1972 5065 2027 5119 in

439 5178 633 5218 omnes
663 5158 1002 5217 diﬂ‘undatur
1032 5173 1253 5214 suavem
1287 5157 1533 5220 odorem,
1566 5171 1673 5211 non
1703 5157 1951 5213 diversos
1974 5163 2029 5211 et

443 5254 630 5324 plures
672 5249 829 5305 fateri
868 5266 965 5321 par
994 5258 1099 5305 est.
1127 5247 1267 5303 Cum
1306 5247 1476 5318 igitur
1504 5247 1739 5317 primum
1772 5246 1904 5301 illud
1937 5262 2029 5302 so-

444 5346 667 5414 lumque
706 5343 932 5407 bonum,
959 5341 1052 5413 qui
1080 5351 1163 5397 est
1188 5341 1433 5395 omnium
1465 5350 1723 5410 regnator
1752 5339 1915 5403 Deus,
1947 5340 2030 5395 di-

447 5438 626 5491 vinant
653 5435 987 5505 vitalemque
1016 5433 1395 5505 fragrantiam,
1435 5449 1556 5505 quae
1576 5433 1761 5488 animo
1790 5438 1846 5487 et
1878 5431 2031 5502 cegio

444 5530 649 5584 talione
696 5527 963 5582 duntaxat
1013 5527 1400 5597 comprehendi
1452 5534 1651 5599 potest,
1686 5524 2027 5596 produxerit,

450 5638 612 5676 unam
636 5622 778 5677 hanc
832 5620 917 5677 fas
962 5630 1045 5676 est
1082 5621 1403 5694 intelligere,
1446 5623 1633 5694 plures
1679 5620 1855 5677 nefas.
1887 5620 2029 5687 Quid

444 5719 590 5775 enim
615 5734 740 5774 esse
772 5724 971 5788 potest,
1000 5717 1145 5788 quod
1171 5717 1389 5790 quidem
1416 5718 1483 5773 ab
1503 5718 1606 5773 hac
1635 5716 1912 5773 diversum
1936 5715 2029 5786 sit,

517 5924 565 5959 ’°
592 5922 756 5979 llebr.
788 5939 825 5991 ι,
850 5923 901 5980 '5.

2132 4718 2362 4772 εὐωδίαν
2375 4716 2845 4787 ὐποστησαμένου,
2867 4714 2995 4786 μίαν
3014 4713 3239 4785 ταύτην,
3262 4712 3377 4765 ἀλλ’
3405 4712 3467 4765 οὐ
3497 4711 3716 4776 πλείους

2130 4812 2369 4864 ἐπινοεῖν
2397 4809 2572 4881 θέμις.
2610 4809 2673 4863 Τί
2699 4809 2809 4879 γάρ
2837 4808 2902 4861 ἂν
2940 4808 3036 4860 καὶ
3069 4808 3279 4875 γένοιτο
3306 4805 3509 4875 ταύτης
3528 4804 3716 4875 ἕτερον

2133 4900 2275 4956 κατὰ
2317 4902 2495 4956 πάντα
2525 4899 2602 4972 τῷ
2634 4900 2810 4971 Ila-cpi.
2838 4898 3297 4970 ἀφωμοιωμένης,
3333 4900 3381 4951 εί
3417 4899 3489 4969 μή
3519 4913 3571 4949 τι
3608 4896 3717 4966 ἄρα

2134 4992 2476 5064 ὑποϐεϐηκὸς
2508 4991 2604 5045 ml
2652 4994 2864 5063 χεῖρον;
2899 4990 2927 5043 ὃ
2966 4989 3218 5060 οὐδαμῶς
3258 4992 3392 5061 ἡμῖν
3425 4990 3483 5041 ἐν
3526 4990 3591 5060 τῇ
3621 4987 3717 5042 τοῦ

2133 5085 2265 5139 Υἱοῦ
2300 5084 2550 5156 θεολογίᾳ
2592 5084 3010 5157 παρεισακτέον.
3074 5083 3264 5154 Ἀτμὶς
3302 5084 3410 5157 γάρ
3454 5086 3570 5137 ἐστι
3616 5083 3717 5154 τῆς

2132 5179 2226 5233 τοῦ
2253 5179 2389 5232 Θεοῦ
2411 5180 2711 5250 δυνάμεως,
2743 5180 2837 5233 ml
2868 5178 3137 5250 ἀπόρροια
3162 5179 3259 5248 τῆς
3284 5176 3379 5230 τοῦ
3409 5176 3718 5248 παντοκρά-

2133 5289 2290 5345 τορος
2316 5271 2474 5344 δόξης
2508 5271 2823 5345 εἰλικρινής.
2857 5270 2945 5336 Ἐξ
2990 5268 3221 5334 εὐιῶους
3258 5272 3355 5341 μὲν
3383 5270 3492 5341 γὰρ
3528 5268 3717 5339 σώμα-

2133 5383 2245 5430 τος,
2274 5365 2447 5437 μύρου
2475 5364 2619 5428 τινὸς
2652 5364 2805 5436 φέρε,
2838 5363 2870 5435 ἢ
2906 5362 2999 5415 καὶ
3028 5361 3134 5416 τῶν
3168 5362 3279 5417 ἀπὸ
3315 5364 3417 5434 γῆς
3444 5359 3718 5431 ἀκμαζόν-

2134 5475 2264 5524 των,
2293 5456 2499 5528 εὐώδης
2530 5475 2611 5521 τις
2646 5455 2821 5509 ἀνθῶν
2854 5471 2913 5508 τε
2942 5456 3038 5508 καὶ
3059 5456 3368 5528 ἀρωμάτων
3397 5455 3534 5524 πνοὴ
3566 5453 3716 5525 παρὰ

2136 5549 2196 5603 τὸ
2231 5549 2445 5621 πρῶτον
2488 5549 2842 5619 ὑποκείμενον
2874 5551 2954 5612 εἰς
2993 5549 3139 5603 ἅπαν
3176 5547 3238 5601 τὸ
3266 5548 3423 5610 ἐκτὸς
3461 5546 3718 5618 περιέχον

2139 5644 2446 5712 προχεῖται,
2477 5644 2570 5695 ml
2621 5642 2817 5713 πληροῖ
2850 5657 2914 5709 γε
2946 5641 3040 5695 ml
3085 5640 3177 5694 τὸν
3225 5641 3365 5712 ἀέρα
3407 5643 3486 5703 εἰς
3518 5638 3717 5703 πλάτος

2137 5736 2507 5807 ἀναχεομένη,
2557 5733 2672 5788 οῦτι
2708 5753 2794 5789 πω
2834 5734 2974 5790 κατὰ
3019 5734 3272 5807 στέρησιν
3304 5732 3337 5804 ἢ
3376 5732 3628 5806 μείωσιν,
3681 5731 3716 5802 ἦ

3745 5872 3793 5929 1.
