4120 6420
359 397 468 452 257

1245 394 1897 451 DEMONSTRATIONIS
1933 392 2395 450 EVANGELlC/E
2438 395 2568 450 LIB.
2613 396 2706 453 IV.

3499 399 3606 455 258

353 517 556 587 τομὴν,
590 516 621 586 ἦ
654 515 914 587 διαίρεσιν
941 515 1034 569 τοῦ
1075 514 1559 586 προῦποκειμένου.
1589 514 1790 567 Τούτου
1821 514 1924 586 γὰρ

2030 528 2150 584 quae
2174 513 2228 566 in
2261 514 2516 570 omnibus
2544 513 2691 568 Patri
2715 515 2910 572 similis
2931 523 3036 581 est,
3066 514 3211 587 quod
3243 531 3350 571 non
3369 515 3610 572 submis-

354 610 416 661 ἐν
470 608 646 678 οἰκείᾳ
685 606 835 678 χώρᾳ
875 607 1141 677 μένοντος,
1195 608 1287 660 καὶ
1338 607 1437 677 τὴν
1465 607 1763 676 ταυτότητα
1795 607 1930 678 πρὸς

353 699 518 752 me:
547 697 823 762 σώζοντος,
857 699 954 768 τήν
975 715 1031 750 τε
1054 697 1224 768 εὐώδη
1247 697 1473 768 δύναμιν
1506 698 1929 766 ἀπογεννῶντος,

353 791 513 843 οὐδὲν
536 789 628 841 τοῦ
663 789 924 860 προτέρου
953 791 1152 860 χεῖρον,
1175 789 1266 841 καὶ
1287 789 1348 842 τὸ
1369 788 1706 860 γεννώμενον
1735 788 1933 852 εὑῶδες

351 880 567 934 οἰκείαν
582 880 702 950 ἕχον
726 881 1042 941 ὑπόστασιν,
1065 880 1140 944 ὡς
1162 881 1244 933 ὅτι
1265 880 1494 952 μάλιστα
1518 881 1576 932 τὸ
1621 881 1931 956 ὁμοιότατον

352 975 425 1043 τῇ
447 971 544 1025 τοῦ
578 973 930 1042 γεννήσαντος
959 971 1138 1041 φύσει,
1172 971 1258 1026 διὰ
1293 972 1392 1042 τῆς
1428 971 1633 1035 οίκείας
1656 972 1931 1042 ἀπομεμε-

356 1083 550 1134 μηται.
572 1065 713 1134 Πλὴν
741 1064 852 1117 ἀλλ’
872 1064 949 1116 ἔτι
969 1063 1136 1117 ταῦτα
1155 1062 1330 1134 γεώδη
1357 1064 1449 1117 καὶ
1479 1063 1644 1134 θνητὰ
1667 1066 1760 1117 καὶ
1791 1064 1929 1135 μέρη

350 1156 457 1226 τῆς
478 1157 628 1208 κάτω
657 1154 972 1225 φθοροποιοῦ
1006 1155 1100 1208 καὶ
1127 1155 1359 1223 γεώδους
1383 1155 1612 1225 φύσεως.
1631 1157 1710 1209 Τά
1737 1172 1798 1224 γε
1824 1157 1929 1226 μὴν

352 1250 457 1318 τῆς
505 1248 868 1319 προκειμένης
927 1250 1060 1318 ἡμῖν
1111 1247 1386 1317 θεολογίας
1429 1249 1681 1302 ἐπέκεινα
1730 1250 1928 1314 παντὸς

352 1339 487 1390 ὅντα
523 1337 956 1408 παραδείγματος
997 1337 1150 1390 οὐδὲν
1187 1337 1286 1408 μὲν
1313 1332 1424 1391 οἷον
1455 1338 1522 1391 τὰ
1564 1341 1626 1392 ὲκ
1661 1339 1926 1409 σωμάτων

353 1433 646 1499 ἐπάγεται,
664 1429 893 1503 ὀξυτάτῃ
913 1431 968 1483 δὲ
995 1431 1202 1501 διανοίᾳ
1237 1431 1564 1500 φαντάζεται
1585 1433 1710 1486 Υίὸν
1732 1450 1925 1503 γεννη-

350 1522 446 1574 τὸν
466 1563 482 1584 ,
513 1523 569 1574 οὗ
605 1522 814 1594 χρόνοις
851 1523 949 1592 μέν
979 1540 1118 1576 τισιν
1147 1523 1246 1576 οὑκ
1277 1524 1403 1576 ὄντα
1421 1563 1436 1585 ,
1465 1522 1688 1597 ὕστερον
1711 1526 1767 1578 δέ
1796 1543 1926 1579 ποτε

351 1614 640 1681 γεγονότα,
673 1613 804 1667 ἀλλὰ
840 1613 944 1684 πρὸ
979 1613 1183 1694 χρόνων
1213 1614 1444 1669 αίωνίων
1472 1615 1619 1681 ὄντα,
1653 1617 1748 1670 καὶ
1789 1635 1924 1689 προ-

351 1708 507 1768 όντα,
531 1705 624 1758 καὶ
649 1705 726 1776 τῷ
755 1705 928 1778 Πατρὶ
955 1706 1030 1769 ὼς
1057 1706 1184 1759 Υἱὸν
1205 1706 1292 1760 διὰ
1321 1707 1520 1771 παντὸς
1550 1709 1792 1773 συνόντα,
1831 1713 1925 1764 καὶ

352 1797 455 1852 οὐκ
488 1797 775 1868 ἀγέννητον
802 1798 949 1860 ὄντα,
977 1797 1310 1868 γεννώμενον
1337 1799 1381 1852 δ’
1412 1800 1470 1864 ἐξ
1492 1800 1787 1872 ἀγεννήτου
1813 1803 1924 1856 Πα-

2036 604 2153 658 sius
2189 603 2259 656 sit
2289 618 2353 658 ac
2378 603 2655 660 deterius?
2679 605 2822 675 quod
2853 609 3165 680 neutiquam
3207 608 3367 662 nobis
3398 607 3453 660 in
3475 594 3608 663 'Filii

2034 693 2306 764 theologia
2334 693 2818 764 introducendum;
2850 713 3018 768 vapor
3071 700 3216 754 enim
3259 707 3344 755 est
3387 700 3607 754 virtutis

2034 782 2151 847 Dei,
2178 770 2252 838 'ac
2294 782 2586 838 deﬂuentia
2627 800 2775 840 mera
2801 787 2988 858 gloriae
3018 787 3438 856 Omnipotentis.
3469 789 3606 844 Nam

2031 891 2096 928 ex
2147 874 2284 929 bene
2331 875 2496 929 olenti
2541 891 2792 946 corpore,
2827 879 2976 933 verbi
3000 880 3196 950 gratia,
3229 897 3292 934 ex
3329 890 3608 951 unguento

2032 967 2233 1036 aliquo,
2267 974 2361 1020 aut
2415 968 2576 1022 etiam
2626 984 2695 1023 ex
2739 969 2964 1026 ﬂoribus
3013 979 3176 1041 atque
3203 973 3600 1039 odoramentis,

2031 1072 2151 1126 quae
2179 1057 2246 1112 de
2274 1064 2418 1110 terra
2449 1069 2771 1124 nascuntur,
2803 1062 2940 1116 bene
2974 1062 3128 1117 olens
3157 1063 3379 1132 quidam
3419 1063 3602 1128 ﬂatus,

2029 1156 2226 1218 printer
2273 1148 2403 1202 illud
2453 1152 2686 1220 primum
2746 1153 3054 1222 subjectum
3107 1171 3326 1225 corpus.
3359 1157 3411 1210 in
3443 1171 3604 1212 omne

2030 1241 2172 1310 quod
2192 1239 2534 1298 extrinsecus
2564 1245 2754 1309 ambit,
2786 1245 3164 1314 profunditur;
3193 1263 3258 1301 ac
3286 1249 3413 1302 dum
3441 1250 3602 1304 latius

2028 1335 2356 1402 refunditur,
2391 1339 2566 1407 ipsum
2603 1355 2819 1412 quoque
2841 1357 3020 1397 aerem
3051 1345 3306 1414 complet,
3332 1360 3436 1399 non
3473 1359 3603 1400 sane

2027 1421 2331 1498 privatione
2383 1430 2585 1500 aliqua,
2637 1440 2730 1486 aut
2766 1433 3145 1498 diminutione,
3195 1443 3291 1490 aut
3341 1437 3602 1500 seetione,

2028 1523 2122 1571 aut
2162 1516 2431 1571 divisione
2474 1519 2619 1588 ejus,
2677 1521 2821 1590 quod
2876 1520 3111 1590 primum
3167 1521 3474 1589 subjectum
3521 1528 3606 1576 est

2026 1609 2294 1679 corporis.
2336 1608 2441 1664 Sed
2493 1611 2585 1665 illo
2632 1619 2886 1668 manente
2955 1612 3010 1666 in
3075 1614 3296 1684 propria
3351 1615 3500 1680 sede,
3550 1623 3606 1668 et

2025 1700 2270 1755 eamdem
2320 1715 2486 1769 penes
2537 1718 2598 1758 se
2639 1711 3002 1759 conservante
3046 1712 3322 1767 naturam,
3357 1705 3606 1775 fragran-

2026 1790 2268 1860 tiamque
2324 1793 2468 1847 illam
2527 1804 2848 1862 procreanle
2890 1812 2903 1848 :
2945 1794 3116 1849 nihilo
3174 1794 3415 1849 deterius
3456 1795 3604 1864 prio-

355 1891 518 1961 τρδς,
558 1891 818 1960 μονογενῇ
849 1890 1008 1953 ὄντα,
1044 1891 1215 1960 Λόγον
1259 1893 1352 1945 καὶ
1391 1891 1523 1945 Θεὸν
1556 1894 1620 1946 ὲκ
1650 1893 1784 1946 Θεοῦ
1805 1911 1817 1924 °
1857 1896 1918 1948 οὐ

2025 1906 2100 1956 re,
2143 1892 2320 1962 ipsum
2377 1907 2596 1964 quoque
2659 1892 2803 1961 quod
2872 1901 3190 1962 procreatur
3255 1893 3394 1948 bene
3451 1893 3606 1948 olens

354 1981 499 2034 κατὰ
523 1982 801 2035 διάστασιν
827 1981 861 2052 ἦ
888 1982 1059 2052 τομὴν
1089 1982 1122 2053 ἢ
1152 1981 1412 2054 διαίρεσιν
1449 1984 1512 2036 ἐκ
1547 1983 1647 2053 τῆς
1679 1984 1771 2037 τοῦ
1807 1986 1920 2038 Παο

353 2074 484 2145 τρδς
515 2074 703 2136 οὐσίας
727 2073 1190 2144 προΰεϐλημένον,
1231 2075 1485 2146 ἀρρήτως
1515 2074 1571 2128 δὲ
1605 2075 1698 2128 καὶ
1733 2077 1919 2130 ἀνεπι-

353 2164 618 2232 λογίστως
639 2166 770 2236 ἡμῖν
791 2163 850 2229 ἐξ
875 2163 1088 2228 αἰῶνος,
1116 2164 1311 2234 μᾶλλον
1334 2164 1389 2218 δὲ
1413 2165 1517 2237 πρὸ
1550 2166 1765 2220 πάντων
1792 2165 1922 2220 αίώ-

353 2271 497 2316 νων,
545 2256 610 2308 ὲκ
657 2255 754 2324 τῆς
797 2255 889 2308 τοῦ
939 2255 1152 2324 Πατρὸς
1187 2255 1562 2324 ἀνεκφράστου
1601 2256 1694 2308 καὶ
1727 2257 1923 2328 ἀπερι-

354 2347 564 2415 νοήτου.
606 2345 800 2416 βουλῆς
850 2362 908 2398 τε
967 2347 1060 2399 καὶ
1120 2345 1398 2416 δυνάμεως
1447 2346 1796 2417 οὑσιούμενον
1844 2347 1922 2400 δι-

351 2437 640 2491 δάσκοντα.
695 2456 713 2489 ι
738 2437 846 2508 Τὴν
889 2436 1080 2505 γενεὰν
1121 2436 1228 2507 γὰρ
1270 2437 1468 2503 αὐτοῦ,
1499 2456 1518 2489 ι
1575 2439 1738 2508 φησὶ,
1792 2457 1810 2488 ‹
1837 2439 1922 2502 τίς

351 2531 704 2600 διηγήσεταις
737 2549 754 2582 ι
788 2530 903 2593 καὶ,
941 2549 958 2580 ι
993 2531 1202 2599 Ὥσπερ
1223 2529 1398 2593 οὐδεὶς
1427 2529 1569 2598 ἔγνω
1587 2530 1680 2583 τὸν
1703 2531 1922 2601 Πατέρα

354 2627 404 2678 εἰ
443 2624 517 2696 μὴ
559 2626 587 2678 ὁ
619 2625 775 2689 Υἱὸς,
802 2624 944 2678 οὕτω
975 2625 1068 2678 καὶ
1095 2625 1184 2678 τὸν
1228 2625 1354 2678 Υἱὸν
1395 2624 1567 2689 οὐδεὶς
1597 2624 1736 2694 ἔγνω
1768 2627 1816 2678 εί
1846 2625 1922 2696 μὴ

356 2717 518 2785 μόνος
546 2717 575 2768 ὁ
602 2717 864 2788 γεννήσας
888 2716 1049 2770 αὑτὸν
1077 2716 1285 2788 Πατήρ.
1322 2735 1340 2767 3

2023 1991 2078 2038 et
2131 1983 2378 2056 fragrans
2415 2000 2620 2055 genus,
2657 1999 2781 2039 cum
2821 1986 3094 2056 propriam
3159 1985 3358 2040 habeat
3418 1986 3604 2041 sedem

2025 2085 2188 2148 atque
2219 2085 2490 2140 naturam,
2515 2077 2617 2131 hac
2647 2077 2786 2146 ipsa,
2806 2093 2968 2147 quam
3001 2078 3238 2133 maxime
3263 2077 3376 2133 ﬁeri
3401 2085 3603 2148 potest,

2032 2171 2086 2224 id
2105 2171 2247 2240 quod
2277 2170 2612 2225 simillimum
2644 2169 2714 2224 sit
2741 2177 2947 2222 natura:
2963 2169 3320 2237 procreanlis,
3340 2169 3602 2224 imitatur.

2033 2264 2192 2336 149
2222 2262 2420 2318 Verum
2458 2264 2569 2318 haec
2602 2260 2818 2332 quidem
2850 2267 3065 2314 terrena
3114 2269 3171 2314 et
3226 2261 3475 2315 mortalia
3496 2301 3512 2325 ,
3545 2269 3602 2316 et

2025 2354 2303 2409 inferioris
2333 2361 2539 2407 natura
2567 2368 2689 2422 qua:
2721 2349 3108 2421 corrumpendi
3148 2349 3257 2404 vim
3303 2349 3500 2416 habet,
3542 2365 3606 2404 ac

2026 2453 2241 2500 terrena
2271 2454 2374 2505 est.
2405 2445 2683 2514 particula:
2705 2443 2973 2513 quaedam.
3012 2440 3144 2507 Quae
3165 2449 3345 2496 autem
3378 2441 3443 2496 ad
3479 2457 3606 2511 pro-

2025 2536 2258 2608 positam
2281 2551 2312 2589 a
2343 2537 2503 2590 nobis
2536 2535 2855 2604 theologiam
2889 2534 3182 2602 pertinent,
3219 2545 3344 2585 cum
3387 2546 3604 2585 omnem

2027 2627 2260 2697 exempli
2322 2628 2785 2697 comparationem
2837 2633 3199 2693 exsuperent,
3269 2622 3404 2678 nihil
3461 2623 3603 2687 tale,

2029 2718 2189 2788 quale
2215 2733 2280 2773 ex
2317 2717 2638 2787 corporibus
2674 2723 2878 2780 manat,
2911 2731 3021 2786 prae
3052 2731 3111 2770 se
3139 2715 3352 2781 ferunt;
3385 2713 3482 2769 sed
3509 2729 3602 2768 eoo

353 2809 603 2880 gitationi
659 2809 1028 2866 solertissimae
1073 2810 1413 2876 intuendum,
1480 2809 1637 2880 quasi
1675 2810 1728 2864 in
1769 2811 1990 2880 speculo
2021 2815 2284 2881 przebent,
2325 2811 2630 2882 docentque
2661 2825 2783 2866 esse
2830 2809 3068 2873 Filium,
3110 2809 3200 2879 qui
3249 2809 3466 2879 genitus
3499 2809 3603 2872 sit,

354 2919 467 2958 non
504 2904 652 2956 illum
701 2902 920 2973 quidem
941 2941 956 2966 ,
990 2903 1083 2973 qui
1126 2904 1291 2958 certis
1348 2901 1684 2972 temporibus
1745 2917 1852 2956 non
1883 2902 2066 2969 fuerit,
2096 2903 2369 2972 posterius
2400 2911 2579 2957 autem
2630 2901 2702 2958 sit
2732 2911 2912 2968 natus,
2933 2901 3026 2956 sed
3074 2902 3167 2972 qui
3214 2901 3286 2956 sit
3315 2908 3441 2956 ante
3470 2908 3606 2956 tem-

353 3011 489 3066 pora
516 3003 735 3058 aeterna,
792 3002 955 3065 atque
996 3001 1244 3060 antecat,
1273 3001 1327 3048 et
1363 3003 1619 3063 tanquam
1658 2991 1827 3049 Filius
1853 3007 1960 3048 una
1998 3009 2122 3048 cum
2170 2993 2330 3050 Patre
2371 3008 2586 3063 semper
2633 2993 2828 3064 degat;
2877 3007 3054 3066 neque
3082 3009 3210 3048 vero
3269 2993 3359 3062 qui
3387 3008 3497 3048 non
3535 2991 3604 3046 sit

354 3088 594 3160 genitus,
625 3087 716 3143 sed
740 3103 806 3143 ex
844 3085 1004 3142 Patre
1041 3103 1149 3142 non
1199 3087 1398 3157 genito,
1434 3087 1650 3158 genitus
1676 3107 1689 3142 :
1715 3087 1807 3158 qui
1859 3088 2053 3144 unicus
2103 3088 2197 3151 sit,
2240 3088 2332 3158 qui
2367 3085 2627 3150 Verbum,
2681 3088 2773 3157 qui
2818 3085 2962 3142 Deus
3004 3086 3070 3141 de
3114 3085 3244 3153 Deo,
3271 3101 3378 3140 non
3405 3086 3606 3141 direm-

357 3183 543 3254 ptione
600 3181 816 3252 aliqua,
859 3189 953 3236 aut
998 3182 1260 3246 sectione,
1309 3189 1403 3236 aut
1452 3181 1720 3237 divisione
1761 3183 1829 3238 de
1883 3184 2190 3239 substantia
2220 3182 2398 3239 Patris
2448 3181 2768 3254 productus,
2802 3183 2896 3238 sed
2947 3182 3038 3252 qui
3069 3182 3136 3238 de
3172 3181 3350 3237 Patris
3376 3183 3606 3238 consilio

357 3289 422 3327 ac
451 3273 671 3336 virtute,
695 3287 906 3327 omnem
937 3274 1318 3339 elocutionem,
1367 3289 1692 3345 omnemque
1740 3277 2124 3348 cogitationem
2158 3287 2451 3348 superante
2497 3276 2566 3330 ab
2592 3291 2728 3338 aevo,
2784 3289 2848 3330 ac
2874 3276 3054 3346 potius
3083 3283 3209 3330 ante
3237 3291 3398 3330 omne
3429 3291 3603 3329 aevum

357 3365 650 3421 essentiam
695 3366 766 3420 sit
803 3374 1026 3430 nactus,
1062 3365 1221 3421 modo
1270 3366 1544 3438 quodam,
1600 3371 1692 3439 qui
1739 3386 1915 3441 neque
1953 3372 2135 3427 verbis
2191 3369 2599 3441 comprehendi,
2660 3385 2837 3440 neque
2879 3371 3093 3425 ratione
3149 3369 3329 3440 colligi
3377 3384 3407 3423 a
3446 3370 3606 3424 nobis

357 3460 551 3529 possit.
617 3458 673 3512 Si
704 3459 919 3529 quidem
952 3479 972 3511 ι
1010 3461 1412 3531 generationem
1459 3462 1600 3530 ejus,
1637 3465 1832 3536 inquit,
1871 3469 1995 3538 quis
2031 3467 2414 3522 enarrabit“?
2452 3487 2470 3519 ι
2507 3474 2562 3521 et
2597 3465 3050 3536 quemadmodum
3073 3483 3092 3517 ι
3123 3479 3284 3521 nemo
3316 3465 3466 3520 novit
3497 3462 3596 3518 Pa-

355 3559 494 3606 trem
527 3551 634 3607 nisi
666 3549 855 3619 Filius,
886 3553 966 3608 sic
998 3552 1192 3608 Filium
1221 3570 1435 3626 quoque
1457 3574 1616 3614 nemo
1637 3560 1787 3614 novit
1813 3560 1919 3615 nisi
1955 3576 2120 3626 unus,
2157 3559 2250 3631 qui
2273 3559 2462 3631 genuit
2495 3559 2669 3626 illum,
2701 3557 2861 3612 Pater
2885 3558 2950 3611 θ’.
2995 3575 3014 3608 ›

1107 3695 1180 3749 Δ’.

368 3807 467 3874 Ὧς
487 3809 782 3890 ιξναχκαέα
807 3807 881 3889 τῇ
892 3807 1010 3890 τῶν
1020 3810 1177 3890 ῥλων
1191 3813 1489 3890 quotque:
1500 3816 1549 3890 Δἢ
1567 3815 1924 3890 τοῦμονογε·

422 3881 569 3945 νοῦς
604 3881 738 3934 Υιοῦ
767 3881 872 3933 τοῦ
906 3881 1053 3934 Θεοῦ
1086 3884 1453 3951 προῦπαρξις
1479 3881 1846 3942 ἀποδίδοται.

430 4016 573 4086 Πλὴν
599 4015 712 4069 ἀλλ’
738 4015 832 4068 ἕνα
863 4015 1140 4088 Μονογενῆ
1179 4018 1272 4072 καὶ
1297 4020 1577 4091 ἀγαπητὸν
1603 4021 1726 4076 Υἱὸν
1751 4023 1922 4078 ἐδόκει

355 4109 436 4180 τῷ
467 4108 764 4178 παναγάθῳ
793 4109 969 4180 Πατρὶ
1005 4109 1107 4180 τῆς
1133 4111 1240 4163 τῶν
1274 4113 1515 4182 γενητῶν
1549 4114 1802 4168 ἁπάντων
1831 4117 1924 4188 δη-

360 4201 648 4272 μιουργίας
677 4200 1112 4270 προϋφίστασθαι
1136 4202 1246 4254 δεῖν
1265 4219 1279 4232 ·
1310 4203 1430 4255 ἐπεὶ
1463 4203 1556 4256 καὶ
1580 4205 1781 4275 κόσμον
1805 4207 1918 4274 ἕνα,

356 4292 543 4364 ῶσπερ
578 4291 635 4346 ἓν
668 4292 760 4344 καὶ
793 4290 933 4361 μέγα
960 4291 1119 4361 σῶμα
1147 4293 1211 4345 ὲκ
1245 4292 1504 4346 πλειόνων
1531 4295 1625 4347 καὶ
1653 4294 1922 4368 διαφόρων

359 4385 534 4456 μελῶν
582 4402 640 4436 τε
683 4384 777 4437 καὶ
823 4382 1038 4454 μερῶν,
1072 4383 1301 4454 Ιἤμελλεν
1333 4385 1454 4437 ὅσον
1499 4386 1616 4439 οὐδέ
1661 4405 1748 4441 πω
1789 4407 1922 4460 προ-

356 4473 664 4536 ϐάλλεσθαι,
688 4474 788 4526 οὑκ
819 4474 1127 4525 ἐπιστατεῖν
1160 4475 1258 4543 μὲν
1286 4474 1453 4545 αὐτὴν
1481 4475 1704 4542 ἄνωθεν,
1733 4477 1921 4549 ὥσπερ

359 4565 601 4636 μείζονος
634 4565 876 4634 κεφαλῆς
900 4565 999 4635 τῆς
1030 4565 1124 4619 τοῦ
1153 4567 1365 4636 Πατρὸς
1397 4566 1647 4639 θεότητος
1678 4569 1920 4640 ἐξημμέ-

353 4676 451 4728 νην
481 4657 709 4728 (κεφαλὴ
759 4660 868 4730 γὰρ
913 4657 1004 4710 τοῦ
1032 4659 1266 4729 Χριστοῦ
1295 4662 1323 4713 ό
1350 4660 1580 4731 Πατήρ),
1615 4662 1922 4732 ἡγουμένην

353 4751 408 4804 δὲ
456 4752 550 4804 καὶ
591 4749 1050 4821 προϋπάρχουσαν
1093 4751 1200 4802 τῶν
1233 4750 1371 4820 μετὰ
1396 4750 1598 4820 ταύτην
1628 4751 1881 4805 ἁπάντων
1903 4792 1918 4816 ,

353 4843 412 4894 οὐ
447 4842 554 4912 μὴν
595 4841 731 4894 ἀλλὰ
764 4843 857 4893 καὶ
887 4841 1213 4912 διαρκοῦσαν
1252 4842 1328 4904 εἵς
1361 4859 1420 4895 τε
1450 4841 1547 4911 τὴν
1581 4843 1672 4896 τοῦ
1708 4844 1920 4915 Πατρὸς

352 4937 694 4990 ἐπικέλευσιν
717 4937 810 4990 καὶ
835 4937 913 5000 εἰς
939 4937 1035 5006 τὴν
1058 4935 1165 4988 τῶν
1194 4936 1330 5006 μετὰ
1350 4937 1520 4990 ταῦτα
1539 4939 1914 5010 δημιουργίαν.

351 5029 441 5081 Διὸ
469 5028 534 5099 δὴ
569 5030 662 5082 καὶ
709 5028 916 5099 ἔφαμεν
966 5028 1126 5082 αὐτὸν
1180 5028 1392 5099 πρῶτον
1427 5031 1641 5083 πάντων
1675 5031 1779 5084 ὑπὸ
1824 5032 1914 5084 τοῦ
1957 5064 1996 5118 ο

352 5119 563 5190 Πατρὸς
594 5113 706 5172 οἷόν
753 5137 804 5172 τι
841 5118 1109 5188 μονοειδὲς
1149 5119 1330 5188 πάσης
1371 5117 1556 5181 οὑσὶας
1583 5118 1675 5171 καὶ
1705 5119 1917 5187 φύσεως

349 5210 750 5284 προϐεϐλῆσθαι
773 5211 1000 5282 ὄργανον
1027 5209 1265 5280 ἔμψυχον
1291 5211 1384 5262 καὶ
1409 5210 1534 5273 ζῶν,
1557 5208 1751 5280 μᾶλλον
1775 5209 1820 5262 δ’
1841 5208 1920 5262 ἐν·

349 5306 466 5360 θεον
497 5305 590 5359 καὶ
617 5305 874 5369 ζωοποιδν
901 5305 994 5358 καὶ
1024 5305 1314 5373 πάνσοφον,
1340 5301 1558 5370 ἀγαθῶν
1579 5301 1914 5372 γεννητικὸν,

348 5398 522 5466 φωτὸς
553 5396 807 5468 χορηγὸν,
839 5394 1066 5467 οὐρανοῦ
1089 5394 1498 5466 δημιουργικὸν,
1523 5394 1727 5464 κόσμου
1753 5410 1918 5446 κατα-

349 5489 723 5551 σκευαστικδν,
754 5489 1000 5556 ἀγγέλων
1030 5487 1332 5558 ποιητικὸν,
1364 5489 1689 5557 πνευμάτων
1719 5487 1917 5558 ἀρχον-

345 5583 514 5646 τικὸν,
537 5583 767 5654 ὄργανον
791 5581 976 5652 ψυχῶν
1003 5584 1284 5652 σωτήριον,
1317 5580 1581 5650 σωμάτων
1603 5578 1912 5648 αὐξητικὸν,

348 5675 563 5726 πάντων
604 5673 985 5743 προνοητικὸν,
1030 5670 1455 5742 κυϐερνητικὸν,
1488 5670 1917 5742 θεραπευτικὸνη

423 5834 460 5862 ⁹¹
495 5831 607 5888 Ιετι.
671 5847 787 5894 Llll,
834 5831 884 5884 8.
963 5831 1008 5861 θ’
1047 5827 1234 5881 Matth.
1271 5843 1346 5886 xi,
1376 5826 1466 5881 27.

2732 3697 2822 3754 IV.

2026 3817 2179 3884 Quod
2230 3815 2299 3869 ad
2348 3815 2773 3869 constitutionem
2808 3809 3404 3884 uuivi‘rsi,‘uecessaria
3460 3809 3603 3862 unici

2326 3885 2421 3940 Dei
2451 3883 2581 3939 Filii
2616 3883 2936 3947 antecessio,
2972 3880 3285 3950 assignetur.

2101 4017 2481 4075 Verumtamen
2517 4017 2757 4086 optimus
2785 4015 2947 4069 Pater
2981 4030 3148 4068 unum
3176 4012 3443 4083 judicavit
3467 4011 3600 4066 Uni-

2023 4114 2261 4184 genitum
2307 4127 2371 4166 ac
2412 4113 2668 4167 dilectum
2704 4110 2930 4174 Filium,
2977 4108 3218 4163 omnium
3264 4121 3446 4161 rerum
3480 4120 3602 4175 quae

2023 4204 2271 4258 creandaa
2294 4213 2496 4265 essent,
2514 4201 2730 4272 Opiﬁcio
2753 4200 2952 4271 praeﬁci
2979 4207 3252 4268 Oportere,
3283 4197 3484 4267 quippe
3505 4197 3599 4265 qui

2024 4310 2192 4349 unum
2225 4309 2442 4365 quoque
2465 4295 2748 4355 mundum,
2784 4293 2941 4362 quasi
2972 4307 3140 4346 unum
3181 4291 3454 4360 quoddam
3512 4300 3599 4344 at-

2023 4405 2130 4459 que
2158 4396 2352 4458 ingens
2381 4403 2601 4457 corpus,
2631 4401 2696 4440 ex
2726 4386 2974 4455 pluribus
3028 4385 3375 4454 diversisque
3426 4399 3601 4438 mem-

2021 4485 2137 4540 bris
2169 4499 2232 4536 ac
2262 4483 2528 4553 partibus,
2549 4481 2773 4551 jamjam
2805 4487 2950 4535 esset
2989 4478 3375 4549 producturus,
3407 4485 3600 4545 caput—

2022 4592 2129 4647 que
2157 4577 2260 4630 hoc
2285 4591 2392 4629 non
2431 4589 2666 4645 praeesse
2716 4574 2894 4643 ipsum
2937 4572 3178 4643 quidem,
3204 4571 3272 4626 de
3326 4569 3595 4638 superiori

2021 4673 2226 4741 aliquo,
2257 4680 2511 4739 tanquam
2547 4668 2613 4722 de
2637 4669 2806 4724 altero
2835 4667 3029 4736 majori
3071 4667 3274 4737 capite,
3311 4665 3596 4718 divinitate

2021 4765 2138 4834 ipsa
2161 4763 2337 4817 Patris
2377 4778 2702 4832 suspensum
2745 4760 2930 4830 (caput
2957 4760 3099 4814 enim
3140 4758 3343 4813 Christi
3387 4756 3593 4823 Pater),

2022 4855 2116 4909 sed
2141 4854 2283 4924 quod
2311 4853 2561 4916 anteiret,
2583 4863 2816 4921 authue
2849 4853 3028 4905 omnia
3055 4857 3179 4920 post
3214 4850 3390 4919 ipsum
3414 4848 3596 4918 genita

2020 4950 2167 4999 esset
2193 4961 2205 4996 :
2239 4949 2475 4996 attamen
2503 4942 2643 4996 idem
2673 4948 2872 5010 prmsto
2900 4949 3045 4995 esset
3077 4947 3192 4993 tum
3216 4941 3284 4991 ad
3309 4938 3594 5008 imperium

2020 5033 2221 5096 Patris,
2255 5043 2370 5087 tum
2410 5033 2477 5087 ad
2535 5033 2813 5103 opificium
2848 5046 3038 5087 earum
3075 5045 3254 5084 rerum
3285 5045 3405 5100 qua:
3445 5037 3598 5099 post-

2021 5126 2125 5180 hac
2146 5123 2410 5178 faciendae
2434 5131 2609 5179 erant.
2639 5123 2817 5189 Quare
2859 5123 2970 5190 jam
3003 5120 3259 5185 diximus,
3293 5122 3443 5174 illum
3476 5136 3596 5174 om-

2022 5218 2174 5272 nium
2211 5216 2448 5286 primum
2495 5231 2522 5269 a
2571 5214 2759 5276 Patre,
2807 5212 2964 5282 quasi
2993 5213 3266 5282 quoddam
3319 5213 3596 5283 singulare

2024 5309 2446 5363 instrumentum
2473 5307 2651 5361 omnis
2677 5303 2931 5360 essentia:
2959 5313 3013 5357 et
3036 5313 3244 5357 naturm
3268 5303 3594 5373 productum

2023 5415 2145 5455 esse
2175 5419 2186 5453 :
2221 5399 2666 5460 instrumentum,
2702 5397 2945 5465 inquam,
2967 5395 3266 5448 animatum
3301 5406 3354 5450 et
3381 5395 3594 5459 vivens,

2023 5506 2085 5546 ac
2108 5492 2288 5562 potius
2307 5491 2573 5551 divinum,
2607 5488 2936 5555 vitaletnque
2959 5488 3064 5541 vim
3097 5487 3148 5541 in
3180 5502 3239 5543 se
3279 5487 3506 5550 habens,
3539 5491 3597 5538 et

2022 5578 2524 5648 sapientissimum;
2557 5577 2716 5648 150
2741 5576 2884 5646 quod
2919 5579 3060 5631 bona
3087 5577 3268 5631 omnia
3304 5577 3594 5647 gigneret,

2018 5671 2162 5740 quod
2196 5671 2377 5725 lumen
2411 5669 2690 5740 praeberet,
2719 5668 2861 5740 quod
2893 5670 3092 5725 ctelum
3122 5669 3424 5733 moliretur,
3442 5665 3594 5740 quod
