4120 6420
552 344 660 401 259
1213 345 1484 403 EL'SEBII
1521 344 1999 404 CESARIENSIS
2024 345 2174 403 OPP.
2214 346 2396 403 PARS
2428 348 2493 403 ll.
2533 379 2604 391 -—
2640 302 3135 406 APDLOGETICA.
3214 354 3225 369 '
3702 352 3807 407 9.80

550 465 816 523 mundum
840 472 1205 534 construeret,
1236 467 1380 537 quod
1424 468 1647 539 angelos
1687 466 1951 533 efficeret,
1984 482 2090 537 quo

2190 492 2202 535 ι
2237 466 2531 538 βασιλικὸν,
2556 470 2818 541 κριτικὸν,
2837 471 3050 543 Πατρὺς
3081 469 3360 535 εὐσεϐείας
3381 470 3802 539 ἀπαγγελτικόν.

549 559 838 629 spiritibus
884 557 1220 628 imperaret:
1254 558 1681 613 instrumentum
1729 556 1876 628 quod
1923 557 2135 611 animas

547 660 932 717 conservaret,
990 653 1137 723 quod
1168 669 1399 724 corpora
1447 660 1705 725 augeret,
1762 651 1906 723 quod
1975 651 2158 706 omnia
2196 652 2541 721 provideret,
2574 653 2926 724 gubernaret,
2991 662 3229 715 curaret,
3262 652 3407 722 quod
3436 651 3545 706 vim
3577 651 3805 711 haberet

546 745 830 816 regnandi,
859 746 1004 815 quod
1054 746 1335 816 iudicandi
1358 786 1372 809 ,
1405 747 1550 817 quod
1599 745 1779 802 Patris
1817 746 2023 801 cultum
2073 751 2127 799 et
2167 747 2525 801 reverentiam
2561 746 2939 803 denuntiandi.

1302 860 1368 916 V.

544 971 699 1045 Quod
724 973 1134 1029 innumerabiles
1163 974 1369 1044 quidem
1397 976 1627 1045 fatemur
1655 993 1768 1031 esse
1808 987 2014 1031 creatas
2037 976 2127 1030 di-‘

610 1044 760 1097 vinas
787 1054 1092 1113 potestates,
1118 1061 1280 1098 unam
1314 1044 1430 1100 vero
1456 1046 1720 1101 duntaxat
1755 1049 1920 1115 ipsius
1946 1046 2080 1101 Filii
2100 1088 2114 1111 ,

607 1123 821 1186 propter
843 1131 1001 1184 quam
1029 1115 1321 1175 inducitur,
1349 1118 1632 1186 imaginem
1658 1118 1754 1172 Dei
1787 1118 1969 1173 Patris
1983 1134 2118 1185 esse,

612 1183 892 1255 theologica
919 1186 1365 1240 demonstranms.

608 1294 790 1362 Quare
811 1296 865 1352 in
888 1296 1205 1353 universum
1238 1312 1403 1369 supra
1435 1313 1596 1354 omne
1627 1299 1925 1370 opificium,
1954 1315 2117 1356 unam
2143 1303 2152 1313 ‘

538 1404 678 1459 opus
707 1396 795 1444 est
825 1388 1065 1444 divinam
1105 1398 1431 1460 potestatem
1461 1390 1761 1459 admirari,
1794 1409 1902 1447 non
1933 1394 2117 1463 plures
2138 1420 2151 1427 ε

534 1483 888 1540 existimare:
927 1497 1036 1537 una
1081 1483 1226 1539 enim
1256 1484 1479 1539 omnino
1506 1484 1697 1538 mundi
1735 1484 1978 1541 effectrix
2009 1500 2114 1556 pu-

534 1581 728 1639 testas,
793 1583 847 1631 et
904 1589 1074 1630 unum
1127 1575 1503 1633 universitatis
1559 1576 1742 1647 opifex
1770 1576 2017 1633 Verbum
2061 1580 2115 1632 in

531 1665 803 1735 principio
853 1666 997 1735 apud
1031 1666 1226 1723 Deum.
1288 1665 1613 1738 Siquidem:
1663 1686 1682 1719 ‹
1732 1667 1791 1723 1η
1841 1668 2114 1740 principio

528 1766 647 1811 erat
673 1756 944 1823 Verbum,
991 1766 1045 1814 et
1076 1757 1316 1815 Verbum
1350 1768 1468 1816 erat
1494 1762 1636 1831 apud
1665 1760 1856 1831 Deum,
1880 1771 1935 1818 et
1970 1762 2112 1817 Deus

527 1857 648 1904 erat
681 1848 922 1906 Verbum
964 1852 1046 1920 ἰς
1085 1871 1102 1904 ι
1144 1853 1288 1923 quod
1333 1853 1554 1923 quidem
1609 1863 1824 1925 Oportet
1871 1871 1931 1910 re
1980 1871 2109 1910 vera

456 1962 473 1971 ι
527 1954 638 1994 non
674 1940 926 2012 ignorare
948 1984 963 2009 ,
997 1944 1179 1999 colere
1206 1951 1388 2000 autem
1419 1953 1475 1999 et
1497 1945 1703 2001 honore
1734 1947 1989 2017 prosequi
2008 1962 2109 2017 pro

526 2034 791 2105 dignitate
827 2053 843 2090 :
897 2036 1340 2107 quandoquidem
1393 2038 1579 2092 omnia
1639 2053 1736 2108 per
1781 2038 1914 2093 illud
1941 2079 1955 2103 ,
1994 2054 2107 2094 non

524 2125 688 2181 modo
738 2126 808 2181 ab
857 2127 1016 2182 initio
1044 2144 1226 2184 rerum
1262 2130 1506 2185 omnium
1556 2130 1856 2195 exstitere,
1916 2146 2103 2185 verum

522 2218 687 2273 etiam
709 2220 765 2274 in
790 2227 1110 2290 perpetuum
1143 2237 1362 2292 semper
1412 2232 1466 2277 et
1497 2222 1639 2278 facta
1670 2230 1822 2290 sunt,
1848 2230 1901 2278 et
1931 2221 2103 2279 ﬁunt:

528 2327 549 2361 ‹
583 2319 639 2365 et
675 2310 794 2367 sine
821 2312 913 2367 illo
955 2312 1159 2367 factum
1188 2320 1272 2369 est
1316 2314 1452 2369 nihil
1485 2314 1552 2368 “.
1594 2334 1614 2367 ι
1649 2313 1774 2371 Sive
1807 2316 1952 2371 enim
1995 2318 2105 2373 vita

522 2401 767 2469 quaedam
803 2409 889 2457 est
938 2404 995 2457 in
1036 2404 1104 2459 iis
1128 2419 1250 2474 quae
1279 2411 1449 2460 sunt:
1483 2406 1631 2476 quod
1682 2405 1884 2462 factum
1915 2416 2018 2473 est,
2049 2410 2102 2465 in

521 2491 615 2547 illo
645 2493 755 2548 vita
785 2501 922 2548 erat.
976 2493 1053 2548 Ex
1091 2495 1185 2549 illo
1214 2496 1360 2550 enim
1393 2512 1457 2552 ac
1488 2512 1587 2568 per
1620 2497 1753 2552 illud
1774 2539 1789 2565 ,
1846 2499 2104 2555 universa

517 2590 573 2638 et
608 2584 775 2640 vitam
795 2595 850 2639 et
877 2587 1113 2641 animam
1154 2589 1449 2659 accipiunt.
1502 2590 1629 2648 Sive
1661 2608 1943 2660 numerus,
1988 2593 2103 2651 sive

518 2672 891 2744 pulchritudo,
917 2676 1039 2732 sive
1055 2680 1456 2747 convenientia,
1479 2681 1594 2737 sive
1623 2683 1780 2750 ordo,
1813 2684 1928 2739 sive
1964 2691 2103 2741 tem-

517 2777 795 2835 peratura,
829 2769 945 2824 sive
966 2771 1204 2826 essentia
1225 2812 1239 2836 ,
1273 2773 1390 2828 sive
1419 2774 1687 2845 qualitas,
1728 2775 1843 2831 sive
1893 2777 2102 2847 magni-

515 2859 647 2914 tudo
677 2875 692 2914 :
723 2870 924 2915 cuncta
967 2879 1136 2917 unum
1173 2879 1357 2918 rerum
1420 2868 1662 2921 omnium
1710 2868 1979 2936 continet,
2034 2883 2099 2924 ac

514 2949 759 3021 disponit
794 2951 1056 3017 Verbum,
1088 2961 1143 3009 et
1164 2970 1272 3008 una
1299 2954 1394 3011 Dei
1420 2958 1611 3013 mundi
1641 2957 1882 3014 effectrix
1900 2960 2095 3029 virtus,

512 3041 768 3098 omnibus
793 3050 1009 3114 praeest.
1059 3042 1215 3098 Sicut
1242 3045 1389 3100 enim
1415 3047 1469 3100 in
1498 3054 1688 3104 nostro
1713 3064 1942 3120 corpore
1976 3051 2099 3120 plu-

511 3148 602 3190 res
631 3144 760 3190 sunt
788 3144 842 3191 et
867 3139 1033 3192 variae
1064 3138 1298 3209 partium
1333 3139 1685 3207 differentia),
1749 3157 1857 3197 una
1911 3150 2091 3198 autem
2119 3162 2161 3220 ο

511 3227 755 3282 universi
793 3227 973 3299 opifex
1007 3231 1088 3287 vis
1118 3230 1249 3301 (non
1295 3233 1439 3287 enim
1474 3233 1580 3287 alia
1627 3233 1846 3305 quidem
1897 3233 1991 3288 Dei
2038 3233 2091 3288 vi

508 3320 706 3389 capitis
735 3323 946 3378 exstitit
977 3332 1195 3390 natura,
1230 3326 1337 3381 alia
1367 3340 1498 3382 vero
1524 3326 1814 3382 oculorum
1835 3366 1849 3393 ,
1880 3334 1936 3382 et
1985 3327 2091 3382 alia

508 3413 748 3474 aurium,
773 3414 972 3484 pedum
999 3416 1126 3471 item
1157 3419 1308 3490 alia),
1331 3419 1405 3473 ita
1432 3434 1649 3489 quoque
1676 3434 1802 3474 cum
1835 3419 2090 3475 universo

507 3509 735 3573 mundo,
760 3523 867 3562 una
894 3510 1114 3566 omnino
1141 3510 1323 3566 divina
1341 3512 1516 3568 virtus
1541 3514 1746 3583 praesit,
1769 3512 1958 3568 eadem
1985 3513 2089 3568 erit

504 3605 560 3653 et
583 3599 728 3665 caeli,
756 3609 810 3656 et
838 3610 1138 3670 astrorum,
1160 3610 1214 3658 et
1254 3605 1571 3659 animalium
1597 3620 1960 3677 quaecunque,
1993 3616 2087 3660 aut

505 3695 562 3748 in
591 3710 737 3759 aere,
771 3703 866 3749 aut
888 3696 1136 3762 interra,
1157 3703 1251 3751 aut
1276 3697 1332 3751 in
1360 3698 1498 3752 mari
1526 3697 1751 3769 degunt,
1779 3707 1834 3754 et
1856 3698 2088 3755 elemen-

501 3788 681 3836 torum
702 3791 811 3836 tam
829 3784 1071 3837 omnium
1085 3784 1436 3856 simul,quam
1453 3787 1792 3858 singulorum
1810 3803 2080 3844 seorsum:

506 3872 658 3944 151
683 3881 941 3944 prmterea
977 3887 1293 3933 naturarum
1326 3878 1640 3934 omnimodo
1671 3881 1943 3935 variarum
1971 3888 2081 3935 tam

500 3980 623 4036 quae
666 3981 865 4037 genere
909 3967 1094 4038 aliquo
1136 3970 1507 4036 continentur,
1542 3986 1705 4041 quam
1747 3988 1868 4042 quae
1900 3975 2081 4044 specie

498 4058 931 4130 distinguuntur,
963 4060 1167 4130 Opifex.
1200 4060 1386 4131 Neque
1413 4077 1543 4117 vero
1582 4063 1689 4117 alia
1718 4073 1803 4121 est
1831 4066 1991 4136 ignis,
2026 4075 2080 4123 et

496 4154 603 4209 alia
653 4170 827 4226 aquae,
866 4162 1135 4225 terraeque
1166 4170 1363 4211 rursus
1402 4155 1530 4219 alia,
1574 4164 1737 4227 atque
1770 4159 1914 4214 aeris
1950 4158 2077 4214 item

496 4246 603 4301 alia
639 4246 878 4303 effectrix
928 4250 1126 4314 virtus,
1165 4247 1261 4304 sed
1310 4263 1417 4302 una
1466 4257 1628 4318 atque
1671 4249 1860 4305 eadem
1893 4266 2076 4306 rerum

493 4337 877 4394 universarum
926 4336 1124 4391 artifex
1161 4336 1449 4408 sapientia,
1510 4337 1764 4407 quodque
1810 4337 2073 4393 mundum

492 4426 692 4491 eﬂecit,
734 4428 839 4483 hoe
867 4429 1065 4498 ipsum,
1096 4428 1164 4483 de
1190 4443 1298 4497 quo
1329 4442 1429 4483 nos
1454 4435 1512 4482 ut
1544 4428 1612 4483 de
1643 4427 1751 4483 Deo
1776 4428 2070 4499 loquimur,

2986 866 3062 918 E'.

2226 974 2327 1068 Et“
2355 976 2447 1068 Ἐς
2482 978 2701 1068 μυρίας
2737 977 2855 1047 μὲν
2895 978 3311 1068 ῥμολογοῦμεν
3360 979 3511 1068 εἴκει
3545 978 3803 1068 Υεζητςις

2292 1047 2455 1118 θείας
2483 1047 2766 1117 δυνάμεις
2790 1090 2805 1113 ,
2832 1050 3029 1118 μόνην
3053 1048 3121 1101 δὲ
3152 1047 3264 1116 τὴν
3294 1050 3402 1104 τοῦ
3442 1047 3595 1112 Υἱοῦ,
3617 1050 3692 1103 δι’
3719 1050 3801 1117 ’ἣν

2294 1117 2573 1187 ἐπάγεται
2588 1122 2792 1172 εἰκόνα
2816 1119 2921 1174 τοῦ
2937 1119 3083 1174 Θεοῦ
3101 1120 3351 1188 Πατρός,
3372 1120 3795 1191 θεολογοῦμεν.

2294 1294 2385 1348 Διὸ
2420 1294 2513 1348 καὶ
2538 1296 2631 1350 ἐπὶ
2662 1295 2877 1350 πάντων
2902 1296 3127 1351 καθόλου
3167 1297 3276 1352 τῶν
3298 1299 3599 1371 δημιουργη
3608 1301 3795 1370 μάτων

2226 1386 2354 1458 μίαν
2394 1386 2569 1459 χρεὼν
2612 1388 2760 1441 θείαν
2802 1390 3031 1463 δύναμιν
3077 1391 3519 1461 ἀποθαυμάζειν,
3568 1391 3681 1446 ἀλλ’
3732 1393 3793 1446 οὐ

2223 1477 2421 1542 πολλὰς
2442 1479 2687 1549 ἡγεῖσθαι
2709 1498 2721 1510 ·
2759 1481 2859 1551 μία
2890 1483 2998 1553 γὰρ
3026 1485 3059 1554 ὴ
3089 1482 3316 1537 καθόλου
3343 1483 3670 1554 κοσμοποιὺς
3697 1483 3792 1537 δύ-

2220 1589 2401 1642 ναμις,
2426 1572 2519 1625 καὶ
2545 1567 2624 1636 εἷς
2650 1575 2678 1626 ὁ
2703 1572 2810 1627 τῶν
2832 1574 2967 1627 ὅλων
2994 1574 3321 1646 δημιουργὸς
3351 1575 3524 1643 Λόγος
3557 1577 3615 1628 ἐν
3646 1577 3789 1647 ἀρχῇ

2220 1661 2356 1732 πρὸς
2392 1662 2483 1714 τὸν
2526 1661 2678 1715 Θεόν.
2726 1681 2744 1713 ι
2778 1665 2899 1717 Ὅτι
2947 1665 3005 1718 ἐν
3043 1664 3184 1736 ἀρχῇ
3231 1659 3300 1734 ἦν
3332 1667 3361 1719 6
3403 1666 3609 1734 Λόγος,
3642 1668 3734 1719 καὶ
3763 1670 3793 1719 6

2219 1750 2391 1819 Λόγος
2426 1746 2493 1822 ἦν
2529 1752 2663 1824 πρὸς
2692 1753 2782 1807 τὸν
2810 1754 2943 1808 Θεὸν
2961 1794 2976 1819 ,
3004 1756 3096 1809 καὶ
3122 1756 3255 1821 Θεὸς
3290 1753 3358 1829 ἦν
3385 1759 3414 1811 ὁ
3439 1758 3608 1826 Λόγος
3628 1774 3640 1788 ·
3677 1777 3694 1808 ι
3729 1756 3789 1811 ὃν

2212 1842 2291 1896 δεῖ
2321 1843 2537 1915 ἀληθῶς
2561 1846 2634 1917 μὴ
2660 1847 2893 1915 ἀγνοεῖν,
2926 1848 3103 1902 σέϐειν
3132 1850 3189 1903 δὲ
3217 1850 3311 1904 καὶ
3337 1851 3502 1922 τιμᾷν
3528 1849 3785 1915 ἐπαξίως·

2208 1932 2290 1986 δτι
2319 1934 2382 2006 δὴ
2416 1935 2594 1989 πάντα
2626 1936 2692 1990 δι’
2726 1939 2890 1993 αὐτοῦ
2920 1940 2979 1993 ού
3010 1940 3169 2011 μόνον
3197 1944 3254 1995 ὲν
3283 1942 3481 2012 ἀρχαῖς
3506 1940 3613 1994 τῶν
3644 1940 3787 1994 ὅλων

2210 2024 2460 2097 συνέστη,
2491 2026 2627 2080 ἀλλὰ
2655 2029 2748 2081 καὶ
2775 2030 2949 2083 εἰσαεὶ
2980 2031 3169 2100 γέγονέ
3186 2048 3246 2085 τε
3265 2033 3358 2087 καὶ
3387 2033 3618 2101 γίνεται,
3647 2051 3665 2084 ι
3688 2032 3785 2087 καὶ

2206 2116 2374 2189 χωρὶς
2399 2118 2562 2171 αὑτοῦ
2591 2120 2804 2189 ἐγένετο
2828 2122 2949 2176 οὐδὲ
2976 2123 3048 2176 ἓν.
3079 2142 3096 2175 ι
3130 2123 3253 2177 Εἴτε
3268 2124 3376 2195 γὰρ
3396 2124 3506 2196 ζωή
3523 2142 3606 2189 τις
3636 2124 3783 2179 ἔστιν

2207 2210 2265 2262 ἐν
2289 2212 2400 2273 τοῖς
2426 2206 2577 2265 οὖσιν
2597 2252 2611 2276 ,
2645 2212 2674 2266 δ
2705 2214 2926 2283 γέγονεν
2960 2218 3016 2269 ὲν
3044 2217 3193 2288 αὐτῷ
3224 2216 3336 2289 ζωὴ
3371 2213 3439 2289 ἦν
3462 2235 3476 2250 ο
3521 2219 3580 2284 ἐξ
3612 2217 3778 2272 αὐτοῦ

2205 2301 2314 2374 γὰρ
2342 2303 2432 2357 καὶ
2460 2304 2526 2358 δι’
2556 2305 2721 2359 αὐτοῦ
2762 2309 2796 2377 ἡ
2829 2307 2938 2361 τῶν
2969 2308 3104 2362 ὅλων
3138 2308 3347 2373 ζώωσίς
3373 2327 3433 2363 τε
3468 2311 3559 2364 καὶ
3591 2310 3780 2380 ψύχω-

2206 2411 2289 2459 σις
2308 2410 2322 2426 ·
2352 2396 2460 2449 εἴτε
2491 2395 2716 2467 ῥυθμὸς,
2744 2397 2853 2451 εἴτε
2899 2398 3112 2465 κάλλος,
3140 2402 3249 2454 είτε
3277 2402 3531 2473 ἁρμονία,
3558 2403 3664 2456 εἴτε
3687 2403 3779 2457 τά·

2204 2484 2287 2553 ξις
2308 2527 2322 2551 ,
2353 2487 2462 2540 εἴτε
2496 2487 2834 2561 σύγκρασις,
2884 2492 2993 2545 εἴτε
3018 2492 3176 2547 ούσία
3199 2532 3213 2556 ,
3245 2492 3354 2546 εἴτε
3384 2493 3600 2563 ποιότης
3620 2535 3635 2560 ,
3668 2496 3777 2548 εἴτε

2206 2575 2451 2647 μέγεθος,
2480 2577 2656 2631 πάντα
2687 2577 2766 2643 εἷς
2794 2582 2822 2633 6
2849 2581 2958 2634 τῶν
2977 2582 3112 2636 ὅλων
3138 2584 3349 2654 συνέχει
3373 2584 3464 2636 καὶ
3493 2584 3778 2656 διακοσμεῖ

2200 2669 2393 2737 Λόγος,
2422 2671 2515 2724 καὶ
2550 2671 2648 2744 μία
2676 2672 2813 2728 Θεοῦ
2847 2674 3075 2746 δύναμις
3103 2675 3429 2747 κοσμοποιὺς
3470 2678 3685 2747 ἡγεῖται
3713 2678 3777 2731 ἀ-

2200 2766 2436 2822 πάντων.
2479 2768 2566 2832 Ὠς
2592 2769 2701 2842 γὰρ
2733 2772 2827 2825 ἐπὶ
2877 2770 2972 2826 τοῦ
3000 2772 3121 2826 καθ’
3148 2773 3296 2844 ἡμᾶς
3326 2770 3575 2844 σώματος
3603 2772 3771 2846 πολλὴ

2201 2858 2301 2929 μὲν
2328 2860 2585 2930 τυγχάνει
2614 2863 2709 2916 καὶ
2738 2863 2952 2936 ποικίλη
2986 2864 3093 2918 τῶν
3129 2864 3309 2938 μερῶν
3333 2868 3365 2937 ἡ
3395 2865 3648 2936 διαφορὰ,
3675 2865 3774 2937 μία

2196 2948 2253 3003 δὲ
2278 2951 2309 3020 ἡ
2337 2950 2430 3004 τοῦ
2462 2953 2660 3017 παντὸς
2699 2954 2927 3027 δύναμις
2971 2956 3300 3029 δημιουργὸς
3345 2956 3439 3029 (οὐ
3480 2958 3589 3029 γὰρ
3636 2957 3771 3031 ἄλλῃ

2200 3040 2300 3109 μὲν
2339 3041 2474 3096 Θεοῦ
2519 3043 2746 3116 δυνάμει
2791 3046 3030 3118 κεφαλῆς
3068 3048 3274 3120 ὑπέστη
3310 3048 3508 3118 φύσις,
3539 3048 3671 3119 ἄλλῃ
3712 3048 3770 3102 δὲ

2196 3132 2489 3205 ὀφθαλμῶν
2510 3178 2523 3201 ,
2551 3137 2712 3211 ἑτέρᾳ.
2745 3138 2800 3191 δὲ
2840 3138 3014 3207 ὢτων,
3059 3140 3223 3213 ἑτέρᾳ
3262 3141 3316 3194 δὲ
3355 3142 3599 3212 ποδῶν),
3626 3142 3767 3196 οὕτω

2194 3227 2287 3279 καὶ
2344 3228 2436 3280 τοῦ
2499 3228 2811 3300 σύμπαντος
2859 3231 3063 3301 κόσμου
3109 3231 3206 3303 μία
3253 3231 3478 3287 καθόλου
3522 3233 3639 3287 Οεία
3676 3234 3765 3288 δύ-

2192 3334 2353 3389 ναμις
2392 3320 2755 3376 ἐπιστατοῦσα
2776 3365 2792 3389 ,
2826 3325 2859 3395 ἡ
2890 3324 3026 3396 αὑτὴ
3056 3325 3121 3379 ἂν
3149 3326 3233 3395 εἴη
3277 3328 3371 3380 καὶ
3402 3327 3631 3398 οὐρανοῦ
3670 3328 3765 3381 καὶ

2191 3410 2435 3482 ἀστέρων
2454 3452 2468 3476 ,
2504 3413 2612 3466 τῶν
2639 3431 2698 3466 τε
2726 3415 2782 3467 ἐν
2806 3414 2952 3486 ἀέρι,
2979 3416 3074 3470 καὶ
3098 3418 3188 3487 γῇ,
3214 3417 3307 3469 καὶ
3329 3417 3566 3491 Θαλάττῃ
3588 3418 3763 3483 ζώων,

2192 3504 2466 3574 στοιχείων
2514 3523 2575 3559 τε
2625 3507 2732 3560 τῶν
2781 3507 3006 3561 καθόλου
3054 3508 3298 3570 καὶτῶν
3349 3508 3491 3563 κατά
3554 3509 3719 3580 μέρος
3743 3548 3763 3579 ,

2187 3595 2282 3649 καὶ
2313 3596 2393 3648 ἔτι
2423 3597 2638 3666 φύσεων
2686 3598 2949 3653 παντοίων
2986 3600 3216 3669 γενικῶν
3249 3618 3306 3654 τε
3356 3602 3449 3656 καὶ
3496 3601 3604 3654 τῶν
3638 3604 3759 3656 κατ’

2186 3680 2324 3750 εἶδος
2351 3687 2681 3758 δημιουργός
2706 3705 2719 3718 ·
2757 3689 2850 3742 καὶ
2880 3689 2979 3743 οὐκ
3004 3689 3133 3761 ἄλλη
3170 3690 3267 3761 μὲν
3298 3690 3488 3763 πυρὸς,
3519 3691 3678 3762 ἑτέρα
3702 3691 3760 3744 δὲ

2187 3777 2378 3842 ὓδατος
2401 3796 2414 3809 ’
2459 3779 2553 3832 καὶ
2592 3780 2694 3851 γῆς
2742 3780 2902 3834 πάλιν
2945 3780 3078 3852 άλλη
3104 3822 3117 3846 ,
3162 3783 3255 3835 καὶ
3291 3783 3453 3853 ἀέρος
3500 3782 3758 3853 ποιητικὴ

2184 3869 2446 3940 δύναμις·
2495 3870 2632 3923 ἀλλά
2683 3872 2781 3942 μία
2821 3872 2914 3925 καὶ
2961 3875 2993 3943 ἡ
3031 3872 3168 3943 αὐτὴ
3198 3873 3306 3927 τῶν
3351 3873 3486 3927 ὅλων
3527 3876 3758 3944 τεχνῖτις

2186 3963 2367 4031 σοφία,
2399 3965 2494 4017 καὶ
2526 3965 2852 4036 κοσμοποιὸς
2882 3965 3044 4029 αὐτὸς
3071 3958 3225 4029 οὗτος
3256 3967 3386 4036 ἡμῖν
3414 3968 3443 4019 6
3476 3964 3755 4034 θεολογού-

2184 4070 2342 4123 μενος
2372 4054 2481 4107 τῶν
2512 4055 2648 4108 δλων
2676 4057 2704 4109 6
2733 4055 3060 4128 δημιουργὸς
3084 4055 3177 4109 τοῦ
3210 4055 3344 4109 Θενοῦ
3384 4056 3455 4114 Λό
3467 4072 3571 4126 γος,
3602 4057 3758 4124 Μαρο

2178 4152 2332 4218 τυρεῖ
2358 4149 2413 4203 δὲ
2444 4148 2653 4212 τούτοις
2682 4151 2715 4220 ἡ
2750 4147 2889 4220 πρὸς
2912 4146 3115 4220 ἄλληλα
3145 4147 3252 4200 τῶν
3281 4146 3557 4217 στοιχείων
3580 4137 3771 4214 φιλία,’

2178 4245 2243 4313 τῇ
2296 4242 2404 4297 τῶν
2438 4242 2791 4314 συγκράσεων
2825 4240 3074 4311 ἐπιμιξίᾳ
3116 4240 3348 4311 συγγενῆ
3394 4239 3486 4292 καὶ
3519 4237 3752 4310 ἀδελφὴν

2178 4335 2271 4388 καὶ
2315 4335 2503 4407 ὥσπερ
2543 4335 2659 4398 ένὺς
2704 4333 3079 4406 ἀρχιτέκτονος
3119 4331 3278 4403 ἔργον
3315 4330 3412 4403 τὴν
3462 4330 3574 4384 τῶν
3617 4331 3751 4384 ὅλων

2177 4426 2336 4496 φύσιν
2357 4427 2752 4498 ἀπελέγχουσα.
2784 4425 2860 4495 Γῆ
2888 4442 2947 4478 τε
2980 4423 3087 4496 γὰρ
3120 4423 3180 4477 τὸ
3210 4424 3346 4495 βαρὺ
3381 4425 3639 4494 στοιχεῖον
3663 4422 3750 4492 ἐφ’

493 4518 739 4575 universi
779 4518 962 4590 opifex
1003 4519 1098 4574 Dei
1145 4518 1406 4575 Verbum.
1440 4518 1628 4574 Fidem
1669 4520 1753 4575 his
1797 4519 1926 4575 facit
1962 4521 2072 4577 elc-

2190 4519 2387 4573 365tth
2433 4518 2701 4590 ὀχουμένη
2730 4557 2745 4581 ,
2773 4517 2869 4571 καὶ
2913 4516 2987 4588 μὴ
3046 4516 3347 4589 στερεμνίῳ
3390 4514 3489 4586 τῆς
3534 4514 3748 4584 φύσεως

492 4618 799 4666 mentorum
844 4610 983 4665 inter
1017 4626 1077 4665 se
1104 4596 1367 4674 amicitia,
1399 4625 1520 4680 qua:
1548 4625 1613 4664 ex
1640 4624 1706 4664 eo
1729 4612 1872 4679 quod
1904 4610 2069 4665 certis

489 4703 932 4773 temperamentis
975 4701 1263 4757 commista
1298 4709 1445 4767 sunt,
1496 4708 1788 4772 cognatum
1833 4716 1897 4756 ac
1948 4718 2071 4773 ger-

489 4808 733 4858 manum,
765 4802 820 4849 et
849 4802 1108 4863 tanquam
1152 4793 1318 4849 unius
1358 4793 1646 4848 architecti
1690 4808 1851 4863 Opus,
1882 4809 2066 4849 rerum

487 4893 739 4941 naturam
769 4886 1030 4942 ostendit.
1054 4884 1189 4940 Nam
1219 4894 1273 4940 et
1302 4894 1472 4952 terra,
1506 4901 1626 4955 qua:
1657 4901 1821 4956 grave
1849 4894 1931 4943 est
1957 4887 2067 4943 ele-

486 4982 751 5038 mentum,
770 4992 894 5030 cum
911 4977 1070 5046 aquis
1103 4976 1331 5038 innatet,
1360 4991 1536 5045 neque
1564 4975 1837 5032 soliditate
1860 4988 2066 5032 naturae

486 5068 541 5122 iu
566 5068 892 5139 profondum
914 5070 1188 5133 trahatur,
1210 5069 1304 5124 sed
1328 5068 1533 5124 feratur
1554 5084 1770 5140 semper
1788 5070 2060 5134 sublimis,

483 5175 662 5232 neque
691 5162 1093 5232 submergatur,
1126 5160 1222 5217 Dei
1268 5159 1448 5216 Verbo
1491 5159 1697 5231 Deique
1731 5161 1963 5218 consilio
1992 5161 2060 5215 ti-

482 5250 607 5307 dem
635 5251 783 5308 faeit.
807 5250 1054 5309 numidae
1081 5254 1207 5309 item
1238 5260 1449 5309 natura:
1480 5267 1605 5307 eum
1636 5253 1789 5308 arida
1810 5268 2059 5309 commu-

481 5345 705 5412 nicatio,
735 5362 857 5417 quae
882 5347 1019 5402 nihil
1057 5348 1422 5417 corruptionis
1449 5361 1560 5417 pra:
1608 5362 1666 5401 se
1708 5345 1832 5411 fert,
1881 5362 2058 5416 neque

479 5439 771 5496 confertim
813 5441 1399 5511 universarestagnat,
1431 5438 1526 5495 sed
1561 5437 1657 5495 Dei
1696 5446 1834 5494 nutu
1869 5439 2057 5493 occul-

480 5530 692 5590 tissimo
722 5533 974 5604 colligata
1017 5539 1252 5599 tenetur,
1283 5547 1451 5586 unum
1479 5545 1675 5586 rursus
1712 5537 1876 5600 atque
1910 5528 2052 5604 idem

478 5621 575 5680 Dei
596 5623 832 5681 Verbum
860 5638 983 5681 esse
1006 5623 1368 5681 demonstrat.
1392 5622 1534 5691 Quid
1556 5636 1721 5695 porro
1750 5620 1930 5693 ignis?
1956 5619 2051 5690 qui

547 5788 595 5821 "
620 5784 776 5843 Joan.
808 5802 845 5854 ι,
878 5787 930 5841 1.
1006 5786 1053 5819 ’⁸
1079 5783 1212 5840 ibid.
1243 5785 1297 5840 '5.

2172 4612 2314 4666 κατά
2356 4611 2551 4683 βάθους
2589 4611 2875 4681 ἑλκομένη,
2922 4608 3192 4682 μετέωρος
3236 4608 3279 4662 δ’
3318 4608 3406 4661 ἀεὶ
3447 4607 3741 4679 φερομένη,

2172 4706 2265 4759 καὶ
2291 4703 2364 4775 μὴ
2397 4702 2790 4774 καταδυομένη,
2824 4701 2957 4755 Θεοῦ
2993 4701 3148 4772 Λόγῳ
3176 4700 3269 4754 ml.
3301 4698 3432 4753 Θεοῦ
3457 4699 3620 4771 βουλῇ
3650 4701 3743 4753 καὶ

2167 4797 2393 4867 δυνάμει
2453 4797 2736 4867 μαρτυρεῖ.
2791 4794 2992 4867 Ὑγρᾶς
3038 4811 3097 4846 τε
3146 4790 3212 4847 αὖ
3260 4791 3419 4846 πάλιν
3469 4791 3656 4856 οὐσίας
3704 4793 3738 4862 ἡ

2169 4889 2304 4959 πρὸς
2340 4887 2400 4940 τὸ
2449 4886 2610 4959 ξηρὸν
2654 4886 2903 4941 κοινωνία
2955 4884 3118 4956 μηδὲν
3170 4883 3393 4955 στερρὸν
3435 4882 3739 4936 ἐπιδεικνυ-

2169 4979 2326 5051 μένη,
2363 4979 2496 5050 μηδὲ
2539 4977 2749 5049 ἀθρόως
2778 4977 2839 5031 τὸ
2884 4978 2992 5029 πᾶν
3033 4974 3477 5046 ὲπιλιμνάζουσα,
3511 4974 3739 5044 νεύματι

2162 5072 2207 5124 δ’
2233 5072 2456 5143 ἀρρήτῳ
2488 5069 2622 5123 Θεοῦ
2646 5070 3015 5141 πεπεδημένη,
3036 5069 3129 5121 ἕνα
3155 5066 3311 5121 πάλιν
3327 5067 3422 5121 καὶ
3450 5065 3542 5119 τὸν
3576 5065 3737 5119 αὑτὸν

2162 5165 2331 5235 Λόγον
2340 5163 2434 5218 τοῦ
2446 5162 2579 5217 Θεοῦ
2594 5162 2829 5234 παρίστη
2837 5162 2978 5215 σι.Τί
2993 5160 3050 5214 δὲ
3062 5160 3122 5213 τὸ
3136 5158 3265 5231 πῦρ,
3280 5160 3454 5213 καίτοι
3470 5158 3737 5228 καυτικῆς

2162 5258 2254 5312 καὶ
2301 5256 2568 5328 φθατικῆς
2599 5255 2830 5325 φύσεως,
2864 5254 3051 5308 ἔπειτα
3085 5252 3258 5318 ξύλοις
3298 5251 3611 5324 ἐμφωλεῦον
3640 5251 3735 5306 καὶ

2161 5352 2433 5414 παντοίοις
2467 5348 2621 5414 ζώων
2661 5348 2904 5419 σώμασιν
2930 5346 3395 5419 ἀνακεκραμένον,
3424 5348 3495 5417 γῇ
3529 5363 3585 5398 τε
3639 5345 3733 5399 καὶ

2159 5443 2310 5504 ὕδατι
2336 5443 2430 5497 καὶ
2452 5442 2574 5514 ἀέρι
2608 5439 3168 5510 συνέστοιχειωμενον,
3204 5438 3438 5494 κᾶπειτα
3464 5439 3605 5509 λόγῳ
3636 5437 3731 5490 καὶ

2160 5537 2342 5609 μέτρῳ
2387 5538 2497 5599 τοῖς
2542 5538 2674 5589 πᾶσι
2720 5534 2780 5587 τὸ
2823 5533 2961 5596 δέον,
3001 5534 3123 5587 ὅσον
3161 5533 3227 5587 ἂν
3277 5532 3490 5604 ἑκάστῳ
3522 5532 3730 5600 γένοιτο

2155 5628 2290 5701 πρὸς
2338 5628 2623 5699 ὠφελείας,
2668 5624 3052 5697 ὲπιχορηγοῧν,
3099 5625 3199 5696 τῆς
3243 5625 3287 5679 δ’
3329 5623 3532 5687 οἰκείας
3573 5622 3729 5677 δυνά-
