4158 6418
406 355 506 412 261

1299 353 1958 413 DEMONSTRATIONIS
1990 356 2450 417 EVANGELICIE
2493 361 2623 419 LIB.
2665 362 2757 419 IV.

3581 374 3689 430 26?.

410 491 556 547 μεως
597 471 1040 544 ἐπιλελησμένον,
1079 473 1141 527 οὐ
1184 464 1267 528 σοὶ
1295 474 1444 529 δοκεῖ
1475 474 1634 529 πάλιν
1663 473 1799 529 Θεοῦ
1845 476 1969 544 Λόγι

2073 524 2075 534 ι
2108 475 2233 531 licet
2261 479 2635 538 comburentis
2677 482 3196 557 corrumpentisque
3237 496 3446 565 naturae
3470 488 3563 553 sit,
3599 499 3686 547 ta.

404 567 503 620 καὶ
527 565 753 637 δυνάμει
793 565 1095 632 δουλεύειν,
1136 567 1379 639 Ἡμέρας
1403 568 1459 621 δὲ
1490 570 1583 622 καὶ¹
1613 569 1805 635 νυκτὸς
1831 573 1993 641 ἀμοι-

405 656 562 719 Gaia;
588 656 788 728 ὁρῶντι
822 660 1089 727 κινήσεις,
1115 658 1274 731 ὡρῶν
1299 677 1359 712 τε
1389 660 1484 713 καὶ
1509 661 1716 733 καιρῶν
1740 662 1861 715 τοτὲ
1897 664 1995 732 μὲν

369 742 384 755 ⁵
404 746 681 817 αὐξήσεις,
716 747 838 800 τοτέ
867 746 925 800 δὲ
961 748 1235 819 μειώσεις,
1271 750 1504 815 κύκλους
1530 768 1590 804 τε
1619 753 1879 806 ἐνιαυτῶν
1902 755 1995 808 καὶ

404 838 683 908 περιόδους
730 839 958 911 χρόνων,
989 840 1206 913 ἄστρων
1244 859 1303 895 τε
1330 842 1716 915 περιδινήσεις,
1749 844 1899 917 ἡλίου
1934 863 1993 899 τε

400 933 656 1005 δρόμους,
703 933 799 987 καὶ
844 934 1073 1005 σελήνης
1113 934 1356 1007 τροπάς,
1396 934 1741 1007 συμπαθείας
1786 953 1846 989 τε
1898 936 1993 990 καὶ

398 1024 758 1089 ἀντιπαθείας
813 1026 1091 1090 ἁπάντων,
1142 1028 1236 1080 καὶ
1293 1028 1497 1098 κόσμον
1550 1028 1647 1082 ’ἐνα
1700 1029 1880 1081 αὐτῶν
1932 1027 1991 1096 ἐξ

398 1119 680 1183 ἁπάντων,
714 1116 823 1192 ἆρά
862 1137 950 1175 σοι
989 1121 1090 1192 τὴν
1130 1120 1355 1189 ἀλογίαν
1395 1121 1491 1174 καὶ
1528 1123 1587 1175 τὸ
1626 1122 1749 1193 εἰκῆ
1795 1123 1888 1176 καὶ
1915 1122 1991 1187 ὼς

398 1210 589 1283 ἔτυχεν
618 1212 798 1266 αἰτίαν
835 1210 974 1267 εἶναι
1008 1213 1118 1267 τῶν
1143 1213 1281 1267 ὅλων
1316 1212 1537 1283 θεμιτὸν
1572 1214 1987 1283 ἀποφαίνεσθαι,

397 1303 433 1375 ἢ
457 1305 629 1374 Λόγον
668 1304 745 1369 ὡς
767 1304 982 1376 άληθῶς
1005 1304 1163 1369 Θεοῦ,
1190 1305 1285 1360 καλ⁵
1307 1305 1443 1359 Θεοῦ
1478 1307 1691 1376 σοφίαν,
1727 1309 1820 1362 καὶ
1853 1309 1988 1364 Θεοῦ

394 1398 649 1469 δύναμιν,
685 1398 780 1451 καὶ
808 1398 1012 1471 ταύτην
1050 1399 1201 1470 μίαν,
1228 1400 1343 1454 ἀλλ’
1365 1402 1426 1455 ού
1462 1400 1660 1465 πολλάς
1690 1402 1947 1473 ἁνυμνεῖν
1971 1420 1985 1469 ;

396 1490 523 1544 ἐπεὶ
551 1492 646 1544 καὶ
678 1492 736 1544 ἐν
772 1490 1044 1565 ἀνθρώπῳ
1081 1491 1176 1563 μία
1206 1492 1375 1566 ψυχὴ.
1418 1494 1513 1547 καὶ
1544 1495 1641 1565 μία
1673 1493 1867 1567 λογικὴ
1898 1495 1988 1549 δύ-

395 1601 561 1653 ναμις
614 1583 882 1637 πλείστων
930 1585 1065 1655 ὁμοῦ
1096 1585 1292 1653 γένοιτ’
1323 1586 1389 1639 ἂν
1439 1587 1855 1660 δημιουργὸς,ἢ
1893 1588 1987 1643 καὶ

391 1678 703 1746 γεωργεῖνὴ
722 1676 788 1729 αὐ
798 1676 880 1748 τὴ,
898 1678 990 1730 καὶ
1004 1680 1301 1749 ναυπηγεῖν
1318 1679 1412 1733 καὶ
1429 1679 1556 1733 κυδε
1565 1682 1716 1752 ρνᾷν,
1733 1681 1827 1735 καὶ
1843 1682 1987 1734 οἱκο-

390 1764 575 1836 δομεῖν
615 1768 783 1822 πολλά
831 1768 1077 1840 μαθοῦσα
1122 1771 1466 1825 ἐπιδάλλοιτο
1488 1789 1501 1801 ·
1538 1772 1632 1826 καὶ
1660 1766 1741 1835 εἷς
1772 1773 1897 1836 νοῦς
1925 1774 1983 1825 ἐν

389 1858 665 1930 ἀνθρώπῳ
700 1860 793 1913 καὶ
821 1860 1080 1932 λογισμὸς
1114 1861 1312 1927 δέξαιτ’
1346 1863 1413 1917 ἄν
1446 1881 1575 1917 ποτε
1611 1865 1819 1935 μυρίων
1862 1868 1980 1919 ἐπι-

390 1952 627 2021 στήμας.
676 1957 1055 2026 γεωμετρήσει
1089 1972 1146 2008 τε
1187 1957 1215 2008 ὁ
1244 1955 1407 2020 αὐτὸς
1435 1956 1530 2009 καὶ
1559 1957 1977 2029 άστρονομήσει,

388 2046 485 2097 καὶ
526 2045 719 2114 λόγους
750 2049 1142 2120 γραμματικῆς
1191 2047 1502 2122 παραδώσει
1556 2051 1650 2104 καὶ
1710 2052 1976 2124 ἰατρικῆς,

387 2134 446 2190 ἐν
487 2154 547 2189 τε
592 2138 877 2210 μαθήμασι
916 2141 1007 2193 καὶ
1038 2143 1150 2204 τοῖς
1183 2141 1324 2196 κατὰ
1351 2145 1539 2215 χεῖρας
1576 2145 1974 2216 προστήσεται⁸

387 2230 483 2284 καὶ
530 2230 684 2286 οὔπω
714 2249 776 2301 γε
818 2233 993 2296 οὐδεὶς
1044 2232 1262 2287 πώποτε
1290 2234 1509 2297 πλείους
1558 2237 1614 2288 ἐν
1652 2234 1732 2288 ἐνὶ
1763 2234 1976 2307 σώματι

385 2323 565 2394 ψυχὰς
592 2327 838 2396 ἡγήσατο
865 2319 1027 2385 εἶναι,
1058 2326 1177 2379 οὐδὲ
1203 2325 1404 2390 πολλὰς
1432 2325 1742 2398 ἐθαύμασεν
1774 2325 1978 2399 ἀνθρὼ-

385 2432 489 2468 που
523 2416 783 2487 δυνάμεις
813 2416 900 2471 διὰ
947 2416 1045 2487 τὴν
1075 2417 1184 2471 τῶν
1214 2417 1424 2471 πολλῶν
1469 2418 1810 2490 μαθημάτων
1840 2421 1974 2473 ὑπο-

384 2511 567 2582 δοχήν.
604 2512 665 2564 Εἰ
716 2511 772 2564 δὲ
814 2512 909 2564 καὶ
960 2510 1205 2581 ἄμορφον
1255 2510 1387 2581 ὕλην
1435 2510 1607 2583 πηλοῦ
1661 2528 1742 2575 τις
1775 2510 1971 2584 εὑρὼν,

384 2606 622 2660 κᾶπειτα
669 2606 858 2678 χερσὶν
900 2605 1207 2668 ἀπολεάνας
1254 2604 1508 2673 ἐπιθήσει
1550 2604 1690 2670 ζώου
1735 2606 1971 2680 μορφὴν,

380 2696 527 2769 ἄλλῳ
575 2699 673 2769 μὲν
714 2699 952 2769 σχήματι
996 2699 1238 2770 κεφαλὴν
1262 2740 1276 2764 ,
1322 2703 1513 2771 χεῖρας
1563 2699 1621 2753 δὲ
1672 2700 1767 2753 καὶ
1810 2700 1975 2764 πόδας

382 2791 606 2864 ἑτέρως,
655 2793 752 2846 καὶ
788 2792 1099 2865 ὀφθαλμοὺς
1146 2794 1306 2848 πάλιν
1351 2793 1547 2857 ἄλλως,
1598 2794 1692 2848 καὶ
1739 2795 1974 2866 παρειὰς

379 2883 665 2949 ὡσαύτως,
705 2878 823 2938 ὦτά
860 2902 919 2938 τε
962 2885 1054 2938 καὶ
1098 2885 1292 2956 στόμα,
1329 2885 1422 2938 καὶ
1469 2887 1643 2956 ῥῖνας,
1688 2885 1885 2958 στέρνα
1910 2905 1969 2939 τε

380 2976 476 3028 καὶ
501 2974 685 3046 ὤμους
709 2975 1208 3047 ύποτυπωσάμενος
1229 2976 1394 3049 τέχνῃ
1419 2980 1483 3048 τῇ
1514 2978 1780 3049 πλαστικῇ
1799 2996 1810 3007 ο
1839 2976 1967 3050 ἄρα,

378 3067 504 3120 ἐπεὶ
537 3067 711 3121 πολλὰ
744 3070 999 3140 σχήματα
1050 3071 1143 3124 καὶ
1189 3070 1328 3140 μέλη
1365 3071 1459 3124 καὶ
1491 3070 1630 3143 μέρη
1661 3071 1711 3124 ύ’
1754 3073 1834 3124 ἐνί
1863 3071 1969 3124 σώ-

2098 583 2222 622 men
2255 585 2380 624 cum
2426 573 2480 626 in
2535 574 2697 645 lignis
2729 577 2915 643 lateat,
2947 588 3002 635 et
3030 581 3210 637 omnis
3232 572 3449 653 generis
3474 584 3683 639 anima-

2098 657 2228 713 lium
2277 664 2603 733 corporibus
2669 676 2819 722 certa
2865 677 3233 740 temperatura
3284 688 3569 730 connexus
3613 676 3685 733 sit

2097 759 2384 823 tet-imque,
2445 764 2609 827 atque
2666 773 2853 830 aquae,
2921 772 3085 832 atque
3128 764 3238 818 aeri
3293 764 3684 830 consociatus.

2096 845 2291 900 deinde
2316 848 2530 904 ratione
2554 865 2617 905 ac
2655 867 2913 908 mensura
2942 864 3209 925 quantum
3233 858 3529 928 unicuique
3544 875 3687 929 opus

2095 937 2185 997 sit,
2201 946 2575 1011 quantumque
2592 943 2799 998 utilitas
2821 947 3078 1015 postulet,
3101 948 3361 1005 omnibus
3383 949 3683 1020 sufﬁciens,

2094 1035 2440 1101 prepriarum
2475 1035 2671 1090 virium
2702 1037 3064 1094 obliviscatur
3097 1059 3110 1095 :
3144 1056 3328 1097 nonne
3361 1044 3457 1097 tibi
3488 1059 3685 1101 rursus

2095 1119 2186 1175 Dei
2220 1120 2418 1188 Verbo,
2445 1140 2510 1179 ac
2544 1119 2803 1196 potestati
2830 1130 3098 1185 inservire
3116 1132 3329 1187 videtur
3349 1134 3372 1187 ?
3396 1133 3507 1190 Diei
3540 1151 3683 1206 prae-

2093 1227 2239 1271 terea
2270 1220 2557 1291 noctisque
2591 1222 3030 1290 vicissitudines,
3063 1240 3184 1296 quae
3219 1227 3529 1283 terminatis
3563 1244 3681 1285 mo-

2091 1310 2237 1363 tibus
2266 1319 2540 1376 constant,
2578 1312 2951 1385 liorarumque.
2983 1331 3047 1370 ac
3072 1325 3479 1388 tempestatum,
3535 1335 3682 1374 nunc

2090 1401 2310 1471 quidem
2339 1412 2655 1474 augmenta,
2690 1422 2837 1461 nunc
2863 1417 3043 1464 autem
3080 1410 3491 1476 diminutiones,
3518 1413 3683 1469 orbes

2088 1492 2215 1547 item
2234 1508 2468 1562 annuos,
2496 1511 2558 1551 ac
2575 1498 2842 1555 circuitus
2870 1510 3197 1571 temporum,
3214 1512 3598 1575 astrorumque
3622 1505 3680 1560 in

2089 1586 2286 1667 or‘bem‘
2304 1599 2503 1655 motus,
2531 1599 2644 1645 tum
2672 1593 2806 1649 solis
2838 1610 3059 1660 cursus,
3083 1597 3333 1667 lunaeque
3363 1598 3680 1654 conversio-

2087 1689 2208 1742 nes,
2229 1660 2340 1732 ttim
2355 1694 2662 1738 consensus
2678 1684 2818 1738 inter
2834 1700 2892 1739 se
2908 1687 3151 1747 omnium
3176 1702 3241 1741 ac
3262 1689 3675 1757 repugnantias,

2089 1785 2368 1840 unumque
2387 1787 2450 1825 ex
2475 1772 2542 1826 iis
2556 1774 2810 1830 omnibus
2826 1777 3109 1841 mundum,
3125 1793 3250 1832 cum
3268 1778 3520 1843 intueris,
3543 1796 3680 1836 nun-

2091 1862 2222 1931 quid
2258 1863 2354 1918 tibi
2379 1879 2501 1919 esse
2532 1865 2614 1919 fas
2633 1874 2817 1936 putas,
2842 1868 3282 1939 imprudentiam,
3309 1871 3427 1926 sive
3453 1874 3675 1929 temeri-

2086 1961 2276 2022 tatem,
2298 1955 2414 2011 sive
2437 1955 2716 2011 fortuitam
2736 1959 2974 2028 aliquam
2993 1975 3240 2024 causam,
3261 1971 3538 2018 auctorem
3561 1965 3678 2018 uni-

2089 2048 2233 2102 versi
2278 2049 2601 2116 enuntiare;
2627 2064 2695 2105 an
2728 2050 2819 2106 Dei
2856 2050 3095 2107 Verbum
3142 2069 3350 2122 revera,
3389 2064 3443 2111 et
3474 2056 3568 2112 Dei
3593 2073 3676 2113 sa-

2082 2141 2367 2213 pientiam,
2388 2150 2441 2197 et
2470 2141 2566 2198 Dei
2586 2143 2868 2209 virtutem,
2896 2153 2949 2200 et
2976 2145 3117 2199 banc
3146 2147 3318 2217 ipsam
3342 2164 3530 2214 unam,
3563 2165 3672 2205 non

2081 2232 2287 2304 plures.
2306 2232 2499 2289 efferre
2515 2235 2769 2291 laudibus
2786 2235 3027 2309 ?Nempe
3042 2238 3203 2293 etiam
3223 2240 3279 2294 in
3299 2240 3537 2307 homine,
3564 2239 3679 2297 aui-

2081 2338 2170 2378 ma
2193 2338 2564 2397 una,nnaque
2606 2327 2686 2383 vis
2720 2327 3024 2391 rationalis,
3061 2330 3419 2400 plurimarum
3465 2334 3675 2403 pariter

2079 2433 2262 2471 rerum
2282 2425 2461 2488 potest
2482 2435 2605 2475 esse
2627 2420 2829 2491 opifex.
2848 2420 2982 2476 Nam
2997 2432 3250 2493 etagrum
3268 2425 3447 2480 colere
3457 2425 3671 2495 eadem,

2077 2517 2132 2563 et
2154 2523 2284 2565 aves
2300 2520 2702 2577 construere,et
2720 2514 3044 2583 gubernare,
3064 2522 3116 2569 et
3139 2514 3408 2571 aedificare
3427 2517 3668 2584 audebit,

2079 2607 2369 2672 postquam
2400 2603 2532 2657 talia
2564 2605 2736 2657 multa
2767 2604 2976 2659 didicit.
3012 2606 3103 2661 Sic
3136 2623 3244 2661 una
3281 2624 3436 2663 mens
3475 2608 3531 2663 in
3572 2609 3670 2664 ho-

2077 2690 2245 2755 mine,
2280 2708 2495 2763 unaque
2528 2695 3039 2752 rationisversatio
3068 2699 3547 2754 innumerabilium
3579 2717 3669 2757 re-

2075 2799 2197 2838 rum
2229 2785 2488 2841 scientias
2520 2788 2808 2859 percipiet,
2862 2797 3026 2859 atque
3072 2790 3214 2845 idem
3250 2791 3414 2845 homo
3452 2800 3509 2847 et
3537 2809 3670 2865 geo-

2074 2878 2345 2944 metriam,
2380 2886 2434 2934 et
2473 2881 2869 2935 astronomiam
2900 2883 3198 2948 exercebit,
3235 2884 3665 2955 disputationes-

2072 2985 2179 3039 que
2210 2977 2264 3025 et
2310 2969 2378 3025 de
2421 2972 2779 3042 grammatica
2833 2981 2887 3029 et
2937 2975 3005 3029 de
3060 2974 3333 3031 medicina
3402 2977 3665 3047 proferet,

2077 3061 2233 3131 152
2269 3078 2369 3118 nec
2398 3080 2507 3118 non
2542 3064 2594 3118 in
2631 3064 2938 3136 disciplinis
2970 3074 3025 3122 et
3056 3069 3109 3122 in
3138 3068 3207 3123 iis
3237 3084 3358 3139 qua:
3405 3085 3666 3124 manuum

384 3176 514 3230 ματι
546 3160 1024 3233 δεδημιούργηται,
1070 3163 1355 3227 τοσούτους
1387 3163 1492 3235 χρὴ
1523 3165 1616 3217 καὶ
1658 3164 1785 3228 τοὺς
1814 3181 1969 3235 ποιη-

2076 3151 2384 3207 ministerio
2429 3154 2817 3221 conficiuntur,
2851 3157 3078 3212 excellet
3112 3175 3124 3211 :
3158 3173 3259 3213 nec
3299 3172 3539 3230 unquam
3586 3168 3667 3214 ta-

379 3251 478 3314 τὰς
498 3252 748 3322 ἡγεῖσθαι
772 3271 786 3317 ;
810 3255 841 3324 ἢ
866 3254 957 3307 τὸν
976 3254 1069 3309 τοῦ
1094 3256 1294 3320 παντὸς
1314 3256 1526 3328 ἀθρόως
1544 3256 1792 3328 τεχνίτην
1813 3259 1970 3311 ἐπαι-

380 3343 493 3395 νεῖν
536 3345 616 3396 ἐνὶ
648 3344 894 3417 λογισμῷ
925 3347 1019 3401 καὶ
1055 3348 1153 3419 μιᾷ
1186 3348 1415 3419 δυνάμει
1461 3348 1522 3401 τὸ
1565 3351 1672 3402 πᾶν
1712 3350 1974 3422 τεκτηνά-

383 3453 577 3505 μενον;
609 3438 674 3490 Τί
705 3438 841 3509 δῆτα
886 3440 1172 3512 τοιγαροῦν
1207 3443 1300 3495 ἐπὶ
1334 3441 1428 3494 τοῦ
1459 3442 1682 3506 παντὸς,
1724 3442 1843 3507 ἐνὸς
1871 3443 1969 3514 μὲν

377 3528 549 3592 ὄντος,
577 3531 641 3583 ἐκ
666 3531 848 3602 μερῶν
870 3533 926 3585 δὲ
956 3534 1223 3587 πλείστων
1249 3533 1580 3603 ὑφεστῶτος,
1603 3534 1804 3599 πολλάς
1827 3536 1968 3607 χρῆν

377 3622 730 3676 ὑποτίθεσθαι
752 3624 1150 3697 δημιουργικὰς
1174 3627 1455 3697 δυνάμεις,
1486 3626 1580 3680 καὶ
1605 3626 1833 3690 πολλοὺς
1858 3627 1967 3680 ὀνο-

378 3714 573 3786 μάζειν
606 3714 781 3780 θεοὺς,
816 3717 937 3788 οὐχὶ
963 3718 1019 3771 δὲ
1060 3718 1187 3788 μίαν
1214 3718 1495 3790 ὁμολογεῖν
1525 3718 1623 3789 τὴν
1644 3719 1720 3783 ὡς
1747 3718 1965 3789 άληθῶς

374 3807 509 3861 Θεοῦ
562 3808 793 3879 δύναμιν
843 3810 937 3862 καὶ
994 3810 1128 3864 Θεοῦ
1184 3811 1394 3881 σοφίαν,
1435 3814 1533 3883 μιᾷ
1584 3811 1812 3883 δυνάμει
1867 3813 1961 3865 καὶ

372 3899 542 3971 ἀρετῇ
582 3903 681 3972 μιᾷ
715 3903 850 3973 ὁμοῦ
880 3902 950 3956 τὰ
977 3902 1150 3956 πάντα
1176 3904 1550 3975 ύφισταμένην
1576 3920 1634 3956 τε
1662 3904 1756 3958 καὶ
1792 3901 1962 3967 ζωοῦ-

376 4009 496 4058 σαν,
529 3995 624 4048 καὶ
662 3998 777 4059 τοῖς
815 3997 947 4049 πᾶσι
987 3996 1237 4067 ποικίλην
1265 3995 1363 4068 τὴν
1408 3996 1468 4061 ἐξ
1495 3997 1664 4067 αὐτῆς
1694 3997 1957 4067 ἐπιχορη-

372 4082 498 4153 γίαν
538 4085 906 4158 ποιουμένηνς
933 4084 1089 4139 Οὕτω
1132 4087 1226 4140 καὶ
1279 4086 1454 4156 φωτὸς
1488 4086 1636 4157 ήλίου
1673 4087 1772 4156 μία
1801 4086 1894 4140 καὶ
1923 4087 1955 4156 ὴ

371 4174 508 4248 αὑτὴ
556 4177 829 4249 προσϐολὴ
876 4177 1011 4249 ὁμοῦ
1051 4178 1145 4231 καὶ
1186 4178 1328 4233 κατά
1357 4180 1418 4232 τὸ
1447 4180 1578 4233 αὐτὸ
1621 4177 1955 4247 καταυγάζει

376 4267 473 4339 μὲν
494 4268 659 4340 ἀέρα,
690 4268 911 4336 φωτίζει
941 4269 998 4323 δὲ
1025 4269 1354 4341 ὀφθαλμοὺς,
1383 4271 1525 4341 ἁφὴν
1552 4270 1608 4323 δὲ
1650 4270 1951 4341 θερμαίνει,

373 4356 575 4410 πιαίνει
601 4357 660 4410 δὲ
684 4358 807 4429 γῆν,
826 4357 978 4425 αὖξει
1008 4360 1170 4429 φυτὰ,
1191 4361 1380 4432 χρόνον
1407 4360 1714 4431 ὑφίστησιν,
1739 4360 1951 4431 ἄστρων

373 4449 607 4519 ἡγεῖται,
638 4449 866 4521 οὐρανὸν
911 4451 1211 4523 περιπολεῖ,
1247 4451 1450 4521 κόσμον
1487 4450 1784 4523 φαιδρύνει,
1812 4451 1948 4504 Θεοῦ

2076 3258 2201 3298 men
2248 3247 2539 3317 quisquam
2586 3247 2767 3302 adhuc
2819 3250 3004 3318 plures
3042 3252 3096 3305 in
3134 3267 3247 3307 uno
3276 3267 3508 3324 corpore
3538 3268 3665 3311 esse

2072 3337 2285 3392 animas
2313 3339 2547 3401 censuit,
2581 3355 2759 3411 neque
2809 3357 2940 3396 vero
2996 3343 3183 3413 plures
3234 3346 3538 3403 admiratus
3567 3356 3657 3405 est

2072 3429 2144 3484 ob
2170 3429 2464 3485 multarum
2500 3431 2918 3503 disciplinarum
2956 3436 3384 3507 perceptionem,
3418 3438 3658 3497 hominis

2071 3519 2381 3579 facultates.
2400 3523 2555 3591 Quod
2580 3525 2627 3580 si
2649 3525 2775 3596 quis
2797 3526 2888 3582 ubi
2909 3527 3202 3583 informem
3237 3530 3349 3583 limi
3368 3532 3657 3587 materiam

2067 3624 2264 3672 nactus
2294 3626 2397 3682 est,
2413 3633 2477 3673 ac
2510 3619 2706 3674 deinde
2744 3620 3000 3676 manibus
3018 3622 3267 3688 mollivit,
3300 3630 3414 3678 tum
3445 3625 3656 3680 anima-

2066 3707 2137 3765 lis
2171 3708 2399 3765 formam
2433 3710 2715 3784 adjungat.
2754 3722 2813 3768 ut
2850 3715 2956 3769 alio
2985 3713 3205 3785 quidem
3242 3716 3430 3771 habitu
3468 3727 3659 3788 caput,

2065 3818 2372 3875 manusque
2404 3814 2458 3861 et
2481 3806 2647 3876 pedes
2674 3806 2802 3872 alio,
2837 3815 2892 3863 et
2927 3808 3036 3862 alio
3075 3823 3273 3862 rursus
3301 3808 3514 3873 oculos,
3545 3817 3659 3864 tum

2063 3911 2231 3966 genas
2279 3897 2485 3965 itidem,
2516 3913 2788 3969 auresque
2840 3908 2896 3954 et
2923 3914 3008 3961 os,
3044 3907 3099 3955 et
3146 3914 3331 3971 nares,
3353 3910 3661 3971 pectusque

2061 3998 2226 4058 atque
2255 3990 2513 4045 humeros
2544 3990 2803 4047 informet
2834 4007 2937 4047 suo
2976 3992 3069 4045 illo
3104 3991 3337 4063 fingendi
3373 3992 3609 4048 artificio
3647 4009 3661 4044 :

2059 4098 2190 4137 num
2237 4093 2522 4155 prepterea
2564 4085 2712 4155 quod
2758 4087 2960 4140 multos
2993 4085 3236 4146 babitus.
3272 4092 3328 4139 et
3380 4087 3658 4151 membra,

2057 4183 2111 4229 et
2138 4185 2322 4244 partes
2353 4177 2458 4230 sub
2480 4192 2589 4231 uno
2619 4191 2851 4246 corpore
2884 4176 3192 4238 fabricavit,
3229 4175 3455 4231 totidem
3479 4192 3645 4248 Opor-

2060 4272 2136 4322 tet
2183 4266 2541 4323 fabrieatorcs
2576 4266 2878 4321 arbitrari?
2909 4282 2977 4320 an
3020 4269 3201 4337 potius
3232 4268 3477 4324 universi
3509 4270 3649 4323 arti-

2056 4359 2212 4415 ficem
2259 4360 2407 4414 illico
2439 4368 2493 4413 et
2522 4358 2836 4422 confertim,
2869 4360 2963 4429 qui
3011 4374 3119 4414 uno
3160 4359 3397 4415 consilio
3429 4377 3649 4432 unaque

2054 4450 2313 4506 facultate
2364 4458 2537 4504 totum
2589 4456 2675 4505 est
2720 4450 3150 4512 architectatus,
3202 4451 3502 4507 extollere?
3533 4452 3651 4507 Cur

373 4540 598 4613 δύναμιν
640 4542 843 4614 ἐναργῆ
877 4543 975 4615 τὴν
1021 4544 1077 4596 ἐν
1114 4544 1190 4615 τῷ
1224 4544 1385 4597 παντὶ
1426 4545 1741 4616 συνίστησι·
1776 4544 1951 4598 πάντα

2080 4545 2227 4614 gitur
2266 4546 2319 4597 in
2366 4543 2469 4598 hoc
2521 4543 2777 4598 universo
2815 4542 2961 4613 quod
3005 4558 3173 4596 unum
3220 4551 3335 4607 est,
3382 4547 3634 4614 quamvis

369 4652 429 4689 τε
475 4634 652 4690 ταῦτα
707 4638 807 4708 μιᾷ
857 4639 997 4709 ῥοπῇ
1051 4639 1263 4707 φύσεως
1317 4637 1575 4690 συντελεῖ.
1630 4638 1740 4691 Καὶ
1784 4638 1956 4709 πυρὸς

372 4727 532 4800 φύσις
563 4728 766 4801 χρυσὸν
814 4728 912 4799 μὲν
941 4728 1216 4799 καθαίρει,
1256 4727 1514 4799 μόλυϐδον
1545 4728 1600 4781 δὲ
1641 4728 1798 4798 τήκει
1821 4745 1834 4758 ’
1864 4729 1957 4782 καὶ

373 4820 543 4893 κηρὸν
592 4822 693 4893 μὲν
724 4820 863 4883 λύει,
902 4820 1071 4891 πηλὸν
1097 4819 1154 4873 δὲ
1189 4819 1457 4891 ξηραίνει,
1487 4818 1619 4891 ὓλην
1646 4819 1703 4873 δὲ
1736 4819 1954 4892 φρύγει,

373 4914 471 4985 μιᾷ
509 4916 576 4984 τῇ
627 4915 895 4983 καυστικῇ
947 4912 1173 4983 δυνάμει
1222 4910 1289 4964 τὰ
1337 4911 1576 4965 τοσαῦτα
1624 4911 1956 4983 κατεργαζο-

372 5005 528 5077 μένη.
558 5005 747 5079 Ταύτῃ
780 5022 861 5059 τοι
894 5005 987 5058 καὶ
1019 5004 1267 5076 οὐράνιος
1294 5003 1386 5057 τοῦ
1420 5004 1555 5057 Θεοῦ
1581 5002 1771 5071 Λόγος,
1801 5004 1828 5054 ὁ
1864 5001 1958 5054 καὶ

368 5096 542 5169 ἡλίου,
569 5098 667 5151 καὶ
695 5097 950 5168 οὐρανοῦ,
981 5097 1076 5150 καὶ
1109 5096 1202 5150 τοῦ
1236 5098 1553 5168 σύμπαντος
1601 5094 1809 5163 κόσμου
1859 5091 1955 5162 δη-

370 5189 708 5262 μιουργικὸς,
737 5190 998 5261 δραστικῇ
1038 5190 1263 5260 δυνάμει
1304 5192 1416 5252 τοῖς
1458 5189 1625 5240 πᾶσιν
1670 5184 1955 5256 ἐπιπαρὼν

365 5286 458 5341 καὶ
494 5285 585 5340 διὰ
625 5286 846 5339 πάντων
891 5286 1065 5353 ἥκων,
1112 5284 1247 5357 ἡλίῳ
1293 5284 1411 5354 μὲν,
1460 5281 1553 5335 καὶ
1599 5280 1817 5352 σελήνῃ,
1862 5276 1956 5331 καὶ

365 5377 585 5452 ἄστροις
609 5377 670 5445 ἐξ
696 5378 905 5440 οἰκείας
940 5376 1042 5447 τῆς
1071 5375 1298 5429 ἁεννάου
1330 5373 1614 5443 δυνάμεως
1637 5370 1753 5440 φῶς
1784 5371 1958 5439 ἐπομ-

365 5471 503 5545 ϐρεῖ,
549 5469 785 5543 οὐρανὸν
831 5469 888 5523 δὲ
943 5468 1142 5523 οἰκείου
1197 5466 1461 5539 μεγέθους
1498 5461 1955 5535 προσφυεστάτην

366 5564 546 5618 εἰκόνα
581 5564 683 5633 τὴν
722 5561 897 5635 ἀρχὴν
930 5560 1398 5631 ὑποστησάμενος,
1427 5560 1505 5622 εἰς
1534 5557 1705 5610 αἰῶνα
1729 5555 1956 5624 διακρα-

365 5659 472 5711 τεί’
521 5657 622 5721 τὰς
671 5656 731 5709 δέ
792 5656 1047 5709 ἐπέκεινα
1101 5651 1331 5725 οὐρανοῦ
1387 5652 1483 5705 καί
1540 5650 1747 5720 κόσμου
1797 5646 1956 5700 δυνά-

371 5769 487 5822 μεις
528 5750 779 5821 ἀγγέλων
828 5750 920 5803 καὶ
962 5747 1306 5817 πνευμάτων,
1345 5743 1547 5816 νοερῶν
1587 5759 1644 5795 τε
1681 5742 1774 5795 καὶ
1803 5739 1953 5809 λογι-

369 5846 474 5897 κῶν
528 5845 750 5911 ουσιῶν,
794 5843 939 5913 ζωῆς
992 5841 1149 5914 ὁμοῦ,
1197 5842 1289 5895 καὶ
1346 5837 1543 5909 φωτὸς,
1593 5836 1688 5891 καὶ
1738 5834 1950 5904 σοφίας,

2060 4634 2248 4687 multis
2282 4634 2806 4703 partibns‘constet,
2845 4632 3048 4687 multos
3095 4642 3311 4700 oportet
3340 4635 3653 4706 conﬁngere

2057 4723 2303 4793 opiﬁces,
2351 4731 2406 4779 et
2460 4724 2661 4779 multos
2698 4723 2831 4779 deos
2875 4724 3184 4789 nominare,
3230 4738 3294 4779 ac
3324 4740 3435 4779 non
3467 4727 3652 4798 potius

2060 4832 2222 4871 unam
2249 4817 2406 4871 fateri
2432 4832 2619 4872 revera
2650 4816 2746 4872 Dei
2777 4818 3057 4882 virtutem,
3088 4826 3141 4872 et
3164 4816 3261 4872 Dei
3291 4819 3646 4889 sapientiam,

2059 4923 2179 4978 qua:
2211 4923 2318 4962 una
2345 4906 2602 4961 facultate.
2639 4921 2856 4977 unaque
2887 4906 3112 4963 solertia
3145 4908 3362 4962 cunctis
3409 4908 3640 4967 rebuset

2059 5008 2311 5054 naturam
2346 5013 2449 5069 qua
2480 5006 2609 5054 sunt
2650 5008 2704 5055 et
2743 4998 2907 5053 vitam
2941 4998 3194 5067 largitur,
3220 5013 3437 5053 necnon
3464 5005 3648 5057 omni-

2058 5092 2162 5146 bus
2208 5091 2415 5145 varium
2452 5090 2519 5146 de
2566 5091 2747 5160 seipsa
2797 5089 3067 5146 ubertatis
3111 5088 3316 5144 fontem
3374 5090 3645 5146 submini-

2059 5185 2236 5241 strat?
2270 5183 2359 5239 Sic
2389 5185 2551 5239 etiam
2591 5182 2788 5239 solaris
2837 5184 3062 5238 luminis
3102 5197 3208 5237 una
3239 5191 3295 5238 et
3325 5183 3517 5239 eadem
3552 5199 3647 5239 ac-

2057 5277 2261 5341 cessio,
2301 5275 2465 5331 simul
2497 5274 2799 5343 eodemque
2831 5281 3073 5344 tempore
3105 5289 3284 5329 aerem
3318 5274 3538 5345 quidem
3568 5275 3648 5329 ir-

2058 5371 2258 5434 radiat,
2306 5370 2581 5425 illuminat
2615 5384 2745 5423 vero
2788 5368 3000 5431 oculos,
3040 5375 3204 5438 atque
3243 5366 3407 5422 allicit
3436 5374 3641 5422 tactum

2057 5463 2261 5525 calore,
2302 5470 2616 5529 terramque
2666 5458 2897 5514 fertilem
2944 5458 3146 5523 reddit,
3198 5458 3416 5530 plantas
3457 5466 3639 5528 auget,

2059 5562 2276 5623 tempus
2305 5550 2581 5622 producit,
2628 5555 2827 5619 praaest
2882 5548 3182 5611 sideribus,
3215 5549 3415 5603 emtum
3445 5548 3637 5610 ambit,

2057 5646 2321 5701 mundum
2376 5644 2665 5705 exliilarat,
2708 5641 2801 5697 Dei
2856 5642 2961 5696 vim
3013 5643 3360 5700 manifestam
3413 5656 3535 5712 quae
3583 5640 3639 5695 in

2058 5735 2315 5789 universo
2367 5732 2531 5793 inest,
2585 5729 2979 5785 commendat:
3028 5738 3080 5783 et
3129 5729 3312 5782 omnia
3361 5728 3478 5782 luce
3526 5739 3638 5781 uno

2058 5831 2334 5884 momento
2362 5831 2571 5879 naturae
2600 5820 2948 5877 administrat
2982 5835 3044 5875 ac
3075 5820 3307 5890 perficit.
3341 5819 3486 5891 Ignis
3505 5832 3637 5891 quo-
