4158 6418
527 359 736 417 263‘

1159 359 1430 417 EUSEBII
1466 361 1948 420 CESARIENSIS
1982 364 2131 421 OPP.
2176 365 2360 421 PARS
2397 369 2463 423 ll.
2498 400 2566 411 -—
2605 369 3103 428 APOLOGETICA.

3662 386 3770 441 264

525 489 633 546 que
653 481 847 529 natura
877 481 931 528 et
961 488 1153 528 aurum
1183 484 1379 547 purgat
1406 483 1461 531 et
1484 477 1763 547 plumbum
1792 477 2079 548 liquefacit,

2194 483 2289 535 καὶ
2320 500 2499 555 πασης
2516 484 2733 558 ἀρετῆς,
2759 489 2856 542 καὶ
2876 489 3041 544 καλοῦ
3070 489 3312 559 κάγαθοῦ
3328 489 3525 560 παντὸς
3560 499 3623 551 ὲκ
3649 499 3759 555 τῶν

522 574 578 623 et
607 562 949 622 'cum'ceram
974 564 1260 633 dissolvat,
1302 566 1490 622 limum
1520 574 1702 622 tamen
1734 567 1997 630 cxsiecat,
2038 575 2093 624 et

523 657 809 715 materiam
847 656 1029 711 adurit
1064 676 1078 711 :
1112 665 1165 712 et
1200 657 1314 712 haec
1343 665 1453 713 tam
1484 658 1676 722 multa,
1701 673 1810 712 una
1832 659 2095 714 duntaxat

525 752 579 805 vi
622 750 978 805 comburendi
1010 749 1193 806 eilicit.
1229 750 1429 807 Eadem
1477 752 1691 806 ratione
1733 753 1956 808 cmleste
1996 752 2094 808 Dei

524 839 782 905 Verbum,
813 842 959 911 quod
991 851 1047 897 et
1073 844 1242 899 solem
1273 846 1474 913 ipsum,
1505 850 1558 898 et
1590 845 1815 908 caelum,
1857 854 1909 898 et
1935 860 2096 898 mun-

524 933 653 990 dum
680 936 995 991 universum
1029 934 1330 1000 fabricavit,
1358 950 1483 990 cum
1508 933 1709 989 elIicaci
1746 935 1796 989 vi
1822 935 1937 990 suis
1959 950 2094 990 cun-

524 1029 627 1085 etis
652 1029 816 1085 rebus
846 1028 1084 1092 intersit,
1114 1037 1168 1084 et
1202 1044 1301 1098 per
1329 1029 1514 1083 omnia
1545 1034 1814 1098 penetret,
1848 1028 1947 1083 soli
1970 1029 2093 1098 qui-

519 1120 641 1175 dem
686 1136 751 1176 ac
796 1121 938 1176 luna:
975 1129 1140 1192 atque
1182 1121 1370 1184 astris,
1402 1120 1471 1173 de
1499 1120 1719 1190 propria
1761 1135 1973 1189 Semper
2006 1120 2091 1175 af-

516 1212 705 1268 ﬂuenti
728 1212 1006 1274 facultate,
1040 1213 1216 1267 instar
1246 1211 1440 1282 pluviae
1470 1211 1650 1265 lumen
1670 1209 1946 1279 infundit;
1980 1227 2093 1268 cm-

518 1303 629 1357 lum
660 1312 861 1370 autem,
898 1320 1020 1360 cum
1069 1319 1182 1360 suae
1222 1302 1612 1374 magnitudinis
1639 1302 1707 1357 ab
1739 1303 1895 1358 initio
1924 1319 2093 1375 appo—

518 1394 839 1450 sitissimam
887 1395 1178 1466 imaginem
1236 1393 1563 1465 protulerit,
1604 1392 1658 1446 in
1711 1406 1871 1447 omne
1916 1408 2089 1449 aevum

516 1484 712 1541 sullicit
762 1487 1117 1556 continetque
1165 1503 1179 1554 ;
1232 1500 1354 1556 quae
1404 1491 1584 1539 autem
1648 1498 1815 1554 supra
1862 1485 2087 1549 caelum,

517 1594 792 1649 supraque
822 1580 1085 1634 mundum
1120 1579 1321 1651 degunt
1382 1584 1681 1650 potestates
1712 1616 1729 1642 ,
1775 1578 2087 1648 angelorum

514 1670 707 1740 utique
739 1685 803 1725 ac
851 1671 1140 1741 spirituum
1175 1671 1536 1741 intelligentes
1565 1669 1965 1736 rationalesque
1992 1681 2093 1721 na-

513 1768 683 1824 turae,
722 1777 817 1817 eas
863 1770 918 1817 et
985 1763 1094 1816 vita
1143 1762 1307 1817 simul
1344 1772 1398 1817 et
1436 1761 1658 1824 lumine,
1692 1768 1747 1815 et
1777 1759 2042 1831 sapientia
2070 1797 2086 1824 ,

2199 576 2328 664 παρ’
2358 576 2524 630 αὐτοῦ
2550 577 2840 652 θησαυρῶν
2873 583 3246 656 ἐμπίμπλησι,
3286 588 3386 656 μιᾷ
3415 588 3510 641 καὶ
3539 591 3605 660 τῇ
3631 590 3769 664 αὐτῇ

2194 663 2510 737 δημιουργῷ
2539 669 2705 744 τέχνῃ
2728 687 2741 700 ’
2776 672 2869 725 καὶ
2902 674 3180 744 στοιχείων
3210 675 3399 741 οὐσίας
3427 677 3624 733 οὔποτε
3656 681 3771 736 δια-

2195 753 2471 825 λιμπάνει,
2515 760 2772 830 παρέχων
2791 763 2885 815 καὶ
2908 762 3083 833 μίξεις
3113 765 3205 818 καὶ
3230 767 3476 836 κράσεις,
3511 768 3605 823 καὶ
3630 770 3769 842 εἴδη,

2195 844 2290 896 καὶ
2325 846 2556 918 μορφὰς,
2587 847 2679 901 καὶ
2712 851 2986 921 σχήματα,
3040 853 3332 924 ποιότητάς
3368 873 3428 909 τε
3466 859 3685 930 μυρίας,
3711 860 3767 915 ἐν

2193 949 2254 984 τε
2275 930 2432 997 ζώοις
2461 936 2554 988 καὶ
2585 940 2790 1004 φυτοῖς,
2820 940 2913 993 καὶ
2956 939 3175 1010 ψυχαῖς,
3211 947 3307 999 καὶ
3343 944 3581 1016 σώμασι,
3615 948 3765 1019 λογι-

2194 1026 2310 1088 κοῖς
2336 1041 2396 1077 τε
2442 1027 2537 1079 καὶ
2585 1027 2821 1097 ἀλόγοις,
2862 1030 3049 1085 ἄλλοτε
3088 1032 3262 1099 άλλως
3314 1040 3764 1106 καταποικίλλων,

2192 1120 2287 1172 καὶ
2322 1106 2485 1174 πᾶσιν
2514 1121 2648 1193 ὁμοῦ
2680 1124 2857 1177 πάντα
2890 1125 2989 1195 μιᾷ
3009 1124 3234 1196 δυνάμει
3280 1130 3645 1201 ἐπιχορηγῶν,
3672 1133 3766 1188 καὶ

2192 1211 2316 1265 νοῦν
2342 1212 2434 1264 ἐπὶ
2458 1214 2622 1266 πᾶσιν
2672 1213 2976 1287 ἀνθρώποις
3005 1217 3353 1289 ὲπιγνώμονα
3384 1222 3479 1274 καὶ
3502 1223 3765 1298 θεωρητι-

2193 1304 2288 1357 κὸν
2314 1304 2414 1375 τῆς
2441 1304 2603 1358 αὐτοῦ
2627 1306 2820 1375 σοφίας
2838 1299 3199 1379 δωρούμενος,
3230 1311 3492 1385 ἄντικρύς
3522 1332 3580 1367 τε
3622 1333 3764 1388 παρ-

2195 1393 2347 1457 ιστὰς
2384 1397 2496 1458 τοῖς
2555 1396 2689 1448 πᾶσι
2745 1395 2839 1449 καὶ
2872 1395 3201 1468 διαρρήδην,
3241 1400 3343 1452 ἕνα
3387 1400 3590 1471 κόσμον
3642 1404 3764 1456 ἑπι-

2190 1483 2455 1538 δείκνυσιν
2486 1484 2604 1548 ἑνὸς
2633 1485 2806 1554 ᾼόγου
2833 1487 3158 1558 κοσμοποιοῦ
3198 1488 3379 1560 ἔργον.
3427 1492 3470 1543 Τ
3471 1491 3676 1546 οιοῦτον
3696 1492 3760 1565 δὴ

2191 1577 2544 1650 καλλιτέχναν
2592 1580 2720 1633 Υἱδν
2754 1582 3015 1652 μονογενῆ
3068 1582 3169 1652 τῆς
3217 1583 3381 1637 αὐτοῦ
3435 1585 3629 1656 βουλῆς
3669 1587 3764 1641 καὶ

2188 1668 2514 1742 δημιουργὸν
2548 1673 2576 1725 ὁ
2625 1672 2843 1726 πάντων
2872 1673 3132 1728 ἀνωτάτω
3170 1676 3263 1728 καὶ
3304 1676 3470 1728 αὐτοῦ
3499 1676 3761 1751 δημιουρ-

2190 1761 2285 1831 γοῦ
2310 1762 2441 1827 Θεὸς
2461 1763 2554 1817 καὶ
2579 1764 2770 1838 Πατὴρ
2787 1764 3003 1838 πρῶτον
3041 1767 3291 1821 ἁπάντων
3319 1768 3529 1835 ἐγέννα,
3557 1768 3627 1821 δι’
3656 1770 3758 1823 αύ-

515 1852 671 1923 153
716 1863 771 1909 et
815 1854 1083 1909 universa:
1112 1855 1404 1923 probitatis
1440 1860 1603 1924 atque
1638 1851 1942 1908 honestatis
1963 1850 2079 1905 uni-

2188 1855 2283 1909 τοῦ
2317 1857 2411 1910 καὶ
2447 1858 2504 1909 ὲν
2544 1855 2693 1927 αὐτῷ
2726 1857 2853 1921 τοὺς
2909 1856 3015 1911 τῶν
3068 1857 3368 1928 μελλόντων
3416 1859 3635 1914 ἔσεσθαι
3663 1861 3761 1932 δη-

509 1960 667 2000 versa
696 1945 918 2012 virtute,
954 1946 1022 2002 de
1066 1946 1182 2002 suis
1232 1946 1421 2015 implet
1453 1945 1746 2007 thesauris,
1782 1942 1944 2015 idque
1975 1957 2085 1997 uno

508 2035 808 2106 eodemque
870 2038 1005 2091 artis
1051 2035 1290 2107 opiﬁcio,
1346 2035 1633 2092 elementis
1679 2049 1810 2091 vero
1858 2041 2084 2089 naturas

506 2127 706 2197 quibus
753 2128 881 2191 sint,
912 2127 1151 2197 praebere
1191 2142 1469 2198 nunquam
1525 2125 1769 2191 desistit;
1817 2125 2081 2180 misturas

507 2229 687 2275 autem
736 2225 790 2276 et
825 2228 1276 2290 temperamenta,
1305 2226 1360 2273 et
1393 2218 1628 2289 species,
1679 2224 1733 2272 et
1771 2216 1996 2280 formas,
2026 2223 2082 2271 et

504 2312 747 2376 habitus,
792 2311 1190 2382 qualitatesque
1238 2310 1684 2371 innumerabiles,
1712 2316 1823 2362 tam
1882 2308 1935 2361 in
1966 2307 2090 2362 ani-

443 2453 446 2456 .
503 2406 739 2460 malibus
766 2421 929 2476 quam
963 2404 1017 2458 in
1048 2404 1273 2474 plantis,
1308 2411 1423 2457 tam
1475 2403 1529 2459 in
1580 2402 1782 2456 animis
1815 2416 1983 2471 quam
2025 2400 2082 2454 in

502 2496 970 2567 corporibus,tam
998 2495 1053 2549 in
1084 2494 1443 2550 rationalibus
1459 2510 1623 2566 quam
1645 2494 1698 2549 in
1729 2494 1927 2559 brutis,
1945 2492 2083 2549 alias

502 2588 663 2642 aliter
704 2590 942 2653 varians,
974 2596 1028 2644 et
1051 2588 1267 2643 cunctis
1296 2587 1460 2644 simul
1490 2587 1675 2642 omnia
1709 2601 1816 2641 una
1848 2586 1901 2641 vi
1949 2584 2083 2642 sub-

502 2679 847 2742 ministrans.
896 2689 951 2735 et
996 2695 1162 2751 super
1210 2679 1393 2734 omnia
1452 2686 1688 2734 mentem
1743 2676 2079 2741 hominibus,

502 2790 615 2829 suae
632 2773 804 2844 ipsius
832 2771 1187 2844 cognitricem
1218 2770 1834 2842 contemplatriceinque
1863 2768 2084 2840 sapien-

502 2866 590 2922 tiai
617 2865 850 2931 donans,
901 2865 1296 2935 perspicueque
1341 2870 1505 2933 atque
1533 2860 1815 2916 evidenter
1864 2860 2081 2917 cunctis

500 2959 786 3020 assistens,
817 2971 986 3012 unum
1036 2954 1299 3010 mundum
1353 2950 1593 3011 ostendit
1644 2953 1810 3007 unius
1853 2951 2082 3010 artiﬁcis

502 3045 664 3104 Verbi
691 3062 848 3119 opus.
879 3045 1061 3103 Talem
1105 3047 1270 3117 igitur
1312 3046 1532 3101 unicum
1564 3043 1784 3110 Filium,
1817 3045 1902 3101 sui
1940 3060 2078 3101 con-

2192 1948 2543 2020 μιουργικοὺς
2586 1947 2776 2013 λόγους
2822 1949 3208 2020 ὑφιστάμενος,
3239 1950 3331 2004 καὶ
3366 1952 3434 2004 τά
3469 1952 3764 2023 σπέρματά

2186 2054 2252 2107 γε
2283 2038 2382 2110 τῆς
2420 2038 2528 2092 τῶν
2579 2038 2715 2091 ὅλων
2781 2038 3092 2102 συστάσεως
3122 2057 3182 2092 τε
3229 2039 3323 2093 καὶ
3354 2040 3672 2111 διοικήσεως
3702 2044 3762 2098 ἐν

2186 2127 2332 2199 αὐτῷ
2354 2127 2844 2199 καταϐαλλόμενος.
2877 2129 2989 2199 Οὐχ
3021 2130 3150 2202 ὁρᾷς
3179 2128 3471 2203 ὀφθαλμοῖς
3496 2132 3587 2185 τὸν
3618 2137 3760 2202 σύμ-

2186 2236 2365 2273 παντα
2409 2219 2632 2289 κόσμον,
2659 2218 2717 2271 ὃν
2757 2219 2983 2290 οὐρανὸς
3012 2215 3092 2280 εἷς
3117 2219 3531 2291 περιλαμϐάνει,
3563 2221 3762 2293 μυρίας

2182 2329 2243 2365 τε
2286 2311 2432 2382 ἀμφὶ
2468 2310 2658 2365 τοῦτον
2687 2311 2906 2381 χορείας
2943 2310 3036 2364 καὶ
3062 2311 3276 2382 ἄστρων
3302 2312 3758 2384 περιπολεύσεις;

2187 2403 2356 2457 Πάλιν
2371 2397 2450 2466 εἷς
2460 2402 2626 2474 ἥλιος,
2647 2403 2758 2457 ἀλλ’
2775 2404 2835 2457 ού
2855 2404 3090 2471 πλείους,
3109 2406 3205 2468 τὰς
3217 2405 3468 2460 ἁπάντων
3485 2407 3586 2459 ύπε
3594 2406 3760 2480 ρϐολῇ

2187 2496 2364 2566 φωτὸς
2396 2494 2663 2550 καλύπτει
2687 2496 3071 2568 μαρμαρυγὰς.
3109 2496 3265 2551 υῦτω
3313 2497 3449 2567 δῆτα
3471 2499 3588 2563 ἐνὸς
3605 2500 3760 2563 ὄντος
3804 2544 3807 2549 .

2186 2587 2419 2659 Πατρὸς,
2475 2588 2570 2641 ἕνα
2606 2588 2745 2659 χρῆν
2770 2589 2863 2641 καὶ
2892 2588 2982 2641 τὸν
3007 2588 3134 2641 Υίὸν
3162 2583 3324 2642 εἶναι.
3356 2590 3419 2643 Et
3451 2590 3519 2654 δ’,
3558 2592 3639 2644 ὅτι
3682 2591 3758 2663 μὴ

2185 2678 2278 2731 καὶ
2306 2676 2541 2742 πλείους,
2570 2676 2941 2749 ὲπιμέμψαιτό
2971 2694 3078 2742 τις,
3114 2677 3233 2750 ὥρα
3263 2678 3355 2732 τὸν
3395 2679 3653 2745 τοιοῦτον,
3676 2680 3758 2734 δτι

2189 2767 2264 2841 μὴ
2299 2769 2392 2824 καὶ
2447 2768 2629 2840 ἡλίους
2675 2768 2897 2840 συνίστη
2957 2768 3194 2834 πλείους,
3241 2770 3336 2824 καὶ
3379 2770 3627 2843 σελήνας,
3665 2772 3760 2827 καὶ

2185 2862 2440 2933 κόσμους,
2465 2863 2560 2915 καὶ
2581 2861 2750 2935 μυρία
2774 2861 2930 2925 άττα,
2957 2861 3252 2926 αἰτιᾶσθαι,
3291 2863 3615 2934 μαινομένου
3634 2864 3759 2936 τρό-

2185 2970 2285 3007 πον
2315 2952 2384 3006 τὰ
2420 2952 2557 3025 ὀρθά
2583 2954 2678 3007 καὶ
2715 2949 2775 3007 εὖ
2803 2951 2994 3025 ἔχοντα
3035 2954 3134 3024 τῆς
3167 2952 3383 3023 φύσεως
3414 2952 3760 3026 διαστρέφειν

2183 3046 2607 3118 ἐπιχειροῦντος.

500 3142 951 3214 siliLellectorem
980 3158 1045 3197 ac
1070 3142 1415 3212 magistrum,
1476 3149 1531 3197 et
1589 3147 1910 3197 cunctarum
1958 3156 2143 3197 rerum
2182 3141 2451 3213 opilicem,
2510 3156 2800 3211 supremus
2849 3148 3016 3212 atque
3064 3116 3237 3211 ipsius
3273 3141 3482 3212 opiﬁcis
3518 3140 3660 3197 Deus
3700 3150 3759 3197 et

499 3253 698 3309 parens
733 3238 967 3308 primum
995 3237 1237 3292 omnium
1267 3238 1473 3307 genuit,
1502 3253 1597 3308 per
1652 3236 1805 3291 illum
1831 3243 1886 3291 et
1914 3237 1967 3292 in
2000 3236 2092 3292 illo
2128 3252 2316 3294 eorum
2370 3253 2491 3309 qua:
2526 3236 2708 3293 futura
2738 3245 2893 3293 erant
2947 3237 3170 3308 Opiﬁces
3192 3236 3435 3292 rationes
3458 3234 3751 3301 suﬂiciens,

499 3329 818 3399 seminaque
882 3329 1290 3386 constitutionis
1362 3329 1885 3402 gubernationisque
1949 3330 2192 3387 universi
2250 3331 2305 3386 in
2356 3332 2448 3386 illo
2503 3331 2751 3401 conjecta
2815 3330 3041 3386 habens.
3114 3328 3307 3385 Nonne
3369 3330 3544 3385 oculis
3578 3329 3756 3385 intue-

498 3424 577 3481 ris
627 3425 889 3481 mundum
952 3424 1290 3491 universum,
1336 3441 1500 3496 quem
1560 3426 1761 3481 malum
1817 3440 1988 3480 unum
2029 3427 2427 3496 complectitur,
2486 3424 3010 3495 innumerabiliaqnc
3063 3425 3268 3479 circum
3319 3424 3465 3478 hunc
3513 3423 3754 3494 tripudia

496 3527 551 3573 et
575 3526 847 3576 astrorum
874 3520 1295 3576 conversiones?
1327 3519 1420 3577 Sol
1440 3520 1569 3576 item
1596 3537 1741 3576 unus
1803 3519 2088 3587 duntaxat,
2152 3537 2259 3577 non
2299 3522 2505 3594 plures,
2561 3521 2893 3576 abundantia
2937 3520 3159 3575 luminis
3218 3520 3461 3573 omnium
3514 3520 3755 3575 occultat

498 3610 833 3683 splendores.
870 3610 964 3667 Sic
1020 3627 1153 3668 sane
1205 3627 1330 3668 cum
1388 3628 1532 3669 unus
1568 3613 1641 3667 sit
1684 3611 1868 3677 Pater,
1904 3630 2073 3669 unum
2109 3616 2276 3670 ctiam
2331 3612 2527 3668 Filium
2578 3628 2700 3668 esse
2743 3618 2976 3682 oportet.
3034 3610 3189 3677 Quod
3245 3612 3290 3665 si
3325 3611 3450 3681 quis
3490 3609 3541 3665 id
3572 3627 3756 3681 reprc-

498 3708 701 3763 hendat
742 3707 887 3778 quod
934 3707 1118 3778 plures
1165 3723 1274 3763 non
1320 3708 1590 3780 genuerit,
1645 3706 1736 3763 hic
1780 3708 1893 3778 jam
1948 3709 2081 3764 illud
2119 3725 2334 3779 quoque
2376 3721 2637 3764 accusare
2686 3707 2905 3777 poterit,
2970 3704 3116 3775 quod
3190 3719 3300 3758 non
3352 3705 3535 3774 plures
3584 3703 3791 3779 soles,,

495 3813 550 3858 et
603 3804 782 3866 lunas,
828 3811 884 3857 et
934 3802 1190 3868 mundos,

1268 3810 1321 3859 et
1365 3803 1472 3857 alia
1521 3803 1903 3858 inumerabilia
1964 3804 2291 3867 condiderit,
2340 3810 2395 3859 et
2447 3817 2601 3858 more
2650 3801 2974 3857 insanientis
3049 3797 3377 3870 cuiuspiam,
3425 3814 3544 3869 qua:
3600 3805 3752 3852 recta

496 3905 646 3959 sunt.
702 3898 946 3969 beneque
1004 3899 1059 3954 in
1122 3906 1320 3952 natura
1377 3911 1439 3954 se
1497 3896 1729 3967 habent,
1766 3898 2311 3968 pervertere_moliri.

1240 4019 1329 4075 Vl.

496 4108 648 4177 Quod
679 4126 710 4162 a
738 4110 911 4180 prima
945 4110 1315 4165 constitutione
1345 4109 1597 4173 universi,
1617 4106 1822 4180 occulta
1838 4108 2070 4179 quadam

563 4178 839 4251 ignotaque
889 4182 1113 4243 ratione,
1158 4179 1401 4251 Christus
1437 4181 1528 4235 Dei
1560 4178 1822 4250 religiosis
1858 4180 2066 4250 Deoque

561 4252 729 4320 gratis
759 4250 950 4305 animis
988 4250 1259 4319 prazsidet.

563 4341 676 4397 llac
711 4343 877 4412 igitur
910 4343 1143 4405 ratione,
1175 4340 1634 4412 quemadmodum
1665 4340 1717 4395 in
1747 4340 1910 4396 rebus
1949 4354 2070 4410 quae

493 4433 599 4490 sub
637 4441 915 4504 aspectum
951 4433 1174 4500 cadunt,
1206 4433 1289 4489 sol
1321 4447 1465 4487 unus
1491 4433 1808 4487 universum
1836 4431 2074 4485 illustrat

2185 4107 2279 4176 Ὦς
2300 4107 2421 4163 ἀπὸ
2458 4104 2695 4177 πρώτης
2742 4019 3095 4171 συστάῗεως
3146 4103 3266 4157 τῶν
3290 4102 3467 4177 ,ὅλων
3504 4099 3752 4177 (istach

2244 4172 2277 4234 ὃ
2301 4172 2557 4260 Χριοξτῦς
2588 4172 2694 4233 τοῦ
2738 4176 2888 4231 Θεοῦ
2919 4176 3037 4230 τῶν
3067 4173 3360 4244 θεοφιλῶν
3379 4172 3598 4242 ψυχῶν
3624 4172 3750 4225 ἐπι-

2243 4267 2467 4304 στατει.

2243 4342 2430 4414 Ταύτῃ
2448 4339 2490 4393 δ’
2521 4335 2614 4393 οὖν
2639 4338 2715 4401 ὠς
2739 4340 2796 4391 ὲν
2827 4338 3040 4406 ὁρατοῖς
3077 4336 3228 4408 ἥλιος
3259 4330 3339 4398 εἷς
3375 4334 3466 4387 τὸν
3496 4330 3750 4403 αἰσθητὸν

2174 4434 2389 4488 ἅπαντα
2416 4428 2762 4499 καταλάμπει
2805 4428 3028 4499 κόσμον,
3064 4425 3207 4481 οὕτω
3237 4424 3371 4497 δῆτα
3411 4424 3504 4478 καὶ
3530 4425 3587 4477 ὲν
3618 4439 3743 4492 νοη-

492 4526 641 4581 hunc
680 4526 995 4582 sensibilem
1019 4526 1308 4591 mundum,
1334 4526 1405 4580 ita
1441 4526 1494 4579 in
1518 4525 1586 4581 iis
1613 4541 1734 4595 qua:
1771 4525 2075 4594 intelligcn-

2182 4526 2286 4587 τοῖς
2317 4522 2414 4585 τὰς
2433 4522 2732 4583 ἀθανάτους
2763 4519 2858 4573 καὶ
2890 4518 3211 4589 ἀσωμάτους
3239 4515 3515 4587 δυνάμεις.
3559 4512 3750 4583 νοεράς

490 4620 570 4675 tia
610 4620 728 4675 sola
757 4619 1073 4689 capiuntur,
1106 4618 1445 4674 immortales
1475 4625 1531 4671 et
1560 4617 1915 4688 incorporeas
1968 4631 2070 4688 po-

486 4720 739 4776 testates,
769 4719 824 4767 et
848 4711 1211 4781 intelligentes
1233 4726 1298 4766 ac
1320 4710 1615 4766 rationales
1640 4720 1890 4774 naturas,
1914 4709 2071 4779 quasi

488 4804 914 4860 innumerabiles
969 4804 1156 4859 stellas
1210 4803 1461 4874 lucisque
1511 4802 1707 4868 l‘ontcs,
1744 4818 1913 4857 unum
1975 4801 2070 4858 Dei

487 4894 790 4967 perfectum
823 4894 1096 4951 illuminat
1126 4893 1386 4949 Verbum.
1420 4892 1581 4965 154
1603 4892 1880 4963 Siquidem
1910 4907 2072 4962 opor-

487 4989 591 5042 tuit
620 5004 785 5044 unam
818 5004 1037 5059 quoque
1066 5004 1232 5058 super
1261 4987 1445 5042 omnia
1473 5001 1597 5042 csse
1626 4986 1851 5040 omnino
1872 4985 2067 5053 legem,

484 5087 647 5151 atque
687 5080 740 5133 in
772 5080 1027 5135 omnibus
1057 5089 1111 5135 et
1141 5094 1238 5149 per
1273 5078 1456 5133 omnia
1487 5086 1779 5147 penetrans
1818 5074 1911 5130 Dei
1947 5088 2069 5128 ver-

483 5169 637 5234 bum,
663 5171 906 5224 utetiam
937 5170 993 5223 in
1015 5170 1117 5225 hoc
1152 5169 1406 5241 imaginis
1428 5167 1733 5224 similitudo
1759 5182 1881 5221 cum
1907 5163 2069 5219 Patre

484 5275 874 5331 usquequaque
905 5271 1170 5325 servetur,
1211 5269 1321 5314 tam
1350 5260 1403 5316 in
1426 5274 1492 5313 eo
1525 5258 1669 5328 quod
1698 5257 1765 5311 ad
1789 5258 2064 5321 virtutem,

482 5351 736 5423 quodque
786 5350 852 5405 ad
898 5359 1217 5420 potestatem
1275 5359 1438 5421 atque
1466 5350 1763 5405 essentiam
1806 5346 2063 5417 pertinet,

478 5458 642 5512 quam
678 5442 732 5497 in
767 5457 832 5497 eo
872 5442 1018 5512 quod
1060 5444 1126 5497 ad
1161 5442 1388 5497 unitatis
1422 5440 1931 5511 singularitatisqne
1965 5454 2067 5490 nu-

480 5548 711 5590 merum.
748 5532 885 5587 Cum
935 5540 1114 5587 autem
1159 5533 1361 5603 alioqui
1392 5531 1743 5586 multiformis
1775 5545 1838 5583 ac
1876 5528 2056 5581 multi-

481 5623 639 5681 moda
667 5625 1059 5696 gignendarum
1087 5640 1267 5680 rerum
1297 5633 1514 5687 natura,
1542 5619 2065 5677 innumerabilibus-

479 5733 587 5790 que
634 5731 699 5773 ac
746 5718 916 5773 variis
959 5717 1096 5773 alias
1147 5717 1270 5773 aliis
1326 5717 1744 5777 mutationibus,
1785 5714 1857 5769 ob
1908 5728 2059 5768 suam

480 5811 654 5884 ipsius
683 5810 1107 5868 imbecillitatem
1129 5810 1363 5866 obnoxia
1396 5808 1574 5865 futura
1611 5816 1776 5872 esset,
1814 5824 1915 5862 nec
1949 5823 2055 5859 non

2171 4631 2231 4668 τε
2258 4615 2350 4668 καὶ
2374 4612 2599 4682 λογικὰς
2637 4610 2822 4673 οὐσίας
2861 4612 3107 4682 μυρίους,
3146 4609 3332 4680 ὥσπερ
3376 4606 3612 4679 ἀστέρας
3655 4605 3752 4658 καὶ

2173 4710 2481 4781 φωστῆρας,
2539 4700 2619 4768 εἷς
2649 4705 2678 4757 ὁ
2704 4704 2799 4757 τοῦ
2833 4702 2966 4756 Θεοῦ
3008 4701 3341 4771 καταυγάζει
3382 4699 3552 4767 Λόγος
3576 4714 3591 4728 ⁸
3625 4696 3751 4750 ἐπεὶ

2170 4801 2266 4855 καὶ
2294 4800 2431 4872 χρῆν
2450 4799 2545 4852 ἕνα
2570 4798 2661 4851 τὸν
2688 4797 2780 4850 ἐπὶ
2809 4796 2943 4849 πᾶσι
2972 4795 3096 4848 καθ’
3120 4794 3277 4858 ὅλων,
3307 4793 3400 4847 καὶ
3421 4793 3510 4846 τὸν
3526 4793 3583 4844 ὲν
3612 4792 3748 4845 πᾶσι

2171 4895 2265 4948 καὶ
2285 4893 2375 4949 διὰ
2401 4892 2618 4946 πάντων
2664 4892 2868 4961 ἥκοντα
2895 4886 2990 4943 τοῦ
3029 4886 3162 4942 Θεοῦ
3198 4887 3390 4955 Λόγον,
3434 4885 3509 4949 ὡς
3546 4885 3615 4939 ἂν
3646 4884 3748 4937 κάν

2168 4988 2341 5057 τούτῳ
2392 4985 2454 5037 τὸ
2500 4985 2598 5054 τῆς
2653 4981 2859 5044 είκόνος
2892 4979 3130 5051 ἐμφερὲς
3157 4977 3235 5049 τῷ
3277 4976 3452 5049 Πατρὶ
3481 4975 3576 5029 καὶ
3606 4973 3750 5028 κατὰ

2169 5077 2348 5130 πάντα
2371 5073 2726 5138 άποσώζοιτο,
2760 5073 2901 5126 κατά
2932 5089 2992 5124 τε
3013 5071 3111 5143 τὴν
3141 5069 3360 5141 ἀρετὴν,
3396 5067 3538 5122 κατά
3558 5084 3617 5119 τε
3650 5067 3749 5137 τὴν

2167 5170 2414 5240 δύναμιν,
2441 5169 2534 5222 καὶ
2551 5167 2651 5239 τὴν
2685 5167 2895 5231 οὐσίαν,
2923 5165 3064 5219 κατά
3078 5181 3137 5216 τε
3169 5162 3260 5216 τὸν
3283 5161 3382 5232 τῆς
3409 5159 3636 5232 μονάδος
3654 5158 3747 5212 καὶ

2168 5258 2353 5323 ὲνάδος
2377 5258 2500 5330 ἀριο
2510 5256 2630 5328 μὸν,
2665 5255 2977 5319 πολυειδοῦς
3001 5255 3056 5308 δὲ
3085 5255 3259 5318 ἄλλως
3285 5255 3378 5306 καὶ
3405 5251 3746 5324 πολυτρόπου

2167 5349 2260 5403 καὶ
2276 5348 2372 5419 τῆς
2392 5348 2498 5401 τῶν
2516 5346 2788 5418 γεννητῶν
2809 5346 3106 5417 μελλούσης
3120 5344 3520 5415 ὑποστήσεσθαι
3534 5342 3746 5405 οὐσίας,

2170 5438 2389 5510 μυρίαις
2414 5455 2473 5491 τε
2507 5438 2601 5490 καὶ
2650 5436 2919 5497 ποικίλαις
2951 5434 3138 5486 ἄλλοτε
3187 5432 3374 5494 ἄλλαις
3425 5427 3746 5501 μεταϐολαῖς

2164 5531 2231 5584 δι’
2264 5531 2467 5583 οἰκείαν
2490 5528 2770 5582 ἀσθένειαν
2794 5524 3240 5595 ύποκεισομένης,
3266 5525 3366 5595 τῆς
3392 5540 3451 5575 τε
3482 5522 3746 5576 ἀνωτάτω

2164 5621 2259 5675 τοῦ
2290 5620 2497 5692 ιιατρὸς
2518 5619 2797 5689 δυνάμεως
2819 5617 2885 5670 δι’
2907 5614 3211 5688 ὑπερϐολὴν
3240 5615 3336 5686 τῆς
3364 5611 3744 5681 ἁνεκφράστου

2166 5711 2260 5764 καὶ
2295 5711 2395 5781 τῆς
2450 5712 2611 5763 πᾶσιν
2676 5709 3140 5781 ἁπειρομεγὲθους
3196 5707 3410 5776 φύσεως
3460 5703 3745 5772 ἀπολειφο-

2171 5803 2356 5874 μένης,
2393 5802 2666 5865 ἀδυνάτως
2698 5819 2755 5855 τε
2775 5801 2999 5872 ἑξούσης
3032 5791 3131 5872 τῆς
3157 5800 3451 5871 άγεννήτου
3473 5798 3567 5851 καὶ
3590 5798 3742 5867 ἀχω-
