4158 6418
382 341 484 395 ἓϐδ

1265 333 1918 392 ΒΕΜΟΝΞΤΒᾹΤῘΟΝΙΞ
1957 329 2417 388 ΕΫΛΝΕΕΗΟΑΞ
2452 333 2576 389 LIB.
2624 333 2710 388 ιν.

3523 331 3630 385 266

384 461 542 529 ρητου
578 457 848 530 θεότητος,
871 458 1004 530 αὐτὴ
1040 476 1100 528 γε
1133 458 1363 528 γεννητὴ
1383 452 1518 510 οὖσα
1550 458 1794 528 μετέχειν
1831 457 1953 508 ἀντ-

2060 465 2090 503 a
2119 451 2359 520 supremi
2400 453 2580 508 Patris
2630 453 2828 506 virtute
2862 449 3222 515 declinatura,
3254 448 3324 501 ob
3356 447 3502 502 illius
3537 464 3634 502 na-

378 555 546 607 ωπεῖν
581 570 640 605 τε
681 553 814 613 ἄνω,
843 553 937 605 καὶ
984 552 1324 606 ἀντιϐλέπειν
1357 554 1475 614 ταῖς
1506 550 1954 612 ἀποστιλϐούσαις

379 646 472 698 τοῦ
509 646 678 698 ἀϊδίου
710 646 885 714 φωτὸς
909 647 1166 718 ἀρρήτοις
1185 647 1592 717 μαρμαρυγαῖς,
1622 645 1756 714 χρῆν
1783 644 1953 714 δήπου

381 738 605 800 εἰκότως
653 739 742 792 τὸν
804 737 1114 806 πανάγαθον
1155 739 1374 808 Πατέρα
1425 737 1518 791 καὶ
1573 737 1796 807 Σωτῆρα
1845 735 1954 790 τῶν

380 829 537 892 ὅλων,
576 830 653 892 ὡς
682 830 748 883 ἂν
791 831 864 901 μὴ
903 829 1178 892 παντελῶς
1211 831 1244 900 ἡ
1283 829 1389 881 τῶν
1420 829 1541 898 ἄρτι
1578 827 1954 899 γενησομένων

383 921 563 988 φύσις,
608 921 812 992 ἔρημος
852 917 985 974 οὖσα
1012 921 1110 990 τῆς
1135 920 1298 974 αὐτοῦ
1333 919 1634 983 κοινωνίας,
1659 919 1766 971 τῶν
1802 919 1955 988 μεγί-

383 1029 525 1064 στων
551 1012 769 1078 ἀγαθῶν
804 1015 1061 1083 στεροῖτο,
1086 1011 1254 1082 μέσην
1287 1009 1408 1063 τινὰ
1431 1009 1830 1081 παρεμϐάλλειν
1857 1009 1954 1080 τὴν

379 1103 475 1156 τοῦ
526 1103 860 1170 Μονογενοῦς
910 1102 1072 1157 αὐτοῦ
1139 1103 1230 1156 καὶ
1281 1101 1620 1174 πρωτοτόκου
1664 1101 1813 1154 θείαν
1859 1103 1954 1155 καὶ

381 1194 631 1264 παναλκῆ
667 1194 760 1248 καὶ
799 1195 1099 1266 πανάρετον
1147 1194 1395 1264 δύναμιν,
1449 1193 1812 1262 ἀκριϐέστατα
1855 1191 1954 1263 μὲν

381 1287 476 1338 καὶ
511 1287 591 1337 ὅτι
620 1285 854 1354 μάλιστα
885 1285 1167 1354 ἐγγυτάτω
1200 1285 1276 1355 τῷ
1317 1287 1490 1356 Πατρί⁸
1518 1283 1953 1356 προσομιλοῦσαν

384 1375 514 1438 ἴσως
545 1392 603 1425 τε
635 1374 799 1427 αὐτοῦ
845 1375 949 1428 τῶν
992 1376 1314 1446 ἀπορρήτων
1345 1373 1750 1428 ἀπολαύουσαν·
1784 1374 1952 1444 πραό-

376 1480 516 1517 τατα
547 1467 603 1519 δὲ
637 1467 1160 1536 συγκατιοῦσανααὶ
1191 1469 1536 1538 ἀμωσγέπως
1560 1467 1956 1539 συσχηματιζο·

380 1558 552 1626 μένην
581 1563 692 1623 τοῖς
713 1559 811 1629 τῆς
838 1561 1010 1630 ἄκρας
1057 1559 1608 1630 ἀπολιμπανομένοις,
1641 1559 1729 1614 διά
1761 1577 1816 1613 τε
1858 1559 1954 1630 τὴν

382 1648 535 1716 σφῶν
566 1649 847 1703 ἀσθένειαν
895 1651 994 1720 τῆς
1025 1651 1089 1704 ὲκ
1123 1650 1214 1703 τοῦ
1257 1651 1510 1722 δευτέρου
1534 1649 1863 1720 βελτιώσεως
1893 1668 1952 1704 τε

380 1743 476 1794 καὶ
501 1743 764 1811 ὠφελείας
788 1742 1123 1815 ὲνχρῄζουσι,
1149 1745 1245 1807 τάς
1267 1745 1416 1815 ἡλίου
1437 1747 1802 1817 μαρμαρυγὰς
1829 1746 1954 1816 θεᾷν

381 1833 482 1903 ήρέ
492 1850 567 1903 μα
597 1833 690 1887 καὶ
713 1835 899 1905 πράως
933 1835 1326 1904 συγκατιούσας
1350 1837 1500 1905 ἡμῖν,
1526 1836 1626 1887 οὐκ
1652 1834 1824 1898 ἄλλως
1857 1835 1953 1904 τῆς

379 1922 476 1975 τοῦ
509 1925 684 1991 φωτὸς
721 1926 956 1998 ἀκράτου
992 1927 1273 1999 δυνάμεως
1301 1928 1433 1991 οἵοις
1469 1945 1527 1980 τε
1559 1925 1848 1981 ἀπολαύειν
1865 1927 1953 1980 διά

379 2017 478 2087 τὴν
515 2017 764 2089 σώματος
813 2019 1111 2075 ἀσθένειαν.
1163 2019 1225 2074 Et
1271 2020 1422 2089 γοῦν,
1477 2019 1554 2082 ὼς
1597 2021 1656 2072 ἐν
1702 2019 1952 2072 ὑποθέσει

380 2108 564 2177 λόγου,
613 2111 798 2175 καθεὶς
840 2113 1126 2183 οὐρανόθεν
1173 2112 1334 2177 αὐτὸς
1389 2111 1581 2164 ἑαυτὸν
1611 2113 1640 2164 6
1685 2112 1954 2182 παμφαὴς

381 2201 531 2270 ἥλιος
593 2205 690 2256 σὺν
737 2203 1042 2276 ἀνθρώποις
1081 2205 1176 2258 ἐπὶ
1213 2204 1317 2275 γῆς
1369 2202 1716 2265 πολιτεύοιτο,
1768 2203 1954 2257 οὐδένα

383 2296 493 2348 τῶν
518 2295 612 2350 ἐπὶ
663 2298 765 2367 γῆς
825 2301 1001 2368 μεῖναι
1043 2297 1109 2350 ἂν
1163 2297 1450 2368 ἀδιάφορον
1475 2335 1490 2359 ,
1557 2295 1774 2348 πάντων
1835 2295 1954 2348 συλ-

384 2385 584 2458 ληϐδην
646 2387 904 2458 ἐμψύχων
957 2388 1091 2458 όμοῦ
1140 2388 1232 2442 καὶ
1271 2387 1493 2458 ἀψύχων
1536 2388 1708 2459 ἀθρόα
1757 2390 1823 2459 τῇ
1860 2387 1952 2441 τοῦ

383 2478 560 2545 φωτὸς
617 2479 886 2551 προσϐολῇ
948 2479 1499 2552 διαφθαρησομένων·
1564 2481 1756 2535 θᾶττον
1823 2479 1955 2548 γοῦν

383 2571 480 2623 καὶ
532 2571 765 2638 τυφλοὺς
837 2572 1196 2643 ἀπεργάσαιτ’
1243 2571 1309 2625 ἀν
1359 2572 1486 2636 τοὺς
1535 2572 1643 2626 τῶν
1703 2572 1954 2644 ὁρώντων

379 2661 712 2734 ὀφθαλμοὺς,
731 2664 932 2736 βλάϐης
967 2665 1061 2717 καὶ
1085 2663 1286 2735 φθορᾶς
1333 2663 1466 2717 πολύ
1517 2664 1715 2735 μᾶλλον
1748 2664 1781 2735 ἢ
1821 2663 1956 2732 ὡφε-

384 2752 533 2813 λείας
561 2753 800 2822 γεγονὼς
821 2759 930 2819 τοῖς
960 2757 1122 2809 πᾶσιν
1154 2756 1344 2819 αἴτιος.
1383 2756 1442 2808 οὐ
1469 2753 1566 2825 τὴν
1597 2753 1756 2823 φύσιν
1794 2755 1954 2818 αὐτὸς

385 2843 462 2897 ὢν
515 2847 774 2911 τοιοῦτος,
810 2850 922 2911 τοῖς
968 2848 1026 2901 δὲ
1078 2849 1364 2919 ἀφορήτως
1413 2847 1594 2916 ἔχουσι
1646 2846 1713 2898 δι’
1751 2845 1956 2898 οἰκείαν

383 2933 667 2988 ἀσθένειαν
734 2936 834 3006 τῆς
897 2936 1336 3008 ὑπερϐαλλούσης
1399 2937 1573 3008 αὐγῆς
1642 2936 1952 3002 ἀπολαύειν,

384 3027 586 3080 τοιόσδε
616 3045 700 3092 τις
730 3029 1177 3100 ἀποτελούμενος.
1207 3031 1270 3082 Τί
1303 3029 1478 3084 τοίνυν
1507 3030 1575 3083 τὰ
1613 3032 1773 3103 ὃμοια
1816 3048 1954 3102 μαν-

384 3117 560 3170 θάνων
586 3136 653 3172 πε
664 3120 717 3189 pl
748 3120 882 3174 Θεοῦ
910 3121 1242 3193 θαυμάζειςς
1272 3115 1333 3174 οὐ
1360 3121 1426 3193 δὴ
1455 3123 1552 3193 τῆς
1585 3123 1824 3195 ἀρρήτου
1858 3124 1954 3176 καὶ

385 3210 762 3281 ἀνεκφράστου
793 3212 1072 3282 δυνάμεώς
1099 3230 1160 3266 τε
1193 3213 1288 3266 καὶ
1314 3213 1502 3276 οὐσίας
1527 3213 1702 3266 οὐδενὶ
1734 3214 1954 3284 μέτεστι

384 3302 491 3353 τῶν
526 3301 716 3366 ὄντων,
765 3303 902 3375 πλὴν
945 3305 1027 3356 ἐν).
1075 3305 1240 3375 μόνῳ,
1273 3305 1578 3368 κοινωνίας,
1627 3304 1685 3358 ὃν
1723 3305 1881 3368 αὐτὸς
1927 3307 1956 3359 6

387 3393 573 3465 Πατὴρ
621 3397 848 3468 προνοίᾳ
889 3396 998 3450 τῶν
1031 3397 1165 3451 ὅλων
1205 3399 1309 3470 πρὸ
1340 3398 1448 3450 τῶν
1489 3398 1663 3452 ἄλλων
1697 3398 1956 3452 ἁπάντων

386 3488 771 3558 συνεστήσατο,
811 3489 887 3554 ὡς
929 3491 996 3544 ἂν
1038 3491 1112 3562 μὴ
1150 3489 1427 3552 παντελῶς
1471 3491 1504 3562 ἡ
1542 3492 1650 3544 τῶν
1685 3491 1956 3560 γεννητῶν

385 3576 650 3630 ἀποπέσοι
693 3577 852 3647 φύσις
895 3579 962 3632 δι’
1000 3580 1205 3632 οἰκείαν
1245 3579 1461 3632 ἀτονίαν
1505 3579 1600 3632 καὶ
1633 3580 1953 3650 ἀδυναμίαν,

384 3669 484 3738 τῆς
522 3670 817 3763 ἀγέννητου
851 3673 943 3724 καὶ
980 3672 1262 3744 ἀχωρήτου
1299 3673 1580 3744 Πατρικῆς
1616 3673 1802 3737 οὐσίας
1845 3673 1955 3727 διεο

389 3759 596 3814 στῶσαῖ
638 3762 788 3832 μένοι
815 3763 870 3815 δὲ
900 3765 992 3816 καὶ
1035 3764 1187 3831 αὐξοι
1217 3765 1310 3818 καὶ
1353 3766 1608 3836 τρέφοιτο
1644 3766 1745 3834 τῆς
1784 3767 1956 3837 μέσης

385 3851 726 3906 ἀπολαύουσα
750 3856 1034 3925 χορηγίας,
1059 3857 1125 3926 ἢν
1143 3859 1171 3912 6
1196 3856 1488 3928 μονογενὴς
1511 3857 1603 3910 τοῦ
1631 3857 1766 3910 Θεοῦ
1788 3859 1958 3927 Λόγος

387 3941 584 3997 οὔποτε
626 3948 737 4008 τοῖς
771 3948 934 3999 πᾶσιν
979 3948 1234 4018 ἐπαρκῶν
1276 3948 1643 4018 διαλιμπάνει,
1679 3951 1852 4022 πάντη
1900 3951 1957 4004 δὲ

388 4033 600 4102 χωρῶν,
629 4035 723 4086 καὶ
749 4035 836 4088 διὰ
858 4034 1075 4088 πάντων
1111 4038 1622 4109 περιπορευόμενος,
1653 4041 1869 4093 πάντων
1899 4041 1958 4106 ἐξ

391 4123 509 4194 ἴσης
529 4124 627 4194 τῆς
648 4126 920 4197 σωτηρίας
941 4131 1176 4198 προνοεῖ,
1203 4127 1433 4197 λογικῶν
1455 4131 1590 4200 ὁμοῦ
1614 4133 1705 4184 καὶ
1725 4133 1953 4201 ἀλόγων,

388 4213 596 4285 θνητῶν
627 4233 686 4269 τε
714 4218 808 4270 καὶ
832 4219 1134 4284 ἀθανάτων,
1166 4222 1428 4292 οὐρανίων
1457 4240 1517 4276 τε
1554 4224 1646 4277 καὶ
1671 4226 1948 4292 ἐπιγείων,

389 4302 540 4358 θείων
567 4323 626 4359 τε
663 4309 756 4361 καὶ
801 4310 1048 4382 ἀοράτων
1076 4311 1374 4381 δυνάμεων,
1421 4315 1514 4368 καὶ
1544 4315 1840 4386 συλλήϐδην
1878 4319 1955 4368 εί-

391 4398 527 4459 πεῖν,
560 4396 814 4449 ἁπάντων
850 4399 948 4451 ὅσα
979 4398 1042 4469 δὴ
1071 4399 1164 4452 τοῦ
1192 4397 1329 4454 εἶναι
1351 4402 1418 4454 δι’
1448 4402 1611 4454 αὐτοῦ
1637 4404 1917 4474 μετείληχε
1937 4423 1950 4434 ο

2059 549 2199 595 turre
2227 543 2671 612 superlationem,
2697 558 2817 611 tutae
2847 557 2946 596 nec
2974 541 3080 595 dici
3117 548 3315 610 potest.
3337 547 3390 593 et
3411 541 3634 594 omnino

2062 632 2285 687 infinitae
2333 633 2722 703 magnitudinis
2774 641 2879 694 est,
2930 647 3105 702 neque
3156 646 3397 700 unquam
3453 631 3521 684 ad
3576 631 3630 684 id

2061 723 2338 778 facultatis
2379 733 2724 792 perventura,
2767 730 2826 775 ut
2876 722 2992 791 ipsa
3041 729 3220 774 ortum
3268 719 3496 783 habens,
3541 730 3636 772 aut

2061 814 2208 872 illius
2245 816 2546 870 divinitatis
2597 816 2868 885 particeps
2921 814 3091 876 fieret,
3135 827 3256 882 qua:
3303 827 3405 866 nec
3451 821 3634 866 ortum

2062 905 2243 970 habet,
2270 921 2370 960 nec
2399 907 2518 976 capi
2551 905 3003 976 comprehendive
3038 912 3237 974 potest,
3273 914 3366 958 aut
3397 904 3636 958 intuere-

2062 1006 2151 1050 tur
2198 1013 2439 1066 sursum,
2477 999 2886 1068 intenderetque
2909 999 3079 1051 aciem
3109 997 3438 1051 contraillos
3477 996 3636 1049 lumi-

2061 1090 2149 1144 nis
2211 1092 2524 1160 sempiterni
2575 1091 2780 1154 radios,
2827 1091 2921 1160 qui
2968 1090 3135 1144 nullis
3187 1089 3368 1143 verbis
3402 1087 3634 1157 exprimi

2062 1192 2312 1253 possunt,
2331 1184 2588 1244 nimirum
2618 1199 2842 1238 necesse
2874 1182 2998 1246 fuit,
3026 1198 3127 1236 nec
3158 1181 3384 1252 injuria,
3408 1188 3467 1233 ut
3494 1179 3636 1248 opti-

2061 1291 2183 1330 mus
2236 1292 2431 1347 parens
2477 1284 2531 1332 et
2584 1276 2823 1331 universi
2871 1285 3248 1336 conservator,
3294 1289 3361 1327 ne
3411 1272 3635 1326 omnino

2063 1383 2242 1420 rerum
2286 1369 2534 1438 protinus
2579 1367 2972 1439 gignendarum
3003 1374 3233 1428 natura,
3276 1365 3320 1420 si
3353 1381 3476 1419 cum
3516 1363 3636 1435 ipso

2061 1457 2196 1512 nihil
2230 1475 2458 1529 prorsus
2485 1460 2934 1520 communicaret,
2969 1457 3223 1512 maximis
3264 1457 3422 1512 bonis
3455 1456 3636 1526 priva-

2062 1559 2230 1617 retur,
2265 1551 2496 1607 mediam
2525 1553 2814 1623 quamdam
2852 1553 3012 1606 unice
3045 1552 3128 1606 sui
3157 1553 3440 1622 primoque
3469 1551 3633 1620 geniti

2063 1641 2180 1696 Filii
2211 1642 2474 1706 divinam,
2505 1651 2560 1699 et
2588 1643 3040 1714 omnipotentem,
3071 1651 3124 1698 et
3169 1642 3425 1697 omnibus
3463 1643 3635 1696 virtu-

2061 1735 2207 1791 tibus
2232 1735 2618 1791 exuberanlem
2645 1736 2756 1789 vim
2782 1735 3151 1805 interponere,
3177 1749 3296 1802 qua:
3328 1733 3636 1788 certissime

2057 1839 2110 1881 et
2149 1843 2311 1898 quam
2343 1829 2588 1898 proxime
2623 1837 2675 1888 et
2709 1844 2873 1899 quam
2905 1827 3329 1882 familiarissime
3360 1842 3482 1880 cum
3516 1826 3635 1896 ipso

2060 1918 2218 1974 Patre
2247 1928 2562 1976 versaretur
2590 1929 2643 1976 et
2665 1921 3089 1990 colloqueretur,
3105 1919 3490 1989 aequaliterque
3509 1935 3635 1972 cum

2058 2015 2247 2067 eodem
2278 2013 2497 2068 arcanis
2527 2011 2819 2076 frueretur,
2850 2012 3238 2082 benignissime
3271 2028 3400 2066 vero
3431 2011 3634 2067 demit-

2061 2113 2196 2159 teret
2223 2119 2312 2171 se,
2342 2110 2395 2159 et
2423 2103 2808 2175 quoquontodo
2854 2103 2968 2156 fieri
3007 2114 3226 2174 posset,
3261 2103 3635 2158 conformaret

2060 2195 2126 2248 ad
2151 2209 2247 2250 eos
2272 2195 2365 2265 qui
2395 2210 2426 2248 a
2454 2210 2668 2250 summo
2693 2194 2975 2256 deﬁciunt,
2995 2193 3198 2264 quique
3231 2204 3448 2264 propter
3478 2209 3636 2249 suam

2062 2287 2432 2356 impotentiam
2481 2287 2640 2357 quasi
2679 2283 2904 2341 alteram
2950 2301 3170 2339 manum
3215 2285 3546 2348 desiderant,
3581 2293 3637 2339 et

2061 2378 2306 2448 profectu
2337 2385 2501 2448 atque
2525 2378 2842 2448 adjumento
2870 2378 3132 2447 indigent,
3161 2392 3271 2446 quo
3302 2377 3434 2432 solis
3458 2377 3638 2447 splen-

2060 2469 2247 2524 dorem
2302 2471 2506 2526 sensim
2541 2486 2607 2526 ac
2647 2471 2878 2541 benigne
2908 2487 2966 2525 se
3001 2468 3067 2523 ad
3104 2486 3204 2524 nos
3260 2469 3633 2523 demittentem

2063 2560 2261 2615 intueri
2308 2569 2510 2630 queant
2555 2581 2568 2616 :
2608 2562 2810 2632 alioqui
2862 2579 3010 2632 pune
3061 2578 3330 2632 mer-aeque
3383 2561 3520 2614 lucis
3555 2561 3629 2622 vi,

2062 2663 2278 2726 propter
2305 2654 2672 2708 infirmitatem
2705 2661 2949 2724 corporis
2983 2655 3085 2708 frui
3117 2671 3224 2708 non
3253 2654 3482 2724 possint.
3505 2651 3633 2706 Fin-

2061 2762 2253 2816 gamus
2289 2747 2456 2812 enim,
2517 2746 2853 2800 invenienda:
2907 2747 3154 2801 veritatis
3192 2747 3384 2816 gratia,
3414 2743 3634 2798 nitidis-

2063 2839 2259 2891 simum
2295 2837 2446 2891 illum
2486 2837 2656 2892 solem
2696 2838 2873 2907 ipsum
2907 2839 3147 2908 scipsum
3179 2837 3244 2892 de
3273 2837 3415 2891 cmlo
3437 2835 3634 2889 demit-

2061 2941 2194 2993 tere,
2222 2938 2276 2984 et
2307 2945 2430 2984 cum
2461 2930 2772 2986 hominibus
2797 2931 2848 2984 in
2882 2939 3025 2985 terra
3059 2931 3264 2985 versari
3300 2948 3314 2981 :
3345 2945 3473 2982 num
3508 2928 3637 2981 libe-

2062 3037 2180 3074 rum
2233 3020 2305 3076 sit
2351 3028 2513 3090 atque
2568 3022 2885 3078 indiderens
2929 3038 3115 3094 carum
3172 3037 3380 3082 rerum,
3412 3036 3533 3090 quae
3565 3019 3636 3073 ad

2061 3123 2260 3168 terram
2311 3117 2605 3184 pertinent,
2642 3115 2877 3184 cuipiam
2929 3114 3281 3183 permanere?
3323 3112 3541 3166 Minime
3581 3111 3636 3166 id

2056 3203 2275 3274 quidem
2308 3223 2318 3258 :
2356 3219 2482 3257 nam
2538 3215 2788 3273 correpta
2831 3204 3014 3259 omnia
3049 3206 3284 3260 animata
3318 3203 3479 3258 simul
3509 3218 3637 3257 cum

2057 3295 2354 3360 inanimis,
2405 3295 2625 3348 assidua
2672 3296 2946 3365 nimiaque
3001 3297 3140 3352 luris
3195 3295 3462 3350 immissio
3513 3310 3636 3348 cor-

2057 3393 2352 3458 rumperet,
2395 3386 2668 3456 citiusque
2737 3388 2928 3443 oeulos
2978 3388 3302 3442 intuentium
3367 3395 3632 3450 caacaret,

2059 3481 2322 3550 longeque
2401 3481 2575 3550 magis
2643 3497 2800 3536 noxze
2871 3491 2927 3535 et
2991 3483 3360 3552 corruptionis
3441 3490 3637 3537 auctor

2056 3571 2312 3626 omnibus
2338 3571 2519 3636 fieret,
2547 3588 2708 3641 qttam
2732 3573 2945 3640 juvaret
2995 3579 3328 3648 quempiam,
3375 3578 3469 3646 qui
3519 3577 3636 3647 ipse

2055 3665 2274 3732 quidem
2301 3673 2494 3719 natura
2566 3667 2692 3720 talis
2746 3682 2856 3720 non
2911 3676 3016 3729 est,
3086 3676 3462 3722 verumtamen
3503 3683 3633 3738 erga

2057 3756 2254 3830 eosqui
2279 3765 2497 3827 propter
2547 3758 2970 3812 imbecillitatem
3023 3759 3267 3827 ipsorum
3318 3760 3632 3829 pr0priam,

2061 3846 2218 3917 155
2246 3848 2426 3904 minus
2459 3848 2638 3904 idonei
2671 3858 2858 3904 essent
2889 3849 2956 3902 ad
2992 3847 3278 3904 ferendum
3310 3891 3325 3915 ,
3364 3859 3533 3920 atque
3562 3850 3633 3903 ob

2059 3940 2111 3991 id
2145 3941 2297 3994 nimii
2323 3944 2742 4013 superantisque
2772 3943 3081 4012 splendoris
3109 3942 3332 3996 minime
3363 3958 3594 4013 capaces
3614 3982 3630 4005 ,

2057 4028 2185 4083 talis
2225 4031 2501 4086 evaderet.
2552 4032 2664 4086 Cur
2708 4047 2839 4102 ergo
2879 4032 3080 4086 similia
3131 4031 3199 4086 de
3249 4030 3360 4086 Deo
3402 4032 3634 4090 audiens

2059 4120 2382 4183 admiraris,
2413 4121 2572 4191 cujus
2603 4123 2821 4192 quidem
2851 4131 2904 4176 et
2934 4123 3014 4175 sol
3043 4130 3128 4177 est
3159 4138 3319 4193 opus,
3350 4133 3402 4178 et
3431 4124 3630 4178 caelum

2059 4209 2411 4272 universum,
2451 4219 2507 4264 et
2549 4212 2839 4266 mundus?
2883 4211 3161 4282 Siquidem
3215 4215 3362 4267 illius
3411 4213 3631 4268 virtutis

2058 4307 2221 4366 atque
2264 4301 2546 4363 essentiae,
2583 4316 2705 4370 qua:
2734 4302 2900 4355 nullis
2931 4302 3112 4356 verbis
3157 4303 3414 4373 nullaque
3445 4305 3632 4356 elocu-

2058 4397 2205 4446 tione
2242 4393 2472 4462 exprimi
2522 4401 2736 4464 potest,
2789 4394 2924 4447 nihil
2972 4409 3164 4448 eorum
3203 4411 3324 4464 qua:
3362 4402 3525 4456 sunt,
3572 4396 3628 4449 in

389 4486 518 4540 πολύ
545 4503 609 4552 γε
644 4487 750 4558 μὴν
781 4489 961 4542 πλεῖον
995 4490 1353 4562 διαφερόντως
1378 4492 1476 4562 τῆς
1514 4495 1702 4563 νοερᾶς
1750 4496 1841 4547 καὶ
1870 4495 1953 4548 λο-

2062 4495 2273 4556 partem
2307 4494 2400 4538 aut
2433 4486 2988 4542 communicationem
3018 4490 3198 4552 venit,
3232 4497 3426 4560 praeter
3459 4504 3628 4543 unum

389 4578 546 4647 γικῆς
576 4577 810 4646 φύσεως,
855 4579 922 4631 δι’
953 4580 1019 4650 ἦν
1052 4581 1171 4634 οὐδὲ
1196 4581 1256 4632 τὸ
1283 4579 1617 4650 ἀνθρώπινον
1650 4582 1953 4652 ὑπερεφρό-

389 4685 466 4720 νει
516 4669 692 4736 γένος·
744 4669 906 4739 ἐτίμα
951 4670 1007 4722 δὲ
1055 4664 1114 4723 εὖ
1148 4669 1294 4741 μάλα
1342 4670 1434 4722 καὶ
1464 4671 1684 4742 ἐκήδετο
1728 4671 1828 4741 τῆς
1860 4672 1952 4724 τοῦ

389 4760 542 4829 λόγου
566 4764 724 4834 χάριν
742 4766 877 4832 πρὸς
898 4765 1086 4818 ἑαυτὸν
1107 4763 1430 4827 οίκειώσεώς
1455 4782 1512 4818 τε
1538 4768 1630 4819 καὶ
1657 4768 1953 4837 συνεχείας,

389 4847 421 4926 ᾖ
455 4856 548 4906 καὶ
583 4855 702 4908 κατ’
732 4856 913 4909 εἰκόνα
943 4856 1106 4910 αὐτοῦ
1142 4855 1530 4927 μεμορφῶσθαι
1562 4859 1619 4908 ὲν
1651 4861 1762 4922 τοῖς
1791 4860 1955 4930 ἱεροῖς

387 4943 583 5012 λογίοις
616 4947 920 5017 ἀνείρηται.
968 4948 1103 4999 Ἀλλ’
1137 4949 1166 5000 6
1197 4947 1295 5016 μὲν
1330 4947 1429 5020 τὴν
1457 4949 1638 5002 εἰκόνα
1663 4949 1763 5021 τὴν
1790 4950 1952 5003 αὐτοῦ

389 5035 460 5098 ὡς
499 5036 563 5088 ἂν
597 5035 734 5088 Θεοῦ
778 5037 948 5105 Λόγος
990 5037 1084 5108 τὴν
1115 5035 1308 5107 νοεράν
1346 5037 1564 5091 ἅπασαν
1606 5039 1700 5091 καὶ
1733 5038 1954 5110 λογικὴν

391 5129 642 5196 ὐφίστησι
699 5129 978 5200 καταρχὰς
1028 5129 1127 5200 τῆς
1178 5129 1271 5182 τοῦ
1329 5129 1528 5192 παντὸς
1576 5129 1952 5202 δημιουργίας,

389 5219 609 5289 ἀρχικόν
653 5237 711 5272 τε
754 5220 843 5272 διὰ
893 5221 1064 5273 ταῦτα
1104 5222 1197 5273 καὶ
1233 5219 1507 5290 βασιλικὸν
1550 5220 1658 5273 τῶν
1708 5222 1800 5273 ἐπὶ
1851 5222 1954 5292 γῆς

389 5311 639 5364 ἁπάντων
674 5310 810 5374 ζῶον
846 5311 1078 5382 καθίστη
1113 5311 1205 5364 τὸν
1246 5311 1547 5383 ἄνθρωπον,
1583 5311 1864 5383 ἐλεύθερόν
1894 5329 1953 5364 τε

389 5404 478 5454 καὶ
522 5401 869 5466 αὐτεξούσιον
910 5404 1008 5472 τῆς
1043 5405 1122 5466 είς
1162 5403 1223 5456 τὸ
1264 5404 1426 5456 καλὸν
1460 5404 1492 5474 ἢ
1536 5405 1615 5466 είς
1645 5404 1954 5456 τούναντίον

389 5494 534 5562 ﬁgis:
559 5495 724 5547 αὐτὸν
750 5495 941 5566 ῥοπῆς·
975 5496 1003 5546 6
1026 5495 1103 5558 δὲ,
1129 5495 1189 5547 οὐ
1223 5494 1399 5558 καλῶς
1425 5497 1490 5565 τῇ
1523 5494 1954 5564 αὐτεξουσιότητι

391 5588 750 5656 χρησάμενος,
772 5585 872 5655 τῆς
895 5586 1058 5658 ὀρθῆς
1085 5586 1427 5656 διεκτραπεὶς
1446 5586 1588 5650 ὁδοῦ,
1603 5585 1698 5656 τὴν
1714 5587 1955 5638 ἐναντίαν

391 5675 633 5746 ὡρμᾶτο,
665 5680 798 5749 μήτε
824 5679 954 5732 Θεὸν
983 5680 1118 5749 μήτε
1149 5679 1372 5751 Κύριον,
1403 5679 1526 5750 μήτ’
1554 5679 1633 5731 ἔτι
1657 5678 1766 5732 τῶν
1793 5679 1954 5732 ὁσίων

393 5767 482 5818 καὶ
519 5767 759 5821 εὐσεὸῶν
786 5767 1238 5840 ἐπιλογιζόμενος,
1281 5769 1462 5842 θηρῶν
1499 5770 1553 5824 δὲ
1590 5771 1786 5842 τρόπον
1833 5769 1956 5824 ἀλό-

671 5863 935 5926 Ριτιιοι,
971 5864 1087 5927 Gn.
1118 5864 1312 5925 XXII.

2055 4577 2357 4641 duntaxat,
2386 4594 2548 4648 quem
2582 4580 2700 4650 ipse
2739 4579 2926 4644 Pater,
2977 4582 3194 4636 cunctis
3232 4581 3396 4636 rebus
3444 4580 3631 4650 provi-

2056 4669 2192 4724 deus
2216 4709 2230 4732 ,
2256 4678 2380 4724 ante
2412 4669 2520 4724 alia
2542 4682 2738 4727 cuncta
2766 4673 3092 4740 constituit,
3115 4688 3183 4728 ne
3207 4673 3450 4728 omnium
3482 4687 3631 4742 qua-

2057 4777 2272 4830 cunque
2299 4760 2441 4814 facta
2473 4772 2660 4818 essent
2689 4765 2907 4834 penitus
2941 4774 3135 4818 natura
3166 4773 3472 4828 corrueret,
3507 4779 3630 4833 qua

2056 4862 2278 4923 propter
2309 4854 2682 4910 infirmitatem
2711 4864 2875 4926 atque
2906 4858 3277 4926 impotentiam
3312 4857 3586 4927 propriam
3609 4897 3625 4920 ,

2058 4946 2216 5016 longe
2257 4947 2463 5002 recedit
2505 4948 2573 5002 ab
2608 4949 2699 5002 illa
2741 4949 2920 5004 Patris
2959 4950 3236 5010 essentia,
3281 4965 3403 5018 quae
3452 4965 3629 5018 neque

2057 5039 2239 5106 genita
2299 5046 2427 5101 est,
2487 5055 2665 5109 neque
2714 5041 2837 5108 capi
2888 5038 3343 5109 comprehendive
3398 5048 3577 5108 potest
3610 5080 3624 5099 ,

2059 5128 2156 5183 sed
2188 5138 2246 5184 ut
2284 5138 2566 5193 maneret,
2608 5139 2920 5195 cresceret,
2965 5131 3268 5186 nutriretur
3310 5133 3486 5186 media
3532 5133 3624 5186 illa

2058 5221 2247 5276 fruens
2283 5223 2605 5293 largitione,
2642 5238 2804 5292 qttam
2842 5223 3064 5276 unicum
3099 5223 3337 5292 genitum
3371 5223 3464 5277 Dei
3495 5222 3630 5276 Ver-

2057 5315 2183 5368 bum
2204 5355 2218 5379 ,
2255 5330 2532 5385 nunquam
2564 5314 2836 5369 universis
2867 5313 3346 5369 suflicere'desinit
3369 5354 3385 5378 ,
3416 5313 3481 5368 ad
3509 5329 3629 5368 om-

2058 5406 2149 5458 nia
2191 5421 2320 5458 vero
2361 5413 2655 5475 penetrans
2701 5411 2754 5457 et
2794 5404 3035 5474 undique
3072 5404 3254 5458 omnia
3289 5419 3625 5474 peragrans,

2059 5498 2288 5552 salutem
2326 5499 2570 5551 omnium
2590 5496 2873 5566 mqualiter
2902 5495 3244 5565 providet,ct
3271 5496 3620 5550 rationalium

2056 5599 2111 5644 et
2162 5590 2489 5649 brutorum,
2539 5596 2593 5641 et
2641 5590 2952 5644 mortalium
2997 5598 3051 5643 et
3098 5589 3526 5646 immortalium,
3571 5592 3627 5639 et

2057 5679 2368 5731 rmlestium
2401 5686 2454 5732 et
2481 5678 2827 5731 terrestrium
2851 5717 2866 5742 ,
2910 5677 3220 5733 divinarum
3263 5693 3482 5749 quoque
3524 5692 3627 5746 po-

2058 5775 2316 5825 testatum
2341 5808 2354 5834 ,
2391 5777 2552 5839 atque
2581 5783 2768 5826 earum
2796 5786 2914 5840 quae
2939 5778 3193 5841 aspectus
3236 5779 3455 5825 nostros
3489 5765 3627 5822 effu-

3313 5866 3350 5922 9
