4158 6418
525 313 630 367 9.67

1193 309 1462 365 ElfSEBll
1500 307 1978 363 CAESARlENSlS
2016 308 2063 363 Ο

2206 308 2385 364 PARS
2417 308 2457 360 1.
2494 341 2561 350 -
2600 310 3096 369 APULOGETICA.

3666 318 3772 373 268

526 436 714 505 giunt,
762 432 997 501 denique
1046 432 1288 483 omnium
1334 443 1677 499 quacunque
1714 443 1809 498 per
1853 427 2003 481 illum
2042 428 2057 480 i

2165 445 2311 510 ,γων
2365 429 2566 492 πάσαις
2618 430 2920 502 ἀνημέροις
2989 432 3083 484 καὶ
3132 431 3453 497 ἀκολάστοις
3506 435 3771 505 πράξεσιν
3856 426 3863 433 ’

523 527 667 598 quod
715 532 843 581 sunt
887 538 1179 592 accepere,
1226 523 1383 593 longe
1425 531 1605 577 tamen
1652 523 1888 593 amplius
1930 530 2093 592 atque

519 617 878 675 excellentius
907 615 1258 684 intelligentis
1283 615 1678 684 rationalisque
1709 625 1937 678 naturas,
1965 630 2093 686 pro-

519 722 636 779 pter
659 724 821 780 quam
852 724 919 762 ne
947 707 1245 761 humanum
1268 705 1497 776 quidem
1528 712 1853 775 aspernatus
1882 713 1967 760 est
2001 720 2094 774 ge—

516 819 651 865 nus,
693 800 786 857 sed
821 802 1029 855 honore
1059 798 1241 869 potius
1267 807 1320 851 et
1340 811 1480 850 cura
1511 797 1713 867 ingenti
1740 803 2087 868 prosecutus,

515 898 587 953 ob
621 896 925 967 appositam
973 892 1323 964 peculiariter
1371 890 1439 945 ad
1478 892 1721 959 seipsum
1764 890 1996 944 rationis
2032 898 2089 944 et

512 988 666 1044 verbi
721 984 1181 1041 necessitudinem
1232 990 1285 1036 et
1334 982 1817 1051 conjunctionem,
1866 980 1922 1033 in
1977 994 2085 1050 qua

509 1082 674 1135 etiam
723 1078 791 1132 ad
839 1077 1014 1147 ipsius
1057 1075 1383 1144 imaginem.
1432 1071 1660 1127 formam
1706 1071 1985 1140 accepisse
2027 1069 2080 1124 in

510 1172 686 1228 sacris
717 1170 957 1225 oraculis
994 1167 1200 1222 dictum
1231 1174 1334 1221 est.
1374 1162 1481 1221 Sed
1524 1164 1615 1218 ille
1662 1162 1882 1232 quidem
1928 1177 2083 1217 suam

509 1266 685 1335 ipsius
731 1263 1058 1333 imaginem,
1105 1268 1365 1328 tauquam
1409 1255 1503 1311 Dei
1550 1254 1785 1311 Verbum
1828 1263 2083 1309 cunctam

508 1354 883 1426 intelligentia:
915 1350 1230 1407 etrationis
1261 1362 1516 1418 capacem
1549 1355 1801 1401 naturam
1823 1384 1838 1411 ,
1871 1346 1941 1399 ab
1975 1344 2083 1398 ini-

2203 521 2487 594 ἐγχειρῶν.
2544 523 2744 576 Είκὸτα
2788 523 2918 592 γοῦν
2962 523 3140 595 ἐαυτῷ
3189 525 3357 578 ποιῶν
3386 527 3415 578 ὁ
3460 529 3771 597 πανάγαοος

2202 615 2296 668 καὶ
2337 615 2711 686 παμϐασιλεὺς
2763 616 2923 680 αὐτὸς
2972 619 3001 670 ὁ
3049 616 3308 688 ’Ὑψιστος
3351 619 3447 672 καὶ
3485 621 3615 685 Θεὸς
3661 620 3770 674 τῶν

2199 708 2355 773 ὅλων,
2389 707 2464 772 ὡς
2499 708 2563 762 ἂν
2601 708 2674 780 μὴ
2705 708 2928 780 ἄναρχοι
2954 711 3048 764 καὶ
3077 711 3496 782 ἀνεπιστάτητοι
3524 711 3771 784 θρεμμά-

2198 816 2305 852 των
2337 798 2494 869 δίκην
2532 799 2742 869 ἀλόγων
2772 795 2881 853 εἷεν
2930 802 2977 853 οί
3008 802 3100 855 ἐπὶ
3136 803 3239 873 γῆς
3288 800 3581 872 ἄνθρωποι,
3629 818 3765 874 προ-

2196 892 2395 957 στάτας
2428 892 2603 947 αὐτῶν
2637 894 2730 947 καὶ
2763 893 3096 966 ἐπιμελητὰς
3128 893 3315 967 ὥσπερ
3357 895 3508 958 τινάς
3534 894 3767 966 ἀγελάρ·

2192 1004 2292 1057 χας
2348 986 2441 1040 καὶ
2489 986 2777 1057 ποιμένας,
2829 986 3008 1050 θείους
3056 988 3319 1057 ἀγγέλους
3368 989 3763 1058 κατεστήσατο,

2191 1074 2464 1145 προτάξας
2495 1077 2748 1130 ἁπάντων
2785 1077 3009 1140 καὶτοῖς
3032 1079 3197 1131 πᾶσιν
3223 1079 3523 1149 ἐπιστήσας
3546 1079 3637 1132 τὸν
3670 1095 3766 1149 μο-

2188 1167 2380 1237 νογενῆ
2410 1167 2503 1220 καὶ
2529 1168 2871 1240 πρωτότοκον
2913 1167 3076 1222 αὑτοῦ
3108 1170 3298 1237 Λόγον.
3336 1169 3522 1240 Τούτῳ
3546 1171 3601 1224 δὲ
3633 1169 3765 1242 κλῆ-

2188 1275 2280 1328 ρον
2301 1256 2600 1328 ἐξαίρετον,
2623 1259 2819 1323 αὐτοὺς
2849 1259 3114 1328 ἀγγέλους
3136 1261 3230 1313 καὶ
3249 1261 3640 1332 ἀρχαγγέλους,
3666 1264 3764 1316 καὶ

2185 1348 2334 1413 θείας
2363 1349 2640 1421 δυνάμεις,
2674 1350 2813 1404 ἇῦλά
2841 1367 2900 1403 τε
2939 1351 3033 1404 καὶ
3058 1352 3424 1423 ὑπερουράνια
3448 1352 3775 1425 πνεύματα..

509 1451 583 1502 tio
616 1445 995 1501 fabricationis
1027 1441 1269 1497 universi
1302 1440 1621 1503 substituit,
1668 1445 1832 1507 atque
1871 1436 2063 1492 idcirc<

2183 1440 2275 1493 καὶ
2310 1439 2416 1512 μὴν
2446 1440 2666 1494 καὶτῶν
2700 1441 2794 1493 ἐπὶ
2822 1441 2925 1511 γῆς
2948 1441 3044 1506 τὰς
3076 1444 3133 1496 ἐν
3163 1442 3466 1515 ἀνθρώποις
3495 1443 3761 1514 θεοφιλεῖς

507 1541 806 1611 principem
840 1551 1129 1607 regemque
1161 1533 1407 1588 omnium
1455 1545 1796 1603 quaecunque
1840 1530 1893 1583 in
1935 1537 2063 1584 terra

2182 1532 2359 1603 ψυχὰς
2423 1532 2757 1603 ἀφωρίσατο,
2817 1532 3008 1587 Ἰακὼϐ
3057 1535 3150 1589 καὶ
3214 1535 3429 1608 Ἰσραὴλ
3493 1536 3760 1608 Ἐϐραίων

504 1643 632 1689 sunt
666 1632 983 1687 animalium
1007 1670 1020 1692 ,
1052 1628 1335 1683 constituit
1379 1625 1655 1680 hominem
1678 1664 1693 1689 ,
1735 1639 1971 1693 eumque
2011 1624 2063 1677 li-

2187 1626 2527 1697 προσηγορίᾳ.
2549 1627 2811 1679 ὲπικαλου
2819 1625 3005 1697 μένας,

503 1730 692 1783 herum
728 1735 781 1780 et
813 1740 926 1781 suae
959 1725 1133 1795 ipsius
1164 1721 1452 1793 potestatis
1484 1720 1720 1783 dimisit,
1755 1734 1864 1790 qua
1906 1727 1960 1774 et
1998 1718 2065 1772 ad
2100 1719 2302 1775 bonum
2323 1761 2338 1784 ,
2382 1730 2435 1775 et
2462 1720 2528 1775 ad
2567 1721 2694 1776 boni
2725 1724 3059 1777 contrarium
3094 1722 3222 1778 ferri
3254 1732 3458 1794 posset.
3501 1723 3600 1780 Hic
3625 1740 3760 1781 vero

500 1839 610 1877 non
643 1824 780 1877 bene
813 1837 910 1875 sua
953 1818 1128 1889 ipsius
1169 1824 1435 1888 potestate
1477 1832 1644 1882 usus,
1681 1822 1739 1871 et
1773 1829 1803 1868 a
1834 1823 1983 1869 recto
2014 1814 2209 1870 itinere
2237 1815 2427 1871 abiens
2456 1816 2744 1881 diversus,
2773 1817 2830 1872 in
2871 1819 3212 1874 contrarium
3238 1819 3452 1875 delatus
3490 1828 3604 1887 est,
3646 1836 3758 1876 non

500 1922 764 1986 reputans
798 1910 927 1982 quid
961 1910 1105 1965 Deus
1134 1921 1187 1964 et
1220 1908 1508 1972 Dominus,
1544 1922 1652 1962 non
1680 1907 1810 1976 quid
1839 1906 1931 1976 jus
1958 1914 2012 1961 et
2048 1905 2163 1970 fas,
2203 1922 2310 1962 non
2344 1908 2474 1978 quid
2505 1910 2679 1978 pietas
2706 1910 3042 1980 postularet,
3082 1911 3177 1967 sed
3207 1914 3382 1967 instar
3414 1911 3716 1968 belluarum
3739 1956 3756 1979 ,

498 2022 621 2078 quae
653 2006 884 2061 rationis
928 2010 1181 2073 expertes
1218 2010 1605 2066 sunt,omnes
1656 2001 1985 2055 inhumanas
2030 2006 2195 2069 atque
2242 2000 2598 2057 immodestas
2638 2007 2881 2059 actiones
2922 2004 3267 2075 aggrediens.
3300 2003 3552 2077 Optimus
3594 2007 3761 2078 igitur

497 2115 660 2174 atque
700 2101 943 2157 omnium
987 2108 1264 2171 regnator,
1314 2099 1432 2168 ipse
1474 2096 1827 2161 Altissimus,
1879 2094 2023 2150 Deus
2047 2096 2323 2161 universi,
2375 2097 2469 2167 qui
2515 2113 2731 2168 semper
2769 2114 2833 2154 ea
2872 2114 2995 2170 qua:
3037 2100 3278 2171 seipsum
3319 2100 3545 2157 deceant
3585 2100 3756 2166 facit,

495 2214 566 2254 ne
616 2198 821 2268 absque
876 2196 1043 2251 certis
1096 2193 1438 2265 principibus
1491 2207 1556 2246 ac
1594 2192 1886 2262 praefectis,
1924 2191 2102 2247 instar
2125 2192 2497 2262 jumentorum
2529 2196 2932 2250 irrationalium
2966 2207 3172 2263 essent,
3215 2198 3310 2269 qui
3350 2199 3404 2252 in
3446 2206 3591 2254 terra
3635 2214 3759 2255 ver-

494 2292 760 2347 sabantur
798 2290 1049 2345 homines
1070 2329 1085 2354 ,
1120 2295 1327 2344 tutores
1356 2287 1465 2342 illis
1499 2298 1553 2343 et
1591 2294 1875 2342 curatores
1905 2288 2065 2358 quasi
2095 2287 2361 2359 quosdam
2395 2299 2770 2347 armentorum
2804 2291 2974 2351 duces
3013 2300 3177 2365 atque
3214 2302 3497 2364 pastores,
3539 2296 3757 2351 divinos

492 2389 716 2458 angelos
748 2386 932 2451 dedit,
967 2387 1212 2457 principe
1251 2388 1496 2440 omnium
1538 2384 1849 2449 declarato,
1890 2384 2052 2457 156
2077 2386 2443 2458 omnibusque
2484 2388 2741 2458 praefecto
2769 2379 2966 2457 unico,
2996 2392 3282 2463 primoque
3314 2393 3498 2463 genito
3536 2408 3639 2448 suo
3672 2394 3757 2464 ip-

491 2481 609 2538 sius
641 2479 840 2537 Verbo.
874 2477 1127 2551 Huicque
1153 2479 1259 2549 ipsi
1306 2486 1510 2533 sortem
1559 2479 1927 2549 praecipuam,
1959 2479 2180 2549 angelos
2211 2481 2361 2550 ipsos
2389 2489 2554 2553 atque
2594 2483 2983 2555 archangelos,
3025 2485 3350 2556 divinasque
3408 2497 3705 2558 potestates
3734 2528 3751 2555 ,

404 2577 419 2591 ⁶
493 2577 847 2647 materiaeque
886 2576 1067 2631 omnis
1092 2584 1366 2645 expertes,
1408 2590 1473 2629 ac
1515 2576 1638 2645 ipso
1678 2576 1820 2630 coelo
1865 2576 2180 2645 superiores
2221 2578 2486 2646 spiritus,
2535 2595 2749 2635 necnon
2795 2596 2862 2636 ex
2910 2582 2978 2636 iis
3021 2597 3142 2652 quae
3179 2582 3235 2637 in
3262 2593 3405 2638 terra
3433 2594 3750 2653 versantur,

490 2672 776 2743 religiosas
822 2671 1103 2725 hominum
1147 2670 1358 2725 animas
1397 2685 1648 2727 seorsum
1701 2671 1984 2738 attribuit,
2037 2686 2157 2742 quae
2206 2674 2371 2728 etiam
2416 2676 2878 2746 appellationibus
2922 2675 3314 2743 Hebraeorum,
3365 2676 3536 2735 Jacob
3584 2686 3751 2751 atque

489 2762 658 2821 lsrael
673 2764 1065 2820 .nominantur.

1212 2879 1326 2934 VII.

489 2975 644 3044 Quod
672 2976 800 3031 solis
844 2974 1082 3030 Hebraeis
1114 2975 1408 3044 antiquitus
1441 2974 1670 3044 cognitio
1708 2971 1801 3028 Dei
1832 2975 2060 3030 universi

2177 2971 2271 3044 Ὠς
2302 2974 2512 3043 μόνοις
2581 2973 2862 3041 Ἑϐραίοις
2926 2973 2994 3028 τὸ
3056 2974 3316 3027 παλαιὸν

536 3047 768 3130 πρτοάὶια
802 3047 876 3101 sit
898 3085 914 3111 ,
946 3062 1062 3116 qua:
1101 3042 1312 3099 Christo
1369 3042 1597 3113 seipsum
1638 3044 1912 3099 exhibeute
1943 3063 2064 3116 per-

555 3128 832 3188 ciperetur.

545 3228 672 3286 Hoc
700 3244 835 3286 sane
861 3226 1247 3299 mysteriorum
1274 3225 1520 3281 omnium
1555 3225 1824 3292 maxime,
1855 3229 2063 3297 primus

481 3322 866 3393 theologorum
900 3320 1116 3393 Moyses
1145 3320 1198 3373 in
1245 3320 1499 3383 arcanis,
1548 3319 1807 3376 Hebraeos
1847 3330 2060 3378 veteres

485 3415 756 3474 initiavit.
794 3414 877 3470 sic
910 3412 1104 3468 dicens
1137 3432 1151 3467 :
1183 3431 1201 3463 ι
1236 3410 1518 3483 Interroga
1557 3421 1768 3483 patrem
1811 3420 1966 3469 tuum
2008 3422 2062 3470 et

484 3506 829 3562 annuntiabit
851 3504 971 3568 tibi,
1002 3504 1239 3573 majores
1267 3511 1391 3559 tuos
1415 3512 1470 3558 et
1496 3503 1680 3560 dicent
1704 3505 1801 3561 tibi
1829 3524 1842 3561 :
1872 3506 2061 3573 Quan-
2133 3568 2139 3575 ε

481 3599 553 3654 do
602 3596 881 3653 dividebat
927 3596 1245 3652 Altissimus
1277 3603 1518 3666 gentes,
1574 3608 1634 3652 ut
1682 3597 2060 3655 disseminavit

483 3690 626 3745 ﬁlios
657 3689 829 3744 Adam
853 3728 867 3752 ,
895 3687 1183 3744 constituit
1212 3688 1476 3743 terminos
1503 3689 1744 3759 gentium
1774 3690 1930 3760 juxta
1958 3707 2059 3745 nu-

481 3796 693 3837 merum
723 3782 1038 3851 angelorum
1074 3777 1207 3844 Dei,
1251 3790 1304 3835 et
1336 3780 1477 3834 facta
1513 3791 1597 3836 est
1630 3781 1806 3853 portio
1841 3781 2057 3838 Domini

480 3873 717 3945 populus
746 3873 867 3943 ejus
893 3869 1100 3935 Jacob,
1135 3871 1412 3928 funiculus
1439 3873 1775 3929 haereditatis
1817 3873 1939 3944 ejus
1979 3875 2060 3931 ls-

478 3968 593 4037 rael
617 3967 686 4022 ".
717 3987 736 4019 »
764 3964 862 4021 llis
883 3965 1100 4035 quidem
1124 3966 1305 4021 verbis
1332 3983 1346 4020 :
1372 3965 1711 4021 Altissimum
1738 3980 1884 4030 eum,
1911 3967 2057 4037 quod

476 4058 642 4116 Pater
690 4065 808 4122 est,
851 4057 1062 4129 quique
1103 4072 1269 4126 supra
1322 4056 1546 4120 omnia,
1598 4055 1767 4111 Deum
1816 4055 2053 4111 universi

476 4153 727 4209 nominat
757 4169 770 4206 :
802 4149 1093 4204 Dominum
1130 4163 1260 4204 vero
1286 4148 1519 4218 hujusce
1547 4147 1811 4212 Verbum,
1840 4147 1893 4202 id
1922 4163 2055 4203 sane

2911 2883 2971 2934 Ζ,

3374 2976 3413 3044 ἡ
3474 2976 3580 3029 τοῦ
3628 2977 3747 3033 τῶν

2235 3043 2394 3098 ὅλων
2421 3044 2571 3099 Θεοῦ
2595 3044 2815 3110 γνῶσις
2845 3045 3331 3103 ἀποκεκάλυπτο.
3360 3045 3457 3099 διὰ
3479 3045 3587 3114 τῆς
3614 3050 3745 3105 ἐπι-

2234 3115 2488 3185 φανείας
2516 3114 2621 3174 τοῦ
2655 3115 2916 3185 Χριστοῦ
2960 3115 3434 3186 γιγνωσκομένη.
3660 3122 3663 3123 ⁷

2234 3228 2405 3282 Τοῦτο
2446 3230 2761 3301 μυστηρίων
2804 3228 2866 3282 τὺ
2912 3229 3188 3300 μέγιστον,
3230 3228 3445 3301 πρῶτος
3478 3230 3744 3301 θεολόγων

2162 3322 2400 3393 Μωῦοῆς
2424 3324 2481 3374 έν
2505 3324 2832 3395 ἀπορρήτοις
2862 3321 3147 3393 Ἐϐραίους
3167 3321 3292 3385 τοὺς
3312 3322 3477 3377 πάλαι
3502 3326 3744 3395 ὲμυστα-

2160 3412 2329 3483 γὼγει
2384 3413 2575 3483 λέγων’
2630 3434 2648 3466 ι
2710 3414 3089 3485 Ἐπερώτησον
3126 3414 3219 3467 τὸν
3261 3418 3475 3488 πατέρα
3517 3433 3608 3469 σου
3647 3419 3743 3471 καὶ

2161 3505 2452 3575 ἀναγγελεῖ
2474 3523 2577 3571 σοι,
2599 3508 2722 3569 τοὺς
2740 3505 3152 3579 ’πρεσϐυτέρους
3183 3523 3275 3560 σου
3299 3509 3393 3561 καὶ
3416 3508 3598 3581 έροῦσί
3622 3526 3703 3563 σοι
3722 3526 3736 3540 ·

2158 3597 2247 3650 ὅτε
2274 3596 2576 3668 διεμέριζεν
2602 3597 2631 3649 δ
2664 3596 2924 3667 "roum;
2955 3595 3104 3668 ἔθνη,
3140 3596 3217 3661 ὡς
3250 3597 3556 3671 διέσπειρεν
3590 3601 3740 3664 υἱοὺς

2171 3687 2360 3759 Ἀδὰμ,
2406 3687 2633 3759 ἔστησεν
2674 3688 2800 3759 ὃρια
2839 3686 3009 3742 ἐθνῶν
3047 3688 3168 3741 κατ’
3224 3688 3455 3761 ἀριθμὸν
3492 3690 3739 3762 ἀγγέλων

2157 3776 2315 3841 Θεοῦ,
2340 3777 2435 3831 καὶ
2458 3776 2691 3849 ἐγενήθη
2732 3777 2890 3849 μερὶς
2930 3776 3135 3849 Κυρίου
3158 3775 3284 3841 λαὸς
3320 3780 3481 3834 αὑτοῦ
3520 3780 3736 3845 Ἰακὼϐ,

2159 3870 2443 3943 σχοίνισμα
2476 3871 2839 3943 κληρονομίας
2858 3871 3024 3924 αὑτοῦ
3072 3872 3307 3944 Ἰσραήλ.
3353 3892 3371 3924 ι
3408 3872 3508 3925 Διά
3531 3874 3737 3927 τούτων

2155 3965 2285 4034 γοῦν
2313 3965 2572 4037 ’Υψιστον
2615 3967 2714 4037 μὲν
2742 3964 2832 4019 τὸν
2861 3965 3141 4029 ἀνωτάτω,
3173 3966 3266 4020 καὶ
3292 3967 3383 4019 ἐπὶ
3418 3965 3571 4031 πᾶσι,
3602 3966 3735 4020 Θεὸν

2155 4056 2261 4110 τῶν
2293 4057 2430 4111 ὅλων
2460 4053 2735 4126 ὀνομάζει·
2772 4053 2973 4125 Κύριον
3000 4055 3057 4108 δὲ
3084 4055 3176 4108 τὸν
3207 4053 3396 4108 τούτου
3423 4055 3617 4125 Λόγον,
3642 4055 3735 4108 τὸν

2153 4150 2218 4223 δὴ
2245 4150 2340 4204 καὶ
2371 4150 2638 4223 δευτέρως
2685 4150 2816 4220 ἡμῖν
2855 4147 2991 4220 μετά
3022 4148 3112 4203 τὸν
3154 4147 3262 4201 τῶν
3304 4148 3441 4201 ὅλων
3470 4149 3600 4202 Θεὸν
3639 4166 3734 4203 κυ-

475 4244 622 4316 quod
671 4259 773 4299 nos
820 4258 850 4297 a
905 4241 1067 4297 Patre
1110 4242 1383 4312 genitum,
1430 4241 1790 4313 appellatione
1837 4238 2048 4295 Domini

2165 4242 2400 4314 ριολόγού
2409 4260 2587 4315 μενον.
2632 4242 2789 4296 Ἀλλά
2824 4241 2933 4312 γὰρ
2963 4245 3075 4307 τοῖς
3110 4242 3206 4313 μὲν
3235 4241 3343 4296 τῶν
3370 4241 3538 4294 ἐθνῶν
3568 4242 3735 4314 ἀορά-

475 4351 824 4393 veneramur.
849 4334 1118 4390 Craterum
1148 4333 1419 4404 praefectis
1443 4333 1662 4403 quidem
1689 4348 1753 4387 ac
1777 4333 2050 4388 tutoribus

2165 4349 2264 4398 τοις
2312 4334 2662 4405 προστάταις,
2703 4332 2886 4395 αὐτοῖς
2930 4330 2985 4385 δὲ
3019 4334 3134 4395 τοῖς
3179 4330 3450 4400 ἀγγέλοις,
3490 4330 3560 4384 τὰ
3602 4330 3731 4403 ἔθνη

473 4430 716 4499 gentium
737 4468 752 4494 ,
777 4428 956 4483 visum
978 4434 1228 4481 nostrum
1256 4424 1641 4495 eﬂ‘ugientibus
1661 4464 1676 4487 ,
1705 4424 1840 4496 ipsis
1865 4424 2052 4495 utique

2165 4428 2329 4482 πάντα
2370 4430 2465 4481 καὶ
2505 4428 2631 4491 τοὺς
2671 4427 2819 4489 υἱοὺς
2860 4424 2968 4478 τῶν
3015 4423 3317 4496 ἀνθρώπων
3360 4425 3509 4489 υἱοὺς
3559 4425 3731 4494 Ἀδὰμ

471 4522 684 4590 angelis
706 4560 722 4583 .
755 4526 988 4576 cunctas
1023 4525 1214 4590 gentes
1242 4526 1298 4571 et
1329 4516 1470 4571 lilios
1499 4516 1783 4571 hominum
1817 4531 1957 4586 quos
1989 4515 2052 4570 ii~

470 4615 574 4669 lios
622 4613 796 4669 Adam
842 4620 1038 4675 vocat,
1073 4610 1247 4681 ipsius
1287 4608 1545 4663 altissimi
1582 4607 1677 4664 Dei
1718 4607 1962 4677 judicio,
1994 4616 2048 4662 et

468 4706 631 4762 nobis
662 4703 1061 4761 occultissimis
1089 4700 1421 4764 rationibus,
1447 4700 1524 4754 ait
1553 4700 1889 4755 distributos
1918 4698 2051 4755 fuis-

465 4817 527 4855 se
556 4797 861 4854 τ-οηιιιίυιη
903 4811 1036 4851 vero
1079 4782 1519 4851 eminentissimo
1559 4794 1777 4865 prasidi
1821 4809 1887 4850 ac
1930 4794 2046 4863 regi

465 4893 751 4958 universi,
800 4891 903 4962 ipsi
942 4890 1136 4960 utique
1175 4889 1419 4952 Christo,
1465 4896 1729 4960 tanquam
1759 4889 1926 4944 unico
1954 4886 2045 4941 Fi-

464 4987 569 5047 lio,
603 5000 671 5040 ex
699 4984 840 5054 ipsis
869 4982 1184 5038 hominibus
1210 4980 1385 5035 Jaeob
1408 4988 1574 5051 atque
1603 4979 1800 5045 lsrael,
1829 4980 1933 5034 hoc
1959 4987 2044 5034 est

464 5092 629 5132 omne
685 5075 1055 5147 quodcunque
1091 5083 1145 5130 et
1184 5076 1303 5128 visu
1346 5073 1551 5143 percipi
1590 5080 1802 5143 potest,
1844 5079 1897 5125 et
1927 5071 2045 5125 cul-

464 5180 580 5225 tum
622 5169 715 5225 Dei
756 5170 1067 5239 amplexum
1116 5176 1230 5232 est,
1288 5165 1550 5220 traditum
1602 5165 1775 5221 fuisse
1822 5177 2038 5234 genus:

464 5279 591 5318 nam
626 5262 722 5333 qui
759 5261 829 5317 ad
867 5262 1124 5316 virtutem
1161 5259 1444 5328 proposito
1479 5257 1782 5313 certamine
1818 5269 2040 5312 exerce-

461 5363 572 5417 tur,
615 5364 778 5423 atque
811 5352 992 5408 adhuc
1030 5356 1239 5421 pugnat
1277 5358 1332 5405 et
1359 5350 1602 5404 luctatur
1641 5350 1697 5404 in
1736 5344 2039 5419 gymnasiis

460 5445 720 5516 pietatis,
764 5444 853 5497 hic
887 5441 1244 5497 Hebraeorum
1280 5439 1550 5496 vocabulo
1586 5439 1791 5495 dicitur
1821 5437 2033 5492 Jacob:

456 5536 551 5606 qui
583 5552 713 5592 vero
737 5535 853 5605 jam
880 5533 1129 5590 victoria:
1160 5548 1225 5588 ac
1254 5534 1603 5604 praemiorum
1666 5529 1809 5602 apud
1867 5528 2038 5586 Deum

455 5643 683 5701 compos
710 5639 796 5685 est
832 5627 1045 5692 factus,
1090 5626 1255 5684 lsrael
1294 5627 1626 5700 appellatur,
1667 5624 1850 5697 qualis
1887 5621 2036 5679 vide-

529 5796 574 5829 ⁸⁵
608 5802 764 5858 Deut.
799 5816 973 5869 xxx",
1006 5799 1128 5857 7-9.

2151 4518 2627 4590 ἐπικαλουμένους,
2669 4518 2846 4590 κρίσει
2883 4517 2978 4571 τοῦ
3023 4516 3245 4587 ὑψίστου
3270 4516 3405 4570 Θεοῦ
3432 4518 3528 4570 καὶ
3552 4516 3730 4585 λόγοις

2149 4604 2409 4686 ἀρρήτοις
2460 4612 2590 4681 ἡμῖν
2643 4628 2774 4683 φησι
2814 4609 3224 4682 διανεμηθῆναν
3276 4609 3356 4680 τῷ
3398 4608 3455 4662 δὲ
3510 4610 3726 4663 πάντων

2150 4702 2489 4773 ὲξοχωτάτῳ,
2530 4702 2758 4773 ἡγεμόνι
2800 4719 2858 4754 τε
2890 4701 2984 4754 καὶ
3023 4699 3233 4772 βασιλεί
3255 4699 3362 4753 τῶν
3386 4698 3543 4765 ὅλων,
3575 4698 3726 4769 αὑτῷ

2146 4794 2210 4867 δὴ
2242 4794 2319 4865 τῷ
2343 4793 2585 4865 Χριστῷ,
2613 4793 2689 4858 ὡς
2722 4793 2788 4847 ἂν
2821 4796 3098 4866 μονογενεί
3126 4793 3262 4864 Υίῷ,
3285 4792 3395 4846 τῶν
3423 4793 3480 4845 ὲν
3513 4791 3726 4864 ἀνθρώ-

2147 4904 2290 4949 ποις,
2322 4885 2412 4940 τδν
2455 4884 2649 4940 Ἰακὼϐ
2680 4886 2774 4939 καὶ
2831 4885 3068 4958 Ἰσραὴλ,
3098 4886 3344 4939 τουτέστι
3384 4886 3490 4938 πᾶν
3525 4884 3585 4938 τὸ
3610 4883 3724 4938 διο-

2150 4979 2367 5052 ρατικὸν
2417 4977 2511 5033 καὶ
2551 4978 2800 5042 θεοσεϐὲς
2832 4977 3202 5051 παραδοθῆναι
3240 4978 3415 5047 γένος.
3453 4975 3636 5030 Είσέτι
3667 4992 3722 5029 τι

2145 5070 2322 5125 ἀθλῶν
2364 5073 2456 5126 καὶ
2497 5072 2742 5126 παλαίων
2779 5075 2836 5126 ἐν
2876 5074 2987 5137 τοῖς
3030 5074 3150 5125 κατ’
3194 5070 3473 5124 εὐσέϐειαν
3506 5087 3717 5140 γυμνα-

2147 5164 2300 5229 σίοις,
2347 5164 2614 5236 Ἐϐραίων
2654 5163 2993 5235 προσηγορίᾳ
3025 5163 3287 5235 κέκληται
3338 5161 3567 5216 Ἰακώϐο
3596 5164 3625 5215 ὁ
3662 5161 3721 5215 δὲ

2143 5255 2242 5327 ἤδη
2275 5255 2428 5325 νίκης
2473 5256 2567 5309 κα)⁸
2607 5254 2714 5309 τῶν
2754 5255 2903 5328 παρά
2942 5253 3061 5325 Θεῷ
3106 5253 3375 5325 βραδείων
3418 5252 3721 5324 ἠξιωμένος

2154 5348 2370 5422 Ἰσραὴλ
2400 5348 2807 5420 ἀναγορεύεται·
2840 5342 2950 5412 οἷος
2980 5347 3141 5412 αὐτὸς
3171 5342 3240 5416 ἦν
3277 5348 3483 5409 ἐκεῖνος
3520 5344 3549 5397 ό
3580 5342 3716 5414 βοώ-

2146 5456 2302 5511 μενος
2330 5438 2425 5494 τοῦ
2460 5438 2658 5501 παντὸς
2708 5434 2972 5509 Ἐϐραίων
3003 5434 3187 5498 ἔθνους
3226 5433 3547 5507 προπάτωρ,
3577 5430 3634 5483 οἵ
3657 5444 3717 5482 τε

2140 5530 2330 5585 τούτου
2356 5532 2567 5603 γνήσιοι
2598 5529 2784 5593 παῖδες
2809 5527 3064 5597 ἀπόγονοι
3094 5544 3153 5580 τε
3185 5526 3412 5589 τούτων,
3454 5526 3551 5580 καὶ
3584 5538 3717 5595 προ-

2147 5622 2398 5695 πάτορες.
2430 5622 2703 5695 προφῆται
2734 5621 2936 5686 πάντες
2961 5622 3056 5675 καὶ
3085 5619 3351 5691 θεοφιλεῖς
3383 5617 3597 5690 hopes.
3624 5604 3717 5687 Μὴ
