4158 6418
425 362 533 417 369

1308 357 1961 417 DEMONSTRATIONIS
2001 358 2464 418 EVANGELICE
2500 362 2625 416 LIB.
2659 362 2750 417 iV.

3560 357 3667 410 ξ’.ἷο

427 481 537 551 γὰρ
582 498 671 551 μοι
715 478 775 533 τὸ
830 480 1100 533 Ἰουδαίων
1134 478 1333 551 πλῆθος
1364 477 1539 551 ταύτῃ
1580 477 1768 549 νόμιζε
1809 476 2002 549 δηλοῦά

2104 478 2230 534 licet
2266 478 2366 533 fuit
2396 479 2485 533 ille
2517 481 2633 549 ipso
2665 476 2987 532 notissimus
3022 475 3191 530 totius
3229 470 3510 528 Hebraicae
3539 490 3671 544 gen-

430 573 573 636 σθαι,
603 573 794 644 μόνους
830 590 891 628 τε
924 574 1048 636 τοὺς
1086 572 1252 627 πάλαι
1281 559 1550 644 πρότερον
1581 572 1748 643 ἀρετῇ
1777 570 1872 626 καὶ
1905 570 1997 623 εὐ-

433 664 616 736 σεϐείᾳ
652 665 1122 735 τετελειωμένους.
1171 663 1404 727 Τούτους
1432 664 1499 734 δὴ
1532 661 1624 718 οὖν
1664 660 1998 734 παραλαϐὼν

428 756 458 809 ὁ
486 756 813 829 καθηγεμὼν
856 759 952 812 καὶ
983 758 1291 829 προστάτης
1322 758 1574 811 ἁπάντων
1602 756 1695 810 τοῦ
1719 753 1853 809 Θεοῦ
1894 754 1996 808 Λό-

427 863 544 915 γος,
571 848 664 901 ἐπὶ
704 847 803 919 τὴν
833 848 993 919 μόνου
1022 847 1115 902 τοῦ
1146 848 1379 919 Πατρὸς,
1409 846 1570 901 αὐτοῦ
1609 846 1674 919 δὴ
1708 845 1800 901 τοῦ
1843 846 1998 917 Ὑψί-

429 955 579 1001 στου,
610 939 906 1013 θρησκείαν
941 940 1252 993 ἀνεκαλεῖτο
1286 940 1392 993 τῶν
1418 939 1711 1011 ὁρωμένων
1743 938 1998 993 ἁπάντων

429 1030 711 1096 ἀνωτάτω,
753 1032 1008 1088 ἐπέκεινά
1046 1049 1106 1087 τε
1142 1032 1370 1105 οὐρανοῦ
1411 1033 1506 1086 καὶ
1546 1032 1727 1103 πάσης
1767 1031 2000 1103 γενητῆς

429 1122 636 1188 οὐσίας,
669 1123 796 1188 τούς
834 1124 1102 1195 ὑπηκόους
1131 1125 1313 1195 ἠρέμα
1346 1124 1439 1178 καὶ
1475 1124 1664 1195 πράως
1699 1121 1998 1177 ἀνακαλού-

432 1229 613 1283 μενος,
643 1214 803 1284 μόνον
836 1231 895 1267 τε
920 1216 1103 1278 αὐτοῖς
1135 1216 1228 1270 τὸν
1255 1215 1570 1287 ἀγέννητον,
1608 1217 1702 1270 καὶ
1726 1214 1834 1268 τῶν
1861 1213 1997 1268 ὅλων

430 1308 661 1379 ποιητὴν
687 1307 819 1362 Θεὸν
843 1309 933 1363 τὸν
964 1309 1187 1379 ὕψιστον
1220 1310 1546 1383 παραδιδοὺς
1575 1309 1838 1364 εὐσεϐεῖν.

2104 572 2174 626 tis
2209 580 2420 632 auctor.
2455 572 2684 642 ejusque
2714 570 2826 625 veri
2859 584 2924 623 ac
2951 567 3174 639 legitimi
3208 566 3300 622 lilii
3321 608 3339 636 ,
3386 576 3550 638 atque
3579 567 3673 621 bo—

2102 676 2223 715 rum
2252 669 2475 732 nepotes
2504 681 2518 717 :
2550 669 2762 715 veteres
2784 661 2910 715 item
2941 658 3215 730 prophetat
3243 672 3460 721 omnes,
3497 665 3551 713 et
3578 657 3672 727 qui

2103 752 2216 809 Deo
2236 754 2376 825 grati
2407 754 2628 809 fuerunt
2655 752 2758 807 viri
2791 775 2802 808 :
2841 752 2998 823 157
3023 752 3133 805 noli
3155 751 3310 812 mihi,
3337 765 3541 820 quaeso,
3569 765 3666 820 pu-

2104 855 2222 902 tare
2259 846 2571 902 Iudaeorum
2609 856 2937 901 conventum
2973 845 3074 899 hac
3103 845 3466 915 appellatione
3496 842 3670 913 signi-

2108 936 2293 996 iicari.
2334 942 2388 991 et
2427 950 2522 990 eos
2562 935 2709 990 solos
2745 935 2836 1006 qui
2875 934 3017 1005 apud
3059 936 3270 1004 priores
3307 933 3437 987 olim
3473 932 3675 988 virtute

2105 1043 2169 1083 ac
2223 1029 2420 1098 pietate
2476 1026 2700 1098 perfecti
2740 1027 3104 1082 exstiterunt:
3141 1026 3244 1082 hos
3282 1026 3466 1095 itaque
3514 1041 3673 1079 assu-

2103 1136 2258 1175 mens
2310 1120 2506 1174 ductnr
2567 1120 2811 1175 omnium
2847 1135 2910 1175 ac
2948 1120 3203 1189 princeps
3260 1118 3353 1173 Dei
3390 1117 3628 1173 Verbum
3655 1155 3673 1182 ,

2108 1213 2174 1267 ad
2219 1212 2384 1268 unius
2425 1210 2639 1276 Patris,
2691 1213 2863 1283 ipsius
2901 1212 3165 1268 Altissimi
3213 1213 3424 1267 scilicet
3465 1212 3673 1265 cultum

2102 1305 2391 1359 revocabat
2414 1304 2798 1374 supra,omnia
2833 1320 2954 1375 quae
2987 1304 3091 1359 sub
3123 1303 3299 1357 visum
3330 1302 3558 1364 eadunt,
3592 1310 3674 1353 at-

425 1410 536 1464 que
573 1397 713 1451 ultra
739 1393 935 1451 coelum
957 1437 971 1462 ,
1001 1397 1253 1468 ultraque
1284 1413 1499 1454 omnem
1532 1413 1868 1471 quaecunque
1904 1395 2045 1451 facta
2079 1396 2151 1450 sit
2196 1401 2480 1459 naturam,
2510 1409 2604 1449 eos
2652 1394 2745 1465 qui
2786 1395 2889 1450 sibi
2935 1394 3145 1465 iubenti
3192 1395 3501 1465 paruissent
3549 1408 3673 1448 sen-

427 1490 534 1546 sim
580 1492 916 1562 benigneque
962 1491 1236 1558 invitans,
1283 1491 1570 1562 solumque
1624 1486 1731 1546 illis
1759 1506 1883 1546 eum
1905 1530 1919 1555 ,
1955 1488 2047 1560 qui
2079 1490 2294 1559 genitus
2336 1502 2443 1542 non
2473 1494 2589 1550 est,
2621 1488 2862 1543 universi
2892 1488 3227 1543 conditorem
3263 1486 3431 1541 Deum
3472 1486 3676 1544 altissi-

428 1599 580 1638 mum
611 1581 895 1639 colendum
922 1582 1165 1639 tradens.

1174 1700 1255 1753 H’.

2826 1691 2957 1747 Vl".

435 1790 535 1857 ’.Ως
550 1791 943 1871 έιόνρΡς-’τοὺς
963 1789 1089 1871 κατ’
1108 1791 1365 1871 οἰψανίὸγ
1384 1789 1797 1871 φωστῆραςιτὰ
1818 1790 2000 1844 λοιπὰ

2106 1787 2257 1871 Quod
2305 1788 2420 1841 sola
2462 1786 2574 1841 caeli
2633 1787 2809 1841 sidera
2861 1798 2910 1840 et
2976 1788 3176 1871 litim.th
3232 1787 3459 1871 reliqum
3501 1797 3676 1869 gentes

500 1853 621 1916 τῶν
660 1853 849 1917 ἑθγίῶν
900 1853 1114 1917 ἔσεϐον
1156 1853 1435 1931 ἇγγέλοὶς
1491 1853 1655 1916 τισὶν
1679 1853 1999 1931 ⁷εἷ’-χ·πιιεχωρι-

2126 1853 2142 1856 ⁷
2169 1858 2428 1931 colerent,
2474 1873 2591 1927 qua:
2627 1874 2862 1912 seorsum
2920 1855 3234 1927 quibusdam
3286 1853 3678 1929 angelis'assi-

505 1934 722 2001 σμένα.

501 2028 564 2081 Οἱ
595 2027 653 2080 δέ
683 2043 747 2095 γε
779 2025 888 2080 τῶν
915 2027 1091 2081 ἀλλων
1122 2026 1292 2080 ἐθνῶν
1340 2026 1626 2080 ἐπιστάται
1654 2023 1873 2093 ἄγγελοι
1905 2024 2000 2078 καὶ

431 2119 687 2189 ποιμένες
701 2121 826 2184 τοὺς
847 2118 921 2190 μὴ
936 2120 1080 2183 οἴους
1101 2136 1159 2173 τε
1180 2117 1258 2189 νῷ
1280 2117 1371 2171 τδν
1392 2118 1622 2190 ἀόρατον
1644 2116 1964 2171 ἐποπτεύειν
1981 2155 1997 2180 ,

433 2214 566 2285 μηδὲ
591 2214 902 2269 ἀναϐαίνειν
928 2212 1180 2289 τοσοῦτον
1204 2213 1270 2266 δι’
1304 2213 1509 2267 οἰκείαν
1542 2210 1824 2265 ἀσθένειαν
1849 2252 1863 2276 ,
1888 2212 2001 2273 τοῖς

426 2304 723 2376 ὁρωμένοις
758 2306 876 2359 κατ’
904 2304 1130 2378 οὐρανὸν
1164 2304 1451 2377 προσέχειν
1482 2302 1700 2373 ἠξίουν,
1733 2302 1868 2374 ἡλίῳ
1907 2302 2001 2356 καὶ

428 2394 629 2466 σελήνῃ
668 2396 764 2448 καὶ
798 2396 1037 2466 ἄστροις
1071 2395 1108 2450 ἃ
1149 2395 1213 2467 δὴ
1252 2396 1347 2448 καὶ
1378 2396 1435 2448 ἐν
1466 2397 1530 2466 τῇ
1566 2393 1865 2464 φαινομένῃ
1893 2392 2001 2445 τῶν

426 2487 566 2540 ὅλων
592 2486 750 2555 φύσει
773 2487 1139 2560 διαπρέποντα
1156 2528 1172 2552 ,
1206 2486 1318 2542 ἀνω
1348 2488 1442 2541 κα)⁸
1465 2487 1547 2541 ὅτι
1575 2485 1810 2557 μάλιστα
1840 2487 2003 2553 ἐγγυ-

428 2576 578 2628 τάτω
609 2575 687 2639 ὡς
716 2575 782 2629 ἀν
805 2578 864 2629 ἐν
904 2576 1196 2649 προθύροις
1225 2576 1320 2631 τοῦ
1350 2574 1737 2647 παμϐασιλέως
1765 2575 1864 2638 τὰς
1893 2574 2001 2627 τῶν

427 2664 681 2737 ὁρώντων
720 2666 872 2736 ὄψεις
914 2666 1256 2731 ἀνεκαλεῖτο,
1296 2669 1362 2721 ἐκ
1415 2664 1675 2737 μεγέθους
1721 2665 1817 2719 καὶ
1866 2662 2001 2717 καλ-

426 2754 590 2827 λονῆς
611 2757 718 2813 τῶν
737 2760 1028 2831 ὁρωμένων
1049 2760 1360 2831 κτισμάτων
1378 2758 1655 2826 ἀναλόγως
1673 2756 1766 2811 τοῦ
1784 2756 2001 2811 πάντων

427 2847 811 2918 γενεσιουργού
852 2847 952 2918 τὴν
1001 2847 1232 2919 θεωρίαν
1275 2846 1658 2917 ἐμφανίζοντα.
1700 2865 1721 2897 ι
1763 2845 1846 2900 Τά
1893 2845 2002 2917 γάρ

430 2936 640 3007 ἀόρατα
682 2935 882 3002 αὐτοῦ,
926 2956 945 2988 ι
1049 2954 1211 3008 φησιν
1234 2939 1263 2990 ὁ
1289 2936 1431 3000 θεῖος
1471 2935 1807 3001 ’Λπόστολος,
1843 2956 1861 2988 ι
1896 2937 2004 2992 ἀπὸ

431 3030 662 3093 κτίσεως
693 3030 896 3101 κόσμου
928 3032 1040 3094 τοῖς
1072 3031 1338 3102 ποιήμασι
1366 3028 1629 3107 νοούμενα
1667 3029 2000 3104 καθορᾶται,

426 3118 464 3188 ἦ
490 3136 548 3172 τε
573 3120 743 3183 ἀΐδιος
773 3120 937 3174 αὐτοῦ
952 3120 1177 3191 δύναμις
1206 3121 1299 3173 καὶ
1330 3118 1560 3191 θειότης.
1593 3140 1611 3172 ι
1640 3122 1749 3175 Καὶ
1770 3120 1929 3176 τοῦτο
1949 3121 2005 3176 δὲ

426 3212 593 3266 πάλιν
610 3215 641 3266 ὁ
679 3214 851 3284 μέγας
877 3212 1111 3283 Μωύσῆς
1136 3215 1499 3284 μυσταγωγεῖ.
1531 3213 1635 3268 Τὸν
1663 3215 1772 3287 γάρ
1796 3232 1876 3269 τοι
1908 3214 2000 3269 τοῦ

428 3303 634 3375 Κυρίου
657 3304 856 3375 κλῆρον
875 3305 951 3377 νῷ
975 3306 1187 3370 διαυγεῖ
1205 3309 1300 3365 καὶ
1320 3308 1463 3381 ψυχῇ
1488 3307 1872 3379 κεκαθαρμένη
1896 3307 2002 3361 τῶν

428 3396 634 3467 νοητῶν
660 3398 753 3450 καί
782 3398 1086 3469 ἀσωμάτων
1118 3398 1429 3471 ἐριγνᾶσθαι
1453 3399 1796 3471 προτρέπων,
1829 3398 2003 3469 εἴργει

429 3485 529 3555 τῆς
578 3486 686 3539 τῶν
737 3489 1025 3559 ὁρωμένων
1078 3490 1198 3544 κατ’
1251 3491 1475 3562 οὐρανὸν
1504 3488 1839 3562 ἐκπλήξεως,
1883 3491 2004 3543 ἐπι-

428 3575 630 3644 λέγων,
660 3577 742 3631 ὅτι
773 3577 836 3648 δὴ
871 3597 890 3630 ι
938 3578 1121 3632 Ταῦτα
1155 3580 1415 3651 ἀπένειμε
1446 3579 1649 3651 Κύριος
1683 3580 1712 3631 ὁ
1743 3579 1874 3642 Θεός
1909 3593 2001 3631 σου

428 3670 563 3722 πᾶσι
596 3671 706 3732 τοῖς
746 3669 974 3725 ἔθνεσιν.
1004 3690 1022 3723 ι
1051 3671 1151 3725 Διά
1180 3672 1234 3725 τί
1259 3672 1303 3725 δ’
1334 3670 1770 3742 ἀπονενεμῆσθαι
1793 3672 1960 3742 ἔφησε
1984 3710 2000 3733 ,

428 3760 656 3813 συνιδεῖν
695 3761 1010 3830 ἀναγκαῖον.
1046 3761 1421 3826 Πολυπλανοῦς
1460 3762 1810 3835 ὑπαρχούσης
1836 3763 2003 3834 ἀορά-

426 3868 534 3915 τως
564 3853 692 3922 ἡμῖν
714 3852 859 3923 ἀμφὶ
882 3852 972 3906 τὸν
994 3854 1120 3925 περὶ
1141 3855 1242 3926 γῆν
1267 3855 1402 3927 ἀέρα
1432 3855 1766 3927 πωτωμένης
1789 3854 2000 3926 χθονίου

426 3946 522 3997 καὶ
552 3944 872 4015 δαιμονικῑπ
902 3946 1120 4010 οὐσίας,
1154 3945 1431 4015 ἀγνώστου
1465 3964 1526 4001 τε
1562 3949 1655 4000 καὶ
1687 3947 2000 4016 ἀδιακρίτου

426 4036 761 4107 ἀνθρώποις,
796 4037 898 4107 τῆς
932 4037 1040 4091 τῶν
1076 4038 1294 4106 ἀγαθῶν
1338 4040 1660 4110 πνευμάτων
1705 4040 1797 4093 καὶ
1841 4039 2000 4092 δυνά-

429 4144 608 4197 μεων,
649 4130 741 4181 καὶ
777 4129 953 4183 αὐτῶν
997 4130 1060 4200 δὴ
1107 4130 1214 4183 τῶν
1254 4129 1413 4184 θείων
1460 4130 1703 4199 ἀγγέλων
1750 4130 1887 4202 πρὸς
1934 4130 2002 4184 τὰ

425 4218 592 4290 χείρω
620 4218 878 4292 διαφόρου
911 4219 1261 4293 καθεστώσης
1285 4260 1300 4285 ,
1335 4222 1434 4274 οὐκ
1463 4221 1635 4285 ἄλλως
1662 4218 1722 4276 εὖ
1756 4219 1867 4293 εἶχε
1889 4226 2000 4285 τοῖς

424 4310 521 4381 τῆς
550 4311 811 4365 ἀνωτάτω
833 4310 927 4365 τοῦ
950 4312 1338 4383 παμϐασιλέως
1357 4315 1637 4379 εὐσεϐείας
1659 4315 2000 4369 ἀποπίπτου-

428 4419 510 4456 σιν
551 4404 585 4475 ἢ
619 4404 729 4458 τῶν
763 4405 1054 4477 ὁρωμένων
1090 4406 1210 4458 κατ’
1243 4405 1469 4476 οὐρανὸν
1508 4406 1576 4460 τὰ
1615 4407 1875 4478 κράτιστα
1920 4410 2002 4461 αἱς

432 4497 659 4567 ρείσθαι.
689 4497 819 4559 Δέος
849 4496 956 4568 γὰρ
987 4497 1047 4550 οὐ
1073 4497 1134 4550 τὸ
1166 4498 1325 4569 τυχὸν
1353 4494 1441 4568 ἦν,
1475 4500 1681 4570 μήποτε
1702 4539 1717 4562 ,
1744 4499 1876 4553 Θεὸν
1906 4498 2001 4571 ζη-

427 4590 643 4654 τοῦντες
677 4591 773 4644 καὶ
813 4590 885 4643 τά
914 4591 1116 4662 ἀόρατα
1153 4592 1763 4664 πολυπραγμονοῦντες,
1794 4595 1999 4666 ἀπορίᾳ
2036 4570 2076 4621 ί)

428 4680 531 4734 τῶν
573 4680 796 4749 ἀφανῶν
839 4682 931 4735 καὶ
966 4683 1175 4754 ἀδήλων
1214 4684 1295 4747 είς
1332 4683 1575 4748 ἐναντίας
1606 4684 1860 4756 δυνάμεις
1906 4685 2000 4739 καὶ

425 4771 740 4843 δαιμονικάς
760 4777 1163 4844 πριτραπείεν.
1180 4774 1299 4828 Τῶν
1317 4776 1608 4846 ὁρωμένων
1630 4771 1722 4830 οὖν
1737 4776 1805 4829 τὰ
1824 4776 1999 4845 πάντη

424 4864 698 4937 διαπρεπῆ
724 4865 818 4920 τοῦ
837 4866 971 4919 Θεοῦ
992 4867 1445 4939 δημιουργήματα
1469 4870 1579 4931 τοῖς
1611 4868 1686 4939 μὴ
1709 4868 1800 4922 τοῦ
1826 4870 2002 4941 κρείτ-

425 4974 571 5020 τονος
608 4958 917 5029 ἐφιεμένοις
951 4958 1374 5029 παραδεδόσθαι,
1410 4959 1759 5029 ἀμωσγέπως
1791 4960 1997 5014 ἐνθένδε

428 5048 522 5119 τῆς
548 5049 644 5105 τοῦ
675 5050 909 5122 ἀοράτου
935 5050 1167 5121 θεωρίαε
1187 5087 1202 5111 .
1226 5052 1302 5117 ὡς
1329 5050 1395 5105 ἂν
1427 5051 1517 5105 διά
1538 5071 1679 5117 τινος
1711 5052 1998 5125 ἐσόπτρου,

427 5157 561 5213 παρε
569 5143 966 5214 μφαινομένης.

2170 1940 2344 2000 gnata:
2374 1929 2500 1982 sint.

2170 2020 2413 2074 Aliarum
2448 2034 2576 2074 vero
2610 2017 2851 2090 gentium
2893 2016 3132 2087 praefecti
3167 2018 3341 2088 angeli
3389 2024 3551 2088 atque
3581 2033 3674 2088 pa.

2098 2120 2278 2167 stores
2299 2154 2314 2179 ,
2344 2127 2440 2167 eos
2462 2112 2555 2183 qui
2585 2118 2785 2175 mente,
2816 2110 2965 2163 illum
2999 2109 3089 2180 qui
3119 2110 3238 2165 visu
3281 2110 3495 2163 mortali
3524 2108 3675 2166 cerni

2100 2205 2307 2274 nequit,
2333 2202 2533 2259 intueri
2556 2218 2667 2257 non
2698 2208 2967 2272 poterant,
2996 2215 3171 2271 neque
3193 2208 3308 2255 tam
3359 2200 3464 2256 alte
3488 2200 3560 2255 ob
3579 2202 3679 2255 do-

2101 2297 2385 2352 mesticam
2414 2295 2841 2351 imbecillitatem
2867 2294 3181 2356 ascendere,
3210 2309 3275 2348 ea
3304 2308 3425 2361 qua:
3460 2294 3512 2347 in
3537 2294 3677 2348 caelo

2101 2396 2418 2459 spectantur
2441 2387 2799 2458 contemplari
2827 2387 3147 2452 suadebant,
3171 2387 3364 2451 solem,
3391 2393 3446 2442 et
3469 2387 3675 2449 lunam,

2101 2487 2154 2533 et
2180 2479 2385 2535 stellas.
2417 2478 2550 2545 Quae
2582 2478 2801 2549 quidem
2848 2494 2973 2533 cum
3010 2479 3094 2534 vel
3125 2481 3181 2533 in
3215 2479 3441 2535 cadente
3470 2480 3572 2535 sub
3597 2480 3677 2534 vis

2101 2584 2223 2624 sum
2256 2577 2503 2625 nostrum
2535 2570 2774 2625 universi
2819 2578 3014 2624 natura
3045 2569 3402 2640 prteniteant,
3456 2586 3677 2626 sursum

2100 2669 2264 2731 atque
2296 2661 2496 2732 oppido
2527 2676 2688 2732 quam
2729 2670 2952 2733 propter
2995 2670 3254 2733 tanquam
3297 2664 3352 2718 in
3387 2664 3523 2734 ipsis
3553 2680 3674 2718 om-

2100 2751 2252 2807 nium
2277 2754 2420 2823 regis
2450 2752 2755 2816 vestibulis,
2781 2752 2930 2823 ipsos
2961 2753 3287 2807 intuentium
3324 2762 3579 2823 aspectus
3601 2754 3680 2808 al-

2103 2844 2316 2910 liciunt,
2338 2852 2502 2915 atque
2534 2860 2598 2899 ex
2628 2860 2815 2900 earum
2839 2860 3021 2899 rerum
3049 2845 3423 2916 magnitudine
3451 2860 3513 2899 ac
3555 2861 3681 2916 spe-

2102 2937 2207 3000 cie,
2244 2951 2366 3006 quae
2389 2951 2514 2991 cum
2545 2935 2701 2991 facta:
2738 2936 2849 2991 sint
2877 2944 3179 2992 cernuntur
3209 2937 3385 2993 oculis
3405 2979 3420 3005 ,
3451 2953 3682 3010 propor-

2104 3028 2252 3082 tione
2289 3028 2544 3099 quadam,
2576 3027 2814 3084 auctoris
2842 3030 3193 3100 parentisque
3219 3031 3461 3085 omnium
3497 3033 3681 3103 cogni-

2106 3120 2333 3185 tionem,
2359 3119 2982 3191 contemplationemque
3016 3136 3128 3191 prae
3164 3137 3223 3177 se
3267 3122 3489 3177 ferunt:
3530 3142 3550 3175 ι
3587 3123 3679 3178 ln-

2028 3211 2070 3267 C
2103 3212 2337 3267 visibilia
2360 3213 2505 3268 enim
2532 3213 2737 3283 ipsius,
2782 3220 2841 3266 ut
2865 3214 2940 3267 ait
2969 3212 3188 3269 divinus
3218 3212 3514 3284 Apostolus
3536 3215 3603 3279 “,
3649 3231 3681 3269 a

2110 3312 2361 3358 creatura
2384 3304 2592 3369 mundi,
2630 3319 2725 3375 per
2750 3320 2814 3360 ea
2845 3321 2964 3375 qua:
2999 3304 3140 3359 facta
3176 3315 3304 3361 sunt
3367 3308 3639 3362 intellecta
3662 3340 3680 3372 ,

2108 3397 2541 3467 conspiciuntur,
2575 3396 3012 3467 sempiternaque
3034 3397 3153 3467 ejus
3181 3398 3377 3461 virtus,
3404 3406 3458 3453 et
3484 3400 3683 3454 divini-

2108 3495 2211 3544 tas.
2257 3508 2277 3541 ι
2313 3486 2427 3542 Hoc
2465 3502 2683 3559 quoque
2711 3503 2937 3558 magnus
2972 3488 3186 3561 Moyses
3217 3506 3412 3546 rursus
3446 3499 3505 3545 ut
3528 3494 3685 3546 arc'a-

2109 3593 2239 3632 num
2271 3587 2326 3633 et
2354 3592 2574 3634 sacrum
2602 3577 2833 3642 inducit,
2862 3593 2987 3633 nam
3019 3578 3232 3635 Domini
3265 3588 3467 3636 sortem
3491 3581 3686 3636 adhor—

2108 3680 2252 3735 tans,
2284 3678 2342 3724 ut
2387 3677 2569 3725 mente
2611 3668 2791 3723 lucida
2818 3669 3109 3741 animoque
3163 3680 3395 3742 purgato
3443 3686 3508 3727 ea
3562 3690 3684 3744 qua;

2108 3763 2225 3817 sola
2264 3762 2619 3829 intelligentia
2652 3761 2977 3832 capiuntur,
3034 3770 3089 3817 et
3148 3764 3396 3833 corporis
3440 3767 3684 3835 expertia

2109 3860 2257 3917 sunt,
2285 3854 2677 3923 concupiscat:
2718 3855 2969 3925 prohibet
3018 3870 3081 3910 ea
3115 3871 3237 3926 quae
3275 3855 3331 3910 in
3383 3857 3524 3911 cuslo
3568 3872 3691 3927 spe--

2107 3954 2325 4001 ctantur
2353 3946 2817 4018 admirari,supra
2847 3962 2879 4001 a
2911 3962 2970 4003 se
2984 3947 3148 4003 dictis
3183 3947 3509 4019 adjungens,
3540 3950 3684 4020 quod

2108 4036 2223 4092 haec
2263 4037 2539 4093 distribuit
2588 4036 2853 4093 Dominus
2880 4037 3024 4093 Deus
3051 4046 3179 4093 tuus
3212 4056 3233 4088 ι
3262 4041 3476 4096 cunctis
3510 4040 3687 4112 genti-

2108 4128 2210 4184 bus
2239 4130 2306 4161 “‘
2335 4148 2346 4183 :
2392 4149 2410 4180 ι
2443 4145 2542 4184 cur
2567 4138 2747 4185 autem
2777 4131 3070 4185 distributa
3105 4128 3274 4185 fuisse
3312 4130 3539 4195 dixerit,
3591 4147 3688 4187 co-

2104 4239 2367 4294 gnoscere
2396 4239 2574 4295 operae
2599 4226 2830 4295 pretium
2860 4232 2962 4280 est.
3009 4224 3144 4281 Cum
3176 4226 3460 4295 multiplici
3500 4242 3684 4281 errore

2106 4322 2366 4386 vagetur,
2399 4323 2453 4371 et
2490 4316 2648 4371 nobis
2678 4315 2824 4370 haud
2880 4316 3234 4370 cernentibus
3280 4317 3490 4371 circum
3539 4317 3686 4370 hunc

2106 4423 2281 4463 aerem
2308 4409 2399 4478 qui
2429 4416 2628 4463 terram
2660 4407 2849 4472 ambit,
2882 4408 3162 4463 terrestris
3215 4406 3463 4478 quaedam
3496 4408 3685 4463 volitet

2107 4518 2173 4558 ac
2218 4501 2515 4556 daemonica
2572 4508 2788 4565 natura,
2839 4500 3002 4572 158
3031 4515 3194 4572 quam
3224 4500 3475 4556 homines
3508 4516 3684 4571 neque

2106 4608 2455 4666 cognoscere,
2491 4609 2668 4665 neque
2699 4593 3016 4650 discernere
3056 4593 3238 4649 idonei
3268 4601 3420 4656 sunt,
3445 4609 3685 4662 cumque

2108 4686 2373 4741 bonorum
2395 4686 2523 4742 item
2555 4686 2848 4757 spirituum
2881 4701 2946 4741 ac
2977 4693 3328 4757 potestatum,
3359 4696 3413 4741 et
3442 4686 3685 4755 ipsorum

2107 4779 2341 4849 denique
2372 4778 2684 4833 divinorum
2713 4780 3028 4850 angelorum
3056 4789 3275 4843 natura,
3299 4780 3367 4834 ab
3392 4794 3456 4834 ea
3488 4794 3610 4849 qua:
3629 4779 3685 4833 in

2107 4870 2348 4925 deterius
2384 4871 2535 4940 lapsa
2564 4877 2670 4936 est,
2694 4873 3039 4927 continenter
3064 4871 3330 4927 dissideat
3355 4888 3370 4923 :
3395 4886 3502 4925 non
3526 4872 3686 4926 aliter

2107 4962 2174 5018 iis
2206 4962 2297 5033 qui
2328 4978 2356 5016 a
2388 4963 2627 5032 supremi
2653 4964 2894 5018 omnium
2925 4962 3088 5034 Regis
3114 4964 3263 5018 cultu
3295 4962 3682 5028 declinassent,

2106 5068 2193 5108 res
2221 5054 2360 5110 bene
2391 5062 2603 5124 poterat
2642 5055 2837 5111 cedere
2863 5095 2878 5119 ,
2925 5070 3089 5124 quam
3128 5055 3177 5110 si
3222 5070 3411 5110 eorum
3459 5070 3579 5125 quae
3627 5055 3683 5111 iu

2106 5146 2248 5200 caelo
2296 5156 2633 5217 spectantur,
2668 5164 2789 5218 quae
2824 5147 3273 5218 przestantissima
3307 5156 3456 5212 sunt,
3484 5148 3682 5219 elegis-

426 5243 584 5288 sent:
621 5235 923 5305 pericnlum
960 5236 1106 5292 enim
1151 5252 1259 5293 non
1307 5238 1579 5294 mediocre
1617 5246 1736 5294 erat
1759 5280 1775 5305 ,
1824 5239 2021 5294 necubi
2065 5239 2234 5296 Deum
2275 5251 2579 5311 quaerentes
2603 5279 2619 5305 ,
2659 5249 2714 5297 et
2744 5241 3018 5297 curiosius
3042 5256 3162 5312 quae
3184 5243 3250 5297 ad
3271 5249 3549 5313 aspectum
3573 5257 3684 5298 non

426 5330 649 5383 veniunt
716 5329 1069 5400 indagantes,
1108 5330 1640 5389 ditiicultateearum
1698 5349 1878 5389 rerum
1908 5350 2029 5403 quae
2069 5337 2239 5392 latent
2265 5336 2625 5407 obscuraque
2688 5344 2839 5403 sunt,
2887 5335 2954 5390 ad
2986 5336 3289 5392 contrarias
3327 5338 3685 5393 daemonicas-

426 5439 529 5491 qne
556 5432 857 5495 potestates
887 5436 1265 5483 verterentur:
1297 5443 1366 5483 ex
1413 5429 1481 5485 iis
1535 5429 1699 5500 igitur
1729 5446 1851 5500 qua:
1908 5440 2209 5486 cernuntur
2260 5433 2437 5488 oculis
2503 5432 2685 5487 omnia
2715 5430 2808 5486 Dei
2860 5446 3064 5502 opera,
3107 5432 3263 5487 valde
3326 5433 3683 5487 conveniebat

423 5517 513 5578 iis,
572 5520 667 5589 qui
723 5518 857 5575 nihil
904 5523 1254 5590 praestantius
1294 5525 1782 5595 concupiscerent,
1837 5528 2031 5598 quavis
2073 5528 2286 5584 ratione
2320 5528 2697 5584 commendata
2740 5541 2886 5591 esse,
2951 5530 3148 5601 quippe
3180 5544 3305 5584 cum
3354 5544 3416 5583 ex
3450 5528 3518 5584 iis
3550 5528 3679 5590 ille,

422 5613 514 5682 qui
540 5615 718 5669 oculis
751 5616 902 5670 cerni
930 5632 1037 5672 non
1069 5625 1269 5687 potest,
1293 5618 1452 5689 quasi
1485 5619 1543 5674 in
1583 5620 1819 5691 quodam
1870 5623 2095 5693 speculo
2125 5622 2575 5695 contemplandus
2603 5636 2879 5694 appareat.

560 5793 608 5825 ”
642 5790 797 5846 Rom.
829 5809 866 5859 ι,
899 5794 988 5849 9.0.
1062 5790 1129 5827 ’θ’
1166 5794 1319 5850 Deut.
1342 5811 1411 5864 tv,
1444 5797 1525 5851 I9.
