4120 6420
476 320 582 377 275
1149 322 1425 389 EUSEBII
1458 324 1938 383 CIESARIENSIS
1975 326 2127 384 OPP.
2165 326 2370 386 PARS.
2403 329 2423 384 l
2465 359 2534 370 --
2569 328 3071 388 APOLOGETICA.
3623 329 3730 390 27¢

478 445 674 493 nutum
702 443 905 509 praesto
931 445 1138 506 essent,
1167 442 1482 497 mortalium
1510 457 1641 498 vero
1668 443 1882 498 ruinam
1912 460 2017 499 neu

2121 489 2126 504 ,
2155 443 2611 517 διακονουμένων.
2645 448 2744 519 τῆς
2771 446 2829 501 δὲ
2858 449 2964 502 τῶν
2997 449 3207 521 θνητῶν
3241 448 3498 515 πτώσεως
3536 451 3599 505 οὐ
3632 470 3731 506 πε-

479 533 685 602 tiquam
721 531 1211 604 apprehenderent,
1246 542 1468 605 propter
1500 534 1746 605 ipsorum
1770 534 2021 589 hominum

2157 538 2595 610 ριδρασσομένων
2622 540 2709 594 διὰ
2735 540 2835 613 τὴν
2867 541 2974 595 τῶν
3007 541 3190 597 κακῶν
3234 541 3583 598 αύθεκούσιον
3620 545 3731 600 τῶν

479 624 535 678 in
577 625 738 681 malis
770 624 1034 696 eligendis
1078 626 1305 680 liberam
1356 634 1704 698 potestatem,
1758 627 2020 683 diuturnu

2155 628 2455 701 ἀνθρώπων
2480 631 2712 704 αἵρεσιν,
2744 634 2930 707 μακρά
2951 650 3035 698 τις
3054 635 3149 689 καὶ
3169 633 3599 707 δυσθεράπευτος
3620 638 3729 692 τῶν

479 716 701 785 quidam
736 725 901 786 atque
936 717 1354 775 immedicabilis
1385 735 1601 784 omnes,
1625 721 1716 790 qui
1747 727 1949 775 terram
1975 721 2055 775 in-

476 810 719 865 colerent
768 800 1085 881 possidebat
1141 813 1388 875 morbus,
1458 822 1757 884 gentesque
1813 815 2052 871 stimulis

475 902 609 956 alias
640 903 786 968 aliis,
833 905 957 957 mali
1004 905 1231 975 spiritus
1272 907 1327 961 in
1360 906 1531 962 furias
1563 907 1818 978 agebant,
1849 909 2051 977 quibus

475 994 582 1048 illa:
614 995 829 1065 agitatre
867 996 922 1050 in
947 997 1279 1068 profundum
1309 998 1632 1055 insanabilis
1676 1000 1897 1054 malitiae
1929 1000 2050 1054 vol-

474 1088 757 1143 vebantur.
783 1088 901 1145 Jam
922 1092 1066 1147 enim
1088 1091 1311 1162 quidam
1338 1108 1489 1148 more
1508 1093 1835 1157 belluarum,
1858 1109 1980 1163 qua:
1994 1102 2049 1149 et

469 1180 673 1235 crudus
709 1190 762 1237 et
799 1183 1068 1240 humanas
1100 1200 1294 1242 carnes
1327 1186 1592 1243 devorare
1621 1196 2044 1249 consueverunt,

469 1274 617 1328 vesci
646 1275 1098 1333 charissimorum
1135 1280 1245 1334 sibi
1264 1281 1522 1336 carnibus
1547 1280 1835 1351 pulchrum
1859 1282 2049 1337 existi-

468 1368 711 1432 mabant,
755 1372 1016 1440 omnique
1056 1371 1263 1442 pudore
1306 1374 1538 1444 abjecto,
1578 1381 1634 1429 et
1669 1375 1958 1439 matribus,
1993 1384 2047 1430 et

467 1460 767 1527 sororibus,
812 1471 866 1517 et
910 1464 1122 1521 ﬁliabus
1168 1466 1543 1531 commisceri,
1591 1473 1754 1538 atque
1800 1482 1896 1525 eos
1951 1471 2043 1540 qui

465 1554 885 1610 consenuissent
946 1559 1321 1630 strangulare,
1387 1566 1441 1615 et
1510 1567 1757 1617 mortuos
1817 1561 2045 1617 canibus

463 1644 886 1718 rolucribusque
935 1647 1220 1720 projicere.
1274 1649 1393 1705 Iam
1431 1667 1558 1708 vero
1589 1652 1719 1724 quid
1766 1652 1864 1709 tibi
1894 1668 2045 1708 eom-

462 1754 787 1805 memorem,
849 1754 904 1798 et
961 1744 1197 1800 maxime
1257 1744 1517 1812 deorum,
1559 1745 1802 1817 ipsorum
1860 1749 2044 1816 utique

2153 722 2246 774 ἐπὶ
2268 722 2370 793 γῆς
2391 724 2644 779 ἁπάντων
2670 727 2996 798 κατεκράτει
3022 727 3197 791 νόσος,
3225 728 3398 783 ἄλλων
3422 727 3595 792 ἄλλως
3617 728 3725 782 τῶν

2154 813 2322 867 ἐθνῶν
2354 815 2460 869 ὑπὸ
2482 816 2588 871 τῶν
2614 818 2866 890 πονηρῶν
2893 819 3214 890 πνευμάτων
3242 818 3723 890 ἐξοιστρουμένων,
3761 875 3769 883 ,

2152 908 2246 960 καί⁸
2271 909 2351 971 εἰς
2382 909 2676 981 ἀνήκεστον
2706 909 2864 980 βυθὸν
2887 912 3083 976 κακίας
3117 911 3555 966 ἀποπιπτόντων.
3582 911 3721 982 Ἤδη

2150 999 2281 1067 γοῦν
2321 999 2630 1071 ὠμοφάγων
2673 1002 2767 1055 καί⁹
2807 1002 3238 1077 ἁνθρωποϐόρων
3280 1002 3484 1075 Θηρίων
3521 1002 3724 1074 τρόπον

2151 1092 2359 1162 σάρκας
2384 1093 2530 1155 τινες
2551 1094 2658 1148 τῶν
2683 1094 2952 1164 φιλτάτων
2977 1095 3253 1150 θοινᾶσθαι
3275 1096 3439 1150 καλὸν
3465 1095 3721 1167 ἡγοῦντο,

2149 1183 2242 1235 καὶ
2277 1184 2544 1257 μητράσιν
2581 1186 2825 1259 άναίδην,
2867 1187 2961 1241 καὶ
2989 1187 3264 1257 ἀδελφαῖς,
3295 1189 3388 1242 καί⁵
3419 1187 3722 1260 θυγατράσι

2151 1277 2463 1348 μίγνυσθαι,
2493 1278 2695 1349 ἀγχόνῃ
2729 1297 2787 1333 τε
2813 1279 3155 1353 περιϐάλλειν
3173 1280 3299 1343 τοὺς
3320 1283 3719 1353 γεγηρακότας,

2148 1370 2240 1422 καὶ
2264 1369 2390 1422 κυσὶ
2421 1371 2515 1423 καὶ
2544 1372 2751 1436 οἰωνοῖς
2774 1372 2900 1436 τοὺς
2924 1371 3168 1444 νεκρούς.
3203 1372 3267 1425 Τί
3299 1372 3362 1444 δή
3393 1388 3474 1426 σοι
3510 1391 3727 1446 μνημο-

2147 1460 2444 1533 νευσαίμην
2479 1462 2589 1517 τῶν
2619 1462 2780 1533 δῆθεν
2814 1463 2973 1528 θεῶν,
3020 1464 3198 1518 αὐτῶν
3239 1463 3303 1537 δὴ
3347 1465 3459 1518 τῶν
3497 1467 3718 1536 φαύλων

2144 1550 2430 1623 δαιμόνων,
2451 1552 2550 1618 τὰς
2572 1554 2729 1626 ώμάς
2745 1555 2837 1608 καὶ
2858 1554 3121 1620 ἐκτόπους
3138 1555 3607 1629 ἀνθρωποθυσίας,
3635 1561 3715 1624 εἰς

2142 1644 2210 1709 ἃς
2235 1646 2298 1699 τὸ
2330 1645 2663 1719 ἀνθρώπειον
2702 1646 2858 1716 γένος
2898 1647 3196 1720 ἐξέμηναν;
3232 1650 3340 1703 Καὶ
3371 1650 3542 1705 ταῦτα
3582 1652 3723 1720 γοῦν

2143 1741 2205 1794 ἐν
2249 1743 2360 1805 τοῖς
2395 1739 2827 1813 προηγουμένοις
2863 1741 2965 1811 τῆς
3008 1743 3144 1813 μετὰ
3182 1745 3369 1813 χεῖρας
3408 1743 3721 1808 ὑποθέσεως

461 1832 725 1887 malorum
763 1834 1090 1899 daemonum,
1131 1837 1279 1891 omni
1308 1836 1628 1893 crudelitate
1658 1844 1825 1909 atque
1853 1837 2021 1891 imma

2143 1832 2771 1904 προπαρεσκευασάμην.
2803 1831 2961 1887 Ἀλλὰ
2979 1832 3087 1905 γὰρ
3111 1832 3376 1886 τοσούτων
3397 1833 3582 1887 κακῶν
3607 1834 3715 1888 ὑπὸ

460 1924 632 1980 nitate
672 1926 902 1984 refertas
940 1928 1205 1985 humanas
1240 1930 1525 1994 victimas,
1572 1930 1628 1984 in
1660 1945 1799 2000 quas
1836 1929 2032 1984 buma-

459 2032 590 2069 num
611 2032 784 2088 genus
822 2020 1066 2076 insanire
1098 2023 1429 2092 coegerant?
1469 2021 1596 2078 Haec
1648 2023 1815 2094 igitur
1855 2023 1910 2078 in
1941 2024 2030 2085 iis,

460 2121 581 2178 qua:
610 2126 750 2181 opus
784 2112 885 2167 hoc
906 2121 1321 2170 antecesserunt
1345 2115 1489 2186 quod
1518 2132 1667 2172 nunc
1693 2118 1747 2172 in
1776 2116 2031 2173 manibus

456 2201 561 2265 est,
604 2201 719 2271 ipse
750 2206 1071 2275 prteparavi.
1103 2204 1316 2261 Etenim
1349 2222 1474 2262 cum
1501 2216 1579 2263 tot
1609 2209 1752 2264 mala
1779 2223 1811 2263 a
1845 2209 2031 2280 perni-

454 2294 623 2350 ciosis
650 2304 704 2350 et
732 2297 917 2367 pravis
949 2299 1256 2369 spiritibus,
1293 2316 1511 2357 necnon
1544 2302 1613 2357 ab
1640 2318 1726 2368 eo,
1757 2304 1852 2374 qui
1878 2304 1933 2358 in
1961 2304 2029 2359 iis

451 2388 622 2443 totius
648 2390 798 2445 orbis
813 2391 1160 2462 tyrannidem
1184 2403 1504 2464 occuparat,
1526 2395 1806 2464 proposita
1820 2405 2026 2463 essent,

452 2480 747 2555 nullusque
784 2496 973 2537 eorum
1020 2483 1339 2553 angelorum
1373 2483 1468 2554 qui
1501 2483 1742 2554 prmfecti
1786 2483 2023 2553 fuerant,

449 2574 607 2629 malis
655 2573 944 2630 subvenire
998 2582 1143 2630 esset
1194 2575 1454 2641 idoneus,
1504 2577 1701 2633 merito
1744 2578 1877 2633 illud
1930 2578 2026 2635 Dei

453 2665 711 2733 Verbum,
746 2666 836 2720 ille
866 2664 1117 2722 Salvator
1138 2669 1402 2735 universi,
1425 2670 1653 2727 salutari
1682 2678 1818 2727 nutu
1842 2670 2023 2730 Patris

450 2760 542 2829 qui
566 2759 788 2814 humani
811 2760 1029 2831 generis
1054 2771 1138 2817 est
1156 2762 1589 2828 amantissimus,
1618 2779 1687 2820 ne
1715 2763 1818 2819 hoc
1844 2765 2020 2836 ipsum

451 2854 527 2907 illi
554 2861 662 2907 tam
692 2852 919 2907 charum
951 2868 1147 2923 genus,
1178 2855 1234 2908 in
1266 2855 1565 2925 impietatis
1598 2856 1870 2927 profundo
1900 2873 2023 2913 ver-

447 2956 685 3010 saretur,
711 2954 869 2999 antea
906 2945 1123 3016 quidem
1158 2946 1387 3018 exiguos
1413 2947 1699 3018 quosdam,
1734 2955 1898 3018 atque
1924 2950 2022 3004 ob-

443 3054 637 3096 scuros
655 3039 886 3110 propriae
906 3040 1045 3095 lucis
1065 3038 1267 3105 radios,
1294 3055 1390 3110 per
1415 3040 1731 3112 prophetam
1756 3039 2017 3111 Moysem,

443 3148 651 3203 perque
682 3146 777 3187 eos
806 3130 901 3185 Dei
929 3132 1137 3187 amicos
1165 3132 1333 3196 viros,
1368 3133 1462 3203 qui
1492 3139 1547 3188 et
1587 3141 1712 3188 ante
1751 3133 1927 3198 illum,
1962 3140 2015 3188 et
2063 3162 2066 3165 λ

442 3234 568 3295 post
609 3226 761 3279 illum
794 3224 1120 3287 ﬂoruerunt,
1165 3224 1367 3289 emisit,
1399 3224 1481 3279 sic
1511 3228 1700 3295 utique
1729 3224 2012 3279 hominum
2042 3252 2083 3308 ο

441 3319 602 3374 malis
633 3316 956 3383 remedium,
992 3317 1047 3371 in
1085 3316 1449 3372 sacrosanctis
1493 3315 1706 3387 legibus
1755 3315 2010 3373 afferens.

439 3409 679 3465 Proinde
708 3411 789 3466 sic
820 3411 979 3481 plane
1014 3409 1191 3479 ipsum
1239 3406 1333 3463 Dei
1371 3408 1630 3473 Verbum,
1674 3408 1741 3464 ad
1786 3408 2017 3464 llcbrai-

438 3519 557 3560 eam
586 3510 800 3575 gentem
836 3501 989 3568 dicit,
1038 3501 1129 3557 ubi
1183 3516 1277 3571 per
1322 3499 1740 3574 Moysem-leges
1779 3502 1857 3557 illi
1894 3501 2011 3566 dat,

442 3590 600 3662 162
649 3609 667 3640 ι
698 3588 996 3645 secundum
1050 3589 1300 3643 instituta
1337 3598 1496 3644 terrae
1527 3589 1749 3661 Egypti
1799 3591 1856 3645 in
1902 3605 2012 3661 qua

440 3682 751 3745 habitastis,
807 3696 917 3734 non
969 3679 1181 3734 facietis
1233 3698 1247 3734 :
1293 3686 1348 3734 et
1406 3680 1707 3734 secundum
1759 3680 2011 3736 instituta

436 3779 596 3826 terra:
622 3770 879 3826 Chanaan
904 3810 921 3834 ,
954 3770 1022 3825 ad
1052 3786 1215 3840 quam
1248 3785 1347 3840 ego
1382 3769 1722 3825 introducam
1754 3786 1871 3834 vos,
1901 3787 2010 3826 non

435 3861 653 3917 facietis
694 3881 707 3915 :
753 3872 808 3916 et
857 3861 911 3914 in
946 3861 1156 3932 legibus
1204 3858 1422 3914 illorum
1477 3875 1586 3915 non
1634 3861 2006 3917 ambulabitis.

433 3951 647 4008 Judicia
680 3968 798 4007 mea
833 3951 1068 4018 facietis,
1106 3961 1162 4007 et
1200 3960 1471 4021 przecepta
1508 3968 1628 4008 mea
1666 3955 1958 4011 servabitis
1991 3974 2006 4011 z

431 4060 534 4117 ego
570 4060 691 4101 sum
721 4042 986 4101 Dominus
1020 4042 1165 4100 Deus
1192 4050 1374 4099 vester
1395 4044 1437 4100 ’.
1476 4061 1496 4095 ι
1534 4042 1739 4102 Deinde
1776 4047 1867 4102 ubi
1889 4063 2009 4103 om-

437 4137 535 4191 nia
556 4133 860 4199 interdixit,
892 4142 947 4189 et
977 4132 1231 4189 infandas
1270 4134 1515 4206 nuptias,
1558 4145 1611 4190 et
1637 4150 1799 4193 omne
1828 4138 2008 4209 impu-

432 4229 619 4284 dicum
662 4226 897 4290 facinus,
929 4242 998 4308 ne
1034 4224 1249 4280 feminae
1308 4241 1435 4281 cum
1477 4226 1718 4294 feminis,
1760 4244 2007 4287 maresve

429 4337 555 4377 cum
591 4318 837 4373 maribus
875 4318 1257 4383 miscerentur,
1295 4318 1541 4390 adjungit
1576 4339 1589 4375 :
1626 4339 1644 4370 ι
1680 4320 1757 4377 Ne
1789 4322 2004 4392 pollua-

428 4415 563 4471 ιηῖηὶ
601 4415 655 4468 in
685 4407 941 4469 omnibus
972 4412 1078 4468 bis.
1110 4413 1245 4467 Nam
1284 4414 1339 4467 in
1373 4414 1632 4470 omnibus
1663 4415 1751 4470 bis
1783 4416 2003 4485 polluta:

2137 1924 2247 1979 τῶν
2267 1923 2485 1995 φαύλων
2510 1924 2603 1977 καὶ
2632 1923 2742 1979 τῶν
2771 1923 3060 1997 μοχθηρῶν
3087 1924 3432 1997 πνευμάτων,
3462 1923 3556 1979 τοῦ
3582 1926 3631 1977 τ’
3654 1928 3714 1980 ἐν

2133 2017 2345 2081 τούτοις
2376 2018 2664 2089 τυράννου,
2701 2016 2823 2071 καθ’
2856 2016 2986 2089 ὅλης
3021 2018 3121 2088 τῆς
3151 2017 3475 2088 οἰκουμένης
3510 2016 3713 2088 προδε-

2133 2106 2233 2178 6λη
2243 2108 2440 2179 μένων,
2476 2109 2569 2162 καί⁵
2599 2107 2827 2180 μηδενὸς
2846 2107 2955 2161 τῶν
2978 2107 3297 2177 ἐφεστώτων
3322 2106 3566 2177 ἀγγέλων
3596 2107 3712 2161 οἴου

2131 2218 2189 2254 τε
2221 2200 2373 2265 ὄντος
2410 2203 2524 2264 τοῖς
2571 2202 2759 2264 κακοῖς
2789 2200 3112 2270 ἐπαμύνειν,
3157 2201 3382 2266 εἰκότως
3430 2204 3634 2265 ἐκεῖνος
3679 2203 3712 2256 6

2131 2292 2265 2358 Θεὸς
2293 2295 2485 2364 Λόγος,
2518 2296 2548 2347 6
2581 2294 2689 2348 τῶν
2714 2293 2851 2348 ὅλων
2877 2294 3092 2365 Σωτὴρ,
3132 2294 3322 2366 ἀγαθῷ
3354 2297 3581 2367 νεύματι
3608 2294 3710 2366 τῆς

2128 2385 2223 2440 τοῦ
2265 2387 2479 2458 Πατρδς
2515 2385 2941 2457 φιλανθρωπίας,
2972 2386 3049 2450 ὼς
3074 2385 3142 2440 ἂν
3182 2387 3254 2458 μὴ
3290 2387 3352 2441 τὸ
3380 2388 3532 2458 φίλον
3560 2387 3717 2459 αὐτῷ·

2128 2477 2285 2546 γένος
2305 2479 2364 2531 ἐν
2384 2476 2638 2541 ἀσεϐείας
2663 2475 2809 2547 βυθῷ
2826 2476 3146 2541 καλινδοίτο,
3169 2477 3305 2543 τέως
3332 2478 3430 2549 μὲν
3448 2478 3708 2551 βραχείας

2125 2570 2280 2635 τινὰς
2308 2571 2404 2624 καὶ
2442 2568 2689 2644 ἀμυδρὰς
2711 2569 2805 2624 τοῦ
2834 2570 2965 2623 ἰδίου
2996 2572 3172 2639 φωτὸς
3193 2572 3436 2636 ἀκτῖνας,
3458 2571 3547 2626 διὰ
3575 2589 3719 2645 προ-ξ

2126 2664 2296 2735 φήτου
2311 2664 2611 2728 Μωῦσέως,
2628 2662 2741 2717 τῶν
2759 2679 2818 2715 τε
2842 2662 2949 2735 πρὸ
2967 2662 3133 2716 αὐτοῦ
3158 2665 3251 2717 καὶ
3273 2663 3379 2717 τῶν
3404 2665 3521 2734 μετ’
3542 2664 3709 2718 αὐτὸν

2126 2754 2389 2825 θεοφιλῶν
2411 2754 2621 2827 ἀνδρῶν
2647 2753 2945 2825 ἐξέλαμπε,
2967 2756 3075 2807 τῶν
3101 2756 3159 2808 ἐν
3185 2753 3496 2826 ἀνθρώποις
3519 2756 3706 2809 κακῶν

2122 2846 2222 2918 τὴν
2252 2847 2395 2900 ἴασιν
2423 2848 2483 2899 ἐν
2520 2850 2642 2910 ταῖς
2669 2848 2843 2917 ἱεραῖς
2873 2847 3217 2919 νομοθεσίαις
3242 2846 3700 2919 προϐαλλόμενος.

2123 2940 2286 3009 Λέγει
2313 2940 2358 2993 δ’
2388 2935 2482 2994 οῦν
2525 2940 2797 3014 ἄντικρυς
2822 2940 2983 3004 αὐτὸς
3022 2942 3051 2994 6
3087 2942 3258 3009 Λόγος
3299 2939 3377 3010 τῷ
3436 2940 3712 3011 Ἐϐραίων.

2122 3032 2264 3086 ἔθνει
2291 3032 2595 3103 νομοθετῶν
2628 3032 2717 3085 διὰ
2748 3032 3046 3096 Μωῦσέως·
3080 3050 3100 3084 ι
3132 3031 3290 3086 Κατὰ
3317 3031 3385 3085 τὰ
3416 3031 3702 3103 ἐπιτηδεύ-

2126 3143 2271 3197 ματα
2293 3126 2390 3197 τῆς
2414 3125 2518 3195 γῆς
2542 3123 2841 3194 Αἰγύπτου,
2872 3119 2989 3199 ἐν
3016 3125 3375 3195 κατῳκήσατε
3396 3124 3484 3177 ἐπ’
3505 3123 3707 3195 αὐτῆς,

2121 3220 2182 3273 οὐ
2217 3220 2493 3290 ποιήσετεο
2524 3216 2779 3273 καὶκατὰ
2815 3216 2881 3271 τὰ
2909 3217 3315 3289 ἐπιτηδεύματα
3346 3216 3451 3287 γῆς
3480 3215 3701 3271 Χαναὰν

2116 3312 2198 3374 εἰς
2236 3309 2303 3379 ἢν
2334 3307 2444 3379 ἐγὼ
2478 3308 2687 3378 εἰσάγω
2724 3310 2891 3379 ὑμᾶς,
2936 3311 3058 3362 ἐκεῖ
3086 3310 3147 3361 ού
3183 3309 3468 3381 ποιήσετε*
3515 3308 3611 3362 καὶ
3638 3310 3700 3362 ἐν

2115 3406 2228 3466 τοῖς
2264 3402 2449 3472 νόμοις
2492 3401 2670 3456 αὐτῶν
2708 3403 2767 3454 οὐ
2807 3401 3159 3473 πορεύσεσθε.
3195 3400 3276 3455 Τὰ
3308 3400 3555 3473 κρίματά
3591 3418 3696 3473 μου

2115 3498 2394 3568 ποιήσετε,
2444 3498 2540 3551 καὶ
2583 3495 2653 3548 τὰ
2699 3494 3099 3567 προστάγματά
3133 3511 3235 3565 μου
3264 3492 3556 3571 φυλάξειν
3585 3492 3697 3561 ἐγὼ

2114 3590 2230 3660 εἰμί
2258 3588 2461 3660 Κύριος
2482 3591 2511 3641 6
2538 3588 2670 3652 Θεὸς
2697 3586 2871 3659 ὑμῶν.
2911 3606 2929 3638 ι
2954 3581 3088 3641 Εἶτα
3118 3588 3293 3642 πάντα
3312 3586 3712 3659 ἀπαγορεύσας·

2112 3682 2371 3753 ἀθέμιτον
2402 3682 2601 3751 γάμον,
2630 3681 2727 3733 καὶ
2751 3681 2930 3733 πᾶσαν
2956 3680 3241 3749 ἀσχήμονα
3269 3677 3488 3750 πρᾶξιν,
3515 3695 3709 3747 γυναι--

2113 3774 2227 3828 κῶν
2266 3790 2326 3827 τε
2376 3773 2512 3844 πρὸς
2553 3775 2847 3841 γυναῖκας,
2883 3773 2978 3825 καὶ
3010 3771 3254 3843 ἀρρένων
3288 3770 3424 3843 πρὸς
3458 3771 3693 3842 ἄρρενας

2116 3867 2311 3938 μίξεις,
2341 3865 2599 3934 ἐπιλέγει·
2634 3883 2652 3915 ι
2677 3864 2768 3935 Μὴ
2796 3863 3072 3935 μιαίνεσθε
3095 3866 3153 3917 ἐν
3175 3864 3311 3916 πᾶσι
3334 3862 3565 3925 τούτοις.
3602 3862 3705 3914 Ἐν-

2112 3961 2246 4013 πᾶσι
2279 3959 2388 4030 γὰρ
2414 3957 2624 4021 τούτοις
2653 3956 2988 4029 ἐμιάνθησαν
3015 3954 3083 4008 τὰ
3111 3955 3258 4026 ἔθνη,
3286 3954 3322 4009 ὃ.
3347 3955 3458 4024 ἐγὼ
3490 3955 3690 4021 ἐξαπο-

2111 4050 2281 4105 στελῶ
2306 4051 2411 4125 πρὸ
2442 4049 2732 4122 προσώπου
2758 4049 2913 4120 ὑμῶν
2930 4066 2944 4079 ο
2988 4048 3081 4102 καὶ
3103 4046 3395 4119 ἐξεμιάνθη
3421 4049 3454 4119 ἡ
3476 4048 3568 4119 γῆ,
3593 4046 3690 4100 καὶ

2108 4143 2469 4199 ὰνταπέδωκα
2515 4142 2728 4197 ἀδικίαν
2769 4141 2937 4213 αὑτῇο
2985 4142 3081 4195 καὶ
3115 4140 3489 4213 προσώχθισεν
3534 4142 3567 4211 ἡ
3615 4141 3694 4212 γῆν

2107 4240 2221 4300 τοῖς
2268 4237 2663 4308 ἐγκαθημένοις
2709 4237 2800 4289 ἐπ’
2840 4235 3032 4306 αὐτῆς.
3077 4253 3097 4287 ι
3135 4234 3245 4288 Καὶ
3294 4233 3455 4289 πάλιν
3500 4234 3695 4304 φησίν-ν

2057 4312 2073 4328 ’
2113 4350 2130 4380 ι
2179 4328 2307 4383 Ἐὰν
2333 4329 2391 4382 δὲ
2424 4329 2489 4381 σὺ
2518 4326 2764 4401 εἰσέλθῃς
2793 4329 2873 4392 εἰς
2900 4328 2998 4399 τὴν
3022 4326 3147 4398 γῆν,
3175 4326 3245 4398 ἦν
3277 4326 3482 4399 Κύριος
3507 4327 3536 4378 6
3555 4326 3691 4389 Θεός

2108 4439 2202 4475 σου
2232 4421 2412 4475 δίδωσί
2448 4438 2549 4484 σοι,
2580 4421 2641 4474 οὐ
2677 4418 2750 4491 μὴ
2780 4420 2999 4494 μαθήσῃ
3030 4423 3203 4473 ποιεῖν
3226 4418 3369 4473 κατὰ
3398 4419 3467 4473 τὰ
3501 4418 3686 4488 βδελύ-

429 4516 559 4563 sunt
590 4514 802 4579 gentes,
844 4521 983 4576 quas
1026 4521 1127 4575 ego
1156 4507 1423 4577 expellam
1457 4522 1489 4561 a
1519 4506 1656 4562 facie
1682 4515 1864 4563 vestra
1898 4527 1911 4562 :
1946 4515 2003 4563 et

2121 4530 2292 4586 (ματα
2329 4512 2437 4566 τῶν
2480 4510 2652 4565 ἐθνῶν
2679 4511 2925 4565 ἐκείνων·
2961 4512 3061 4582 οὐχ
3106 4510 3458 4582 εὑρεθήσεται
3503 4512 3560 4563 ἐν
3602 4509 3686 4563 σοὶ

426 4602 631 4672 polluta
681 4606 764 4655 est
812 4605 983 4662 terra,
1028 4605 1083 4652 et
1133 4598 1357 4653 retribui
1407 4598 1729 4667 injustitiam
1781 4598 1906 4655 illi:
1946 4608 2000 4653 ct

2121 4606 2383 4679 meava
2414 4605 2507 4659 τὸν
2535 4604 2649 4659 υίδν
2679 4601 2868 4667 αὐτοῦ,
2904 4603 2939 4674 ἣ
2979 4604 3080 4675 τὴν
3122 4601 3397 4675 θυγατέρα
3436 4601 3597 4656 αὐτοῦ
3626 4603 3683 4654 ἐν

423 4694 738 4749 abominata
787 4700 871 4748 est
922 4701 1066 4746 terra
1104 4692 1360 4747 sedentes
1393 4692 1448 4746 in
1487 4691 1605 4761 ipsa
1631 4692 1675 4747 ‘.
1719 4711 1737 4744 ι
1771 4691 1837 4746 Et
1871 4693 2000 4748 alibi

424 4802 618 4842 rursus
652 4785 786 4841 dicit
819 4804 833 4840 :
870 4803 891 4836 ι
920 4785 1057 4841 Cum
1104 4800 1234 4839 vero
1277 4785 1559 4856 ingressus
1593 4783 1765 4840 fueris
1799 4784 1855 4840 in
1890 4794 2002 4840 ter-

425 4894 542 4933 ram
572 4894 736 4949 quam
781 4877 1044 4933 Dominus
1077 4876 1220 4933 Deus
1250 4885 1377 4931 tuus
1401 4875 1495 4930 dat
1525 4876 1647 4941 tibi,
1682 4892 1791 4932 non
1820 4876 2000 4934 disces

425 4970 606 5026 facere
641 4969 943 5026 secundum
974 4970 1410 5025 abominationes
1442 4968 1688 5039 gentium
1722 4968 1937 5023 illarum
1982 4989 1994 5023 :

420 5078 532 5117 non
569 5061 879 5116 invenietur
913 5062 973 5115 in
1008 5069 1063 5115 te
1092 5060 1186 5131 qui
1236 5061 1431 5115 lustret
1470 5059 1641 5115 ﬁlium
1686 5075 1848 5115 suum
1902 5069 1997 5115 aut

421 5156 586 5210 tiliam
635 5168 789 5208 suam
845 5154 900 5207 in
955 5154 1105 5224 igne,
1163 5152 1418 5207 divinans
1467 5152 1855 5218 divinationes,
1904 5164 1998 5209 aut

418 5247 687 5309 hariolus,
732 5254 826 5299 aut
855 5261 1050 5318 augur,
1083 5247 1375 5314 veneﬁcus,
1409 5247 1739 5312 incantator,
1794 5247 1993 5318 pytho-

416 5339 539 5394 nica
588 5339 808 5402 mulier,
861 5337 1235 5409 prodigiorum
1287 5339 1586 5408 inspector,
1618 5347 1712 5393 aut
1738 5342 1831 5410 qui
1865 5355 1993 5411 per—

416 5438 671 5485 contetur
718 5437 1015 5484 mortuos:
1061 5438 1146 5484 est
1191 5432 1337 5484 enim
1382 5430 1719 5486 abominatio
1762 5432 1992 5488 Domino

416 5521 527 5577 Deo
560 5536 673 5577 uno
704 5521 885 5577 omnis
925 5522 1018 5591 qui
1065 5520 1195 5576 facit
1242 5522 1376 5576 haec.
1426 5521 1561 5578 Nam
1594 5532 1817 5595 propter
1854 5525 1991 5580 istas

414 5616 876 5678 abominationes,
924 5613 1192 5669 Dominus
1239 5613 1382 5671 Dens
1415 5625 1544 5673 tuus
1575 5617 1776 5674 delebit
1813 5618 1934 5674 illos
1959 5634 1988 5673 ιι

489 5772 503 5801 ⁸
535 5769 705 5825 Lcrit.
754 5785 908 5836 mn,
935 5772 988 5834 5,
1019 5771 1069 5825 ἰ.
1149 5775 1165 5803 ⁵
1194 5772 1322 5826 ibi-tl.
1355 5771 1445 5838 “2-2,
1481 5772 1571 5828 ‘25.

2100 4697 2264 4769 πυρὶ,
2310 4696 2706 4768 μαντευόμενος
2751 4693 3029 4765 μαντείας,
3081 4692 3175 4747 καὶ
3217 4692 3678 4765 κλῃδονιζόμενος,

2098 4788 2602 4859 καὶοίωνιζόμενος,
2623 4785 2934 4859 φαρμακός,
2959 4785 3195 4857 ἐπᾴδων,
3222 4782 3678 4856 ἐγγαστρίμυθος,

2098 4879 2193 4933 καὶ
2216 4877 2637 4951 τερατοσκόπος,
2659 4877 2756 4930 καὶ
2780 4874 3072 4947 ἐπερωτῶν
3092 4876 3219 4938 τοὺς
3244 4872 3490 4945 νεκρούς.
3524 4875 3680 4928 Ἔστι

2096 4973 2207 5045 γὰρ
2243 4971 2515 5044 βδέλυγμα
2546 4971 2737 5043 Κυρίῳ
2762 4969 2841 5041 τῷ
2871 4968 2993 5040 Θεῷ
3027 4986 3118 5022 σου
3150 4970 3257 5033 πᾶς
3288 4967 3455 5022 ποιῶν
3482 4965 3675 5021 ταῦτα.

2102 5066 2305 5120 Ἕνεκα
2335 5064 2444 5134 γὰρ
2470 5063 2580 5115 τῶν
2610 5061 2991 5133 βδελυγμάτων
3020 5059 3225 5114 τούτων
3255 5058 3457 5131 Κύριος
3486 5061 3515 5112 6
3546 5059 3680 5122 Θεός

2100 5175 2194 5212 σου
2229 5155 2598 5227 ἐξολοθρεύσει
2632 5157 2830 5218 αὐτοὺς
2861 5155 2971 5208 ἀπὸ
2997 5152 3287 5225 προσώπου
3318 5169 3431 5206 σου.
3463 5152 3677 5215 Τέλειος

2098 5248 2198 5322 ἔσῃ
2225 5249 2464 5302 ἐναντίον
2486 5246 2688 5318 Κυρίου
2708 5245 2805 5299 τοῦ
2823 5244 2960 5298 Θεοῦ
2995 5261 3110 5297 σου.
3146 5263 3163 5294 ι
3191 5243 3428 5297 Τοιαῦτα
3460 5243 3559 5314 μὲν
3582 5243 3678 5299 καὶ

2100 5344 2269 5414 μυρία
2299 5341 2433 5395 ἄλλα
2457 5340 2681 5409 θεοσεϐῆ
2710 5337 3012 5409 διδάγματα
3034 5355 3091 5390 τε
3120 5338 3215 5390 καὶ
3244 5334 3676 5406 παραγγέλματα

2098 5434 2184 5488 διὰ
2208 5434 2489 5496 Μωῡσέως
2517 5433 2700 5495 αὐτοῖς
2718 5432 2746 5482 ὁ
2763 5430 2896 5493 Θεὸς
2918 5431 3088 5498 Λόγος
3110 5429 3170 5481 τὸ
3193 5428 3320 5501 πρὶν
3343 5427 3671 5498 ἐνομοθέτει,

2097 5527 2173 5590 ib;
2204 5530 2263 5580 ἐν
2295 5529 2625 5595 εἰσαγωγαῖς
2656 5524 2750 5579 τοῦ
2783 5524 2927 5580 κατὰ
2965 5525 3246 5577 εὐσέϐειαν
3290 5522 3407 5593 βίου
3443 5520 3673 5594 παραδι-

2096 5617 2220 5680 δοὺς
2247 5618 2432 5682 αὐτοῖς
2460 5619 2718 5690 στοιχεῖα,
2765 5616 2855 5671 διὰ
2887 5616 3154 5687 συμϐόλου
3188 5615 3280 5669 καί
3322 5631 3468 5679 τινος
3510 5612 3676 5668 σκιώ-
