4158 6418
388 342 498 394 277
1319 335 1976 395 DEMONSTRATIOMS
2012 337 2030 392 l

2012 337 2471 393 EVANGELECAE
2501 334 2628 391 LIB.
2668 329 2761 427 ιγ,
3537 331 3644 388 273

390 462 516 524 δους
544 461 639 513 καὶ
664 460 984 531 σωματικῆς
1020 457 1271 530 λατρείας
1310 460 1369 511 ὲν
1402 456 1650 529 σώματος
1680 457 1969 527 περιτομῇ,
2000 468 2032 522 Α

2004 468 2042 522 Α
2075 455 2214 512 faeie
2258 463 2399 509 tua:
2448 452 2721 525 perfectus
2780 450 2890 505 eris
2954 448 3006 502 in
3073 456 3369 518 conspectu
3433 445 3646 504 Domini

390 555 485 607 καί
517 570 679 608 τινων
711 553 888 607 ἄλλων
930 550 1360 622 τοιουτοτρόπων
1394 551 1487 606 ἐπὶ
1526 551 1626 621 τῆς
1651 551 1755 621 γῆς
1786 568 1972 604 συντε-

2071 545 2166 600 Dei
2215 544 2295 599 tui
2319 545 2360 597 ³.
2400 562 2418 594 ι
2484 541 2610 596 ιίαξο
2668 538 2908 608 quidem,
2969 538 3181 607 aliaque
3226 535 3647 590 innumerabilia

389 645 684 717 λουμένων·
717 645 794 708 ὡς
816 643 896 709 δὲ,
921 642 1016 697 τοῦ
1046 642 1238 715 χρόνου
1275 642 1578 714 προίόντος,
1611 643 1763 698 οὐδὲν
1790 642 1972 697 τοσοῦ-

2070 634 2350 707 religionis
2420 633 2748 688 documenta
2811 637 2865 684 et
2919 634 3210 698 praeepta,
3264 642 3362 697 per
3408 625 3646 698 Moysen]

385 755 481 792 τον
511 738 606 791 καὶ
632 737 742 790 τῶν
778 737 895 808 μετ’
922 737 1085 790 αὑτὸν
1110 734 1405 808 προφητῶν
1435 738 1514 800 εἰς
1534 735 1722 789 ἄκεσιν
1743 735 1850 789 τῶν
1873 736 1968 790 τοῦ

2070 726 2180 782 illis
2214 726 2357 782 Deus
2385 723 2645 789 Verbum,
2687 730 2847 776 antea
2903 722 2957 775 in
3015 720 3225 790 legibus
3256 718 3441 780 dabat,
3485 729 3649 789 atque

389 828 505 900 βίου
544 827 731 881 κακῶν
759 827 826 880 δι’
861 825 1163 897 ὑπερϐολὴν
1193 825 1390 889 κακίας
1421 824 1658 888 ἔσθενεν,
1691 824 1886 897 ήλαυνέ
1910 842 1968 878 τε

2070 829 2131 877 ut
2184 820 2238 874 in
2300 818 2622 873 rudimentis
2666 815 2782 871 ﬁeri
2845 813 3004 877 solet,
3058 810 3328 881 religiosae
3376 810 3484 865 illis
3522 810 3649 864 vita:

386 922 657 994 ὁσημέραι
684 922 764 984 εἰς
796 920 1018 991 μείζονα
1057 918 1125 972 τά
1164 919 1266 988 τῆς
1305 918 1626 989 δαιμονικῆς
1667 918 1966 989 ἐνεργείας,

2067 912 2358 974 elementa,
2409 925 2505 981 per
2543 910 2698 979 signa
2752 914 2806 961 et
2839 904 3180 961 umbratilem
3209 902 3501 973 quamdam
3535 916 3651 956 cor-

385 1014 463 1077 ὡς
491 1014 587 1067 καὶ
619 1013 752 1068 αὐτὸ
776 1012 838 1066 τὸ
876 1012 1141 1084 Ἐϐραίων
1160 1009 1311 1074 ἔθνος
1334 1013 1404 1082 τῇ
1432 1008 1541 1063 τῶν
1557 1010 1733 1064 ἀθέων
1758 1026 1966 1064 συναπ-

2069 1004 2421 1075 poralemque
2494 999 2867 1055 adorationem
2948 997 3003 1051 in
3084 995 3333 1065 corporis
3410 994 3649 1048 cireum-

385 1106 622 1177 ἀχθῆναι
662 1105 856 1176 φθορᾷ·
898 1105 1061 1167 αὐτὸς
1097 1104 1203 1176 ήδη
1238 1102 1424 1157 λοιπὸν
1486 1105 1515 1156 ὁ
1550 1103 1741 1175 Σωτὴρ
1765 1105 1860 1157 καί
1887 1104 1970 1156 ἰα-

2068 1095 2309 1162 eisione,
2364 1108 2569 1164 perque
2634 1091 2740 1145 alia
2791 1088 3040 1161 quredam
3106 1084 3375 1157 ejusmodi
3419 1101 3543 1156 qua:
3590 1085 3647 1141 in

384 1198 515 1268 τρὸς
556 1197 666 1250 τῶν
707 1197 843 1250 ὅλων
892 1197 1136 1250 κάτεισιν
1188 1198 1268 1261 εἰς
1315 1195 1656 1268 ἀνθρώπους,
1712 1198 1805 1251 καὶ
1856 1200 1969 1261 τοῖς

2068 1196 2215 1242 terra
2274 1183 2674 1246 coniiciuntur,
2733 1181 2983 1237 tradebat
3032 1202 3046 1237 :
3091 1196 3215 1237 eum
3262 1192 3391 1238 vero
3454 1192 3647 1249 proce—

382 1290 609 1353 οἰκείοις
650 1288 901 1358 ἀγγέλοις
950 1288 1245 1360 ἐπαμύνων
1289 1289 1432 1360 ὑπὲρ
1475 1289 1577 1360 τῆς
1611 1288 1722 1342 τῶν
1756 1289 1966 1361 ἀνθρώ-

2068 1278 2231 1333 dente
2263 1284 2509 1346 tempore
2538 1274 2721 1329 nullus
2752 1280 2861 1327 tam
2903 1280 3119 1343 potens,
3157 1289 3225 1328 ne
3255 1270 3644 1343 prophetarum

383 1399 504 1437 πων
538 1383 832 1455 σωτηρίας,
883 1382 1028 1437 τοῦτ’
1052 1382 1202 1453 αύτῷ
1237 1381 1332 1435 τοῦ
1370 1381 1585 1454 Πατρὸς
1625 1382 1966 1455 δωρήσεσθαι

2069 1370 2289 1442 quidem
2351 1370 2444 1441 qui
2492 1379 2616 1440 post
2670 1368 2820 1423 illum
2878 1366 3214 1430 exstiterint,
3246 1373 3306 1419 ut
3345 1362 3644 1420 remedium

381 1453 866 1545 προῦποσχομένου
889 1515 905 1540 ,
982 1474 1269 1547 ὡσπεροῦν
1352 1453 1517 1541 αὐτὸς
1584 1479 1643 1530 ἐν
1706 1453 1968 1550 Ψαλμοῖς

2068 1462 2229 1519 malis
2284 1462 2408 1517 vita!
2461 1459 2700 1525 afferret,
2747 1460 2819 1515 ob
2869 1460 3033 1516 nimis
3078 1457 3447 1513 abundantem
3489 1453 3646 1508 mali-

377 1568 626 1623 διδάσκει
666 1568 860 1637 λέγων·
925 1586 944 1619 ι
975 1567 1180 1640 Κύριος
1211 1564 1332 1620 εἷπε
1372 1568 1512 1641 πρὸς
1549 1569 1646 1639 μέ·
1691 1569 1817 1634 Υἱός
1850 1547 1965 1641 ’μου

2067 1555 2234 1621 tiam,
2296 1563 2442 1610 esset
2493 1574 2506 1610 :
2553 1570 2618 1610 ac
2667 1554 2969 1609 daemonica
3008 1551 3261 1608 eilieacia.
3289 1548 3533 1622 quotidie
3589 1547 3645 1602 in

378 1657 430 1715 εἷ
473 1662 561 1725 σὺ,
609 1660 720 1730 ἐγὼ
759 1663 998 1735 σήμερον
1053 1639 1362 1733 γεγέννηκά
1417 1639 1498 1716 σε.
1550 1662 1780 1735 Αἴτησαι
1835 1639 1966 1736 παρ’

2068 1648 2248 1718 majus
2274 1649 2597 1720 impelleret.
2631 1663 2804 1718 usque
2839 1645 2976 1702 adeo
3024 1654 3085 1701 ut
3109 1646 3229 1717 ipsa
3259 1658 3478 1715 quoque
3539 1639 3646 1697 He-

378 1754 548 1826 ἐμοῦ,
608 1755 704 1808 καὶ
760 1754 916 1809 δώσω
977 1771 1061 1809 σοι
1111 1754 1240 1827 ἔθνη
1282 1754 1381 1828 τὴν
1427 1755 1793 1829 κληρονομίαν
1835 1773 1963 1823 σου,
2000 1817 2020 1829 _

2068 1739 2255 1795 braica
2301 1755 2469 1812 gens,
2528 1738 2718 1795 eadem
2776 1754 2903 1794 cum
2965 1738 3148 1810 impiis
3192 1735 3497 1807 perditione
3556 1749 3646 1788 ra-

379 1817 474 1901 καὶ
526 1848 627 1919 τὴν
683 1848 1011 1919 κατάσχεσιν
1073 1863 1166 1901 σου
1224 1817 1293 1902 τά
1337 1817 1568 1921 ’πέρατά
1620 1817 1722 1921 τέγς
1771 1849 1894 1920 γῆς.
1998 1817 2021 1872 ι

2002 1817 2041 1872 Β
2066 1841 2289 1903 peretur
2326 1851 2341 1889 :
2380 1840 2497 1887 tum
2531 1833 2767 1903 denique
2808 1830 3060 1887 Salvator
3114 1846 3178 1886 ac
3232 1830 3481 1885 medicus
3519 1828 3644 1883 uni-

377 1940 579 1994 υύκέτι
646 1940 779 2010 γοῦν
846 1941 1005 2012 μόνον
1067 1940 1161 1994 τὸν
1220 1920 1439 1995 δίκαιον
1495 1941 1589 1996 καὶ
1654 1941 1963 2014 διορατικδν

2066 1928 2208 1983 versi
2252 1926 2535 1983 descendit
2577 1925 2645 1980 ad
2698 1925 2970 1988 homines,
3033 1932 3093 1979 ut
3144 1923 3229 1979 vel
3283 1922 3492 1994 angelis
3527 1920 3643 1977 suis

391 2030 632 2103 Ἰσραὴλ,
675 2031 797 2085 οὐδὲ
841 2048 906 2101 γε
950 2032 1111 2102 μόνον
1156 2032 1248 2087 τὸν
1284 2035 1481 2087 οἰκεῖον
1519 2033 1742 2106 κλῆρον,
1784 2035 1962 2089 πάντα

2063 2035 2164 2091 pro
2203 2019 2487 2075 hominum
2529 2019 2706 2075 salute
2749 2033 2906 2088 opem
2942 2016 3131 2081 ferret,
3176 2032 3300 2070 cum
3337 2015 3439 2070 hoc
3474 2014 3552 2069 illi
3582 2029 3643 2069 se

377 2123 434 2177 δὲ
477 2122 546 2176 τά
577 2124 671 2177 ἐπὶ
706 2123 811 2195 γῆς
843 2124 1003 2195 ἔθνη,
1031 2125 1101 2178 τά
1131 2127 1395 2198 πρότερον
1428 2124 1668 2180 πλείοσιν
1708 2126 1962 2197 ἀγγέλοις

2063 2112 2385 2184 largiturum
2408 2110 2571 2167 Pater
2586 2118 2743 2166 antea
2762 2109 3127 2180 promisisset,
3149 2115 3202 2163 et
3218 2108 3434 2178 quidem
3456 2122 3643 2178 quem-

378 2215 795 2287 κεκληρωμένα,
837 2217 933 2271 καὶ
973 2218 1253 2282 παντοίαις
1303 2217 1581 2283 ἀσεϐείαις
1643 2218 1964 2290 κεκαλινδη-

2061 2204 2354 2260 admodum
2382 2206 2500 2275 ipse
2526 2205 2581 2259 in
2608 2202 2838 2260 Psalmis
2860 2202 3041 2267 docet,
3073 2201 3167 2255 ubi
3190 2201 3266 2253 ait
3294 2219 3305 2254 :
3333 2219 3351 2250 ι
3378 2198 3642 2255 Dominus

379 2307 541 2377 μένα,
579 2306 686 2359 ὑπὸ
717 2307 819 2378 τήν
856 2306 1066 2362 οἰκείαν
1115 2304 1399 2361 ὑποϐαλὼν
1454 2306 1726 2372 ἐξουσίαν,
1776 2307 1961 2378 παρῆν

2060 2296 2197 2352 dixit
2230 2297 2297 2352 ad
2330 2313 2446 2353 me:
2477 2294 2653 2351 Filius
2672 2310 2825 2350 meus
2850 2310 2911 2350 es
2940 2302 3021 2358 tu,
3051 2307 3152 2363 ego
3182 2291 3342 2347 hodie
3370 2292 3533 2362 genui
3563 2300 3636 2347 te.

372 2402 489 2463 τοῖς
530 2402 665 2454 πᾶσι
709 2400 810 2471 τὴν
856 2401 994 2472 πρὸς
1035 2400 1129 2454 τὸν
1182 2400 1350 2456 αὐτοῦ
1400 2400 1621 2471 Πατέρα
1657 2399 1859 2469 γνῶσίν
1899 2416 1959 2451 τε

2059 2388 2284 2444 Postula
2331 2404 2362 2443 a
2408 2403 2517 2455 me,
2571 2400 2625 2444 et
2671 2387 2816 2443 dabo
2870 2386 2970 2441 tibi
3024 2391 3213 2456 gentes
3266 2384 3639 2440 baereditatem

376 2489 475 2543 καὶ
524 2487 708 2559 φιλίαν
745 2491 1313 2563 ἐπικηρυκευόμενος,
1350 2490 1505 2545 λύσιν
1541 2508 1603 2545 τε
1643 2492 1738 2546 καὶ
1764 2490 1959 2561 ἄφεσιν

2060 2490 2233 2545 tinem,
2278 2489 2334 2537 et
2375 2480 2781 2552 possessionem
2829 2486 2981 2533 tuam
3022 2478 3287 2533 terminos
3343 2486 3502 2534 terrae
3528 2477 3571 2531 ⁸.
3617 2497 3635 2530 ι

372 2577 484 2632 τῶν
524 2580 654 2650 πρὶν
691 2580 1056 2653 ἀγνοημάτων
1089 2584 1186 2637 καὶ
1218 2584 1630 2655 ἁμαρτημάτων
1670 2582 1960 2654 ὑπισχνού-

2062 2572 2219 2644 163
2252 2570 2371 2627 Non
2396 2572 2563 2644 igitur
2602 2572 2692 2627 ille
2723 2570 2958 2641 amplius
3006 2581 3062 2625 ut
3103 2586 3228 2626 eum
3264 2572 3440 2627 solum
3470 2571 3640 2626 Israel

376 2685 561 2739 μενος,
595 2670 624 2723 ὃ
657 2672 753 2725 καὶ
806 2672 994 2743 σαφῶς
1042 2674 1310 2745 ἐκήρυττε
1361 2674 1566 2743 λέγων·
1604 2693 1623 2726 ι
1655 2674 1732 2728 Ού
1764 2674 1959 2746 χρείαν

2056 2662 2355 2732 quijustus
2396 2662 2616 2733 quidem
2666 2665 2835 2726 esset,
2874 2660 2970 2716 sed
3011 2661 3153 2716 idem
3209 2661 3333 2716 visu
3389 2676 3640 2731 compre-

372 2759 592 2830 ἔχουσιν
636 2764 687 2816 οἰ
734 2763 1009 2834 ἰσχύοντες
1057 2763 1274 2837 ἰατροῦ,
1314 2764 1450 2820 ἀλλά
1497 2767 1545 2820 οἰ
1591 2764 1778 2830 κακῶς
1811 2765 1958 2836 ἔχον-

2056 2752 2221 2808 bendi
2279 2760 2498 2824 posset,
2551 2767 2731 2823 neque
2784 2760 2844 2808 ut
2897 2753 3067 2809 solam
3102 2753 3377 2824 propriam
3410 2760 3636 2820 sortem,

371 2866 494 2914 τες·
532 2853 635 2906 ούκ
664 2848 831 2925 ἦλθον
868 2855 1095 2910 καλέσαι
1129 2856 1405 2921 δικαίους,
1456 2857 1573 2911 ἀλλ’
1600 2858 1958 2931 ἁμαρτωλοὺς

2056 2845 2151 2900 sed
2178 2853 2235 2899 ut
2258 2859 2450 2899 omnes
2481 2844 2535 2897 in
2577 2843 2737 2900 terris
2769 2850 2982 2915 gentes,
3028 2858 3149 2914 quae
3197 2849 3356 2897 antea
3385 2841 3638 2912 pluribus

372 2943 453 3005 εἰς
488 2944 801 3013 μετάνοιαν.
834 2966 853 2999 ι
913 2947 1023 3002 Καὶ
1067 2947 1132 3020 δὴ
1164 2949 1346 3020 παρῆν
1378 2952 1492 3013 τοῖς
1531 2951 1753 3015 οἰκείοις
1794 2950 1958 3021 ἀγγέ-

2056 2937 2265 3007 angelis
2303 2937 2580 2992 attributa:
2603 2944 2786 3002 erant,
2815 2936 2942 2993 etin
2975 2937 3157 2991 omnis
3182 2936 3402 3006 generis
3439 2934 3636 3006 impie-

370 3032 517 3097 λοις,
551 3036 734 3098 αὐτοῖς
764 3037 833 3110 δὴ
866 3039 977 3101 τοῖς
1009 3038 1137 3110 πρὶν
1167 3037 1433 3107 ἐφεστῶσι
1457 3038 1565 3095 τῶν
1603 3038 1796 3105 ἐθνῶν,
1832 3041 1956 3094 ἐπι-

2055 3030 2262 3087 tatibus
2290 3037 2522 3086 versatae
2578 3035 2744 3101 atque
2802 3028 3102 3100 implicitae,
3156 3028 3259 3083 sub
3292 3043 3449 3083 suam
3481 3034 3637 3099 pote-

371 3125 783 3234 θεωρούμενος·
832 3130 883 3182 οἱ
920 3128 1008 3194 δὲ,
1055 3128 1253 3183 αὐτίκα
1293 3128 1383 3182 τὸν
1428 3132 1576 3200 σφῶν
1623 3130 1813 3203 βοηθὸν
1861 3132 1956 3186 καί⁸
1982 3174 2013 3234 c

1995 3174 2027 3234 Β
2059 3128 2257 3177 statem
2293 3123 2585 3195 redigeret,
2646 3130 2812 3194 atque
2857 3122 3114 3177 omnibus
3147 3120 3397 3177 notitiam
3420 3128 3474 3177 et
3501 3120 3637 3174 ami-

369 3218 577 3290 Κύριον
626 3215 686 3273 εὖ
739 3219 883 3291 μάλα
932 3221 1175 3294 ἀκριϐῶς
1229 3223 1575 3292 ἐπιγνόντες,
1634 3227 1952 3296 περιχαρεῖς
1984 3213 2011 3234 ’⁸

1997 3213 2027 3234 ν
2057 3215 2242 3271 citiam
2277 3229 2400 3271 cum
2439 3231 2541 3272 suo
2590 3214 2750 3270 Patre
2783 3214 3152 3279 denuntiaret,
3202 3213 3639 3284 solutionemque

369 3309 677 3381 προσῆλθον
727 3312 823 3365 καὶ
874 3312 1155 3385 διηκόνουν
1206 3298 1373 3387 αὐτῷ,
1419 3315 1668 3389 ὥσπερὴ
1706 3317 1826 3389 ἰερά
1856 3318 1953 3372 τοῦ

2056 3323 2121 3363 ac
2158 3308 2537 3365 remissionem
2583 3309 3015 3381 ignorantiarum
3064 3323 3128 3363 ac
3173 3316 3521 3379 peccatorum
3578 3322 3644 3362 se

368 3399 707 3468 Εὑαγγελίου
739 3401 981 3457 διδάσκει
1012 3404 1224 3477 Γραφὴ,
1260 3407 1402 3459 «Καὶ
1447 3408 1752 3479 προσῆλθον
1796 3410 1955 3478 ἀγγε-

2055 3399 2426 3456 exbibiturum
2482 3401 2845 3471 promitteret,
2900 3399 3070 3465 venit,
3128 3398 3275 3471 quod
3306 3399 3523 3470 quidem
3552 3399 3635 3455 vel

368 3491 477 3558 λοι,
508 3494 602 3546 καὶ
634 3493 916 3577 διηκόνουν
943 3496 1112 3568 αὐτῷ,
1140 3517 1158 3549 ι
1204 3500 1455 3569 φήσασα·
1500 3501 1589 3554 ὅτε
1623 3502 1714 3555 καὶ
1751 3501 1953 3573 πλῆθος

2055 3492 2285 3563 ipsemet
2312 3494 2600 3564 perspicue
2658 3492 2845 3548 docuit
2875 3492 3065 3549 dicens
3117 3508 3129 3544 :
3176 3510 3194 3543 ι
3236 3489 3357 3545 Non
3391 3490 3636 3562 indigent

367 3586 629 3655 στρατιάς
662 3585 915 3658 οὐρανίου
947 3587 1240 3644 αἰνούντων
1266 3589 1358 3644 τὸν
1378 3590 1508 3644 Θεὸν
1540 3590 1746 3660 ἔλεγον,
1785 3591 1952 3658 «Δόξα

2052 3583 2191 3641 bene
2209 3584 2454 3641 valentes
2476 3584 2710 3648 medico.
2751 3584 2846 3641 sed
2870 3584 3009 3640 male
3041 3582 3340 3639 habentes:
3372 3597 3480 3638 non
3512 3582 3635 3637 veni

367 3677 425 3727 ἐν
456 3674 701 3744 ὑψίστοις
728 3676 866 3747 Θεῷ,
898 3679 991 3731 καὶ
1031 3680 1124 3733 ἐπὶ
1149 3680 1255 3751 γῆς
1281 3682 1503 3754 εἰρήνη,
1545 3684 1603 3736 ἐν
1641 3682 1950 3755 ἀνθρώποις

2053 3683 2114 3731 ut
2160 3692 2414 3733 vocarem
2453 3676 2658 3747 justos,
2717 3678 2813 3733 sed
2880 3686 3196 3749 peccatores
3248 3676 3317 3732 ad
3362 3676 3634 3748 paeniten-

364 3766 606 3822 εὐδοκία.
653 3788 679 3823 ι
743 3769 977 3834 Τούτους
1024 3772 1124 3841 μὲν
1159 3768 1253 3826 οῦν
1289 3773 1366 3838 ὡς
1410 3775 1645 3840 οἰκείους
1684 3775 1950 3845 ἀγγέλους

2050 3768 2184 3823 tiam
2210 3770 2253 3822 ⁸.
2277 3788 2297 3822 ο
2333 3768 2469 3825 Cum
2504 3769 2689 3840 itaque
2728 3784 2972 3841 praesens
3020 3785 3051 3825 a
3102 3770 3343 3843 propriis
3401 3770 3630 3842 angelis.

362 3860 464 3931 τῆς
492 3859 661 3914 αὐτοῦ
708 3860 996 3933 δεομένους
1043 3865 1360 3936 συμμαχίας
1391 3865 1564 3938 ταύτῃ
1606 3885 1681 3940 πη
1712 3867 1951 3940 ἀνελάμ-

2050 3861 2161 3917 illis
2186 3860 2432 3933 inquam,
2469 3862 2565 3934 qui
2594 3863 2749 3934 prius
2792 3863 3046 3934 gentibus
3094 3862 3336 3935 praefecti
3394 3861 3631 3928 fuerant,

363 3952 495 4007 ϐανε
514 3970 533 3985 ·
580 3955 708 4019 τοὺς
746 3954 809 4009 δέ.
849 3972 914 4026 γε
957 3956 1126 4011 πάλαι
1167 3958 1312 4030 ἀμφὶ
1351 3958 1452 4023 τάς
1494 3960 1797 4034 ἀνθρώπων
1829 3962 1951 4018 δια-

2050 3952 2203 4009 visus
2235 3963 2401 4021 esset,
2427 3954 2505 4009 illi
2530 3954 2793 4011 continuo
2835 3970 2996 4010 suum
3029 3956 3336 4025 adjutorem
3366 3970 3635 4027 suumque

361 4046 556 4118 τριϐὰς
603 4048 995 4119 πωτωμένους,
1044 4050 1267 4120 ἀφανῶς
1307 4068 1366 4105 τε
1410 4053 1504 4106 καὶ
1548 4056 1805 4126 ἐμφανῶς
1839 4057 1949 4111 τῶν

2050 4042 2345 4099 Dominum
2376 4044 2576 4117 oppido
2604 4062 2767 4126 quam
2792 4055 2944 4103 certe
2974 4056 3139 4119 atque
3166 4050 3447 4119 explorate
3469 4065 3636 4121 agno-

362 4116 456 4192 ἐπὶ
506 4138 614 4210 γῆς
671 4116 1235 4207 καταδυναστεύοντας
1294 4143 1555 4215 δαίμονας
1582 4116 1945 4219 ἀλιτηρίους,

2049 4140 2287 4199 scentes,
2318 4116 2555 4190 maiima
2584 4116 2709 4190 eum
2748 4116 2933 4191 laetitia
2958 4116 3331 4203 accesserunt,
3352 4116 3636 4210 eiquevmi-

362 4229 456 4281 καὶ
483 4227 814 4299 πνευμάτων
844 4228 1050 4301 ἀγρίων
1090 4230 1182 4283 καὶ
1211 4230 1436 4301 ἀπηνῶν
1467 4231 1629 4303 γένη,
1668 4232 1760 4286 τόν
1800 4250 1861 4286 τε
1888 4236 1947 4287 ἐν

2048 4227 2289 4282 nistrare
2307 4235 2615 4295 emperunt,
2644 4227 3106 4297 quemadmodum
3155 4229 3239 4284 vel
3266 4245 3425 4286 saera
3457 4229 3635 4284 Evan-

358 4320 569 4384 τούτοις
613 4320 716 4391 τῆς
764 4321 963 4385 κακίας
1010 4320 1335 4394 ἐξάρχοντα,
1383 4324 1477 4377 τὸν
1521 4323 1692 4379 δεινὸν
1720 4326 1946 4381 ,ἐκεῖνον

2048 4318 2175 4389 gelii
2206 4317 2366 4374 docet
2399 4314 2685 4389 Scriptura
2706 4317 2800 4374 ubi
2833 4319 2910 4373 ait
2939 4320 3273 4391 'chngelos
3305 4322 3631 4391 accessisse,

360 4411 454 4466 καὶ
496 4412 774 4485 ἀλάστορα
810 4413 1025 4487 μεγάλῃ
1074 4415 1169 4470 καὶ
1218 4414 1386 4487 ἐνθέῳ
1428 4415 1657 4488 δυνάμει
1711 4418 1947 4489 τροπού-

2046 4414 2210 4484 eique
2237 4413 2613 4468 ministrasse:
2643 4431 2663 4464 ι
2686 4410 2815 4466 item
2855 4411 2949 4467 ubi
2973 4423 3365 4468 commemorat
3401 4431 3420 4465 ι
3445 4415 3634 4469 multi-

361 4520 521 4574 μενος
566 4503 877 4576 ἐχειροῦτο,
933 4504 1009 4570 ὥς
1053 4523 1207 4570 τινας
1261 4507 1717 4580 συναισθομένους
1765 4509 1946 4564 αὐτῶν
1980 4528 2003 4583 ι

1994 4504 2297 4583 Dtudinem
2355 4503 2562 4561 militiae
2611 4501 2874 4567 cmlestis,
2942 4502 3284 4558 laudantium
3336 4502 3505 4561 Deum
3565 4522 3636 4563 ac

358 4596 567 4667 λέγειν·
622 4615 644 4649 σ
677 4599 815 4662 Ἔα,
866 4598 919 4652 τί
967 4601 1100 4671 ήμῖν
1154 4600 1247 4654 καὶ
1295 4602 1413 4665 σοὶ,
1463 4601 1560 4655 Υἱὲ
1621 4601 1715 4655 τοῦ
1764 4601 1949 4670 Θεοῦ;.

2044 4597 2345 4654 dicentium
2374 4594 2601 4651 :Gloria
2654 4596 2709 4650 in
2764 4595 3050 4652 altissimis
3083 4596 3215 4659 Deo.
3278 4607 3333 4654 et
3376 4601 3434 4656 in
3485 4610 3631 4658 terra

355 4680 516 4756 ἦλθες
549 4686 654 4759 πρὸ
689 4687 885 4760 καιροῦ
921 4688 1206 4759 βασανίσαι
1236 4692 1416 4763 ήμᾶς;
1455 4711 1473 4743 ι
1525 4693 1620 4746 καὶ
1664 4693 1723 4746 δὲ
1750 4693 1937 4747 τούσδε

2049 4706 2179 4762 pax,
2218 4687 2273 4743 in
2321 4686 2636 4743 hominibus
2688 4687 2833 4743 bona
2891 4689 3147 4745 voluntas
3180 4690 3269 4746 ⁷.»
3331 4689 3441 4748 Hos
3469 4692 3632 4764 igitur

361 4779 478 4846 μὲν,
539 4780 634 4833 καὶ
681 4779 752 4834 δι’
802 4773 877 4833 ὧν
925 4781 1164 4853 ἔπραττε
1213 4784 1308 4836 καὶ
1353 4783 1653 4852 ἐδίδασκεν,
1704 4786 1939 4859 ἰσχυρῶς

2047 4790 2309 4852 tanquam
2358 4781 2608 4851 proprios
2648 4780 2893 4850 angelos,
2948 4782 3034 4836 sui
3090 4782 3264 4852 ipsius
3324 4783 3631 4855 indigentes

355 4870 608 4940 ᾐκίζετο·
664 4873 773 4926 πᾶν
828 4872 885 4926 δὲ
933 4873 996 4927 τὸ
1044 4872 1387 4945 ἀνθρώπινον
1440 4876 1631 4945 γένος,
1686 4882 1799 4943 τοῖς
1856 4879 1957 4935 διά.

2044 4874 2234 4928 auxilii
2264 4875 2345 4928 sic
2384 4889 2515 4928 sane
2551 4871 2760 4942 recepit
2786 4888 2804 4923 :
2826 4872 2922 4943 qui
2944 4887 3073 4929 vero
3094 4873 3208 4943 jam
3234 4873 3328 4928 diu
3355 4874 3412 4929 in
3435 4875 3630 4931 mediis

355 4962 527 5031 λόγων
563 4963 791 5035 ἡμέρων
849 4965 943 5019 καὶ
997 4967 1292 5039 προσηνέσι
1343 4969 1675 5041 φαρμάκοις,
1720 4973 1840 5034 ταῖς
1883 4987 1945 5024 τε

2046 4964 2367 5020 hominibus
2397 4964 2760 5020 versabantur
2791 4972 2848 5019 et
2864 4963 3185 5030 volitabant,
3215 4964 3419 5035 quique
3454 4975 3507 5021 et
3531 4968 3629 5023 ob-

356 5056 554 5127 πραέσι
590 5056 687 5109 καὶ
726 5062 1153 5129 προτρεπτικαῖς
1198 5058 1363 5114 αὐτοῦ
1396 5060 1785 5128 διδασκαλίαις,
1821 5065 1938 5118 ἰᾶτο

2045 5074 2209 5116 seure
2243 5056 2599 5114 etevidenter
2622 5057 2676 5111 in
2708 5065 2855 5112 terra
2877 5096 2891 5121 ,
2922 5059 3223 5127 potentiam
3266 5067 3430 5130 atque
3456 5060 3628 5130 impe-

356 5149 444 5201 καὶ
482 5148 811 5219 ἐθεράπευε,
858 5152 1027 5206 νόσων
1067 5169 1125 5205 τε
1167 5152 1436 5206 παντοίων
1480 5154 1575 5207 καὶ
1617 5155 1805 5210 παθῶν
1837 5159 1939 5230 οὐχ

2044 5152 2189 5206 rium
2210 5151 2551 5217 obtinebant,
2596 5167 2693 5207 eos
2753 5152 2959 5227 ingenti
3011 5151 3307 5223 divinaque
3356 5162 3629 5226 potestate

353 5236 512 5312 ἦττον
568 5241 840 5312 σωμάτων
891 5244 925 5316 ἢ
969 5242 1159 5315 ψυχῶν
1218 5244 1556 5317 ἀπήλλαττε,
1590 5247 1825 5313 παλαιᾶς
1875 5266 1936 5304 τε

2046 5244 2263 5314 fugatos
2296 5244 2532 5315 subegit,
2587 5244 2862 5300 daemones
2906 5246 3095 5315 utique
3140 5247 3505 5317 perniciosos,
3561 5265 3627 5305 ac

352 5334 774 5408 δεισιδαιμονίας
808 5337 900 5389 καὶ
928 5336 1198 5406 δειμάτων
1248 5336 1509 5392 πολυθέου
1561 5339 1797 5410 πλάνης,
1836 5340 1936 5411 τῆς

2045 5338 2337 5409 spirituum
2368 5337 2663 5408 agrestium
2702 5344 2866 5407 atque
2921 5338 3214 5392 immitium
3248 5354 3471 5409 genera,
3516 5356 3626 5395 una

353 5440 410 5478 τε
467 5428 702 5498 αἰσχρᾶς
766 5428 862 5481 καί⁹
902 5428 1200 5483 ἀκολάστου
1252 5428 1497 5503 διαίτης,
1542 5431 1748 5496 πάντας
1810 5434 1933 5496 τοὺς

2042 5426 2167 5485 cum
2206 5446 2272 5487 eo
2302 5432 2395 5501 qui
2420 5432 2563 5486 inter
2592 5429 2693 5485 bos
2715 5429 2936 5484 malitiae
2992 5430 3357 5500 principatum
3389 5429 3621 5492 obtinet.

354 5519 677 5588 προσιόντας
719 5519 1039 5593 ἐλευθέρους
1062 5522 1255 5591 ἀφεὶς,
1297 5520 1568 5591 μεθιστῶν
1602 5540 1661 5577 τε
1703 5525 1797 5577 καὶ
1833 5542 1931 5595 με-

2042 5523 2399 5580 callidissimo
2439 5523 2692 5578 videlicet
2723 5522 2837 5591 illo,
2893 5531 3057 5594 atque
3110 5521 3484 5594 impurissimo
3514 5522 3625 5577 da:-

352 5609 636 5665 ταϐάλλων
689 5613 819 5675 τοὺς
864 5613 1015 5685 αὐτῷ
1063 5614 1493 5686 προσανέχοντας
1547 5617 1612 5669 ἐκ
1656 5617 1757 5687 μὲν
1804 5618 1934 5672 ἀκο-

2043 5632 2225 5684 mone,
2260 5617 2404 5674 sicut
2436 5631 2625 5672 eorum
2686 5615 2933 5670 nonnulli
2988 5616 3287 5673 sentientes
3319 5615 3618 5672 dixerunt:

355 5702 538 5767 λασίας
570 5703 666 5758 ἐπὶ
692 5703 948 5777 σώφρονα
984 5705 1117 5775 βίον,
1157 5708 1222 5759 ἐκ
1260 5707 1317 5761 δὲ
1361 5708 1615 5773 ἀσεϐείας
1654 5709 1745 5762 ἐπί
1784 5710 1938 5763 εὐσέ-

2052 5728 2070 5762 ‹
2096 5708 2236 5775 Quid
2266 5708 2423 5764 nobis
2447 5716 2501 5763 et
2534 5706 2657 5773 tibi,
2691 5706 2792 5762 Fili
2832 5707 2965 5763 Dei?
2997 5709 3193 5764 venisti
3252 5716 3378 5765 ante
3404 5718 3625 5780 tempus

427 5856 451 5887 ⁸
475 5856 628 5913 Deut.
659 5868 974 5926 ιγιιιυοςιὸ.
1050 5863 1066 5894 ³
1100 5861 1244 5918 Psal.
1282 5879 1340 5929 ιι,
1377 5862 1427 5928 7,
1456 5864 1505 5921 8.
1589 5865 1608 5896 ⁸
1634 5863 1766 5920 Luc.
1803 5881 1857 5931 γ,
1888 5865 1975 5929 51,
2010 5865 2069 5919 5Ξ

1634 5863 1766 5920 Luc.
1803 5881 1857 5931 γ,
1888 5865 1975 5929 51,
2010 5865 2078 5919 52
2179 5866 2198 5897 °
2230 5865 2423 5920 Matth.
2461 5882 2533 5930 tv,
2560 5865 2641 5921 ll.
2724 5874 2743 5907 ⁷
2772 5866 2907 5923 Luc.
2938 5884 2999 5934 Il,
3032 5868 3115 5927 l3.
3173 5867 3255 5920 il.
