4120 6420
493 293 601 349 279

1164 293 1435 351 EUSEBII
1474 294 1959 351 CtESARZENSlS
1995 290 2146 349 OPP.
2185 291 2383 349 PARS.
2426 293 2469 350 l.
2509 325 2580 335 —
2616 292 3120 350 APOLOGETICA.

3637 292 3745 346 230

493 417 753 477 torquere
782 425 881 464 nos
900 409 962 462 ⁸7
988 429 1007 461 ι
1036 417 1091 464 et
1123 409 1223 464 hos
1251 410 1471 479 quidem
1498 424 1594 481 per
1622 425 1686 465 ea
1739 417 1861 481 qua:
1888 419 1943 465 et
1987 407 2058 462 l‘e-

2170 404 2348 472 ὁειαν,
2403 408 2493 462 καὶ
2545 407 2602 475 ἐξ
2650 406 2860 473 ἀδικίας
2918 407 3011 463 ἐπὶ
3069 405 3444 478 δικαιοσύνην,
3496 405 3585 459 ναὶ
3636 409 3744 480 μὴν

492 500 569 555 cit
594 509 647 555 et
676 500 861 554 docuit
889 499 1225 556 validissime
1263 501 1461 557 cecidit
1494 517 1509 554 :
1538 517 1699 558 omne
1742 512 1927 558 autem
1955 502 2059 554 liu-

492 604 719 644 manum
748 606 920 660 genus
947 591 1337 646 allocutionum
1390 592 1694 649 mansuetis
1719 608 1783 648 ac
1813 590 2064 663 placidis,

490 684 647 753 quasi
679 682 1117 746 medicamentis,
1153 686 1379 754 suisque
1410 685 1586 755 ipsius
1619 686 1833 740 blandis
1860 686 2066 740 exhor-

490 773 797 830 tationibus
826 790 892 828 ac
919 774 1264 831 documentis
1293 778 1530 841 sanavit,
1575 786 1630 832 et
1675 778 1745 832 ab
1766 777 1946 833 omnis
1977 792 2069 847 ge-

488 869 637 924 neris
686 870 895 924 morbis
926 884 989 923 ac
1040 870 1565 940 perturbationibus,
1592 887 1698 926 non
1721 872 1902 925 minus
1938 876 2066 925 cor“-

488 976 681 1030 porum
709 976 870 1030 quam
915 961 1221 1017 animorum
1276 962 1566 1016 liberavit:
1603 978 1839 1032 cumque
1867 962 1935 1015 ab
1968 978 2068 1016 au-

488 1053 638 1123 tiqua
671 1054 1079 1123 superstitione,
1104 1068 1167 1108 ac
1197 1053 1499 1109 terroribus
1532 1069 1671 1125 quos
1712 1069 1870 1110 error
1924 1054 2067 1107 mul-

487 1143 739 1198 titudinis
783 1143 1010 1198 deorum
1042 1142 1320 1209 aﬂerebat,
1364 1151 1529 1213 atque
1556 1159 1589 1198 a
1624 1144 1770 1213 turpi
1812 1144 2067 1214 petulan-

485 1236 635 1306 tique
669 1236 835 1299 victu,
879 1252 1070 1291 omnes
1102 1252 1162 1291 se
1206 1236 1471 1292 adeuntes
1504 1236 1715 1292 solutos
1744 1236 2061 1299 dimitteret,

484 1328 907 1398 traduceretque
940 1343 1004 1383 ac
1034 1336 1272 1383 mutaret
1318 1343 1436 1394 eos,
1476 1330 1571 1400 qui
1605 1330 1845 1399 seipsum
1875 1328 2064 1383 obser-

482 1428 694 1485 varent,
733 1436 762 1475 a
794 1421 924 1475 luxu
953 1419 1021 1473 ad
1053 1421 1396 1485 modestiam,
1430 1421 1498 1475 ab
1540 1421 1819 1491 impietate
1849 1421 1914 1475 ad
1950 1420 2066 1490 pie-

483 1519 672 1577 tatem,
697 1512 765 1565 ab
795 1512 1060 1582 injustitia
1101 1510 1259 1584 16h,
1278 1511 1345 1566 ad
1377 1511 1677 1581 justitiam,
1711 1528 1773 1567 ac
1804 1521 2062 1583 praeterea

480 1618 513 1656 a
536 1602 840 1658 crudelium
869 1603 1178 1658 daemonum
1209 1610 1498 1674 potestate,
1553 1604 1620 1658 ad
1655 1606 1893 1660 divinam
1924 1620 2064 1661 verze

479 1695 699 1765 pietatis
730 1697 1295 1766 comprehensionem,
1331 1706 1607 1768 postremo
1655 1699 1895 1754 caelestis
1916 1699 2059 1759 vitae.

2177 500 2271 553 καὶ
2306 502 2370 553 ἐκ
2407 499 2507 569 τῆς
2556 499 2667 553 τῶν
2716 500 2928 572 πικρῶν
2977 499 3246 571 δαιμόνων
3291 498 3605 562 δυναστείας
3651 501 3746 553 ἐπὶ

2175 591 2273 661 τὴν
2312 590 2493 643 ἔνθεον
2535 592 2836 662 κατάληψιν
2873 593 2971 663 τῆς
3008 591 3242 663 ἀληθοῦς
3290 590 3566 654 εὐσεϐείας
3587 608 3609 619 ’λ
3651 593 3744 644 καὶ

2176 682 2396 753 προσέτι
2428 683 2635 748 τούτοις
2672 683 2842 748 πύλας
2873 685 3120 756 οὐρανίου
3159 683 3301 757 ζωῆς
3322 725 3336 749 ,
3373 686 3465 738 καὶ
3495 685 3593 755 τῆς
3623 687 3746 739 κατ’

2174 775 2452 829 εὐσέϐειαν
2482 777 2826 841 διδασκαλίας
2851 781 2964 842 τοῖς
2997 778 3116 831 καθ’
3148 778 3275 849 ὅλης
3300 779 3399 850 τῆς
3425 779 3746 851 οἰκουμένης

2175 865 2350 920 ἔθνεσι
2389 869 2808 941 προϊσχόμενοςο
2857 872 2950 924 καὶ
2975 873 3052 935 είς
3088 870 3339 924 τοσοῦτόν
3375 887 3440 939 γε
3477 871 3748 936 κάτεισιν,

2172 958 2248 1022 ὼς
2283 960 2355 1031 μὴ
2392 961 2551 1030 μόνον
2587 961 2854 1032 κάμνουσι
2890 963 2981 1015 καὶ
3017 960 3267 1033 χαλεπῶς
3303 961 3747 1033 νοσηλευομένοις

2171 1051 2271 1115 τὰς
2310 1051 2487 1121 ψυχὰς
2546 1053 2645 1123 τὴν
2705 1054 2972 1126 σωτήριον
3035 1053 3221 1124 ὀρέξαι
3280 1054 3499 1120 δεξιάν,
3545 1055 3646 1126 ἤδη
3684 1053 3744 1108 δὲ

2172 1142 2265 1194 καὶ
2303 1141 2364 1206 ἐξ
2409 1142 2587 1196 αὐτῶν
2625 1142 2736 1197 τῶν
2779 1143 2963 1197 πυλῶν
3012 1143 3108 1197 τοῦ
3155 1142 3384 1198 θανάτου
3434 1146 3559 1207 τοὺς
3606 1147 3744 1216 ἡμι-

2172 1232 2400 1304 θνῆτας,
2443 1235 2477 1305 ἢ
2519 1234 2612 1288 καὶ
2656 1234 2887 1305 πάμπαν
2929 1234 3275 1300 ἀπολωλότας
3320 1237 3384 1289 ἐκ
3425 1235 3637 1307 μακροῦ
3681 1252 3743 1289 τε

2171 1325 2691 1396 κατορωρυγμένους
2716 1326 2823 1378 τῶν
2852 1325 3089 1379 Θανάτου
3115 1325 3273 1379 λῦσαι
3308 1326 3546 1397 δεσμῶν·
3573 1327 3639 1379 δι’
3670 1326 3745 1398 ἦν

2175 1416 2407 1487 μάλιστα
2449 1418 2628 1471 αἰτίαν
2659 1419 2752 1472 καὶ
2788 1418 2948 1491 μέχρι
2986 1418 3095 1474 τῶν
3126 1418 3313 1472 αὐτόθι
3346 1419 3561 1491 χωρίων
3592 1418 3739 1491 ἐδέη-

2171 1526 2262 1561 σεν
2296 1508 2445 1579 αὐτῷ
2484 1509 2784 1580 ἐνεργείας,
2823 1511 2896 1573 ὼς
2930 1508 2996 1564 ἂν
3030 1509 3103 1582 μὴ
3139 1510 3296 1581 μόνον
3334 1508 3571 1575 ζώντων,
3607 1510 3744 1564 ἀλλά

2170 1602 2263 1654 καὶ
2314 1603 2522 1675 νεκρῶν
2574 1603 2933 1674 κυριεύσειεν.
2982 1603 3111 1656 Ὅτε
3166 1602 3263 1674 μὲν
3301 1598 3396 1656 οὖν
3438 1602 3518 1674 τῷ
3568 1603 3748 1676 Πατρὶ

2170 1692 2408 1757 σύνεστι,
2452 1694 2547 1746 καὶ
2580 1693 2679 1765 τὴν
2723 1694 2830 1748 τῶν
2862 1694 2999 1747 ὅλων
3027 1695 3282 1766 πρόνοιαν
3319 1694 3489 1765 ἐνθέῳ
3514 1694 3742 1766 δυνάμει

480 1788 856 1860 doctrinaeque
888 1792 1108 1863 pietatis
1138 1800 1347 1862 portas,
1375 1792 1629 1864 gentibus
1650 1808 1747 1863 per
1772 1799 1945 1846 totum
1972 1808 2058 1847 or-

2163 1785 2521 1857 διακυεερνᾷ,
2566 1785 2796 1858 οὐρανοῦ
2837 1785 3001 1839 αὐτοῦ
3052 1786 3145 1840 καὶ
3186 1787 3289 1858 γῆς
3333 1786 3468 1857 ὁμοῦ
3503 1787 3597 1839 καὶ
3632 1786 3741 1839 τῶν

481 1880 602 1935 bern
631 1889 850 1951 apertas
879 1883 1212 1949 ostenderet,
1243 1898 1419 1952 usque
1439 1884 1576 1938 adeo
1594 1885 1834 1954 seipsum
1867 1883 2064 1940 demit-

480 1970 651 2038 tebat,
682 1980 741 2026 ut
762 1987 869 2026 non
888 1974 1064 2028 solum
1087 1974 1489 2040 laborantibus,
1511 1977 1857 2047 graviterque
1880 1977 2067 2033 animo

480 2063 875 2131 aegrotantibus
904 2065 1200 2119 salutarem
1236 2066 1485 2122 dextram
1518 2067 1844 2137 porrigeret,
1871 2084 2059 2123 verum

477 2154 642 2209 etiam
681 2155 749 2211 de
779 2157 913 2227 ipsis
939 2158 1052 2227 jam
1087 2160 1265 2231 portis
1295 2160 1491 2215 mortis
1542 2162 1948 2226 semimortuos,
1977 2165 2061 2218 vel

475 2257 571 2300 eos
594 2261 813 2317 quoque
870 2249 964 2319 qui
1028 2250 1247 2319 penitus
1283 2250 1655 2316 interiissent,
1704 2253 1927 2323 jamque
1967 2253 2062 2307 diu

476 2335 676 2406 sepulti
706 2348 912 2404 essent,
947 2355 977 2393 a
1009 2342 1204 2397 mortis
1235 2342 1473 2398 vinculis
1519 2343 1786 2398 solveret:
1841 2353 2063 2415 propter

473 2441 639 2498 quam
670 2431 907 2486 maxime
931 2447 1176 2497 causam,
1230 2434 1310 2487 illi
1334 2433 1438 2488 fuit
1477 2450 1616 2506 opus
1653 2436 1720 2489 ad
1746 2437 1836 2489 illa
1888 2452 2062 2508 usque

474 2521 594 2575 loca
633 2521 928 2577 ellicaciam
962 2525 1157 2596 agendi
1207 2541 1531 2597 propagare,
1582 2536 1644 2581 ut
1667 2528 1919 2584 videlicet
1951 2547 2060 2584 non

475 2615 650 2671 solum
672 2616 727 2670 in
755 2616 912 2683 vivis,
940 2633 1126 2673 verum
1149 2619 1313 2674 etiam
1336 2623 1389 2675 in
1413 2622 2059 2684 mortuisdominaretur.

473 2706 613 2760 Dum
645 2708 808 2778 igitur
835 2724 959 2763 cum
988 2708 1149 2765 Patre
1175 2719 1279 2777 est,
1311 2720 1475 2782 atque
1504 2714 1743 2769 universi
1769 2715 2061 2784 providen-

474 2797 608 2852 tiam
635 2798 818 2854 divina
864 2800 1065 2856 virtute
1097 2802 1482 2869 administrat,
1514 2805 1714 2859 coelum
1746 2806 1923 2876 ipsum
1953 2822 2058 2861 una

473 2906 601 2947 eum
636 2900 802 2958 terra,
838 2902 893 2949 et
922 2903 1147 2951 naturas
1176 2912 1298 2967 quae
1327 2898 1383 2951 in
1427 2894 1539 2953 illis
1576 2899 1945 2963 continentur,
1978 2909 2060 2954 at-

473 2999 581 3055 que
613 2999 705 3040 eas
731 3001 853 3057 qua:
878 3002 1047 3057 supra
1074 2987 1272 3041 coelum
1309 2988 1710 3058 intelliguntur,
1746 2989 1961 3044 divinas
2004 2997 2059 3045 et

473 3076 829 3148 incorporeas
883 3086 1068 3133 tuetur
1113 3085 1167 3133 et
1220 3086 1401 3144 curat,
1433 3078 1529 3135 Dei
1562 3079 1823 3147 Verbum,
1878 3092 1932 3137 et
1961 3080 2055 3137 Dei
2084 3103 2133 3167 ο

474 3169 767 3239 sapientia,
811 3179 866 3226 et
915 3170 1009 3226 Dei
1047 3172 1243 3235 virtus,
1304 3180 1359 3227 et
1414 3174 1693 3244 princeps,
1731 3183 1786 3230 et
1836 3175 1969 3237 dux,
2002 3182 2056 3229 et

472 3274 591 3315 rex.
613 3260 755 3326 Quin
782 3261 943 3316 etiam
968 3268 1024 3318 et
1054 3260 1199 3317 Deus
1220 3270 1273 3318 et
1304 3259 1569 3319 Dominus
1599 3264 1654 3318 in
1702 3263 1901 3319 divinis
1932 3279 2057 3319 ora-

471 3350 614 3407 culis
642 3366 767 3406 cum
799 3352 958 3407 laude
983 3361 1037 3409 et
1064 3354 1235 3424 gloria
1266 3356 1605 3420 nominatur,
1638 3364 1692 3411 et
1721 3356 2057 3413 illuminator

470 3441 692 3513 quidem
750 3442 1201 3515 incorporearum
1260 3446 1785 3518 intelligentiumque
1831 3457 2054 3503 natura-

470 3549 615 3589 rum.
654 3532 747 3590 Sol
778 3536 1154 3607 verojustitiaa
1182 3552 1248 3591 ac
1270 3538 1451 3593 lumen
1474 3539 1721 3594 veritatis
1743 3548 1828 3595 est
1848 3540 2052 3604 dictus,

471 3627 566 3697 qui
617 3627 893 3682 subservit
960 3638 1124 3698 atque
1175 3645 1394 3699 operam
1431 3644 1589 3685 suam
1641 3631 1912 3687 immiscet
1962 3648 2055 3704 pa-

469 3720 643 3774 ternis
672 3718 1145 3790 dispositionibus,
1177 3736 1244 3775 ex
1270 3736 1383 3791 quo
1415 3731 1470 3777 et
1498 3720 1685 3779 Patris
1712 3721 1963 3779 minister
2001 3733 2055 3779 et

470 3808 652 3880 opifex
686 3820 1053 3881 nuncupatur.
1102 3810 1267 3866 Solus
1299 3827 1429 3867 vero
1482 3820 1637 3870 certo
1678 3813 1871 3868 ordine
1904 3814 2054 3869 novit

470 3898 584 3956 Deo
614 3900 1011 3971 obtemperare,
1070 3901 1164 3972 qui
1219 3901 1385 3957 etiam
1442 3902 1691 3957 medicus
1739 3904 2048 3967 intercedit,

470 3996 617 4050 inter
640 3993 810 4050 Deum
833 3994 1153 4064 quigenitus
1176 4010 1286 4050 non
1315 4001 1421 4057 est,
1450 4004 1505 4050 et
1537 4009 1631 4050 eas
1657 4010 1747 4052 res
1774 4010 1896 4067 qua:
1929 4008 2051 4067 post

472 4087 655 4158 ipsum
675 4086 870 4156 genita:
894 4095 1042 4152 sunt,
1086 4087 1180 4158 qui
1209 4087 1803 4143 universicurationem
1835 4103 2052 4144 assum-

469 4179 603 4249 psit,
635 4189 688 4233 et
720 4180 873 4232 Patri
905 4195 1001 4249 pro
1028 4180 1285 4235 omnibus
1333 4180 1427 4250 qui
1466 4180 1542 4234 illi
1578 4188 1769 4251 parent
1790 4188 1875 4236 est
1916 4196 2051 4235 con-

471 4276 721 4325 secratus
738 4268 997 4339 solusque
1027 4269 1179 4324 illum
1209 4270 1465 4324 omnibus
1489 4270 1675 4325 mitem
1728 4270 2051 4340 propitium-

468 4378 578 4431 que
626 4361 826 4427 reddit,
881 4362 976 4432 qui
1040 4360 1290 4417 Pontifex
1351 4369 1611 4426 aeternus,
1669 4377 1734 4417 ac
1784 4369 2049 4433 praeterea

2164 1880 2222 1930 ἐν
2262 1877 2471 1941 τούτοις
2513 1877 2917 1950 περιεχομένων
2964 1878 3177 1947 φύσεων
3231 1876 3338 1930 τῶν
3375 1893 3434 1928 τε
3483 1876 3743 1929 ἐπέκεινα

2162 1970 2390 2041 ούρανοῦ
2434 1971 2595 2025 θείων
2626 1972 2719 2025 καὶ
2751 1971 3055 2042 ἀσωμάτων
3090 1969 3289 2023 οὐσιῶν
3330 1972 3621 2023 ἐπισκοπεῖ
3646 1970 3742 2025 καὶ

2163 2061 2482 2133 ἐπιμέλεται
2519 2062 2655 2116 Θεοῦ
2690 2063 2895 2131 Λόγος,
2941 2063 3036 2116 καὶ
3064 2062 3198 2116 Θεοῦ
3239 2063 3434 2133 σοφία,
3479 2066 3575 2118 καὶ
3602 2063 3739 2118 Θεοῦ

2161 2152 2389 2223 δύναμις
2441 2152 2621 2223 ἄρχων
2682 2169 2742 2205 τε
2795 2152 2888 2206 κα)⁸
2940 2153 3242 2225 ἡγούμενος
3311 2156 3403 2208 καὶ
3462 2154 3736 2225 βασιλεύς.

2166 2243 2304 2314 Ἤδη
2336 2242 2393 2295 δὲ
2419 2244 2513 2297 καὶ
2541 2242 2671 2306 Θεὸς
2703 2243 2796 2297 καὶ
2820 2243 3022 2315 Κύριος
3048 2246 3107 2297 ἐν
3136 2248 3250 2309 τοῖς
3280 2245 3444 2310 θείοις
3471 2251 3741 2318 χρησμοῖς

2162 2336 2556 2407 ἀνευφημεῖται
2582 2375 2596 2400 ,
2649 2337 2745 2390 καὶ
2799 2337 3047 2406 φωτίζων
3104 2340 3202 2410 μὲν
3259 2339 3359 2402 τάς
3413 2341 3739 2411 ἀσωμάτους

2162 2427 2255 2478 καί
2294 2425 2485 2496 νοεράς
2523 2425 2732 2494 φύσεις.
2780 2425 2968 2490 Ἤλιος
3016 2427 3072 2479 δὲ
3110 2428 3453 2500 δικαιοσύνης
3489 2431 3584 2484 καὶ
3622 2430 3740 2500 φῶς

2161 2510 2417 2581 ἀληθινὸν
2477 2512 2801 2584 ἀνείρηται,
2856 2514 3146 2585 ὑπουργῶν
3201 2516 3258 2569 δὲ
3308 2519 3402 2572 καὶ
3460 2519 3743 2589 συνεργῶν

2161 2606 2280 2667 ταῖς
2308 2602 2403 2657 τοῦ
2433 2605 2646 2677 Πατρὸς
2698 2605 3024 2673 διατάξεσιν,
3082 2609 3351 2680 ὑπουργὸς
3396 2610 3489 2663 τοῦ
3524 2612 3739 2683 Πατρός

2161 2697 2256 2749 καὶ
2299 2696 2629 2767 δημιουργὸς
2673 2699 3019 2770 χρηματίζει.
3080 2701 3239 2754 Ἀλλά
3279 2702 3371 2755 καὶ
3407 2704 3566 2773 urive;
3597 2703 3739 2757 κατά

2160 2789 2312 2855 τάξιν
2354 2789 2510 2853 εἰδὼς
2540 2789 2862 2862 θεραπεύειν
2892 2792 3045 2857 Θεὸν,
3085 2793 3246 2864 μέσος
3286 2812 3346 2848 τε
3387 2795 3558 2859 ἑστὼς
3600 2796 3734 2850 Θεοῦ

2159 2880 2252 2933 τοῦ
2298 2882 2592 2953 ἀγεννήτου
2631 2884 2725 2935 καὶ
2760 2882 2868 2936 τῶν
2897 2884 3016 2955 μετ’
3046 2885 3207 2938 αὐτὸν
3250 2886 3511 2956 γενητῶν,
3540 2890 3640 2959 τήν
3672 2905 3735 2940 τε

2159 2972 2267 3026 τῶν
2314 2973 2451 3027 ὅλων
2494 2972 2917 3046 ἀναδεδεγμένος
2965 2977 3256 3048 φροντίδα,
3299 2978 3394 3031 καὶ
3443 2978 3584 3050 ὑπὲρ
3624 2979 3736 3033 τῶν

2160 3066 2416 3138 ὑπηκόων
2458 3067 2712 3122 ἀπάντων
2755 3068 3046 3141 ἱερώμενος
3085 3069 3164 3141 τῷ
3199 3072 3402 3143 Πατρὶ,
3438 3072 3531 3125 καὶ
3576 3072 3737 3143 μόνος

2160 3160 2322 3213 αὐτὸν
2349 3162 2463 3223 τοῖς
2496 3162 2660 3213 πᾶσιν
2693 3162 2897 3233 εὐμενῆ
2934 3163 3029 3216 καὶ
3057 3161 3213 3215 ἵλεων
3246 3163 3521 3235 παρέχων,
3549 3165 3741 3235 ἀρχιε-

2160 3254 2288 3325 ρεύς
2318 3251 2555 3318 αἰώνιος,
2601 3256 2693 3308 καὶ
2729 3255 2792 3328 δὴ
2824 3256 3057 3327 Χριστὸς
3090 3255 3186 3309 τοῦ
3217 3256 3432 3330 Πατρὸς
3467 3274 3736 3329 προσαγο-

2161 3346 2397 3417 ρεύεται,
2425 3345 2567 3399 οὕτω
2595 3348 2691 3402 καὶ
2718 3347 2989 3420 Ἑϐραίοις
3013 3347 3266 3419 Χριστῶν
3290 3349 3739 3421 ἐπικαλουμένων

2157 3442 2325 3494 πάλαι
2367 3439 2476 3494 τῶν
2520 3440 2618 3512 τὴν
2658 3441 2844 3495 εἰκόνα
2897 3440 2993 3494 τοῦ
3049 3441 3267 3513 πρώτου
3315 3441 3405 3496 διά
3449 3442 3734 3513 συμϐόλων

2158 3535 2568 3588 ἐπιτελούντων.
2618 3536 2730 3589 Καὶ
2785 3535 2874 3589 ὅτε
2931 3535 3030 3607 μὲν
3102 3534 3355 3604 ἀγγέλοις
3425 3535 3737 3607 ταξιαρχῶν

2156 3626 2453 3691 ἐπιστατεῖ,
2511 3626 2755 3697 μεγάλης
2811 3625 3009 3697 βουλῆς
3047 3626 3277 3695 ἄγγελος
3313 3626 3733 3698 ἀναγορεύεται,

2156 3716 2378 3771 καὶτῶν
2405 3719 2526 3771 κατ’
2549 3717 2776 3790 οὐρανὸν
2799 3715 3066 3788 στρατιῶν
3088 3717 3413 3788 ἡγούμενος,
3438 3717 3738 3789 ἀρχιστρά-

2153 3824 2320 3879 τηγος
2346 3809 2627 3879 δυνάμεως
2668 3808 2872 3879 Κυρίου
2902 3804 3068 3861 εἶναι’
3116 3807 3216 3879 ἤδη
3239 3808 3297 3862 δὲ
3324 3808 3524 3862 κατιὼν
3545 3809 3637 3861 ἐπὶ
3666 3809 3745 3862 τὰ.

2154 3902 2300 3973 τῇδε,
2342 3901 2500 3973 ἡμῶν
2524 3919 2585 3955 τε
2611 3900 2789 3956 αὐτῶν
2818 3901 2921 3973 τῆς
2953 3901 3179 3971 λογικῆς
3229 3900 3473 3970 φύσεως,
3528 3902 3627 3972 τῆς
3671 3918 3735 3954 τε

2159 3995 2291 4058 ἰδίας
2322 3994 2509 4059 αὐτοῦ,
2539 3995 2699 4067 χάριν
2728 3995 2956 4061 εἰκόνος,
2989 3994 3371 4067 φιλανθρωπίᾳ
3396 3994 3489 4047 τοῦ
3519 3994 3735 4067 Πατρὸς

2155 4085 2705 4159 ἀντιλαμϐανόμενος,
2759 4085 2895 4140 καθὸ
2937 4086 3039 4158 μὲν
3077 4085 3222 4140 ἔοικε
3264 4088 3474 4158 νηπίων
3519 4084 3730 4157 ἄρχειν,

2154 4178 2248 4231 καὶ
2306 4179 2468 4232 οἱονεὶ
2520 4178 2920 4252 βοσκημάτων,
2972 4181 3175 4251 ποιμὴν
3229 4179 3539 4251 ὠνόμασται
3598 4196 3735 4251 προ-

2154 4271 2363 4326 ϐάτωνο
2421 4272 2555 4326 καθὸ
2609 4273 2666 4326 δὲ
2723 4271 2911 4345 ψυχῶν
2973 4272 3232 4344 ὲμπαθῶν
3286 4272 3385 4344 τὴν
3434 4271 3737 4343 θεραπείαν

2156 4364 2570 4433 ἐπαγγέλλεται,
2593 4364 2780 4436 Σωτὴρ
2806 4365 2899 4418 καὶ
2931 4364 3114 4437 ἰατρὸς
3149 4364 3373 4428 εἰκότως
3413 4363 3477 4417 ἂν
3500 4364 3728 4433 λέγοιτο.

469 4452 723 4510 Christus
763 4453 941 4508 Patris
996 4461 1246 4508 vocatur.
1305 4452 1398 4508 Sic
1449 4454 1595 4508 enim
1616 4452 1761 4524 apud
1793 4452 2048 4510 Hebraeos

2160 4455 2326 4509 Τοῦτο
2367 4454 2562 4527 γοῦνή
2604 4457 2736 4527 παρ’
2787 4454 3057 4528 Ἑϐραίοις
3103 4454 3195 4509 τοῦ
3253 4456 3427 4526 Ἰησοῦ
3475 4456 3731 4528 σημαίνει

470 4546 601 4599 olim
641 4546 1077 4616 appellabantur,
1108 4542 1203 4612 qui
1234 4543 1526 4612 imaginem
1566 4544 1730 4615 primi
1775 4560 1873 4616 per
1901 4560 2053 4615 quae-

470 4639 595 4694 dam
629 4642 784 4710 signa
816 4637 1146 4703 referebant,
1188 4652 1251 4693 ac
1300 4638 1431 4692 dum
1486 4640 1803 4709 angelorum
1833 4637 2050 4708 quidem

470 4731 761 4788 ordinibus
800 4733 1052 4802 imperat.
1080 4741 1241 4800 atque
1281 4731 1348 4786 iis
1397 4740 1614 4801 praeest,
1650 4731 1830 4802 magni
1870 4732 2054 4788 consi-

469 4824 529 4877 lii
587 4823 816 4893 angelus
841 4838 964 4879 esse
991 4820 1216 4883 dicitur,
1278 4828 1332 4876 et
1394 4822 1603 4876 militia:
1639 4821 1881 4877 cmlestis
1914 4822 2048 4885 dux,

471 4927 536 4968 ac
596 4916 869 4970 maximus
920 4913 1201 4984 copiarum
1258 4912 1472 4968 Domini
1534 4915 1850 4984 imperator.
1913 4913 2049 4969 Dum

482 5021 613 5060 vero
644 5008 712 5061 ad
751 5007 868 5062 lucc
901 5014 1091 5062 nostra
1152 5006 1457 5070 descendit,
1501 5014 1853 5078 nostramque
1903 5009 2053 5078 ipso-

470 5113 594 5153 rum
623 5098 943 5153 rationalem
977 5106 1249 5163 naturam,
1309 5109 1362 5153 et
1406 5115 1520 5154 sua:
1574 5100 1828 5172 imaginis
1859 5115 2046 5164 causa,

470 5198 526 5244 et
558 5190 800 5245 bonitate
838 5188 1017 5246 Patris
1042 5190 1294 5254 assumit,
1354 5207 1421 5245 ex
1457 5207 1565 5261 quo
1619 5208 1752 5248 sane
1807 5192 2049 5264 parvulis

472 5289 637 5349 atque
713 5280 1144 5350 insipientibus,
1229 5296 1294 5336 ac
1371 5283 1765 5353 propemodum
1838 5287 2051 5353 pecori-

472 5371 574 5426 bus
625 5371 897 5441 imperare
920 5372 1153 5436 videtur,
1212 5382 1400 5441 pastor
1455 5375 1639 5429 ovium
1699 5376 1881 5432 dictus
1939 5386 2044 5434 est.

472 5464 754 5529 Quatenus
811 5478 940 5517 vero
1005 5464 1311 5519 animarum
1344 5468 1730 5534 aegrotantium
1781 5469 2051 5526 medelam

468 5554 787 5624 pollicetur,
838 5554 1039 5610 merito
1100 5553 1354 5611 Salvator
1407 5572 1470 5612 ac
1540 5558 1783 5616 medicus
1822 5559 2044 5617 dicitur.

543 5725 776 5783 ‘Mattlt.
818 5746 933 5797 rut,
971 5730 1067 5785 9.9.

2159 4547 2516 4620 προσηγορία.
2575 4547 2726 4601 Ἐπεὶ
2769 4547 2827 4601 δέ
2866 4548 2974 4600 ἔδει
3009 4548 3139 4601 ποτὲ
3188 4548 3281 4602 καὶ
3315 4548 3463 4619 αὐτῷ
3495 4549 3728 4619 ὀργάνου

2154 4637 2515 4711 ἀνθρωπίνου,
2564 4636 2639 4700 ὡς
2681 4636 2748 4690 ἂν
2788 4636 2882 4691 καὶ
2928 4637 3234 4709 ἀνθρώποις
3279 4640 3469 4693 ἑαυτὸν
3518 4644 3726 4712 φήνειε,

2153 4731 2249 4784 καὶ
2284 4732 2383 4802 τῆς
2421 4730 2516 4784 τοῦ
2550 4730 2766 4801 Πατρὸς
2797 4728 3142 4799 ἐπιγνώσεως
3182 4732 3276 4784 καὶ
3308 4733 3591 4796 εὐσεϐείας
3635 4732 3729 4786 τὸν

2152 4825 2326 4897 ἀληθῆ
2355 4824 2511 4895 λόγον
2534 4824 2784 4890 διδάξειε,
2815 4829 2910 4882 καὶ
2942 4826 3131 4879 τοῦτον
3158 4827 3259 4880 οὐκ
3286 4826 3607 4897 ἀπαρνεῖται
3635 4827 3728 4880 τὸν

2151 4917 2349 4990 τρόπον
2367 4934 2382 4948 ο
2421 4918 2615 4982 ἐπιϐάς
2644 4917 2702 4971 δὲ
2733 4914 2792 4972 εὖ
2828 4920 2970 4991 μάλα
2998 4923 3063 4991 τῇ
3092 4920 3337 4991 ἡμετέρᾳ
3359 4919 3538 4989 φύσει,
3586 4918 3728 4992 πάρ-

2152 5024 2291 5061 εισιν
2313 5009 2394 5072 είς
2429 5008 2770 5079 ἀνθρώπους,
2818 5010 2950 5063 Θεὸν
2972 5010 3037 5064 δι’
3062 5010 3349 5081 ἀνθρώπου
3374 5011 3515 5081 μέγα
3536 5012 3727 5083 θαῦμα

2150 5102 2262 5163 τοῖς
2292 5101 2455 5153 πᾶσιν
2486 5098 2953 5171 ἐπιδεικνύμενος·
2986 5102 3061 5165 ώς
3098 5102 3165 5156 ἂν
3203 5102 3465 5173 μὴ.μόνον
3496 5101 3556 5167 ἐξ
3594 5104 3730 5173 ἀφα-

2149 5189 2274 5254 νοῦς
2305 5190 2399 5243 καὶ
2430 5190 2627 5260 ἀδήλου
2673 5190 2910 5261 ἄσαρκος
2940 5192 3015 5254 ὡς
3053 5192 3146 5245 καὶ
3185 5190 3476 5263 ἀσώματος
3504 5194 3731 5247 ἐπιστα-

2148 5281 2288 5352 τοίη,
2318 5284 2499 5346 αὐτοῖς
2521 5282 2576 5334 δὲ
2604 5282 2808 5353 σαρκὸς
2832 5282 3073 5352 ὄμμασιν
3095 5280 3391 5354 ὁρώμενος,
3420 5282 3727 5356 ἀνθρώπων

2147 5392 2206 5427 τε
2261 5374 2558 5444 ὀφθαλμοῖς
2607 5375 2701 5427 καὶ
2754 5376 2896 5444 ὑπὲρ
2946 5375 3232 5447 ἄνθρωπον
3277 5376 3726 5451 θαυματουργίας

2149 5467 2405 5538 παρέχων
2437 5468 2589 5538 όρᾷν,
2623 5467 2718 5520 καὶ⁵
2746 5467 2969 5539 προσέτι
3011 5467 3262 5539 σώματος
3289 5470 3480 5535 ἀκοαῖς
3507 5470 3607 5534 τάς
3634 5470 3729 5525 διὰ

2149 5557 2392 5630 γλώττης
2424 5560 2518 5613 καὶ
2559 5560 2741 5630 φωνῆς
2787 5558 3050 5630 ἐνάρθρου
3093 5560 3419 5633 παραδιδοὺς
3466 5562 3722 5617 διδασκα-
