  <div class='ocr_page' id='page_1' title='image "/cluster/home/n/w/nwhite01/storage/ocr_20150623/22/hvd.32044073501140/148.png"; bbox 0 0 4120 6420; ppageno 0'>
   <div class='ocr_carea' id='block_1_1' title="bbox 308 346 415 404">
    <p class='ocr_par' dir='ltr' id='par_1_1' title="bbox 308 346 415 404">
     <span class='ocr_line' id='line_1_1' title="bbox 308 346 415 404; baseline 0 0"><span class='ocrx_word' id='word_1_1' title='bbox 308 346 415 404; x_wconf 58' lang='grc' dir='ltr'><strong>ω</strong></span> 
     </span>
    </p>
   </div>
   <div class='ocr_carea' id='block_1_2' title="bbox 1231 345 2675 409">
    <p class='ocr_par' dir='ltr' id='par_1_2' title="bbox 1231 345 2675 409">
     <span class='ocr_line' id='line_1_2' title="bbox 1231 345 2675 409; baseline 0.006 -8"><span class='ocrx_word' id='word_1_2' title='bbox 1231 345 1889 405; x_wconf 66' lang='lat' dir='ltr'><strong>DEHONSTRATIONIS</strong></span> <span class='ocrx_word' id='word_1_3' title='bbox 1926 348 2390 407; x_wconf 68' lang='grc' dir='ltr'><strong>ΕνΑΝοΕιιεΑῑ</strong></span> <span class='ocrx_word' id='word_1_4' title='bbox 2420 351 2550 409; x_wconf 86' lang='lat' dir='ltr'><strong>LIB.</strong></span> <span class='ocrx_word' id='word_1_5' title='bbox 2585 351 2675 409; x_wconf 74' lang='grc' dir='ltr'><strong>Ν.</strong></span> 
     </span>
    </p>
   </div>
   <div class='ocr_carea' id='block_1_3' title="bbox 3452 347 3561 403">
    <p class='ocr_par' dir='ltr' id='par_1_3' title="bbox 3452 347 3561 403">
     <span class='ocr_line' id='line_1_3' title="bbox 3452 347 3561 403; baseline 0.018 -2"><span class='ocrx_word' id='word_1_6' title='bbox 3452 347 3561 403; x_wconf 70' lang='lat'><strong>282</strong></span> 
     </span>
    </p>
   </div>
   <div class='ocr_carea' id='block_1_4' title="bbox 304 461 1866 553">
    <p class='ocr_par' dir='ltr' id='par_1_4' title="bbox 304 461 1861 553">
     <span class='ocr_line' id='line_1_4' title="bbox 304 461 1861 553; baseline 0.003 -36"><span class='ocrx_word' id='word_1_7' title='bbox 304 465 452 553; x_wconf 28' lang='lat' dir='ltr'><strong>at“,</strong></span> <span class='ocrx_word' id='word_1_8' title='bbox 500 462 644 518; x_wconf 71' lang='grc' dir='ltr'>θεῖόν</span> <span class='ocrx_word' id='word_1_9' title='bbox 687 480 747 517; x_wconf 87' lang='grc' dir='ltr'><strong>τε</strong></span> <span class='ocrx_word' id='word_1_10' title='bbox 786 461 863 528; x_wconf 79' lang='grc' dir='ltr'>ὡς</span> <span class='ocrx_word' id='word_1_11' title='bbox 903 463 1120 535; x_wconf 80' lang='grc' dir='ltr'>ἀληθῶς</span> <span class='ocrx_word' id='word_1_12' title='bbox 1168 466 1264 520; x_wconf 69' lang='grc' dir='ltr'>καὶ</span> <span class='ocrx_word' id='word_1_13' title='bbox 1317 466 1618 538; x_wconf 78' lang='grc' dir='ltr'>παράδοξον</span> <span class='ocrx_word' id='word_1_14' title='bbox 1671 467 1861 553; x_wconf 71' lang='grc' dir='ltr'>χρῆμα</span> 
     </span>
    </p>
   </div>
   <div class='ocr_carea' id='block_1_5' title="bbox 1967 461 3558 553">
    <p class='ocr_par' dir='ltr' id='par_1_5' title="bbox 1992 464 3558 540">
     <span class='ocr_line' id='line_1_5' title="bbox 1992 464 3558 540; baseline 0 -19"><span class='ocrx_word' id='word_1_15' title='bbox 1992 468 2149 540; x_wconf 75' lang='grc'><strong>165</strong></span> <span class='ocrx_word' id='word_1_16' title='bbox 2188 467 2302 524; x_wconf 83' lang='lat' dir='ltr'><strong>Hoc</strong></span> <span class='ocrx_word' id='word_1_17' title='bbox 2340 470 2486 524; x_wconf 89' lang='lat' dir='ltr'><strong>enim</strong></span> <span class='ocrx_word' id='word_1_18' title='bbox 2526 469 2668 539; x_wconf 88' lang='lat' dir='ltr'><strong>apud</strong></span> <span class='ocrx_word' id='word_1_19' title='bbox 2694 467 2950 524; x_wconf 67' lang='lat' dir='ltr'><strong>Hebraeos</strong></span> <span class='ocrx_word' id='word_1_20' title='bbox 2989 464 3121 523; x_wconf 81' lang='lat' dir='ltr'><strong>Jesu</strong></span> <span class='ocrx_word' id='word_1_21' title='bbox 3156 466 3447 538; x_wconf 72' lang='lat' dir='ltr'><strong>appellatio</strong></span> <span class='ocrx_word' id='word_1_22' title='bbox 3478 469 3558 523; x_wconf 90' lang='lat' dir='ltr'><strong>si-</strong></span> 
     </span>
    </p>
   </div>
   <div class='ocr_carea' id='block_1_6' title="bbox 302 549 1883 630">
    <p class='ocr_par' dir='ltr' id='par_1_6' title="bbox 302 549 1883 630">
     <span class='ocr_line' id='line_1_6' title="bbox 302 549 1883 630; baseline 0.004 -24"><span class='ocrx_word' id='word_1_23' title='bbox 302 549 427 607; x_wconf 73' lang='grc' dir='ltr'>οἷον</span> <span class='ocrx_word' id='word_1_24' title='bbox 447 553 562 608; x_wconf 73' lang='grc' dir='ltr'>οὐδ’</span> <span class='ocrx_word' id='word_1_25' title='bbox 588 553 719 607; x_wconf 82' lang='grc' dir='ltr'>ἀλλο</span> <span class='ocrx_word' id='word_1_26' title='bbox 753 573 839 608; x_wconf 89' lang='grc' dir='ltr'><strong>πω</strong></span> <span class='ocrx_word' id='word_1_27' title='bbox 865 556 1031 624; x_wconf 79' lang='grc' dir='ltr'>φανὲν</span> <span class='ocrx_word' id='word_1_28' title='bbox 1063 558 1460 628; x_wconf 77' lang='grc' dir='ltr'><strong>μνημονεύεται</strong></span> <span class='ocrx_word' id='word_1_29' title='bbox 1479 600 1495 625; x_wconf 89' lang='grc'><strong>,</strong></span> <span class='ocrx_word' id='word_1_30' title='bbox 1527 549 1794 630; x_wconf 65' lang='grc' dir='ltr'>σωτήριόν</span> <span class='ocrx_word' id='word_1_31' title='bbox 1822 577 1883 613; x_wconf 92' lang='grc' dir='ltr'><strong>τε</strong></span> 
     </span>
    </p>
   </div>
   <div class='ocr_carea' id='block_1_7' title="bbox 301 644 1882 717">
    <p class='ocr_par' dir='ltr' id='par_1_7' title="bbox 301 644 1882 717">
     <span class='ocr_line' id='line_1_7' title="bbox 301 644 1882 717; baseline 0.006 -20"><span class='ocrx_word' id='word_1_32' title='bbox 301 644 445 715; x_wconf 74' lang='grc' dir='ltr'>ὁμοῦ</span> <span class='ocrx_word' id='word_1_33' title='bbox 486 645 583 699; x_wconf 85' lang='grc' dir='ltr'>καὶ</span> <span class='ocrx_word' id='word_1_34' title='bbox 627 646 975 717; x_wconf 76' lang='grc' dir='ltr'>εὐεργετικὸν</span> <span class='ocrx_word' id='word_1_35' title='bbox 1013 652 1124 712; x_wconf 83' lang='grc' dir='ltr'>τοῖς</span> <span class='ocrx_word' id='word_1_36' title='bbox 1168 650 1335 704; x_wconf 80' lang='grc' dir='ltr'>πᾶσιν</span> <span class='ocrx_word' id='word_1_37' title='bbox 1370 652 1534 715; x_wconf 84' lang='grc' dir='ltr'>αὐτὸς</span> <span class='ocrx_word' id='word_1_38' title='bbox 1571 652 1763 706; x_wconf 77' lang='grc' dir='ltr'>ἑαυτὸν</span> <span class='ocrx_word' id='word_1_39' title='bbox 1794 654 1882 706; x_wconf 84' lang='grc' dir='ltr'>ἐν·-</span> 
     </span>
    </p>
   </div>
   <div class='ocr_carea' id='block_1_8' title="bbox 300 740 1884 818">
    <p class='ocr_par' dir='ltr' id='par_1_8' title="bbox 300 740 1884 818">
     <span class='ocr_line' id='line_1_8' title="bbox 300 740 1884 818; baseline 0.005 -26"><span class='ocrx_word' id='word_1_40' title='bbox 300 740 674 810; x_wconf 71' lang='grc' dir='ltr'>δεικνύμενος.</span> <span class='ocrx_word' id='word_1_41' title='bbox 707 740 864 795; x_wconf 81' lang='grc' dir='ltr'>υῦτω</span> <span class='ocrx_word' id='word_1_42' title='bbox 893 742 1026 813; x_wconf 81' lang='grc' dir='ltr'>δῆτα</span> <span class='ocrx_word' id='word_1_43' title='bbox 1060 745 1089 797; x_wconf 82' lang='grc' dir='ltr'><strong>ὁ</strong></span> <span class='ocrx_word' id='word_1_44' title='bbox 1120 743 1252 807; x_wconf 73' lang='grc' dir='ltr'>θεὸς</span> <span class='ocrx_word' id='word_1_45' title='bbox 1278 746 1307 797; x_wconf 84' lang='grc' dir='ltr'><strong>ὁ</strong></span> <span class='ocrx_word' id='word_1_46' title='bbox 1332 744 1502 813; x_wconf 77' lang='grc' dir='ltr'>Λόγος</span> <span class='ocrx_word' id='word_1_47' title='bbox 1535 744 1650 810; x_wconf 76' lang='grc' dir='ltr'>υἱὸς</span> <span class='ocrx_word' id='word_1_48' title='bbox 1677 745 1884 818; x_wconf 86' lang='grc' dir='ltr'>ἀνθρώ-</span> 
     </span>
    </p>
   </div>
   <div class='ocr_carea' id='block_1_9' title="bbox 301 828 1883 907">
    <p class='ocr_par' dir='ltr' id='par_1_9' title="bbox 301 828 1883 907">
     <span class='ocr_line' id='line_1_9' title="bbox 301 828 1883 907; baseline 0.008 -28"><span class='ocrx_word' id='word_1_49' title='bbox 301 842 410 879; x_wconf 75' lang='grc' dir='ltr'>που</span> <span class='ocrx_word' id='word_1_50' title='bbox 447 828 690 895; x_wconf 81' lang='grc' dir='ltr'>ἐλέγετο,</span> <span class='ocrx_word' id='word_1_51' title='bbox 721 829 816 882; x_wconf 75' lang='grc' dir='ltr'><strong>καὶ</strong></span> <span class='ocrx_word' id='word_1_52' title='bbox 863 831 1068 902; x_wconf 76' lang='grc' dir='ltr'>Ἰησοῦς</span> <span class='ocrx_word' id='word_1_53' title='bbox 1101 833 1431 903; x_wconf 70' lang='grc' dir='ltr'>ὠνομάζετο,</span> <span class='ocrx_word' id='word_1_54' title='bbox 1463 837 1593 907; x_wconf 82' lang='grc' dir='ltr'>παρ’</span> <span class='ocrx_word' id='word_1_55' title='bbox 1622 837 1745 890; x_wconf 85' lang='grc' dir='ltr'>ὅσον</span> <span class='ocrx_word' id='word_1_56' title='bbox 1782 837 1883 907; x_wconf 84' lang='grc' dir='ltr'>τῆς</span> 
     </span>
    </p>
   </div>
   <div class='ocr_carea' id='block_1_10' title="bbox 296 916 1881 997">
    <p class='ocr_par' dir='ltr' id='par_1_10' title="bbox 296 916 1881 997">
     <span class='ocr_line' id='line_1_10' title="bbox 296 916 1881 997; baseline 0.007 -28"><span class='ocrx_word' id='word_1_57' title='bbox 296 918 412 970; x_wconf 74' lang='grc' dir='ltr'><strong>τῶν</strong></span> <span class='ocrx_word' id='word_1_58' title='bbox 452 916 811 989; x_wconf 78' lang='grc' dir='ltr'><strong>ἀνθρωπίνων</strong></span> <span class='ocrx_word' id='word_1_59' title='bbox 856 920 1042 990; x_wconf 70' lang='grc' dir='ltr'>ψυχῶν</span> <span class='ocrx_word' id='word_1_60' title='bbox 1095 922 1289 985; x_wconf 72' lang='grc' dir='ltr'>ἰάσεώς</span> <span class='ocrx_word' id='word_1_61' title='bbox 1337 940 1397 976; x_wconf 89' lang='grc' dir='ltr'><strong>τε</strong></span> <span class='ocrx_word' id='word_1_62' title='bbox 1446 925 1540 978; x_wconf 81' lang='grc' dir='ltr'><strong>καὶ</strong></span> <span class='ocrx_word' id='word_1_63' title='bbox 1587 925 1881 997; x_wconf 79' lang='grc' dir='ltr'>θεραπείας</span> 
     </span>
    </p>
   </div>
   <div class='ocr_carea' id='block_1_11' title="bbox 297 1008 1881 1087">
    <p class='ocr_par' dir='ltr' id='par_1_11' title="bbox 297 1008 1881 1087">
     <span class='ocr_line' id='line_1_11' title="bbox 297 1008 1881 1087; baseline 0.008 -29"><span class='ocrx_word' id='word_1_64' title='bbox 297 1010 465 1077; x_wconf 77' lang='grc' dir='ltr'>χάριν</span> <span class='ocrx_word' id='word_1_65' title='bbox 493 1008 595 1078; x_wconf 78' lang='grc' dir='ltr'>τὴν</span> <span class='ocrx_word' id='word_1_66' title='bbox 627 1008 856 1078; x_wconf 84' lang='grc' dir='ltr'>πάροδον</span> <span class='ocrx_word' id='word_1_67' title='bbox 887 1013 967 1073; x_wconf 79' lang='grc' dir='ltr'><strong>εἰς</strong></span> <span class='ocrx_word' id='word_1_68' title='bbox 994 1012 1139 1081; x_wconf 76' lang='grc' dir='ltr'>ἡμᾶς</span> <span class='ocrx_word' id='word_1_69' title='bbox 1173 1013 1428 1067; x_wconf 80' lang='grc' dir='ltr'>ἐποιεῖτο.</span> <span class='ocrx_word' id='word_1_70' title='bbox 1476 1015 1667 1087; x_wconf 78' lang='grc' dir='ltr'>Σωτὴρ</span> <span class='ocrx_word' id='word_1_71' title='bbox 1714 1016 1758 1069; x_wconf 75' lang='grc' dir='ltr'>δ’</span> <span class='ocrx_word' id='word_1_72' title='bbox 1788 1012 1881 1071; x_wconf 76' lang='grc' dir='ltr'>οὖν</span> 
     </span>
    </p>
   </div>
   <div class='ocr_carea' id='block_1_12' title="bbox 298 1096 1882 1177">
    <p class='ocr_par' dir='ltr' id='par_1_12' title="bbox 298 1096 1882 1177">
     <span class='ocr_line' id='line_1_12' title="bbox 298 1096 1882 1177; baseline 0.006 -26"><span class='ocrx_word' id='word_1_73' title='bbox 298 1096 397 1151; x_wconf 74' lang='grc' dir='ltr'><strong>καὶ</strong></span> <span class='ocrx_word' id='word_1_74' title='bbox 428 1099 561 1168; x_wconf 81' lang='grc' dir='ltr'>παρ’</span> <span class='ocrx_word' id='word_1_75' title='bbox 605 1097 877 1169; x_wconf 75' lang='grc' dir='ltr'>Ἑϐραίοις</span> <span class='ocrx_word' id='word_1_76' title='bbox 918 1101 1335 1173; x_wconf 80' lang='grc' dir='ltr'>ὲρμηνεύεταιὴ</span> <span class='ocrx_word' id='word_1_77' title='bbox 1374 1103 1467 1157; x_wconf 82' lang='grc' dir='ltr'>τοῦ</span> <span class='ocrx_word' id='word_1_78' title='bbox 1504 1104 1677 1175; x_wconf 80' lang='grc' dir='ltr'>Ἰησοῦ</span> <span class='ocrx_word' id='word_1_79' title='bbox 1714 1122 1882 1177; x_wconf 81' lang='grc' dir='ltr'>προσ-</span> 
     </span>
    </p>
   </div>
   <div class='ocr_carea' id='block_1_13' title="bbox 296 1188 1877 1267">
    <p class='ocr_par' dir='ltr' id='par_1_13' title="bbox 296 1188 1877 1267">
     <span class='ocr_line' id='line_1_13' title="bbox 296 1188 1877 1267; baseline 0.008 -29"><span class='ocrx_word' id='word_1_80' title='bbox 296 1188 523 1259; x_wconf 68' lang='grc' dir='ltr'>ηγορία.</span> <span class='ocrx_word' id='word_1_81' title='bbox 597 1190 707 1253; x_wconf 87' lang='grc' dir='ltr'>Τάς</span> <span class='ocrx_word' id='word_1_82' title='bbox 750 1208 809 1244; x_wconf 90' lang='grc' dir='ltr'><strong>τε</strong></span> <span class='ocrx_word' id='word_1_83' title='bbox 865 1192 1050 1255; x_wconf 79' lang='grc' dir='ltr'>κοινάς</span> <span class='ocrx_word' id='word_1_84' title='bbox 1094 1195 1223 1264; x_wconf 77' lang='grc' dir='ltr'>ἡμῖν</span> <span class='ocrx_word' id='word_1_85' title='bbox 1274 1195 1533 1265; x_wconf 84' lang='grc' dir='ltr'>ὑπέμεινε</span> <span class='ocrx_word' id='word_1_86' title='bbox 1580 1196 1877 1267; x_wconf 77' lang='grc' dir='ltr'>διατριϐὰς,</span> 
     </span>
    </p>
   </div>
   <div class='ocr_carea' id='block_1_14' title="bbox 293 1279 1880 1359">
    <p class='ocr_par' dir='ltr' id='par_1_14' title="bbox 293 1279 1880 1359">
     <span class='ocr_line' id='line_1_14' title="bbox 293 1279 1880 1359; baseline 0.008 -27"><span class='ocrx_word' id='word_1_87' title='bbox 293 1280 553 1351; x_wconf 74' lang='grc' dir='ltr'>οὐδαμῶς</span> <span class='ocrx_word' id='word_1_88' title='bbox 590 1284 686 1354; x_wconf 85' lang='grc' dir='ltr'>μὲν</span> <span class='ocrx_word' id='word_1_89' title='bbox 722 1284 816 1338; x_wconf 74' lang='grc' dir='ltr'>τοῦ</span> <span class='ocrx_word' id='word_1_90' title='bbox 860 1279 998 1338; x_wconf 77' lang='grc' dir='ltr'>εἶναι</span> <span class='ocrx_word' id='word_1_91' title='bbox 1042 1285 1102 1349; x_wconf 78' lang='grc' dir='ltr'>ὅς</span> <span class='ocrx_word' id='word_1_92' title='bbox 1135 1282 1204 1357; x_wconf 76' lang='grc' dir='ltr'><strong>ἦν</strong></span> <span class='ocrx_word' id='word_1_93' title='bbox 1239 1287 1609 1359; x_wconf 79' lang='grc' dir='ltr'><strong>ἐξιστάμενος,</strong></span> <span class='ocrx_word' id='word_1_94' title='bbox 1639 1288 1776 1359; x_wconf 79' lang='grc' dir='ltr'>ὁμοῦ</span> <span class='ocrx_word' id='word_1_95' title='bbox 1821 1290 1880 1344; x_wconf 80' lang='grc' dir='ltr'>δὲ</span> 
     </span>
    </p>
   </div>
   <div class='ocr_carea' id='block_1_15' title="bbox 292 1374 1880 1452">
    <p class='ocr_par' dir='ltr' id='par_1_15' title="bbox 292 1374 1880 1452">
     <span class='ocr_line' id='line_1_15' title="bbox 292 1374 1880 1452; baseline 0.006 -26"><span class='ocrx_word' id='word_1_96' title='bbox 292 1376 356 1426; x_wconf 76' lang='grc' dir='ltr'>ὲν</span> <span class='ocrx_word' id='word_1_97' title='bbox 387 1374 472 1445; x_wconf 78' lang='grc' dir='ltr'>τῷ</span> <span class='ocrx_word' id='word_1_98' title='bbox 502 1374 773 1447; x_wconf 81' lang='grc' dir='ltr'>ἀνθρώπῳ</span> <span class='ocrx_word' id='word_1_99' title='bbox 809 1377 1087 1447; x_wconf 76' lang='grc' dir='ltr'><strong>φυλάττων</strong></span> <span class='ocrx_word' id='word_1_100' title='bbox 1125 1379 1216 1433; x_wconf 83' lang='grc' dir='ltr'><strong>τὸν</strong></span> <span class='ocrx_word' id='word_1_101' title='bbox 1252 1380 1404 1434; x_wconf 89' lang='grc' dir='ltr'><strong>Θεόν.</strong></span> <span class='ocrx_word' id='word_1_102' title='bbox 1448 1380 1625 1445; x_wconf 81' lang='grc' dir='ltr'>Εὑθὺς</span> <span class='ocrx_word' id='word_1_103' title='bbox 1656 1398 1880 1452; x_wconf 87' lang='grc' dir='ltr'>τοιγαρ-</span> 
     </span>
    </p>
   </div>
   <div class='ocr_carea' id='block_1_16' title="bbox 291 1461 1879 1542">
    <p class='ocr_par' dir='ltr' id='par_1_16' title="bbox 291 1461 1879 1542">
     <span class='ocr_line' id='line_1_16' title="bbox 291 1461 1879 1542; baseline 0.007 -29"><span class='ocrx_word' id='word_1_104' title='bbox 291 1461 387 1514; x_wconf 73' lang='grc' dir='ltr'>οῦν</span> <span class='ocrx_word' id='word_1_105' title='bbox 435 1464 531 1517; x_wconf 81' lang='grc' dir='ltr'>ἐπὶ</span> <span class='ocrx_word' id='word_1_106' title='bbox 570 1466 669 1535; x_wconf 73' lang='grc' dir='ltr'>τῆς</span> <span class='ocrx_word' id='word_1_107' title='bbox 710 1466 937 1539; x_wconf 80' lang='grc' dir='ltr'><strong>πρώτης</strong></span> <span class='ocrx_word' id='word_1_108' title='bbox 967 1468 1046 1531; x_wconf 76' lang='grc' dir='ltr'><strong>εἰς</strong></span> <span class='ocrx_word' id='word_1_109' title='bbox 1084 1467 1403 1539; x_wconf 79' lang='grc' dir='ltr'><strong>ἀνθρώπους</strong></span> <span class='ocrx_word' id='word_1_110' title='bbox 1455 1471 1761 1542; x_wconf 76' lang='grc' dir='ltr'>καταϐολῆς</span> <span class='ocrx_word' id='word_1_111' title='bbox 1799 1471 1879 1542; x_wconf 79' lang='grc' dir='ltr'><strong>τῷ</strong></span> 
     </span>
    </p>
   </div>
   <div class='ocr_carea' id='block_1_17' title="bbox 292 1553 1881 1635">
    <p class='ocr_par' dir='ltr' id='par_1_17' title="bbox 292 1553 1881 1635">
     <span class='ocr_line' id='line_1_17' title="bbox 292 1553 1881 1635; baseline 0.007 -29"><span class='ocrx_word' id='word_1_112' title='bbox 292 1553 417 1625; x_wconf 80' lang='grc' dir='ltr'><strong>Θεῷ</strong></span> <span class='ocrx_word' id='word_1_113' title='bbox 445 1556 548 1627; x_wconf 80' lang='grc' dir='ltr'>τῆς</span> <span class='ocrx_word' id='word_1_114' title='bbox 574 1557 845 1629; x_wconf 84' lang='grc' dir='ltr'>ἡμετέρας</span> <span class='ocrx_word' id='word_1_115' title='bbox 868 1559 1131 1628; x_wconf 83' lang='grc' dir='ltr'>γενέσεως</span> <span class='ocrx_word' id='word_1_116' title='bbox 1166 1564 1264 1633; x_wconf 76' lang='grc' dir='ltr'>τὴν</span> <span class='ocrx_word' id='word_1_117' title='bbox 1292 1562 1471 1617; x_wconf 77' lang='grc' dir='ltr'>ἔνθεον</span> <span class='ocrx_word' id='word_1_118' title='bbox 1496 1563 1763 1635; x_wconf 78' lang='grc' dir='ltr'>ἀνακιρνᾷ</span> <span class='ocrx_word' id='word_1_119' title='bbox 1789 1581 1881 1633; x_wconf 78' lang='grc' dir='ltr'>μεο</span> 
     </span>
    </p>
   </div>
   <div class='ocr_carea' id='block_1_18' title="bbox 288 1646 1876 1725">
    <p class='ocr_par' dir='ltr' id='par_1_18' title="bbox 288 1646 1876 1725">
     <span class='ocr_line' id='line_1_18' title="bbox 288 1646 1876 1725; baseline 0.007 -28"><span class='ocrx_word' id='word_1_120' title='bbox 288 1646 649 1719; x_wconf 73' lang='grc' dir='ltr'>ταλουργίαν,</span> <span class='ocrx_word' id='word_1_121' title='bbox 674 1651 990 1721; x_wconf 84' lang='grc' dir='ltr'>τικτόμενος</span> <span class='ocrx_word' id='word_1_122' title='bbox 1019 1654 1117 1723; x_wconf 83' lang='grc' dir='ltr'><strong>μὲν</strong></span> <span class='ocrx_word' id='word_1_123' title='bbox 1146 1655 1277 1725; x_wconf 79' lang='grc' dir='ltr'>ἡμῖν</span> <span class='ocrx_word' id='word_1_124' title='bbox 1303 1654 1525 1725; x_wconf 83' lang='grc' dir='ltr'>ὁμοίως,</span> <span class='ocrx_word' id='word_1_125' title='bbox 1554 1655 1648 1707; x_wconf 80' lang='grc' dir='ltr'>καὶ</span> <span class='ocrx_word' id='word_1_126' title='bbox 1680 1653 1876 1725; x_wconf 82' lang='grc' dir='ltr'>θνητοῦ</span> 
     </span>
    </p>
   </div>
   <div class='ocr_carea' id='block_1_19' title="bbox 286 1735 1876 1818">
    <p class='ocr_par' dir='ltr' id='par_1_19' title="bbox 286 1735 1876 1818">
     <span class='ocr_line' id='line_1_19' title="bbox 286 1735 1876 1818; baseline 0.008 -30"><span class='ocrx_word' id='word_1_127' title='bbox 286 1735 449 1809; x_wconf 74' lang='grc' dir='ltr'>δίκην</span> <span class='ocrx_word' id='word_1_128' title='bbox 478 1738 765 1811; x_wconf 75' lang='grc' dir='ltr'>ἄνθρωπον</span> <span class='ocrx_word' id='word_1_129' title='bbox 790 1743 1242 1816; x_wconf 78' lang='grc' dir='ltr'>ἀμφιεννύμενος,</span> <span class='ocrx_word' id='word_1_130' title='bbox 1270 1746 1345 1810; x_wconf 83' lang='grc' dir='ltr'>ὡς</span> <span class='ocrx_word' id='word_1_131' title='bbox 1379 1744 1435 1798; x_wconf 77' lang='grc' dir='ltr'>δ’</span> <span class='ocrx_word' id='word_1_132' title='bbox 1457 1746 1640 1800; x_wconf 81' lang='grc' dir='ltr'>οὑκέτι</span> <span class='ocrx_word' id='word_1_133' title='bbox 1664 1746 1876 1818; x_wconf 81' lang='grc' dir='ltr'>ἀνθρω-</span> 
     </span>
    </p>
   </div>
   <div class='ocr_carea' id='block_1_20' title="bbox 288 1830 1871 1923">
    <p class='ocr_par' dir='ltr' id='par_1_20' title="bbox 288 1830 1871 1923">
     <span class='ocr_line' id='line_1_20' title="bbox 288 1830 1871 1923; baseline 0.009 -44"><span class='ocrx_word' id='word_1_134' title='bbox 288 1844 413 1923; x_wconf 73' lang='grc' dir='ltr'>πος,</span> <span class='ocrx_word' id='word_1_135' title='bbox 605 1831 755 1923; x_wconf 42' lang='lat' dir='ltr'><strong>Gabi,</strong></span> <span class='ocrx_word' id='word_1_136' title='bbox 778 1834 837 1901; x_wconf 79' lang='grc' dir='ltr'>ἐξ</span> <span class='ocrx_word' id='word_1_137' title='bbox 861 1836 1129 1907; x_wconf 82' lang='grc' dir='ltr'>ἀχράντου</span> <span class='ocrx_word' id='word_1_138' title='bbox 1148 1838 1252 1891; x_wconf 74' lang='grc' dir='ltr'>καὶ</span> <span class='ocrx_word' id='word_1_139' title='bbox 1277 1839 1654 1910; x_wconf 80' lang='grc' dir='ltr'>ἀπειρογάμου</span> <span class='ocrx_word' id='word_1_140' title='bbox 1680 1838 1871 1910; x_wconf 83' lang='grc' dir='ltr'>κόρης,</span> 
     </span>
    </p>
   </div>
   <div class='ocr_carea' id='block_1_21' title="bbox 285 1920 1871 2001">
    <p class='ocr_par' dir='ltr' id='par_1_21' title="bbox 285 1920 1871 2001">
     <span class='ocr_line' id='line_1_21' title="bbox 285 1920 1871 2001; baseline 0.008 -31"><span class='ocrx_word' id='word_1_141' title='bbox 285 1920 414 1988; x_wconf 61' lang='grc' dir='ltr'><strong>σιχὶ</strong></span> <span class='ocrx_word' id='word_1_142' title='bbox 457 1920 516 1974; x_wconf 84' lang='grc' dir='ltr'>δὲ</span> <span class='ocrx_word' id='word_1_143' title='bbox 556 1922 622 1975; x_wconf 87' lang='grc' dir='ltr'><strong>ἐκ</strong></span> <span class='ocrx_word' id='word_1_144' title='bbox 666 1920 863 1995; x_wconf 75' lang='grc' dir='ltr'>μίξεως</span> <span class='ocrx_word' id='word_1_145' title='bbox 891 1928 984 1981; x_wconf 75' lang='grc' dir='ltr'><strong>καὶ</strong></span> <span class='ocrx_word' id='word_1_146' title='bbox 1025 1927 1234 2000; x_wconf 75' lang='grc' dir='ltr'>φθορᾶς</span> <span class='ocrx_word' id='word_1_147' title='bbox 1274 1928 1372 2001; x_wconf 79' lang='grc' dir='ltr'><strong>τὴν</strong></span> <span class='ocrx_word' id='word_1_148' title='bbox 1405 1929 1499 1984; x_wconf 83' lang='grc' dir='ltr'>τοῦ</span> <span class='ocrx_word' id='word_1_149' title='bbox 1546 1931 1871 2001; x_wconf 79' lang='grc' dir='ltr'>φαινομένου</span> 
     </span>
    </p>
   </div>
   <div class='ocr_carea' id='block_1_22' title="bbox 285 2010 925 2087">
    <p class='ocr_par' dir='ltr' id='par_1_22' title="bbox 285 2010 925 2087">
     <span class='ocr_line' id='line_1_22' title="bbox 285 2010 925 2087; baseline 0.016 -25"><span class='ocrx_word' id='word_1_150' title='bbox 285 2010 507 2076; x_wconf 74' lang='grc' dir='ltr'>γένεσιν</span> <span class='ocrx_word' id='word_1_151' title='bbox 544 2014 925 2087; x_wconf 78' lang='grc' dir='ltr'>ὑφιστάμενος.</span> 
     </span>
    </p>
   </div>
   <div class='ocr_carea' id='block_1_23' title="bbox 1984 561 3557 634">
    <p class='ocr_par' dir='ltr' id='par_1_23' title="bbox 1984 561 3557 634">
     <span class='ocr_line' id='line_1_23' title="bbox 1984 561 3557 634; baseline -0.001 -17"><span class='ocrx_word' id='word_1_152' title='bbox 1984 563 2226 634; x_wconf 85' lang='lat' dir='ltr'><strong>gnilicat.</strong></span> <span class='ocrx_word' id='word_1_153' title='bbox 2250 561 2540 626; x_wconf 66' lang='lat' dir='ltr'><strong>Caeterum,</strong></span> <span class='ocrx_word' id='word_1_154' title='bbox 2568 577 2695 619; x_wconf 91' lang='lat' dir='ltr'><strong>cum</strong></span> <span class='ocrx_word' id='word_1_155' title='bbox 2716 562 2817 632; x_wconf 87' lang='lat' dir='ltr'><strong>ipsi</strong></span> <span class='ocrx_word' id='word_1_156' title='bbox 2842 562 3084 616; x_wconf 88' lang='lat' dir='ltr'><strong>humano</strong></span> <span class='ocrx_word' id='word_1_157' title='bbox 3109 574 3328 632; x_wconf 86' lang='lat' dir='ltr'><strong>quoque</strong></span> <span class='ocrx_word' id='word_1_158' title='bbox 3349 562 3557 616; x_wconf 82' lang='lat' dir='ltr'><strong>instru-</strong></span> 
     </span>
    </p>
   </div>
   <div class='ocr_carea' id='block_1_24' title="bbox 1985 654 3555 725">
    <p class='ocr_par' dir='ltr' id='par_1_24' title="bbox 1985 654 3555 725">
     <span class='ocr_line' id='line_1_24' title="bbox 1985 654 3555 725; baseline 0.002 -19"><span class='ocrx_word' id='word_1_159' title='bbox 1985 662 2168 707; x_wconf 89' lang='lat' dir='ltr'><strong>mento</strong></span> <span class='ocrx_word' id='word_1_160' title='bbox 2199 668 2340 725; x_wconf 90' lang='lat' dir='ltr'><strong>opus</strong></span> <span class='ocrx_word' id='word_1_161' title='bbox 2376 665 2544 715; x_wconf 88' lang='lat' dir='ltr'><strong>esset.</strong></span> <span class='ocrx_word' id='word_1_162' title='bbox 2576 670 2690 724; x_wconf 90' lang='lat' dir='ltr'><strong>quo</strong></span> <span class='ocrx_word' id='word_1_163' title='bbox 2756 655 2922 710; x_wconf 84' lang='lat' dir='ltr'><strong>etiam</strong></span> <span class='ocrx_word' id='word_1_164' title='bbox 2955 654 3267 712; x_wconf 88' lang='lat' dir='ltr'><strong>hominibus</strong></span> <span class='ocrx_word' id='word_1_165' title='bbox 3314 656 3555 724; x_wconf 79' lang='lat' dir='ltr'><strong>seipsum</strong></span> 
     </span>
    </p>
   </div>
   <div class='ocr_carea' id='block_1_25' title="bbox 1983 741 3555 816">
    <p class='ocr_par' dir='ltr' id='par_1_25' title="bbox 1983 741 3555 816">
     <span class='ocr_line' id='line_1_25' title="bbox 1983 741 3555 816; baseline 0.002 -19"><span class='ocrx_word' id='word_1_166' title='bbox 1983 742 2317 808; x_wconf 72' lang='lat' dir='ltr'><strong>ostenderet,</strong></span> <span class='ocrx_word' id='word_1_167' title='bbox 2349 741 2641 815; x_wconf 90' lang='lat' dir='ltr'><strong>Patrisque</strong></span> <span class='ocrx_word' id='word_1_168' title='bbox 2669 745 2753 802; x_wconf 91' lang='lat' dir='ltr'><strong>sui</strong></span> <span class='ocrx_word' id='word_1_169' title='bbox 2777 746 3103 816; x_wconf 79' lang='lat' dir='ltr'><strong>agnoscendi</strong></span> <span class='ocrx_word' id='word_1_170' title='bbox 3138 753 3191 800; x_wconf 91' lang='lat' dir='ltr'><strong>et</strong></span> <span class='ocrx_word' id='word_1_171' title='bbox 3221 746 3433 801; x_wconf 84' lang='lat' dir='ltr'><strong>colendi</strong></span> <span class='ocrx_word' id='word_1_172' title='bbox 3458 761 3555 800; x_wconf 82' lang='lat' dir='ltr'><strong>ve-</strong></span> 
     </span>
    </p>
   </div>
   <div class='ocr_carea' id='block_1_26' title="bbox 1984 833 3552 906">
    <p class='ocr_par' dir='ltr' id='par_1_26' title="bbox 1984 833 3552 906">
     <span class='ocr_line' id='line_1_26' title="bbox 1984 833 3552 906; baseline 0.001 -21"><span class='ocrx_word' id='word_1_173' title='bbox 1984 847 2100 886; x_wconf 86' lang='lat' dir='ltr'><strong>ram</strong></span> <span class='ocrx_word' id='word_1_174' title='bbox 2129 834 2394 889; x_wconf 86' lang='lat' dir='ltr'><strong>rationem</strong></span> <span class='ocrx_word' id='word_1_175' title='bbox 2431 834 2680 898; x_wconf 81' lang='lat' dir='ltr'><strong>doceret.</strong></span> <span class='ocrx_word' id='word_1_176' title='bbox 2714 850 2782 889; x_wconf 92' lang='lat' dir='ltr'><strong>ne</strong></span> <span class='ocrx_word' id='word_1_177' title='bbox 2826 835 2973 890; x_wconf 91' lang='lat' dir='ltr'><strong>hunc</strong></span> <span class='ocrx_word' id='word_1_178' title='bbox 3019 834 3237 906; x_wconf 83' lang='lat' dir='ltr'><strong>quidem</strong></span> <span class='ocrx_word' id='word_1_179' title='bbox 3282 833 3552 888; x_wconf 80' lang='lat' dir='ltr'><strong>recusavit</strong></span> 
     </span>
    </p>
   </div>
   <div class='ocr_carea' id='block_1_27' title="bbox 1983 923 3553 995">
    <p class='ocr_par' dir='ltr' id='par_1_27' title="bbox 1983 923 3553 995">
     <span class='ocr_line' id='line_1_27' title="bbox 1983 923 3553 995; baseline 0.001 -18"><span class='ocrx_word' id='word_1_180' title='bbox 1983 924 2227 988; x_wconf 90' lang='lat' dir='ltr'><strong>modum,</strong></span> <span class='ocrx_word' id='word_1_181' title='bbox 2257 923 2349 980; x_wconf 90' lang='lat' dir='ltr'><strong>sed</strong></span> <span class='ocrx_word' id='word_1_182' title='bbox 2386 925 2764 981; x_wconf 84' lang='lat' dir='ltr'><strong>strenuissime</strong></span> <span class='ocrx_word' id='word_1_183' title='bbox 2796 934 3046 981; x_wconf 89' lang='lat' dir='ltr'><strong>naturam</strong></span> <span class='ocrx_word' id='word_1_184' title='bbox 3070 935 3310 981; x_wconf 87' lang='lat' dir='ltr'><strong>nostram</strong></span> <span class='ocrx_word' id='word_1_185' title='bbox 3341 925 3553 995; x_wconf 82' lang='lat' dir='ltr'><strong>ingres—</strong></span> 
     </span>
    </p>
   </div>
   <div class='ocr_carea' id='block_1_28' title="bbox 1984 1014 3552 1084">
    <p class='ocr_par' dir='ltr' id='par_1_28' title="bbox 1984 1014 3552 1084">
     <span class='ocr_line' id='line_1_28' title="bbox 1984 1014 3552 1084; baseline -0.001 -14"><span class='ocrx_word' id='word_1_186' title='bbox 1984 1030 2099 1077; x_wconf 80' lang='lat' dir='ltr'><strong>sus,</strong></span> <span class='ocrx_word' id='word_1_187' title='bbox 2131 1015 2198 1069; x_wconf 91' lang='lat' dir='ltr'><strong>ad</strong></span> <span class='ocrx_word' id='word_1_188' title='bbox 2228 1015 2478 1072; x_wconf 84' lang='lat' dir='ltr'><strong>homines</strong></span> <span class='ocrx_word' id='word_1_189' title='bbox 2504 1018 2755 1082; x_wconf 88' lang='lat' dir='ltr'><strong>accessit,</strong></span> <span class='ocrx_word' id='word_1_190' title='bbox 2788 1032 2853 1071; x_wconf 87' lang='lat' dir='ltr'><strong>ac</strong></span> <span class='ocrx_word' id='word_1_191' title='bbox 2880 1015 3048 1072; x_wconf 86' lang='lat' dir='ltr'><strong>Deum</strong></span> <span class='ocrx_word' id='word_1_192' title='bbox 3090 1015 3325 1069; x_wconf 82' lang='lat' dir='ltr'><strong>hominis</strong></span> <span class='ocrx_word' id='word_1_193' title='bbox 3348 1014 3552 1084; x_wconf 84' lang='lat' dir='ltr'><strong>specie,</strong></span> 
     </span>
    </p>
   </div>
   <div class='ocr_carea' id='block_1_29' title="bbox 1983 1105 3556 1175">
    <p class='ocr_par' dir='ltr' id='par_1_29' title="bbox 1983 1105 3556 1175">
     <span class='ocr_line' id='line_1_29' title="bbox 1983 1105 3556 1175; baseline 0.001 -17"><span class='ocrx_word' id='word_1_194' title='bbox 1983 1105 2175 1175; x_wconf 88' lang='lat' dir='ltr'><strong>ingens</strong></span> <span class='ocrx_word' id='word_1_195' title='bbox 2219 1107 2543 1161; x_wconf 88' lang='lat' dir='ltr'><strong>miraculum</strong></span> <span class='ocrx_word' id='word_1_196' title='bbox 2583 1107 2842 1169; x_wconf 81' lang='lat' dir='ltr'><strong>ostendit,</strong></span> <span class='ocrx_word' id='word_1_197' title='bbox 2882 1114 2940 1161; x_wconf 88' lang='lat' dir='ltr'><strong>ut</strong></span> <span class='ocrx_word' id='word_1_198' title='bbox 2969 1121 3076 1160; x_wconf 91' lang='lat' dir='ltr'><strong>non</strong></span> <span class='ocrx_word' id='word_1_199' title='bbox 3112 1106 3290 1162; x_wconf 92' lang='lat' dir='ltr'><strong>solum</strong></span> <span class='ocrx_word' id='word_1_200' title='bbox 3320 1105 3556 1160; x_wconf 81' lang='lat' dir='ltr'><strong>obscure</strong></span> 
     </span>
    </p>
   </div>
   <div class='ocr_carea' id='block_1_30' title="bbox 1982 1197 3555 1267">
    <p class='ocr_par' dir='ltr' id='par_1_30' title="bbox 1982 1197 3555 1267">
     <span class='ocr_line' id='line_1_30' title="bbox 1982 1197 3555 1267; baseline -0.001 -16"><span class='ocrx_word' id='word_1_201' title='bbox 1982 1212 2046 1252; x_wconf 89' lang='lat' dir='ltr'><strong>ae</strong></span> <span class='ocrx_word' id='word_1_202' title='bbox 2068 1197 2317 1261; x_wconf 90' lang='lat' dir='ltr'><strong>latenter,</strong></span> <span class='ocrx_word' id='word_1_203' title='bbox 2348 1197 2468 1252; x_wconf 83' lang='lat' dir='ltr'><strong>sine</strong></span> <span class='ocrx_word' id='word_1_204' title='bbox 2498 1213 2662 1252; x_wconf 89' lang='lat' dir='ltr'><strong>carne</strong></span> <span class='ocrx_word' id='word_1_205' title='bbox 2681 1207 2733 1253; x_wconf 91' lang='lat' dir='ltr'><strong>et</strong></span> <span class='ocrx_word' id='word_1_206' title='bbox 2765 1198 2884 1253; x_wconf 88' lang='lat' dir='ltr'><strong>sine</strong></span> <span class='ocrx_word' id='word_1_207' title='bbox 2906 1211 3133 1267; x_wconf 90' lang='lat' dir='ltr'><strong>corpore</strong></span> <span class='ocrx_word' id='word_1_208' title='bbox 3156 1201 3433 1266; x_wconf 67' lang='lat' dir='ltr'><strong>prmesset,</strong></span> <span class='ocrx_word' id='word_1_209' title='bbox 3460 1210 3555 1250; x_wconf 63' lang='grc' dir='ltr'>νου</span> 
     </span>
    </p>
   </div>
   <div class='ocr_carea' id='block_1_31' title="bbox 1981 1285 3557 1360">
    <p class='ocr_par' dir='ltr' id='par_1_31' title="bbox 1981 1285 3557 1360">
     <span class='ocr_line' id='line_1_31' title="bbox 1981 1285 3557 1360; baseline -0.001 -17"><span class='ocrx_word' id='word_1_210' title='bbox 1981 1305 2101 1343; x_wconf 89' lang='lat' dir='ltr'><strong>rum</strong></span> <span class='ocrx_word' id='word_1_211' title='bbox 2133 1290 2266 1358; x_wconf 81' lang='lat' dir='ltr'><strong>ipsis</strong></span> <span class='ocrx_word' id='word_1_212' title='bbox 2297 1305 2514 1359; x_wconf 89' lang='lat' dir='ltr'><strong>quoque</strong></span> <span class='ocrx_word' id='word_1_213' title='bbox 2550 1291 2831 1360; x_wconf 84' lang='lat' dir='ltr'><strong>corporeis</strong></span> <span class='ocrx_word' id='word_1_214' title='bbox 2878 1289 3158 1345; x_wconf 83' lang='lat' dir='ltr'><strong>obtutibus</strong></span> <span class='ocrx_word' id='word_1_215' title='bbox 3195 1297 3403 1358; x_wconf 81' lang='lat' dir='ltr'><strong>patens,</strong></span> <span class='ocrx_word' id='word_1_216' title='bbox 3457 1285 3557 1341; x_wconf 87' lang='lat' dir='ltr'><strong>ho-</strong></span> 
     </span>
    </p>
   </div>
   <div class='ocr_carea' id='block_1_32' title="bbox 1979 1377 3554 1453">
    <p class='ocr_par' dir='ltr' id='par_1_32' title="bbox 1979 1377 3554 1453">
     <span class='ocr_line' id='line_1_32' title="bbox 1979 1377 3554 1453; baseline -0.003 -18"><span class='ocrx_word' id='word_1_217' title='bbox 1979 1382 2300 1451; x_wconf 90' lang='lat' dir='ltr'><strong>minumque</strong></span> <span class='ocrx_word' id='word_1_218' title='bbox 2340 1382 2519 1436; x_wconf 89' lang='lat' dir='ltr'><strong>oculis</strong></span> <span class='ocrx_word' id='word_1_219' title='bbox 2572 1383 2836 1437; x_wconf 85' lang='lat' dir='ltr'><strong>miracula</strong></span> <span class='ocrx_word' id='word_1_220' title='bbox 2881 1397 3002 1453; x_wconf 72' lang='lat' dir='ltr'><strong>quae</strong></span> <span class='ocrx_word' id='word_1_221' title='bbox 3054 1381 3221 1451; x_wconf 86' lang='lat' dir='ltr'><strong>supra</strong></span> <span class='ocrx_word' id='word_1_222' title='bbox 3273 1377 3554 1433; x_wconf 82' lang='lat' dir='ltr'><strong>hominem</strong></span> 
     </span>
    </p>
   </div>
   <div class='ocr_carea' id='block_1_33' title="bbox 1980 1468 3554 1543">
    <p class='ocr_par' dir='ltr' id='par_1_33' title="bbox 1980 1468 3554 1543">
     <span class='ocr_line' id='line_1_33' title="bbox 1980 1468 3554 1543; baseline -0.004 -15"><span class='ocrx_word' id='word_1_223' title='bbox 1980 1479 2110 1528; x_wconf 91' lang='lat' dir='ltr'><strong>sunt</strong></span> <span class='ocrx_word' id='word_1_224' title='bbox 2160 1473 2426 1528; x_wconf 79' lang='lat' dir='ltr'><strong>exhibens</strong></span> <span class='ocrx_word' id='word_1_225' title='bbox 2472 1472 2761 1538; x_wconf 88' lang='lat' dir='ltr'><strong>intuenda,</strong></span> <span class='ocrx_word' id='word_1_226' title='bbox 2807 1474 2889 1528; x_wconf 93' lang='lat' dir='ltr'><strong>sic</strong></span> <span class='ocrx_word' id='word_1_227' title='bbox 2932 1472 3151 1543; x_wconf 85' lang='lat' dir='ltr'><strong>quidem</strong></span> <span class='ocrx_word' id='word_1_228' title='bbox 3193 1469 3259 1524; x_wconf 90' lang='lat' dir='ltr'><strong>ad</strong></span> <span class='ocrx_word' id='word_1_229' title='bbox 3302 1468 3554 1540; x_wconf 88' lang='lat' dir='ltr'><strong>corporis</strong></span> 
     </span>
    </p>
   </div>
   <div class='ocr_carea' id='block_1_34' title="bbox 1979 1561 3553 1634">
    <p class='ocr_par' dir='ltr' id='par_1_34' title="bbox 1979 1561 3553 1634">
     <span class='ocr_line' id='line_1_34' title="bbox 1979 1561 3553 1634; baseline -0.001 -15"><span class='ocrx_word' id='word_1_230' title='bbox 1979 1565 2147 1619; x_wconf 82' lang='lat' dir='ltr'><strong>etiam</strong></span> <span class='ocrx_word' id='word_1_231' title='bbox 2178 1579 2361 1629; x_wconf 85' lang='lat' dir='ltr'><strong>aures,</strong></span> <span class='ocrx_word' id='word_1_232' title='bbox 2418 1565 2637 1634; x_wconf 70' lang='lat' dir='ltr'><strong>linguae,</strong></span> <span class='ocrx_word' id='word_1_233' title='bbox 2678 1564 2937 1634; x_wconf 78' lang='lat' dir='ltr'><strong>vocisque</strong></span> <span class='ocrx_word' id='word_1_234' title='bbox 2982 1562 3285 1618; x_wconf 70' lang='lat' dir='ltr'><strong>articulatm</strong></span> <span class='ocrx_word' id='word_1_235' title='bbox 3321 1561 3553 1631; x_wconf 73' lang='lat' dir='ltr'><strong>fungens</strong></span> 
     </span>
    </p>
   </div>
   <div class='ocr_carea' id='block_1_35' title="bbox 1979 1654 3555 1726">
    <p class='ocr_par' dir='ltr' id='par_1_35' title="bbox 1979 1654 3555 1726">
     <span class='ocr_line' id='line_1_35' title="bbox 1979 1654 3555 1726; baseline -0.003 -15"><span class='ocrx_word' id='word_1_236' title='bbox 1979 1656 2177 1721; x_wconf 72' lang='lat' dir='ltr'><strong>oﬁicio,</strong></span> <span class='ocrx_word' id='word_1_237' title='bbox 2222 1658 2549 1713; x_wconf 88' lang='lat' dir='ltr'><strong>documenta</strong></span> <span class='ocrx_word' id='word_1_238' title='bbox 2594 1656 2906 1711; x_wconf 84' lang='lat' dir='ltr'><strong>hominibus</strong></span> <span class='ocrx_word' id='word_1_239' title='bbox 2951 1657 3236 1726; x_wconf 71' lang='lat' dir='ltr'><strong>prteberet,</strong></span> <span class='ocrx_word' id='word_1_240' title='bbox 3280 1654 3555 1710; x_wconf 81' lang='lat' dir='ltr'><strong>divinum-</strong></span> 
     </span>
    </p>
   </div>
   <div class='ocr_carea' id='block_1_36' title="bbox 1976 1743 3555 1816">
    <p class='ocr_par' dir='ltr' id='par_1_36' title="bbox 1976 1743 3555 1816">
     <span class='ocr_line' id='line_1_36' title="bbox 1976 1743 3555 1816; baseline -0.001 -16"><span class='ocrx_word' id='word_1_241' title='bbox 1976 1762 2084 1816; x_wconf 77' lang='lat' dir='ltr'><strong>que</strong></span> <span class='ocrx_word' id='word_1_242' title='bbox 2129 1761 2319 1802; x_wconf 83' lang='lat' dir='ltr'><strong>revera</strong></span> <span class='ocrx_word' id='word_1_243' title='bbox 2358 1753 2521 1816; x_wconf 90' lang='lat' dir='ltr'><strong>atque</strong></span> <span class='ocrx_word' id='word_1_244' title='bbox 2573 1744 2893 1800; x_wconf 82' lang='lat' dir='ltr'><strong>admirabile</strong></span> <span class='ocrx_word' id='word_1_245' title='bbox 2942 1744 3346 1814; x_wconf 83' lang='lat' dir='ltr'><strong>spectaculum,</strong></span> <span class='ocrx_word' id='word_1_246' title='bbox 3392 1743 3555 1812; x_wconf 81' lang='lat' dir='ltr'><strong>quale</strong></span> 
     </span>
    </p>
   </div>
   <div class='ocr_carea' id='block_1_37' title="bbox 1979 1833 3557 1904">
    <p class='ocr_par' dir='ltr' id='par_1_37' title="bbox 1979 1833 3557 1904">
     <span class='ocr_line' id='line_1_37' title="bbox 1979 1833 3557 1904; baseline -0.004 -12"><span class='ocrx_word' id='word_1_247' title='bbox 1979 1838 2189 1893; x_wconf 87' lang='lat' dir='ltr'><strong>nullum</strong></span> <span class='ocrx_word' id='word_1_248' title='bbox 2214 1838 2358 1892; x_wconf 88' lang='lat' dir='ltr'><strong>aliud</strong></span> <span class='ocrx_word' id='word_1_249' title='bbox 2390 1837 2568 1891; x_wconf 86' lang='lat' dir='ltr'><strong>adhuc</strong></span> <span class='ocrx_word' id='word_1_250' title='bbox 2601 1836 2777 1891; x_wconf 88' lang='lat' dir='ltr'><strong>visum</strong></span> <span class='ocrx_word' id='word_1_251' title='bbox 2805 1851 2929 1892; x_wconf 83' lang='lat' dir='ltr'><strong>esse</strong></span> <span class='ocrx_word' id='word_1_252' title='bbox 2969 1843 3322 1897; x_wconf 88' lang='lat' dir='ltr'><strong>memoratur,</strong></span> <span class='ocrx_word' id='word_1_253' title='bbox 3353 1833 3557 1904; x_wconf 79' lang='lat' dir='ltr'><strong>quippe</strong></span> 
     </span>
    </p>
   </div>
   <div class='ocr_carea' id='block_1_38' title="bbox 1979 1926 3555 2002">
    <p class='ocr_par' dir='ltr' id='par_1_38' title="bbox 1979 1926 3555 2002">
     <span class='ocr_line' id='line_1_38' title="bbox 1979 1926 3555 2002; baseline -0.003 -17"><span class='ocrx_word' id='word_1_254' title='bbox 1979 1930 2124 2002; x_wconf 76' lang='lat' dir='ltr'><strong>quod</strong></span> <span class='ocrx_word' id='word_1_255' title='bbox 2157 1938 2213 1987; x_wconf 80' lang='lat' dir='ltr'><strong>et</strong></span> <span class='ocrx_word' id='word_1_256' title='bbox 2246 1930 2503 1995; x_wconf 85' lang='lat' dir='ltr'><strong>salutare,</strong></span> <span class='ocrx_word' id='word_1_257' title='bbox 2533 1937 2588 1984; x_wconf 86' lang='lat' dir='ltr'><strong>et</strong></span> <span class='ocrx_word' id='word_1_258' title='bbox 2624 1929 2766 1984; x_wconf 91' lang='lat' dir='ltr'><strong>idem</strong></span> <span class='ocrx_word' id='word_1_259' title='bbox 2796 1927 3117 1983; x_wconf 77' lang='lat' dir='ltr'><strong>beneﬁcium</strong></span> <span class='ocrx_word' id='word_1_260' title='bbox 3140 1926 3397 1981; x_wconf 88' lang='lat' dir='ltr'><strong>omnibus</strong></span> <span class='ocrx_word' id='word_1_261' title='bbox 3427 1941 3555 1981; x_wconf 64' lang='lat' dir='ltr'><strong>seno</strong></span> 
     </span>
    </p>
   </div>
   <div class='ocr_carea' id='block_1_39' title="bbox 1980 2015 3553 2093">
    <p class='ocr_par' dir='ltr' id='par_1_39' title="bbox 1980 2015 3553 2093">
     <span class='ocr_line' id='line_1_39' title="bbox 1980 2015 3553 2093; baseline -0.003 -16"><span class='ocrx_word' id='word_1_262' title='bbox 1980 2025 2197 2090; x_wconf 88' lang='lat' dir='ltr'><strong>tiretur,</strong></span> <span class='ocrx_word' id='word_1_263' title='bbox 2232 2023 2349 2093; x_wconf 86' lang='lat' dir='ltr'><strong>ipse</strong></span> <span class='ocrx_word' id='word_1_264' title='bbox 2378 2021 2619 2092; x_wconf 90' lang='lat' dir='ltr'><strong>seipsum</strong></span> <span class='ocrx_word' id='word_1_265' title='bbox 2647 2020 2976 2076; x_wconf 86' lang='lat' dir='ltr'><strong>ostenderet.</strong></span> <span class='ocrx_word' id='word_1_266' title='bbox 3004 2016 3202 2089; x_wconf 87' lang='lat' dir='ltr'><strong>Sicque</strong></span> <span class='ocrx_word' id='word_1_267' title='bbox 3217 2017 3381 2073; x_wconf 90' lang='lat' dir='ltr'><strong>etiam</strong></span> <span class='ocrx_word' id='word_1_268' title='bbox 3408 2015 3553 2072; x_wconf 88' lang='lat' dir='ltr'><strong>Deus</strong></span> 
     </span>
    </p>
   </div>
   <div class='ocr_carea' id='block_1_40' title="bbox 289 2101 3550 2186">
    <p class='ocr_par' dir='ltr' id='par_1_40' title="bbox 289 2101 3550 2186">
     <span class='ocr_line' id='line_1_40' title="bbox 289 2101 3550 2186; baseline 0.003 -31"><span class='ocrx_word' id='word_1_269' title='bbox 289 2101 560 2171; x_wconf 81' lang='lat' dir='ltr'><strong>Verbum,</strong></span> <span class='ocrx_word' id='word_1_270' title='bbox 633 2109 779 2166; x_wconf 80' lang='lat' dir='ltr'><strong>tilius</strong></span> <span class='ocrx_word' id='word_1_271' title='bbox 821 2111 1063 2168; x_wconf 84' lang='lat' dir='ltr'><strong>hominis</strong></span> <span class='ocrx_word' id='word_1_272' title='bbox 1101 2114 1407 2183; x_wconf 79' lang='lat' dir='ltr'><strong>dicebatur,</strong></span> <span class='ocrx_word' id='word_1_273' title='bbox 1473 2124 1528 2172; x_wconf 92' lang='lat' dir='ltr'><strong>et</strong></span> <span class='ocrx_word' id='word_1_274' title='bbox 1574 2124 1847 2186; x_wconf 89' lang='lat' dir='ltr'><strong>quatenus</strong></span> <span class='ocrx_word' id='word_1_275' title='bbox 1881 2117 1949 2172; x_wconf 90' lang='lat' dir='ltr'><strong>ad</strong></span> <span class='ocrx_word' id='word_1_276' title='bbox 1984 2118 2231 2173; x_wconf 86' lang='lat' dir='ltr'><strong>homines</strong></span> <span class='ocrx_word' id='word_1_277' title='bbox 2275 2124 2519 2178; x_wconf 78' lang='lat' dir='ltr'><strong>venerat,</strong></span> <span class='ocrx_word' id='word_1_278' title='bbox 2567 2124 2628 2169; x_wconf 91' lang='lat' dir='ltr'><strong>ut</strong></span> <span class='ocrx_word' id='word_1_279' title='bbox 2672 2114 2870 2169; x_wconf 85' lang='lat' dir='ltr'><strong>animis</strong></span> <span class='ocrx_word' id='word_1_280' title='bbox 2911 2113 3166 2168; x_wconf 88' lang='lat' dir='ltr'><strong>humanis</strong></span> <span class='ocrx_word' id='word_1_281' title='bbox 3203 2111 3550 2175; x_wconf 85' lang='lat' dir='ltr'><strong>medicinam,</strong></span> 
     </span>
    </p>
   </div>
   <div class='ocr_carea' id='block_1_41' title="bbox 285 2199 3555 2283">
    <p class='ocr_par' dir='ltr' id='par_1_41' title="bbox 285 2199 3555 2283">
     <span class='ocr_line' id='line_1_41' title="bbox 285 2199 3555 2283; baseline 0.002 -33"><span class='ocrx_word' id='word_1_282' title='bbox 285 2199 696 2272; x_wconf 83' lang='lat' dir='ltr'><strong>sanitatemque</strong></span> <span class='ocrx_word' id='word_1_283' title='bbox 744 2205 990 2275; x_wconf 75' lang='lat' dir='ltr'><strong>all‘erret,</strong></span> <span class='ocrx_word' id='word_1_284' title='bbox 1046 2207 1208 2265; x_wconf 79' lang='lat' dir='ltr'><strong>Jesus</strong></span> <span class='ocrx_word' id='word_1_285' title='bbox 1268 2211 1677 2266; x_wconf 87' lang='lat' dir='ltr'><strong>nominabatur.</strong></span> <span class='ocrx_word' id='word_1_286' title='bbox 1735 2210 1871 2266; x_wconf 83' lang='lat' dir='ltr'><strong>Nam</strong></span> <span class='ocrx_word' id='word_1_287' title='bbox 1910 2214 2085 2283; x_wconf 87' lang='lat' dir='ltr'><strong>ipsius</strong></span> <span class='ocrx_word' id='word_1_288' title='bbox 2129 2209 2259 2268; x_wconf 83' lang='lat' dir='ltr'><strong>Jesu</strong></span> <span class='ocrx_word' id='word_1_289' title='bbox 2328 2211 2472 2277; x_wconf 89' lang='lat' dir='ltr'><strong>apud</strong></span> <span class='ocrx_word' id='word_1_290' title='bbox 2523 2208 2781 2264; x_wconf 67' lang='lat' dir='ltr'><strong>Hebraeos</strong></span> <span class='ocrx_word' id='word_1_291' title='bbox 2824 2207 3153 2279; x_wconf 81' lang='lat' dir='ltr'><strong>appellatio,</strong></span> <span class='ocrx_word' id='word_1_292' title='bbox 3215 2203 3555 2260; x_wconf 86' lang='lat' dir='ltr'><strong>Salvatorem</strong></span> 
     </span>
    </p>
   </div>
   <div class='ocr_carea' id='block_1_42' title="bbox 285 2293 3557 2375">
    <p class='ocr_par' dir='ltr' id='par_1_42' title="bbox 285 2293 3557 2375">
     <span class='ocr_line' id='line_1_42' title="bbox 285 2293 3557 2375; baseline 0.002 -31"><span class='ocrx_word' id='word_1_293' title='bbox 285 2293 463 2359; x_wconf 59' lang='lat' dir='ltr'><strong>plane</strong></span> <span class='ocrx_word' id='word_1_294' title='bbox 508 2295 802 2364; x_wconf 81' lang='lat' dir='ltr'><strong>signiﬁcat.</strong></span> <span class='ocrx_word' id='word_1_295' title='bbox 868 2296 1052 2371; x_wconf 82' lang='lat' dir='ltr'><strong>itaque</strong></span> <span class='ocrx_word' id='word_1_296' title='bbox 1088 2304 1367 2358; x_wconf 88' lang='lat' dir='ltr'><strong>communi</strong></span> <span class='ocrx_word' id='word_1_297' title='bbox 1416 2320 1568 2360; x_wconf 87' lang='lat' dir='ltr'><strong>more</strong></span> <span class='ocrx_word' id='word_1_298' title='bbox 1602 2319 1671 2364; x_wconf 84' lang='lat' dir='ltr'><strong>ne</strong></span> <span class='ocrx_word' id='word_1_299' title='bbox 1706 2305 1916 2360; x_wconf 86' lang='lat' dir='ltr'><strong>versari</strong></span> <span class='ocrx_word' id='word_1_300' title='bbox 1950 2305 2169 2375; x_wconf 88' lang='lat' dir='ltr'><strong>quidem</strong></span> <span class='ocrx_word' id='word_1_301' title='bbox 2217 2304 2525 2367; x_wconf 90' lang='lat' dir='ltr'><strong>nobiscum,</strong></span> <span class='ocrx_word' id='word_1_302' title='bbox 2566 2303 2710 2357; x_wconf 87' lang='lat' dir='ltr'><strong>haud</strong></span> <span class='ocrx_word' id='word_1_303' title='bbox 2762 2302 3043 2372; x_wconf 89' lang='lat' dir='ltr'><strong>indignum</strong></span> <span class='ocrx_word' id='word_1_304' title='bbox 3114 2314 3214 2357; x_wconf 78' lang='lat' dir='ltr'><strong>sua</strong></span> <span class='ocrx_word' id='word_1_305' title='bbox 3265 2298 3557 2363; x_wconf 83' lang='lat' dir='ltr'><strong>maiestate</strong></span> 
     </span>
    </p>
   </div>
   <div class='ocr_carea' id='block_1_43' title="bbox 276 2383 3548 2467">
    <p class='ocr_par' dir='ltr' id='par_1_43' title="bbox 276 2383 3548 2467">
     <span class='ocr_line' id='line_1_43' title="bbox 276 2383 3548 2467; baseline 0.002 -29"><span class='ocrx_word' id='word_1_306' title='bbox 276 2383 578 2451; x_wconf 79' lang='lat' dir='ltr'><strong>judicavit,</strong></span> <span class='ocrx_word' id='word_1_307' title='bbox 625 2389 842 2445; x_wconf 87' lang='lat' dir='ltr'><strong>interim</strong></span> <span class='ocrx_word' id='word_1_308' title='bbox 891 2403 1074 2448; x_wconf 89' lang='lat' dir='ltr'><strong>tamen</strong></span> <span class='ocrx_word' id='word_1_309' title='bbox 1147 2410 1419 2465; x_wconf 89' lang='lat' dir='ltr'><strong>nusquam</strong></span> <span class='ocrx_word' id='word_1_310' title='bbox 1470 2396 1730 2453; x_wconf 86' lang='lat' dir='ltr'><strong>desinens</strong></span> <span class='ocrx_word' id='word_1_311' title='bbox 1759 2411 1882 2453; x_wconf 88' lang='lat' dir='ltr'><strong>esse</strong></span> <span class='ocrx_word' id='word_1_312' title='bbox 1917 2396 2064 2467; x_wconf 90' lang='lat' dir='ltr'><strong>quod</strong></span> <span class='ocrx_word' id='word_1_313' title='bbox 2117 2404 2257 2458; x_wconf 90' lang='lat' dir='ltr'><strong>erat,</strong></span> <span class='ocrx_word' id='word_1_314' title='bbox 2286 2395 2380 2450; x_wconf 90' lang='lat' dir='ltr'><strong>sed</strong></span> <span class='ocrx_word' id='word_1_315' title='bbox 2431 2395 2485 2448; x_wconf 92' lang='lat' dir='ltr'><strong>in</strong></span> <span class='ocrx_word' id='word_1_316' title='bbox 2516 2395 2734 2449; x_wconf 89' lang='lat' dir='ltr'><strong>homine</strong></span> <span class='ocrx_word' id='word_1_317' title='bbox 2764 2394 2968 2464; x_wconf 82' lang='lat' dir='ltr'><strong>pariter</strong></span> <span class='ocrx_word' id='word_1_318' title='bbox 2988 2391 3157 2447; x_wconf 88' lang='lat' dir='ltr'><strong>Deum</strong></span> <span class='ocrx_word' id='word_1_319' title='bbox 3192 2404 3548 2445; x_wconf 81' lang='lat' dir='ltr'><strong>conservans.</strong></span> 
     </span>
    </p>
   </div>
   <div class='ocr_carea' id='block_1_44' title="bbox 286 2474 3555 2553">
    <p class='ocr_par' dir='ltr' id='par_1_44' title="bbox 286 2474 3555 2553">
     <span class='ocr_line' id='line_1_44' title="bbox 286 2474 3555 2553; baseline 0.002 -25"><span class='ocrx_word' id='word_1_320' title='bbox 286 2474 485 2548; x_wconf 83' lang='lat' dir='ltr'><strong>itaque</strong></span> <span class='ocrx_word' id='word_1_321' title='bbox 518 2480 701 2534; x_wconf 89' lang='lat' dir='ltr'><strong>statim</strong></span> <span class='ocrx_word' id='word_1_322' title='bbox 737 2481 793 2535; x_wconf 93' lang='lat' dir='ltr'><strong>in</strong></span> <span class='ocrx_word' id='word_1_323' title='bbox 834 2484 1007 2550; x_wconf 89' lang='lat' dir='ltr'><strong>primo</strong></span> <span class='ocrx_word' id='word_1_324' title='bbox 1038 2482 1105 2538; x_wconf 89' lang='lat' dir='ltr'><strong>ad</strong></span> <span class='ocrx_word' id='word_1_325' title='bbox 1139 2484 1389 2540; x_wconf 90' lang='lat' dir='ltr'><strong>homines</strong></span> <span class='ocrx_word' id='word_1_326' title='bbox 1415 2486 1709 2553; x_wconf 89' lang='lat' dir='ltr'><strong>descensu,</strong></span> <span class='ocrx_word' id='word_1_327' title='bbox 1774 2502 1899 2541; x_wconf 92' lang='lat' dir='ltr'><strong>cum</strong></span> <span class='ocrx_word' id='word_1_328' title='bbox 1935 2484 2046 2541; x_wconf 91' lang='lat' dir='ltr'><strong>Deo</strong></span> <span class='ocrx_word' id='word_1_329' title='bbox 2077 2485 2324 2540; x_wconf 87' lang='lat' dir='ltr'><strong>divinam</strong></span> <span class='ocrx_word' id='word_1_330' title='bbox 2392 2484 2715 2540; x_wconf 85' lang='lat' dir='ltr'><strong>commiscet</strong></span> <span class='ocrx_word' id='word_1_331' title='bbox 2761 2483 2935 2538; x_wconf 83' lang='lat' dir='ltr'><strong>nostri</strong></span> <span class='ocrx_word' id='word_1_332' title='bbox 2972 2490 3127 2536; x_wconf 89' lang='lat' dir='ltr'><strong>ortus</strong></span> <span class='ocrx_word' id='word_1_333' title='bbox 3157 2480 3555 2536; x_wconf 82' lang='lat' dir='ltr'><strong>admirabilita-</strong></span> 
     </span>
    </p>
   </div>
   <div class='ocr_carea' id='block_1_45' title="bbox 286 2576 3551 2648">
    <p class='ocr_par' dir='ltr' id='par_1_45' title="bbox 286 2576 3551 2648">
     <span class='ocr_line' id='line_1_45' title="bbox 286 2576 3551 2648; baseline -0.003 -12"><span class='ocrx_word' id='word_1_334' title='bbox 286 2582 403 2626; x_wconf 74' lang='grc' dir='ltr'>ιεω</span> <span class='ocrx_word' id='word_1_335' title='bbox 443 2590 462 2626; x_wconf 83' lang='lat'><em>=</em></span> <span class='ocrx_word' id='word_1_336' title='bbox 506 2576 725 2646; x_wconf 83' lang='lat' dir='ltr'><strong>quippe,</strong></span> <span class='ocrx_word' id='word_1_337' title='bbox 780 2578 875 2648; x_wconf 89' lang='lat' dir='ltr'><strong>qui</strong></span> <span class='ocrx_word' id='word_1_338' title='bbox 925 2594 1074 2634; x_wconf 90' lang='lat' dir='ltr'><strong>more</strong></span> <span class='ocrx_word' id='word_1_339' title='bbox 1110 2589 1302 2636; x_wconf 90' lang='lat' dir='ltr'><strong>nostro</strong></span> <span class='ocrx_word' id='word_1_340' title='bbox 1355 2582 1428 2636; x_wconf 87' lang='lat' dir='ltr'><strong>sit</strong></span> <span class='ocrx_word' id='word_1_341' title='bbox 1501 2581 1706 2647; x_wconf 88' lang='lat' dir='ltr'><strong>editus,</strong></span> <span class='ocrx_word' id='word_1_342' title='bbox 1773 2589 1828 2638; x_wconf 90' lang='lat' dir='ltr'><strong>et</strong></span> <span class='ocrx_word' id='word_1_343' title='bbox 1868 2581 2115 2637; x_wconf 89' lang='lat' dir='ltr'><strong>mortalis</strong></span> <span class='ocrx_word' id='word_1_344' title='bbox 2162 2582 2360 2646; x_wconf 89' lang='lat' dir='ltr'><strong>instar,</strong></span> <span class='ocrx_word' id='word_1_345' title='bbox 2399 2580 2675 2635; x_wconf 89' lang='lat' dir='ltr'><strong>hominem</strong></span> <span class='ocrx_word' id='word_1_346' title='bbox 2714 2578 2960 2640; x_wconf 90' lang='lat' dir='ltr'><strong>indutus.</strong></span> <span class='ocrx_word' id='word_1_347' title='bbox 3009 2576 3102 2632; x_wconf 88' lang='lat' dir='ltr'><strong>sed</strong></span> <span class='ocrx_word' id='word_1_348' title='bbox 3138 2591 3248 2630; x_wconf 91' lang='lat' dir='ltr'><strong>non</strong></span> <span class='ocrx_word' id='word_1_349' title='bbox 3291 2584 3551 2644; x_wconf 87' lang='lat' dir='ltr'><strong>tanquam</strong></span> 
     </span>
    </p>
   </div>
   <div class='ocr_carea' id='block_1_46' title="bbox 282 2666 3551 2746">
    <p class='ocr_par' dir='ltr' id='par_1_46' title="bbox 282 2666 3551 2746">
     <span class='ocr_line' id='line_1_46' title="bbox 282 2666 3551 2746; baseline -0 -25"><span class='ocrx_word' id='word_1_350' title='bbox 282 2666 479 2730; x_wconf 79' lang='lat' dir='ltr'><strong>homo,</strong></span> <span class='ocrx_word' id='word_1_351' title='bbox 511 2685 698 2724; x_wconf 86' lang='lat' dir='ltr'><strong>verum</strong></span> <span class='ocrx_word' id='word_1_352' title='bbox 732 2677 793 2725; x_wconf 88' lang='lat' dir='ltr'><strong>ut</strong></span> <span class='ocrx_word' id='word_1_353' title='bbox 830 2669 972 2727; x_wconf 89' lang='lat' dir='ltr'><strong>Deus</strong></span> <span class='ocrx_word' id='word_1_354' title='bbox 1002 2671 1070 2727; x_wconf 87' lang='lat' dir='ltr'><strong>de</strong></span> <span class='ocrx_word' id='word_1_355' title='bbox 1101 2672 1420 2742; x_wconf 86' lang='lat' dir='ltr'><strong>purissima,</strong></span> <span class='ocrx_word' id='word_1_356' title='bbox 1470 2674 1762 2746; x_wconf 89' lang='lat' dir='ltr'><strong>nullasque</strong></span> <span class='ocrx_word' id='word_1_357' title='bbox 1825 2684 2050 2745; x_wconf 78' lang='lat' dir='ltr'><strong>experta</strong></span> <span class='ocrx_word' id='word_1_358' title='bbox 2110 2674 2332 2744; x_wconf 89' lang='lat' dir='ltr'><strong>nuptias</strong></span> <span class='ocrx_word' id='word_1_359' title='bbox 2378 2671 2623 2743; x_wconf 77' lang='lat' dir='ltr'><strong>Virgine,</strong></span> <span class='ocrx_word' id='word_1_360' title='bbox 2664 2684 3009 2741; x_wconf 87' lang='lat' dir='ltr'><strong>nequaquam</strong></span> <span class='ocrx_word' id='word_1_361' title='bbox 3048 2683 3178 2723; x_wconf 86' lang='lat' dir='ltr'><strong>vero</strong></span> <span class='ocrx_word' id='word_1_362' title='bbox 3216 2681 3283 2722; x_wconf 81' lang='lat' dir='ltr'><strong>ex</strong></span> <span class='ocrx_word' id='word_1_363' title='bbox 3342 2680 3551 2721; x_wconf 66' lang='lat' dir='ltr'><strong>concu‘</strong></span> 
     </span>
    </p>
   </div>
   <div class='ocr_carea' id='block_1_47' title="bbox 284 2761 2267 2845">
    <p class='ocr_par' dir='ltr' id='par_1_47' title="bbox 284 2761 2267 2845">
     <span class='ocr_line' id='line_1_47' title="bbox 284 2761 2267 2845; baseline 0.001 -29"><span class='ocrx_word' id='word_1_364' title='bbox 284 2761 408 2816; x_wconf 89' lang='lat' dir='ltr'><strong>bitu</strong></span> <span class='ocrx_word' id='word_1_365' title='bbox 463 2762 952 2845; x_wconf 47' lang='lat' dir='ltr'><strong>aut.eorruptioue</strong></span> <span class='ocrx_word' id='word_1_366' title='bbox 979 2770 1160 2818; x_wconf 88' lang='lat' dir='ltr'><strong>ortum</strong></span> <span class='ocrx_word' id='word_1_367' title='bbox 1193 2766 1338 2835; x_wconf 89' lang='lat' dir='ltr'><strong>ejus,</strong></span> <span class='ocrx_word' id='word_1_368' title='bbox 1369 2766 1460 2835; x_wconf 91' lang='lat' dir='ltr'><strong>qui</strong></span> <span class='ocrx_word' id='word_1_369' title='bbox 1487 2764 1604 2836; x_wconf 89' lang='lat' dir='ltr'><strong>ipse</strong></span> <span class='ocrx_word' id='word_1_370' title='bbox 1631 2764 1949 2836; x_wconf 84' lang='lat' dir='ltr'><strong>apparebat,</strong></span> <span class='ocrx_word' id='word_1_371' title='bbox 1976 2764 2267 2834; x_wconf 88' lang='lat' dir='ltr'><strong>acceperit.</strong></span> 
     </span>
    </p>
   </div>
   <div class='ocr_carea' id='block_1_48' title="bbox 1024 2928 1126 2982">
    <p class='ocr_par' dir='ltr' id='par_1_48' title="bbox 1024 2928 1126 2982">
     <span class='ocr_line' id='line_1_48' title="bbox 1024 2928 1126 2982; baseline 0 0"><span class='ocrx_word' id='word_1_372' title='bbox 1024 2928 1126 2982; x_wconf 74' lang='lat' dir='ltr'><strong>IA&#39;.</strong></span> 
     </span>
    </p>
   </div>
   <div class='ocr_carea' id='block_1_49' title="bbox 433 3063 1738 3137">
    <p class='ocr_par' dir='ltr' id='par_1_49' title="bbox 433 3063 1738 3137">
     <span class='ocr_line' id='line_1_49' title="bbox 433 3063 1738 3137; baseline 0.005 -20"><span class='ocrx_word' id='word_1_373' title='bbox 433 3064 631 3129; x_wconf 76' lang='grc' dir='ltr'>ὀπως</span> <span class='ocrx_word' id='word_1_374' title='bbox 666 3063 774 3118; x_wconf 80' lang='grc' dir='ltr'><strong>τὸν</strong></span> <span class='ocrx_word' id='word_1_375' title='bbox 809 3065 880 3119; x_wconf 81' lang='grc' dir='ltr'>ἐν</span> <span class='ocrx_word' id='word_1_376' title='bbox 905 3065 1235 3135; x_wconf 73' lang='grc' dir='ltr'>ἀνθρώποις</span> <span class='ocrx_word' id='word_1_377' title='bbox 1265 3066 1546 3137; x_wconf 76' lang='grc' dir='ltr'><strong>διεξῆλθε</strong></span> <span class='ocrx_word' id='word_1_378' title='bbox 1561 3068 1738 3133; x_wconf 69' lang='grc' dir='ltr'><strong>βίον.</strong></span> 
     </span>
    </p>
   </div>
   <div class='ocr_carea' id='block_1_50' title="bbox 357 3176 1866 3254">
    <p class='ocr_par' dir='ltr' id='par_1_50' title="bbox 357 3176 1866 3254">
     <span class='ocr_line' id='line_1_50' title="bbox 357 3176 1866 3254; baseline 0.003 -24"><span class='ocrx_word' id='word_1_379' title='bbox 357 3177 469 3231; x_wconf 72' lang='grc' dir='ltr'><strong>Καὶ</strong></span> <span class='ocrx_word' id='word_1_380' title='bbox 500 3177 592 3229; x_wconf 73' lang='grc' dir='ltr'>τὸν</span> <span class='ocrx_word' id='word_1_381' title='bbox 623 3177 749 3249; x_wconf 78' lang='grc' dir='ltr'><strong>ἑξῆς</strong></span> <span class='ocrx_word' id='word_1_382' title='bbox 786 3177 842 3231; x_wconf 81' lang='grc' dir='ltr'><strong>δὲ</strong></span> <span class='ocrx_word' id='word_1_383' title='bbox 881 3176 1171 3249; x_wconf 85' lang='grc' dir='ltr'>σύμπαντα</span> <span class='ocrx_word' id='word_1_384' title='bbox 1204 3178 1340 3251; x_wconf 81' lang='grc' dir='ltr'>βίον,</span> <span class='ocrx_word' id='word_1_385' title='bbox 1374 3178 1547 3254; x_wconf 76' lang='grc' dir='ltr'>ταύτῃ</span> <span class='ocrx_word' id='word_1_386' title='bbox 1580 3198 1654 3252; x_wconf 90' lang='grc' dir='ltr'><strong>πη</strong></span> <span class='ocrx_word' id='word_1_387' title='bbox 1696 3178 1866 3235; x_wconf 83' lang='grc' dir='ltr'>διετέ-</span> 
     </span>
    </p>
   </div>
   <div class='ocr_carea' id='block_1_51' title="bbox 278 3267 1866 3340">
    <p class='ocr_par' dir='ltr' id='par_1_51' title="bbox 278 3267 1866 3340">
     <span class='ocr_line' id='line_1_51' title="bbox 278 3267 1866 3340; baseline 0.001 -21"><span class='ocrx_word' id='word_1_388' title='bbox 278 3267 386 3331; x_wconf 78' lang='grc' dir='ltr'>λει,</span> <span class='ocrx_word' id='word_1_389' title='bbox 414 3269 538 3320; x_wconf 84' lang='grc' dir='ltr'><strong>τοτέ</strong></span> <span class='ocrx_word' id='word_1_390' title='bbox 565 3267 664 3337; x_wconf 81' lang='grc' dir='ltr'>μὲν</span> <span class='ocrx_word' id='word_1_391' title='bbox 678 3268 777 3337; x_wconf 84' lang='grc' dir='ltr'>τὴν</span> <span class='ocrx_word' id='word_1_392' title='bbox 794 3269 928 3340; x_wconf 80' lang='grc' dir='ltr'>πρὸς</span> <span class='ocrx_word' id='word_1_393' title='bbox 949 3270 1096 3339; x_wconf 74' lang='grc' dir='ltr'>ἡμᾶς</span> <span class='ocrx_word' id='word_1_394' title='bbox 1115 3268 1525 3339; x_wconf 79' lang='grc' dir='ltr'>ὁμοιοπάθειαν,</span> <span class='ocrx_word' id='word_1_395' title='bbox 1547 3269 1667 3322; x_wconf 83' lang='grc' dir='ltr'>τοτὲ</span> <span class='ocrx_word' id='word_1_396' title='bbox 1694 3268 1752 3322; x_wconf 83' lang='grc' dir='ltr'>δὲ</span> <span class='ocrx_word' id='word_1_397' title='bbox 1775 3268 1866 3321; x_wconf 78' lang='grc' dir='ltr'>τὸν</span> 
     </span>
    </p>
   </div>
   <div class='ocr_carea' id='block_1_52' title="bbox 280 3357 1866 3433">
    <p class='ocr_par' dir='ltr' id='par_1_52' title="bbox 280 3357 1866 3433">
     <span class='ocr_line' id='line_1_52' title="bbox 280 3357 1866 3433; baseline 0.002 -23"><span class='ocrx_word' id='word_1_398' title='bbox 280 3357 421 3410; x_wconf 77' lang='grc' dir='ltr'>Θεοῦ</span> <span class='ocrx_word' id='word_1_399' title='bbox 471 3358 645 3425; x_wconf 83' lang='grc' dir='ltr'>Λόγον</span> <span class='ocrx_word' id='word_1_400' title='bbox 680 3358 1024 3428; x_wconf 68' lang='grc' dir='ltr'>ὑποφαίνων,</span> <span class='ocrx_word' id='word_1_401' title='bbox 1066 3359 1457 3433; x_wconf 80' lang='grc' dir='ltr'>μεγαλουργῶν</span> <span class='ocrx_word' id='word_1_402' title='bbox 1499 3361 1594 3414; x_wconf 73' lang='grc' dir='ltr'><strong>καὶ</strong></span> <span class='ocrx_word' id='word_1_403' title='bbox 1632 3359 1866 3432; x_wconf 83' lang='grc' dir='ltr'>παραδο-</span> 
     </span>
    </p>
   </div>
   <div class='ocr_carea' id='block_1_53' title="bbox 284 3449 1867 3522">
    <p class='ocr_par' dir='ltr' id='par_1_53' title="bbox 284 3449 1867 3522">
     <span class='ocr_line' id='line_1_53' title="bbox 284 3449 1867 3522; baseline -0.001 -18"><span class='ocrx_word' id='word_1_404' title='bbox 284 3450 519 3515; x_wconf 79' lang='grc' dir='ltr'>ξοποιῶν</span> <span class='ocrx_word' id='word_1_405' title='bbox 548 3450 624 3514; x_wconf 85' lang='grc' dir='ltr'>ὡς</span> <span class='ocrx_word' id='word_1_406' title='bbox 655 3449 806 3513; x_wconf 80' lang='grc' dir='ltr'>Θεὸς,</span> <span class='ocrx_word' id='word_1_407' title='bbox 858 3452 952 3505; x_wconf 79' lang='grc' dir='ltr'>καὶ</span> <span class='ocrx_word' id='word_1_408' title='bbox 977 3450 1086 3504; x_wconf 84' lang='grc' dir='ltr'>τῶν</span> <span class='ocrx_word' id='word_1_409' title='bbox 1121 3450 1420 3520; x_wconf 80' lang='grc' dir='ltr'><strong>μελλόντων</strong></span> <span class='ocrx_word' id='word_1_410' title='bbox 1456 3450 1674 3505; x_wconf 76' lang='grc' dir='ltr'>ἔσεσθαι</span> <span class='ocrx_word' id='word_1_411' title='bbox 1704 3468 1867 3522; x_wconf 87' lang='grc' dir='ltr'>προα-</span> 
     </span>
    </p>
   </div>
   <div class='ocr_carea' id='block_1_54' title="bbox 282 3540 1864 3614">
    <p class='ocr_par' dir='ltr' id='par_1_54' title="bbox 282 3540 1864 3614">
     <span class='ocr_line' id='line_1_54' title="bbox 282 3540 1864 3614; baseline 0 -21"><span class='ocrx_word' id='word_1_412' title='bbox 282 3540 547 3611; x_wconf 64' lang='grc' dir='ltr'>ναφωνῶν</span> <span class='ocrx_word' id='word_1_413' title='bbox 582 3540 681 3604; x_wconf 67' lang='grc' dir='ltr'><strong>τὰς</strong></span> <span class='ocrx_word' id='word_1_414' title='bbox 718 3543 1073 3614; x_wconf 71' lang='grc' dir='ltr'>προρρήσεις,</span> <span class='ocrx_word' id='word_1_415' title='bbox 1123 3541 1218 3595; x_wconf 74' lang='grc' dir='ltr'><strong>καὶ</strong></span> <span class='ocrx_word' id='word_1_416' title='bbox 1257 3541 1348 3594; x_wconf 78' lang='grc' dir='ltr'><strong>τὸν</strong></span> <span class='ocrx_word' id='word_1_417' title='bbox 1386 3542 1459 3613; x_wconf 79' lang='grc' dir='ltr'>μὴ</span> <span class='ocrx_word' id='word_1_418' title='bbox 1495 3544 1609 3606; x_wconf 87' lang='grc' dir='ltr'>τοῖς</span> <span class='ocrx_word' id='word_1_419' title='bbox 1651 3540 1864 3605; x_wconf 78' lang='grc' dir='ltr'>πολλοῖς</span> 
     </span>
    </p>
   </div>
   <div class='ocr_carea' id='block_1_55' title="bbox 279 3631 1861 3706">
    <p class='ocr_par' dir='ltr' id='par_1_55' title="bbox 279 3631 1861 3706">
     <span class='ocr_line' id='line_1_55' title="bbox 279 3631 1861 3706; baseline 0.002 -21"><span class='ocrx_word' id='word_1_420' title='bbox 279 3631 561 3704; x_wconf 78' lang='grc' dir='ltr'>ὁρώμενον</span> <span class='ocrx_word' id='word_1_421' title='bbox 599 3632 732 3686; x_wconf 69' lang='grc' dir='ltr'><strong>Θεὸν</strong></span> <span class='ocrx_word' id='word_1_422' title='bbox 769 3633 942 3703; x_wconf 76' lang='grc' dir='ltr'>Λόγον</span> <span class='ocrx_word' id='word_1_423' title='bbox 994 3636 1108 3697; x_wconf 88' lang='grc' dir='ltr'>τοῖς</span> <span class='ocrx_word' id='word_1_424' title='bbox 1136 3633 1315 3706; x_wconf 81' lang='grc' dir='ltr'>ἔργοις</span> <span class='ocrx_word' id='word_1_425' title='bbox 1362 3633 1619 3705; x_wconf 79' lang='grc' dir='ltr'>ἄντικρυς</span> <span class='ocrx_word' id='word_1_426' title='bbox 1666 3634 1861 3688; x_wconf 85' lang='grc' dir='ltr'>ἐπιδει-</span> 
     </span>
    </p>
   </div>
   <div class='ocr_carea' id='block_1_56' title="bbox 283 3722 1634 3799">
    <p class='ocr_par' dir='ltr' id='par_1_56' title="bbox 283 3722 1634 3799">
     <span class='ocr_line' id='line_1_56' title="bbox 283 3722 1634 3799; baseline 0.007 -24"><span class='ocrx_word' id='word_1_427' title='bbox 283 3722 548 3795; x_wconf 82' lang='grc' dir='ltr'>κνύμενος</span> <span class='ocrx_word' id='word_1_428' title='bbox 574 3722 799 3798; x_wconf 75' lang='grc' dir='ltr'>[εἰκότα</span> <span class='ocrx_word' id='word_1_429' title='bbox 834 3725 891 3778; x_wconf 83' lang='grc' dir='ltr'>δὲ</span> <span class='ocrx_word' id='word_1_430' title='bbox 922 3725 1016 3777; x_wconf 81' lang='grc' dir='ltr'>καὶ</span> <span class='ocrx_word' id='word_1_431' title='bbox 1050 3726 1211 3796; x_wconf 82' lang='grc' dir='ltr'>ὅμοια</span> <span class='ocrx_word' id='word_1_432' title='bbox 1240 3727 1359 3789; x_wconf 82' lang='grc' dir='ltr'>ταῖς</span> <span class='ocrx_word' id='word_1_433' title='bbox 1388 3724 1634 3799; x_wconf 79' lang='grc' dir='ltr'>ἀρχαῖς].</span> 
     </span>
    </p>
   </div>
   <div class='ocr_carea' id='block_1_57' title="bbox 1017 3923 1116 3977">
    <p class='ocr_par' dir='ltr' id='par_1_57' title="bbox 1017 3923 1116 3977">
     <span class='ocr_line' id='line_1_57' title="bbox 1017 3923 1116 3977; baseline 0.02 -2"><span class='ocrx_word' id='word_1_434' title='bbox 1017 3923 1116 3977; x_wconf 84' lang='lat' dir='ltr'><strong>lB’.</strong></span> 
     </span>
    </p>
   </div>
   <div class='ocr_carea' id='block_1_58' title="bbox 317 4016 1864 4088">
    <p class='ocr_par' dir='ltr' id='par_1_58' title="bbox 317 4016 1864 4088">
     <span class='ocr_line' id='line_1_58' title="bbox 317 4016 1864 4088; baseline 0.003 -18"><span class='ocrx_word' id='word_1_435' title='bbox 317 4016 420 4082; x_wconf 81' lang='grc' dir='ltr'>Ὠς</span> <span class='ocrx_word' id='word_1_436' title='bbox 446 4017 735 4087; x_wconf 75' lang='grc' dir='ltr'>καὶμέχρι</span> <span class='ocrx_word' id='word_1_437' title='bbox 764 4016 893 4088; x_wconf 51' lang='grc' dir='ltr'><strong>τῶτῄ</strong></span> <span class='ocrx_word' id='word_1_438' title='bbox 917 4018 1103 4073; x_wconf 71' lang='grc' dir='ltr'>πάλαι</span> <span class='ocrx_word' id='word_1_439' title='bbox 1137 4018 1575 4088; x_wconf 79' lang='grc' dir='ltr'><strong>κατοιχομένων</strong></span> <span class='ocrx_word' id='word_1_440' title='bbox 1600 4019 1864 4075; x_wconf 66' lang='grc' dir='ltr'>ἐκάλουν</span> 
     </span>
    </p>
   </div>
   <div class='ocr_carea' id='block_1_59' title="bbox 532 4086 1645 4159">
    <p class='ocr_par' dir='ltr' id='par_1_59' title="bbox 532 4086 1645 4159">
     <span class='ocr_line' id='line_1_59' title="bbox 532 4086 1645 4159; baseline 0.002 -18"><span class='ocrx_word' id='word_1_441' title='bbox 532 4086 718 4141; x_wconf 72' lang='grc' dir='ltr'>αὐτόν</span> <span class='ocrx_word' id='word_1_442' title='bbox 746 4091 798 4141; x_wconf 84' lang='grc' dir='ltr'><strong>οι</strong></span> <span class='ocrx_word' id='word_1_443' title='bbox 830 4086 941 4155; x_wconf 81' lang='grc' dir='ltr'>τῆς</span> <span class='ocrx_word' id='word_1_444' title='bbox 974 4086 1419 4158; x_wconf 59' lang='grc' dir='ltr'>φιλανθρώπως</span> <span class='ocrx_word' id='word_1_445' title='bbox 1456 4090 1645 4159; x_wconf 82' lang='grc' dir='ltr'>νόμοι.</span> 
     </span>
    </p>
   </div>
   <div class='ocr_carea' id='block_1_60' title="bbox 348 4202 1861 4277">
    <p class='ocr_par' dir='ltr' id='par_1_60' title="bbox 348 4202 1861 4277">
     <span class='ocr_line' id='line_1_60' title="bbox 348 4202 1861 4277; baseline 0.01 -22"><span class='ocrx_word' id='word_1_446' title='bbox 348 4202 463 4255; x_wconf 79' lang='grc' dir='ltr'>Καὶ</span> <span class='ocrx_word' id='word_1_447' title='bbox 504 4205 573 4258; x_wconf 71' lang='grc' dir='ltr'>τὰ</span> <span class='ocrx_word' id='word_1_448' title='bbox 621 4204 747 4275; x_wconf 83' lang='grc' dir='ltr'>τέλη</span> <span class='ocrx_word' id='word_1_449' title='bbox 781 4204 931 4274; x_wconf 85' lang='grc' dir='ltr'>αὑτῷ</span> <span class='ocrx_word' id='word_1_450' title='bbox 973 4204 1070 4275; x_wconf 83' lang='grc' dir='ltr'>τῆς</span> <span class='ocrx_word' id='word_1_451' title='bbox 1115 4204 1173 4270; x_wconf 78' lang='grc' dir='ltr'>ἐξ</span> <span class='ocrx_word' id='word_1_452' title='bbox 1205 4204 1506 4277; x_wconf 85' lang='grc' dir='ltr'>ἀνθρώπων</span> <span class='ocrx_word' id='word_1_453' title='bbox 1544 4205 1861 4277; x_wconf 82' lang='grc' dir='ltr'>ἀπαλλαγῆς</span> 
     </span>
    </p>
   </div>
   <div class='ocr_carea' id='block_1_61' title="bbox 275 4296 1859 4369">
    <p class='ocr_par' dir='ltr' id='par_1_61' title="bbox 275 4296 1859 4369">
     <span class='ocr_line' id='line_1_61' title="bbox 275 4296 1859 4369; baseline 0.003 -23"><span class='ocrx_word' id='word_1_454' title='bbox 275 4296 624 4365; x_wconf 50' lang='grc' dir='ltr'>ἐπεχειρεῖτο.</span> <span class='ocrx_word' id='word_1_455' title='bbox 659 4298 767 4349; x_wconf 78' lang='grc' dir='ltr'><strong>Καὶ</strong></span> <span class='ocrx_word' id='word_1_456' title='bbox 799 4296 907 4369; x_wconf 80' lang='grc' dir='ltr'><strong>γάρ</strong></span> <span class='ocrx_word' id='word_1_457' title='bbox 948 4298 1109 4369; x_wconf 81' lang='grc' dir='ltr'>μέχρι</span> <span class='ocrx_word' id='word_1_458' title='bbox 1152 4298 1406 4363; x_wconf 80' lang='grc' dir='ltr'>θανάτου,</span> <span class='ocrx_word' id='word_1_459' title='bbox 1436 4299 1532 4353; x_wconf 75' lang='grc' dir='ltr'>καὶ</span> <span class='ocrx_word' id='word_1_460' title='bbox 1560 4298 1741 4352; x_wconf 84' lang='grc' dir='ltr'>αὑτῶν</span> <span class='ocrx_word' id='word_1_461' title='bbox 1778 4316 1859 4351; x_wconf 86' lang='grc' dir='ltr'>νε-</span> 
     </span>
    </p>
   </div>
   <div class='ocr_carea' id='block_1_62' title="bbox 275 4388 1858 4461">
    <p class='ocr_par' dir='ltr' id='par_1_62' title="bbox 275 4388 1858 4461">
     <span class='ocr_line' id='line_1_62' title="bbox 275 4388 1858 4461; baseline 0.003 -20"><span class='ocrx_word' id='word_1_462' title='bbox 275 4388 431 4459; x_wconf 80' lang='grc' dir='ltr'>κρῶν</span> <span class='ocrx_word' id='word_1_463' title='bbox 460 4390 509 4441; x_wconf 82' lang='grc' dir='ltr'>οἱ</span> <span class='ocrx_word' id='word_1_464' title='bbox 540 4388 639 4458; x_wconf 71' lang='grc' dir='ltr'>τῆς</span> <span class='ocrx_word' id='word_1_465' title='bbox 674 4389 1080 4461; x_wconf 69' lang='grc' dir='ltr'>φιλανθρωπίας</span> <span class='ocrx_word' id='word_1_466' title='bbox 1107 4390 1269 4443; x_wconf 80' lang='grc' dir='ltr'>αὑτὸν</span> <span class='ocrx_word' id='word_1_467' title='bbox 1302 4391 1530 4445; x_wconf 77' lang='grc' dir='ltr'>ἐκάλουν</span> <span class='ocrx_word' id='word_1_468' title='bbox 1569 4392 1744 4461; x_wconf 85' lang='grc' dir='ltr'>νόμοι,</span> <span class='ocrx_word' id='word_1_469' title='bbox 1782 4390 1858 4455; x_wconf 86' lang='grc' dir='ltr'>ὡς</span> 
     </span>
    </p>
   </div>
   <div class='ocr_carea' id='block_1_63' title="bbox 1888 3090 1936 3152">
    <p class='ocr_par' dir='ltr' id='par_1_63' title="bbox 1888 3090 1936 3152">
     <span class='ocr_line' id='line_1_63' title="bbox 1888 3090 1936 3152; baseline 0 0"><span class='ocrx_word' id='word_1_470' title='bbox 1888 3090 1936 3152; x_wconf 86' lang='lat' dir='ltr'><strong><em>C</em></strong></span> 
     </span>
    </p>
   </div>
   <div class='ocr_carea' id='block_1_64' title="bbox 2714 2922 2801 2979">
    <p class='ocr_par' dir='ltr' id='par_1_64' title="bbox 2714 2922 2801 2979">
     <span class='ocr_line' id='line_1_64' title="bbox 2714 2922 2801 2979; baseline 0.023 -3"><span class='ocrx_word' id='word_1_471' title='bbox 2714 2922 2801 2979; x_wconf 67' lang='grc' dir='ltr'><strong>Χῖ.</strong></span> 
     </span>
    </p>
   </div>
   <div class='ocr_carea' id='block_1_65' title="bbox 2105 3062 3405 3131">
    <p class='ocr_par' dir='ltr' id='par_1_65' title="bbox 2105 3062 3405 3131">
     <span class='ocr_line' id='line_1_65' title="bbox 2105 3062 3405 3131; baseline -0.002 -12"><span class='ocrx_word' id='word_1_472' title='bbox 2105 3062 2559 3131; x_wconf 75' lang='lat' dir='ltr'><strong>Quentadmodum</strong></span> <span class='ocrx_word' id='word_1_473' title='bbox 2593 3063 2732 3117; x_wconf 84' lang='lat' dir='ltr'><strong>inter</strong></span> <span class='ocrx_word' id='word_1_474' title='bbox 2771 3062 3003 3116; x_wconf 81' lang='lat' dir='ltr'><strong>homines</strong></span> <span class='ocrx_word' id='word_1_475' title='bbox 3032 3062 3191 3116; x_wconf 81' lang='lat' dir='ltr'><strong>vitam</strong></span> <span class='ocrx_word' id='word_1_476' title='bbox 3224 3064 3405 3131; x_wconf 80' lang='lat' dir='ltr'><strong>egerit.</strong></span> 
     </span>
    </p>
   </div>
   <div class='ocr_carea' id='block_1_66' title="bbox 2040 3175 3549 3248">
    <p class='ocr_par' dir='ltr' id='par_1_66' title="bbox 2040 3175 3549 3248">
     <span class='ocr_line' id='line_1_66' title="bbox 2040 3175 3549 3248; baseline -0.002 -16"><span class='ocrx_word' id='word_1_477' title='bbox 2040 3178 2306 3248; x_wconf 85' lang='lat' dir='ltr'><strong>Deinceps</strong></span> <span class='ocrx_word' id='word_1_478' title='bbox 2329 3194 2457 3234; x_wconf 88' lang='lat' dir='ltr'><strong>vero</strong></span> <span class='ocrx_word' id='word_1_479' title='bbox 2486 3177 2751 3248; x_wconf 87' lang='lat' dir='ltr'><strong>reliquam</strong></span> <span class='ocrx_word' id='word_1_480' title='bbox 2785 3177 2950 3229; x_wconf 83' lang='lat' dir='ltr'><strong>vitam</strong></span> <span class='ocrx_word' id='word_1_481' title='bbox 2981 3190 3197 3231; x_wconf 89' lang='lat' dir='ltr'><strong>omnem</strong></span> <span class='ocrx_word' id='word_1_482' title='bbox 3230 3175 3419 3231; x_wconf 88' lang='lat' dir='ltr'><strong>eadem</strong></span> <span class='ocrx_word' id='word_1_483' title='bbox 3458 3190 3549 3229; x_wconf 82' lang='lat' dir='ltr'><strong>ra-</strong></span> 
     </span>
    </p>
   </div>
   <div class='ocr_carea' id='block_1_67' title="bbox 1966 3265 3647 3341">
    <p class='ocr_par' dir='ltr' id='par_1_67' title="bbox 1966 3265 3647 3341">
     <span class='ocr_line' id='line_1_67' title="bbox 1966 3265 3647 3341; baseline -0.002 -18"><span class='ocrx_word' id='word_1_484' title='bbox 1966 3271 2116 3326; x_wconf 90' lang='lat' dir='ltr'><strong>tione</strong></span> <span class='ocrx_word' id='word_1_485' title='bbox 2147 3271 2373 3341; x_wconf 83' lang='lat' dir='ltr'><strong>peregit,</strong></span> <span class='ocrx_word' id='word_1_486' title='bbox 2404 3283 2551 3323; x_wconf 91' lang='lat' dir='ltr'><strong>nunc</strong></span> <span class='ocrx_word' id='word_1_487' title='bbox 2580 3268 2799 3338; x_wconf 88' lang='lat' dir='ltr'><strong>quidem</strong></span> <span class='ocrx_word' id='word_1_488' title='bbox 2839 3265 3072 3321; x_wconf 91' lang='lat' dir='ltr'><strong>similem</strong></span> <span class='ocrx_word' id='word_1_489' title='bbox 3109 3274 3318 3320; x_wconf 59' lang='lat' dir='ltr'><strong>natura!</strong></span> <span class='ocrx_word' id='word_1_490' title='bbox 3342 3275 3545 3321; x_wconf 69' lang='lat' dir='ltr'><strong>nostra:</strong></span> <span class='ocrx_word' id='word_1_491' title='bbox 3638 3292 3647 3302; x_wconf 93' lang='lat'><strong>-</strong></span> 
     </span>
    </p>
   </div>
   <div class='ocr_carea' id='block_1_68' title="bbox 1951 3357 3548 3431">
    <p class='ocr_par' dir='ltr' id='par_1_68' title="bbox 1951 3357 3548 3431">
     <span class='ocr_line' id='line_1_68' title="bbox 1951 3357 3548 3431; baseline 0.001 -17"><span class='ocrx_word' id='word_1_492' title='bbox 1951 3360 2361 3423; x_wconf 76' lang='lat' dir='ltr'><strong>infirmitatem,</strong></span> <span class='ocrx_word' id='word_1_493' title='bbox 2395 3375 2541 3414; x_wconf 91' lang='lat' dir='ltr'><strong>nunc</strong></span> <span class='ocrx_word' id='word_1_494' title='bbox 2575 3375 2705 3413; x_wconf 87' lang='lat' dir='ltr'><strong>vero</strong></span> <span class='ocrx_word' id='word_1_495' title='bbox 2737 3360 2913 3427; x_wconf 83' lang='lat' dir='ltr'><strong>ipsum</strong></span> <span class='ocrx_word' id='word_1_496' title='bbox 2948 3357 3041 3413; x_wconf 88' lang='lat' dir='ltr'><strong>Dei</strong></span> <span class='ocrx_word' id='word_1_497' title='bbox 3074 3357 3311 3414; x_wconf 83' lang='lat' dir='ltr'><strong>Verbum</strong></span> <span class='ocrx_word' id='word_1_498' title='bbox 3347 3376 3458 3431; x_wconf 76' lang='lat' dir='ltr'><strong>pra:</strong></span> <span class='ocrx_word' id='word_1_499' title='bbox 3487 3375 3548 3415; x_wconf 80' lang='lat' dir='ltr'><strong>se</strong></span> 
     </span>
    </p>
   </div>
   <div class='ocr_carea' id='block_1_69' title="bbox 1966 3452 3547 3523">
    <p class='ocr_par' dir='ltr' id='par_1_69' title="bbox 1966 3452 3547 3523">
     <span class='ocr_line' id='line_1_69' title="bbox 1966 3452 3547 3523; baseline -0.001 -15"><span class='ocrx_word' id='word_1_500' title='bbox 1966 3453 2169 3521; x_wconf 83' lang='lat' dir='ltr'><strong>ferens,</strong></span> <span class='ocrx_word' id='word_1_501' title='bbox 2215 3452 2344 3508; x_wconf 88' lang='lat' dir='ltr'><strong>dum</strong></span> <span class='ocrx_word' id='word_1_502' title='bbox 2395 3453 2637 3523; x_wconf 83' lang='lat' dir='ltr'><strong>ingentia</strong></span> <span class='ocrx_word' id='word_1_503' title='bbox 2685 3452 2933 3522; x_wconf 70' lang='lat' dir='ltr'><strong>quaedam</strong></span> <span class='ocrx_word' id='word_1_504' title='bbox 2987 3460 3150 3523; x_wconf 90' lang='lat' dir='ltr'><strong>atque</strong></span> <span class='ocrx_word' id='word_1_505' title='bbox 3200 3452 3547 3508; x_wconf 86' lang='lat' dir='ltr'><strong>admirabilia</strong></span> 
     </span>
    </p>
   </div>
   <div class='ocr_carea' id='block_1_70' title="bbox 1963 3540 3547 3615">
    <p class='ocr_par' dir='ltr' id='par_1_70' title="bbox 1963 3540 3547 3615">
     <span class='ocr_line' id='line_1_70' title="bbox 1963 3540 3547 3615; baseline -0.001 -15"><span class='ocrx_word' id='word_1_506' title='bbox 1963 3552 2227 3615; x_wconf 89' lang='lat' dir='ltr'><strong>tanquam</strong></span> <span class='ocrx_word' id='word_1_507' title='bbox 2270 3543 2414 3600; x_wconf 87' lang='lat' dir='ltr'><strong>Deus</strong></span> <span class='ocrx_word' id='word_1_508' title='bbox 2440 3542 2622 3611; x_wconf 80' lang='lat' dir='ltr'><strong>ellieit,</strong></span> <span class='ocrx_word' id='word_1_509' title='bbox 2654 3558 2717 3597; x_wconf 93' lang='lat' dir='ltr'><strong>ac</strong></span> <span class='ocrx_word' id='word_1_510' title='bbox 2767 3559 2889 3613; x_wconf 62' lang='lat' dir='ltr'><strong>quie</strong></span> <span class='ocrx_word' id='word_1_511' title='bbox 2931 3540 3112 3596; x_wconf 82' lang='lat' dir='ltr'><strong>futura</strong></span> <span class='ocrx_word' id='word_1_512' title='bbox 3163 3551 3348 3599; x_wconf 91' lang='lat' dir='ltr'><strong>essent</strong></span> <span class='ocrx_word' id='word_1_513' title='bbox 3392 3552 3547 3598; x_wconf 86' lang='lat' dir='ltr'><strong>tanto</strong></span> 
     </span>
    </p>
   </div>
   <div class='ocr_carea' id='block_1_71' title="bbox 1962 3633 3547 3704">
    <p class='ocr_par' dir='ltr' id='par_1_71' title="bbox 1962 3633 3547 3704">
     <span class='ocr_line' id='line_1_71' title="bbox 1962 3633 3547 3704; baseline 0.002 -16"><span class='ocrx_word' id='word_1_514' title='bbox 1962 3644 2090 3689; x_wconf 89' lang='lat' dir='ltr'><strong>ante</strong></span> <span class='ocrx_word' id='word_1_515' title='bbox 2126 3633 2399 3704; x_wconf 65' lang='lat' dir='ltr'><strong>praedicit,</strong></span> <span class='ocrx_word' id='word_1_516' title='bbox 2441 3641 2496 3687; x_wconf 89' lang='lat' dir='ltr'><strong>et</strong></span> <span class='ocrx_word' id='word_1_517' title='bbox 2526 3634 2618 3703; x_wconf 92' lang='lat' dir='ltr'><strong>qui</strong></span> <span class='ocrx_word' id='word_1_518' title='bbox 2658 3648 2688 3687; x_wconf 91' lang='lat' dir='ltr'><strong>a</strong></span> <span class='ocrx_word' id='word_1_519' title='bbox 2719 3633 2880 3704; x_wconf 77' lang='lat'><strong>166</strong></span> <span class='ocrx_word' id='word_1_520' title='bbox 2914 3634 3101 3690; x_wconf 89' lang='lat' dir='ltr'><strong>multis</strong></span> <span class='ocrx_word' id='word_1_521' title='bbox 3137 3651 3246 3689; x_wconf 87' lang='lat' dir='ltr'><strong>non</strong></span> <span class='ocrx_word' id='word_1_522' title='bbox 3299 3636 3547 3691; x_wconf 88' lang='lat' dir='ltr'><strong>cernitur</strong></span> 
     </span>
    </p>
   </div>
   <div class='ocr_carea' id='block_1_72' title="bbox 1963 3722 3549 3795">
    <p class='ocr_par' dir='ltr' id='par_1_72' title="bbox 1963 3722 3549 3795">
     <span class='ocr_line' id='line_1_72' title="bbox 1963 3722 3549 3795; baseline 0.001 -17"><span class='ocrx_word' id='word_1_523' title='bbox 1963 3723 2108 3779; x_wconf 90' lang='lat' dir='ltr'><strong>Deus</strong></span> <span class='ocrx_word' id='word_1_524' title='bbox 2141 3722 2406 3789; x_wconf 78' lang='lat' dir='ltr'><strong>Verbum,</strong></span> <span class='ocrx_word' id='word_1_525' title='bbox 2431 3739 2554 3779; x_wconf 92' lang='lat' dir='ltr'><strong>eum</strong></span> <span class='ocrx_word' id='word_1_526' title='bbox 2583 3724 2760 3794; x_wconf 90' lang='lat' dir='ltr'><strong>ipsum</strong></span> <span class='ocrx_word' id='word_1_527' title='bbox 2792 3723 2947 3779; x_wconf 79' lang='lat' dir='ltr'><strong>factis</strong></span> <span class='ocrx_word' id='word_1_528' title='bbox 2974 3724 3291 3795; x_wconf 88' lang='lat' dir='ltr'><strong>planissime</strong></span> <span class='ocrx_word' id='word_1_529' title='bbox 3320 3723 3549 3781; x_wconf 83' lang='lat' dir='ltr'><strong>demon-</strong></span> 
     </span>
    </p>
   </div>
   <div class='ocr_carea' id='block_1_73' title="bbox 1963 3815 2865 3891">
    <p class='ocr_par' dir='ltr' id='par_1_73' title="bbox 1963 3815 2865 3891">
     <span class='ocr_line' id='line_1_73' title="bbox 1963 3815 2865 3891; baseline -0.001 -18"><span class='ocrx_word' id='word_1_530' title='bbox 1963 3825 2101 3874; x_wconf 87' lang='lat' dir='ltr'><strong>strat</strong></span> <span class='ocrx_word' id='word_1_531' title='bbox 2129 3815 2306 3889; x_wconf 80' lang='lat' dir='ltr'><strong>[paria</strong></span> <span class='ocrx_word' id='word_1_532' title='bbox 2328 3825 2380 3872; x_wconf 88' lang='lat' dir='ltr'><strong>et</strong></span> <span class='ocrx_word' id='word_1_533' title='bbox 2408 3815 2609 3870; x_wconf 86' lang='lat' dir='ltr'><strong>similia</strong></span> <span class='ocrx_word' id='word_1_534' title='bbox 2641 3815 2865 3891; x_wconf 90' lang='lat' dir='ltr'><strong>initiis].</strong></span> 
     </span>
    </p>
   </div>
   <div class='ocr_carea' id='block_1_74' title="bbox 2693 3931 2806 3988">
    <p class='ocr_par' dir='ltr' id='par_1_74' title="bbox 2693 3931 2806 3988">
     <span class='ocr_line' id='line_1_74' title="bbox 2693 3931 2806 3988; baseline 0.009 -1"><span class='ocrx_word' id='word_1_535' title='bbox 2693 3931 2806 3988; x_wconf 81' lang='grc' dir='ltr'><strong>ΧΗ.</strong></span> 
     </span>
    </p>
   </div>
   <div class='ocr_carea' id='block_1_75' title="bbox 1964 4022 3544 4094">
    <p class='ocr_par' dir='ltr' id='par_1_75' title="bbox 1964 4022 3544 4094">
     <span class='ocr_line' id='line_1_75' title="bbox 1964 4022 3544 4094; baseline -0.002 -13"><span class='ocrx_word' id='word_1_536' title='bbox 1964 4024 2118 4094; x_wconf 83' lang='lat' dir='ltr'><strong>Quod</strong></span> <span class='ocrx_word' id='word_1_537' title='bbox 2149 4041 2312 4093; x_wconf 79' lang='lat' dir='ltr'><strong>usque</strong></span> <span class='ocrx_word' id='word_1_538' title='bbox 2342 4024 2411 4078; x_wconf 78' lang='lat' dir='ltr'><strong>ad</strong></span> <span class='ocrx_word' id='word_1_539' title='bbox 2432 4042 2518 4079; x_wconf 86' lang='lat' dir='ltr'><strong>eos</strong></span> <span class='ocrx_word' id='word_1_540' title='bbox 2546 4024 2637 4094; x_wconf 88' lang='lat' dir='ltr'><strong>qui</strong></span> <span class='ocrx_word' id='word_1_541' title='bbox 2667 4024 2960 4093; x_wconf 76' lang='lat' dir='ltr'><strong>antiquitus</strong></span> <span class='ocrx_word' id='word_1_542' title='bbox 2984 4023 3183 4076; x_wconf 84' lang='lat' dir='ltr'><strong>mortui</strong></span> <span class='ocrx_word' id='word_1_543' title='bbox 3205 4030 3378 4089; x_wconf 80' lang='lat' dir='ltr'><strong>erant,</strong></span> <span class='ocrx_word' id='word_1_544' title='bbox 3408 4022 3544 4094; x_wconf 79' lang='lat' dir='ltr'><strong>leges</strong></span> 
     </span>
    </p>
   </div>
   <div class='ocr_carea' id='block_1_76' title="bbox 2322 4094 3162 4149">
    <p class='ocr_par' dir='ltr' id='par_1_76' title="bbox 2322 4094 3162 4149">
     <span class='ocr_line' id='line_1_76' title="bbox 2322 4094 3162 4149; baseline -0.001 -1"><span class='ocrx_word' id='word_1_545' title='bbox 2322 4095 2669 4149; x_wconf 81' lang='lat' dir='ltr'><strong>humanitatis</strong></span> <span class='ocrx_word' id='word_1_546' title='bbox 2704 4094 2852 4147; x_wconf 84' lang='lat' dir='ltr'><strong>illum</strong></span> <span class='ocrx_word' id='word_1_547' title='bbox 2891 4097 3162 4147; x_wconf 78' lang='lat' dir='ltr'><strong>vocabant.</strong></span> 
     </span>
    </p>
   </div>
   <div class='ocr_carea' id='block_1_77' title="bbox 2030 4206 3545 4271">
    <p class='ocr_par' dir='ltr' id='par_1_77' title="bbox 2030 4206 3545 4271">
     <span class='ocr_line' id='line_1_77' title="bbox 2030 4206 3545 4271; baseline -0.002 -5"><span class='ocrx_word' id='word_1_548' title='bbox 2030 4210 2169 4268; x_wconf 74' lang='lat' dir='ltr'><strong>Vita:</strong></span> <span class='ocrx_word' id='word_1_549' title='bbox 2199 4212 2364 4268; x_wconf 88' lang='lat' dir='ltr'><strong>etiam</strong></span> <span class='ocrx_word' id='word_1_550' title='bbox 2395 4209 2556 4264; x_wconf 80' lang='lat' dir='ltr'><strong>linem</strong></span> <span class='ocrx_word' id='word_1_551' title='bbox 2590 4217 2918 4271; x_wconf 72' lang='lat' dir='ltr'><strong>extremum,</strong></span> <span class='ocrx_word' id='word_1_552' title='bbox 2952 4222 3075 4262; x_wconf 91' lang='lat' dir='ltr'><strong>cum</strong></span> <span class='ocrx_word' id='word_1_553' title='bbox 3123 4207 3192 4261; x_wconf 92' lang='lat' dir='ltr'><strong>ab</strong></span> <span class='ocrx_word' id='word_1_554' title='bbox 3226 4206 3545 4263; x_wconf 84' lang='lat' dir='ltr'><strong>hominibus</strong></span> 
     </span>
    </p>
   </div>
   <div class='ocr_carea' id='block_1_78' title="bbox 1960 4295 3539 4368">
    <p class='ocr_par' dir='ltr' id='par_1_78' title="bbox 1960 4295 3539 4368">
     <span class='ocr_line' id='line_1_78' title="bbox 1960 4295 3539 4368; baseline -0.005 -12"><span class='ocrx_word' id='word_1_555' title='bbox 1960 4301 2237 4364; x_wconf 88' lang='lat' dir='ltr'><strong>discessit,</strong></span> <span class='ocrx_word' id='word_1_556' title='bbox 2265 4299 2424 4354; x_wconf 89' lang='lat' dir='ltr'><strong>initio</strong></span> <span class='ocrx_word' id='word_1_557' title='bbox 2468 4297 2715 4368; x_wconf 84' lang='lat' dir='ltr'><strong>ejusdem</strong></span> <span class='ocrx_word' id='word_1_558' title='bbox 2752 4311 2936 4366; x_wconf 85' lang='lat' dir='ltr'><strong>parem</strong></span> <span class='ocrx_word' id='word_1_559' title='bbox 2970 4310 3033 4349; x_wconf 89' lang='lat' dir='ltr'><strong>ac</strong></span> <span class='ocrx_word' id='word_1_560' title='bbox 3057 4295 3289 4350; x_wconf 90' lang='lat' dir='ltr'><strong>similem</strong></span> <span class='ocrx_word' id='word_1_561' title='bbox 3320 4297 3539 4366; x_wconf 65' lang='lat' dir='ltr'><strong>prmsti-</strong></span> 
     </span>
    </p>
   </div>
   <div class='ocr_carea' id='block_1_79' title="bbox 1963 4387 3541 4459">
    <p class='ocr_par' dir='ltr' id='par_1_79' title="bbox 1963 4387 3541 4459">
     <span class='ocr_line' id='line_1_79' title="bbox 1963 4387 3541 4459; baseline -0.008 -12"><span class='ocrx_word' id='word_1_562' title='bbox 1963 4393 2046 4447; x_wconf 92' lang='lat' dir='ltr'><strong>tit.</strong></span> <span class='ocrx_word' id='word_1_563' title='bbox 2067 4390 2277 4446; x_wconf 86' lang='lat' dir='ltr'><strong>Etenim</strong></span> <span class='ocrx_word' id='word_1_564' title='bbox 2309 4405 2483 4459; x_wconf 89' lang='lat' dir='ltr'><strong>usque</strong></span> <span class='ocrx_word' id='word_1_565' title='bbox 2517 4387 2584 4442; x_wconf 91' lang='lat' dir='ltr'><strong>ad</strong></span> <span class='ocrx_word' id='word_1_566' title='bbox 2615 4395 2869 4452; x_wconf 89' lang='lat' dir='ltr'><strong>mortem,</strong></span> <span class='ocrx_word' id='word_1_567' title='bbox 2889 4398 3049 4458; x_wconf 89' lang='lat' dir='ltr'><strong>atque</strong></span> <span class='ocrx_word' id='word_1_568' title='bbox 3083 4402 3257 4457; x_wconf 88' lang='lat' dir='ltr'><strong>usque</strong></span> <span class='ocrx_word' id='word_1_569' title='bbox 3289 4387 3356 4441; x_wconf 90' lang='lat' dir='ltr'><strong>ad</strong></span> <span class='ocrx_word' id='word_1_570' title='bbox 3390 4388 3541 4458; x_wconf 80' lang='lat' dir='ltr'><strong>lpSns</strong></span> 
     </span>
    </p>
   </div>
   <div class='ocr_carea' id='block_1_80' title="bbox 276 4478 1866 4555">
    <p class='ocr_par' dir='ltr' id='par_1_80' title="bbox 276 4480 1858 4555">
     <span class='ocr_line' id='line_1_80' title="bbox 276 4480 1858 4555; baseline 0.003 -22"><span class='ocrx_word' id='word_1_571' title='bbox 276 4480 350 4534; x_wconf 77' lang='grc' dir='ltr'><strong>ἂν</strong></span> <span class='ocrx_word' id='word_1_572' title='bbox 390 4481 487 4534; x_wconf 67' lang='grc' dir='ltr'><strong>καὶ</strong></span> <span class='ocrx_word' id='word_1_573' title='bbox 527 4481 637 4533; x_wconf 81' lang='grc' dir='ltr'><strong>τῶν</strong></span> <span class='ocrx_word' id='word_1_574' title='bbox 686 4482 851 4535; x_wconf 67' lang='grc' dir='ltr'>πάλαι</span> <span class='ocrx_word' id='word_1_575' title='bbox 886 4482 1192 4537; x_wconf 80' lang='grc' dir='ltr'>τεθνεώτων</span> <span class='ocrx_word' id='word_1_576' title='bbox 1233 4484 1331 4547; x_wconf 71' lang='grc' dir='ltr'>τὰς</span> <span class='ocrx_word' id='word_1_577' title='bbox 1368 4484 1546 4555; x_wconf 70' lang='grc' dir='ltr'>ψυχὰς</span> <span class='ocrx_word' id='word_1_578' title='bbox 1589 4485 1858 4538; x_wconf 84' lang='grc' dir='ltr'>ἀνακαλέ-</span> 
     </span>
    </p>
   </div>
   <div class='ocr_carea' id='block_1_81' title="bbox 1967 4478 3540 4555">
    <p class='ocr_par' dir='ltr' id='par_1_81' title="bbox 1967 4478 3540 4554">
     <span class='ocr_line' id='line_1_81' title="bbox 1967 4478 3540 4554; baseline -0.003 -15"><span class='ocrx_word' id='word_1_579' title='bbox 1967 4491 2229 4547; x_wconf 90' lang='lat' dir='ltr'><strong>mortuos,</strong></span> <span class='ocrx_word' id='word_1_580' title='bbox 2272 4482 2419 4554; x_wconf 86' lang='lat' dir='ltr'><strong>leges</strong></span> <span class='ocrx_word' id='word_1_581' title='bbox 2463 4494 2590 4549; x_wconf 86' lang='lat' dir='ltr'><strong>erga</strong></span> <span class='ocrx_word' id='word_1_582' title='bbox 2644 4479 2893 4534; x_wconf 89' lang='lat' dir='ltr'><strong>homines</strong></span> <span class='ocrx_word' id='word_1_583' title='bbox 2926 4479 3213 4533; x_wconf 83' lang='lat' dir='ltr'><strong>charitatis</strong></span> <span class='ocrx_word' id='word_1_584' title='bbox 3238 4478 3416 4549; x_wconf 89' lang='lat' dir='ltr'><strong>ipsum</strong></span> <span class='ocrx_word' id='word_1_585' title='bbox 3445 4495 3540 4535; x_wconf 86' lang='lat' dir='ltr'><strong>vo-</strong></span> 
     </span>
    </p>
   </div>
   <div class='ocr_carea' id='block_1_82' title="bbox 276 4572 1858 4647">
    <p class='ocr_par' dir='ltr' id='par_1_82' title="bbox 276 4572 1858 4647">
     <span class='ocr_line' id='line_1_82' title="bbox 276 4572 1858 4647; baseline 0.03 -51"><span class='ocrx_word' id='word_1_586' title='bbox 276 4587 447 4624; x_wconf 58' lang='grc' dir='ltr'><strong>ωηο.</strong></span> <span class='ocrx_word' id='word_1_587' title='bbox 492 4573 572 4624; x_wconf 68' lang='grc' dir='ltr'><strong>δτι</strong></span> <span class='ocrx_word' id='word_1_588' title='bbox 604 4572 666 4641; x_wconf 67' lang='grc' dir='ltr'><strong>δὴ</strong></span> <span class='ocrx_word' id='word_1_589' title='bbox 694 4572 799 4625; x_wconf 65' lang='grc' dir='ltr'><strong>τῶν</strong></span> <span class='ocrx_word' id='word_1_590' title='bbox 840 4572 900 4637; x_wconf 74' lang='grc' dir='ltr'>ἐξ</span> <span class='ocrx_word' id='word_1_591' title='bbox 926 4574 1121 4637; x_wconf 80' lang='grc' dir='ltr'>αἰῶνος</span> <span class='ocrx_word' id='word_1_592' title='bbox 1158 4574 1409 4627; x_wconf 83' lang='grc' dir='ltr'>ἁπάντων</span> <span class='ocrx_word' id='word_1_593' title='bbox 1442 4573 1590 4645; x_wconf 87' lang='grc' dir='ltr'>αύτῷ</span> <span class='ocrx_word' id='word_1_594' title='bbox 1620 4575 1721 4647; x_wconf 79' lang='grc' dir='ltr'><strong>τῆς</strong></span> <span class='ocrx_word' id='word_1_595' title='bbox 1754 4592 1858 4629; x_wconf 82' lang='grc' dir='ltr'><strong>σω·</strong></span> 
     </span>
    </p>
   </div>
   <div class='ocr_carea' id='block_1_83' title="bbox 271 4663 1858 4742">
    <p class='ocr_par' dir='ltr' id='par_1_83' title="bbox 271 4663 1858 4742">
     <span class='ocr_line' id='line_1_83' title="bbox 271 4663 1858 4742; baseline 0.004 -28"><span class='ocrx_word' id='word_1_596' title='bbox 271 4664 477 4734; x_wconf 76' lang='grc' dir='ltr'>τηρίας</span> <span class='ocrx_word' id='word_1_597' title='bbox 501 4663 680 4734; x_wconf 76' lang='grc' dir='ltr'>ἔμελε,</span> <span class='ocrx_word' id='word_1_598' title='bbox 724 4665 817 4717; x_wconf 74' lang='grc' dir='ltr'><strong>καὶ</strong></span> <span class='ocrx_word' id='word_1_599' title='bbox 843 4666 990 4729; x_wconf 79' lang='grc' dir='ltr'>ὅπως</span> <span class='ocrx_word' id='word_1_600' title='bbox 1024 4666 1112 4720; x_wconf 70' lang='grc' dir='ltr'><strong>διὰ</strong></span> <span class='ocrx_word' id='word_1_601' title='bbox 1140 4666 1234 4721; x_wconf 75' lang='grc' dir='ltr'>τοῦ</span> <span class='ocrx_word' id='word_1_602' title='bbox 1266 4666 1499 4720; x_wconf 73' lang='grc' dir='ltr'>θανάτου</span> <span class='ocrx_word' id='word_1_603' title='bbox 1532 4669 1858 4742; x_wconf 77' lang='grc' dir='ltr'>καταργήσῃ</span> 
     </span>
    </p>
   </div>
   <div class='ocr_carea' id='block_1_84' title="bbox 271 4754 1854 4832">
    <p class='ocr_par' dir='ltr' id='par_1_84' title="bbox 271 4754 1854 4832">
     <span class='ocr_line' id='line_1_84' title="bbox 271 4754 1854 4832; baseline 0.003 -23"><span class='ocrx_word' id='word_1_604' title='bbox 271 4756 369 4809; x_wconf 79' lang='grc' dir='ltr'>τὸν</span> <span class='ocrx_word' id='word_1_605' title='bbox 392 4756 453 4809; x_wconf 81' lang='grc' dir='ltr'><strong>τὸ</strong></span> <span class='ocrx_word' id='word_1_606' title='bbox 481 4758 678 4828; x_wconf 80' lang='grc' dir='ltr'>κράτος</span> <span class='ocrx_word' id='word_1_607' title='bbox 701 4756 892 4827; x_wconf 78' lang='grc' dir='ltr'>ἔχοντα</span> <span class='ocrx_word' id='word_1_608' title='bbox 918 4758 1010 4810; x_wconf 77' lang='grc' dir='ltr'>τοῦ</span> <span class='ocrx_word' id='word_1_609' title='bbox 1039 4758 1290 4821; x_wconf 77' lang='grc' dir='ltr'>θανάτου,</span> <span class='ocrx_word' id='word_1_610' title='bbox 1372 4758 1439 4812; x_wconf 74' lang='grc' dir='ltr'>τὰ</span> <span class='ocrx_word' id='word_1_611' title='bbox 1468 4759 1585 4812; x_wconf 86' lang='grc' dir='ltr'>θεῖα</span> <span class='ocrx_word' id='word_1_612' title='bbox 1614 4760 1854 4813; x_wconf 83' lang='grc' dir='ltr'>παιδεύει</span> 
     </span>
    </p>
   </div>
   <div class='ocr_carea' id='block_1_85' title="bbox 274 4845 1856 4917">
    <p class='ocr_par' dir='ltr' id='par_1_85' title="bbox 274 4845 1856 4917">
     <span class='ocr_line' id='line_1_85' title="bbox 274 4845 1856 4917; baseline -0.001 -16"><span class='ocrx_word' id='word_1_613' title='bbox 274 4847 458 4915; x_wconf 75' lang='grc' dir='ltr'>λόγια.</span> <span class='ocrx_word' id='word_1_614' title='bbox 502 4848 614 4899; x_wconf 78' lang='grc' dir='ltr'><strong>Καὶ</strong></span> <span class='ocrx_word' id='word_1_615' title='bbox 649 4846 820 4900; x_wconf 74' lang='grc' dir='ltr'>ταῦτα</span> <span class='ocrx_word' id='word_1_616' title='bbox 865 4845 1024 4900; x_wconf 89' lang='grc' dir='ltr'>πάλιν</span> <span class='ocrx_word' id='word_1_617' title='bbox 1058 4846 1261 4917; x_wconf 72' lang='grc' dir='ltr'>ἀναμὶξ</span> <span class='ocrx_word' id='word_1_618' title='bbox 1303 4845 1466 4917; x_wconf 71' lang='grc' dir='ltr'>ὑπῄει</span> <span class='ocrx_word' id='word_1_619' title='bbox 1512 4847 1611 4917; x_wconf 79' lang='grc' dir='ltr'><strong>τὴν</strong></span> <span class='ocrx_word' id='word_1_620' title='bbox 1655 4848 1856 4899; x_wconf 74' lang='grc' dir='ltr'>οἰκονο-</span> 
     </span>
    </p>
   </div>
   <div class='ocr_carea' id='block_1_86' title="bbox 278 4939 1855 5012">
    <p class='ocr_par' dir='ltr' id='par_1_86' title="bbox 278 4939 1855 5012">
     <span class='ocr_line' id='line_1_86' title="bbox 278 4939 1855 5012; baseline -0.001 -19"><span class='ocrx_word' id='word_1_621' title='bbox 278 4941 407 5012; x_wconf 73' lang='grc' dir='ltr'>μίαν</span> <span class='ocrx_word' id='word_1_622' title='bbox 439 4940 513 5004; x_wconf 84' lang='grc' dir='ltr'>ὡς</span> <span class='ocrx_word' id='word_1_623' title='bbox 553 4941 650 5011; x_wconf 78' lang='grc' dir='ltr'>μὲν</span> <span class='ocrx_word' id='word_1_624' title='bbox 693 4939 996 5011; x_wconf 79' lang='grc' dir='ltr'>ἄνθρωπος,</span> <span class='ocrx_word' id='word_1_625' title='bbox 1042 4940 1103 4991; x_wconf 82' lang='grc' dir='ltr'>τὸ</span> <span class='ocrx_word' id='word_1_626' title='bbox 1133 4939 1291 5010; x_wconf 82' lang='grc' dir='ltr'>σῶμα</span> <span class='ocrx_word' id='word_1_627' title='bbox 1324 4941 1390 5009; x_wconf 82' lang='grc' dir='ltr'>τῇ</span> <span class='ocrx_word' id='word_1_628' title='bbox 1428 4939 1645 5011; x_wconf 80' lang='grc' dir='ltr'>συνήθει</span> <span class='ocrx_word' id='word_1_629' title='bbox 1677 4953 1855 5010; x_wconf 84' lang='grc' dir='ltr'>παρα-</span> 
     </span>
    </p>
   </div>
   <div class='ocr_carea' id='block_1_87' title="bbox 275 5029 1852 5105">
    <p class='ocr_par' dir='ltr' id='par_1_87' title="bbox 275 5029 1852 5105">
     <span class='ocr_line' id='line_1_87' title="bbox 275 5029 1852 5105; baseline -0.002 -20"><span class='ocrx_word' id='word_1_630' title='bbox 275 5032 472 5105; x_wconf 77' lang='grc' dir='ltr'>χωρῶν</span> <span class='ocrx_word' id='word_1_631' title='bbox 506 5036 671 5105; x_wconf 75' lang='grc' dir='ltr'>ταφῇ,</span> <span class='ocrx_word' id='word_1_632' title='bbox 702 5033 999 5105; x_wconf 83' lang='grc' dir='ltr'>ἀναχωρῶν</span> <span class='ocrx_word' id='word_1_633' title='bbox 1033 5032 1089 5085; x_wconf 79' lang='grc' dir='ltr'>δὲ</span> <span class='ocrx_word' id='word_1_634' title='bbox 1121 5029 1284 5085; x_wconf 81' lang='grc' dir='ltr'>αὑτοῦ</span> <span class='ocrx_word' id='word_1_635' title='bbox 1310 5030 1386 5093; x_wconf 85' lang='grc' dir='ltr'>ὡς</span> <span class='ocrx_word' id='word_1_636' title='bbox 1415 5029 1565 5094; x_wconf 73' lang='grc' dir='ltr'>Θεὸς.</span> <span class='ocrx_word' id='word_1_637' title='bbox 1592 5031 1852 5100; x_wconf 72' lang='grc' dir='ltr'>Φωνήσας</span> 
     </span>
    </p>
   </div>
   <div class='ocr_carea' id='block_1_88' title="bbox 275 5121 1853 5197">
    <p class='ocr_par' dir='ltr' id='par_1_88' title="bbox 275 5121 1853 5197">
     <span class='ocr_line' id='line_1_88' title="bbox 275 5121 1853 5197; baseline -0.001 -20"><span class='ocrx_word' id='word_1_638' title='bbox 275 5126 408 5193; x_wconf 70' lang='grc' dir='ltr'>γοῦν</span> <span class='ocrx_word' id='word_1_639' title='bbox 482 5125 644 5197; x_wconf 78' lang='grc' dir='ltr'>μέγα,</span> <span class='ocrx_word' id='word_1_640' title='bbox 704 5127 798 5180; x_wconf 61' lang='grc' dir='ltr'><strong>καῖ’⁸</strong></span> <span class='ocrx_word' id='word_1_641' title='bbox 865 5125 944 5195; x_wconf 79' lang='grc' dir='ltr'><strong>τῷ</strong></span> <span class='ocrx_word' id='word_1_642' title='bbox 1008 5124 1204 5197; x_wconf 74' lang='grc' dir='ltr'>Πατρὶ,</span> <span class='ocrx_word' id='word_1_643' title='bbox 1268 5143 1286 5175; x_wconf 78' lang='grc' dir='ltr'><strong>ι</strong></span> <span class='ocrx_word' id='word_1_644' title='bbox 1361 5122 1739 5194; x_wconf 84' lang='grc' dir='ltr'>Παρατίθεμαι</span> <span class='ocrx_word' id='word_1_645' title='bbox 1791 5121 1853 5175; x_wconf 78' lang='grc' dir='ltr'><strong>τὸ</strong></span> 
     </span>
    </p>
   </div>
   <div class='ocr_carea' id='block_1_89' title="bbox 275 5213 1848 5288">
    <p class='ocr_par' dir='ltr' id='par_1_89' title="bbox 275 5213 1848 5288">
     <span class='ocr_line' id='line_1_89' title="bbox 275 5213 1848 5288; baseline -0.003 -18"><span class='ocrx_word' id='word_1_646' title='bbox 275 5216 516 5287; x_wconf 74' lang='grc' dir='ltr'>πνεῦμα,</span> <span class='ocrx_word' id='word_1_647' title='bbox 572 5236 591 5268; x_wconf 75' lang='grc' dir='ltr'><strong>ι</strong></span> <span class='ocrx_word' id='word_1_648' title='bbox 632 5216 830 5279; x_wconf 80' lang='grc' dir='ltr'>εἰπὼν,</span> <span class='ocrx_word' id='word_1_649' title='bbox 866 5216 1065 5287; x_wconf 71' lang='grc' dir='ltr'>ἄφετος</span> <span class='ocrx_word' id='word_1_650' title='bbox 1113 5215 1378 5288; x_wconf 82' lang='grc' dir='ltr'>ἀνεχώρει</span> <span class='ocrx_word' id='word_1_651' title='bbox 1427 5215 1521 5269; x_wconf 76' lang='grc' dir='ltr'>τοῦ</span> <span class='ocrx_word' id='word_1_652' title='bbox 1561 5213 1809 5285; x_wconf 86' lang='grc' dir='ltr'>σώματος</span> <span class='ocrx_word' id='word_1_653' title='bbox 1834 5231 1848 5243; x_wconf 90' lang='grc'><strong>·</strong></span> 
     </span>
    </p>
   </div>
   <div class='ocr_carea' id='block_1_90' title="bbox 273 5306 1847 5381">
    <p class='ocr_par' dir='ltr' id='par_1_90' title="bbox 273 5306 1847 5381">
     <span class='ocr_line' id='line_1_90' title="bbox 273 5306 1847 5381; baseline -0.001 -21"><span class='ocrx_word' id='word_1_654' title='bbox 273 5307 529 5378; x_wconf 74' lang='grc' dir='ltr'>οὐδαμῶς</span> <span class='ocrx_word' id='word_1_655' title='bbox 576 5310 898 5381; x_wconf 80' lang='grc' dir='ltr'>περιμείνας</span> <span class='ocrx_word' id='word_1_656' title='bbox 941 5312 1221 5381; x_wconf 81' lang='grc' dir='ltr'>προσεῖναι</span> <span class='ocrx_word' id='word_1_657' title='bbox 1260 5307 1411 5379; x_wconf 82' lang='grc' dir='ltr'>αὐτῷ</span> <span class='ocrx_word' id='word_1_658' title='bbox 1461 5308 1551 5360; x_wconf 80' lang='grc' dir='ltr'>τὸν</span> <span class='ocrx_word' id='word_1_659' title='bbox 1598 5306 1847 5368; x_wconf 87' lang='grc' dir='ltr'>θάνατον,</span> 
     </span>
    </p>
   </div>
   <div class='ocr_carea' id='block_1_91' title="bbox 278 5394 1850 5469">
    <p class='ocr_par' dir='ltr' id='par_1_91' title="bbox 278 5394 1850 5469">
     <span class='ocr_line' id='line_1_91' title="bbox 278 5394 1850 5469; baseline -0.001 -21"><span class='ocrx_word' id='word_1_660' title='bbox 278 5397 540 5467; x_wconf 72' lang='grc' dir='ltr'>μέλλοντα</span> <span class='ocrx_word' id='word_1_661' title='bbox 570 5396 628 5449; x_wconf 83' lang='grc' dir='ltr'>δὲ</span> <span class='ocrx_word' id='word_1_662' title='bbox 661 5398 755 5451; x_wconf 73' lang='grc' dir='ltr'><strong>καὶ</strong></span> <span class='ocrx_word' id='word_1_663' title='bbox 783 5397 971 5469; x_wconf 83' lang='grc' dir='ltr'>ὥσπερ</span> <span class='ocrx_word' id='word_1_664' title='bbox 1004 5397 1345 5453; x_wconf 84' lang='grc' dir='ltr'>ἀποκνοῦντα</span> <span class='ocrx_word' id='word_1_665' title='bbox 1365 5440 1379 5462; x_wconf 93' lang='grc'><strong>,</strong></span> <span class='ocrx_word' id='word_1_666' title='bbox 1412 5396 1610 5468; x_wconf 75' lang='grc' dir='ltr'>μᾶλλον</span> <span class='ocrx_word' id='word_1_667' title='bbox 1646 5394 1704 5448; x_wconf 72' lang='grc' dir='ltr'>δὲ</span> <span class='ocrx_word' id='word_1_668' title='bbox 1746 5395 1850 5448; x_wconf 81' lang='grc' dir='ltr'><strong>ὑπὸ</strong></span> 
     </span>
    </p>
   </div>
   <div class='ocr_carea' id='block_1_92' title="bbox 274 5487 1851 5561">
    <p class='ocr_par' dir='ltr' id='par_1_92' title="bbox 274 5487 1851 5561">
     <span class='ocr_line' id='line_1_92' title="bbox 274 5487 1851 5561; baseline 0.001 -21"><span class='ocrx_word' id='word_1_669' title='bbox 274 5487 417 5541; x_wconf 71' lang='grc' dir='ltr'>πόδα</span> <span class='ocrx_word' id='word_1_670' title='bbox 440 5488 720 5560; x_wconf 76' lang='grc' dir='ltr'>χωροῦντα</span> <span class='ocrx_word' id='word_1_671' title='bbox 751 5490 845 5543; x_wconf 90' lang='grc' dir='ltr'><strong>καί</strong></span> <span class='ocrx_word' id='word_1_672' title='bbox 874 5491 1272 5561; x_wconf 74' lang='grc' dir='ltr'>ἀποφεύγοντα,</span> <span class='ocrx_word' id='word_1_673' title='bbox 1300 5488 1508 5544; x_wconf 84' lang='grc' dir='ltr'>διώκων</span> <span class='ocrx_word' id='word_1_674' title='bbox 1549 5489 1708 5552; x_wconf 77' lang='grc' dir='ltr'>αὐτὸς</span> <span class='ocrx_word' id='word_1_675' title='bbox 1736 5489 1851 5542; x_wconf 73' lang='grc' dir='ltr'>ὑπι-</span> 
     </span>
    </p>
   </div>
   <div class='ocr_carea' id='block_1_93' title="bbox 274 5580 1850 5651">
    <p class='ocr_par' dir='ltr' id='par_1_93' title="bbox 274 5580 1850 5651">
     <span class='ocr_line' id='line_1_93' title="bbox 274 5580 1850 5651; baseline 0 -16"><span class='ocrx_word' id='word_1_676' title='bbox 274 5581 405 5635; x_wconf 82' lang='grc' dir='ltr'>σθεν</span> <span class='ocrx_word' id='word_1_677' title='bbox 436 5583 529 5635; x_wconf 81' lang='grc' dir='ltr'><strong>καὶ</strong></span> <span class='ocrx_word' id='word_1_678' title='bbox 561 5581 822 5647; x_wconf 87' lang='grc' dir='ltr'>ἐλαύνων,</span> <span class='ocrx_word' id='word_1_679' title='bbox 855 5582 951 5647; x_wconf 87' lang='grc' dir='ltr'><strong>τάς</strong></span> <span class='ocrx_word' id='word_1_680' title='bbox 991 5600 1050 5637; x_wconf 89' lang='grc' dir='ltr'><strong>τε</strong></span> <span class='ocrx_word' id='word_1_681' title='bbox 1078 5582 1136 5651; x_wconf 82' lang='grc' dir='ltr'>ἐξ</span> <span class='ocrx_word' id='word_1_682' title='bbox 1163 5583 1356 5647; x_wconf 76' lang='grc' dir='ltr'>αἰῶνος</span> <span class='ocrx_word' id='word_1_683' title='bbox 1387 5582 1562 5647; x_wconf 87' lang='grc' dir='ltr'>πύλας</span> <span class='ocrx_word' id='word_1_684' title='bbox 1596 5580 1706 5636; x_wconf 82' lang='grc' dir='ltr'>τῶν</span> <span class='ocrx_word' id='word_1_685' title='bbox 1732 5597 1850 5635; x_wconf 82' lang='grc' dir='ltr'>σκο-</span> 
     </span>
    </p>
   </div>
   <div class='ocr_carea' id='block_1_94' title="bbox 340 5731 850 5802">
    <p class='ocr_par' dir='ltr' id='par_1_94' title="bbox 340 5731 850 5802">
     <span class='ocr_line' id='line_1_94' title="bbox 340 5731 850 5802; baseline -0.002 -13"><span class='ocrx_word' id='word_1_686' title='bbox 340 5732 370 5766; x_wconf 85' lang='grc'><strong>⁹</strong></span> <span class='ocrx_word' id='word_1_687' title='bbox 394 5731 532 5791; x_wconf 76' lang='lat' dir='ltr'><strong>Luc.</strong></span> <span class='ocrx_word' id='word_1_688' title='bbox 572 5749 735 5802; x_wconf 81' lang='lat' dir='ltr'><strong>mn,</strong></span> <span class='ocrx_word' id='word_1_689' title='bbox 761 5733 850 5791; x_wconf 75' lang='grc' dir='ltr'>ιθ.</span> 
     </span>
    </p>
   </div>
   <div class='ocr_carea' id='block_1_95' title="bbox 1957 4569 3535 4641">
    <p class='ocr_par' dir='ltr' id='par_1_95' title="bbox 1957 4569 3535 4641">
     <span class='ocr_line' id='line_1_95' title="bbox 1957 4569 3535 4641; baseline -0.003 -12"><span class='ocrx_word' id='word_1_690' title='bbox 1957 4575 2175 4638; x_wconf 89' lang='lat' dir='ltr'><strong>cabant,</strong></span> <span class='ocrx_word' id='word_1_691' title='bbox 2216 4580 2275 4628; x_wconf 89' lang='lat' dir='ltr'><strong>ut</strong></span> <span class='ocrx_word' id='word_1_692' title='bbox 2304 4588 2492 4628; x_wconf 91' lang='lat' dir='ltr'><strong>eorum</strong></span> <span class='ocrx_word' id='word_1_693' title='bbox 2530 4585 2769 4641; x_wconf 88' lang='lat' dir='ltr'><strong>quoque,</strong></span> <span class='ocrx_word' id='word_1_694' title='bbox 2797 4569 2890 4639; x_wconf 82' lang='lat' dir='ltr'><strong>qui</strong></span> <span class='ocrx_word' id='word_1_695' title='bbox 2933 4580 3090 4624; x_wconf 85' lang='lat' dir='ltr'><strong>antea</strong></span> <span class='ocrx_word' id='word_1_696' title='bbox 3123 4570 3322 4623; x_wconf 89' lang='lat' dir='ltr'><strong>mortui</strong></span> <span class='ocrx_word' id='word_1_697' title='bbox 3357 4577 3535 4636; x_wconf 86' lang='lat' dir='ltr'><strong>erant,</strong></span> 
     </span>
    </p>
   </div>
   <div class='ocr_carea' id='block_1_96' title="bbox 1957 4659 3539 4730">
    <p class='ocr_par' dir='ltr' id='par_1_96' title="bbox 1957 4659 3539 4730">
     <span class='ocr_line' id='line_1_96' title="bbox 1957 4659 3539 4730; baseline -0.002 -13"><span class='ocrx_word' id='word_1_698' title='bbox 1957 4665 2170 4718; x_wconf 90' lang='lat' dir='ltr'><strong>animas</strong></span> <span class='ocrx_word' id='word_1_699' title='bbox 2199 4668 2519 4717; x_wconf 87' lang='lat' dir='ltr'><strong>revocaret:</strong></span> <span class='ocrx_word' id='word_1_700' title='bbox 2548 4659 2989 4730; x_wconf 84' lang='lat' dir='ltr'><strong>quandoquidem</strong></span> <span class='ocrx_word' id='word_1_701' title='bbox 3024 4660 3269 4713; x_wconf 89' lang='lat' dir='ltr'><strong>omnium</strong></span> <span class='ocrx_word' id='word_1_702' title='bbox 3305 4659 3539 4729; x_wconf 86' lang='lat' dir='ltr'><strong>quicun-</strong></span> 
     </span>
    </p>
   </div>
   <div class='ocr_carea' id='block_1_97' title="bbox 1954 4751 3535 4831">
    <p class='ocr_par' dir='ltr' id='par_1_97' title="bbox 1954 4751 3535 4831">
     <span class='ocr_line' id='line_1_97' title="bbox 1954 4751 3535 4831; baseline -0.003 -22"><span class='ocrx_word' id='word_1_703' title='bbox 1954 4772 2061 4826; x_wconf 91' lang='lat' dir='ltr'><strong>que</strong></span> <span class='ocrx_word' id='word_1_704' title='bbox 2083 4771 2113 4809; x_wconf 91' lang='lat' dir='ltr'><strong>a</strong></span> <span class='ocrx_word' id='word_1_705' title='bbox 2143 4754 2363 4811; x_wconf 87' lang='lat' dir='ltr'><strong>condito</strong></span> <span class='ocrx_word' id='word_1_706' title='bbox 2394 4767 2510 4807; x_wconf 68' lang='lat' dir='ltr'><strong>aevo</strong></span> <span class='ocrx_word' id='word_1_707' title='bbox 2546 4751 2805 4831; x_wconf 79' lang='lat' dir='ltr'><strong>fuissent,</strong></span> <span class='ocrx_word' id='word_1_708' title='bbox 2834 4752 3066 4806; x_wconf 89' lang='lat' dir='ltr'><strong>salutem</strong></span> <span class='ocrx_word' id='word_1_709' title='bbox 3103 4754 3219 4822; x_wconf 87' lang='lat' dir='ltr'><strong>ipse</strong></span> <span class='ocrx_word' id='word_1_710' title='bbox 3257 4751 3482 4804; x_wconf 87' lang='lat' dir='ltr'><strong>curabat</strong></span> <span class='ocrx_word' id='word_1_711' title='bbox 3518 4765 3535 4804; x_wconf 91' lang='lat'><strong>:</strong></span> 
     </span>
    </p>
   </div>
   <div class='ocr_carea' id='block_1_98' title="bbox 1954 4841 3534 4912">
    <p class='ocr_par' dir='ltr' id='par_1_98' title="bbox 1954 4841 3534 4912">
     <span class='ocr_line' id='line_1_98' title="bbox 1954 4841 3534 4912; baseline -0.005 -11"><span class='ocrx_word' id='word_1_712' title='bbox 1954 4862 2189 4911; x_wconf 91' lang='lat' dir='ltr'><strong>necnon,</strong></span> <span class='ocrx_word' id='word_1_713' title='bbox 2222 4855 2281 4900; x_wconf 91' lang='lat' dir='ltr'><strong>ut</strong></span> <span class='ocrx_word' id='word_1_714' title='bbox 2325 4859 2426 4900; x_wconf 84' lang='lat' dir='ltr'><strong>sua</strong></span> <span class='ocrx_word' id='word_1_715' title='bbox 2462 4854 2635 4898; x_wconf 88' lang='lat' dir='ltr'><strong>morte</strong></span> <span class='ocrx_word' id='word_1_716' title='bbox 2674 4842 2880 4898; x_wconf 86' lang='lat' dir='ltr'><strong>deleret</strong></span> <span class='ocrx_word' id='word_1_717' title='bbox 2913 4858 3060 4907; x_wconf 90' lang='lat' dir='ltr'><strong>eum,</strong></span> <span class='ocrx_word' id='word_1_718' title='bbox 3100 4842 3193 4912; x_wconf 87' lang='lat' dir='ltr'><strong>qui</strong></span> <span class='ocrx_word' id='word_1_719' title='bbox 3244 4841 3534 4912; x_wconf 86' lang='lat' dir='ltr'><strong>imperium</strong></span> 
     </span>
    </p>
   </div>
   <div class='ocr_carea' id='block_1_99' title="bbox 1953 4933 3539 5006">
    <p class='ocr_par' dir='ltr' id='par_1_99' title="bbox 1953 4933 3539 5006">
     <span class='ocr_line' id='line_1_99' title="bbox 1953 4933 3539 5006; baseline -0.006 -12"><span class='ocrx_word' id='word_1_720' title='bbox 1953 4939 2146 4994; x_wconf 88' lang='lat' dir='ltr'><strong>mortis</strong></span> <span class='ocrx_word' id='word_1_721' title='bbox 2180 4938 2433 5002; x_wconf 85' lang='lat' dir='ltr'><strong>habebat,</strong></span> <span class='ocrx_word' id='word_1_722' title='bbox 2492 4935 2947 5006; x_wconf 87' lang='lat' dir='ltr'><strong>quemadmodum</strong></span> <span class='ocrx_word' id='word_1_723' title='bbox 2979 4934 3161 4989; x_wconf 87' lang='lat' dir='ltr'><strong>divina</strong></span> <span class='ocrx_word' id='word_1_724' title='bbox 3185 4933 3381 4987; x_wconf 86' lang='lat' dir='ltr'><strong>docent</strong></span> <span class='ocrx_word' id='word_1_725' title='bbox 3412 4947 3539 4985; x_wconf 84' lang='lat' dir='ltr'><strong>ora-</strong></span> 
     </span>
    </p>
   </div>
   <div class='ocr_carea' id='block_1_100' title="bbox 1955 5024 3534 5100">
    <p class='ocr_par' dir='ltr' id='par_1_100' title="bbox 1955 5024 3534 5100">
     <span class='ocr_line' id='line_1_100' title="bbox 1955 5024 3534 5100; baseline -0.004 -16"><span class='ocrx_word' id='word_1_726' title='bbox 1955 5031 2099 5084; x_wconf 85' lang='lat' dir='ltr'><strong>cula.</strong></span> <span class='ocrx_word' id='word_1_727' title='bbox 2130 5028 2309 5100; x_wconf 86' lang='lat' dir='ltr'><strong>Atque</strong></span> <span class='ocrx_word' id='word_1_728' title='bbox 2353 5029 2407 5082; x_wconf 91' lang='lat' dir='ltr'><strong>in</strong></span> <span class='ocrx_word' id='word_1_729' title='bbox 2440 5027 2545 5082; x_wconf 86' lang='lat' dir='ltr'><strong>hoc</strong></span> <span class='ocrx_word' id='word_1_730' title='bbox 2580 5043 2800 5098; x_wconf 84' lang='lat' dir='ltr'><strong>quoque</strong></span> <span class='ocrx_word' id='word_1_731' title='bbox 2838 5026 3152 5097; x_wconf 89' lang='lat' dir='ltr'><strong>promiscue</strong></span> <span class='ocrx_word' id='word_1_732' title='bbox 3191 5038 3386 5077; x_wconf 87' lang='lat' dir='ltr'><strong>rursus</strong></span> <span class='ocrx_word' id='word_1_733' title='bbox 3418 5024 3534 5078; x_wconf 79' lang='lat' dir='ltr'><strong>dis-</strong></span> 
     </span>
    </p>
   </div>
   <div class='ocr_carea' id='block_1_101' title="bbox 1955 5115 3537 5192">
    <p class='ocr_par' dir='ltr' id='par_1_101' title="bbox 1955 5115 3537 5192">
     <span class='ocr_line' id='line_1_101' title="bbox 1955 5115 3537 5192; baseline -0.004 -16"><span class='ocrx_word' id='word_1_734' title='bbox 1955 5122 2327 5192; x_wconf 84' lang='lat' dir='ltr'><strong>pensationem</strong></span> <span class='ocrx_word' id='word_1_735' title='bbox 2368 5120 2537 5173; x_wconf 90' lang='lat' dir='ltr'><strong>obivit</strong></span> <span class='ocrx_word' id='word_1_736' title='bbox 2567 5141 2582 5175; x_wconf 86' lang='lat'><strong>;</strong></span> <span class='ocrx_word' id='word_1_737' title='bbox 2618 5121 2840 5190; x_wconf 88' lang='lat' dir='ltr'><strong>quippe,</strong></span> <span class='ocrx_word' id='word_1_738' title='bbox 2886 5118 2977 5188; x_wconf 87' lang='lat' dir='ltr'><strong>qui</strong></span> <span class='ocrx_word' id='word_1_739' title='bbox 3063 5125 3321 5187; x_wconf 87' lang='lat' dir='ltr'><strong>tanquam</strong></span> <span class='ocrx_word' id='word_1_740' title='bbox 3372 5115 3537 5169; x_wconf 89' lang='lat' dir='ltr'><strong>homo</strong></span> 
     </span>
    </p>
   </div>
   <div class='ocr_carea' id='block_1_102' title="bbox 1952 5207 3532 5283">
    <p class='ocr_par' dir='ltr' id='par_1_102' title="bbox 1952 5207 3532 5283">
     <span class='ocr_line' id='line_1_102' title="bbox 1952 5207 3532 5283; baseline -0.006 -15"><span class='ocrx_word' id='word_1_741' title='bbox 1952 5229 2154 5283; x_wconf 88' lang='lat' dir='ltr'><strong>corpus</strong></span> <span class='ocrx_word' id='word_1_742' title='bbox 2188 5214 2255 5267; x_wconf 88' lang='lat' dir='ltr'><strong>de</strong></span> <span class='ocrx_word' id='word_1_743' title='bbox 2296 5221 2471 5267; x_wconf 88' lang='lat' dir='ltr'><strong>morte</strong></span> <span class='ocrx_word' id='word_1_744' title='bbox 2507 5211 2875 5279; x_wconf 84' lang='lat' dir='ltr'><strong>sepeliendum</strong></span> <span class='ocrx_word' id='word_1_745' title='bbox 2913 5209 3216 5279; x_wconf 88' lang='lat' dir='ltr'><strong>reliquerit,</strong></span> <span class='ocrx_word' id='word_1_746' title='bbox 3241 5208 3310 5262; x_wconf 88' lang='lat' dir='ltr'><strong>ab</strong></span> <span class='ocrx_word' id='word_1_747' title='bbox 3340 5207 3532 5262; x_wconf 89' lang='lat' dir='ltr'><strong>eodem</strong></span> 
     </span>
    </p>
   </div>
   <div class='ocr_carea' id='block_1_103' title="bbox 1950 5289 3534 5374">
    <p class='ocr_par' dir='ltr' id='par_1_103' title="bbox 1950 5289 3534 5374">
     <span class='ocr_line' id='line_1_103' title="bbox 1950 5289 3534 5374; baseline -0.004 -15"><span class='ocrx_word' id='word_1_748' title='bbox 1950 5320 2082 5359; x_wconf 89' lang='lat' dir='ltr'><strong>vero</strong></span> <span class='ocrx_word' id='word_1_749' title='bbox 2111 5320 2341 5374; x_wconf 87' lang='lat' dir='ltr'><strong>corpore</strong></span> <span class='ocrx_word' id='word_1_750' title='bbox 2378 5289 2638 5374; x_wconf 85' lang='lat' dir='ltr'><strong>tanquam</strong></span> <span class='ocrx_word' id='word_1_751' title='bbox 2677 5301 2820 5356; x_wconf 89' lang='lat' dir='ltr'><strong>Deus</strong></span> <span class='ocrx_word' id='word_1_752' title='bbox 2851 5302 3187 5356; x_wconf 84' lang='lat' dir='ltr'><strong>discesserit.</strong></span> <span class='ocrx_word' id='word_1_753' title='bbox 3221 5297 3355 5355; x_wconf 88' lang='lat' dir='ltr'><strong>Cum</strong></span> <span class='ocrx_word' id='word_1_754' title='bbox 3381 5298 3534 5354; x_wconf 86' lang='lat' dir='ltr'><strong>enim</strong></span> 
     </span>
    </p>
   </div>
   <div class='ocr_carea' id='block_1_104' title="bbox 1951 5389 3531 5455">
    <p class='ocr_par' dir='ltr' id='par_1_104' title="bbox 1951 5389 3531 5455">
     <span class='ocr_line' id='line_1_104' title="bbox 1951 5389 3531 5455; baseline -0.004 -8"><span class='ocrx_word' id='word_1_755' title='bbox 1951 5396 2116 5450; x_wconf 87' lang='lat' dir='ltr'><strong>altius</strong></span> <span class='ocrx_word' id='word_1_756' title='bbox 2163 5410 2353 5448; x_wconf 78' lang='lat' dir='ltr'><strong>vocem</strong></span> <span class='ocrx_word' id='word_1_757' title='bbox 2400 5395 2696 5455; x_wconf 87' lang='lat' dir='ltr'><strong>emisisset,</strong></span> <span class='ocrx_word' id='word_1_758' title='bbox 2732 5400 2787 5445; x_wconf 93' lang='lat' dir='ltr'><strong>et</strong></span> <span class='ocrx_word' id='word_1_759' title='bbox 2837 5389 2979 5444; x_wconf 88' lang='lat' dir='ltr'><strong>Patri</strong></span> <span class='ocrx_word' id='word_1_760' title='bbox 3026 5391 3279 5453; x_wconf 83' lang='lat' dir='ltr'><strong>dixisset,</strong></span> <span class='ocrx_word' id='word_1_761' title='bbox 3322 5408 3341 5441; x_wconf 78' lang='grc' dir='ltr'><strong>ι</strong></span> <span class='ocrx_word' id='word_1_762' title='bbox 3376 5403 3531 5443; x_wconf 82' lang='lat' dir='ltr'><strong>com-</strong></span> 
     </span>
    </p>
   </div>
   <div class='ocr_carea' id='block_1_105' title="bbox 1952 5476 3529 5555">
    <p class='ocr_par' dir='ltr' id='par_1_105' title="bbox 1952 5476 3529 5555">
     <span class='ocr_line' id='line_1_105' title="bbox 1952 5476 3529 5555; baseline -0.006 -16"><span class='ocrx_word' id='word_1_763' title='bbox 1952 5484 2149 5540; x_wconf 91' lang='lat' dir='ltr'><strong>mendo</strong></span> <span class='ocrx_word' id='word_1_764' title='bbox 2183 5483 2494 5555; x_wconf 84' lang='lat' dir='ltr'><strong>spiritum’,</strong></span> <span class='ocrx_word' id='word_1_765' title='bbox 2525 5501 2544 5534; x_wconf 73' lang='grc' dir='ltr'><strong>ι</strong></span> <span class='ocrx_word' id='word_1_766' title='bbox 2571 5482 2785 5536; x_wconf 89' lang='lat' dir='ltr'><strong>solutus</strong></span> <span class='ocrx_word' id='word_1_767' title='bbox 2814 5495 2843 5535; x_wconf 91' lang='lat' dir='ltr'><strong>a</strong></span> <span class='ocrx_word' id='word_1_768' title='bbox 2876 5494 3106 5550; x_wconf 88' lang='lat' dir='ltr'><strong>corpore</strong></span> <span class='ocrx_word' id='word_1_769' title='bbox 3133 5479 3267 5533; x_wconf 84' lang='lat' dir='ltr'><strong>abiit</strong></span> <span class='ocrx_word' id='word_1_770' title='bbox 3294 5494 3307 5531; x_wconf 90' lang='lat'><strong>:</strong></span> <span class='ocrx_word' id='word_1_771' title='bbox 3346 5476 3529 5533; x_wconf 72' lang='lat' dir='ltr'><strong>neuti-</strong></span> 
     </span>
    </p>
   </div>
   <div class='ocr_carea' id='block_1_106' title="bbox 1948 5569 3532 5647">
    <p class='ocr_par' dir='ltr' id='par_1_106' title="bbox 1948 5569 3532 5647">
     <span class='ocr_line' id='line_1_106' title="bbox 1948 5569 3532 5647; baseline -0.003 -17"><span class='ocrx_word' id='word_1_772' title='bbox 1948 5592 2110 5647; x_wconf 88' lang='lat' dir='ltr'><strong>quam</strong></span> <span class='ocrx_word' id='word_1_773' title='bbox 2133 5585 2457 5647; x_wconf 80' lang='lat' dir='ltr'><strong>exspectans</strong></span> <span class='ocrx_word' id='word_1_774' title='bbox 2478 5574 2606 5630; x_wconf 89' lang='lat' dir='ltr'><strong>dum</strong></span> <span class='ocrx_word' id='word_1_775' title='bbox 2636 5588 2784 5629; x_wconf 90' lang='lat' dir='ltr'><strong>mors</strong></span> <span class='ocrx_word' id='word_1_776' title='bbox 2810 5572 2876 5628; x_wconf 90' lang='lat' dir='ltr'><strong>ad</strong></span> <span class='ocrx_word' id='word_1_777' title='bbox 2902 5573 3079 5645; x_wconf 89' lang='lat' dir='ltr'><strong>ipsum</strong></span> <span class='ocrx_word' id='word_1_778' title='bbox 3110 5571 3412 5636; x_wconf 89' lang='lat' dir='ltr'><strong>accederet,</strong></span> <span class='ocrx_word' id='word_1_779' title='bbox 3432 5569 3532 5626; x_wconf 78' lang='lat' dir='ltr'><strong>sed</strong></span> 
     </span>
    </p>
   </div>
  </div>
