4120 6420
533 343 643 402 285

1208 344 1481 401 EUSEBII
1509 345 1995 403 C£SABIENSIS
2030 347 2122 404 ΟΡ

2222 346 2420 404 PARS.
2464 348 2506 403 I.
2545 376 2616 389 —
2646 345 3147 404 APOLOGETICA.

3676 349 3786 406 28$

537 462 685 515 illam
730 467 1074 516 cunctantem
1125 475 1188 515 ac
1238 461 1404 517 veluti
1453 472 1783 527 cessantem,
1818 479 1883 518 ac
1927 464 2111 535 potius

2222 464 2341 517 τίων
2371 463 2557 535 μυχῶν
2583 462 2935 535 διαρῤηγνὺς,
2957 464 3051 518 καὶ
3076 467 3189 527 τοῖς
3212 462 3400 518 αύτόθι
3427 466 3643 536 νεκροῖς
3671 483 3789 520 σει-

536 552 918 621 conjicientem
952 552 1083 606 sein
1112 551 1279 622 pedes
1299 559 1354 607 et
1383 551 1723 622 fugitantem,
1752 554 1869 624 ipse
1898 571 1927 609 a
1957 563 2109 626 tergo

536 642 831 709 insequens
859 649 1023 711 atque
1061 642 1364 712 impellens,
1397 652 1738 714 aaternasque
1781 646 2110 701 abditiorum

537 734 886 787 tenebrarum
929 744 1115 803 portas
1139 734 1469 805 refringens,
1503 747 1557 791 et
1599 737 1830 794 mortuis
1864 738 1956 808 qui
2001 740 2113 794 illic

538 825 748 879 catenis
779 829 974 880 mortis
1020 828 1270 896 impliciti
1300 836 1479 892 erant,
1514 830 1792 885 remeandi
1843 830 1911 884 ad
1947 832 2112 886 vitam

538 914 643 969 iter
691 924 994 972 retrorsum
1038 919 1315 989 aperiens.
1367 919 1480 975 llac
1522 936 1654 977 sane
1681 922 1896 978 ratione
1942 924 2117 993 ipsius

535 1008 703 1062 (tiam
731 1024 933 1080 corpus
963 1021 1237 1066 mortuum
1262 1014 1558 1068 excitatum
1583 1022 1687 1079 est,
1712 1025 1767 1070 et
1790 1017 1958 1069 multa
1990 1032 2116 1071 cor-

541 1116 673 1170 pora
719 1119 932 1166 eorum,
964 1107 1055 1175 qui
1095 1105 1430 1160 dormierant
1473 1116 1813 1174 sanctorum,
1863 1124 2116 1165 surrexe.

538 1204 666 1247 runt
699 1213 713 1249 :
756 1212 972 1267 unaque
1004 1214 1128 1252 cum
1159 1200 1278 1269 ipso
1302 1202 1356 1255 in
1402 1210 1650 1256 sanctam
1683 1218 1748 1257 ac
1787 1218 1913 1258 vere
1945 1205 2115 1258 carie-

541 1296 679 1340 stem
720 1290 997 1345 civitatem
1028 1292 1277 1363 ingressa
1314 1302 1464 1356 sunt,
1495 1307 1555 1351 ut
1596 1299 1791 1352 merito
1820 1313 1883 1353 ex
1927 1299 2031 1352 hac
2061 1298 2115 1353 in

540 1376 717 1431 sacris
755 1376 979 1435 Litteris
1021 1380 1229 1436 dictum
1263 1384 1375 1440 sit:
1413 1403 1432 1437 ι
1468 1386 1762 1457 Absorpsit
1805 1403 1954 1444 mors
1997 1405 2118 1458 quae

542 1466 847 1523 inv-aluerat
872 1471 936 1524 ιθ.
975 1492 994 1525 ι
1027 1472 1090 1527 Et
1120 1490 1316 1531 rursus
1345 1496 1357 1531 :
1401 1495 1420 1528 ι
1451 1478 1692 1533 Abstulit
1726 1478 1870 1534 Deus
1901 1496 2115 1535 omnem

540 1556 834 1628 Iacrymam
854 1562 923 1615 ab
952 1565 1101 1617 omni
1129 1563 1268 1619 facie
1287 1567 1349 1617 “.
1382 1585 1401 1618 ι
1429 1564 1548 1637 Ipse
1575 1584 1705 1624 vero
1733 1570 1971 1626 universi
2001 1572 2121 1625 Sal«

539 1657 697 1702 vator
722 1664 787 1703 ac
820 1650 1082 1710 Dominus
1111 1666 1336 1722 noster,
1371 1662 1466 1729 qui
1494 1660 1747 1718 Christus
1773 1671 1854 1719 est
1889 1662 2003 1729 Dei,
2036 1665 2120 1718 vi-

540 1740 836 1811 ctoriaeque
857 1753 1165 1814 reportator
1182 1750 1403 1814 dicitur,
1420 1751 1474 1806 in
1492 1754 1827 1823 propheticis
1844 1757 2119 1812 vaticiniis

2216 558 2337 626 ραῖς
2367 555 2594 610 θανάτου
2626 555 3020 627 πεπεδημένοις
3053 555 3414 628 παλίντροπον
3438 556 3537 627 τῆς
3564 556 3657 610 ἐπὶ
3684 558 3789 629 τὴν

2214 644 2359 717 ζωὴν
2406 647 2595 701 ἀνόδου
2649 649 2749 720 τὴν
2794 648 3019 718 πορείαν
3065 647 3406 718 ποιούμενος.
3466 647 3651 720 Ταύτῃ
3696 665 3789 703 τοι

2214 739 2363 809 αύτῷ
2399 741 2493 793 καὶ
2524 742 2554 793 6
2585 739 2817 803 τεθνεὼς
2850 740 3191 812 ἀνηγείρετο,
3220 739 3314 792 καὶ
3352 738 3523 793 πολλὰ
3557 739 3791 810 σώματα

2212 830 2321 884 τῶν
2349 833 2764 903 κεκοιμημένων
2788 832 2957 900 ἁγίων
2979 832 3287 895 ἀνίσταντο,
3315 831 3790 885 συνεισελαύνοντα

2216 922 2363 992 αὐτῷ
2391 924 2469 987 είς
2504 924 2601 991 τὴν
2632 922 2795 990 ἁγίαν
2834 922 2927 975 καὶ
2955 922 3031 984 ὡς
3069 920 3282 993 ἀληθῶς
3309 919 3680 993 ούρανόπολιν,
3711 919 3791 984 ὡς

2215 1016 2440 1079 εἰκότως
2488 1018 2545 1068 ἐν
2585 1019 2704 1078 ταῖς
2758 1014 2929 1077 θείαις
2977 1014 3292 1085 ἀνειρῆσθαι
3340 1016 3561 1083 φωναῖςο
3596 1031 3615 1063 ι
3642 1014 3795 1067 Κατ-

2215 1109 2367 1162 ἐπιεν
2411 1110 2439 1161 6
2480 1106 2710 1170 θάνατος
2788 1107 3033 1176 ἰσχύσας.
3089 1126 3106 1157 ι
3162 1107 3268 1160 Καὶ
3306 1106 3488 1159 πάλιν·
3534 1124 3553 1157 ι
3609 1106 3792 1174 Ἀφεῖ-

2216 1200 2306 1253 λεν
2352 1202 2381 1254 6
2417 1200 2551 1264 Θεὸς
2590 1201 2700 1253 πᾶν
2732 1198 2966 1270 δάκρυον
3013 1199 3120 1252 ἀπὸ
3162 1198 3361 1262 παντὸς
3396 1196 3708 1262 προσώπου.
3765 1216 3791 1249 ι

2218 1292 2330 1344 Kal.
2369 1290 2532 1352 αὐτὸς
2556 1288 2613 1342 δὲ
2648 1291 2676 1342 6
2718 1289 2824 1341 τῶν
2855 1288 2990 1342 ὅλων
3023 1289 3215 1359 Σωτὴρ
3253 1288 3350 1343 καὶ
3376 1286 3580 1359 Κύριος
3608 1288 3794 1359 ἡμῶν,

2218 1385 2246 1435 6
2307 1381 2541 1455 Χριστὸς
2601 1381 2696 1434 τοῦ
2749 1380 2921 1444 Θεοῦ,
2989 1381 3282 1453 νικηφόρος
3351 1380 3672 1450 λεγόμενος,
3732 1381 3795 1434 ἐν

2218 1477 2340 1538 ταῖς
2384 1476 2744 1545 προφητικαῖς
2781 1474 3147 1545 προρρήσεσιν
3170 1472 3547 1543 ἐπικερτομῶν
3584 1473 3796 1541 είσάγε-

2219 1584 2309 1621 ται
2366 1566 2445 1637 τῷ
2493 1566 2728 1637 θανάτῳ,
2771 1566 2867 1619 καὶ
2917 1565 3017 1629 τὰς
3058 1564 3244 1620 αὐτόθι
3296 1564 3439 1618 λύων
3485 1564 3796 1637 πεπεδημέ-

2220 1677 2320 1725 νας
2358 1658 2569 1731 ψυχὰς,
2629 1660 2699 1713 δι’
2742 1652 2817 1712 ὧν
2859 1659 2951 1711 τὸν
2993 1657 3257 1710 ἐπινίκιον
3311 1655 3478 1726 ὕμνον
3525 1656 3797 1727 προφέρε-

2222 1771 2333 1817 ται,
2375 1752 2518 1807 αὐτὰ
2560 1751 2625 1824 δὴ
2666 1750 2837 1805 ταῦτα
2873 1749 3079 1818 λέγων·
3125 1767 3144 1800 ι
3196 1749 3291 1801 Ἐκ
3328 1747 3507 1818 χειρὸς
3540 1746 3665 1819 ᾅδου
3707 1745 3799 1820 ρύ-

542 1839 773 1887 mortem
795 1834 1093 1906 objurgans
1117 1840 1415 1907 inducitur,
1439 1853 1493 1897 et
1509 1846 1720 1902 animas
1739 1849 1977 1910 solvens,
2001 1864 2122 1919 quae

2226 1861 2388 1916 σομαι
2433 1845 2651 1908 αὐτοὺς,
2701 1843 2795 1896 καὶ
2839 1843 2904 1895 ἐκ
2951 1839 3181 1895 θανάτου
3223 1837 3571 1910 λυτρώσομαι
3616 1836 3796 1892 αὐτῶν

544 1924 655 1977 illic
675 1927 871 1981 vincta:
900 1929 1306 1996 detinebantur,
1326 1936 1418 1990 ubi
1451 1938 1693 1994 victoria:
1713 1940 1972 2012 hymnum
1993 1958 2121 2011 proo

544 2020 780 2084 nuntiat,
821 2022 935 2091 ipsa
965 2024 1079 2079 haec
1116 2027 1276 2095 plane
1307 2028 1494 2086 dicens
1522 2046 1535 2082 :
1565 2050 1582 2082 ι
1617 2030 1691 2087 De
1727 2049 1891 2088 manu
1924 2033 2123 2089 inferni

544 2112 770 2181 eripiam
789 2129 905 2177 eos,
931 2124 985 2170 et
1016 2134 1044 2169 ιι
1080 2128 1255 2175 morte
1273 2121 1517 2178 liberabo
1540 2139 1729 2179 eorum
1756 2126 1989 2183 animas.
2019 2126 2120 2183 Ubi

552 2220 670 2272 tua,
708 2225 876 2276 mors,
911 2214 1175 2268 victoria?
1204 2217 1293 2269 ubi
1323 2227 1469 2281 tuus,
1497 2234 1663 2285 mors,
1703 2222 1955 2278 stimulus
1993 2223 2071 2278 υτ
2103 2244 2123 2277 ι

555 2297 818 2355 Stimulus
841 2312 1019 2357 autem
1048 2307 1239 2361 mortis
1261 2316 1343 2361 est
1364 2316 1663 2376 peccatum,
1690 2321 1927 2380 potestas
1944 2323 2125 2369 autem

552 2393 776 2457 peccati.
795 2394 896 2447 lex.
928 2395 1083 2465 167
1104 2394 1249 2451 Talis
1270 2413 1399 2453 sane
1421 2399 1566 2455 illius
1590 2400 1668 2454 vel
1690 2417 1863 2471 usque
1889 2404 1955 2457 ad
1982 2418 2131 2459 mor-

559 2491 663 2533 tem
711 2480 812 2534 fuit
853 2482 1208 2552 dispensatio,
1241 2486 1399 2555 cujus
1440 2504 1546 2543 non
1576 2504 1737 2543 unam
1778 2506 1997 2547 causam
2033 2493 2129 2563 qui

560 2571 788 2626 voluerit
812 2588 1075 2642 quterere,
1098 2577 1191 2630 sed
1218 2579 1398 2646 plures
1422 2580 1657 2635 inveniet
1683 2598 1696 2634 :
1725 2585 1953 2651 primam
1979 2599 2128 2637 nam-

554 2676 662 2731 que
691 2662 836 2718 illam
874 2666 1049 2734 ipsum
1085 2666 1319 2723 Verbum
1352 2671 1533 2737 docet,
1579 2682 1638 2728 ut
1665 2686 1774 2727 tam
1809 2675 1861 2727 iu
1897 2677 2126 2731 mortuis

552 2767 716 2821 quam
742 2753 795 2807 in
821 2757 957 2808 vivis
982 2757 1354 2813 dominaretur
1381 2776 1395 2812 ι
1429 2762 1652 2816 alteram
1684 2774 1741 2818 ut
1766 2775 1979 2820 nostras
2004 2767 2129 2821 abs-

552 2853 787 2913 tergeret
817 2848 1056 2902 maculas
1085 2860 1455 2918 peccatorum,
1479 2854 1570 2922 qui
1597 2870 1695 2923 pro
1738 2855 1895 2911 nobis
1918 2858 2127 2913 sacrifi-

553 2945 727 2996 catus,
751 2944 804 2989 et
834 2951 929 3001 pro
966 2938 1123 2993 nobis
1147 2943 1452 2997 exsecratio
1478 2941 1653 3000 factus
1683 2946 1792 3001 sit:
1821 2948 2034 3002 tertiam
2065 2961 2124 3003 ut

554 3035 814 3099 tanquam
841 3029 937 3088 Dei
963 3034 1181 3091 victima
1211 3046 1373 3109 atque
1400 3041 1593 3110 ingens
1617 3042 1975 3110 sacrificium,
2017 3046 2121 3117 ipsi

2223 1937 2323 2002 τὰς
2357 1936 2552 2008 ψυχας.
2588 1933 2698 1990 Ποῦ
2745 1951 2859 1999 σου,
2905 1932 3099 1988 θάνατε
3122 1972 3137 1997 ,
3182 1931 3243 1984 τὸ
3293 1933 3474 1995 νῖκος;
3527 1928 3643 1982 ποῦ·
3677 1945 3795 1993 σου,

2226 2030 2445 2092 θάνατε,
2475 2028 2538 2081 τὸ
2566 2027 2819 2098 κεντρον;
2840 2025 2903 2078 τὸ
2937 2024 2994 2077 δὲ
3028 2023 3251 2096 κέντρον
3274 2021 3368 2075 τοῦ
3392 2020 3624 2075 θανάτου
3649 2021 3800 2074 ἐστὶν

2224 2126 2257 2195 ἡ
2293 2123 2557 2195 ἁμαρτία,
2592 2124 2625 2193 ἡ
2658 2121 2715 2175 δὲ
2759 2120 2988 2192 δύναμις
3030 2120 3128 2190 τῆς
3177 2116 3471 2189 ἁμαρτίας,
3502 2117 3532 2170 6
3559 2115 3742 2185 νόμος,
3775 2132 3794 2162 ι

2227 2215 2459 2287 Τοιαύτη
2491 2231 2575 2278 τις
2610 2212 2758 2284 αύτῷ
2783 2211 3063 2283 καὶμέχρι
3104 2209 3197 2263 τοῦ
3232 2210 3460 2263 θανάτου
3506 2207 3724 2275 ἐγένετο
3764 2206 3799 2275 ἡ

2225 2306 2522 2379 οἰκονομία,
2555 2302 2623 2378 ἧς
2648 2306 2710 2358 ού
2741 2304 2871 2376 μίαν
2896 2304 3096 2365 αἰτίαν,
3125 2301 3261 2357 ἀλλὰ
3288 2302 3381 2356 καὶ
3405 2301 3619 2366 πλείους
3648 2300 3802 2374 εὖροι

2226 2404 2290 2458 ἄν
2327 2419 2413 2466 τις
2436 2400 2699 2471 ἐθελήσας
2735 2396 2939 2469 ζητεῖν.
2978 2395 3208 2468 Πρώτην
3261 2396 3359 2467 μὲν
3395 2396 3503 2467 γὰρ
3553 2397 3583 2448 6
3627 2396 3801 2463 Λόγος

2226 2493 2487 2555 διδάσκει,
2525 2491 2612 2543 ἶνα
2640 2490 2735 2543 καὶ
2758 2488 2968 2559 νεκρῶν
2989 2488 3081 2541 καὶ
3110 2484 3326 2550 ζώντων
3354 2485 3634 2558 κυριεύσῃ·
3682 2484 3805 2538 δευ-

2223 2583 2389 2655 τέραν
2414 2582 2490 2646 δὲ,
2524 2581 2673 2643 ὅπως
2699 2579 2798 2643 τὰς
2833 2578 3109 2650 ἡμετέρας
3130 2577 3465 2648 ἀπομάξοιτο
3500 2575 3799 2647 ἁμαρτίας,

2225 2675 2364 2745 ὑπὲρ
2389 2672 2545 2745 ἡμῶν
2577 2671 2825 2742 τρωθεὶς,
2860 2671 2955 2723 καὶ⁵
2983 2669 3273 2740 γενόμενος
3314 2669 3455 2740 ὑπὲρ
3490 2668 3647 2739 ἡμῶν
3667 2684 3804 2723 κατ-

2225 2765 2352 2837 ἀρα·
2398 2765 2609 2835 τρίτην,
2638 2762 2713 2826 ὡς
2755 2761 2821 2815 ἂν
2850 2763 3043 2833 ἱερεῖον
3074 2760 3210 2815 Θεοῦ
3247 2760 3341 2813 καὶ
3384 2760 3593 2843 μεγάλη
3640 2758 3803 2813 θυσία

2225 2855 2365 2926 ὑπὲρ
2390 2853 2481 2908 τοῦ
2519 2852 2830 2923 σύμπαντος
2861 2852 3066 2922 κόσμου
3095 2849 3428 2922 προσαχθείη
3458 2850 3535 2920 τῷ
3561 2849 3653 2903 ἐπὶ
3676 2850 3804 2904 πάνι-

2224 2962 2331 2998 των
2360 2943 2498 3015 Θεῷ’
2521 2942 2809 3013 τετάρτην,
2858 2941 2934 3003 ὼς
2971 2941 3038 2994 ἂν
3080 2938 3242 3002 αὐτὸς
3290 2938 3389 3009 τῆς
3430 2934 3804 2999 πολυπλανοῦς

2224 3036 2320 3090 καὶ
2343 3034 2666 3106 δαιμονικῆς
2703 3033 2984 3105 ἐνεργείας
3017 3032 3353 3104 ἀπορρήτοις
3407 3028 3584 3097 λόγοις
3619 3026 3803 3082 καθαί-

555 3135 811 3189 supremo
839 3122 950 3180 Deo
983 3127 1267 3183 offerretur
1298 3148 1396 3201 pro
1424 3134 1679 3192 universo
1698 3137 1898 3190 mundo
1925 3154 2121 3208 :quar-

2227 3143 2377 3199 ρεσιν
2404 3124 2796 3198 ἀπεργάσαιτο·
2828 3124 3085 3195 πέμπτην
3113 3122 3206 3175 ἐπὶ
3240 3120 3433 3194 ταύτῃ,
3473 3120 3548 3183 ὡς
3691 3121 3807 3182 τοῖς

554 3217 661 3263 tam
698 3221 756 3265 ut
785 3213 865 3267 sic
899 3214 1194 3273 fallaciosze
1217 3236 1280 3275 ac
1321 3222 1628 3279 daemonicas
1686 3226 1937 3282 eliicacia:
1967 3244 2121 3283 ever-

552 3301 761 3354 sionem
784 3304 1104 3360 moliretur:
1148 3310 1395 3379 quintam
1432 3313 1498 3366 ad
1555 3313 1691 3378 ha:c,
1719 3327 1777 3371 ut
1823 3320 1939 3374 suis
1964 3319 2124 3374 fami-

549 3391 779 3450 liaribus
829 3411 894 3451 ac
922 3398 1208 3470 discipulis
1230 3405 1373 3465 vitm,
1405 3421 1526 3475 qua:
1572 3417 1693 3477 post
1720 3418 1947 3464 mortem
1976 3411 2122 3481 apud

552 3484 719 3540 Deum
764 3487 945 3544 futura
978 3503 1061 3548 est
1096 3510 1271 3564 spem,
1315 3514 1424 3552 non
1456 3501 1705 3555 oratione
1736 3519 1915 3574 neque
1941 3506 2123 3562 verbis

551 3588 646 3632 aut
679 3581 927 3648 vocibus,
962 3587 1055 3641 sed
1094 3586 1255 3643 factis
1286 3605 1349 3645 ac
1382 3607 1441 3647 re
1474 3593 1589 3662 ipsa
1623 3605 2043 3665 repraesentans,
2069 3605 2124 3652 ct

551 3669 696 3738 quod
716 3675 895 3728 verbis
919 3677 1196 3745 pollicitus
1223 3681 1611 3746 fucrat,oculis
1640 3686 1773 3756 ipsis
1804 3690 2121 3745 intuendum

551 3764 874 3833 subjiciens,
902 3770 1324 3830 confidentiores
1349 3791 1446 3831 eos
1476 3785 1639 3848 atque
1674 3781 1971 3838 alacriores
1985 3798 2127 3854 pra:-

553 3866 744 3922 staret,
778 3860 845 3914 ad
865 3877 984 3916 eam
1012 3880 1133 3934 qua:
1161 3867 1227 3921 ab
1261 3867 1380 3937 ipso
1405 3869 1651 3925 instituta
1677 3871 1872 3938 fuerat,
1907 3877 2126 3949 religio-

552 3966 627 4004 sa:
672 3953 799 4007 vitae
843 3955 1133 4021 rationem,
1176 3958 1433 4015 omnibus
1488 3963 1651 4017 simul
1695 3972 1750 4019 et
1792 3962 2018 4034 Graecis,
2070 3978 2125 4025 et

550 4041 802 4101 barbaris
845 4048 1204 4104 nuntiandam
1240 4066 1253 4102 :
1317 4055 1569 4122 protinus
1619 4057 1802 4128 itaque
1847 4058 1946 4114 hos
1976 4062 2125 4130 ipsos

554 4133 852 4192 familiares
911 4154 975 4193 ac
1026 4141 1261 4207 sodales,
1313 4161 1453 4214 quos
1501 4146 1617 4216 ipse
1672 4149 1775 4204 sibi
1806 4149 1873 4204 de
1905 4152 2125 4221 optimis

553 4230 726 4285 lectos
748 4230 1034 4295 asciverat,
1085 4235 1472 4306 apostolosque
1522 4254 1654 4294 suos
1707 4254 1773 4294 ac
1822 4241 2126 4311 discipulos

555 4322 953 4391 declaraverat,
984 4341 1083 4381 sua
1115 4328 1287 4398 ipsius
1331 4328 1517 4385 divina
1565 4334 1767 4388 virtute
1812 4336 2124 4405 complevit,

556 4424 614 4469 ut
637 4432 795 4486 quam
826 4416 940 4487 ipse
964 4421 1313 4476 nuntiaverat
1346 4421 1436 4477 Dei
1454 4424 1841 4494 cognitionem,
1863 4425 1940 4479 illi
1967 4441 2129 4482 omne

2223 3216 2386 3271 αὑτοῦ
2418 3217 2714 3289 γνωρίμοις
2742 3217 2834 3270 καὶ
2864 3213 3130 3286 μαθηταῖς
3162 3213 3261 3283 τῆς
3287 3211 3424 3284 μετὰ
3444 3210 3535 3265 τὸν
3576 3209 3803 3264 θάνατον

2223 3309 2373 3380 παρὰ
2403 3308 2521 3380 Θεῷ
2547 3307 2692 3378 ζωῆς
2715 3309 2812 3380 τὴν
2850 3306 3039 3361 ἐλπίδα
3083 3306 3159 3377 μὴ
3201 3305 3379 3373 λόγοις
3428 3302 3561 3374 μηδὲ
3596 3303 3804 3373 ῥήμασι

2222 3404 2316 3457 καὶ
2345 3407 2567 3473 φωναῖς,
2604 3401 2739 3456 ἀλλὰ
2777 3402 2957 3463 αὐτοῖς
2990 3399 3169 3471 ἔργοις
3196 3399 3572 3469 παραστήσας,
3604 3393 3806 3464 ὀφθαλ-

2227 3498 2349 3567 μοῖς
2380 3512 2439 3549 τε
2465 3494 2741 3566 παραδοὺς
2756 3493 2855 3565 τὴν
2887 3492 2978 3546 διὰ
3008 3492 3114 3545 τῶν
3137 3490 3310 3560 λόγων
3344 3489 3696 3558 ἐπαγγελίαν,
3723 3487 3806 3541 εύ-

2224 3588 2446 3659 θαρσεῖς
2471 3587 2667 3650 αὐτοὺς
2687 3587 2780 3639 καὶ
2808 3583 3248 3656 προθυμοτέρους
3276 3581 3668 3653 ἀπεργάσαιτο,
3712 3578 3808 3632 καὶ

2225 3680 2389 3732 πᾶσιν
2422 3676 2678 3748 Ἕλλησιν
2708 3674 2843 3747 ὁμοῦ
2872 3676 2965 3728 καί¹
3003 3673 3298 3748 βαρϐάροις
3334 3672 3431 3743 τὴν
3471 3670 3606 3744 πρὸς
3636 3668 3802 3723 αὑτοῦ

2224 3768 2655 3840 καταϐληθεῖσαν
2701 3767 2897 3839 εὐσεϐῆ
2938 3765 3207 3820 πολιτείαν
3243 3764 3497 3835 κηρύξαι·
3534 3762 3732 3816 αὐτίκα
3760 3761 3805 3815 δ’

2224 3858 2316 3916 οὖν
2345 3863 2542 3925 αὐτοὺς
2560 3860 2623 3932 δὴ
2653 3859 2873 3923 τούτους
2905 3861 3030 3923 τοὺς
3053 3857 3363 3929 γνωρίμους
3392 3856 3485 3909 καὶ
3513 3852 3804 3918 θιασώτας,

2224 3954 2317 4020 οὒς
2341 3954 2501 4017 αὐτὸς
2533 3953 2682 4024 αύτῴ
2728 3951 3037 4025 ἀριστίνδην
3077 3951 3363 4021 ἐπικρίνας
3390 3947 3718 4010 ἀποστόλους
3745 3962 3806 3999 τε

2225 4048 2387 4103 αὑτοῦ
2419 4047 2514 4101 καὶ
2568 4045 2814 4119 μαθητὰς
2861 4027 3167 4110 ἇνελέξατο,
3213 4042 3312 4111 τῆς
3353 4040 3413 4105 ἐξ
3452 4038 3615 4095 αὐτοῦ
3661 4037 3808 4106 θείας

2225 4141 2506 4211 δυνάμεως
2543 4139 2837 4210 ἐμπλῆσαι,
2874 4138 2980 4190 πᾶν
3006 4135 3160 4205 γένος
3201 4132 3503 4205 ἀνθρώπων
3535 4126 3809 4200 ἐκδιδάξαι

2224 4233 2325 4304 τὴν
2383 4231 2519 4305 πρὸς
2560 4230 2724 4285 αὐτοῦ
2772 4227 3231 4297 καταγγελθεῖσαν
3275 4224 3604 4294 θεογνωσίαν
3628 4267 3644 4291 ,
3712 4228 3810 4282 ἕνα

2225 4328 2338 4388 τοῖς
2370 4326 2536 4379 πᾶσιν
2570 4324 2794 4394 Ἕλλησί
2831 4340 2890 4376 τε
2921 4322 3015 4376 κα)⁸
3046 4321 3343 4393 βαρϐάροις
3373 4322 3653 4386 εύσεὸείας
3674 4322 3800 4376 ύπο-

2229 4416 2453 4487 θέμενος
2479 4416 2698 4488 τρόπον,
2728 4414 2995 4485 δαιμόνων
3019 4412 3364 4487 ἀναχώρησίν
3402 4431 3459 4468 τε
3487 4415 3583 4469 καὶ
3610 4416 3807 4487 φυγὴν,

555 4508 836 4564 hominum
856 4526 1028 4582 genus
1054 4513 1336 4578 docerent,
1374 4531 1538 4570 unam
1577 4517 1795 4571 interim
1845 4518 2122 4587 omnibus,

2231 4510 2327 4562 καὶ
2362 4508 2462 4579 τῆς
2504 4506 2767 4561 πολυθέου
2816 4506 3025 4579 πλάνης
3059 4508 3365 4571 ἀνάνευσιν,
3404 4508 3520 4572 ἐνὸς
3557 4508 3615 4561 δὲ
3648 4506 3808 4579 μόνου

553 4610 665 4655 tam
695 4601 901 4659 Grecis
925 4621 1087 4677 quatn
1121 4607 1391 4673 barbaris,
1421 4609 1704 4679 religionis
1724 4609 2021 4667 instituens
2045 4628 2131 4665 ra-

555 4698 756 4754 tionem
784 4720 796 4754 :
826 4716 888 4756 ea
909 4717 1071 4772 porro
1094 4711 1230 4769 erat,
1250 4713 1309 4758 ut
1339 4720 1368 4758 a
1394 4704 1731 4760 daemonibus
1758 4707 1945 4776 procul
1972 4722 2125 4761 rece-

554 4789 765 4854 derent.
800 4809 1006 4863 eosque
1053 4794 1324 4865 fugerent,
1384 4796 1720 4869 deorumque
1755 4798 2125 4854 multitudinis

558 4882 826 4937 fallaciam
853 4884 1208 4950 declinarent,
1241 4895 1583 4957 atqueunum
1612 4890 1787 4943 solum
1811 4903 2124 4959 supremum

557 4972 724 5031 Deum
744 4990 868 5029 vere
896 4985 1290 5046 cognoscerent
1320 4993 1332 5029 :
1369 4984 1630 5045 praeterea
1663 4975 2034 5032 liberationem
2061 4976 2130 5031 ab

2228 4597 2363 4652 Θεοῦ
2396 4597 2489 4651 τοῦ
2519 4598 2611 4651 ἐπὶ
2636 4598 2850 4651 πάντων
2891 4598 3093 4667 γνῶσιν
3133 4596 3305 4670 ἁληθῆ
3343 4597 3807 4670 προκηρύττοντα,

2227 4692 2322 4745 καὶ
2344 4691 2496 4745 λύσιν
2535 4691 2635 4762 μὲν
2659 4689 2767 4744 τῶν
2799 4691 3281 4763 προηγνοημένων,
3325 4693 3372 4744 εἰ
3407 4690 3480 4763 μὴ
3520 4690 3595 4743 ἐτ’
3627 4692 3811 4755 αὐτοῖς

2230 4784 2558 4856 ἐπιμένοιεν,
2608 4783 2737 4853 μίαν
2772 4782 2830 4837 δὲ
2881 4786 2995 4846 τοῖς
3039 4784 3169 4838 πᾶσι
3206 4784 3481 4854 σωτηρίας
3521 4781 3713 4836 ἐλπίδα
3740 4779 3810 4836 δι’

2227 4874 2296 4949 ἧς
2345 4875 2685 4930 ύποτὲθειται
2744 4876 3019 4945 πανσόφου
3061 4877 3157 4931 καὶ
3193 4875 3494 4947 παναρέτου
3536 4873 3809 4937 πολιτείας

2234 4969 2493 5043 ύπισχνού
2502 4988 2684 5043 μενον.

558 5073 646 5135 iis,
670 5088 792 5142 qua:
823 5073 975 5143 prius
1011 5074 1324 5143 ignoranter
1368 5073 1781 5137 commiserant,
1831 5072 2127 5128 dummodo
2161 5087 2227 5126 ne
2258 5070 2313 5124 in
2336 5069 2527 5124 iisdem
2580 5076 3033 5137 perseverarent,
3063 5072 3119 5122 et
3150 5079 3312 5119 unam
3344 5063 3601 5118 omnibus
3661 5061 3812 5115 salu-

557 5170 629 5223 tis
650 5184 819 5239 spem,
852 5184 947 5239 per
975 5169 1109 5224 illud
1155 5169 1302 5240 quod
1322 5170 1437 5239 ipse
1463 5178 1721 5240 posuerat
1761 5168 2184 5239 sapientissime,
2227 5180 2291 5221 ac
2337 5180 2460 5220 cum
2505 5162 2653 5218 omni
2694 5162 2895 5216 viitute
2935 5160 3146 5216 vivendi
3208 5159 3543 5223 institutum,
3591 5154 3813 5228 pollice-

558 5267 737 5320 batur.

1277 5359 1417 5415 XIII.

562 5447 716 5515 Quod
741 5449 793 5501 in
833 5465 896 5523 ea
925 5458 1140 5517 natura,
1166 5469 1283 5521 qua:
1317 5470 1409 5507 nec
1439 5455 1554 5523 pati
1584 5494 1598 5515 ,
1635 5470 1726 5508 nec
1756 5453 1882 5508 [πιάὶ
1932 5462 2126 5522 potest,

629 5535 846 5595 qua'que
868 5521 1170 5595 incorporea
1200 5534 1275 5577 est
1297 5521 1664 5593 permanserit,
1691 5526 1850 5579 etiam
1878 5521 1979 5595 quo
2003 5536 2131 5578 tem-

630 5606 760 5659 pore
789 5589 962 5658 {actus
991 5601 1067 5645 est
1097 5592 1271 5649 homo.

635 5683 771 5735 (Lum
806 5681 976 5749 igitur
1021 5680 1136 5739 hazc
1168 5684 1239 5737 ita
1278 5700 1335 5739 se
1364 5685 1637 5753 habeant,
1680 5702 1790 5742 non
1838 5695 2052 5757 oportet
2082 5692 2134 5742 te

642 5793 685 5826 “
720 5795 821 5853 Isa.
855 5814 979 5865 xxv,
1014 5799 1077 5864 8;
1112 5799 1231 5855 ()se.
1273 5816 1390 5865 xm,
1431 5801 1511 5858 ιι.
1593 5802 1630 5833 ¹¹
1662 5800 1768 5858 Isa.
1803 5818 1924 5868 xxv,
1961 5803 2012 5859 8.

2974 5345 3073 5400 Il".

2228 5442 2324 5495 II".
2378 5439 2474 5505 Ὠς
2505 5435 2762 5503 ἀπαθὴς,
2796 5438 2891 5490 καί
2918 5436 3204 5503 ἀϐλαϐὴς,
3230 5438 3326 5491 καὶ
3354 5434 3664 5506 ἀσώματος
3695 5434 3812 5490 διέ-

2416 5526 2583 5579 μεινε
2611 5508 2708 5561 καὶ
2739 5508 2865 5562 καθ’
2894 5506 2965 5562 ὃν
2993 5506 3353 5577 ἐνηνθρὼπει
3390 5509 3613 5576 καιρόν.

2306 5685 2463 5740 Οῦτω
2494 5685 2559 5754 δὴ
2594 5684 2800 5739 τούτων
2840 5682 3093 5757 ἐχόντων,
3131 5688 3191 5739 οὐ
3230 5684 3312 5739 δεῖ
3341 5679 3811 5755 ταράττεσθαιτδν

2098 5804 2135 5834 ¹²
2169 5801 2288 5858 Ose.
2333 5817 2449 5865 xm,
2496 5800 2578 5855 II.
