4120 6420
265 322 377 379 285

1194 320 1856 380 DEMONSTRATIONIS
1895 320 2356 379 EVANCELICE
2397 322 2528 379 LIB.
2572 323 2660 381 iV.

3428 325 3536 379 28:5

265 441 419 506 νοῦν,
453 441 672 510 γένεσιν
699 442 791 497 καὶ
814 441 991 514 σῶμα,
1020 441 1115 494 καὶ
1140 440 1308 511 πάθη,
1340 442 1436 496 καὶ
1465 440 1696 495 Θάνατον
1724 442 1832 515 περ

1952 440 2136 504 animo
2146 442 2474 513 perturbari,
2488 443 2713 498 tametsi
2724 452 2778 498 et
2789 455 2992 507 ortum.
3010 450 3067 502 et
3080 459 3303 514 corpus,
3319 451 3369 498 et
3384 443 3534 498 dolo-

260 535 358 590 τὸν
383 535 551 588 ἀῦλον
589 535 685 588 καὶ
724 532 1014 603 ἀσώματον
1039 533 1134 587 τοῦ
1164 531 1298 587 Θεοῦ
1346 533 1516 602 Λόγον
1566 533 1851 588 ἀκούοντα.

273 626 369 688 Ὡς
392 625 509 697 γάρ
554 625 666 680 οὐδ’
710 625 932 697 ἡλιακοῦ
973 626 1150 697 φωτὸς
1190 625 1411 680 πάθοιέν
1453 642 1508 679 τι
1546 626 1761 691 ἀκτῖνες
1784 625 1855 680 τά

263 717 453 771 πάντα
486 718 815 790 πληροῦσαι,
841 718 937 773 καὶ
969 718 1235 790 σωμάτων
1267 718 1497 789 νεκρῶν,
1536 720 1630 772 καὶ
1660 720 1720 773 οὐ
1754 737 1855 774 κα-

268 808 460 879 θαρῶν
511 811 921 882 ἐφαπτόμεναι·
955 811 1088 873 πολὺ
1137 810 1298 865 πλέον
1336 813 1369 881 ἡ
1414 811 1704 882 ἀσώματος
1755 811 1850 865 τοῦ

259 899 403 953 Θεοῦ
436 900 671 973 δύναμις
699 901 810 955 οὔτ’
833 902 898 956 ἂν
921 901 1082 956 πάθοι
1108 901 1206 972 τὴν
1225 901 1433 967 οὐσίαν,
1474 900 1585 955 οὔτ’
1620 902 1688 957 ἂν
1726 902 1852 974 βλα-

260 991 409 1063 ϐείη,
451 992 572 1045 οὔτ’
615 994 684 1048 ἀν
723 994 919 1065 χείρων
953 994 1083 1049 ποτὲ
1117 994 1313 1066 ἐαυτῆς
1334 993 1562 1064 γένοιτο,
1600 993 1849 1066 σώματος

259 1084 582 1154 ἀσωμάτως
616 1086 971 1158 ἐπαιρωμένη.
1019 1086 1085 1139 Τί
1115 1081 1283 1158 ’γάρ;
1324 1087 1445 1159 οὐχί
1484 1087 1579 1142 καί
1612 1087 1734 1158 δίχα
1754 1087 1848 1140 τοῦ

261 1175 387 1229 καθ’
416 1176 445 1228 ὃ
470 1176 813 1250 ἐνηνθρώπει
841 1177 1110 1250 σώματος,
1137 1179 1222 1232 ἀελ⁸
1246 1180 1340 1233 καὶ
1366 1178 1454 1233 διά
1474 1179 1673 1242 παντὸς
1700 1180 1849 1250 ἥκων

257 1268 327 1321 δι’
349 1268 487 1341 ὅλης
526 1269 630 1340 τῆς
663 1270 773 1323 τῶν
806 1271 1101 1341 στοιχείων,
1144 1271 1240 1325 καὶ
1278 1271 1456 1325 αὐτῶν
1496 1271 1561 1344 δὴ
1604 1271 1714 1324 τῶν
1745 1288 1850 1325 σω-

262 1358 454 1429 μάτων
478 1358 635 1432 ὕλης,
663 1354 753 1414 οἷά
787 1377 867 1424 τις
909 1360 1043 1414 Θεοῦ
1076 1361 1234 1431 λόγος
1262 1361 1338 1416 ὣν
1373 1363 1721 1434 δημιουργὸς,
1744 1364 1846 1434 τῆς

256 1450 315 1517 ἐξ
348 1450 528 1504 αὑτοῦ
560 1451 754 1520 σοφίας
793 1452 852 1506 ἐν
886 1451 1025 1523 αὐτῇ
1059 1452 1186 1515 τοὺς
1229 1451 1418 1522 λόγους
1444 1453 1849 1524 ἀποσφραγίζε-

255 1558 368 1605 ται,
414 1540 501 1614 τῷ
538 1543 640 1614 μὲν
677 1542 869 1615 ἀψύχῳ
922 1542 1086 1614 ζωὴν,
1133 1543 1212 1615 τῷ
1254 1544 1312 1597 δὲ
1341 1544 1575 1617 ἀμόρφῳ
1608 1545 1722 1598 ὄντι
1752 1546 1847 1598 καὶ

255 1636 430 1696 ἀειδεῖ
448 1637 552 1710 τὴν
582 1637 767 1708 φύσιν,
802 1639 1015 1710 μορφὴν
1046 1639 1572 1710 ἐναποτυπούμενος,
1602 1640 1672 1692 τά
1697 1655 1756 1691 τε
1786 1630 1846 1691 ἐν

254 1730 403 1802 αὐτῷ
428 1732 608 1802 κάλλη
647 1733 743 1786 καὶ
769 1731 869 1796 τάς
912 1732 1238 1804 ἀσωμάτους
1279 1732 1420 1796 ἰδέας
1452 1735 1570 1796 ταῖς
1592 1731 1702 1786 τῶν
1735 1748 1842 1784 σω-

1954 548 2065 592 res.
2090 541 2145 587 et
2163 542 2415 598 mortem,
2446 534 2516 589 de
2537 534 2776 589 materia:
2790 536 2999 604 experti
3016 546 3177 607 atque
3204 535 3531 605 incorporeo

1957 623 2118 694 168
2134 621 2229 678 Dei
2250 621 2425 679 Verbo
2437 624 2614 680 audis.
2640 622 2709 677 Ut
2740 625 2885 679 enim
2908 625 3345 682 solarislunninis
3366 623 3527 688 radii,

1954 717 2082 771 licet
2104 716 2288 771 omnia
2309 718 2640 789 compleant,
2665 728 2717 773 et
2738 734 2967 789 corpora
2985 726 3196 773 mortua
3224 716 3530 774 sordentia-

1950 824 2058 878 que
2086 810 2376 880 attingant,
2411 810 2512 880 ipsi
2543 818 2724 865 tamen
2757 810 2892 864 nihil
2926 810 3226 881 patiuntur,
3257 810 3338 863 sic
3361 808 3527 863 etiam

1952 900 2235 969 multoque
2285 899 2460 971 magis
2512 898 2607 954 Dei
2659 901 2744 954 vis
2782 901 3107 970 incorporea
3158 909 3368 954 naturae
3410 914 3527 953 sua:

1951 989 2160 1043 nullum
2221 1005 2399 1060 neque
2448 990 2858 1046 incommodum
2908 1007 3084 1060 neque
3133 1000 3524 1045 nocumentum

1951 1082 2203 1153 accipiet,
2230 1099 2407 1155 neque
2439 1099 2677 1153 unquam
2709 1084 2890 1154 seipsa
2922 1082 3163 1137 deterior
3195 1081 3307 1145 ﬁet,
3327 1096 3521 1151 quam-

1950 1174 2034 1230 vis
2069 1174 2395 1245 incorporea
2448 1175 2685 1245 quadam
2735 1177 2948 1231 ratione
3011 1190 3215 1245 corpus
3263 1177 3522 1244 attingat.

1950 1263 2091 1331 Quid
2121 1266 2267 1321 enim
2292 1266 2418 1323 ?An
2449 1282 2560 1322 non
2589 1268 2796 1337 absque
2834 1282 2901 1321 eo
2928 1268 2982 1322 in
3012 1282 3123 1338 quo
3146 1268 3310 1322 homo
3342 1266 3525 1323 factus

1948 1365 2033 1413 est
2060 1371 2313 1428 corpore,
2348 1372 2562 1428 semper
2594 1368 2757 1430 atque
2785 1374 3176 1431 usquequaque
3217 1375 3316 1430 per
3349 1367 3524 1414 totam

1946 1449 2341 1504 elementorum
2366 1449 2718 1522 ipsorumque
2731 1453 2890 1523 plane
2909 1467 3202 1523 corporum
3233 1452 3522 1506 materiam

1945 1550 2259 1611 penetrans,
2282 1552 2538 1612 tanquam
2570 1543 2617 1599 is
2646 1545 2738 1613 qui
2755 1543 2849 1599 Dei
2871 1544 2943 1599 sit
2965 1543 3105 1598 ratio
3135 1543 3379 1613 quaedam
3403 1542 3525 1612 opi-

1945 1630 2032 1687 fex
2063 1632 2346 1703 sapientiae
2376 1647 2497 1703 quae
2528 1632 2598 1688 ab
2642 1633 2763 1704 ipso
2793 1634 3187 1704 proﬁciscitur,
3216 1633 3274 1687 in
3306 1647 3371 1688 ea
3399 1632 3519 1702 ipsa

1944 1722 2185 1778 rationes
2215 1731 2270 1779 et
2291 1723 2496 1779 claudit
2543 1732 2597 1780 et
2619 1725 2856 1795 signat?
2886 1726 3014 1781 dum
3053 1725 3306 1781 videlicet
3334 1725 3521 1779 inani-

257 1824 448 1894 μάτων
485 1824 768 1895 ποιότησιν
814 1825 1339 1897 ἐναποματτόμενος,
1382 1824 1546 1878 κινῶν
1580 1824 1637 1878 δὲ
1661 1823 1729 1877 τά
1762 1823 1832 1895 τῷ

1943 1816 2050 1871 mis
2071 1817 2262 1884 vitam,
2292 1817 2619 1874 informibus
2650 1835 2778 1876 vero
2808 1827 2863 1875 et
2887 1820 3093 1873 nullam
3149 1827 3363 1874 natura:
3393 1834 3521 1889 spe-

249 1917 441 1987 οἰκείῳ
470 1916 620 1987 λόγῳ
665 1917 848 1987 ἀψυχα
884 1917 979 1971 καί
1016 1916 1267 1987 ἀκίνητα,
1303 1916 1429 1986 γῆν,
1473 1915 1638 1988 ὕδωρ,
1678 1915 1836 1987 ἀέρα,

252 2002 384 2074 πῦρ,
432 2003 716 2074 πάνσοφόν
748 2021 868 2057 τινα
920 2004 1014 2058 καὶ
1058 2005 1425 2077 παναρμόνιον
1468 2005 1702 2076 κίνησιν,
1746 2008 1839 2060 καὶ

246 2098 318 2148 τὰ
348 2095 534 2149 πάντα
567 2095 629 2159 ἐξ
664 2095 934 2166 ἀκοσμίας
966 2096 1208 2167 κοσμῶν,
1241 2095 1419 2163 αὓξων
1461 2113 1522 2149 τε
1558 2096 1654 2150 καὶ
1689 2095 1840 2150 τελε-

248 2189 544 2260 σιουργῶν,
574 2188 713 2259 αὐτῇ
747 2204 807 2240 τε
845 2187 1010 2259 ἐνθέῳ
1033 2189 1128 2241 καὶ
1161 2187 1351 2259 λογικῇ
1381 2187 1609 2260 δυνάμει
1649 2206 1839 2260 μονον-

246 2280 366 2349 ουχὶ
414 2277 594 2331 ἐπιὼν
636 2278 706 2331 τά
734 2278 931 2341 πάντα,
968 2277 1065 2331 καὶ
1092 2277 1179 2331 διὰ
1208 2278 1423 2332 πάντων
1458 2278 1652 2350 χωρῶν
1703 2278 1839 2332 πάν-

245 2387 354 2424 των
385 2386 451 2423 τε
485 2370 885 2441 ἐφαπτόμενος,
931 2368 1044 2423 ἀλλ’
1075 2368 1193 2424 οὔτι
1234 2387 1298 2440 γε
1346 2368 1550 2442 βλάϐην
1592 2374 1657 2425 ἐκ
1690 2370 1835 2436 τινὸς

246 2463 613 2534 ἐπαγόμενος,
665 2462 783 2516 οὐδὲ
833 2461 930 2533 τὴν
972 2461 1133 2532 φύσιν
1195 2462 1365 2534 αὐτὴν
1432 2462 1831 2535 μολυνόμενος;

244 2555 391 2609 οὕτω
419 2556 485 2628 δὴ
516 2555 589 2609 τά
622 2555 763 2609 κατὰ
791 2554 961 2608 ταῦτα
983 2556 1079 2609 καὶ
1101 2558 1160 2610 ἐν
1193 2555 1499 2628 ἀνθρώποις
1522 2557 1829 2628 γενόμενος,

244 2644 417 2699 πάλαι
462 2646 566 2717 μὲν
606 2642 833 2717 βραχέσι
872 2646 967 2699 καὶ
1001 2643 1218 2719 ἀριθμῷ
1254 2644 1500 2716 ληπτοῖς,
1557 2645 1738 2712 μόνοις
1776 2646 1832 2701 δὲ

242 2737 354 2798 τοῖς
386 2735 765 2807 ἀναγράπτοις
801 2735 1107 2806 προφήταις
1143 2750 1201 2786 τε
1243 2735 1336 2787 καὶ
1361 2734 1586 2798 δικαίοις
1636 2734 1835 2806 ἀνδρά-

244 2844 353 2891 σιν,
384 2826 579 2880 ἄλλοτε
607 2828 780 2891 ἄλλως
804 2827 1072 2897 ἐφαίνετο,
1113 2827 1206 2881 ἐπὶ
1237 2808 1380 2880 τέλει
1422 2827 1479 2881 δὲ
1508 2830 1621 2893 τοῖς
1666 2830 1832 2881 πᾶσιν

241 2920 369 2990 ἤδη,
397 2920 627 2989 φαύλοις
654 2937 713 2973 τε
737 2920 831 2973 καὶ
856 2919 1127 2986 ἀσεϐέσιν,
1168 2920 1440 2990 Ἑϐραίοις
1467 2937 1526 2973 τε
1562 2918 1696 2991 opai
1735 2920 1831 2974 καὶ

242 3012 477 3083 Ἕλλησι
522 3011 588 3065 δι’
639 3011 1081 3083 ὑπερϐάλλουσαν
1122 3011 1216 3065 τοῦ
1260 3011 1574 3079 παναγάθου
1616 3009 1830 3083 Πατρὸς

238 3106 593 3177 χρηστότητα
639 3106 733 3159 καὶ
776 3105 1179 3177 φιλανθρωπίαν
1238 3104 1585 3178 εὐεργετικὸν
1637 3104 1829 3160 ἑαυτὸν
1856 3145 1899 3201 c

238 3199 334 3252 ml.
367 3201 640 3269 σωτήριον
663 3196 974 3269 παρείχετο,
1003 3196 1297 3269 διαρρήδην
1326 3195 1485 3250 τοῦτο
1517 3197 1831 3269 προκηρύτ-

236 3306 348 3345 ααν
373 3331 389 3345 .
428 3310 448 3341 ι
484 3290 562 3343 Οὐ
597 3289 781 3359 χρείαν
817 3287 1029 3358 ἔχουσιν
1061 3289 1107 3340 οί
1158 3286 1430 3358 ἰσχύοντες
1458 3287 1664 3357 ἰατροῦ,
1694 3285 1831 3341 ἀλλά

235 3383 287 3435 οἰ
316 3399 513 3445 κακως
540 3379 776 3450 ἔχοντες·
805 3382 906 3433 οὐκ
950 3377 1114 3451 ἦλθον
1158 3378 1380 3432 καλέσαι
1412 3377 1672 3444 δικαίους,
1713 3376 1829 3432 ἀλλ’

234 3472 604 3544 ἁμαρτωλοὺς
635 3472 715 3534 εἰς
743 3472 1051 3541 μετάνοιαν.
1084 3488 1102 3521 ›
1142 3469 1355 3523 Ἐκάλει
1382 3469 1517 3541 δῆτα
1557 3473 1585 3524 ὸ
1611 3469 1828 3524 πάντων

234 3564 456 3636 Σωτὴρ,
496 3583 516 3614 ι
547 3562 733 3629 Δεῦτε,
759 3562 952 3630 λέγων,
982 3561 1119 3633 πρὸς
1149 3561 1214 3632 μὲ
1239 3560 1437 3624 πάντες
1459 3561 1508 3614 οἰ
1532 3559 1828 3626 κοπιῶντες

235 3655 336 3709 καὶ
377 3654 824 3726 πεφορτισμένοι,
865 3650 1022 3722 κάγὼ
1061 3651 1362 3707 ἀναπαύσω
1386 3654 1549 3724 ὑμᾶς’
1592 3673 1610 3706 ι
1643 3654 1826 3708 ἐκάλει

233 3747 335 3801 καὶ
377 3747 497 3799 ἰᾶτο
539 3744 787 3814 ἀφθόνως
822 3744 889 3798 δι’
931 3744 1185 3817 ὀργάνου,
1230 3738 1290 3798 οὗ
1325 3744 1698 3817 προύὁέδλητο
1728 3747 1827 3799 ἀν-

236 3839 537 3910 θρωπίνου,
572 3834 662 3892 οἷά
700 3854 784 3901 τις
825 3838 1083 3909 μουσικὸς
1117 3838 1257 3911 ἀνὴρ
1280 3838 1369 3891 διὰ
1398 3838 1499 3909 τῆς
1527 3838 1696 3909 λύρας
1726 3838 1825 3910 τὴν

235 3933 437 4001 σοφίαν
492 3930 935 3999 ἐπιδεικνύμενος
955 3969 970 3994 ,
1035 3929 1129 3984 καὶ
1180 3928 1465 3993 νοσούσαις
1506 3946 1571 3998 γε
1624 3929 1825 3999 ψυχαῖς

235 4028 355 4089 ταῖς
377 4025 438 4076 ἐν
462 4022 728 4094 σώμασιν,
748 4017 839 4076 οἷά
861 4040 944 4087 τις
973 4021 1173 4095 ἰατρῶν
1198 4022 1438 4094 ἀριστος,
1462 4025 1713 4090 συγγενεῖ
1731 4022 1825 4075 καὶ

234 4116 560 4187 καταλλήλῳ
634 4114 939 4186 βοηθήματι
1009 4115 1103 4168 τὸν
1179 4113 1467 4185 ἄνθρωπον
1534 4113 1698 4176 αὐτός
1762 4129 1822 4165 τε

235 4209 431 4263 ἑαυτὸν
455 4206 761 4277 ὑπόδειγμα
794 4205 960 4276 σοφοῦ
986 4207 1078 4260 καί
1111 4206 1413 4278 παναρέτου
1448 4205 1543 4260 καὶ
1566 4203 1823 4269 εὐσεϐοῦς

236 4290 534 4373 παρείχετο
578 4299 692 4370 βίου
717 4339 731 4363 ,
786 4298 1052 4352 διδάσκων
1104 4298 1203 4370 μὲν
1251 4298 1319 4352 τὰ
1357 4298 1529 4371 ἀληθῆ
1579 4298 1639 4352 οὐ
1689 4297 1820 4369 παρ’

235 4395 441 4466 ἐτέρων
501 4392 879 4465 ὴρανισμένα,
937 4391 995 4459 ἐξ
1053 4392 1223 4446 αὑτοῦ
1266 4392 1459 4447 δὲκαὶ
1512 4390 1665 4464 παρά
1723 4390 1817 4445 τοῦ

1942 1910 2082 1966 ciem
2138 1910 2507 1978 habentibus,
2545 1912 2776 1967 formam
2819 1913 3158 1983 ﬁguramque
3213 1912 3518 1981 imprimit;

1940 2022 2191 2078 quasque
2218 2007 2273 2062 in
2304 2023 2363 2064 se
2388 2009 2553 2065 habet
2583 2008 3029 2079 pulchritudines
3052 2009 3520 2078 incorporeasque

1940 2100 2171 2169 species,
2201 2113 2490 2170 corporum
2513 2100 2869 2172 qualitatibus
2903 2099 3194 2162 immiscet,
3225 2109 3519 2171 movetque

1938 2205 2003 2245 ea
2032 2206 2154 2262 quae
2204 2206 2307 2247 sua
2337 2192 2581 2263 ipsorum
2620 2191 2834 2247 ratione
2886 2191 3128 2245 inanima
3183 2189 3520 2262 immotaque

1939 2292 2086 2349 sunt,
2128 2290 2351 2348 terram,
2387 2299 2606 2355 aquam,
2635 2300 2839 2352 aerem,
2872 2283 3075 2353 ignem,
3109 2284 3520 2353 sapientissimo

1936 2375 2172 2446 quodam
2199 2377 2458 2446 omnique
2488 2378 2857 2431 concinnitate
2888 2375 3091 2430 referto
3124 2385 3275 2430 motu
3305 2393 3320 2442 ;
3349 2384 3517 2447 atque

1935 2467 2155 2522 ordinat
2181 2468 2366 2523 omnia
2396 2482 2736 2539 quaecunque
2783 2467 3093 2523 inordinata
3117 2475 3269 2531 sunt,
3294 2466 3516 2523 eadem-

1935 2575 2041 2629 que
2062 2568 2222 2631 auget
2251 2576 2314 2613 ac
2346 2559 2559 2630 perﬁcit
2595 2577 2610 2625 ;
2647 2575 2713 2615 ac
2744 2574 2846 2615 sua
2869 2559 3045 2630 ipsius
3067 2558 3250 2614 divina
3277 2559 3517 2613 rationa-

1936 2652 2081 2722 lique
2116 2653 2316 2707 virtute
2344 2652 2556 2708 accedit
2589 2652 2656 2707 ad
2687 2652 2871 2706 omnia
2908 2665 2972 2705 ac
3002 2667 3100 2721 per
3131 2651 3315 2705 omnia
3347 2665 3516 2720 pene-

1933 2751 2064 2805 trat,
2125 2743 2421 2813 omniaque
2470 2743 2709 2813 attingit,
2732 2756 2910 2811 neque
2961 2748 3142 2796 tamen
3196 2739 3513 2796 nocumenti

1934 2835 2232 2906 quidquam
2261 2850 2326 2889 ex
2361 2850 2549 2890 earum
2602 2850 2783 2889 rerum
2830 2834 3013 2903 aliqua
3063 2832 3274 2893 trahit.
3334 2848 3514 2902 neque

1932 2941 2087 2981 suam
2113 2925 2288 2995 ipsius
2321 2933 2571 2979 naturam
2605 2924 2960 2995 coinquinat?
2992 2923 3194 2978 Eadem
3221 2927 3401 2993 itaque
3426 2932 3514 2977 est

1931 3016 2094 3079 ratio,
2127 3016 2258 3070 dum
2289 3015 2453 3069 etiam
2481 3015 2624 3069 inter
2656 3016 2906 3070 homines
2940 3014 3110 3085 degit.
3136 3013 3263 3068 illos
3286 3011 3509 3083 quidem

1931 3111 2089 3159 antea
2127 3119 2331 3174 paucos
2362 3112 2416 3160 et
2449 3104 2841 3166 numerabiles,
2889 3104 3038 3159 solos
3075 3104 3264 3174 utique
3296 3118 3413 3167 eos,
3441 3102 3512 3159 de

1916 3196 2132 3268 quibus
2160 3196 2426 3266 scriptum
2459 3207 2562 3259 est,
2584 3196 2877 3265 prophetas
2901 3196 3191 3267 justosque
3219 3198 3389 3261 viros,
3412 3197 3508 3253 iis-

1930 3304 2037 3359 que
2067 3289 2204 3345 alias
2255 3289 2414 3343 aliter
2442 3304 2502 3344 se
2534 3288 2775 3343 ostendit
2805 3308 2819 3343 :
2878 3280 3178 3345 novissime
3211 3305 3344 3346 vero
3391 3288 3508 3360 jam

1929 3381 2186 3437 omnibus
2215 3380 2375 3435 malis
2403 3380 2695 3451 impiisque
2726 3387 2781 3435 et
2812 3379 3052 3435 Hebraeis
3080 3381 3242 3435 simul
3273 3388 3325 3435 et
3357 3381 3511 3437 Graec

1929 3473 2031 3536 cis.
2054 3489 2123 3528 ex
2155 3473 2456 3527 abundanti
2485 3472 2677 3543 optimi
2718 3471 2899 3543 Patris
2933 3473 3178 3529 bonitate
3211 3489 3510 3544 amoreque

1927 3580 2055 3635 erga
2097 3564 2371 3628 homines,
2421 3564 2749 3621 beneﬁcium
2796 3564 3039 3635 seipsum
3096 3565 3509 3636 salutaremque

1931 3655 2190 3720 exhibet,
2240 3656 2404 3726 plane
2434 3656 2540 3711 hoc
2576 3657 2755 3726 ipsum
2782 3671 2848 3711 ac
2881 3657 3101 3729 publice
3145 3658 3503 3715 denuntians.

1931 3763 1951 3796 ι
1993 3744 2111 3799 Non
2142 3746 2406 3817 indigent,
2438 3747 2643 3817 inquit,
2693 3747 2833 3802 bene
2860 3747 3106 3803 valentes
3136 3748 3373 3813 medico,
3406 3749 3504 3804 sed

1924 3839 2067 3895 male
2096 3839 2360 3896 habentes
2393 3857 2409 3894 ι
2447 3856 2558 3896 non
2589 3841 2714 3897 veni
2745 3849 2802 3896 ut
2848 3855 3101 3897 vocarem
3153 3842 3337 3911 justus
3360 3881 3375 3907 ,
3407 3841 3506 3898 sed

1926 3938 2243 4000 peccatores
2271 3932 2340 3986 ad
2371 3931 2753 4001 pumitentiam
2786 3934 2852 3989 ⁸³.
2885 3953 2905 3985 ι
2936 3930 3178 3988 Vocabat
3204 3948 3337 4004 ergo
3378 3932 3504 3991 Sal-

1924 4028 2078 4074 vator
2108 4021 2349 4076 omnium
2376 4021 2567 4077 dicens
2605 4036 2620 4074 :
2653 4038 2672 4070 ι
2703 4018 2897 4075 Venite
2936 4024 3002 4074 ad
3045 4037 3153 4084 me,
3185 4036 3377 4076 omnes
3407 4020 3503 4091 qui

1924 4112 2186 4168 laboratis
2214 4122 2269 4168 et
2306 4114 2520 4168 onerati
2558 4113 2715 4181 estis,
2755 4123 2810 4168 et
2836 4128 2936 4184 ego
2962 4112 3201 4167 reﬁciam
3239 4127 3333 4167 vos
3369 4112 3434 4167 “.
3476 4131 3497 4164 ι

1926 4202 2172 4258 Vocabat
2197 4219 2260 4258 ac
2290 4202 2521 4257 sanabat
2562 4203 2888 4266 liberaliter,
2915 4217 3011 4271 per
3040 4202 3171 4256 illud
3201 4202 3501 4256 humanum

1925 4298 2351 4351 instrumentum
2384 4295 2529 4365 quod
2561 4310 2674 4365 pra:
2708 4311 2769 4350 se
2789 4294 3016 4358 ferebat,
3052 4293 3220 4348 veluti
3268 4294 3494 4364 quidam

1922 4389 2170 4444 musicus
2198 4388 2303 4452 vir,
2335 4388 2428 4459 qui
2459 4403 2556 4458 per
2579 4388 2749 4459 lyram
2768 4400 2931 4457 quam
2966 4387 3039 4442 sit
3064 4387 3261 4444 doctus
3306 4397 3500 4445 osten-

235 4484 450 4558 Πατρδς
509 4484 578 4539 τά
639 4484 807 4538 πάλαι
859 4483 953 4536 καὶ
1009 4484 1075 4537 ἐκ
1120 4482 1332 4554 μακροῦ
1360 4482 1451 4537 τοῦ
1486 4482 1677 4548 αἰῶνος
1705 4486 1819 4546 τοῖς

1932 4481 2020 4544 dit,
2055 4498 2159 4537 nec
2185 4498 2293 4536 non
2317 4482 2708 4554 mgrotantibus
2722 4482 2921 4537 animis
2941 4482 3031 4541 iis.
3066 4496 3188 4551 quae
3217 4481 3273 4535 in
3303 4496 3501 4552 corpo-

235 4576 503 4630 ἀνέκαθεν
528 4573 797 4644 θεοφιλέσι
824 4573 919 4627 καὶ
954 4576 1067 4637 τοῖς
1097 4573 1204 4645 πρὸ
1239 4573 1517 4637 Μωῦσέως
1549 4571 1817 4644 Ἑϐραίοις

1918 4573 2072 4630 ribus
2088 4575 2356 4645 degebant
2384 4573 2552 4629 veluti
2576 4573 2819 4644 optimus
2846 4573 3068 4643 quidam
3084 4573 3497 4637 ntedicus,dum

236 4664 724 4738 νενομοθετημένα.
771 4663 1048 4735 Σωμάτων
1094 4662 1150 4717 δέ
1192 4663 1289 4733 οὐχ
1338 4658 1501 4734 ἦττον
1547 4662 1581 4734 ἢ
1627 4661 1816 4733 ψυχῶν

1932 4676 2143 4735 :ognata
2155 4668 2586 4736 congruentique
2602 4681 2702 4736 ope
2719 4668 2896 4737 ipsum
2912 4665 3186 4720 hominem
3200 4666 3501 4735 curat,ipse

236 4759 664 4831 ἐπιμελόμενος,
703 4758 798 4812 καί
836 4759 1118 4830 σαρκικοῖς
1153 4757 1251 4827 μὲν
1280 4755 1584 4829 ἀνθρώπων
1614 4754 1816 4826 ὀφθαλ-

241 4855 359 4923 μοῖς
378 4851 447 4904 τά
468 4850 559 4904 διὰ
582 4850 683 4920 τῆς
705 4849 906 4920 σαρκὸς
928 4848 1079 4919 αὐτῷ
1101 4847 1353 4920 δρώμενα
1379 4845 1811 4920 παρασκευάζων

237 4944 386 5015 ape».
415 4942 608 5005 ἀκοαῖς
644 4939 701 4992 δὲ
742 4938 901 4993 πάλιν
946 4937 1149 5009 σαρκὸς
1182 4938 1281 5002 τάς
1318 4937 1406 4992 διὰ
1435 4936 1682 5008 γλώττης
1719 4937 1813 4990 καὶ

241 5034 437 5106 σαρκὸς
468 5031 693 5103 ὑπηχῶν
722 5029 1091 5094 διδασκαλίας,
1126 5032 1221 5084 καὶ
1253 5030 1429 5083 πάντα
1455 5046 1519 5098 γε
1552 5029 1813 5083 ἐπιτελῶν

238 5126 303 5178 δι’
337 5118 399 5178 οὗ
424 5124 715 5195 ἀνείληφεν
744 5122 1032 5194 ἀνθρώπου
1053 5162 1069 5186 ,
1105 5125 1218 5186 τοῖς
1247 5123 1349 5177 οὐκ
1378 5122 1551 5184 ἄλλως
1574 5122 1606 5194 ἢ
1640 5123 1815 5194 μόνως

239 5216 407 5280 οὕτως
429 5217 528 5287 τῆς
553 5215 720 5270 αὐτοῦ
751 5215 1023 5286 θειότητος
1058 5214 1437 5269 συναισθέσοαι
1469 5215 1808 5286 δυναμένοις.

240 5311 420 5365 Ταῦτα
462 5311 527 5379 δὴ
563 5305 659 5363 οὖν
701 5309 916 5363 ἅπαντα
961 5312 1042 5372 εἰς
1071 5309 1133 5362 τὸ
1164 5310 1467 5380 χρήσιμον,
1507 5312 1601 5362 καὶ
1646 5309 1812 5362 πᾶσιν

239 5406 365 5473 ἡμῖν
389 5402 663 5473 ὠφέλιμον
684 5404 714 5455 ό
741 5402 919 5456 πάντα
943 5401 1321 5475 φιλάνθρωπος
1349 5402 1442 5457 τοῦ
1473 5401 1607 5456 Θεοῦ
1640 5402 1813 5470 Λόγος

238 5500 352 5561 ταῖς
385 5498 682 5567 πατρικαῖς
710 5493 923 5564 βουλαῖς
950 5493 1247 5567 διηκονεῖτο
1266 5536 1281 5560 ,
1314 5496 1493 5567 μένων
1523 5495 1686 5550 πάλιν
1714 5495 1812 5548 αὺ-

237 5587 323 5651 τδς
353 5587 517 5650 ἆῦλος
559 5577 654 5638 καὶ
687 5581 977 5655 ἀσώματος
995 5625 1011 5651 ,
1053 5582 1165 5650 οἷος
1206 5586 1301 5640 καὶ
1328 5585 1527 5659 προτοῦ
1558 5585 1710 5659 παρά
1735 5584 1814 5658 τῷ

305 5769 347 5800 ³³
383 5766 518 5822 Luc.
555 5784 613 5833 v,
640 5768 728 5835 5|,
760 5767 849 5822 32.
931 5769 973 5801 ”
1005 5766 1192 5824 Matth.
1224 5785 1301 5833 xx,
1331 5768 1422 5824 28.

1918 4759 2162 4830 seipsum
2201 4760 2480 4829 exemplar
2500 4757 2652 4813 omni
2699 4757 2974 4828 sapientia
3003 4759 3261 4827 omnique
3294 4757 3499 4810 virtute

1916 4852 2132 4907 referta:
2148 4852 2269 4907 vita:
2286 4850 2925 4921 praebebat,docebatque
2948 4849 3166 4904 interim
3184 4848 3494 4914 veritatem,

1924 4942 2084 5013 169
2102 4957 2209 4997 non
2244 4956 2407 5012 quam
2439 4942 2508 4996 ab
2550 4940 2674 4995 aliis
2698 4940 3070 5010 compilasset,
3104 4938 3198 4994 sed
3225 4953 3345 4994 eam
3375 4954 3499 5008 qua

1918 5045 1974 5095 οι
2005 5051 2034 5089 a
2067 5035 2254 5105 seipso
2297 5041 2352 5088 et
2381 5050 2410 5088 a
2444 5035 2623 5099 Patre,
2671 5033 2868 5104 priscis
2913 5033 3043 5097 illis,
3078 5036 3171 5103 qui
3208 5042 3314 5086 tam
3353 5034 3497 5087 mul-

1922 5129 1994 5185 tis
2050 5138 2179 5186 ante
2223 5130 2439 5186 saeculis
2494 5144 2526 5184 a
2566 5137 2755 5184 nostra
2797 5134 2956 5183 astate
2986 5126 3178 5197 procul
3222 5127 3493 5190 vixerant,

1919 5218 2012 5276 Dei
2036 5221 2249 5283 amicis,
2278 5222 2370 5291 qui
2400 5231 2523 5276 ante
2554 5219 2756 5276 Mosetn
2784 5218 3088 5273 ﬂoruerunt
3113 5216 3375 5280 Hebraeis,
3402 5232 3496 5272 ve-

1919 5307 2018 5361 luti
2064 5310 2147 5363 lex
2195 5309 2442 5379 quaedam
2480 5308 2728 5380 exposita
2775 5316 2962 5363 esset:
3007 5315 3061 5363 et
3099 5322 3330 5378 corpora
3373 5307 3492 5377 ipsa

1880 5418 2027 5456 .non
2062 5402 2246 5457 minus
2283 5402 2510 5457 curabat
2555 5416 2716 5472 quam
2764 5400 2977 5457 animas
3007 5420 3021 5456 :
3051 5416 3175 5455 nam
3210 5399 3493 5470 corporeis

1918 5494 2139 5563 quidem
2178 5494 2463 5549 hominum
2508 5494 2708 5558 oculis,
2749 5508 2868 5564 qua:
2894 5508 2989 5564 per
3028 5507 3230 5563 corpus
3273 5492 3343 5546 ab
3373 5490 3493 5561 ipso

1917 5585 2142 5653 ﬁebant,
2179 5584 2439 5641 intuenda
2468 5584 2842 5656 comparabat,
2871 5598 3172 5653 rursusque
3213 5586 3492 5653 corporeis
