4120 6420
606 344 717 399 287

1283 341 1556 400 EUSEBlI
1596 343 2082 401 CESARlENSIS
2119 343 2269 400 ΟΡΡ.
2311 341 2514 398 PARS.
2559 342 2597 395 Ι.
2639 373 2706 383 ——
2743 341 3247 400 APOLOGETICA.

3745 345 3850 400 εδδ

615 462 840 518 auribus
867 461 1192 525 doctrinam,
1221 476 1316 530 per
1347 477 1666 532 corpoream
1717 464 1902 518 itidem
1943 464 2179 534 linguam

2289 460 2466 532 Πατρὶ⁵
2491 457 2580 532 ἦν,
2603 459 2728 514 οὕτε
2775 457 3094 532 μεταϐαλὼν
3130 459 3230 531 τὴν
3263 457 3481 521 οὐσίαν,
3519 457 3626 512 οὐδ’
3658 460 3853 528 ἀφανι-

613 552 924 614 insonabat.
986 566 1088 605 nec
1145 567 1254 606 non
1307 553 1486 607 omnia
1553 553 1870 624 perﬁciebat
1917 569 2016 624 per
2060 569 2186 608 eum

609 658 774 711 quem
819 651 1194 711 assumpserat
1256 643 1570 710 hominem,
1625 645 1693 700 iis
1722 645 1817 714 qui
1873 659 1980 698 non
2030 644 2187 698 aliter

613 747 774 800 quam
815 732 894 785 sic
924 731 1190 785 duntaxat
1219 734 1392 808 ipsius
1422 733 1761 789 divinitatem
1791 734 1997 788 sentire
2036 743 2188 804 pote-

613 830 755 876 rant.
803 822 926 878 lltec
961 839 1198 894 namque
1226 826 1409 878 omnia
1460 825 1525 878 ad
1574 842 1733 880 usum
1781 834 1946 896 atque
1978 828 2188 880 utilita-

611 932 720 970 tem
743 917 988 971 omnium
1017 927 1286 980 nostrum,
1314 918 1608 972 humanum
1631 935 1803 989 genus
1825 920 1971 973 omni
1999 934 2188 988 prose-

612 1024 786 1076 quens
814 1023 999 1063 amore
1032 1008 1125 1064 llei
1165 1007 1425 1073 Verbum,
1473 1012 1713 1080 paternis
1742 1011 1990 1066 consiliis
2013 1010 2186 1064 admi-

612 1100 904 1166 nistrabat,
948 1100 1062 1169 ipse
1097 1101 1312 1153 interim
1361 1117 1553 1155 rursus
1601 1111 1656 1156 et
1694 1101 1934 1157 materia:
1965 1117 2182 1170 expers,

613 1199 668 1245 et
716 1191 1071 1258 incorporeus
1118 1206 1366 1256 manens,
1413 1191 1720 1258 cuiusmodi
1763 1193 1927 1246 etiam
1977 1193 2183 1262 pridem

618 1281 760 1351 apud
797 1278 1012 1333 Patrem
1041 1287 1178 1341 erat,
1205 1296 1380 1348 neque
1413 1288 1630 1335 mutans
1659 1283 1973 1348 essentiam,
2008 1299 2186 1351 neque

619 1373 874 1443 perdens.
919 1370 1064 1440 quod
1104 1387 1216 1425 suae
1263 1371 1436 1440 ipsius
1473 1379 1683 1425 natura:
1717 1373 1996 1442 pr0prium
2042 1382 2182 1438 erat,

617 1480 793 1534 neque
829 1480 956 1517 vero
1005 1471 1098 1516 aut
1142 1464 1390 1532 corporis
1436 1464 1668 1518 vinculis
1721 1464 2050 1534 impeditus,
2093 1475 2188 1521 aut

613 1573 642 1608 a
683 1572 782 1610 sua
817 1555 1101 1609 divinitate
1145 1554 1410 1624 dejectus,
1451 1571 1515 1609 ac
1553 1571 1622 1610 ne
1662 1555 2018 1612 domesticam
2058 1561 2185 1629 qui-

610 1653 732 1706 dem
767 1649 929 1704 Verbi
963 1659 1283 1720 potestatem
1319 1651 1598 1714 amittens.
1630 1652 1724 1707 sed
1763 1668 1939 1722 neque
1970 1654 2059 1716 iis.
2089 1654 2185 1724 qui

609 1743 725 1796 illic
750 1742 969 1812 quidem
998 1742 1088 1795 ubi
1118 1741 1218 1810 ipsi
1257 1740 1554 1795 humanum
1591 1756 1686 1797 vas
1723 1743 1933 1808 aderat,
1965 1743 2186 1814 degeret

2287 551 2434 616 σθεὶς
2471 553 2569 622 τῆς
2603 553 2795 606 ἐαυτοῦ
2847 551 3009 616 αὐτὸς
3049 550 3297 620 φύσεως,
3343 549 3462 602 οὐδὲ
3508 566 3572 619 γε
3617 551 3728 612 τοίς
3759 551 3852 620 τῆς

2286 644 2488 715 σαρκὸς
2514 643 2730 714 δεσμοῖς
2763 643 3017 714 πεδηθεὶς
3036 627 3066 707 ,’
3079 642 3198 696 ούδέ
3230 639 3520 695 ἀποπεσὼν
3547 641 3643 712 τῆς
3671 641 3855 712 θεότη-

2283 751 2408 798 τος,
2444 735 2558 788 ἀλλ’
2587 735 2708 788 οὐδὲ
2747 735 2844 806 τὴν
2889 734 3095 788 οίκείαν
3144 731 3238 785 τοῦ
3271 732 3442 800 Λόγου
3479 731 3856 802 παραπολέσας

2283 824 2512 896 δύναμιν
2531 865 2545 888 ,
2592 826 2702 878 οὐδ’
2734 820 2835 879 ὧδε
2889 826 2986 896 μὲν
3017 825 3145 877 ἔνθα
3172 820 3238 895 ἦν
3274 823 3422 894 αὐτῷ
3463 822 3523 876 τὸ
3553 821 3856 896 ἀνθρώπιον

2289 917 2480 980 σκεῦος
2507 917 2605 980 τὰς
2637 915 2919 987 διατριϐὰς
2953 915 3290 985 ποιούμενος,
3317 916 3374 966 ἐν
3404 913 3611 985 ἐτέροις
3639 913 3695 966 δὲ
3718 908 3857 966 εἶναι

2283 1007 2377 1060 τοῦ
2411 1007 2610 1070 παντὸς
2642 1006 3036 1077 κεκωλυμένος.
3089 1005 3246 1059 Ἀλλὰ
3275 1005 3381 1074 γὰρ
3409 1004 3502 1058 καὶ
3537 1006 3596 1057 ἐν
3635 1004 3711 1075 τῷ
3736 1006 3859 1060 τότε

2286 1098 2388 1152 καθ
2408 1100 2420 1120 ⁹
2441 1099 2469 1152 ὃ
2491 1103 2547 1152 ἐν
2577 1098 2882 1172 ἀνθρώποις
2911 1083 3266 1163 ἐπολιτεύετο,
3291 1097 3360 1150 τὰ
3389 1099 3565 1152 πάντα
3597 1097 3856 1168 ἐπλήρου,

2285 1191 2378 1244 καὶ
2416 1189 2494 1260 τῷ
2527 1191 2704 1260 Πατρὶ
2748 1189 2947 1260 συνῆν,
2985 1190 3080 1243 καὶ
3125 1192 3179 1242 ἐν
3211 1189 3359 1261 αύτῷ
3395 1207 3459 1258 γε
3489 1185 3586 1260 ἦν,
3621 1189 3716 1243 καὶ
3747 1190 3856 1242 τῶν

2284 1283 2501 1336 πάντων
2531 1281 2740 1354 ἁθρόως
2780 1284 2871 1335 καὶ
2905 1285 2964 1336 ἐν
2995 1281 3070 1352 τῷ
3096 1283 3214 1336 τότε
3245 1283 3354 1336 τῶν
3378 1300 3438 1335 τε
3475 1285 3592 1336 κατ’
3629 1283 3862 1354 οὐρανὸν

2284 1374 2378 1428 καὶ
2405 1375 2498 1427 ἐπὶ
2529 1375 2632 1444 γῆς
2659 1375 2972 1444 ἐπεμέλετο,
2991 1375 3238 1444 οὐδαμῶς
3260 1376 3357 1445 τῆς
3383 1375 3687 1445 πανταχόσε
3717 1391 3829 1446 παρ
3847 1405 3862 1415 ο

2286 1467 2472 1531 ουσίας
2527 1467 2728 1538 ὁμοίως
2763 1470 2896 1538 ἡμῖν
2931 1468 3450 1538 άποκεκλεισμένος,
3496 1468 3614 1521 οὐδὲ
3645 1467 3714 1520 τὰ
3744 1467 3865 1521 θεῖα

2285 1560 2542 1630 πράττειν
2597 1559 2840 1630 συνήθως
2883 1558 3413 1631 παραποδιζόμενος’
3457 1560 3594 1614 ἀλλὰ
3638 1560 3708 1613 τὰ
3761 1559 3864 1630 μὲν

2284 1651 2344 1714 ἐξ
2372 1649 2534 1703 αὑτοῦ
2573 1650 2887 1720 μεταδιδοὺς
2914 1649 2991 1721 τῷ
3015 1649 3284 1721 ἀνθρώπῳ
3303 1689 3319 1713 ,
3348 1651 3416 1702 τά
3445 1650 3490 1702 δ’
3521 1652 3584 1703 ἐκ
3613 1649 3705 1702 τοῦ
3733 1649 3866 1721 θνη-

2287 1738 2381 1792 τοῦ
2412 1739 2486 1810 μὴ
2524 1739 2937 1810 ἀντιλαμῦάνων
2956 1756 2967 1768 ·
2999 1739 3088 1792 καὶ
3117 1739 3212 1810 τῆς
3247 1740 3344 1810 μὲν
3370 1739 3554 1793 ἐνθέου
3583 1740 3866 1810 δυνάμεως

610 1842 846 1898 tantum,
890 1834 942 1886 in
987 1833 1110 1888 aliis
1143 1849 1272 1888 vero
1307 1833 1549 1890 universi
1597 1835 1845 1904 partibus
1888 1851 2009 1891 esse
2050 1851 2179 1904 pro-

2283 1829 2361 1899 τῷ
2390 1829 2567 1900 θνητῷ
2603 1830 2852 1900 χορηγῶν
2873 1871 2888 1895 ,
2924 1832 3022 1900 τῆς
3047 1830 3103 1883 δέ
3135 1832 3200 1883 ἐκ
3229 1831 3321 1884 τοῦ
3351 1830 3545 1902 θνητοῦ
3575 1832 3868 1902 μετουσίας

610 1925 906 1979 hiberetur.
947 1924 1157 1982 Etenim
1185 1934 1314 1982 tunc
1351 1944 1571 1998 quoque
1610 1943 1733 1982 cum
1761 1929 1903 1984 inter
1933 1929 2182 1984 homines

608 2017 950 2081 versabatur,
987 2018 1344 2075 nihilominus
1395 2021 1579 2074 omnia
1605 2020 1934 2090 complebat,
1963 2021 2180 2075 interim

607 2116 811 2161 et.eum
839 2107 998 2164 Patre
1022 2119 1075 2164 et
1107 2111 1159 2164 in
1194 2109 1353 2166 Patre
1379 2112 1518 2167 idem
1551 2121 1692 2175 erat,
1727 2122 1780 2167 et
1809 2113 2054 2166 omnium
2094 2129 2184 2168 re-

608 2215 729 2252 rum
782 2202 985 2270 pariter
1037 2204 1089 2257 in
1137 2204 1328 2259 eodem
1392 2213 1654 2275 tempore,
1716 2214 1826 2259 tam
1873 2205 2179 2261 ecclestium

606 2308 768 2362 quam
797 2295 1140 2349 terrestrium
1179 2311 1369 2350 curam
1396 2297 1652 2366 gerebat;
1687 2311 1959 2366 nusquam
1994 2296 2061 2350 ab
2086 2297 2180 2350 illa

610 2385 919 2453 praesentia,
973 2401 1081 2454 qua
1133 2389 1349 2441 cunctis
1384 2388 1548 2442 rebus
1591 2388 1745 2443 adest
1793 2396 1986 2442 nostro
2029 2403 2182 2444 more

604 2476 882 2532 exclusus.
915 2489 1091 2544 neque
1122 2475 1328 2538 divina,
1366 2492 1433 2531 ne
1464 2488 1647 2548 ageret
1677 2493 1827 2533 more
1850 2494 1972 2541 suo,
2009 2479 2183 2548 impe-

605 2565 775 2626 ditus.
827 2565 921 2619 sed
962 2565 1052 2620 illa
1090 2567 1308 2636 quidem
1343 2584 1373 2621 a
1413 2569 1596 2638 seipse
1627 2570 2044 2626 communicatis
2080 2572 2181 2626 lio-

606 2656 760 2718 mini,
798 2657 910 2711 lucc
934 2673 1062 2711 vero
1093 2673 1122 2711 a
1163 2661 1379 2713 mortali
1415 2661 1530 2730 ipse
1568 2677 1676 2715 non
1714 2663 2008 2732 accipiens.
2045 2662 2176 2718 ltem

604 2747 821 2800 mortali
845 2748 1064 2816 quidem
1093 2750 1200 2802 vim
1226 2751 1466 2804 divinam
1493 2753 1871 2822 suppeditans,
1905 2769 1935 2807 a
1961 2757 2179 2809 mortali

606 2851 736 2890 vero
767 2838 883 2907 ipse
916 2854 1025 2892 non
1055 2847 1246 2892 contra
1281 2841 1334 2893 in
1361 2850 1567 2910 partem
1602 2851 1696 2896 aut
1725 2846 2176 2900 communitatem

604 2929 896 2984 adductus.
927 2929 1110 3000 Neque
1141 2933 1308 3000 igitur
1339 2934 1389 2986 in
1419 2945 1574 3002 partu
1607 2950 1637 2988 a
1682 2952 1911 3006 corpore
1939 2938 2056 3007 ipse
2099 2938 2179 2992 in-

604 3037 905 3092 corporeus
949 3025 1361 3094 inquinabatur,
1406 3041 1581 3096 neque
1627 3028 1753 3081 item
1797 3029 1888 3098 qui
1937 3029 2178 3099 paﬁbilis

604 3123 812 3168 natura:
851 3130 1046 3185 expers
1084 3123 1224 3178 erat,
1269 3117 1473 3186 aliquid
1525 3133 1556 3171 a
1612 3121 1826 3174 mortali
1873 3121 2174 3175 secundum

602 3208 896 3260 essentiam
948 3208 1275 3277 patiebatur.
1326 3209 1461 3262 Nam
1519 3225 1730 3280 neque,
1777 3213 1926 3266 verbi
1979 3214 2175 3283 gratia,

602 3300 736 3353 dum
767 3300 880 3370 lyra
935 3303 1205 3370 pulsatur,
1265 3315 1358 3357 aut
1408 3303 1560 3358 nervi
1611 3306 2012 3370 convclluntur,
2066 3309 2174 3378 pati

602 3391 898 3447 verisimile
948 3403 1032 3449 est
1070 3411 1192 3449 eum
1237 3396 1330 3465 qui
1381 3397 1455 3450 ita
1497 3398 1780 3466 praeludit;
1829 3414 2004 3469 neque
2049 3401 2178 3455 dum

603 3487 909 3556 cujuspiam
940 3489 1042 3542 viri
1066 3490 1330 3560 sapientis
1362 3505 1561 3560 corpus
1590 3499 1895 3562 torquetur,
1920 3495 2067 3549 illius
2091 3510 2180 3548 sa-

603 3577 886 3646 pientiam,
912 3589 1006 3634 aut
1035 3597 1198 3650 quam
1227 3582 1278 3636 in
1312 3597 1544 3652 corpore
1564 3586 1706 3654 gerit
1740 3586 2000 3650 animam,
2040 3586 2177 3641 εωθί

603 3677 698 3723 aut
728 3672 908 3740 puniri
947 3675 1142 3728 merito
1172 3672 1354 3727 dicere
1389 3690 1681 3743 possumus
1708 3696 1722 3731 :
1749 3680 1938 3732 eadem
1968 3678 2180 3734 ratione

603 3764 940 3834 neutiquam,
971 3769 1250 3836 multoque
1284 3767 1448 3821 etiam
1487 3767 1690 3832 minus,
1721 3770 1868 3838 quod
1895 3769 2055 3825 Verbi
2085 3779 2181 3826 aut

602 3863 819 3920 natura,
859 3865 951 3909 aut
979 3858 1085 3919 vis,
1125 3859 1436 3913 detrimenti
1465 3860 1742 3929 quidpiam
1775 3877 1842 3916 ex
1875 3863 2032 3933 170
2055 3879 2180 3918 cor-

603 3950 754 4016 poris
795 3949 1175 4006 all'ectionibus
1222 3953 1424 4014 trahat,
1456 3951 1724 4006 allirmare
1764 3969 1862 4023 par
1909 3965 2011 4012 est.
2041 3955 2177 4011 Nam

603 4057 768 4110 supra
810 4058 878 4097 ne
916 4043 1136 4098 luminis
1185 4044 1405 4114 quidem
1458 4046 1589 4100 illud
1633 4047 1942 4116 appositum
1988 4064 2176 4104 exem-

602 4133 775 4201 plum,
802 4135 969 4203 pollui
1001 4137 1211 4190 so!ares
1252 4135 1454 4201 radios,
1488 4140 1618 4190 (οιιιι
1643 4138 1861 4192 coalitus
1894 4138 1948 4191 in
1975 4148 2173 4193 terram

600 4224 983 4289 demittuntur,
1013 4235 1068 4281 et
1104 4229 1276 4282 lutum
1315 4244 1379 4282 ac
1409 4245 1650 4294 cmnum,
1679 4239 1844 4299 atque
1873 4231 2055 4285 omnis
2079 4248 2172 4302 ge-

599 4316 750 4371 neris
782 4319 972 4373 sordes
1003 4319 1297 4390 attingunt,
1324 4323 1680 4377 concedebat.
1716 4323 2014 4377 llluminari
2054 4323 2175 4394 qui-

598 4408 720 4462 detn
749 4409 912 4463 etiam
946 4410 1058 4464 [nec
1094 4412 1161 4464 ab
1195 4412 1366 4480 ipsius
1399 4414 1621 4469 luminis
1651 4416 1840 4477 radiis,
1877 4416 2012 4469 nihil
2043 4431 2174 4470 sane

2287 1923 2388 1974 οὐκ
2425 1923 2881 1993 άντεπαγόμενος.
2916 1922 3041 1976 (θύετ’
3081 1918 3174 1976 οὖν
3219 1924 3508 1994 ἐμολύνετο
3544 1926 3870 1994 τικτόμενος

2286 2013 2392 2066 ὑπὸ
2421 2013 2516 2066 τοῦ
2553 2013 2802 2084 σώματος
2831 2017 2860 2068 ό
2889 2016 3176 2085 ἀσώματος
3195 2057 3209 2080 ,
3244 2017 3364 2070 ούδέ
3389 2017 3486 2088 τὴν
3515 2018 3703 2071 ούσίαν
3729 2017 3871 2071 επα-

2285 2123 2411 2177 σχεν
2437 2109 2464 2160 ὁ
2492 2107 2708 2179 ἀπαθὴς
2749 2108 2852 2160 ὑπὸ
2890 2107 2980 2160 τοῦ
3027 2108 3218 2179 θνητοῦ
3245 2126 3257 2138 °
3293 2111 3415 2162 ἐπεὶ
3472 2110 3605 2180 μηδέ
3637 2110 3736 2180 τῆς
3767 2107 3869 2162 λύο

2288 2212 2406 2266 ρας,
2433 2197 2481 2248 εἰ
2511 2195 2684 2260 οὕτως
2710 2195 2883 2267 τύχοι,
2916 2199 3278 2270 κοπτομένης,
3304 2199 3336 2270 ἢ
3369 2199 3474 2253 τῶν
3504 2199 3708 2270 χορδῶν
3747 2201 3872 2253 δια-

2286 2287 2618 2358 σπωμένων,
2662 2287 2894 2360 πάσχειν
2924 2291 3070 2354 εἰκὸς
3098 2291 3188 2344 τον
3233 2292 3672 2362 ἀνακρουόμενον
3693 2310 3706 2322 ⁸
3739 2293 3869 2348 οὐδέ

2283 2395 2348 2448 γε
2398 2380 2562 2450 σοφοῦ
2601 2398 2747 2444 τινος
2795 2381 2984 2453 ἀνδρὸς
3013 2385 3421 2454 τιμωρουμένου
3454 2384 3548 2437 τοῦ
3576 2387 3825 2456 σώματος
3845 2427 3867 2451 ,

2282 2471 2382 2542 τὴν
2415 2472 2473 2524 ἐν
2509 2472 2659 2544 αὐτῷ
2690 2473 2916 2542 σοφίαν,
2947 2475 2979 2545 ἢ
3007 2477 3106 2547 τήν
3139 2493 3202 2544 γε
3243 2479 3300 2529 ἐν
3332 2475 3410 2547 τῷ
3440 2475 3651 2547 σώματι
3683 2478 3870 2548 ψυχὴν

2284 2563 2614 2628 κόπτεσθαι,
2657 2565 2690 2634 ἢ
2739 2565 2987 2620 καίεσθαι
3019 2566 3256 2637 φαίημεν
3290 2567 3356 2622 ἂν
3399 2570 3644 2633 εἰκότως.
3677 2570 3871 2644 Ταύτῃ

2283 2671 2364 2707 τοι
2422 2655 2555 2708 πολὺ
2629 2656 2790 2709 πλέον
2847 2657 2968 2710 ούδέ
3026 2659 3126 2730 τὴν
3182 2659 3276 2712 τοῦ
3333 2659 3508 2729 Λόγου
3601 2661 3762 2729 φύσιν
3828 2663 3870 2733 ἢ

2282 2746 2508 2820 δύναμιν
2569 2749 2765 2819 βλάϐος
2817 2768 2870 2803 τι
2929 2751 2994 2804 ἐκ
3043 2753 3148 2805 τῶν
3208 2755 3300 2806 τοῦ
3357 2753 3608 2824 σώματος
3675 2754 3870 2807 παθῶν

2282 2841 2676 2913 ἀποφέρεσθαι,
2709 2843 2874 2912 φάναι
2904 2842 3124 2912 εὔλογον
3145 2861 3157 2873 ο
3191 2844 3274 2896 ὅτι
3305 2845 3440 2915 μηδέ
3467 2845 3525 2898 τὸ
3558 2845 3652 2898 τοῦ
3687 2847 3871 2913 φωτὸς

2283 2935 2414 3008 ἡμῖν
2436 2935 2749 3020 ρπόδειγμα
2795 2935 3110 3008 χραίνεσθαί
3149 2953 3202 2990 τι
3243 2937 3342 3001 τὰς
3377 2937 3607 3008 ἡλιακὰς
3639 2939 3871 3001 ἀκτῖνας

2282 3027 2374 3079 ἐπὶ
2405 3027 2506 3098 γῆς
2531 3027 2820 3098 οὐρανόθεν
2851 3028 3298 3099 ἐκπεμπομένας,
3332 3029 3502 3100 πηλου
3535 3046 3594 3080 τε
3625 3029 3717 3081 καὶ
3745 3029 3872 3100 βορ-

2284 3116 2444 3189 ϐόρου
2481 3119 2574 3172 καὶ
2605 3117 2846 3190 μιασμοῦ
2878 3119 3075 3182 παντὸς
3119 3120 3502 3190 ἐφαπτομένας
3544 3119 3866 3190 συνεχώρει.

2281 3210 2615 3274 Φωτίζεσθαι
2652 3210 2750 3281 μὲν
2777 3213 2870 3264 καὶ
2905 3210 3078 3264 ταῦτα
3122 3214 3185 3265 ἐκ
3216 3212 3322 3265 τῶν
3348 3211 3440 3264 τοῦ
3481 3211 3656 3280 φωτὸς
3680 3212 3867 3280 αὐγῶν

2280 3303 2431 3356 οὐδὲν
2463 3302 2528 3357 ἂν
2563 3303 2762 3356 κωλύοι
2801 3303 3008 3374 λέγειν⁸
3045 3305 3107 3358 τὸ
3147 3305 3205 3357 δέ
3235 3322 3297 3374 γε
3327 3305 3415 3358 τὸν
3447 3306 3596 3376 ἥλιον
3635 3305 3865 3376 μολύνεο

2283 3395 2406 3448 σθαι
2440 3397 2504 3449 ἐκ
2531 3397 2630 3467 τῆς
2669 3396 2778 3451 τῶν
2816 3398 3082 3468 σωμάτων
3108 3397 3388 3468 ἐπιμιξίας
3409 3441 3424 3464 ,
3460 3398 3493 3467 ἢ
3526 3398 3823 3469 πηλοῦσθαι
3847 3442 3865 3464 ,

2278 3488 2483 3541 ούκέτι.
2505 3488 2615 3541 Καὶ
2649 3489 2755 3558 μὴν
2783 3489 2954 3544 ταῦτά
2981 3507 3043 3558 γε
3069 3491 3168 3560 τῆς
3196 3490 3410 3559 φύσεως
3434 3490 3534 3543 οὐκ
3558 3489 3621 3543 ἂν
3644 3490 3731 3560 εἴη
3751 3490 3867 3544 τῶν

2283 3578 2550 3649 σωμάτων
2579 3579 2850 3651 ἀλλότρια.
2891 3581 2948 3634 Ὀ
2973 3581 3031 3634 δέ
3066 3599 3129 3649 γε
3156 3581 3314 3644 ἄῦλος
3339 3582 3434 3634 καὶ
3457 3580 3743 3652 ἀσώματος
3765 3583 3863 3636 τοῦ

2279 3669 2414 3722 Θεοῦ
2449 3671 2622 3740 Λόγος
2646 3711 2658 3734 ,
2691 3671 2938 3743 αύτοζωὴ
2965 3673 3247 3744 τυγχάνων
3279 3674 3372 3726 καὶ
3395 3673 3642 3742 αύτοφῶς
3675 3675 3866 3744 νοερὸν

2279 3761 2375 3814 καὶ
2397 3763 2497 3814 ὃσα
2527 3762 2660 3816 ἄλλα
2691 3764 3163 3836 προκατείλεκται,
3188 3766 3390 3830 παντὸς
3414 3761 3474 3820 οὗ
3507 3766 3572 3820 ἂν
3601 3766 3866 3835 ἐφάψοιτο

2279 3853 2450 3924 ἐνθέῳ
2483 3855 2576 3907 καὶ
2604 3856 2880 3927 ἀσωμάτῳ
2906 3856 3166 3928 δυνάμει,
3199 3857 3297 3928 ζῇν
3329 3858 3486 3912 τοῦτο
3519 3860 3733 3929 ἀνάγκη
3765 3860 3865 3912 καὶ

2281 3946 2376 3998 σὺν
2403 3945 2607 4018 λογικῷ
2639 3947 2847 4016 διάγειν
2875 3950 3035 4017 φωτί.
3068 3949 3253 4018 Ταύτῃ
3286 3967 3368 4003 τοι
3404 3951 3496 4004 καὶ
3525 3950 3772 4022 σώματος
3797 3944 3861 4004 οὗ

2279 4037 2344 4089 ἂν
2373 4039 2654 4108 ἐφάψοιτο,
2679 4041 2936 4110 ἡγίασται
2968 4042 3125 4096 τοῦτο
3155 4043 3250 4096 καὶ
3275 4042 3610 4111 πειρώτισται
3640 4043 3860 4109 αὐτίκα,

2279 4131 2425 4185 πᾶσά
2473 4149 2531 4184 τε
2580 4133 2734 4197 νόσος
2777 4135 2926 4205 αύτῴ
2970 4135 3064 4187 καὶ¹
3109 4136 3392 4206 ἀρρωστία
3433 4137 3526 4189 καὶ
3562 4137 3718 4190 πάνθ’
3758 4138 3861 4190 ὅσα

2278 4219 2628 4285 ὑπεξίσταται
2652 4239 2665 4252 ·
2700 4223 3087 4295 ἀντιλαμϐάνει
3119 4225 3174 4277 δέ
3205 4225 3305 4294 τῆς
3352 4225 3408 4291 ἐξ
3449 4226 3612 4278 αὑτοῦ
3648 4225 3876 4297 πληρώπ

2278 4326 2415 4373 σεως
2456 4311 2730 4382 στέρησις.
2784 4313 2939 4366 Οὕτω
2988 4313 3123 4383 δῆτα
3171 4315 3265 4366 καὶ
3302 4314 3362 4367 τὸ
3404 4315 3594 4385 νεκρὸν
3623 4315 3722 4385 τῆς
3762 4315 3858 4369 τοῦ

2277 4401 2450 4468 Λόγου
2478 4401 2760 4472 δυνάμεως
2778 4445 2792 4466 ,
2827 4405 3021 4476 μικρόν
3047 4423 3099 4458 τι
3123 4405 3289 4459 αὐτοῦ
3313 4406 3661 4476 ἐφαψάμενον
3685 4448 3700 4471 ,
3725 4408 3859 4477 ἀνη-

598 4517 701 4556 nos
754 4504 1020 4558 allirmare
1069 4505 1390 4574 prohibeat;
1439 4508 1609 4562 solem
1670 4525 1800 4564 vero
1846 4510 2024 4579 ipsum
2068 4511 2168 4564 fm-

2282 4493 2486 4564 γείρετο
2518 4495 2846 4566 ζωούμενον,
2893 4497 2986 4550 καὶ
3019 4498 3047 4548 ὁ
3083 4496 3309 4560 θάνατος
3337 4499 3434 4567 τὴν
3463 4497 3606 4566 ζωὴν
3638 4495 3856 4566 ἔφευγε,

595 4592 736 4654 dari,
774 4602 868 4647 aut
899 4595 1133 4650 lutosum
1160 4599 1295 4661 licri,
1321 4599 1448 4654 dum
1479 4601 1598 4668 ejus
1633 4600 1813 4655 lumen
1839 4603 2164 4671 corporibus

597 4683 978 4739 immiscetur:
1016 4701 1378 4756 nequaquam.
1422 4690 1491 4741 At
1523 4691 1625 4743 ista
1663 4700 1842 4745 tamen
1886 4707 1994 4745 non
2036 4701 2164 4748 sunt

2272 4586 2460 4656 καὶτῷ
2480 4604 2543 4655 γε
2569 4590 2705 4657 φωτὶ
2731 4589 2791 4641 τὸ
2819 4589 3006 4652 σκότος
3027 4588 3292 4653 ἐξελύετο,
3311 4589 3369 4641 τό
3397 4605 3456 4641 τε
3490 4587 3730 4659 φθαρτὸν
3758 4588 3857 4660 τὴν

2269 4678 2576 4750 ἀφθαρσίαν
2594 4681 2976 4746 ἐνεδιδύσκετο,
2993 4682 3085 4735 καὶ
3112 4681 3172 4735 τὸ
3195 4681 3388 4752 θνητὸν
3409 4680 3505 4753 τὴν
3531 4680 3856 4735 ἀθανασίανκ

592 4792 626 4829 a
670 4787 866 4832 natura
899 4795 1188 4850 corporum
1214 4784 1412 4839 aliena.
1445 4785 1580 4839 Illud
1615 4800 1744 4838 vero
1771 4788 1952 4841 omnis
1974 4803 2169 4858 expers
2209 4794 2451 4849 materia;
2496 4796 2988 4868 incorporeumque
3047 4798 3137 4853 Dei
3168 4796 3431 4861 Verbum,
3477 4798 3622 4867 quod
3669 4798 3789 4868 ipsa

593 4869 704 4922 vita
743 4880 850 4935 est,
886 4882 939 4928 et
985 4875 1159 4945 ipsum
1193 4877 1373 4931 lumen
1410 4878 1770 4949 intelligibile,
1800 4888 1853 4934 et
1886 4882 1990 4935 alia
2019 4899 2358 4955 quaecunque
2427 4889 2581 4958 prius
2639 4903 2960 4947 enumerata
3000 4903 3150 4957 sunt,
3187 4892 3454 4962 quidquid
3488 4892 3670 4947 divina
3703 4901 3789 4944 at-

595 4980 701 5034 qtte
735 4966 1059 5039 incorporea
1124 4987 1222 5026 sua
1255 4975 1306 5025 vi
1343 4975 1603 5044 attigerit,
1651 4975 1837 5030 vivere
1877 4977 1930 5030 id
1995 4978 2300 5050 degereque
2338 4997 2464 5038 cum
2509 4986 2714 5042 lumine
2767 4988 3044 5053 rationali,
3095 5003 3320 5043 necesse
3355 4997 3461 5043 est.
3503 4986 3617 5042 Hac
3651 5003 3784 5041 sane

593 5063 713 5132 ipsa
747 5065 980 5128 ratione.
1034 5067 1400 5138 quodcunque
1444 5071 1609 5125 etiam
1655 5086 1857 5140 corpus
1897 5073 2159 5142 attigerit,
2202 5079 2603 5135 sanctificatum
2651 5085 2904 5152 protinus
2953 5083 3007 5138 id
3046 5085 3524 5154 illuminatumque
3569 5090 3676 5144 est.
3715 5083 3786 5136 ab

592 5157 891 5226 eodemque
948 5161 1212 5230 wgritudo
1267 5163 1444 5216 omnis
1495 5165 1784 5234 omnisque
1845 5165 2168 5229 infirmitas,
2205 5169 2419 5240 aliaque
2439 5173 2685 5240 ejusdem
2726 5176 2943 5246 generis
2973 5177 3228 5230 universa
3264 5175 3564 5248 refugiunt.
3599 5174 3782 5228 Priva-

595 5251 671 5304 tio
697 5261 874 5305 autem
908 5254 1059 5310 illius
1085 5257 1479 5325 plenitudinem
1515 5259 1860 5328 adipiscitur.
1901 5259 1992 5314 Sic
2025 5277 2158 5316 sane
2195 5263 2363 5319 etiam
2408 5277 2685 5323 mortuum
2730 5271 2862 5325 illud
2896 5270 3062 5326 Verbi
3103 5288 3326 5342 corpus,
3374 5273 3467 5326 ubi
3527 5272 3785 5342 exiguum

593 5344 874 5412 quiddam,
903 5348 1156 5403 virtutem
1187 5352 1334 5406 illam
1366 5351 1529 5408 Verbi
1568 5354 1768 5425 attigit,
1805 5363 1920 5408 tum
1983 5357 2282 5413 excitatum
2346 5371 2430 5417 est
2479 5364 2626 5420 illico
2659 5381 2723 5420 ac
2759 5367 2976 5433 revixit,
3007 5375 3060 5422 et
3095 5383 3246 5424 mors
3277 5370 3446 5423 vitam
3476 5368 3682 5438 elTugit,
3721 5371 3780 5420 et

595 5435 716 5504 ipso
747 5439 951 5496 lumine
988 5442 1304 5503 obscuritas
1333 5447 1600 5505 dissoluta
1631 5458 1749 5519 est;
1811 5459 1864 5508 et
1914 5451 2060 5523 quod
2103 5457 2459 5529 corruptibile
2500 5470 2638 5528 erat,
2681 5462 2858 5518 induit
2897 5463 3399 5535 incorruptionem;
3451 5435 3611 5536 quod
3639 5475 3779 5518 morb

595 5532 722 5598 tale,
759 5533 1240 5595 immortalitatem.
