  <div class='ocr_page' id='page_1' title='image "/cluster/home/n/w/nwhite01/storage/ocr_20150623/22/hvd.32044073501140/152.png"; bbox 0 0 4158 6418; ppageno 0'>
   <div class='ocr_carea' id='block_1_1' title="bbox 261 373 364 429">
    <p class='ocr_par' dir='ltr' id='par_1_1' title="bbox 261 373 364 429">
     <span class='ocr_line' id='line_1_1' title="bbox 261 373 364 429; baseline 0.029 -4"><span class='ocrx_word' id='word_1_1' title='bbox 261 373 364 429; x_wconf 67' lang='lat'><strong>239</strong></span> 
     </span>
    </p>
   </div>
   <div class='ocr_carea' id='block_1_2' title="bbox 1020 492 1113 544">
    <p class='ocr_par' dir='ltr' id='par_1_2' title="bbox 1020 492 1113 544">
     <span class='ocr_line' id='line_1_2' title="bbox 1020 492 1113 544; baseline 0.011 -2"><span class='ocrx_word' id='word_1_2' title='bbox 1020 492 1113 544; x_wconf 51' lang='grc' dir='ltr'><strong>[ΔΖ</strong></span> 
     </span>
    </p>
   </div>
   <div class='ocr_carea' id='block_1_3' title="bbox 261 600 1850 670">
    <p class='ocr_par' dir='ltr' id='par_1_3' title="bbox 261 600 1850 670">
     <span class='ocr_line' id='line_1_3' title="bbox 261 600 1850 670; baseline -0.004 -10"><span class='ocrx_word' id='word_1_3' title='bbox 261 609 322 660; x_wconf 71' lang='grc' dir='ltr'><strong>ΙΔ</strong></span> <span class='ocrx_word' id='word_1_4' title='bbox 347 646 360 660; x_wconf 94' lang='grc'><strong>.</strong></span> <span class='ocrx_word' id='word_1_5' title='bbox 418 604 508 669; x_wconf 81' lang='grc' dir='ltr'>Ὡς</span> <span class='ocrx_word' id='word_1_6' title='bbox 533 645 547 664; x_wconf 88' lang='grc'><strong>,</strong></span> <span class='ocrx_word' id='word_1_7' title='bbox 591 601 700 654; x_wconf 75' lang='grc' dir='ltr'><strong>τὸν</strong></span> <span class='ocrx_word' id='word_1_8' title='bbox 743 602 1056 670; x_wconf 72' lang='grc' dir='ltr'>ἄνθρωπον</span> <span class='ocrx_word' id='word_1_9' title='bbox 1099 600 1614 670; x_wconf 71' lang='grc' dir='ltr'><strong>ἀνανεωσάμενος,</strong></span> <span class='ocrx_word' id='word_1_10' title='bbox 1658 600 1850 656; x_wconf 78' lang='grc' dir='ltr'>πᾶσιν</span> 
     </span>
    </p>
   </div>
   <div class='ocr_carea' id='block_1_4' title="bbox 329 671 1846 796">
    <p class='ocr_par' dir='ltr' id='par_1_4' title="bbox 329 671 1846 796">
     <span class='ocr_line' id='line_1_4' title="bbox 329 671 1846 796; baseline -0.003 -66"><span class='ocrx_word' id='word_1_11' title='bbox 329 675 477 796; x_wconf 57' lang='lat' dir='ltr'><strong>mi?-</strong></span> <span class='ocrx_word' id='word_1_12' title='bbox 510 673 625 740; x_wconf 73' lang='grc' dir='ltr'><strong>τὴν</strong></span> <span class='ocrx_word' id='word_1_13' title='bbox 674 671 794 726; x_wconf 86' lang='grc' dir='ltr'>τῶν</span> <span class='ocrx_word' id='word_1_14' title='bbox 823 675 1075 726; x_wconf 80' lang='grc' dir='ltr'><strong>αἰωνίων</strong></span> <span class='ocrx_word' id='word_1_15' title='bbox 1103 671 1343 742; x_wconf 78' lang='grc' dir='ltr'><strong>ἀγαθῶν</strong></span> <span class='ocrx_word' id='word_1_16' title='bbox 1375 673 1712 742; x_wconf 82' lang='grc' dir='ltr'><strong>παρέσχετο</strong></span> <span class='ocrx_word' id='word_1_17' title='bbox 1741 675 1846 727; x_wconf 58' lang='lat'><strong>6.1-</strong></span> 
     </span>
     <span class='ocr_line' id='line_1_5' title="bbox 335 761 504 796; baseline 0 0"><span class='ocrx_word' id='word_1_18' title='bbox 335 763 400 796; x_wconf 69' lang='grc' dir='ltr'>πε</span> <span class='ocrx_word' id='word_1_19' title='bbox 445 761 504 796; x_wconf 86' lang='grc' dir='ltr'>α.</span> 
     </span>
    </p>
   </div>
   <div class='ocr_carea' id='block_1_5' title="bbox 335 761 504 798">
    <p class='ocr_par' dir='ltr' id='par_1_5' title="bbox 335 761 504 798">
     <span class='ocr_line' id='line_1_6' title="bbox 335 761 504 798; baseline 0 0"><span class='ocrx_word' id='word_1_20' title='bbox 335 761 504 798; x_wconf 79' lang='lat' dir='ltr'><strong>:uca.</strong></span> 
     </span>
    </p>
   </div>
   <div class='ocr_carea' id='block_1_6' title="bbox 334 855 1847 929">
    <p class='ocr_par' dir='ltr' id='par_1_6' title="bbox 334 855 1847 929">
     <span class='ocr_line' id='line_1_7' title="bbox 334 855 1847 929; baseline 0.001 -20"><span class='ocrx_word' id='word_1_21' title='bbox 334 856 446 909; x_wconf 70' lang='grc' dir='ltr'><strong>Καὶ</strong></span> <span class='ocrx_word' id='word_1_22' title='bbox 489 856 540 908; x_wconf 85' lang='grc' dir='ltr'><strong>τί</strong></span> <span class='ocrx_word' id='word_1_23' title='bbox 571 855 680 926; x_wconf 86' lang='grc' dir='ltr'><strong>γάρ</strong></span> <span class='ocrx_word' id='word_1_24' title='bbox 719 855 881 918; x_wconf 78' lang='grc' dir='ltr'>ἄλλο,</span> <span class='ocrx_word' id='word_1_25' title='bbox 923 856 1060 926; x_wconf 84' lang='grc' dir='ltr'>πλὴν</span> <span class='ocrx_word' id='word_1_26' title='bbox 1092 858 1121 909; x_wconf 99' lang='lat'><strong>6</strong></span> <span class='ocrx_word' id='word_1_27' title='bbox 1152 858 1258 920; x_wconf 81' lang='grc' dir='ltr'>πᾶς</span> <span class='ocrx_word' id='word_1_28' title='bbox 1296 856 1580 929; x_wconf 80' lang='grc' dir='ltr'>ἄνθρωπος</span> <span class='ocrx_word' id='word_1_29' title='bbox 1613 857 1718 910; x_wconf 73' lang='grc' dir='ltr'>ὑπὸ</span> <span class='ocrx_word' id='word_1_30' title='bbox 1745 857 1847 927; x_wconf 79' lang='grc' dir='ltr'>τῆς</span> 
     </span>
    </p>
   </div>
   <div class='ocr_carea' id='block_1_7' title="bbox 267 945 1849 1019">
    <p class='ocr_par' dir='ltr' id='par_1_7' title="bbox 267 945 1849 1019">
     <span class='ocr_line' id='line_1_8' title="bbox 267 945 1849 1019; baseline 0.001 -19"><span class='ocrx_word' id='word_1_31' title='bbox 267 946 523 1017; x_wconf 88' lang='grc' dir='ltr'>θεότητος</span> <span class='ocrx_word' id='word_1_32' title='bbox 566 946 921 1010; x_wconf 67' lang='grc' dir='ltr'><strong>κατεπίνετο,</strong></span> <span class='ocrx_word' id='word_1_33' title='bbox 961 947 1054 998; x_wconf 77' lang='grc' dir='ltr'><strong>καὶ</strong></span> <span class='ocrx_word' id='word_1_34' title='bbox 1083 947 1244 1001; x_wconf 80' lang='grc' dir='ltr'>πάλιν</span> <span class='ocrx_word' id='word_1_35' title='bbox 1274 947 1404 1010; x_wconf 76' lang='grc' dir='ltr'>Θεὸς</span> <span class='ocrx_word' id='word_1_36' title='bbox 1429 945 1496 1019; x_wconf 79' lang='grc' dir='ltr'><strong>ἧν</strong></span> <span class='ocrx_word' id='word_1_37' title='bbox 1525 950 1553 1000; x_wconf 88' lang='lat'><strong>6</strong></span> <span class='ocrx_word' id='word_1_38' title='bbox 1585 948 1717 1011; x_wconf 79' lang='grc' dir='ltr'>Θεὸς</span> <span class='ocrx_word' id='word_1_39' title='bbox 1747 949 1849 1002; x_wconf 85' lang='grc' dir='ltr'><strong>Λό-</strong></span> 
     </span>
    </p>
   </div>
   <div class='ocr_carea' id='block_1_8' title="bbox 265 1033 1845 1111">
    <p class='ocr_par' dir='ltr' id='par_1_8' title="bbox 265 1033 1845 1111">
     <span class='ocr_line' id='line_1_9' title="bbox 265 1033 1845 1111; baseline 0.001 -19"><span class='ocrx_word' id='word_1_40' title='bbox 265 1057 394 1108; x_wconf 85' lang='grc' dir='ltr'>γος,</span> <span class='ocrx_word' id='word_1_41' title='bbox 439 1033 550 1100; x_wconf 81' lang='grc' dir='ltr'>οἶος</span> <span class='ocrx_word' id='word_1_42' title='bbox 575 1039 671 1091; x_wconf 75' lang='grc' dir='ltr'><strong>καὶ</strong></span> <span class='ocrx_word' id='word_1_43' title='bbox 701 1040 834 1110; x_wconf 77' lang='grc' dir='ltr'>πρὶν</span> <span class='ocrx_word' id='word_1_44' title='bbox 865 1038 1118 1107; x_wconf 82' lang='grc' dir='ltr'>γενέσθαι</span> <span class='ocrx_word' id='word_1_45' title='bbox 1147 1038 1450 1111; x_wconf 81' lang='grc' dir='ltr'>ἄνθρωπος,</span> <span class='ocrx_word' id='word_1_46' title='bbox 1486 1040 1581 1094; x_wconf 68' lang='grc' dir='ltr'><strong>καὶ</strong></span> <span class='ocrx_word' id='word_1_47' title='bbox 1613 1058 1845 1094; x_wconf 84' lang='grc' dir='ltr'>συναπε-</span> 
     </span>
    </p>
   </div>
   <div class='ocr_carea' id='block_1_9' title="bbox 263 1129 1842 1203">
    <p class='ocr_par' dir='ltr' id='par_1_9' title="bbox 263 1129 1842 1203">
     <span class='ocr_line' id='line_1_10' title="bbox 263 1129 1842 1203; baseline 0.001 -19"><span class='ocrx_word' id='word_1_48' title='bbox 263 1131 389 1184; x_wconf 83' lang='grc' dir='ltr'>θέου</span> <span class='ocrx_word' id='word_1_49' title='bbox 430 1147 494 1197; x_wconf 85' lang='grc' dir='ltr'><strong>γε</strong></span> <span class='ocrx_word' id='word_1_50' title='bbox 527 1129 618 1182; x_wconf 76' lang='grc' dir='ltr'>τὸν</span> <span class='ocrx_word' id='word_1_51' title='bbox 663 1129 948 1200; x_wconf 79' lang='grc' dir='ltr'>ἄνθρωπον</span> <span class='ocrx_word' id='word_1_52' title='bbox 987 1131 1237 1203; x_wconf 82' lang='grc' dir='ltr'>ἀπαρχὴν</span> <span class='ocrx_word' id='word_1_53' title='bbox 1268 1132 1366 1202; x_wconf 75' lang='grc' dir='ltr'>τῆς</span> <span class='ocrx_word' id='word_1_54' title='bbox 1403 1132 1559 1203; x_wconf 80' lang='grc' dir='ltr'>ἡμῶν</span> <span class='ocrx_word' id='word_1_55' title='bbox 1597 1132 1842 1197; x_wconf 79' lang='grc' dir='ltr'>ἐλπίδος·</span> 
     </span>
    </p>
   </div>
   <div class='ocr_carea' id='block_1_10' title="bbox 264 1221 1847 1296">
    <p class='ocr_par' dir='ltr' id='par_1_10' title="bbox 264 1221 1847 1296">
     <span class='ocr_line' id='line_1_11' title="bbox 264 1221 1847 1296; baseline 0.001 -20"><span class='ocrx_word' id='word_1_56' title='bbox 264 1221 455 1276; x_wconf 71' lang='grc' dir='ltr'>τοῦτον</span> <span class='ocrx_word' id='word_1_57' title='bbox 484 1223 646 1276; x_wconf 74' lang='grc' dir='ltr'>αὑτὸν</span> <span class='ocrx_word' id='word_1_58' title='bbox 675 1224 793 1275; x_wconf 80' lang='grc' dir='ltr'>ἐκεῖ</span> <span class='ocrx_word' id='word_1_59' title='bbox 820 1223 918 1292; x_wconf 80' lang='grc' dir='ltr'>τῆς</span> <span class='ocrx_word' id='word_1_60' title='bbox 949 1241 1008 1276; x_wconf 90' lang='grc' dir='ltr'><strong>τε</strong></span> <span class='ocrx_word' id='word_1_61' title='bbox 1037 1225 1166 1295; x_wconf 87' lang='grc' dir='ltr'>παρ’</span> <span class='ocrx_word' id='word_1_62' title='bbox 1197 1223 1344 1294; x_wconf 86' lang='grc' dir='ltr'><strong>αὺτῷ</strong></span> <span class='ocrx_word' id='word_1_63' title='bbox 1370 1225 1512 1296; x_wconf 72' lang='grc' dir='ltr'>ζωῆς</span> <span class='ocrx_word' id='word_1_64' title='bbox 1536 1225 1730 1288; x_wconf 80' lang='grc' dir='ltr'><strong>ἀϊδίου,</strong></span> <span class='ocrx_word' id='word_1_65' title='bbox 1755 1227 1847 1278; x_wconf 74' lang='grc' dir='ltr'><strong>καὶ</strong></span> 
     </span>
    </p>
   </div>
   <div class='ocr_carea' id='block_1_11' title="bbox 266 1314 1844 1388">
    <p class='ocr_par' dir='ltr' id='par_1_11' title="bbox 266 1314 1844 1388">
     <span class='ocr_line' id='line_1_12' title="bbox 266 1314 1844 1388; baseline 0.003 -22"><span class='ocrx_word' id='word_1_66' title='bbox 266 1315 366 1384; x_wconf 79' lang='grc' dir='ltr'>τῆς</span> <span class='ocrx_word' id='word_1_67' title='bbox 399 1316 458 1367; x_wconf 81' lang='grc' dir='ltr'>ὲν</span> <span class='ocrx_word' id='word_1_68' title='bbox 487 1317 552 1384; x_wconf 74' lang='grc' dir='ltr'>τῇ</span> <span class='ocrx_word' id='word_1_69' title='bbox 586 1314 799 1386; x_wconf 84' lang='grc' dir='ltr'>θεότητι</span> <span class='ocrx_word' id='word_1_70' title='bbox 829 1316 922 1368; x_wconf 82' lang='grc' dir='ltr'><strong>καὶ</strong></span> <span class='ocrx_word' id='word_1_71' title='bbox 955 1317 1314 1388; x_wconf 80' lang='grc' dir='ltr'><strong>μακαριότητι</strong></span> <span class='ocrx_word' id='word_1_72' title='bbox 1337 1317 1621 1381; x_wconf 79' lang='grc' dir='ltr'><strong>κοινωνίας</strong></span> <span class='ocrx_word' id='word_1_73' title='bbox 1647 1318 1844 1382; x_wconf 77' lang='grc' dir='ltr'>ἀξιῶν,</span> 
     </span>
    </p>
   </div>
   <div class='ocr_carea' id='block_1_12' title="bbox 270 1407 1848 1481">
    <p class='ocr_par' dir='ltr' id='par_1_12' title="bbox 270 1407 1848 1481">
     <span class='ocr_line' id='line_1_13' title="bbox 270 1407 1848 1481; baseline 0.003 -24"><span class='ocrx_word' id='word_1_74' title='bbox 270 1409 401 1475; x_wconf 67' lang='grc' dir='ltr'>ἡμῖν</span> <span class='ocrx_word' id='word_1_75' title='bbox 428 1423 488 1459; x_wconf 86' lang='grc' dir='ltr'><strong>τε</strong></span> <span class='ocrx_word' id='word_1_76' title='bbox 513 1407 714 1478; x_wconf 85' lang='grc' dir='ltr'>ὁμοίως</span> <span class='ocrx_word' id='word_1_77' title='bbox 761 1407 932 1460; x_wconf 79' lang='grc' dir='ltr'>ἅπασι</span> <span class='ocrx_word' id='word_1_78' title='bbox 962 1407 1062 1477; x_wconf 82' lang='grc' dir='ltr'>τῆς</span> <span class='ocrx_word' id='word_1_79' title='bbox 1093 1409 1222 1479; x_wconf 82' lang='grc' dir='ltr'>παρ’</span> <span class='ocrx_word' id='word_1_80' title='bbox 1251 1409 1402 1480; x_wconf 77' lang='grc' dir='ltr'>αὑτῷ</span> <span class='ocrx_word' id='word_1_81' title='bbox 1439 1411 1532 1462; x_wconf 74' lang='grc' dir='ltr'><strong>καί</strong></span> <span class='ocrx_word' id='word_1_82' title='bbox 1566 1410 1662 1462; x_wconf 77' lang='grc' dir='ltr'>σὺν</span> <span class='ocrx_word' id='word_1_83' title='bbox 1700 1410 1848 1481; x_wconf 77' lang='grc' dir='ltr'>αὐτῷ</span> 
     </span>
    </p>
   </div>
   <div class='ocr_carea' id='block_1_13' title="bbox 266 1499 1849 1575">
    <p class='ocr_par' dir='ltr' id='par_1_13' title="bbox 266 1499 1849 1575">
     <span class='ocr_line' id='line_1_14' title="bbox 266 1499 1849 1575; baseline 0.004 -24"><span class='ocrx_word' id='word_1_84' title='bbox 266 1499 568 1563; x_wconf 75' lang='grc' dir='ltr'>ἀθανασίας</span> <span class='ocrx_word' id='word_1_85' title='bbox 609 1517 669 1552; x_wconf 92' lang='grc' dir='ltr'><strong>τε</strong></span> <span class='ocrx_word' id='word_1_86' title='bbox 704 1501 799 1553; x_wconf 77' lang='grc' dir='ltr'><strong>καὶ</strong></span> <span class='ocrx_word' id='word_1_87' title='bbox 843 1500 1120 1570; x_wconf 70' lang='grc' dir='ltr'>βασιλείας</span> <span class='ocrx_word' id='word_1_88' title='bbox 1148 1501 1307 1555; x_wconf 89' lang='grc' dir='ltr'>τοῦτο</span> <span class='ocrx_word' id='word_1_89' title='bbox 1349 1503 1604 1574; x_wconf 87' lang='grc' dir='ltr'>μέγιστον</span> <span class='ocrx_word' id='word_1_90' title='bbox 1649 1504 1849 1575; x_wconf 85' lang='grc' dir='ltr'>δεῖγμα</span> 
     </span>
    </p>
   </div>
   <div class='ocr_carea' id='block_1_14' title="bbox 267 1592 541 1664">
    <p class='ocr_par' dir='ltr' id='par_1_14' title="bbox 267 1592 541 1664">
     <span class='ocr_line' id='line_1_15' title="bbox 267 1592 541 1664; baseline 0.004 -19"><span class='ocrx_word' id='word_1_91' title='bbox 267 1592 541 1664; x_wconf 76' lang='grc' dir='ltr'><strong>παρέχων.</strong></span> 
     </span>
    </p>
   </div>
   <div class='ocr_carea' id='block_1_15' title="bbox 1008 1795 1110 1850">
    <p class='ocr_par' dir='ltr' id='par_1_15' title="bbox 1008 1795 1110 1850">
     <span class='ocr_line' id='line_1_16' title="bbox 1008 1795 1110 1850; baseline 0.02 -2"><span class='ocrx_word' id='word_1_92' title='bbox 1008 1795 1110 1850; x_wconf 73' lang='grc' dir='ltr'>ιε’.</span> 
     </span>
    </p>
   </div>
   <div class='ocr_carea' id='block_1_16' title="bbox 1183 367 2638 425">
    <p class='ocr_par' dir='ltr' id='par_1_16' title="bbox 1183 367 2638 425">
     <span class='ocr_line' id='line_1_17' title="bbox 1183 367 2638 425; baseline 0 -1"><span class='ocrx_word' id='word_1_93' title='bbox 1183 367 1844 425; x_wconf 74' lang='lat' dir='ltr'><strong>DEMONSTRATIONIS</strong></span> <span class='ocrx_word' id='word_1_94' title='bbox 1884 368 2344 424; x_wconf 66' lang='lat' dir='ltr'><strong>EVANGELICE</strong></span> <span class='ocrx_word' id='word_1_95' title='bbox 2387 369 2511 424; x_wconf 77' lang='lat' dir='ltr'><strong>LIB.</strong></span> <span class='ocrx_word' id='word_1_96' title='bbox 2547 370 2638 424; x_wconf 75' lang='grc' dir='ltr'>ιν.</span> 
     </span>
    </p>
   </div>
   <div class='ocr_carea' id='block_1_17' title="bbox 1879 496 1926 551">
    <p class='ocr_par' dir='ltr' id='par_1_17' title="bbox 1879 496 1926 551">
     <span class='ocr_line' id='line_1_18' title="bbox 1879 496 1926 551; baseline 0 0"><span class='ocrx_word' id='word_1_97' title='bbox 1879 496 1926 551; x_wconf 83' lang='grc' dir='ltr'>Λ</span> 
     </span>
    </p>
   </div>
   <div class='ocr_carea' id='block_1_18' title="bbox 3419 376 3526 430">
    <p class='ocr_par' dir='ltr' id='par_1_18' title="bbox 3419 376 3526 430">
     <span class='ocr_line' id='line_1_19' title="bbox 3419 376 3526 430; baseline 0 0"><span class='ocrx_word' id='word_1_98' title='bbox 3419 376 3526 430; x_wconf 75' lang='grc'><strong>290</strong></span> 
     </span>
    </p>
   </div>
   <div class='ocr_carea' id='block_1_19' title="bbox 2671 487 2809 542">
    <p class='ocr_par' dir='ltr' id='par_1_19' title="bbox 2671 487 2809 542">
     <span class='ocr_line' id='line_1_20' title="bbox 2671 487 2809 542; baseline -0.014 0"><span class='ocrx_word' id='word_1_99' title='bbox 2671 487 2809 542; x_wconf 73' lang='grc' dir='ltr'>Χιν.</span> 
     </span>
    </p>
   </div>
   <div class='ocr_carea' id='block_1_20' title="bbox 1950 601 3531 667">
    <p class='ocr_par' dir='ltr' id='par_1_20' title="bbox 1950 601 3531 667">
     <span class='ocr_line' id='line_1_21' title="bbox 1950 601 3531 667; baseline 0.004 -11"><span class='ocrx_word' id='word_1_100' title='bbox 1950 601 2089 656; x_wconf 75' lang='lat' dir='ltr'><strong>XIV.</strong></span> <span class='ocrx_word' id='word_1_101' title='bbox 2135 601 2614 667; x_wconf 81' lang='lat' dir='ltr'><strong>Quemadmodum,</strong></span> <span class='ocrx_word' id='word_1_102' title='bbox 2647 615 2892 657; x_wconf 75' lang='lat' dir='ltr'><strong>renovato</strong></span> <span class='ocrx_word' id='word_1_103' title='bbox 2918 604 3142 660; x_wconf 80' lang='lat' dir='ltr'><strong>homine.</strong></span> <span class='ocrx_word' id='word_1_104' title='bbox 3166 609 3410 662; x_wconf 81' lang='lat' dir='ltr'><strong>omnibus</strong></span> <span class='ocrx_word' id='word_1_105' title='bbox 3432 626 3531 663; x_wconf 83' lang='lat' dir='ltr'><strong>no-</strong></span> 
     </span>
    </p>
   </div>
   <div class='ocr_carea' id='block_1_21' title="bbox 2126 675 3339 744">
    <p class='ocr_par' dir='ltr' id='par_1_21' title="bbox 2126 675 3339 744">
     <span class='ocr_line' id='line_1_22' title="bbox 2126 675 3339 744; baseline 0.005 -18"><span class='ocrx_word' id='word_1_106' title='bbox 2126 675 2203 727; x_wconf 84' lang='lat' dir='ltr'><strong>bis</strong></span> <span class='ocrx_word' id='word_1_107' title='bbox 2239 684 2553 727; x_wconf 74' lang='lat' dir='ltr'><strong>wternorum</strong></span> <span class='ocrx_word' id='word_1_108' title='bbox 2585 675 2839 728; x_wconf 84' lang='lat' dir='ltr'><strong>bonorum</strong></span> <span class='ocrx_word' id='word_1_109' title='bbox 2870 691 3010 744; x_wconf 80' lang='lat' dir='ltr'><strong>spent</strong></span> <span class='ocrx_word' id='word_1_110' title='bbox 3033 677 3339 743; x_wconf 73' lang='lat' dir='ltr'><strong>pt&#39;wbuerit.</strong></span> 
     </span>
    </p>
   </div>
   <div class='ocr_carea' id='block_1_22' title="bbox 2017 851 3524 928">
    <p class='ocr_par' dir='ltr' id='par_1_22' title="bbox 2017 851 3524 928">
     <span class='ocr_line' id='line_1_23' title="bbox 2017 851 3524 928; baseline 0.007 -24"><span class='ocrx_word' id='word_1_111' title='bbox 2017 851 2310 917; x_wconf 74' lang='lat' dir='ltr'><strong>Caeterum,</strong></span> <span class='ocrx_word' id='word_1_112' title='bbox 2349 851 2608 922; x_wconf 84' lang='lat' dir='ltr'><strong>quidnam</strong></span> <span class='ocrx_word' id='word_1_113' title='bbox 2673 854 2819 908; x_wconf 86' lang='lat' dir='ltr'><strong>aliud</strong></span> <span class='ocrx_word' id='word_1_114' title='bbox 2875 854 3118 920; x_wconf 80' lang='lat' dir='ltr'><strong>tandem,</strong></span> <span class='ocrx_word' id='word_1_115' title='bbox 3168 872 3330 924; x_wconf 90' lang='lat' dir='ltr'><strong>quam</strong></span> <span class='ocrx_word' id='word_1_116' title='bbox 3380 859 3524 928; x_wconf 92' lang='lat' dir='ltr'><strong>quod</strong></span> 
     </span>
    </p>
   </div>
   <div class='ocr_carea' id='block_1_23' title="bbox 1949 943 3530 1016">
    <p class='ocr_par' dir='ltr' id='par_1_23' title="bbox 1949 943 3530 1016">
     <span class='ocr_line' id='line_1_24' title="bbox 1949 943 3530 1016; baseline 0.002 -18"><span class='ocrx_word' id='word_1_117' title='bbox 1949 952 2095 998; x_wconf 92' lang='lat' dir='ltr'><strong>totus</strong></span> <span class='ocrx_word' id='word_1_118' title='bbox 2129 943 2291 996; x_wconf 82' lang='lat' dir='ltr'><strong>homo</strong></span> <span class='ocrx_word' id='word_1_119' title='bbox 2323 943 2392 997; x_wconf 89' lang='lat' dir='ltr'><strong>ab</strong></span> <span class='ocrx_word' id='word_1_120' title='bbox 2422 943 2594 1012; x_wconf 85' lang='lat' dir='ltr'><strong>ipsius</strong></span> <span class='ocrx_word' id='word_1_121' title='bbox 2631 943 2719 997; x_wconf 87' lang='lat' dir='ltr'><strong>Dei</strong></span> <span class='ocrx_word' id='word_1_122' title='bbox 2767 954 2963 999; x_wconf 89' lang='lat' dir='ltr'><strong>natura</strong></span> <span class='ocrx_word' id='word_1_123' title='bbox 2998 948 3292 1016; x_wconf 86' lang='lat' dir='ltr'><strong>absorptus</strong></span> <span class='ocrx_word' id='word_1_124' title='bbox 3335 956 3440 1010; x_wconf 88' lang='lat' dir='ltr'><strong>est,</strong></span> <span class='ocrx_word' id='word_1_125' title='bbox 3475 957 3530 1003; x_wconf 88' lang='lat' dir='ltr'><strong>et</strong></span> 
     </span>
    </p>
   </div>
   <div class='ocr_carea' id='block_1_24' title="bbox 1948 1033 3531 1106">
    <p class='ocr_par' dir='ltr' id='par_1_24' title="bbox 1948 1033 3531 1106">
     <span class='ocr_line' id='line_1_25' title="bbox 1948 1033 3531 1106; baseline 0.004 -18"><span class='ocrx_word' id='word_1_126' title='bbox 1948 1050 2144 1089; x_wconf 85' lang='lat' dir='ltr'><strong>rursus</strong></span> <span class='ocrx_word' id='word_1_127' title='bbox 2180 1033 2323 1088; x_wconf 85' lang='lat' dir='ltr'><strong>Deus</strong></span> <span class='ocrx_word' id='word_1_128' title='bbox 2353 1033 2476 1097; x_wconf 80' lang='lat' dir='ltr'><strong>fuit,</strong></span> <span class='ocrx_word' id='word_1_129' title='bbox 2522 1034 2664 1090; x_wconf 86' lang='lat' dir='ltr'><strong>Deus</strong></span> <span class='ocrx_word' id='word_1_130' title='bbox 2702 1033 2964 1100; x_wconf 79' lang='lat' dir='ltr'><strong>Verbum,</strong></span> <span class='ocrx_word' id='word_1_131' title='bbox 2997 1038 3305 1106; x_wconf 71' lang='lat' dir='ltr'><strong>cuiusmodi</strong></span> <span class='ocrx_word' id='word_1_132' title='bbox 3353 1040 3531 1094; x_wconf 83' lang='lat' dir='ltr'><strong>luerat</strong></span> 
     </span>
    </p>
   </div>
   <div class='ocr_carea' id='block_1_25' title="bbox 1947 1119 3532 1194">
    <p class='ocr_par' dir='ltr' id='par_1_25' title="bbox 1947 1119 3532 1194">
     <span class='ocr_line' id='line_1_26' title="bbox 1947 1119 3532 1194; baseline 0.005 -16"><span class='ocrx_word' id='word_1_133' title='bbox 1947 1125 2111 1179; x_wconf 90' lang='lat' dir='ltr'><strong>etiam</strong></span> <span class='ocrx_word' id='word_1_134' title='bbox 2157 1137 2448 1194; x_wconf 88' lang='lat' dir='ltr'><strong>antequam</strong></span> <span class='ocrx_word' id='word_1_135' title='bbox 2494 1127 2656 1181; x_wconf 84' lang='lat' dir='ltr'><strong>homo</strong></span> <span class='ocrx_word' id='word_1_136' title='bbox 2692 1127 2862 1194; x_wconf 80' lang='lat' dir='ltr'><strong>ﬁeret,</strong></span> <span class='ocrx_word' id='word_1_137' title='bbox 2908 1119 3191 1185; x_wconf 70' lang='lat' dir='ltr'><strong>et&#39;secum</strong></span> <span class='ocrx_word' id='word_1_138' title='bbox 3224 1129 3392 1186; x_wconf 89' lang='lat' dir='ltr'><strong>Deum</strong></span> <span class='ocrx_word' id='word_1_139' title='bbox 3437 1133 3532 1186; x_wconf 58' lang='lat' dir='ltr'><strong>hoc</strong></span> 
     </span>
    </p>
   </div>
   <div class='ocr_carea' id='block_1_26' title="bbox 1950 1217 3526 1295">
    <p class='ocr_par' dir='ltr' id='par_1_26' title="bbox 1950 1217 3526 1295">
     <span class='ocr_line' id='line_1_27' title="bbox 1950 1217 3526 1295; baseline 0.006 -25"><span class='ocrx_word' id='word_1_140' title='bbox 1950 1219 2150 1272; x_wconf 87' lang='lat' dir='ltr'><strong>minem</strong></span> <span class='ocrx_word' id='word_1_141' title='bbox 2198 1218 2346 1284; x_wconf 84' lang='lat' dir='ltr'><strong>fecit,</strong></span> <span class='ocrx_word' id='word_1_142' title='bbox 2387 1217 2503 1288; x_wconf 86' lang='lat' dir='ltr'><strong>spei</strong></span> <span class='ocrx_word' id='word_1_143' title='bbox 2554 1229 2757 1274; x_wconf 78' lang='lat' dir='ltr'><strong>nostra:</strong></span> <span class='ocrx_word' id='word_1_144' title='bbox 2803 1222 3105 1289; x_wconf 75' lang='lat' dir='ltr'><strong>primitias;</strong></span> <span class='ocrx_word' id='word_1_145' title='bbox 3158 1223 3304 1279; x_wconf 90' lang='lat' dir='ltr'><strong>hunc</strong></span> <span class='ocrx_word' id='word_1_146' title='bbox 3347 1227 3526 1295; x_wconf 89' lang='lat' dir='ltr'><strong>ipsum</strong></span> 
     </span>
    </p>
   </div>
   <div class='ocr_carea' id='block_1_27' title="bbox 1949 1309 3529 1385">
    <p class='ocr_par' dir='ltr' id='par_1_27' title="bbox 1949 1309 3529 1385">
     <span class='ocr_line' id='line_1_28' title="bbox 1949 1309 3529 1385; baseline 0.006 -23"><span class='ocrx_word' id='word_1_147' title='bbox 1949 1309 2167 1364; x_wconf 91' lang='lat' dir='ltr'><strong>interim</strong></span> <span class='ocrx_word' id='word_1_148' title='bbox 2210 1309 2277 1364; x_wconf 90' lang='lat' dir='ltr'><strong>ad</strong></span> <span class='ocrx_word' id='word_1_149' title='bbox 2315 1310 2461 1365; x_wconf 90' lang='lat' dir='ltr'><strong>illius</strong></span> <span class='ocrx_word' id='word_1_150' title='bbox 2490 1311 2614 1365; x_wconf 69' lang='lat' dir='ltr'><strong>vita:</strong></span> <span class='ocrx_word' id='word_1_151' title='bbox 2646 1320 2884 1378; x_wconf 72' lang='lat' dir='ltr'><strong>acternte,</strong></span> <span class='ocrx_word' id='word_1_152' title='bbox 2923 1330 3087 1383; x_wconf 89' lang='lat' dir='ltr'><strong>quam</strong></span> <span class='ocrx_word' id='word_1_153' title='bbox 3124 1331 3293 1385; x_wconf 87' lang='lat' dir='ltr'><strong>penes</strong></span> <span class='ocrx_word' id='word_1_154' title='bbox 3334 1333 3392 1371; x_wconf 88' lang='lat' dir='ltr'><strong>se</strong></span> <span class='ocrx_word' id='word_1_155' title='bbox 3430 1318 3529 1371; x_wconf 89' lang='lat' dir='ltr'><strong>ha-</strong></span> 
     </span>
    </p>
   </div>
   <div class='ocr_carea' id='block_1_28' title="bbox 1949 1400 3530 1472">
    <p class='ocr_par' dir='ltr' id='par_1_28' title="bbox 1949 1400 3530 1472">
     <span class='ocr_line' id='line_1_29' title="bbox 1949 1400 3530 1472; baseline 0.006 -19"><span class='ocrx_word' id='word_1_156' title='bbox 1949 1400 2060 1462; x_wconf 85' lang='lat' dir='ltr'><strong>bet,</strong></span> <span class='ocrx_word' id='word_1_157' title='bbox 2096 1409 2258 1471; x_wconf 90' lang='lat' dir='ltr'><strong>atque</strong></span> <span class='ocrx_word' id='word_1_158' title='bbox 2281 1401 2332 1455; x_wconf 89' lang='lat' dir='ltr'><strong>id</strong></span> <span class='ocrx_word' id='word_1_159' title='bbox 2364 1402 2645 1472; x_wconf 82' lang='lat' dir='ltr'><strong>dignitatis</strong></span> <span class='ocrx_word' id='word_1_160' title='bbox 2673 1404 2726 1457; x_wconf 91' lang='lat' dir='ltr'><strong>in</strong></span> <span class='ocrx_word' id='word_1_161' title='bbox 2759 1403 3068 1468; x_wconf 83' lang='lat' dir='ltr'><strong>divinitate,</strong></span> <span class='ocrx_word' id='word_1_162' title='bbox 3095 1423 3157 1460; x_wconf 91' lang='lat' dir='ltr'><strong>ac</strong></span> <span class='ocrx_word' id='word_1_163' title='bbox 3190 1407 3530 1463; x_wconf 89' lang='lat' dir='ltr'><strong>beatitudine</strong></span> 
     </span>
    </p>
   </div>
   <div class='ocr_carea' id='block_1_29' title="bbox 1949 1494 3530 1565">
    <p class='ocr_par' dir='ltr' id='par_1_29' title="bbox 1949 1494 3530 1565">
     <span class='ocr_line' id='line_1_30' title="bbox 1949 1494 3530 1565; baseline 0.006 -22"><span class='ocrx_word' id='word_1_164' title='bbox 1949 1494 2394 1547; x_wconf 82' lang='lat' dir='ltr'><strong>communitatem</strong></span> <span class='ocrx_word' id='word_1_165' title='bbox 2447 1507 2766 1560; x_wconf 88' lang='lat' dir='ltr'><strong>assumens,</strong></span> <span class='ocrx_word' id='word_1_166' title='bbox 2814 1495 3079 1565; x_wconf 89' lang='lat' dir='ltr'><strong>nobisque</strong></span> <span class='ocrx_word' id='word_1_167' title='bbox 3124 1498 3309 1551; x_wconf 88' lang='lat' dir='ltr'><strong>itidem</strong></span> <span class='ocrx_word' id='word_1_168' title='bbox 3351 1499 3530 1552; x_wconf 83' lang='lat' dir='ltr'><strong>omni-</strong></span> 
     </span>
    </p>
   </div>
   <div class='ocr_carea' id='block_1_30' title="bbox 1949 1582 3528 1656">
    <p class='ocr_par' dir='ltr' id='par_1_30' title="bbox 1949 1582 3528 1656">
     <span class='ocr_line' id='line_1_31' title="bbox 1949 1582 3528 1656; baseline 0.005 -20"><span class='ocrx_word' id='word_1_169' title='bbox 1949 1582 2073 1646; x_wconf 88' lang='lat' dir='ltr'><strong>bus,</strong></span> <span class='ocrx_word' id='word_1_170' title='bbox 2107 1582 2302 1636; x_wconf 64' lang='lat' dir='ltr'><strong>futura;</strong></span> <span class='ocrx_word' id='word_1_171' title='bbox 2323 1584 2464 1652; x_wconf 87' lang='lat' dir='ltr'><strong>apud</strong></span> <span class='ocrx_word' id='word_1_172' title='bbox 2502 1585 2677 1653; x_wconf 91' lang='lat' dir='ltr'><strong>ipsum</strong></span> <span class='ocrx_word' id='word_1_173' title='bbox 2711 1595 2763 1639; x_wconf 89' lang='lat' dir='ltr'><strong>et</strong></span> <span class='ocrx_word' id='word_1_174' title='bbox 2792 1601 2916 1640; x_wconf 90' lang='lat' dir='ltr'><strong>cum</strong></span> <span class='ocrx_word' id='word_1_175' title='bbox 2947 1587 3067 1656; x_wconf 88' lang='lat' dir='ltr'><strong>ipso</strong></span> <span class='ocrx_word' id='word_1_176' title='bbox 3097 1588 3528 1644; x_wconf 82' lang='lat' dir='ltr'><strong>immortalitatis</strong></span> 
     </span>
    </p>
   </div>
   <div class='ocr_carea' id='block_1_31' title="bbox 1949 1676 3289 1749">
    <p class='ocr_par' dir='ltr' id='par_1_31' title="bbox 1949 1676 3289 1749">
     <span class='ocr_line' id='line_1_32' title="bbox 1949 1676 3289 1749; baseline 0.007 -20"><span class='ocrx_word' id='word_1_177' title='bbox 1949 1691 2014 1730; x_wconf 91' lang='lat' dir='ltr'><strong>ac</strong></span> <span class='ocrx_word' id='word_1_178' title='bbox 2040 1676 2216 1746; x_wconf 83' lang='lat' dir='ltr'><strong>regni,</strong></span> <span class='ocrx_word' id='word_1_179' title='bbox 2251 1677 2552 1732; x_wconf 80' lang='lat' dir='ltr'><strong>maximum</strong></span> <span class='ocrx_word' id='word_1_180' title='bbox 2593 1679 2696 1733; x_wconf 88' lang='lat' dir='ltr'><strong>hoc</strong></span> <span class='ocrx_word' id='word_1_181' title='bbox 2726 1680 2974 1749; x_wconf 68' lang='lat' dir='ltr'><strong>praebens</strong></span> <span class='ocrx_word' id='word_1_182' title='bbox 3001 1682 3289 1738; x_wconf 90' lang='lat' dir='ltr'><strong>iudicium.</strong></span> 
     </span>
    </p>
   </div>
   <div class='ocr_carea' id='block_1_32' title="bbox 2591 1791 2887 1862">
    <p class='ocr_par' dir='ltr' id='par_1_32' title="bbox 2591 1791 2887 1862">
     <span class='ocr_line' id='line_1_33' title="bbox 2591 1791 2887 1862; baseline 0.007 -1"><span class='ocrx_word' id='word_1_183' title='bbox 2591 1792 2745 1862; x_wconf 86' lang='lat'><strong>1&#39;71</strong></span> <span class='ocrx_word' id='word_1_184' title='bbox 2782 1791 2887 1849; x_wconf 73' lang='lat' dir='ltr'><strong>XV-</strong></span> 
     </span>
    </p>
   </div>
   <div class='ocr_carea' id='block_1_33' title="bbox 267 1873 1848 1978">
    <p class='ocr_par' dir='ltr' id='par_1_33' title="bbox 267 1873 1843 1978">
     <span class='ocr_line' id='line_1_34' title="bbox 267 1873 1843 1978; baseline -0.002 -13"><span class='ocrx_word' id='word_1_185' title='bbox 267 1909 336 1965; x_wconf 76' lang='grc' dir='ltr'>τί</span> <span class='ocrx_word' id='word_1_186' title='bbox 373 1909 662 1974; x_wconf 75' lang='grc' dir='ltr'>,βούλεται</span> <span class='ocrx_word' id='word_1_187' title='bbox 705 1873 939 1976; x_wconf 65' lang='grc' dir='ltr'>δηλοῦν</span> <span class='ocrx_word' id='word_1_188' title='bbox 985 1912 1023 1978; x_wconf 80' lang='grc' dir='ltr'>ἡ</span> <span class='ocrx_word' id='word_1_189' title='bbox 1068 1909 1174 1964; x_wconf 85' lang='grc' dir='ltr'><strong>τοῦ</strong></span> <span class='ocrx_word' id='word_1_190' title='bbox 1225 1908 1482 1975; x_wconf 81' lang='grc' dir='ltr'><strong>Χριστοῦ</strong></span> <span class='ocrx_word' id='word_1_191' title='bbox 1524 1911 1843 1977; x_wconf 79' lang='grc' dir='ltr'><strong>παρουσία,</strong></span> 
     </span>
    </p>
   </div>
   <div class='ocr_carea' id='block_1_34' title="bbox 1948 1873 3527 1978">
    <p class='ocr_par' dir='ltr' id='par_1_34' title="bbox 1950 1903 3527 1978">
     <span class='ocr_line' id='line_1_35' title="bbox 1950 1903 3527 1978; baseline 0.004 -22"><span class='ocrx_word' id='word_1_192' title='bbox 1950 1903 2093 1971; x_wconf 83' lang='lat' dir='ltr'><strong>Quid</strong></span> <span class='ocrx_word' id='word_1_193' title='bbox 2123 1903 2223 1958; x_wconf 83' lang='lat' dir='ltr'><strong>sibi</strong></span> <span class='ocrx_word' id='word_1_194' title='bbox 2263 1905 2405 1978; x_wconf 75' lang='lat' dir='ltr'><strong>velit,</strong></span> <span class='ocrx_word' id='word_1_195' title='bbox 2435 1906 2622 1978; x_wconf 84' lang='lat' dir='ltr'><strong>quidve</strong></span> <span class='ocrx_word' id='word_1_196' title='bbox 2650 1908 2908 1978; x_wconf 75' lang='lat' dir='ltr'><strong>signi/iret</strong></span> <span class='ocrx_word' id='word_1_197' title='bbox 2954 1909 3063 1976; x_wconf 84' lang='lat' dir='ltr'><strong>ipse</strong></span> <span class='ocrx_word' id='word_1_198' title='bbox 3098 1908 3295 1964; x_wconf 77' lang='lat' dir='ltr'><strong>Christi</strong></span> <span class='ocrx_word' id='word_1_199' title='bbox 3335 1908 3527 1964; x_wconf 70' lang='lat' dir='ltr'><strong>adven-</strong></span> 
     </span>
    </p>
   </div>
   <div class='ocr_carea' id='block_1_35' title="bbox 340 1979 1848 2048">
    <p class='ocr_par' dir='ltr' id='par_1_35' title="bbox 340 1979 1848 2048">
     <span class='ocr_line' id='line_1_36' title="bbox 340 1979 1848 2048; baseline 0 -16"><span class='ocrx_word' id='word_1_200' title='bbox 340 1980 440 2032; x_wconf 80' lang='grc' dir='ltr'><strong>καί</strong></span> <span class='ocrx_word' id='word_1_201' title='bbox 468 1981 546 2046; x_wconf 85' lang='grc' dir='ltr'>ὠς</span> <span class='ocrx_word' id='word_1_202' title='bbox 573 1979 721 2045; x_wconf 81' lang='grc' dir='ltr'>Θεὸς</span> <span class='ocrx_word' id='word_1_203' title='bbox 747 1981 844 2034; x_wconf 79' lang='grc' dir='ltr'>καὶ</span> <span class='ocrx_word' id='word_1_204' title='bbox 873 1981 1104 2048; x_wconf 84' lang='grc' dir='ltr'>Κύριος,</span> <span class='ocrx_word' id='word_1_205' title='bbox 1137 1981 1234 2033; x_wconf 83' lang='grc' dir='ltr'>καὶ</span> <span class='ocrx_word' id='word_1_206' title='bbox 1260 1980 1569 2047; x_wconf 76' lang='grc' dir='ltr'>ἀρχιερεὺς</span> <span class='ocrx_word' id='word_1_207' title='bbox 1592 1981 1698 2034; x_wconf 84' lang='grc' dir='ltr'><strong>τοῦ</strong></span> <span class='ocrx_word' id='word_1_208' title='bbox 1730 1980 1848 2033; x_wconf 82' lang='grc' dir='ltr'><strong>τῶν</strong></span> 
     </span>
    </p>
   </div>
   <div class='ocr_carea' id='block_1_36' title="bbox 335 2049 1848 2121">
    <p class='ocr_par' dir='ltr' id='par_1_36' title="bbox 335 2049 1848 2121">
     <span class='ocr_line' id='line_1_37' title="bbox 335 2049 1848 2121; baseline -0.001 -18"><span class='ocrx_word' id='word_1_209' title='bbox 335 2051 498 2103; x_wconf 72' lang='grc' dir='ltr'><em>ὅλων</em></span> <span class='ocrx_word' id='word_1_210' title='bbox 535 2050 684 2121; x_wconf 83' lang='grc' dir='ltr'>Θεοῦ</span> <span class='ocrx_word' id='word_1_211' title='bbox 722 2049 821 2103; x_wconf 82' lang='grc' dir='ltr'>διὰ</span> <span class='ocrx_word' id='word_1_212' title='bbox 856 2049 976 2103; x_wconf 84' lang='grc' dir='ltr'>τῶν</span> <span class='ocrx_word' id='word_1_213' title='bbox 1020 2052 1155 2117; x_wconf 79' lang='grc' dir='ltr'>παρ’</span> <span class='ocrx_word' id='word_1_214' title='bbox 1201 2050 1484 2118; x_wconf 79' lang='grc' dir='ltr'>Ἑϐραίοις</span> <span class='ocrx_word' id='word_1_215' title='bbox 1529 2049 1848 2121; x_wconf 70' lang='grc' dir='ltr'>προφητῶν</span> 
     </span>
    </p>
   </div>
   <div class='ocr_carea' id='block_1_37' title="bbox 340 2120 1107 2198">
    <p class='ocr_par' dir='ltr' id='par_1_37' title="bbox 340 2120 1107 2198">
     <span class='ocr_line' id='line_1_38' title="bbox 340 2120 1107 2198; baseline -0.003 -24"><span class='ocrx_word' id='word_1_216' title='bbox 340 2123 374 2174; x_wconf 84' lang='lat' dir='ltr'><strong>d</strong></span> <span class='ocrx_word' id='word_1_217' title='bbox 406 2120 663 2198; x_wconf 76' lang='grc' dir='ltr'>Χριστὸς</span> <span class='ocrx_word' id='word_1_218' title='bbox 693 2121 1107 2190; x_wconf 80' lang='grc' dir='ltr'><strong>ἀνηγορεύετο.</strong></span> 
     </span>
    </p>
   </div>
   <div class='ocr_carea' id='block_1_38' title="bbox 337 2224 1846 2302">
    <p class='ocr_par' dir='ltr' id='par_1_38' title="bbox 337 2224 1846 2302">
     <span class='ocr_line' id='line_1_39' title="bbox 337 2224 1846 2302; baseline 0 -20"><span class='ocrx_word' id='word_1_219' title='bbox 337 2229 509 2282; x_wconf 82' lang='grc' dir='ltr'>Τοῦτο</span> <span class='ocrx_word' id='word_1_220' title='bbox 547 2230 648 2300; x_wconf 80' lang='grc' dir='ltr'>τῆς</span> <span class='ocrx_word' id='word_1_221' title='bbox 685 2231 766 2292; x_wconf 86' lang='grc' dir='ltr'><strong>εἰς</strong></span> <span class='ocrx_word' id='word_1_222' title='bbox 796 2228 1113 2301; x_wconf 82' lang='grc' dir='ltr'><strong>ἀνθρώπους</strong></span> <span class='ocrx_word' id='word_1_223' title='bbox 1160 2227 1396 2298; x_wconf 82' lang='grc' dir='ltr'>ἀφίξεως</span> <span class='ocrx_word' id='word_1_224' title='bbox 1442 2228 1593 2294; x_wconf 84' lang='grc' dir='ltr'>τέλος</span> <span class='ocrx_word' id='word_1_225' title='bbox 1624 2224 1711 2302; x_wconf 77' lang='grc' dir='ltr'><strong>ἦν,</strong></span> <span class='ocrx_word' id='word_1_226' title='bbox 1754 2229 1846 2283; x_wconf 84' lang='grc' dir='ltr'><strong>τὸν</strong></span> 
     </span>
    </p>
   </div>
   <div class='ocr_carea' id='block_1_39' title="bbox 264 2317 1845 2391">
    <p class='ocr_par' dir='ltr' id='par_1_39' title="bbox 264 2317 1845 2391">
     <span class='ocr_line' id='line_1_40' title="bbox 264 2317 1845 2391; baseline 0 -17"><span class='ocrx_word' id='word_1_227' title='bbox 264 2321 433 2374; x_wconf 65' lang='grc' dir='ltr'>πάλαι</span> <span class='ocrx_word' id='word_1_228' title='bbox 455 2320 556 2389; x_wconf 80' lang='grc' dir='ltr'>τῆς</span> <span class='ocrx_word' id='word_1_229' title='bbox 577 2319 672 2373; x_wconf 85' lang='grc' dir='ltr'><strong>τοῦ</strong></span> <span class='ocrx_word' id='word_1_230' title='bbox 702 2319 913 2390; x_wconf 78' lang='grc' dir='ltr'>Πατρὸς</span> <span class='ocrx_word' id='word_1_231' title='bbox 935 2319 1188 2388; x_wconf 85' lang='grc' dir='ltr'>γνώσεως</span> <span class='ocrx_word' id='word_1_232' title='bbox 1212 2317 1571 2391; x_wconf 85' lang='grc' dir='ltr'>ἀποπεπλανη</span> <span class='ocrx_word' id='word_1_233' title='bbox 1580 2321 1739 2390; x_wconf 86' lang='grc' dir='ltr'>μένον</span> <span class='ocrx_word' id='word_1_234' title='bbox 1766 2323 1845 2386; x_wconf 84' lang='grc' dir='ltr'><strong>είς</strong></span> 
     </span>
    </p>
   </div>
   <div class='ocr_carea' id='block_1_40' title="bbox 263 2410 1843 2482">
    <p class='ocr_par' dir='ltr' id='par_1_40' title="bbox 263 2410 1843 2482">
     <span class='ocr_line' id='line_1_41' title="bbox 263 2410 1843 2482; baseline 0.001 -18"><span class='ocrx_word' id='word_1_235' title='bbox 263 2411 363 2482; x_wconf 72' lang='grc' dir='ltr'><strong>τὴν</strong></span> <span class='ocrx_word' id='word_1_236' title='bbox 397 2411 576 2465; x_wconf 82' lang='grc' dir='ltr'>οἰκίαν</span> <span class='ocrx_word' id='word_1_237' title='bbox 601 2414 990 2480; x_wconf 75' lang='grc' dir='ltr'>ἐπαναγαγεῖν,</span> <span class='ocrx_word' id='word_1_238' title='bbox 1030 2410 1125 2464; x_wconf 77' lang='grc' dir='ltr'>καὶ</span> <span class='ocrx_word' id='word_1_239' title='bbox 1153 2411 1244 2465; x_wconf 84' lang='grc' dir='ltr'><strong>τὸν</strong></span> <span class='ocrx_word' id='word_1_240' title='bbox 1278 2413 1513 2482; x_wconf 84' lang='grc' dir='ltr'>συγγενῆ</span> <span class='ocrx_word' id='word_1_241' title='bbox 1545 2413 1637 2464; x_wconf 80' lang='grc' dir='ltr'><strong>καί</strong></span> <span class='ocrx_word' id='word_1_242' title='bbox 1670 2413 1843 2481; x_wconf 79' lang='grc' dir='ltr'>φίλον,</span> 
     </span>
    </p>
   </div>
   <div class='ocr_carea' id='block_1_41' title="bbox 261 2504 1848 2576">
    <p class='ocr_par' dir='ltr' id='par_1_41' title="bbox 261 2504 1848 2576">
     <span class='ocr_line' id='line_1_42' title="bbox 261 2504 1848 2576; baseline -0.001 -15"><span class='ocrx_word' id='word_1_243' title='bbox 261 2506 366 2575; x_wconf 73' lang='grc' dir='ltr'>τῆς</span> <span class='ocrx_word' id='word_1_244' title='bbox 391 2522 451 2558; x_wconf 88' lang='grc' dir='ltr'><strong>τε</strong></span> <span class='ocrx_word' id='word_1_245' title='bbox 482 2505 645 2559; x_wconf 83' lang='grc' dir='ltr'>αὑτοῦ</span> <span class='ocrx_word' id='word_1_246' title='bbox 674 2504 1079 2576; x_wconf 81' lang='grc' dir='ltr'>κατηξιωμένον</span> <span class='ocrx_word' id='word_1_247' title='bbox 1108 2505 1336 2569; x_wconf 90' lang='grc' dir='ltr'>εἰκόνος,</span> <span class='ocrx_word' id='word_1_248' title='bbox 1362 2505 1463 2575; x_wconf 85' lang='grc' dir='ltr'>τῆς</span> <span class='ocrx_word' id='word_1_249' title='bbox 1491 2505 1694 2570; x_wconf 82' lang='grc' dir='ltr'>οἰκείας</span> <span class='ocrx_word' id='word_1_250' title='bbox 1718 2509 1848 2560; x_wconf 86' lang='grc' dir='ltr'>ἀπο-</span> 
     </span>
    </p>
   </div>
   <div class='ocr_carea' id='block_1_42' title="bbox 263 2596 1845 2670">
    <p class='ocr_par' dir='ltr' id='par_1_42' title="bbox 263 2596 1845 2670">
     <span class='ocr_line' id='line_1_43' title="bbox 263 2596 1845 2670; baseline 0.003 -23"><span class='ocrx_word' id='word_1_251' title='bbox 263 2596 461 2651; x_wconf 70' lang='grc' dir='ltr'>λαῦσαι</span> <span class='ocrx_word' id='word_1_252' title='bbox 496 2597 639 2668; x_wconf 74' lang='grc' dir='ltr'><strong>ζωῆς</strong></span> <span class='ocrx_word' id='word_1_253' title='bbox 657 2613 672 2627; x_wconf 75' lang='grc' dir='ltr'><strong>ο</strong></span> <span class='ocrx_word' id='word_1_254' title='bbox 719 2597 870 2666; x_wconf 72' lang='grc' dir='ltr'>φίλον</span> <span class='ocrx_word' id='word_1_255' title='bbox 897 2615 955 2650; x_wconf 90' lang='grc' dir='ltr'><strong>τε</strong></span> <span class='ocrx_word' id='word_1_256' title='bbox 989 2599 1084 2651; x_wconf 74' lang='grc' dir='ltr'>καὶ</span> <span class='ocrx_word' id='word_1_257' title='bbox 1122 2599 1318 2651; x_wconf 90' lang='grc' dir='ltr'>οἰκεῖον</span> <span class='ocrx_word' id='word_1_258' title='bbox 1348 2597 1441 2650; x_wconf 89' lang='grc' dir='ltr'><strong>τοῦ</strong></span> <span class='ocrx_word' id='word_1_259' title='bbox 1469 2598 1682 2670; x_wconf 74' lang='grc' dir='ltr'>Πατρὸς</span> <span class='ocrx_word' id='word_1_260' title='bbox 1707 2601 1845 2652; x_wconf 87' lang='grc' dir='ltr'>ἀπο-</span> 
     </span>
    </p>
   </div>
   <div class='ocr_carea' id='block_1_43' title="bbox 261 2688 1846 2762">
    <p class='ocr_par' dir='ltr' id='par_1_43' title="bbox 261 2688 1846 2762">
     <span class='ocr_line' id='line_1_44' title="bbox 261 2688 1846 2762; baseline 0.002 -22"><span class='ocrx_word' id='word_1_261' title='bbox 261 2688 435 2758; x_wconf 72' lang='grc' dir='ltr'>φῆναι</span> <span class='ocrx_word' id='word_1_262' title='bbox 465 2688 673 2754; x_wconf 86' lang='grc' dir='ltr'>τοῦτον,</span> <span class='ocrx_word' id='word_1_263' title='bbox 702 2689 769 2742; x_wconf 84' lang='grc' dir='ltr'>δι’</span> <span class='ocrx_word' id='word_1_264' title='bbox 795 2690 855 2743; x_wconf 83' lang='grc' dir='ltr'><strong>ὃν</strong></span> <span class='ocrx_word' id='word_1_265' title='bbox 886 2689 1048 2754; x_wconf 81' lang='grc' dir='ltr'>αὐτὸς</span> <span class='ocrx_word' id='word_1_266' title='bbox 1081 2691 1109 2742; x_wconf 91' lang='lat'><strong>6</strong></span> <span class='ocrx_word' id='word_1_267' title='bbox 1135 2689 1229 2742; x_wconf 90' lang='grc' dir='ltr'><strong>τοῦ</strong></span> <span class='ocrx_word' id='word_1_268' title='bbox 1263 2688 1396 2743; x_wconf 90' lang='grc' dir='ltr'><strong>Θεοῦ</strong></span> <span class='ocrx_word' id='word_1_269' title='bbox 1431 2690 1604 2758; x_wconf 87' lang='grc' dir='ltr'>Λόγος</span> <span class='ocrx_word' id='word_1_270' title='bbox 1637 2691 1846 2762; x_wconf 79' lang='grc' dir='ltr'>ὑπέστη</span> 
     </span>
    </p>
   </div>
   <div class='ocr_carea' id='block_1_44' title="bbox 259 2779 1844 2854">
    <p class='ocr_par' dir='ltr' id='par_1_44' title="bbox 259 2779 1844 2854">
     <span class='ocr_line' id='line_1_45' title="bbox 259 2779 1844 2854; baseline 0.003 -22"><span class='ocrx_word' id='word_1_271' title='bbox 259 2779 518 2849; x_wconf 81' lang='grc' dir='ltr'>γενέσθαι</span> <span class='ocrx_word' id='word_1_272' title='bbox 549 2779 852 2853; x_wconf 80' lang='grc' dir='ltr'>ἄνθρωπος.</span> <span class='ocrx_word' id='word_1_273' title='bbox 887 2781 1040 2834; x_wconf 78' lang='grc' dir='ltr'>Οὕτω</span> <span class='ocrx_word' id='word_1_274' title='bbox 1065 2781 1222 2851; x_wconf 85' lang='grc' dir='ltr'>δῆτα,</span> <span class='ocrx_word' id='word_1_275' title='bbox 1255 2781 1331 2845; x_wconf 86' lang='grc' dir='ltr'>ὡς</span> <span class='ocrx_word' id='word_1_276' title='bbox 1357 2783 1414 2835; x_wconf 84' lang='grc' dir='ltr'>ὲν</span> <span class='ocrx_word' id='word_1_277' title='bbox 1446 2781 1638 2854; x_wconf 84' lang='grc' dir='ltr'>βραχεί</span> <span class='ocrx_word' id='word_1_278' title='bbox 1660 2782 1844 2852; x_wconf 80' lang='grc' dir='ltr'>φάναι,</span> 
     </span>
    </p>
   </div>
   <div class='ocr_carea' id='block_1_45' title="bbox 263 2871 1847 2946">
    <p class='ocr_par' dir='ltr' id='par_1_45' title="bbox 263 2871 1847 2946">
     <span class='ocr_line' id='line_1_46' title="bbox 263 2871 1847 2946; baseline 0.003 -22"><span class='ocrx_word' id='word_1_279' title='bbox 263 2875 298 2942; x_wconf 80' lang='grc' dir='ltr'>ὴ</span> <span class='ocrx_word' id='word_1_280' title='bbox 332 2871 476 2924; x_wconf 84' lang='grc' dir='ltr'><strong>κατά</strong></span> <span class='ocrx_word' id='word_1_281' title='bbox 507 2872 598 2924; x_wconf 84' lang='grc' dir='ltr'><strong>τὸν</strong></span> <span class='ocrx_word' id='word_1_282' title='bbox 653 2873 881 2944; x_wconf 77' lang='grc' dir='ltr'><strong>Σωτῆρα</strong></span> <span class='ocrx_word' id='word_1_283' title='bbox 923 2874 1014 2926; x_wconf 81' lang='grc' dir='ltr'><strong>καί</strong></span> <span class='ocrx_word' id='word_1_284' title='bbox 1058 2873 1263 2944; x_wconf 83' lang='grc' dir='ltr'><strong>Κύριον</strong></span> <span class='ocrx_word' id='word_1_285' title='bbox 1310 2873 1468 2944; x_wconf 81' lang='grc' dir='ltr'>ἡμῶν</span> <span class='ocrx_word' id='word_1_286' title='bbox 1518 2874 1724 2946; x_wconf 80' lang='grc' dir='ltr'>Ἰησοῦν</span> <span class='ocrx_word' id='word_1_287' title='bbox 1756 2875 1847 2928; x_wconf 82' lang='grc' dir='ltr'><strong>τὸν</strong></span> 
     </span>
    </p>
   </div>
   <div class='ocr_carea' id='block_1_46' title="bbox 260 2964 1844 3042">
    <p class='ocr_par' dir='ltr' id='par_1_46' title="bbox 260 2964 1844 3042">
     <span class='ocr_line' id='line_1_47' title="bbox 260 2964 1844 3042; baseline 0.004 -26"><span class='ocrx_word' id='word_1_288' title='bbox 260 2965 498 3035; x_wconf 70' lang='grc' dir='ltr'>Χριστὸν</span> <span class='ocrx_word' id='word_1_289' title='bbox 531 2964 806 3029; x_wconf 80' lang='grc' dir='ltr'>ὑπόθεσις,</span> <span class='ocrx_word' id='word_1_290' title='bbox 837 2966 1088 3040; x_wconf 73' lang='grc' dir='ltr'>διάφορον</span> <span class='ocrx_word' id='word_1_291' title='bbox 1135 2967 1330 3039; x_wconf 82' lang='grc' dir='ltr'>ἔχουσα</span> <span class='ocrx_word' id='word_1_292' title='bbox 1375 2969 1474 3042; x_wconf 80' lang='grc' dir='ltr'><strong>τὴν</strong></span> <span class='ocrx_word' id='word_1_293' title='bbox 1513 2968 1844 3040; x_wconf 73' lang='grc' dir='ltr'>οἰκονομίαν,</span> 
     </span>
    </p>
   </div>
   <div class='ocr_carea' id='block_1_47' title="bbox 261 3056 1846 3133">
    <p class='ocr_par' dir='ltr' id='par_1_47' title="bbox 261 3056 1846 3133">
     <span class='ocr_line' id='line_1_48' title="bbox 261 3056 1846 3133; baseline 0.003 -24"><span class='ocrx_word' id='word_1_294' title='bbox 261 3059 330 3109; x_wconf 80' lang='grc' dir='ltr'>ἐκ</span> <span class='ocrx_word' id='word_1_295' title='bbox 377 3056 488 3110; x_wconf 86' lang='grc' dir='ltr'><strong>τῶν</strong></span> <span class='ocrx_word' id='word_1_296' title='bbox 537 3057 666 3128; x_wconf 84' lang='grc' dir='ltr'>παρ’</span> <span class='ocrx_word' id='word_1_297' title='bbox 718 3057 989 3129; x_wconf 76' lang='grc' dir='ltr'>Ἑϐραίοις</span> <span class='ocrx_word' id='word_1_298' title='bbox 1035 3061 1446 3131; x_wconf 81' lang='grc' dir='ltr'>παραστήσεται</span> <span class='ocrx_word' id='word_1_299' title='bbox 1493 3060 1846 3133; x_wconf 82' lang='grc' dir='ltr'>προφητικῶν</span> 
     </span>
    </p>
   </div>
   <div class='ocr_carea' id='block_1_48' title="bbox 261 3149 1918 3252">
    <p class='ocr_par' dir='ltr' id='par_1_48' title="bbox 261 3149 1918 3252">
     <span class='ocr_line' id='line_1_49' title="bbox 261 3149 1918 3252; baseline 0.002 -49"><span class='ocrx_word' id='word_1_300' title='bbox 261 3149 474 3216; x_wconf 68' lang='grc' dir='ltr'>λόγων·</span> <span class='ocrx_word' id='word_1_301' title='bbox 514 3149 796 3220; x_wconf 82' lang='grc' dir='ltr'>ὡσπεροῦν</span> <span class='ocrx_word' id='word_1_302' title='bbox 841 3151 1036 3222; x_wconf 77' lang='grc' dir='ltr'>μικρὸν</span> <span class='ocrx_word' id='word_1_303' title='bbox 1069 3151 1294 3224; x_wconf 80' lang='grc' dir='ltr'>ὕστερον</span> <span class='ocrx_word' id='word_1_304' title='bbox 1336 3155 1390 3206; x_wconf 85' lang='grc' dir='ltr'>αἱ</span> <span class='ocrx_word' id='word_1_305' title='bbox 1426 3153 1484 3220; x_wconf 79' lang='grc' dir='ltr'><strong>ἐξ</strong></span> <span class='ocrx_word' id='word_1_306' title='bbox 1524 3152 1704 3208; x_wconf 87' lang='grc' dir='ltr'>αὐτῶν</span> <span class='ocrx_word' id='word_1_307' title='bbox 1741 3153 1848 3208; x_wconf 85' lang='grc' dir='ltr'>δεί-</span> <span class='ocrx_word' id='word_1_308' title='bbox 1874 3190 1918 3252; x_wconf 77' lang='lat' dir='ltr'>C</span> 
     </span>
    </p>
   </div>
   <div class='ocr_carea' id='block_1_49' title="bbox 263 3240 1846 3314">
    <p class='ocr_par' dir='ltr' id='par_1_49' title="bbox 263 3240 1846 3314">
     <span class='ocr_line' id='line_1_50' title="bbox 263 3240 1846 3314; baseline 0.005 -23"><span class='ocrx_word' id='word_1_309' title='bbox 263 3240 416 3304; x_wconf 77' lang='grc' dir='ltr'>ξουσι</span> <span class='ocrx_word' id='word_1_310' title='bbox 466 3241 782 3313; x_wconf 85' lang='grc' dir='ltr'>μαρτυρίαι,</span> <span class='ocrx_word' id='word_1_311' title='bbox 829 3245 1204 3314; x_wconf 85' lang='grc' dir='ltr'>πιστουμένων</span> <span class='ocrx_word' id='word_1_312' title='bbox 1241 3245 1309 3299; x_wconf 78' lang='grc' dir='ltr'>τὰ</span> <span class='ocrx_word' id='word_1_313' title='bbox 1338 3245 1540 3300; x_wconf 88' lang='grc' dir='ltr'>παλαιά</span> <span class='ocrx_word' id='word_1_314' title='bbox 1569 3246 1678 3300; x_wconf 88' lang='grc' dir='ltr'><strong>τῶν</strong></span> <span class='ocrx_word' id='word_1_315' title='bbox 1710 3245 1846 3300; x_wconf 83' lang='grc' dir='ltr'><em>νέων</em></span> 
     </span>
    </p>
   </div>
   <div class='ocr_carea' id='block_1_50' title="bbox 259 3332 1849 3410">
    <p class='ocr_par' dir='ltr' id='par_1_50' title="bbox 259 3332 1849 3410">
     <span class='ocr_line' id='line_1_51' title="bbox 259 3332 1849 3410; baseline 0.004 -26"><span class='ocrx_word' id='word_1_316' title='bbox 259 3332 628 3402; x_wconf 78' lang='grc' dir='ltr'>γραμμάτων,</span> <span class='ocrx_word' id='word_1_317' title='bbox 672 3335 767 3386; x_wconf 80' lang='grc' dir='ltr'><strong>καὶ</strong></span> <span class='ocrx_word' id='word_1_318' title='bbox 801 3333 910 3388; x_wconf 88' lang='grc' dir='ltr'><strong>τῶν</strong></span> <span class='ocrx_word' id='word_1_319' title='bbox 954 3335 1324 3405; x_wconf 79' lang='grc' dir='ltr'>εὐαγγελικῶν</span> <span class='ocrx_word' id='word_1_320' title='bbox 1371 3336 1470 3400; x_wconf 81' lang='grc' dir='ltr'>τὰς</span> <span class='ocrx_word' id='word_1_321' title='bbox 1501 3337 1610 3392; x_wconf 86' lang='grc' dir='ltr'><strong>τῶν</strong></span> <span class='ocrx_word' id='word_1_322' title='bbox 1638 3355 1849 3410; x_wconf 77' lang='grc' dir='ltr'>προφη-</span> 
     </span>
    </p>
   </div>
   <div class='ocr_carea' id='block_1_51' title="bbox 259 3426 1851 3503">
    <p class='ocr_par' dir='ltr' id='par_1_51' title="bbox 259 3426 1851 3503">
     <span class='ocr_line' id='line_1_52' title="bbox 259 3426 1851 3503; baseline 0.006 -27"><span class='ocrx_word' id='word_1_323' title='bbox 259 3426 432 3477; x_wconf 80' lang='grc' dir='ltr'>τικῶν</span> <span class='ocrx_word' id='word_1_324' title='bbox 475 3427 779 3498; x_wconf 74' lang='grc' dir='ltr'>μαρτυρίας</span> <span class='ocrx_word' id='word_1_325' title='bbox 811 3428 1375 3500; x_wconf 76' lang='grc' dir='ltr'>ἐπισφραγιζομένων.</span> <span class='ocrx_word' id='word_1_326' title='bbox 1414 3429 1573 3485; x_wconf 79' lang='grc' dir='ltr'>Ἀλλὰ</span> <span class='ocrx_word' id='word_1_327' title='bbox 1596 3430 1704 3503; x_wconf 86' lang='grc' dir='ltr'>γὰρ</span> <span class='ocrx_word' id='word_1_328' title='bbox 1727 3431 1851 3485; x_wconf 83' lang='grc' dir='ltr'><strong>τού-</strong></span> 
     </span>
    </p>
   </div>
   <div class='ocr_carea' id='block_1_52' title="bbox 257 3511 1850 3596">
    <p class='ocr_par' dir='ltr' id='par_1_52' title="bbox 257 3511 1850 3596">
     <span class='ocr_line' id='line_1_53' title="bbox 257 3511 1850 3596; baseline 0.005 -26"><span class='ocrx_word' id='word_1_329' title='bbox 257 3534 372 3571; x_wconf 84' lang='grc' dir='ltr'>των</span> <span class='ocrx_word' id='word_1_330' title='bbox 401 3511 503 3571; x_wconf 83' lang='grc' dir='ltr'>ὧδε</span> <span class='ocrx_word' id='word_1_331' title='bbox 529 3519 782 3590; x_wconf 80' lang='grc' dir='ltr'>ἐχόντων,</span> <span class='ocrx_word' id='word_1_332' title='bbox 811 3519 930 3591; x_wconf 83' lang='grc' dir='ltr'>ὥρα</span> <span class='ocrx_word' id='word_1_333' title='bbox 956 3522 1139 3575; x_wconf 75' lang='grc' dir='ltr'>λοιπὸν</span> <span class='ocrx_word' id='word_1_334' title='bbox 1170 3523 1261 3576; x_wconf 69' lang='grc' dir='ltr'><strong>καὶ</strong></span> <span class='ocrx_word' id='word_1_335' title='bbox 1291 3521 1421 3593; x_wconf 83' lang='grc' dir='ltr'><strong>περί</strong></span> <span class='ocrx_word' id='word_1_336' title='bbox 1453 3523 1550 3594; x_wconf 77' lang='grc' dir='ltr'>τῆς</span> <span class='ocrx_word' id='word_1_337' title='bbox 1577 3541 1850 3596; x_wconf 86' lang='grc' dir='ltr'>προσηγο-</span> 
     </span>
    </p>
   </div>
   <div class='ocr_carea' id='block_1_53' title="bbox 263 3607 1848 3686">
    <p class='ocr_par' dir='ltr' id='par_1_53' title="bbox 263 3607 1848 3686">
     <span class='ocr_line' id='line_1_54' title="bbox 263 3607 1848 3686; baseline 0.004 -27"><span class='ocrx_word' id='word_1_338' title='bbox 263 3608 389 3678; x_wconf 79' lang='grc' dir='ltr'>ρίας</span> <span class='ocrx_word' id='word_1_339' title='bbox 415 3607 576 3661; x_wconf 77' lang='grc' dir='ltr'>αὑτοῦ</span> <span class='ocrx_word' id='word_1_340' title='bbox 601 3609 850 3674; x_wconf 84' lang='grc' dir='ltr'>διελθεῖν,</span> <span class='ocrx_word' id='word_1_341' title='bbox 879 3609 1003 3664; x_wconf 78' lang='grc' dir='ltr'>καθ’</span> <span class='ocrx_word' id='word_1_342' title='bbox 1028 3610 1057 3662; x_wconf 86' lang='lat'><strong>6</strong></span> <span class='ocrx_word' id='word_1_343' title='bbox 1090 3612 1295 3682; x_wconf 84' lang='grc' dir='ltr'>Ἰησοῦς</span> <span class='ocrx_word' id='word_1_344' title='bbox 1327 3610 1421 3663; x_wconf 79' lang='grc' dir='ltr'><strong>καὶ</strong></span> <span class='ocrx_word' id='word_1_345' title='bbox 1451 3615 1686 3684; x_wconf 76' lang='grc' dir='ltr'>Χριστὸς</span> <span class='ocrx_word' id='word_1_346' title='bbox 1714 3615 1848 3686; x_wconf 88' lang='grc' dir='ltr'>ἀνη-</span> 
     </span>
    </p>
   </div>
   <div class='ocr_carea' id='block_1_54' title="bbox 259 3701 1849 3779">
    <p class='ocr_par' dir='ltr' id='par_1_54' title="bbox 259 3701 1849 3779">
     <span class='ocr_line' id='line_1_55' title="bbox 259 3701 1849 3779; baseline 0.004 -25"><span class='ocrx_word' id='word_1_347' title='bbox 259 3701 543 3772; x_wconf 82' lang='grc' dir='ltr'>γορεύετο,</span> <span class='ocrx_word' id='word_1_348' title='bbox 567 3701 634 3756; x_wconf 78' lang='grc' dir='ltr'>δι’</span> <span class='ocrx_word' id='word_1_349' title='bbox 666 3703 806 3757; x_wconf 84' lang='grc' dir='ltr'><strong>ὅσων</strong></span> <span class='ocrx_word' id='word_1_350' title='bbox 844 3720 905 3756; x_wconf 90' lang='grc' dir='ltr'><strong>τε</strong></span> <span class='ocrx_word' id='word_1_351' title='bbox 951 3705 1295 3775; x_wconf 79' lang='grc' dir='ltr'>προφητειῶν</span> <span class='ocrx_word' id='word_1_352' title='bbox 1325 3707 1585 3779; x_wconf 82' lang='grc' dir='ltr'>ὀνομαστί</span> <span class='ocrx_word' id='word_1_353' title='bbox 1613 3724 1849 3778; x_wconf 87' lang='grc' dir='ltr'>προεκη-</span> 
     </span>
    </p>
   </div>
   <div class='ocr_carea' id='block_1_55' title="bbox 263 3794 1847 3872">
    <p class='ocr_par' dir='ltr' id='par_1_55' title="bbox 263 3794 1847 3872">
     <span class='ocr_line' id='line_1_56' title="bbox 263 3794 1847 3872; baseline 0.004 -26"><span class='ocrx_word' id='word_1_354' title='bbox 263 3794 510 3866; x_wconf 68' lang='grc' dir='ltr'>ρῦττετο.</span> <span class='ocrx_word' id='word_1_355' title='bbox 547 3795 746 3866; x_wconf 83' lang='grc' dir='ltr'>Πρῶτα</span> <span class='ocrx_word' id='word_1_356' title='bbox 771 3795 827 3848; x_wconf 81' lang='grc' dir='ltr'>δὲ</span> <span class='ocrx_word' id='word_1_357' title='bbox 862 3797 1189 3869; x_wconf 70' lang='grc' dir='ltr'>σκεψώμεθα</span> <span class='ocrx_word' id='word_1_358' title='bbox 1213 3800 1264 3851; x_wconf 88' lang='grc' dir='ltr'><strong>τί</strong></span> <span class='ocrx_word' id='word_1_359' title='bbox 1299 3799 1547 3870; x_wconf 82' lang='grc' dir='ltr'>βούλεται</span> <span class='ocrx_word' id='word_1_360' title='bbox 1587 3800 1781 3872; x_wconf 91' lang='grc' dir='ltr'>δηλοῦν</span> <span class='ocrx_word' id='word_1_361' title='bbox 1814 3801 1847 3870; x_wconf 82' lang='grc' dir='ltr'><strong>ή</strong></span> 
     </span>
    </p>
   </div>
   <div class='ocr_carea' id='block_1_56' title="bbox 261 3886 1849 3965">
    <p class='ocr_par' dir='ltr' id='par_1_56' title="bbox 261 3886 1849 3965">
     <span class='ocr_line' id='line_1_57' title="bbox 261 3886 1849 3965; baseline 0.004 -24"><span class='ocrx_word' id='word_1_362' title='bbox 261 3887 358 3941; x_wconf 77' lang='grc' dir='ltr'><strong>τοῦ</strong></span> <span class='ocrx_word' id='word_1_363' title='bbox 393 3886 631 3958; x_wconf 76' lang='grc' dir='ltr'>Χριστοῦ</span> <span class='ocrx_word' id='word_1_364' title='bbox 673 3890 1034 3961; x_wconf 79' lang='grc' dir='ltr'>προσηγορία,</span> <span class='ocrx_word' id='word_1_365' title='bbox 1087 3891 1216 3962; x_wconf 76' lang='grc' dir='ltr'>πρὶν</span> <span class='ocrx_word' id='word_1_366' title='bbox 1262 3891 1529 3963; x_wconf 78' lang='grc' dir='ltr'>ἄρξασθαι</span> <span class='ocrx_word' id='word_1_367' title='bbox 1568 3894 1667 3965; x_wconf 83' lang='grc' dir='ltr'>τῆς</span> <span class='ocrx_word' id='word_1_368' title='bbox 1708 3894 1849 3947; x_wconf 87' lang='grc' dir='ltr'><strong>κατά</strong></span> 
     </span>
    </p>
   </div>
   <div class='ocr_carea' id='block_1_57' title="bbox 265 3978 1847 4058">
    <p class='ocr_par' dir='ltr' id='par_1_57' title="bbox 265 3978 1847 4058">
     <span class='ocr_line' id='line_1_58' title="bbox 265 3978 1847 4058; baseline 0.006 -28"><span class='ocrx_word' id='word_1_369' title='bbox 265 3978 434 4049; x_wconf 70' lang='grc' dir='ltr'>μέρος</span> <span class='ocrx_word' id='word_1_370' title='bbox 471 3979 788 4047; x_wconf 74' lang='grc' dir='ltr'>συναγωγῆς</span> <span class='ocrx_word' id='word_1_371' title='bbox 815 3978 925 4033; x_wconf 88' lang='grc' dir='ltr'><strong>τῶν</strong></span> <span class='ocrx_word' id='word_1_372' title='bbox 963 3981 1316 4054; x_wconf 80' lang='grc' dir='ltr'>προφητικῶν</span> <span class='ocrx_word' id='word_1_373' title='bbox 1347 3985 1473 4056; x_wconf 88' lang='grc' dir='ltr'><strong>περί</strong></span> <span class='ocrx_word' id='word_1_374' title='bbox 1499 3985 1592 4038; x_wconf 88' lang='grc' dir='ltr'><strong>τοῦ</strong></span> <span class='ocrx_word' id='word_1_375' title='bbox 1625 4003 1847 4058; x_wconf 88' lang='grc' dir='ltr'>προκει-</span> 
     </span>
    </p>
   </div>
   <div class='ocr_carea' id='block_1_58' title="bbox 264 4071 1849 4152">
    <p class='ocr_par' dir='ltr' id='par_1_58' title="bbox 264 4071 1849 4152">
     <span class='ocr_line' id='line_1_59' title="bbox 264 4071 1849 4152; baseline 0.006 -28"><span class='ocrx_word' id='word_1_376' title='bbox 264 4072 431 4138; x_wconf 82' lang='grc' dir='ltr'>μένου</span> <span class='ocrx_word' id='word_1_377' title='bbox 458 4071 773 4142; x_wconf 80' lang='grc' dir='ltr'>σκέμματος</span> <span class='ocrx_word' id='word_1_378' title='bbox 796 4072 1011 4140; x_wconf 86' lang='grc' dir='ltr'>λογίων.</span> <span class='ocrx_word' id='word_1_379' title='bbox 1039 4075 1346 4145; x_wconf 78' lang='grc' dir='ltr'>Προσήκειν</span> <span class='ocrx_word' id='word_1_380' title='bbox 1367 4076 1423 4128; x_wconf 86' lang='grc' dir='ltr'>δὲ</span> <span class='ocrx_word' id='word_1_381' title='bbox 1458 4077 1696 4148; x_wconf 83' lang='grc' dir='ltr'>ἡγοῦμαι</span> <span class='ocrx_word' id='word_1_382' title='bbox 1722 4081 1849 4152; x_wconf 86' lang='grc' dir='ltr'><strong>περί</strong></span> 
     </span>
    </p>
   </div>
   <div class='ocr_carea' id='block_1_59' title="bbox 261 4163 1846 4243">
    <p class='ocr_par' dir='ltr' id='par_1_59' title="bbox 261 4163 1846 4243">
     <span class='ocr_line' id='line_1_60' title="bbox 261 4163 1846 4243; baseline 0.008 -29"><span class='ocrx_word' id='word_1_383' title='bbox 261 4164 434 4233; x_wconf 72' lang='grc' dir='ltr'>αὐτῆς</span> <span class='ocrx_word' id='word_1_384' title='bbox 478 4163 691 4233; x_wconf 87' lang='grc' dir='ltr'>πρῶτον</span> <span class='ocrx_word' id='word_1_385' title='bbox 732 4163 831 4234; x_wconf 79' lang='grc' dir='ltr'>τῆς</span> <span class='ocrx_word' id='word_1_386' title='bbox 870 4165 1104 4236; x_wconf 82' lang='grc' dir='ltr'>Χριστοῦ</span> <span class='ocrx_word' id='word_1_387' title='bbox 1143 4166 1412 4220; x_wconf 79' lang='grc' dir='ltr'>διαλαϐεῖν</span> <span class='ocrx_word' id='word_1_388' title='bbox 1457 4171 1846 4243; x_wconf 84' lang='grc' dir='ltr'>προσηγορίας,</span> 
     </span>
    </p>
   </div>
   <div class='ocr_carea' id='block_1_60' title="bbox 259 4256 1847 4334">
    <p class='ocr_par' dir='ltr' id='par_1_60' title="bbox 259 4256 1847 4334">
     <span class='ocr_line' id='line_1_61' title="bbox 259 4256 1847 4334; baseline 0.005 -24"><span class='ocrx_word' id='word_1_389' title='bbox 259 4256 600 4328; x_wconf 78' lang='grc' dir='ltr'>διαρθρῶσαί</span> <span class='ocrx_word' id='word_1_390' title='bbox 624 4274 683 4310; x_wconf 91' lang='grc' dir='ltr'><strong>τε</strong></span> <span class='ocrx_word' id='word_1_391' title='bbox 717 4258 815 4329; x_wconf 82' lang='grc' dir='ltr'><strong>τὴν</strong></span> <span class='ocrx_word' id='word_1_392' title='bbox 845 4257 972 4328; x_wconf 76' lang='grc' dir='ltr'>περὶ</span> <span class='ocrx_word' id='word_1_393' title='bbox 1005 4259 1173 4329; x_wconf 81' lang='grc' dir='ltr'>αὐτῆς</span> <span class='ocrx_word' id='word_1_394' title='bbox 1204 4259 1433 4325; x_wconf 79' lang='grc' dir='ltr'>ἔννοιαν,</span> <span class='ocrx_word' id='word_1_395' title='bbox 1463 4262 1540 4325; x_wconf 87' lang='grc' dir='ltr'>ὠς</span> <span class='ocrx_word' id='word_1_396' title='bbox 1577 4262 1643 4315; x_wconf 86' lang='grc' dir='ltr'>ἂν</span> <span class='ocrx_word' id='word_1_397' title='bbox 1683 4264 1847 4334; x_wconf 79' lang='grc' dir='ltr'>μηδὲν</span> 
     </span>
    </p>
   </div>
   <div class='ocr_carea' id='block_1_61' title="bbox 261 4334 1847 4427">
    <p class='ocr_par' dir='ltr' id='par_1_61' title="bbox 261 4334 1847 4427">
     <span class='ocr_line' id='line_1_62' title="bbox 261 4334 1847 4427; baseline 0.005 -26"><span class='ocrx_word' id='word_1_398' title='bbox 261 4352 407 4420; x_wconf 74' lang='grc' dir='ltr'>ἡμᾶς</span> <span class='ocrx_word' id='word_1_399' title='bbox 433 4334 585 4404; x_wconf 80' lang='grc' dir='ltr'>λάθοι</span> <span class='ocrx_word' id='word_1_400' title='bbox 615 4349 726 4404; x_wconf 91' lang='grc' dir='ltr'><strong>τῶν</strong></span> <span class='ocrx_word' id='word_1_401' title='bbox 760 4353 878 4404; x_wconf 84' lang='grc' dir='ltr'>κατ’</span> <span class='ocrx_word' id='word_1_402' title='bbox 912 4350 1080 4423; x_wconf 81' lang='grc' dir='ltr'>αὐτὴν</span> <span class='ocrx_word' id='word_1_403' title='bbox 1107 4350 1478 4424; x_wconf 78' lang='grc' dir='ltr'>ζητουμένων.</span> <span class='ocrx_word' id='word_1_404' title='bbox 1513 4353 1704 4419; x_wconf 74' lang='grc' dir='ltr'>’Ἄλλος</span> <span class='ocrx_word' id='word_1_405' title='bbox 1747 4356 1847 4427; x_wconf 86' lang='grc' dir='ltr'><strong>μὲν</strong></span> 
     </span>
    </p>
   </div>
   <div class='ocr_carea' id='block_1_62' title="bbox 257 4437 1847 4517">
    <p class='ocr_par' dir='ltr' id='par_1_62' title="bbox 257 4437 1847 4517">
     <span class='ocr_line' id='line_1_63' title="bbox 257 4437 1847 4517; baseline 0.003 -21"><span class='ocrx_word' id='word_1_406' title='bbox 257 4437 374 4507; x_wconf 82' lang='grc' dir='ltr'>οὗν,</span> <span class='ocrx_word' id='word_1_407' title='bbox 422 4441 657 4510; x_wconf 74' lang='grc' dir='ltr'>ἐγγύθεν</span> <span class='ocrx_word' id='word_1_408' title='bbox 690 4443 783 4496; x_wconf 83' lang='grc' dir='ltr'><strong>καὶ</strong></span> <span class='ocrx_word' id='word_1_409' title='bbox 822 4445 886 4496; x_wconf 84' lang='grc' dir='ltr'>ὲκ</span> <span class='ocrx_word' id='word_1_410' title='bbox 914 4443 1022 4496; x_wconf 90' lang='grc' dir='ltr'><strong>τῶν</strong></span> <span class='ocrx_word' id='word_1_411' title='bbox 1062 4443 1186 4498; x_wconf 87' lang='grc' dir='ltr'>καθ’</span> <span class='ocrx_word' id='word_1_412' title='bbox 1220 4446 1367 4516; x_wconf 78' lang='grc' dir='ltr'>ἡμᾶς</span> <span class='ocrx_word' id='word_1_413' title='bbox 1410 4445 1735 4517; x_wconf 82' lang='grc' dir='ltr'>ἀρξάμενος,</span> <span class='ocrx_word' id='word_1_414' title='bbox 1773 4449 1847 4501; x_wconf 86' lang='grc' dir='ltr'>εῖ-</span> 
     </span>
    </p>
   </div>
   <div class='ocr_carea' id='block_1_63' title="bbox 2021 1977 3528 2048">
    <p class='ocr_par' dir='ltr' id='par_1_63' title="bbox 2021 1977 3528 2048">
     <span class='ocr_line' id='line_1_64' title="bbox 2021 1977 3528 2048; baseline 0.003 -20"><span class='ocrx_word' id='word_1_415' title='bbox 2021 1985 2126 2048; x_wconf 79' lang='lat' dir='ltr'><strong>tus.</strong></span> <span class='ocrx_word' id='word_1_416' title='bbox 2160 1977 2380 2048; x_wconf 77' lang='lat' dir='ltr'><strong>etquod</strong></span> <span class='ocrx_word' id='word_1_417' title='bbox 2433 1977 2594 2038; x_wconf 73' lang='lat' dir='ltr'><strong>Deus,</strong></span> <span class='ocrx_word' id='word_1_418' title='bbox 2629 1988 2678 2030; x_wconf 82' lang='lat' dir='ltr'><strong>et</strong></span> <span class='ocrx_word' id='word_1_419' title='bbox 2728 1977 3006 2048; x_wconf 77' lang='lat' dir='ltr'><strong>Dominus.</strong></span> <span class='ocrx_word' id='word_1_420' title='bbox 3033 1991 3081 2033; x_wconf 83' lang='lat' dir='ltr'><strong>et</strong></span> <span class='ocrx_word' id='word_1_421' title='bbox 3132 1980 3381 2048; x_wconf 66' lang='lat' dir='ltr'><strong>Pontifex</strong></span> <span class='ocrx_word' id='word_1_422' title='bbox 3429 1979 3528 2034; x_wconf 86' lang='lat' dir='ltr'><strong>Dei</strong></span> 
     </span>
    </p>
   </div>
   <div class='ocr_carea' id='block_1_64' title="bbox 2017 2047 3529 2119">
    <p class='ocr_par' dir='ltr' id='par_1_64' title="bbox 2017 2047 3529 2119">
     <span class='ocr_line' id='line_1_65' title="bbox 2017 2047 3529 2119; baseline 0.003 -21"><span class='ocrx_word' id='word_1_423' title='bbox 2017 2047 2265 2119; x_wconf 73' lang='lat' dir='ltr'><strong>universi.</strong></span> <span class='ocrx_word' id='word_1_424' title='bbox 2294 2063 2386 2116; x_wconf 78' lang='lat' dir='ltr'><strong>per</strong></span> <span class='ocrx_word' id='word_1_425' title='bbox 2402 2047 2682 2118; x_wconf 74' lang='lat' dir='ltr'><strong>prophetas</strong></span> <span class='ocrx_word' id='word_1_426' title='bbox 2710 2047 3055 2103; x_wconf 79' lang='lat' dir='ltr'><strong>Hebrworum</strong></span> <span class='ocrx_word' id='word_1_427' title='bbox 3079 2047 3320 2105; x_wconf 77' lang='lat' dir='ltr'><strong>Christus</strong></span> <span class='ocrx_word' id='word_1_428' title='bbox 3351 2051 3529 2119; x_wconf 82' lang='lat' dir='ltr'><strong>appel-</strong></span> 
     </span>
    </p>
   </div>
   <div class='ocr_carea' id='block_1_65' title="bbox 2020 2116 2676 2188">
    <p class='ocr_par' dir='ltr' id='par_1_65' title="bbox 2020 2116 2676 2188">
     <span class='ocr_line' id='line_1_66' title="bbox 2020 2116 2676 2188; baseline 0.006 -19"><span class='ocrx_word' id='word_1_429' title='bbox 2020 2116 2161 2171; x_wconf 81' lang='lat' dir='ltr'><strong>latus</strong></span> <span class='ocrx_word' id='word_1_430' title='bbox 2189 2127 2289 2173; x_wconf 83' lang='lat' dir='ltr'><strong>est.</strong></span> <span class='ocrx_word' id='word_1_431' title='bbox 2501 2116 2508 2118; x_wconf 11' lang='grc' dir='ltr'><em>ἡ</em></span> <span class='ocrx_word' id='word_1_432' title='bbox 2671 2183 2676 2188; x_wconf 40' lang='grc'><strong>,</strong></span> 
     </span>
    </p>
   </div>
   <div class='ocr_carea' id='block_1_66' title="bbox 2018 2227 3532 2288">
    <p class='ocr_par' dir='ltr' id='par_1_66' title="bbox 2018 2227 3532 2288">
     <span class='ocr_line' id='line_1_67' title="bbox 2018 2227 3532 2288; baseline 0.003 -6"><span class='ocrx_word' id='word_1_433' title='bbox 2018 2227 2134 2284; x_wconf 82' lang='lat' dir='ltr'><strong>Hoc</strong></span> <span class='ocrx_word' id='word_1_434' title='bbox 2163 2246 2296 2286; x_wconf 85' lang='lat' dir='ltr'><strong>sane</strong></span> <span class='ocrx_word' id='word_1_435' title='bbox 2327 2231 2426 2286; x_wconf 84' lang='lat' dir='ltr'><strong>fuit</strong></span> <span class='ocrx_word' id='word_1_436' title='bbox 2460 2231 2608 2288; x_wconf 88' lang='lat' dir='ltr'><strong>illius</strong></span> <span class='ocrx_word' id='word_1_437' title='bbox 2638 2232 2704 2287; x_wconf 87' lang='lat' dir='ltr'><strong>ad</strong></span> <span class='ocrx_word' id='word_1_438' title='bbox 2749 2232 3001 2287; x_wconf 87' lang='lat' dir='ltr'><strong>homines</strong></span> <span class='ocrx_word' id='word_1_439' title='bbox 3055 2233 3389 2288; x_wconf 86' lang='lat' dir='ltr'><strong>accessionis</strong></span> <span class='ocrx_word' id='word_1_440' title='bbox 3432 2248 3532 2288; x_wconf 77' lang='lat' dir='ltr'><strong>ex-</strong></span> 
     </span>
    </p>
   </div>
   <div class='ocr_carea' id='block_1_67' title="bbox 1947 2321 3530 2393">
    <p class='ocr_par' dir='ltr' id='par_1_67' title="bbox 1947 2321 3530 2393">
     <span class='ocr_line' id='line_1_68' title="bbox 1947 2321 3530 2393; baseline 0.004 -21"><span class='ocrx_word' id='word_1_441' title='bbox 1947 2327 2203 2384; x_wconf 91' lang='lat' dir='ltr'><strong>tremum,</strong></span> <span class='ocrx_word' id='word_1_442' title='bbox 2240 2329 2298 2376; x_wconf 92' lang='lat' dir='ltr'><strong>ut</strong></span> <span class='ocrx_word' id='word_1_443' title='bbox 2330 2325 2409 2377; x_wconf 92' lang='lat' dir='ltr'><strong>sic</strong></span> <span class='ocrx_word' id='word_1_444' title='bbox 2437 2337 2560 2378; x_wconf 88' lang='lat' dir='ltr'><strong>eum</strong></span> <span class='ocrx_word' id='word_1_445' title='bbox 2595 2324 2686 2392; x_wconf 91' lang='lat' dir='ltr'><strong>qui</strong></span> <span class='ocrx_word' id='word_1_446' title='bbox 2718 2323 2788 2377; x_wconf 90' lang='lat' dir='ltr'><strong>ab</strong></span> <span class='ocrx_word' id='word_1_447' title='bbox 2823 2323 2996 2393; x_wconf 88' lang='lat' dir='ltr'><strong>ipsius</strong></span> <span class='ocrx_word' id='word_1_448' title='bbox 3020 2321 3199 2376; x_wconf 84' lang='lat' dir='ltr'><strong>Patris</strong></span> <span class='ocrx_word' id='word_1_449' title='bbox 3219 2323 3530 2392; x_wconf 81' lang='lat' dir='ltr'><strong>cognitione</strong></span> 
     </span>
    </p>
   </div>
   <div class='ocr_carea' id='block_1_68' title="bbox 1948 2410 3526 2484">
    <p class='ocr_par' dir='ltr' id='par_1_68' title="bbox 1948 2410 3526 2484">
     <span class='ocr_line' id='line_1_69' title="bbox 1948 2410 3526 2484; baseline 0.002 -21"><span class='ocrx_word' id='word_1_450' title='bbox 1948 2410 2321 2477; x_wconf 84' lang='lat' dir='ltr'><strong>aberraverat,</strong></span> <span class='ocrx_word' id='word_1_451' title='bbox 2353 2414 2420 2468; x_wconf 91' lang='lat' dir='ltr'><strong>ad</strong></span> <span class='ocrx_word' id='word_1_452' title='bbox 2457 2429 2576 2468; x_wconf 88' lang='lat' dir='ltr'><strong>eam</strong></span> <span class='ocrx_word' id='word_1_453' title='bbox 2619 2414 3130 2483; x_wconf 53' lang='lat' dir='ltr'><strong>ipsanrreduceret,</strong></span> <span class='ocrx_word' id='word_1_454' title='bbox 3156 2422 3208 2470; x_wconf 90' lang='lat' dir='ltr'><strong>et</strong></span> <span class='ocrx_word' id='word_1_455' title='bbox 3231 2423 3526 2484; x_wconf 84' lang='lat' dir='ltr'><strong>cognatum</strong></span> 
     </span>
    </p>
   </div>
   <div class='ocr_carea' id='block_1_69' title="bbox 1948 2505 3526 2576">
    <p class='ocr_par' dir='ltr' id='par_1_69' title="bbox 1948 2505 3526 2576">
     <span class='ocr_line' id='line_1_70' title="bbox 1948 2505 3526 2576; baseline 0.004 -21"><span class='ocrx_word' id='word_1_456' title='bbox 1948 2509 2112 2572; x_wconf 89' lang='lat' dir='ltr'><strong>atque</strong></span> <span class='ocrx_word' id='word_1_457' title='bbox 2139 2505 2374 2558; x_wconf 90' lang='lat' dir='ltr'><strong>amicum</strong></span> <span class='ocrx_word' id='word_1_458' title='bbox 2424 2520 2634 2575; x_wconf 90' lang='lat' dir='ltr'><strong>suaque</strong></span> <span class='ocrx_word' id='word_1_459' title='bbox 2654 2506 2829 2575; x_wconf 91' lang='lat' dir='ltr'><strong>ipsius</strong></span> <span class='ocrx_word' id='word_1_460' title='bbox 2860 2506 3123 2560; x_wconf 92' lang='lat' dir='ltr'><strong>donatum</strong></span> <span class='ocrx_word' id='word_1_461' title='bbox 3159 2515 3526 2576; x_wconf 73' lang='lat' dir='ltr'><strong>ornatumque</strong></span> 
     </span>
    </p>
   </div>
   <div class='ocr_carea' id='block_1_70' title="bbox 1948 2596 3518 2669">
    <p class='ocr_par' dir='ltr' id='par_1_70' title="bbox 1948 2596 3518 2669">
     <span class='ocr_line' id='line_1_71' title="bbox 1948 2596 3518 2669; baseline 0.001 -18"><span class='ocrx_word' id='word_1_462' title='bbox 1948 2596 2203 2668; x_wconf 80' lang='lat' dir='ltr'><strong>imagine,</strong></span> <span class='ocrx_word' id='word_1_463' title='bbox 2224 2599 2459 2668; x_wconf 62' lang='lat' dir='ltr'><strong>propria!</strong></span> <span class='ocrx_word' id='word_1_464' title='bbox 2497 2599 2621 2656; x_wconf 75' lang='lat' dir='ltr'><strong>vita:</strong></span> <span class='ocrx_word' id='word_1_465' title='bbox 2643 2599 2859 2669; x_wconf 78' lang='lat' dir='ltr'><strong>gaudiis</strong></span> <span class='ocrx_word' id='word_1_466' title='bbox 2888 2615 2951 2653; x_wconf 92' lang='lat' dir='ltr'><strong>ac</strong></span> <span class='ocrx_word' id='word_1_467' title='bbox 2976 2601 3324 2669; x_wconf 87' lang='lat' dir='ltr'><strong>possessione</strong></span> <span class='ocrx_word' id='word_1_468' title='bbox 3353 2600 3518 2655; x_wconf 88' lang='lat' dir='ltr'><strong>dona-</strong></span> 
     </span>
    </p>
   </div>
   <div class='ocr_carea' id='block_1_71' title="bbox 1948 2689 3528 2762">
    <p class='ocr_par' dir='ltr' id='par_1_71' title="bbox 1948 2689 3528 2762">
     <span class='ocr_line' id='line_1_72' title="bbox 1948 2689 3528 2762; baseline 0.003 -20"><span class='ocrx_word' id='word_1_469' title='bbox 1948 2699 2052 2752; x_wconf 87' lang='lat' dir='ltr'><strong>ret,</strong></span> <span class='ocrx_word' id='word_1_470' title='bbox 2083 2689 2430 2760; x_wconf 86' lang='lat' dir='ltr'><strong>amicumque</strong></span> <span class='ocrx_word' id='word_1_471' title='bbox 2480 2692 2632 2747; x_wconf 89' lang='lat' dir='ltr'><strong>illum</strong></span> <span class='ocrx_word' id='word_1_472' title='bbox 2682 2691 2862 2762; x_wconf 87' lang='lat' dir='ltr'><strong>ipsqu</strong></span> <span class='ocrx_word' id='word_1_473' title='bbox 2894 2690 3074 2746; x_wconf 88' lang='lat' dir='ltr'><strong>Patris</strong></span> <span class='ocrx_word' id='word_1_474' title='bbox 3105 2707 3169 2747; x_wconf 84' lang='lat' dir='ltr'><strong>ac</strong></span> <span class='ocrx_word' id='word_1_475' title='bbox 3201 2691 3528 2748; x_wconf 79' lang='lat' dir='ltr'><strong>familiarem</strong></span> 
     </span>
    </p>
   </div>
   <div class='ocr_carea' id='block_1_72' title="bbox 1947 2781 3531 2854">
    <p class='ocr_par' dir='ltr' id='par_1_72' title="bbox 1947 2781 3531 2854">
     <span class='ocr_line' id='line_1_73' title="bbox 1947 2781 3531 2854; baseline -0.001 -16"><span class='ocrx_word' id='word_1_476' title='bbox 1947 2781 2204 2849; x_wconf 68' lang='lat' dir='ltr'><strong>ediceret,</strong></span> <span class='ocrx_word' id='word_1_477' title='bbox 2236 2784 2396 2854; x_wconf 89' lang='lat' dir='ltr'><strong>cujus</strong></span> <span class='ocrx_word' id='word_1_478' title='bbox 2425 2800 2591 2840; x_wconf 89' lang='lat' dir='ltr'><strong>causa</strong></span> <span class='ocrx_word' id='word_1_479' title='bbox 2623 2785 2766 2840; x_wconf 91' lang='lat' dir='ltr'><strong>idem</strong></span> <span class='ocrx_word' id='word_1_480' title='bbox 2804 2784 2897 2840; x_wconf 91' lang='lat' dir='ltr'><strong>Dei</strong></span> <span class='ocrx_word' id='word_1_481' title='bbox 2926 2784 3162 2840; x_wconf 80' lang='lat' dir='ltr'><strong>Verbum</strong></span> <span class='ocrx_word' id='word_1_482' title='bbox 3193 2801 3252 2840; x_wconf 90' lang='lat' dir='ltr'><strong>se</strong></span> <span class='ocrx_word' id='word_1_483' title='bbox 3285 2785 3400 2840; x_wconf 79' lang='lat' dir='ltr'><strong>ﬁeri</strong></span> <span class='ocrx_word' id='word_1_484' title='bbox 3432 2786 3531 2839; x_wconf 80' lang='lat' dir='ltr'><strong>lm-</strong></span> 
     </span>
    </p>
   </div>
   <div class='ocr_carea' id='block_1_73' title="bbox 1948 2875 3524 2946">
    <p class='ocr_par' dir='ltr' id='par_1_73' title="bbox 1948 2875 3524 2946">
     <span class='ocr_line' id='line_1_74' title="bbox 1948 2875 3524 2946; baseline 0.001 -16"><span class='ocrx_word' id='word_1_485' title='bbox 1948 2876 2151 2930; x_wconf 80' lang='lat' dir='ltr'><strong>ntinem</strong></span> <span class='ocrx_word' id='word_1_486' title='bbox 2182 2891 2404 2946; x_wconf 90' lang='lat' dir='ltr'><strong>passum</strong></span> <span class='ocrx_word' id='word_1_487' title='bbox 2434 2885 2538 2932; x_wconf 87' lang='lat' dir='ltr'><strong>est.</strong></span> <span class='ocrx_word' id='word_1_488' title='bbox 2575 2875 2668 2931; x_wconf 86' lang='lat' dir='ltr'><strong>Sic</strong></span> <span class='ocrx_word' id='word_1_489' title='bbox 2707 2891 2872 2939; x_wconf 79' lang='lat' dir='ltr'><strong>sane,</strong></span> <span class='ocrx_word' id='word_1_490' title='bbox 2900 2885 2959 2929; x_wconf 92' lang='lat' dir='ltr'><strong>ut</strong></span> <span class='ocrx_word' id='word_1_491' title='bbox 2991 2877 3180 2946; x_wconf 86' lang='lat' dir='ltr'><strong>paucis</strong></span> <span class='ocrx_word' id='word_1_492' title='bbox 3220 2877 3524 2940; x_wconf 88' lang='lat' dir='ltr'><strong>absolvam,</strong></span> 
     </span>
    </p>
   </div>
   <div class='ocr_carea' id='block_1_74' title="bbox 1950 2967 3531 3024">
    <p class='ocr_par' dir='ltr' id='par_1_74' title="bbox 1950 2967 3531 3024">
     <span class='ocr_line' id='line_1_75' title="bbox 1950 2967 3531 3024; baseline 0.001 -1"><span class='ocrx_word' id='word_1_493' title='bbox 1950 2969 2066 3023; x_wconf 65' lang='lat' dir='ltr'><strong>haec</strong></span> <span class='ocrx_word' id='word_1_494' title='bbox 2097 2967 2397 3024; x_wconf 86' lang='lat' dir='ltr'><strong>Salvatoris</strong></span> <span class='ocrx_word' id='word_1_495' title='bbox 2425 2984 2489 3024; x_wconf 93' lang='lat' dir='ltr'><strong>ac</strong></span> <span class='ocrx_word' id='word_1_496' title='bbox 2525 2968 2738 3024; x_wconf 87' lang='lat' dir='ltr'><strong>Domini</strong></span> <span class='ocrx_word' id='word_1_497' title='bbox 2776 2970 2950 3023; x_wconf 88' lang='lat' dir='ltr'><strong>nostri</strong></span> <span class='ocrx_word' id='word_1_498' title='bbox 2981 2967 3112 3024; x_wconf 85' lang='lat' dir='ltr'><strong>Jesu</strong></span> <span class='ocrx_word' id='word_1_499' title='bbox 3151 2969 3354 3024; x_wconf 82' lang='lat' dir='ltr'><strong>Christi</strong></span> <span class='ocrx_word' id='word_1_500' title='bbox 3395 2985 3531 3024; x_wconf 90' lang='lat' dir='ltr'><strong>con-</strong></span> 
     </span>
    </p>
   </div>
   <div class='ocr_carea' id='block_1_75' title="bbox 1949 3058 3526 3130">
    <p class='ocr_par' dir='ltr' id='par_1_75' title="bbox 1949 3058 3526 3130">
     <span class='ocr_line' id='line_1_76' title="bbox 1949 3058 3526 3130; baseline -0.001 -16"><span class='ocrx_word' id='word_1_501' title='bbox 1949 3059 2214 3115; x_wconf 88' lang='lat' dir='ltr'><strong>sideratio</strong></span> <span class='ocrx_word' id='word_1_502' title='bbox 2243 3066 2298 3114; x_wconf 88' lang='lat' dir='ltr'><strong>et</strong></span> <span class='ocrx_word' id='word_1_503' title='bbox 2319 3060 2568 3124; x_wconf 86' lang='lat' dir='ltr'><strong>materia,</strong></span> <span class='ocrx_word' id='word_1_504' title='bbox 2600 3061 2806 3114; x_wconf 73' lang='lat' dir='ltr'><strong>variam</strong></span> <span class='ocrx_word' id='word_1_505' title='bbox 2843 3060 3051 3114; x_wconf 86' lang='lat' dir='ltr'><strong>habens</strong></span> <span class='ocrx_word' id='word_1_506' title='bbox 3083 3058 3526 3130; x_wconf 86' lang='lat' dir='ltr'><strong>dispositionem,</strong></span> 
     </span>
    </p>
   </div>
   <div class='ocr_carea' id='block_1_76' title="bbox 1949 3149 3527 3222">
    <p class='ocr_par' dir='ltr' id='par_1_76' title="bbox 1949 3149 3527 3222">
     <span class='ocr_line' id='line_1_77' title="bbox 1949 3149 3527 3222; baseline -0.001 -16"><span class='ocrx_word' id='word_1_507' title='bbox 1949 3166 2016 3206; x_wconf 79' lang='lat' dir='ltr'><strong>ex</strong></span> <span class='ocrx_word' id='word_1_508' title='bbox 2047 3151 2382 3222; x_wconf 83' lang='lat' dir='ltr'><strong>propheticis</strong></span> <span class='ocrx_word' id='word_1_509' title='bbox 2415 3149 2766 3205; x_wconf 62' lang='lat' dir='ltr'><strong>llebra&#39;orum</strong></span> <span class='ocrx_word' id='word_1_510' title='bbox 2804 3151 3044 3208; x_wconf 86' lang='lat' dir='ltr'><strong>oraculis</strong></span> <span class='ocrx_word' id='word_1_511' title='bbox 3085 3151 3527 3214; x_wconf 81' lang='lat' dir='ltr'><strong>conﬁrmabitur,</strong></span> 
     </span>
    </p>
   </div>
   <div class='ocr_carea' id='block_1_77' title="bbox 1951 3243 3532 3315">
    <p class='ocr_par' dir='ltr' id='par_1_77' title="bbox 1951 3243 3532 3315">
     <span class='ocr_line' id='line_1_78' title="bbox 1951 3243 3532 3315; baseline -0.001 -16"><span class='ocrx_word' id='word_1_512' title='bbox 1951 3259 2085 3299; x_wconf 83' lang='lat' dir='ltr'><strong>sane</strong></span> <span class='ocrx_word' id='word_1_513' title='bbox 2135 3243 2593 3315; x_wconf 82' lang='lat' dir='ltr'><strong>quemadmodum</strong></span> <span class='ocrx_word' id='word_1_514' title='bbox 2653 3244 2814 3314; x_wconf 89' lang='lat' dir='ltr'><strong>paulo</strong></span> <span class='ocrx_word' id='word_1_515' title='bbox 2848 3251 2984 3314; x_wconf 84' lang='lat' dir='ltr'><strong>post</strong></span> <span class='ocrx_word' id='word_1_516' title='bbox 3027 3251 3249 3312; x_wconf 80' lang='lat' dir='ltr'><strong>accepta</strong></span> <span class='ocrx_word' id='word_1_517' title='bbox 3309 3243 3378 3296; x_wconf 92' lang='lat' dir='ltr'><strong>ab</strong></span> <span class='ocrx_word' id='word_1_518' title='bbox 3420 3243 3532 3297; x_wconf 86' lang='lat' dir='ltr'><strong>illis</strong></span> 
     </span>
    </p>
   </div>
   <div class='ocr_carea' id='block_1_78' title="bbox 1950 3335 3531 3398">
    <p class='ocr_par' dir='ltr' id='par_1_78' title="bbox 1950 3335 3531 3398">
     <span class='ocr_line' id='line_1_79' title="bbox 1950 3335 3531 3398; baseline -0.001 -8"><span class='ocrx_word' id='word_1_519' title='bbox 1950 3337 2262 3392; x_wconf 87' lang='lat' dir='ltr'><strong>testimonia</strong></span> <span class='ocrx_word' id='word_1_520' title='bbox 2323 3337 2811 3398; x_wconf 86' lang='lat' dir='ltr'><strong>demonstrabunt.</strong></span> <span class='ocrx_word' id='word_1_521' title='bbox 2871 3336 3271 3391; x_wconf 85' lang='lat' dir='ltr'><strong>recentioribus</strong></span> <span class='ocrx_word' id='word_1_522' title='bbox 3328 3335 3531 3390; x_wconf 83' lang='lat' dir='ltr'><strong>litteris</strong></span> 
     </span>
    </p>
   </div>
   <div class='ocr_carea' id='block_1_79' title="bbox 1949 3427 3531 3500">
    <p class='ocr_par' dir='ltr' id='par_1_79' title="bbox 1949 3427 3531 3500">
     <span class='ocr_line' id='line_1_80' title="bbox 1949 3427 3531 3500; baseline -0.001 -16"><span class='ocrx_word' id='word_1_523' title='bbox 1949 3437 2135 3485; x_wconf 78' lang='lat' dir='ltr'><strong>vetera</strong></span> <span class='ocrx_word' id='word_1_524' title='bbox 2182 3429 2714 3500; x_wconf 84' lang='lat' dir='ltr'><strong>comprobantibus,</strong></span> <span class='ocrx_word' id='word_1_525' title='bbox 2765 3436 2820 3485; x_wconf 87' lang='lat' dir='ltr'><strong>et</strong></span> <span class='ocrx_word' id='word_1_526' title='bbox 2880 3429 3140 3499; x_wconf 85' lang='lat' dir='ltr'><strong>angelicis</strong></span> <span class='ocrx_word' id='word_1_527' title='bbox 3198 3427 3531 3483; x_wconf 82' lang='lat' dir='ltr'><strong>testimoniis</strong></span> 
     </span>
    </p>
   </div>
   <div class='ocr_carea' id='block_1_80' title="bbox 1949 3521 3532 3591">
    <p class='ocr_par' dir='ltr' id='par_1_80' title="bbox 1949 3521 3532 3591">
     <span class='ocr_line' id='line_1_81' title="bbox 1949 3521 3532 3591; baseline 0.001 -18"><span class='ocrx_word' id='word_1_528' title='bbox 1949 3521 2267 3591; x_wconf 84' lang='lat' dir='ltr'><strong>pr0phetica</strong></span> <span class='ocrx_word' id='word_1_529' title='bbox 2292 3523 2451 3591; x_wconf 88' lang='lat' dir='ltr'><strong>quasi</strong></span> <span class='ocrx_word' id='word_1_530' title='bbox 2480 3529 2629 3576; x_wconf 89' lang='lat' dir='ltr'><strong>certa</strong></span> <span class='ocrx_word' id='word_1_531' title='bbox 2665 3521 2931 3590; x_wconf 87' lang='lat' dir='ltr'><strong>impressa</strong></span> <span class='ocrx_word' id='word_1_532' title='bbox 2975 3528 3102 3575; x_wconf 89' lang='lat' dir='ltr'><strong>nota</strong></span> <span class='ocrx_word' id='word_1_533' title='bbox 3139 3521 3532 3576; x_wconf 85' lang='lat' dir='ltr'><strong>commendan-</strong></span> 
     </span>
    </p>
   </div>
   <div class='ocr_carea' id='block_1_81' title="bbox 1948 3611 3532 3683">
    <p class='ocr_par' dir='ltr' id='par_1_81' title="bbox 1948 3611 3532 3683">
     <span class='ocr_line' id='line_1_82' title="bbox 1948 3611 3532 3683; baseline 0 -16"><span class='ocrx_word' id='word_1_534' title='bbox 1948 3612 2114 3668; x_wconf 88' lang='lat' dir='ltr'><strong>tibus.</strong></span> <span class='ocrx_word' id='word_1_535' title='bbox 2140 3611 2433 3676; x_wconf 64' lang='lat' dir='ltr'><strong>Caeterum,</strong></span> <span class='ocrx_word' id='word_1_536' title='bbox 2466 3612 2686 3683; x_wconf 88' lang='lat' dir='ltr'><strong>quando</strong></span> <span class='ocrx_word' id='word_1_537' title='bbox 2719 3612 2833 3667; x_wconf 66' lang='lat' dir='ltr'><strong>haec</strong></span> <span class='ocrx_word' id='word_1_538' title='bbox 2867 3613 2940 3665; x_wconf 90' lang='lat' dir='ltr'><strong>ita</strong></span> <span class='ocrx_word' id='word_1_539' title='bbox 2963 3627 3022 3666; x_wconf 87' lang='lat' dir='ltr'><strong>se</strong></span> <span class='ocrx_word' id='word_1_540' title='bbox 3055 3611 3276 3672; x_wconf 87' lang='lat' dir='ltr'><strong>habent,</strong></span> <span class='ocrx_word' id='word_1_541' title='bbox 3313 3620 3532 3683; x_wconf 91' lang='lat' dir='ltr'><strong>tempus</strong></span> 
     </span>
    </p>
   </div>
   <div class='ocr_carea' id='block_1_82' title="bbox 1949 3703 3527 3775">
    <p class='ocr_par' dir='ltr' id='par_1_82' title="bbox 1949 3703 3527 3775">
     <span class='ocr_line' id='line_1_83' title="bbox 1949 3703 3527 3775; baseline -0.001 -15"><span class='ocrx_word' id='word_1_542' title='bbox 1949 3712 2033 3760; x_wconf 89' lang='lat' dir='ltr'><strong>est</strong></span> <span class='ocrx_word' id='word_1_543' title='bbox 2072 3705 2330 3775; x_wconf 90' lang='lat' dir='ltr'><strong>deinceps</strong></span> <span class='ocrx_word' id='word_1_544' title='bbox 2390 3705 2458 3759; x_wconf 92' lang='lat' dir='ltr'><strong>de</strong></span> <span class='ocrx_word' id='word_1_545' title='bbox 2508 3703 2874 3774; x_wconf 89' lang='lat' dir='ltr'><strong>appellatione</strong></span> <span class='ocrx_word' id='word_1_546' title='bbox 2921 3703 3168 3772; x_wconf 87' lang='lat' dir='ltr'><strong>ejusdem</strong></span> <span class='ocrx_word' id='word_1_547' title='bbox 3228 3703 3527 3767; x_wconf 89' lang='lat' dir='ltr'><strong>disserere,</strong></span> 
     </span>
    </p>
   </div>
   <div class='ocr_carea' id='block_1_83' title="bbox 1949 3796 3530 3868">
    <p class='ocr_par' dir='ltr' id='par_1_83' title="bbox 1949 3796 3530 3868">
     <span class='ocr_line' id='line_1_84' title="bbox 1949 3796 3530 3868; baseline 0.003 -18"><span class='ocrx_word' id='word_1_548' title='bbox 1949 3806 2221 3868; x_wconf 90' lang='lat' dir='ltr'><strong>quatenus</strong></span> <span class='ocrx_word' id='word_1_549' title='bbox 2257 3807 2311 3853; x_wconf 93' lang='lat' dir='ltr'><strong>et</strong></span> <span class='ocrx_word' id='word_1_550' title='bbox 2358 3796 2520 3854; x_wconf 79' lang='lat' dir='ltr'><strong>Jesus</strong></span> <span class='ocrx_word' id='word_1_551' title='bbox 2574 3804 2629 3853; x_wconf 87' lang='lat' dir='ltr'><strong>et</strong></span> <span class='ocrx_word' id='word_1_552' title='bbox 2674 3797 2929 3853; x_wconf 85' lang='lat' dir='ltr'><strong>Christus</strong></span> <span class='ocrx_word' id='word_1_553' title='bbox 2958 3797 3140 3853; x_wconf 86' lang='lat' dir='ltr'><strong>dictus</strong></span> <span class='ocrx_word' id='word_1_554' title='bbox 3173 3807 3280 3861; x_wconf 89' lang='lat' dir='ltr'><strong>est,</strong></span> <span class='ocrx_word' id='word_1_555' title='bbox 3315 3813 3530 3854; x_wconf 82' lang='lat' dir='ltr'><strong>necnon</strong></span> 
     </span>
    </p>
   </div>
   <div class='ocr_carea' id='block_1_84' title="bbox 1950 3886 3531 3959">
    <p class='ocr_par' dir='ltr' id='par_1_84' title="bbox 1950 3886 3531 3959">
     <span class='ocr_line' id='line_1_85' title="bbox 1950 3886 3531 3959; baseline -0.001 -15"><span class='ocrx_word' id='word_1_556' title='bbox 1950 3905 2045 3959; x_wconf 89' lang='lat' dir='ltr'><strong>per</strong></span> <span class='ocrx_word' id='word_1_557' title='bbox 2078 3902 2216 3958; x_wconf 90' lang='lat' dir='ltr'><strong>quas</strong></span> <span class='ocrx_word' id='word_1_558' title='bbox 2248 3887 2562 3959; x_wconf 88' lang='lat' dir='ltr'><strong>prophetias</strong></span> <span class='ocrx_word' id='word_1_559' title='bbox 2613 3886 2938 3941; x_wconf 83' lang='lat' dir='ltr'><strong>nominatim</strong></span> <span class='ocrx_word' id='word_1_560' title='bbox 2975 3897 3101 3942; x_wconf 91' lang='lat' dir='ltr'><strong>ante</strong></span> <span class='ocrx_word' id='word_1_561' title='bbox 3130 3887 3200 3942; x_wconf 90' lang='lat' dir='ltr'><strong>sit</strong></span> <span class='ocrx_word' id='word_1_562' title='bbox 3237 3887 3531 3942; x_wconf 84' lang='lat' dir='ltr'><strong>denuntia-</strong></span> 
     </span>
    </p>
   </div>
   <div class='ocr_carea' id='block_1_85' title="bbox 1950 3978 3529 4048">
    <p class='ocr_par' dir='ltr' id='par_1_85' title="bbox 1950 3978 3529 4048">
     <span class='ocr_line' id='line_1_86' title="bbox 1950 3978 3529 4048; baseline 0 -15"><span class='ocrx_word' id='word_1_563' title='bbox 1950 3987 2060 4035; x_wconf 92' lang='lat' dir='ltr'><strong>tus.</strong></span> <span class='ocrx_word' id='word_1_564' title='bbox 2118 3978 2474 4048; x_wconf 89' lang='lat' dir='ltr'><strong>Primumque</strong></span> <span class='ocrx_word' id='word_1_565' title='bbox 2542 3979 2673 4033; x_wconf 86' lang='lat' dir='ltr'><strong>illud</strong></span> <span class='ocrx_word' id='word_1_566' title='bbox 2735 3979 3210 4048; x_wconf 84' lang='lat' dir='ltr'><strong>contemplemur,</strong></span> <span class='ocrx_word' id='word_1_567' title='bbox 3264 3978 3529 4048; x_wconf 87' lang='lat' dir='ltr'><strong>quidnam</strong></span> 
     </span>
    </p>
   </div>
   <div class='ocr_carea' id='block_1_86' title="bbox 1948 4070 3532 4144">
    <p class='ocr_par' dir='ltr' id='par_1_86' title="bbox 1948 4070 3532 4144">
     <span class='ocr_line' id='line_1_87' title="bbox 1948 4070 3532 4144; baseline -0.002 -16"><span class='ocrx_word' id='word_1_568' title='bbox 1948 4075 2129 4144; x_wconf 90' lang='lat' dir='ltr'><strong>ipsum</strong></span> <span class='ocrx_word' id='word_1_569' title='bbox 2159 4072 2366 4127; x_wconf 82' lang='lat' dir='ltr'><strong>Christi</strong></span> <span class='ocrx_word' id='word_1_570' title='bbox 2397 4087 2593 4125; x_wconf 88' lang='lat' dir='ltr'><strong>nomen</strong></span> <span class='ocrx_word' id='word_1_571' title='bbox 2637 4070 2928 4139; x_wconf 83' lang='lat' dir='ltr'><strong>signiﬁcet,</strong></span> <span class='ocrx_word' id='word_1_572' title='bbox 2970 4079 3260 4138; x_wconf 87' lang='lat' dir='ltr'><strong>antequam</strong></span> <span class='ocrx_word' id='word_1_573' title='bbox 3298 4071 3532 4140; x_wconf 62' lang='lat' dir='ltr'><strong>prophe-</strong></span> 
     </span>
    </p>
   </div>
   <div class='ocr_carea' id='block_1_87' title="bbox 1947 4159 3532 4235">
    <p class='ocr_par' dir='ltr' id='par_1_87' title="bbox 1947 4159 3532 4235">
     <span class='ocr_line' id='line_1_88' title="bbox 1947 4159 3532 4235; baseline -0.003 -15"><span class='ocrx_word' id='word_1_574' title='bbox 1947 4167 2055 4220; x_wconf 88' lang='lat' dir='ltr'><strong>tica</strong></span> <span class='ocrx_word' id='word_1_575' title='bbox 2081 4165 2150 4220; x_wconf 90' lang='lat' dir='ltr'><strong>de</strong></span> <span class='ocrx_word' id='word_1_576' title='bbox 2180 4163 2458 4235; x_wconf 85' lang='lat' dir='ltr'><strong>proposita</strong></span> <span class='ocrx_word' id='word_1_577' title='bbox 2497 4162 2837 4232; x_wconf 87' lang='lat' dir='ltr'><strong>inspectione</strong></span> <span class='ocrx_word' id='word_1_578' title='bbox 2864 4163 3086 4216; x_wconf 87' lang='lat' dir='ltr'><strong>oracula</strong></span> <span class='ocrx_word' id='word_1_579' title='bbox 3116 4163 3371 4231; x_wconf 73' lang='lat' dir='ltr'><strong>colligere</strong></span> <span class='ocrx_word' id='word_1_580' title='bbox 3401 4159 3532 4218; x_wconf 84' lang='lat' dir='ltr'><strong>inci-</strong></span> 
     </span>
    </p>
   </div>
   <div class='ocr_carea' id='block_1_88' title="bbox 1947 4253 3530 4328">
    <p class='ocr_par' dir='ltr' id='par_1_88' title="bbox 1947 4253 3530 4328">
     <span class='ocr_line' id='line_1_89' title="bbox 1947 4253 3530 4328; baseline -0.003 -16"><span class='ocrx_word' id='word_1_581' title='bbox 1947 4259 2184 4328; x_wconf 81' lang='lat' dir='ltr'><strong>piamus.</strong></span> <span class='ocrx_word' id='word_1_582' title='bbox 2214 4255 2320 4310; x_wconf 88' lang='lat' dir='ltr'><strong>Par</strong></span> <span class='ocrx_word' id='word_1_583' title='bbox 2351 4263 2530 4309; x_wconf 89' lang='lat' dir='ltr'><strong>autem</strong></span> <span class='ocrx_word' id='word_1_584' title='bbox 2579 4270 2705 4308; x_wconf 87' lang='lat' dir='ltr'><strong>esse</strong></span> <span class='ocrx_word' id='word_1_585' title='bbox 2753 4254 2992 4306; x_wconf 90' lang='lat' dir='ltr'><strong>arbitror</strong></span> <span class='ocrx_word' id='word_1_586' title='bbox 3020 4253 3088 4308; x_wconf 93' lang='lat' dir='ltr'><strong>de</strong></span> <span class='ocrx_word' id='word_1_587' title='bbox 3141 4255 3258 4323; x_wconf 89' lang='lat' dir='ltr'><strong>ipsa</strong></span> <span class='ocrx_word' id='word_1_588' title='bbox 3291 4255 3530 4324; x_wconf 90' lang='lat' dir='ltr'><strong>primum</strong></span> 
     </span>
    </p>
   </div>
   <div class='ocr_carea' id='block_1_89' title="bbox 1947 4345 3527 4417">
    <p class='ocr_par' dir='ltr' id='par_1_89' title="bbox 1947 4345 3527 4417">
     <span class='ocr_line' id='line_1_90' title="bbox 1947 4345 3527 4417; baseline -0.003 -15"><span class='ocrx_word' id='word_1_589' title='bbox 1947 4349 2157 4406; x_wconf 87' lang='lat' dir='ltr'><strong>Christi</strong></span> <span class='ocrx_word' id='word_1_590' title='bbox 2206 4347 2574 4417; x_wconf 88' lang='lat' dir='ltr'><strong>appellatione</strong></span> <span class='ocrx_word' id='word_1_591' title='bbox 2603 4353 2862 4409; x_wconf 85' lang='lat' dir='ltr'><strong>tractare,</strong></span> <span class='ocrx_word' id='word_1_592' title='bbox 2901 4346 3160 4416; x_wconf 85' lang='lat' dir='ltr'><strong>illiusque</strong></span> <span class='ocrx_word' id='word_1_593' title='bbox 3192 4345 3527 4401; x_wconf 89' lang='lat' dir='ltr'><strong>intellectum</strong></span> 
     </span>
    </p>
   </div>
   <div class='ocr_carea' id='block_1_90' title="bbox 1948 4437 3530 4511">
    <p class='ocr_par' dir='ltr' id='par_1_90' title="bbox 1948 4437 3530 4511">
     <span class='ocr_line' id='line_1_91' title="bbox 1948 4437 3530 4511; baseline -0.003 -14"><span class='ocrx_word' id='word_1_594' title='bbox 1948 4442 2308 4511; x_wconf 86' lang='lat' dir='ltr'><strong>distinguere,</strong></span> <span class='ocrx_word' id='word_1_595' title='bbox 2344 4449 2400 4492; x_wconf 94' lang='lat' dir='ltr'><strong>ut</strong></span> <span class='ocrx_word' id='word_1_596' title='bbox 2430 4438 2566 4492; x_wconf 84' lang='lat' dir='ltr'><strong>nihil</strong></span> <span class='ocrx_word' id='word_1_597' title='bbox 2602 4451 2831 4507; x_wconf 88' lang='lat' dir='ltr'><strong>prorsus</strong></span> <span class='ocrx_word' id='word_1_598' title='bbox 2861 4453 2961 4492; x_wconf 91' lang='lat' dir='ltr'><strong>nos</strong></span> <span class='ocrx_word' id='word_1_599' title='bbox 2993 4437 3156 4490; x_wconf 72' lang='lat' dir='ltr'><strong>lateat</strong></span> <span class='ocrx_word' id='word_1_600' title='bbox 3184 4452 3373 4492; x_wconf 88' lang='lat' dir='ltr'><strong>eorum</strong></span> <span class='ocrx_word' id='word_1_601' title='bbox 3407 4453 3530 4507; x_wconf 72' lang='lat' dir='ltr'><strong>qua:</strong></span> 
     </span>
    </p>
   </div>
   <div class='ocr_carea' id='block_1_91' title="bbox 263 4529 1848 4607">
    <p class='ocr_par' dir='ltr' id='par_1_91' title="bbox 263 4533 1844 4607">
     <span class='ocr_line' id='line_1_92' title="bbox 263 4533 1844 4607; baseline 0.002 -19"><span class='ocrx_word' id='word_1_602' title='bbox 263 4551 351 4588; x_wconf 82' lang='grc' dir='ltr'><strong>ποι</strong></span> <span class='ocrx_word' id='word_1_603' title='bbox 377 4534 448 4588; x_wconf 81' lang='grc' dir='ltr'><strong>ἃν</strong></span> <span class='ocrx_word' id='word_1_604' title='bbox 493 4533 734 4587; x_wconf 83' lang='grc' dir='ltr'>Μωῡσέα</span> <span class='ocrx_word' id='word_1_605' title='bbox 775 4534 1129 4606; x_wconf 80' lang='grc' dir='ltr'>νομοθετῆσαι</span> <span class='ocrx_word' id='word_1_606' title='bbox 1179 4536 1393 4607; x_wconf 87' lang='grc' dir='ltr'>πρῶτον</span> <span class='ocrx_word' id='word_1_607' title='bbox 1437 4537 1692 4590; x_wconf 85' lang='grc' dir='ltr'>ἁπάντων</span> <span class='ocrx_word' id='word_1_608' title='bbox 1719 4539 1844 4601; x_wconf 82' lang='grc' dir='ltr'>τοὺς</span> 
     </span>
    </p>
   </div>
   <div class='ocr_carea' id='block_1_92' title="bbox 1948 4529 3532 4607">
    <p class='ocr_par' dir='ltr' id='par_1_92' title="bbox 1950 4529 3532 4602">
     <span class='ocr_line' id='line_1_93' title="bbox 1950 4529 3532 4602; baseline 0 -15"><span class='ocrx_word' id='word_1_609' title='bbox 1950 4535 2054 4588; x_wconf 89' lang='lat' dir='ltr'><strong>hoc</strong></span> <span class='ocrx_word' id='word_1_610' title='bbox 2089 4533 2211 4586; x_wconf 92' lang='lat' dir='ltr'><strong>loco</strong></span> <span class='ocrx_word' id='word_1_611' title='bbox 2234 4529 2405 4602; x_wconf 68' lang='lat' dir='ltr'><strong>quaarl</strong></span> <span class='ocrx_word' id='word_1_612' title='bbox 2437 4529 2634 4584; x_wconf 88' lang='lat' dir='ltr'><strong>solent.</strong></span> <span class='ocrx_word' id='word_1_613' title='bbox 2670 4529 2826 4584; x_wconf 84' lang='lat' dir='ltr'><strong>Alius</strong></span> <span class='ocrx_word' id='word_1_614' title='bbox 2855 4530 3020 4600; x_wconf 85' lang='lat' dir='ltr'><strong>igitur</strong></span> <span class='ocrx_word' id='word_1_615' title='bbox 3049 4531 3118 4585; x_wconf 89' lang='lat' dir='ltr'><strong>ab</strong></span> <span class='ocrx_word' id='word_1_616' title='bbox 3151 4531 3220 4585; x_wconf 92' lang='lat' dir='ltr'><strong>iis</strong></span> <span class='ocrx_word' id='word_1_617' title='bbox 3251 4547 3372 4602; x_wconf 64' lang='lat' dir='ltr'><strong>quae</strong></span> <span class='ocrx_word' id='word_1_618' title='bbox 3402 4549 3532 4602; x_wconf 85' lang='lat' dir='ltr'><strong>pro-</strong></span> 
     </span>
    </p>
   </div>
   <div class='ocr_carea' id='block_1_93' title="bbox 258 4622 1846 4698">
    <p class='ocr_par' dir='ltr' id='par_1_93' title="bbox 258 4622 1846 4698">
     <span class='ocr_line' id='line_1_94' title="bbox 258 4622 1846 4698; baseline 0.003 -22"><span class='ocrx_word' id='word_1_619' title='bbox 258 4623 338 4694; x_wconf 74' lang='grc' dir='ltr'>τῷ</span> <span class='ocrx_word' id='word_1_620' title='bbox 367 4622 491 4693; x_wconf 86' lang='grc' dir='ltr'><strong>Θεῷ</strong></span> <span class='ocrx_word' id='word_1_621' title='bbox 525 4624 852 4694; x_wconf 84' lang='grc' dir='ltr'>ίερωμένους</span> <span class='ocrx_word' id='word_1_622' title='bbox 888 4625 1044 4696; x_wconf 76' lang='grc' dir='ltr'>μύρῳ</span> <span class='ocrx_word' id='word_1_623' title='bbox 1073 4625 1356 4697; x_wconf 81' lang='grc' dir='ltr'>σκευαστῷ</span> <span class='ocrx_word' id='word_1_624' title='bbox 1405 4627 1674 4698; x_wconf 81' lang='grc' dir='ltr'>χρίεσθαι,</span> <span class='ocrx_word' id='word_1_625' title='bbox 1710 4629 1846 4682; x_wconf 75' lang='grc' dir='ltr'>εὕω-</span> 
     </span>
    </p>
   </div>
   <div class='ocr_carea' id='block_1_94' title="bbox 261 4715 1847 4794">
    <p class='ocr_par' dir='ltr' id='par_1_94' title="bbox 261 4715 1847 4794">
     <span class='ocr_line' id='line_1_95' title="bbox 261 4715 1847 4794; baseline 0.004 -25"><span class='ocrx_word' id='word_1_626' title='bbox 261 4717 377 4781; x_wconf 79' lang='grc' dir='ltr'>ὂίας</span> <span class='ocrx_word' id='word_1_627' title='bbox 401 4716 515 4770; x_wconf 82' lang='grc' dir='ltr'>δεῖν</span> <span class='ocrx_word' id='word_1_628' title='bbox 543 4717 613 4770; x_wconf 73' lang='grc' dir='ltr'>τὰ</span> <span class='ocrx_word' id='word_1_629' title='bbox 641 4715 869 4788; x_wconf 85' lang='grc' dir='ltr'>σώματα</span> <span class='ocrx_word' id='word_1_630' title='bbox 898 4720 991 4772; x_wconf 75' lang='grc' dir='ltr'><strong>καὶ</strong></span> <span class='ocrx_word' id='word_1_631' title='bbox 1014 4718 1218 4788; x_wconf 81' lang='grc' dir='ltr'>ἀγαθοῦ</span> <span class='ocrx_word' id='word_1_632' title='bbox 1245 4737 1386 4783; x_wconf 85' lang='grc' dir='ltr'>τινος</span> <span class='ocrx_word' id='word_1_633' title='bbox 1418 4722 1680 4775; x_wconf 82' lang='grc' dir='ltr'>ἀποπνεῖν</span> <span class='ocrx_word' id='word_1_634' title='bbox 1707 4723 1847 4794; x_wconf 76' lang='grc' dir='ltr'>ἡγη-</span> 
     </span>
    </p>
   </div>
   <div class='ocr_carea' id='block_1_95' title="bbox 265 4810 1846 4888">
    <p class='ocr_par' dir='ltr' id='par_1_95' title="bbox 265 4810 1846 4888">
     <span class='ocr_line' id='line_1_96' title="bbox 265 4810 1846 4888; baseline 0.004 -24"><span class='ocrx_word' id='word_1_635' title='bbox 265 4811 497 4880; x_wconf 71' lang='grc' dir='ltr'>σάμενον</span> <span class='ocrx_word' id='word_1_636' title='bbox 517 4827 530 4838; x_wconf 92' lang='grc'><strong>·</strong></span> <span class='ocrx_word' id='word_1_637' title='bbox 571 4811 696 4863; x_wconf 73' lang='grc' dir='ltr'>ἐπεὶ</span> <span class='ocrx_word' id='word_1_638' title='bbox 739 4813 847 4863; x_wconf 82' lang='grc' dir='ltr'>πᾶν</span> <span class='ocrx_word' id='word_1_639' title='bbox 873 4810 934 4863; x_wconf 78' lang='grc' dir='ltr'>τὸ</span> <span class='ocrx_word' id='word_1_640' title='bbox 961 4810 1194 4876; x_wconf 84' lang='grc' dir='ltr'>δυσῶδες</span> <span class='ocrx_word' id='word_1_641' title='bbox 1229 4815 1452 4882; x_wconf 86' lang='grc' dir='ltr'>μιαραῖς</span> <span class='ocrx_word' id='word_1_642' title='bbox 1487 4815 1577 4867; x_wconf 77' lang='grc' dir='ltr'><strong>καὶ</strong></span> <span class='ocrx_word' id='word_1_643' title='bbox 1603 4815 1846 4888; x_wconf 83' lang='grc' dir='ltr'>ἀκαθάρ-</span> 
     </span>
    </p>
   </div>
   <div class='ocr_carea' id='block_1_96' title="bbox 263 4895 1848 4971">
    <p class='ocr_par' dir='ltr' id='par_1_96' title="bbox 263 4895 1848 4971">
     <span class='ocr_line' id='line_1_97' title="bbox 263 4895 1848 4971; baseline 0.004 -19"><span class='ocrx_word' id='word_1_644' title='bbox 263 4917 370 4963; x_wconf 79' lang='grc' dir='ltr'>τοις</span> <span class='ocrx_word' id='word_1_645' title='bbox 393 4898 692 4969; x_wconf 80' lang='grc' dir='ltr'>δυνάμεσιν</span> <span class='ocrx_word' id='word_1_646' title='bbox 718 4895 854 4952; x_wconf 76' lang='grc' dir='ltr'>εἶναι</span> <span class='ocrx_word' id='word_1_647' title='bbox 892 4899 1063 4968; x_wconf 85' lang='grc' dir='ltr'>φίλον,</span> <span class='ocrx_word' id='word_1_648' title='bbox 1088 4899 1164 4964; x_wconf 83' lang='grc' dir='ltr'>ὡς</span> <span class='ocrx_word' id='word_1_649' title='bbox 1195 4899 1429 4970; x_wconf 77' lang='grc' dir='ltr'>ἔμπαλιν</span> <span class='ocrx_word' id='word_1_650' title='bbox 1462 4905 1581 4966; x_wconf 84' lang='grc' dir='ltr'>ταῖς</span> <span class='ocrx_word' id='word_1_651' title='bbox 1617 4903 1848 4971; x_wconf 80' lang='grc' dir='ltr'>φιλαγά-</span> 
     </span>
    </p>
   </div>
   <div class='ocr_carea' id='block_1_97' title="bbox 266 4991 1846 5066">
    <p class='ocr_par' dir='ltr' id='par_1_97' title="bbox 266 4991 1846 5066">
     <span class='ocr_line' id='line_1_98' title="bbox 266 4991 1846 5066; baseline 0.003 -22"><span class='ocrx_word' id='word_1_652' title='bbox 266 4991 397 5057; x_wconf 81' lang='grc' dir='ltr'>θοις,</span> <span class='ocrx_word' id='word_1_653' title='bbox 447 4991 508 5044; x_wconf 76' lang='grc' dir='ltr'>τὸ</span> <span class='ocrx_word' id='word_1_654' title='bbox 529 4991 729 5056; x_wconf 78' lang='grc' dir='ltr'>εὑῶδες</span> <span class='ocrx_word' id='word_1_655' title='bbox 749 5008 764 5021; x_wconf 73' lang='grc' dir='ltr'>ο</span> <span class='ocrx_word' id='word_1_656' title='bbox 791 4991 914 5045; x_wconf 78' lang='grc' dir='ltr'>ὅθεν</span> <span class='ocrx_word' id='word_1_657' title='bbox 942 4993 1033 5045; x_wconf 75' lang='grc' dir='ltr'><strong>καὶ</strong></span> <span class='ocrx_word' id='word_1_658' title='bbox 1063 4991 1364 5062; x_wconf 84' lang='grc' dir='ltr'>θυμιάματι</span> <span class='ocrx_word' id='word_1_659' title='bbox 1392 4995 1733 5066; x_wconf 83' lang='grc' dir='ltr'>συγκειμένῳ</span> <span class='ocrx_word' id='word_1_660' title='bbox 1767 4997 1846 5060; x_wconf 90' lang='grc' dir='ltr'><strong>είς</strong></span> 
     </span>
    </p>
   </div>
   <div class='ocr_carea' id='block_1_98' title="bbox 267 5083 1846 5160">
    <p class='ocr_par' dir='ltr' id='par_1_98' title="bbox 267 5083 1846 5160">
     <span class='ocr_line' id='line_1_99' title="bbox 267 5083 1846 5160; baseline 0.001 -26"><span class='ocrx_word' id='word_1_661' title='bbox 267 5083 571 5154; x_wconf 73' lang='grc' dir='ltr'>ὑπερϐολὴν</span> <span class='ocrx_word' id='word_1_662' title='bbox 595 5083 827 5146; x_wconf 76' lang='grc' dir='ltr'>εὐωδίας</span> <span class='ocrx_word' id='word_1_663' title='bbox 853 5083 972 5136; x_wconf 83' lang='grc' dir='ltr'>καθ’</span> <span class='ocrx_word' id='word_1_664' title='bbox 1003 5085 1238 5154; x_wconf 77' lang='grc' dir='ltr'>ἑκάστην</span> <span class='ocrx_word' id='word_1_665' title='bbox 1267 5085 1479 5157; x_wconf 68' lang='grc' dir='ltr'>ἡμέραν</span> <span class='ocrx_word' id='word_1_666' title='bbox 1507 5089 1618 5151; x_wconf 85' lang='grc' dir='ltr'>τοῖς</span> <span class='ocrx_word' id='word_1_667' title='bbox 1642 5087 1846 5160; x_wconf 76' lang='grc' dir='ltr'>ἰερεῦσι</span> 
     </span>
    </p>
   </div>
   <div class='ocr_carea' id='block_1_99' title="bbox 263 5173 1844 5249">
    <p class='ocr_par' dir='ltr' id='par_1_99' title="bbox 263 5173 1844 5249">
     <span class='ocr_line' id='line_1_100' title="bbox 263 5173 1844 5249; baseline 0.004 -23"><span class='ocrx_word' id='word_1_668' title='bbox 263 5175 497 5246; x_wconf 75' lang='grc' dir='ltr'>χρῆσθαι</span> <span class='ocrx_word' id='word_1_669' title='bbox 534 5177 594 5228; x_wconf 83' lang='grc' dir='ltr'><strong>ἐν</strong></span> <span class='ocrx_word' id='word_1_670' title='bbox 626 5174 704 5245; x_wconf 81' lang='grc' dir='ltr'>τῷ</span> <span class='ocrx_word' id='word_1_671' title='bbox 745 5173 874 5244; x_wconf 81' lang='grc' dir='ltr'>ἱερῷ</span> <span class='ocrx_word' id='word_1_672' title='bbox 899 5173 1276 5245; x_wconf 74' lang='grc' dir='ltr'>νομοθετῆσαι,</span> <span class='ocrx_word' id='word_1_673' title='bbox 1311 5176 1480 5240; x_wconf 83' lang='grc' dir='ltr'>ὅπως,</span> <span class='ocrx_word' id='word_1_674' title='bbox 1511 5194 1844 5249; x_wconf 84' lang='grc' dir='ltr'>κατακιρνα-</span> 
     </span>
    </p>
   </div>
   <div class='ocr_carea' id='block_1_100' title="bbox 269 5266 1847 5336">
    <p class='ocr_par' dir='ltr' id='par_1_100' title="bbox 269 5266 1847 5336">
     <span class='ocr_line' id='line_1_101' title="bbox 269 5266 1847 5336; baseline 0 -16"><span class='ocrx_word' id='word_1_675' title='bbox 269 5267 427 5336; x_wconf 80' lang='grc' dir='ltr'>μένου</span> <span class='ocrx_word' id='word_1_676' title='bbox 459 5266 553 5320; x_wconf 89' lang='grc' dir='ltr'><strong>τοῦ</strong></span> <span class='ocrx_word' id='word_1_677' title='bbox 593 5266 778 5336; x_wconf 82' lang='grc' dir='ltr'>ἀέρος,</span> <span class='ocrx_word' id='word_1_678' title='bbox 822 5266 1004 5319; x_wconf 76' lang='grc' dir='ltr'>καὶτὸ</span> <span class='ocrx_word' id='word_1_679' title='bbox 1048 5266 1280 5329; x_wconf 78' lang='grc' dir='ltr'>δυσῶδες</span> <span class='ocrx_word' id='word_1_680' title='bbox 1325 5267 1694 5335; x_wconf 68' lang='grc' dir='ltr'>ἀφανίζοντος,</span> <span class='ocrx_word' id='word_1_681' title='bbox 1730 5266 1847 5320; x_wconf 86' lang='grc' dir='ltr'>θεία</span> 
     </span>
    </p>
   </div>
   <div class='ocr_carea' id='block_1_101' title="bbox 265 5358 1850 5431">
    <p class='ocr_par' dir='ltr' id='par_1_101' title="bbox 265 5358 1850 5431">
     <span class='ocr_line' id='line_1_102' title="bbox 265 5358 1850 5431; baseline 0.001 -18"><span class='ocrx_word' id='word_1_682' title='bbox 265 5377 344 5425; x_wconf 88' lang='grc' dir='ltr'><strong>τις</strong></span> <span class='ocrx_word' id='word_1_683' title='bbox 392 5359 643 5431; x_wconf 67' lang='grc' dir='ltr'>ἀπορροὴ</span> <span class='ocrx_word' id='word_1_684' title='bbox 691 5360 804 5421; x_wconf 92' lang='grc' dir='ltr'>τοῖς</span> <span class='ocrx_word' id='word_1_685' title='bbox 857 5358 1168 5428; x_wconf 75' lang='grc' dir='ltr'>εὐχομένοις</span> <span class='ocrx_word' id='word_1_686' title='bbox 1230 5359 1702 5430; x_wconf 75' lang='grc' dir='ltr'><strong>καταμιγνύηται⁹</strong></span> <span class='ocrx_word' id='word_1_687' title='bbox 1759 5361 1850 5415; x_wconf 83' lang='grc' dir='ltr'>διὰ</span> 
     </span>
    </p>
   </div>
   <div class='ocr_carea' id='block_1_102' title="bbox 268 5447 1845 5524">
    <p class='ocr_par' dir='ltr' id='par_1_102' title="bbox 268 5447 1845 5524">
     <span class='ocr_line' id='line_1_103' title="bbox 268 5447 1845 5524; baseline -0.002 -19"><span class='ocrx_word' id='word_1_688' title='bbox 268 5452 372 5524; x_wconf 67' lang='grc' dir='ltr'><strong>γὰρ</strong></span> <span class='ocrx_word' id='word_1_689' title='bbox 403 5450 563 5504; x_wconf 89' lang='grc' dir='ltr'>τοῦτο</span> <span class='ocrx_word' id='word_1_690' title='bbox 587 5449 724 5505; x_wconf 76' lang='grc' dir='ltr'>αὐτὸ</span> <span class='ocrx_word' id='word_1_691' title='bbox 750 5447 846 5500; x_wconf 78' lang='grc' dir='ltr'><strong>καὶ</strong></span> <span class='ocrx_word' id='word_1_692' title='bbox 872 5449 1078 5518; x_wconf 85' lang='grc' dir='ltr'>χρίσμα</span> <span class='ocrx_word' id='word_1_693' title='bbox 1109 5448 1423 5501; x_wconf 77' lang='grc' dir='ltr'>ἀλειπτικὺν</span> <span class='ocrx_word' id='word_1_694' title='bbox 1481 5449 1845 5502; x_wconf 80' lang='grc' dir='ltr'>εὐωδέστατον</span> 
     </span>
    </p>
   </div>
   <div class='ocr_carea' id='block_1_103' title="bbox 268 5539 1847 5617">
    <p class='ocr_par' dir='ltr' id='par_1_103' title="bbox 268 5539 1847 5617">
     <span class='ocr_line' id='line_1_104' title="bbox 268 5539 1847 5617; baseline 0.002 -23"><span class='ocrx_word' id='word_1_695' title='bbox 268 5543 348 5596; x_wconf 70' lang='grc' dir='ltr'><strong>διὰ</strong></span> <span class='ocrx_word' id='word_1_696' title='bbox 381 5541 692 5615; x_wconf 73' lang='grc' dir='ltr'>μυρεψικῆς</span> <span class='ocrx_word' id='word_1_697' title='bbox 717 5539 913 5611; x_wconf 84' lang='grc' dir='ltr'>τέχνης</span> <span class='ocrx_word' id='word_1_698' title='bbox 938 5540 1203 5596; x_wconf 86' lang='grc' dir='ltr'>συνθεῖναι</span> <span class='ocrx_word' id='word_1_699' title='bbox 1228 5544 1303 5607; x_wconf 83' lang='grc' dir='ltr'>ὡς</span> <span class='ocrx_word' id='word_1_700' title='bbox 1330 5544 1396 5598; x_wconf 87' lang='grc' dir='ltr'>ἂν</span> <span class='ocrx_word' id='word_1_701' title='bbox 1418 5545 1652 5617; x_wconf 87' lang='grc' dir='ltr'>χρίοιντο</span> <span class='ocrx_word' id='word_1_702' title='bbox 1673 5545 1847 5616; x_wconf 79' lang='grc' dir='ltr'>τούτῳ</span> 
     </span>
    </p>
   </div>
   <div class='ocr_carea' id='block_1_104' title="bbox 269 5633 1847 5706">
    <p class='ocr_par' dir='ltr' id='par_1_104' title="bbox 269 5633 1847 5706">
     <span class='ocr_line' id='line_1_105' title="bbox 269 5633 1847 5706; baseline 0.003 -18"><span class='ocrx_word' id='word_1_703' title='bbox 269 5637 314 5688; x_wconf 87' lang='grc' dir='ltr'><strong>οἱ</strong></span> <span class='ocrx_word' id='word_1_704' title='bbox 335 5635 435 5689; x_wconf 89' lang='grc' dir='ltr'><strong>τῶν</strong></span> <span class='ocrx_word' id='word_1_705' title='bbox 468 5634 670 5688; x_wconf 85' lang='grc' dir='ltr'>κοινῶν</span> <span class='ocrx_word' id='word_1_706' title='bbox 703 5633 943 5703; x_wconf 80' lang='grc' dir='ltr'>δημοσίᾳ</span> <span class='ocrx_word' id='word_1_707' title='bbox 974 5634 1371 5705; x_wconf 84' lang='grc' dir='ltr'>προστήσεσθαι</span> <span class='ocrx_word' id='word_1_708' title='bbox 1415 5637 1716 5706; x_wconf 80' lang='grc' dir='ltr'>μέλλοντες,</span> <span class='ocrx_word' id='word_1_709' title='bbox 1752 5640 1847 5693; x_wconf 75' lang='grc' dir='ltr'>καὶ</span> 
     </span>
    </p>
   </div>
   <div class='ocr_carea' id='block_1_105' title="bbox 270 5706 1847 5801">
    <p class='ocr_par' dir='ltr' id='par_1_105' title="bbox 270 5706 1847 5801">
     <span class='ocr_line' id='line_1_106' title="bbox 270 5706 1847 5801; baseline 0 -21"><span class='ocrx_word' id='word_1_710' title='bbox 270 5729 324 5780; x_wconf 71' lang='grc' dir='ltr'>τὸ</span> <span class='ocrx_word' id='word_1_711' title='bbox 347 5729 434 5783; x_wconf 85' lang='grc' dir='ltr'><strong>τοῦ</strong></span> <span class='ocrx_word' id='word_1_712' title='bbox 469 5726 715 5801; x_wconf 85' lang='grc' dir='ltr'>Χριστοῦ</span> <span class='ocrx_word' id='word_1_713' title='bbox 756 5725 929 5793; x_wconf 76' lang='grc' dir='ltr'>ὄνομα</span> <span class='ocrx_word' id='word_1_714' title='bbox 963 5722 1175 5794; x_wconf 85' lang='grc' dir='ltr'>πρῶτον</span> <span class='ocrx_word' id='word_1_715' title='bbox 1202 5725 1437 5778; x_wconf 82' lang='grc' dir='ltr'>Μωῦσέα</span> <span class='ocrx_word' id='word_1_716' title='bbox 1483 5729 1594 5790; x_wconf 91' lang='grc' dir='ltr'>τοῖς</span> <span class='ocrx_word' id='word_1_717' title='bbox 1626 5706 1847 5798; x_wconf 70' lang='grc' dir='ltr'>χριομέ-</span> 
     </span>
    </p>
   </div>
   <div class='ocr_carea' id='block_1_106' title="bbox 270 5813 1843 5892">
    <p class='ocr_par' dir='ltr' id='par_1_106' title="bbox 270 5813 1843 5892">
     <span class='ocr_line' id='line_1_107' title="bbox 270 5813 1843 5892; baseline -0.01 -18"><span class='ocrx_word' id='word_1_718' title='bbox 270 5838 368 5886; x_wconf 73' lang='grc' dir='ltr'>νοις</span> <span class='ocrx_word' id='word_1_719' title='bbox 399 5821 690 5876; x_wconf 79' lang='grc' dir='ltr'>ἐπιθεῖναι.</span> <span class='ocrx_word' id='word_1_720' title='bbox 732 5815 906 5870; x_wconf 82' lang='grc' dir='ltr'>Τοῦτο</span> <span class='ocrx_word' id='word_1_721' title='bbox 948 5814 1002 5867; x_wconf 81' lang='grc' dir='ltr'>δὲ</span> <span class='ocrx_word' id='word_1_722' title='bbox 1036 5813 1095 5867; x_wconf 81' lang='grc' dir='ltr'>τὸ</span> <span class='ocrx_word' id='word_1_723' title='bbox 1119 5814 1320 5886; x_wconf 82' lang='grc' dir='ltr'>χρίσμα</span> <span class='ocrx_word' id='word_1_724' title='bbox 1360 5817 1433 5886; x_wconf 80' lang='grc' dir='ltr'><strong>μὴ</strong></span> <span class='ocrx_word' id='word_1_725' title='bbox 1463 5817 1618 5886; x_wconf 78' lang='grc' dir='ltr'><em>μόνον</em></span> <span class='ocrx_word' id='word_1_726' title='bbox 1661 5819 1843 5892; x_wconf 78' lang='grc' dir='ltr'>ἀρχιε-</span> 
     </span>
    </p>
   </div>
   <div class='ocr_carea' id='block_1_107' title="bbox 1952 4623 3530 4696">
    <p class='ocr_par' dir='ltr' id='par_1_107' title="bbox 1952 4623 3530 4696">
     <span class='ocr_line' id='line_1_108' title="bbox 1952 4623 3530 4696; baseline 0.002 -17"><span class='ocrx_word' id='word_1_727' title='bbox 1952 4625 2107 4696; x_wconf 89' lang='lat' dir='ltr'><strong>piora</strong></span> <span class='ocrx_word' id='word_1_728' title='bbox 2138 4633 2288 4688; x_wconf 89' lang='lat' dir='ltr'><strong>sunt,</strong></span> <span class='ocrx_word' id='word_1_729' title='bbox 2321 4633 2373 4679; x_wconf 89' lang='lat' dir='ltr'><strong>et</strong></span> <span class='ocrx_word' id='word_1_730' title='bbox 2406 4639 2527 4694; x_wconf 68' lang='lat' dir='ltr'><strong>qua:</strong></span> <span class='ocrx_word' id='word_1_731' title='bbox 2577 4623 2645 4678; x_wconf 91' lang='lat' dir='ltr'><strong>ad</strong></span> <span class='ocrx_word' id='word_1_732' title='bbox 2694 4639 2795 4678; x_wconf 91' lang='lat' dir='ltr'><strong>nos</strong></span> <span class='ocrx_word' id='word_1_733' title='bbox 2846 4624 3021 4694; x_wconf 90' lang='lat' dir='ltr'><strong>magis</strong></span> <span class='ocrx_word' id='word_1_734' title='bbox 3063 4633 3338 4694; x_wconf 88' lang='lat' dir='ltr'><strong>spectant,</strong></span> <span class='ocrx_word' id='word_1_735' title='bbox 3371 4627 3530 4682; x_wconf 88' lang='lat' dir='ltr'><strong>initio</strong></span> 
     </span>
    </p>
   </div>
   <div class='ocr_carea' id='block_1_108' title="bbox 1949 4713 3528 4786">
    <p class='ocr_par' dir='ltr' id='par_1_108' title="bbox 1949 4713 3528 4786">
     <span class='ocr_line' id='line_1_109' title="bbox 1949 4713 3528 4786; baseline 0.001 -16"><span class='ocrx_word' id='word_1_736' title='bbox 1949 4722 2189 4783; x_wconf 89' lang='lat' dir='ltr'><strong>sumpto,</strong></span> <span class='ocrx_word' id='word_1_737' title='bbox 2211 4713 2439 4768; x_wconf 77' lang='lat' dir='ltr'><strong>dixisset</strong></span> <span class='ocrx_word' id='word_1_738' title='bbox 2460 4713 2698 4785; x_wconf 83' lang='lat' dir='ltr'><strong>Moysem</strong></span> <span class='ocrx_word' id='word_1_739' title='bbox 2723 4715 2954 4784; x_wconf 89' lang='lat' dir='ltr'><strong>primum</strong></span> <span class='ocrx_word' id='word_1_740' title='bbox 2974 4714 3216 4768; x_wconf 91' lang='lat' dir='ltr'><strong>omnium</strong></span> <span class='ocrx_word' id='word_1_741' title='bbox 3239 4715 3293 4768; x_wconf 90' lang='lat' dir='ltr'><strong>in</strong></span> <span class='ocrx_word' id='word_1_742' title='bbox 3319 4717 3528 4786; x_wconf 83' lang='lat' dir='ltr'><strong>legibus</strong></span> 
     </span>
    </p>
   </div>
   <div class='ocr_carea' id='block_1_109' title="bbox 1948 4809 3528 4882">
    <p class='ocr_par' dir='ltr' id='par_1_109' title="bbox 1948 4809 3528 4882">
     <span class='ocr_line' id='line_1_110' title="bbox 1948 4809 3528 4882; baseline 0.002 -19"><span class='ocrx_word' id='word_1_743' title='bbox 1948 4810 2224 4881; x_wconf 91' lang='lat' dir='ltr'><strong>posuisse,</strong></span> <span class='ocrx_word' id='word_1_744' title='bbox 2266 4824 2361 4863; x_wconf 82' lang='lat' dir='ltr'><strong>eos</strong></span> <span class='ocrx_word' id='word_1_745' title='bbox 2398 4811 2493 4879; x_wconf 92' lang='lat' dir='ltr'><strong>qui</strong></span> <span class='ocrx_word' id='word_1_746' title='bbox 2538 4809 2648 4864; x_wconf 86' lang='lat' dir='ltr'><strong>Deo</strong></span> <span class='ocrx_word' id='word_1_747' title='bbox 2675 4810 2982 4865; x_wconf 89' lang='lat' dir='ltr'><strong>consecrati</strong></span> <span class='ocrx_word' id='word_1_748' title='bbox 3029 4819 3218 4865; x_wconf 86' lang='lat' dir='ltr'><strong>essent</strong></span> <span class='ocrx_word' id='word_1_749' title='bbox 3250 4822 3528 4882; x_wconf 87' lang='lat' dir='ltr'><strong>unguento</strong></span> 
     </span>
    </p>
   </div>
   <div class='ocr_carea' id='block_1_110' title="bbox 1949 4901 3524 4973">
    <p class='ocr_par' dir='ltr' id='par_1_110' title="bbox 1949 4901 3524 4973">
     <span class='ocr_line' id='line_1_111' title="bbox 1949 4901 3524 4973; baseline 0.002 -17"><span class='ocrx_word' id='word_1_750' title='bbox 1949 4909 2271 4971; x_wconf 81' lang='lat' dir='ltr'><strong>comparato</strong></span> <span class='ocrx_word' id='word_1_751' title='bbox 2314 4901 2442 4970; x_wconf 84' lang='lat' dir='ltr'><strong>ungi</strong></span> <span class='ocrx_word' id='word_1_752' title='bbox 2475 4903 2688 4965; x_wconf 88' lang='lat' dir='ltr'><strong>solitos,</strong></span> <span class='ocrx_word' id='word_1_753' title='bbox 2716 4902 3012 4973; x_wconf 79' lang='lat' dir='ltr'><strong>fragrantia</strong></span> <span class='ocrx_word' id='word_1_754' title='bbox 3042 4903 3250 4956; x_wconf 90' lang='lat' dir='ltr'><strong>scilicet</strong></span> <span class='ocrx_word' id='word_1_755' title='bbox 3289 4904 3524 4973; x_wconf 89' lang='lat' dir='ltr'><strong>quadam</strong></span> 
     </span>
    </p>
   </div>
   <div class='ocr_carea' id='block_1_111' title="bbox 1948 4994 3528 5066">
    <p class='ocr_par' dir='ltr' id='par_1_111' title="bbox 1948 4994 3528 5066">
     <span class='ocr_line' id='line_1_112' title="bbox 1948 4994 3528 5066; baseline 0.003 -18"><span class='ocrx_word' id='word_1_756' title='bbox 1948 5009 2088 5064; x_wconf 91' lang='lat' dir='ltr'><strong>opus</strong></span> <span class='ocrx_word' id='word_1_757' title='bbox 2122 5009 2246 5050; x_wconf 91' lang='lat' dir='ltr'><strong>csse</strong></span> <span class='ocrx_word' id='word_1_758' title='bbox 2279 4994 2623 5064; x_wconf 88' lang='lat' dir='ltr'><strong>corporibus,</strong></span> <span class='ocrx_word' id='word_1_759' title='bbox 2662 5011 2834 5064; x_wconf 90' lang='lat' dir='ltr'><strong>eaque</strong></span> <span class='ocrx_word' id='word_1_760' title='bbox 2892 4995 3028 5049; x_wconf 89' lang='lat' dir='ltr'><strong>bene</strong></span> <span class='ocrx_word' id='word_1_761' title='bbox 3079 4995 3227 5050; x_wconf 87' lang='lat' dir='ltr'><strong>olere</strong></span> <span class='ocrx_word' id='word_1_762' title='bbox 3271 5007 3528 5066; x_wconf 87' lang='lat' dir='ltr'><strong>oportere</strong></span> 
     </span>
    </p>
   </div>
   <div class='ocr_carea' id='block_1_112' title="bbox 1947 5085 3528 5157">
    <p class='ocr_par' dir='ltr' id='par_1_112' title="bbox 1947 5085 3528 5157">
     <span class='ocr_line' id='line_1_113' title="bbox 1947 5085 3528 5157; baseline 0.002 -17"><span class='ocrx_word' id='word_1_763' title='bbox 1947 5094 2104 5142; x_wconf 90' lang='lat' dir='ltr'><strong>ratus</strong></span> <span class='ocrx_word' id='word_1_764' title='bbox 2160 5105 2173 5141; x_wconf 90' lang='lat'><strong>:</strong></span> <span class='ocrx_word' id='word_1_765' title='bbox 2233 5087 2676 5157; x_wconf 84' lang='lat' dir='ltr'><strong>quandoquidem</strong></span> <span class='ocrx_word' id='word_1_766' title='bbox 2753 5102 2914 5140; x_wconf 89' lang='lat' dir='ltr'><strong>omne</strong></span> <span class='ocrx_word' id='word_1_767' title='bbox 2964 5085 3354 5156; x_wconf 67' lang='lat' dir='ltr'><strong>quodcunque,</strong></span> <span class='ocrx_word' id='word_1_768' title='bbox 3385 5090 3528 5143; x_wconf 86' lang='lat' dir='ltr'><strong>male</strong></span> 
     </span>
    </p>
   </div>
   <div class='ocr_carea' id='block_1_113' title="bbox 1931 5179 3527 5248">
    <p class='ocr_par' dir='ltr' id='par_1_113' title="bbox 1931 5179 3527 5248">
     <span class='ocr_line' id='line_1_114' title="bbox 1931 5179 3527 5248; baseline 0.005 -21"><span class='ocrx_word' id='word_1_769' title='bbox 1931 5179 2112 5241; x_wconf 89' lang='lat' dir='ltr'><strong>.olcat,</strong></span> <span class='ocrx_word' id='word_1_770' title='bbox 2147 5179 2430 5234; x_wconf 88' lang='lat' dir='ltr'><strong>sceleratis</strong></span> <span class='ocrx_word' id='word_1_771' title='bbox 2471 5188 2634 5248; x_wconf 89' lang='lat' dir='ltr'><strong>atque</strong></span> <span class='ocrx_word' id='word_1_772' title='bbox 2692 5179 2989 5233; x_wconf 87' lang='lat' dir='ltr'><strong>immundis</strong></span> <span class='ocrx_word' id='word_1_773' title='bbox 3043 5181 3407 5248; x_wconf 85' lang='lat' dir='ltr'><strong>potestatibus</strong></span> <span class='ocrx_word' id='word_1_774' title='bbox 3440 5188 3527 5235; x_wconf 74' lang='lat' dir='ltr'><strong>est</strong></span> 
     </span>
    </p>
   </div>
   <div class='ocr_carea' id='block_1_114' title="bbox 1950 5271 3528 5343">
    <p class='ocr_par' dir='ltr' id='par_1_114' title="bbox 1950 5271 3528 5343">
     <span class='ocr_line' id='line_1_115' title="bbox 1950 5271 3528 5343; baseline 0.003 -19"><span class='ocrx_word' id='word_1_775' title='bbox 1950 5273 2210 5335; x_wconf 88' lang='lat' dir='ltr'><strong>amicum,</strong></span> <span class='ocrx_word' id='word_1_776' title='bbox 2255 5272 2399 5326; x_wconf 86' lang='lat' dir='ltr'><strong>sicut</strong></span> <span class='ocrx_word' id='word_1_777' title='bbox 2450 5281 2642 5327; x_wconf 87' lang='lat' dir='ltr'><strong>contra</strong></span> <span class='ocrx_word' id='word_1_778' title='bbox 2702 5271 2964 5327; x_wconf 88' lang='lat' dir='ltr'><strong>studiosis</strong></span> <span class='ocrx_word' id='word_1_779' title='bbox 3010 5271 3306 5333; x_wconf 83' lang='lat' dir='ltr'><strong>bonitatis.</strong></span> <span class='ocrx_word' id='word_1_780' title='bbox 3350 5274 3528 5343; x_wconf 83' lang='lat' dir='ltr'><strong>quod-</strong></span> 
     </span>
    </p>
   </div>
   <div class='ocr_carea' id='block_1_115' title="bbox 1949 5365 3529 5435">
    <p class='ocr_par' dir='ltr' id='par_1_115' title="bbox 1949 5365 3529 5435">
     <span class='ocr_line' id='line_1_116' title="bbox 1949 5365 3529 5435; baseline 0.003 -17"><span class='ocrx_word' id='word_1_781' title='bbox 1949 5381 2165 5434; x_wconf 90' lang='lat' dir='ltr'><strong>cunque</strong></span> <span class='ocrx_word' id='word_1_782' title='bbox 2195 5365 2544 5435; x_wconf 79' lang='lat' dir='ltr'><strong>fragrantiam</strong></span> <span class='ocrx_word' id='word_1_783' title='bbox 2577 5371 2720 5420; x_wconf 89' lang='lat' dir='ltr'><strong>amet</strong></span> <span class='ocrx_word' id='word_1_784' title='bbox 2750 5385 2762 5419; x_wconf 91' lang='lat'>:</span> <span class='ocrx_word' id='word_1_785' title='bbox 2799 5381 2864 5420; x_wconf 82' lang='lat' dir='ltr'><strong>ex</strong></span> <span class='ocrx_word' id='word_1_786' title='bbox 2895 5380 3004 5433; x_wconf 87' lang='lat' dir='ltr'><strong>quo</strong></span> <span class='ocrx_word' id='word_1_787' title='bbox 3026 5367 3213 5428; x_wconf 85' lang='lat' dir='ltr'><strong>etiam,</strong></span> <span class='ocrx_word' id='word_1_788' title='bbox 3252 5377 3310 5420; x_wconf 89' lang='lat' dir='ltr'><strong>ut</strong></span> <span class='ocrx_word' id='word_1_789' title='bbox 3335 5368 3529 5423; x_wconf 88' lang='lat' dir='ltr'><strong>incen-</strong></span> 
     </span>
    </p>
   </div>
   <div class='ocr_carea' id='block_1_116' title="bbox 1949 5457 3518 5528">
    <p class='ocr_par' dir='ltr' id='par_1_116' title="bbox 1949 5457 3518 5528">
     <span class='ocr_line' id='line_1_117' title="bbox 1949 5457 3518 5528; baseline -0.001 -14"><span class='ocrx_word' id='word_1_790' title='bbox 1949 5457 2026 5514; x_wconf 88' lang='lat' dir='ltr'><strong>sis</strong></span> <span class='ocrx_word' id='word_1_791' title='bbox 2053 5465 2106 5513; x_wconf 89' lang='lat' dir='ltr'><strong>et</strong></span> <span class='ocrx_word' id='word_1_792' title='bbox 2135 5457 2584 5528; x_wconf 81' lang='lat' dir='ltr'><strong>iumigationibus</strong></span> <span class='ocrx_word' id='word_1_793' title='bbox 2609 5459 2907 5528; x_wconf 86' lang='lat' dir='ltr'><strong>composite</strong></span> <span class='ocrx_word' id='word_1_794' title='bbox 2927 5459 2992 5512; x_wconf 88' lang='lat' dir='ltr'><strong>ad</strong></span> <span class='ocrx_word' id='word_1_795' title='bbox 3017 5459 3388 5514; x_wconf 88' lang='lat' dir='ltr'><strong>abundantem</strong></span> <span class='ocrx_word' id='word_1_796' title='bbox 3415 5460 3518 5514; x_wconf 83' lang='lat' dir='ltr'><strong>fra-</strong></span> 
     </span>
    </p>
   </div>
   <div class='ocr_carea' id='block_1_117' title="bbox 1948 5548 3525 5618">
    <p class='ocr_par' dir='ltr' id='par_1_117' title="bbox 1948 5548 3525 5618">
     <span class='ocr_line' id='line_1_118' title="bbox 1948 5548 3525 5618; baseline 0.004 -16"><span class='ocrx_word' id='word_1_797' title='bbox 1948 5550 2241 5618; x_wconf 84' lang='lat' dir='ltr'><strong>grantiam,</strong></span> <span class='ocrx_word' id='word_1_798' title='bbox 2263 5550 2492 5618; x_wconf 77' lang='lat' dir='ltr'><strong>singulis</strong></span> <span class='ocrx_word' id='word_1_799' title='bbox 2513 5550 2669 5618; x_wconf 78' lang='lat'><strong>172</strong></span> <span class='ocrx_word' id='word_1_800' title='bbox 2691 5548 2884 5605; x_wconf 89' lang='lat' dir='ltr'><strong>diebus</strong></span> <span class='ocrx_word' id='word_1_801' title='bbox 2905 5557 3189 5605; x_wconf 87' lang='lat' dir='ltr'><strong>uterentur</strong></span> <span class='ocrx_word' id='word_1_802' title='bbox 3209 5553 3525 5608; x_wconf 84' lang='lat' dir='ltr'><strong>sacerdotes</strong></span> 
     </span>
    </p>
   </div>
   <div class='ocr_carea' id='block_1_118' title="bbox 1948 5628 3527 5709">
    <p class='ocr_par' dir='ltr' id='par_1_118' title="bbox 1948 5628 3527 5709">
     <span class='ocr_line' id='line_1_119' title="bbox 1948 5628 3527 5709; baseline 0.002 -17"><span class='ocrx_word' id='word_1_803' title='bbox 1948 5638 2003 5692; x_wconf 92' lang='lat' dir='ltr'><strong>in</strong></span> <span class='ocrx_word' id='word_1_804' title='bbox 2029 5628 2475 5709; x_wconf 54' lang='lat' dir='ltr'><strong>templo&#39;lcgibus</strong></span> <span class='ocrx_word' id='word_1_805' title='bbox 2507 5640 2777 5704; x_wconf 81' lang='lat' dir='ltr'><strong>sanxisse,</strong></span> <span class='ocrx_word' id='word_1_806' title='bbox 2812 5649 2870 5694; x_wconf 89' lang='lat' dir='ltr'><strong>ut</strong></span> <span class='ocrx_word' id='word_1_807' title='bbox 2901 5641 3028 5695; x_wconf 89' lang='lat' dir='ltr'><strong>dum</strong></span> <span class='ocrx_word' id='word_1_808' title='bbox 3071 5640 3152 5695; x_wconf 92' lang='lat' dir='ltr'><strong>sic</strong></span> <span class='ocrx_word' id='word_1_809' title='bbox 3200 5656 3295 5696; x_wconf 88' lang='lat' dir='ltr'><strong>aer</strong></span> <span class='ocrx_word' id='word_1_810' title='bbox 3327 5642 3527 5697; x_wconf 86' lang='lat' dir='ltr'><strong>misce-</strong></span> 
     </span>
    </p>
   </div>
   <div class='ocr_carea' id='block_1_119' title="bbox 1948 5728 3522 5803">
    <p class='ocr_par' dir='ltr' id='par_1_119' title="bbox 1948 5728 3522 5803">
     <span class='ocr_line' id='line_1_120' title="bbox 1948 5728 3522 5803; baseline 0.004 -23"><span class='ocrx_word' id='word_1_811' title='bbox 1948 5735 2060 5791; x_wconf 87' lang='lat' dir='ltr'><strong>tur,</strong></span> <span class='ocrx_word' id='word_1_812' title='bbox 2085 5738 2137 5783; x_wconf 89' lang='lat' dir='ltr'><strong>et</strong></span> <span class='ocrx_word' id='word_1_813' title='bbox 2162 5728 2424 5799; x_wconf 86' lang='lat' dir='ltr'><strong>quidquid</strong></span> <span class='ocrx_word' id='word_1_814' title='bbox 2457 5730 2597 5784; x_wconf 91' lang='lat' dir='ltr'><strong>male</strong></span> <span class='ocrx_word' id='word_1_815' title='bbox 2625 5730 2755 5792; x_wconf 88' lang='lat' dir='ltr'><strong>olet,</strong></span> <span class='ocrx_word' id='word_1_816' title='bbox 2783 5732 3014 5802; x_wconf 85' lang='lat' dir='ltr'><strong>repellit,</strong></span> <span class='ocrx_word' id='word_1_817' title='bbox 3037 5731 3328 5786; x_wconf 84' lang='lat' dir='ltr'><strong>deﬂuentia</strong></span> <span class='ocrx_word' id='word_1_818' title='bbox 3369 5748 3522 5803; x_wconf 61' lang='lat' dir='ltr'><strong>quae.</strong></span> 
     </span>
    </p>
   </div>
   <div class='ocr_carea' id='block_1_120' title="bbox 1947 5819 3520 5896">
    <p class='ocr_par' dir='ltr' id='par_1_120' title="bbox 1947 5819 3520 5896">
     <span class='ocr_line' id='line_1_121' title="bbox 1947 5819 3520 5896; baseline 0.004 -23"><span class='ocrx_word' id='word_1_819' title='bbox 1947 5819 2071 5873; x_wconf 87' lang='lat' dir='ltr'><strong>dam</strong></span> <span class='ocrx_word' id='word_1_820' title='bbox 2106 5819 2290 5876; x_wconf 76' lang='lat' dir='ltr'><strong>divina</strong></span> <span class='ocrx_word' id='word_1_821' title='bbox 2330 5822 2684 5891; x_wconf 84' lang='lat' dir='ltr'><strong>precantibus</strong></span> <span class='ocrx_word' id='word_1_822' title='bbox 2706 5823 3080 5881; x_wconf 87' lang='lat' dir='ltr'><strong>immisceatur</strong></span> <span class='ocrx_word' id='word_1_823' title='bbox 3107 5843 3118 5878; x_wconf 90' lang='lat'><strong>:</strong></span> <span class='ocrx_word' id='word_1_824' title='bbox 3145 5839 3272 5878; x_wconf 85' lang='lat' dir='ltr'><strong>nam</strong></span> <span class='ocrx_word' id='word_1_825' title='bbox 3300 5835 3520 5896; x_wconf 75' lang='lat' dir='ltr'><strong>prOpter</strong></span> 
     </span>
    </p>
   </div>
  </div>
