4158 6418
601 383 699 437 τοι
1272 379 1543 437 EUSEBII
1581 377 2065 436 C/ESARIENSIS
2105 376 2257 433 OPP.
2289 372 2491 429 PARS.
2532 370 2575 429 1.
2615 404 2685 414 -
2723 367 3222 427 APOLGGETICA.
3742 366 3852 422 ΞΜ

1338 449 1359 471 Ο

605 498 745 551 hanc
768 495 941 565 ipsam
984 509 1207 548 causam
1252 493 1417 549 etiam
1448 501 1785 564 unguentum
1845 490 2169 548 odoratissi-

2287 488 2423 543 ιεῦσι
2455 485 2845 560 παραδοθῆναι,
2876 484 3012 539 ἀλλᾶ
3053 483 3147 537 καὶ
3178 483 3290 546 τοῖς
3324 479 3463 553 μετὰ
3501 479 3673 534 ταῦτα
3718 495 3844 553 προ·

603 603 774 650 nium,
794 585 859 639 ad
890 586 1151 655 unguenti
1189 600 1348 639 usum
1384 583 1743 654 unguentaria
1780 589 1898 636 arte
1922 577 2175 649 componi

605 681 848 743 solitum,
885 685 943 733 ut
971 693 1037 733 eo
1076 686 1410 748 ungerentur
1440 679 1533 748 qui
1579 675 1964 731 communibus
2011 672 2178 727 rebus

605 771 823 841 publice
854 769 1182 840 praeficiendi
1211 771 1477 825 fuissent:
1520 780 1574 825 et
1601 769 1808 825 Christi
1839 783 2037 823 nomen
2070 766 2179 836 pri-

578 886 583 894 -
606 878 754 916 mum
782 859 1020 932 Moysem
1050 862 1116 917 iis
1138 862 1319 933 quiita
1344 869 1696 932 angerentur,
1720 860 2046 931 imposuisse
2079 878 2091 913 :
2126 857 2180 911 id

606 961 789 1008 autem
840 956 1113 1009 unctionis
1162 970 1335 1024 genus
1365 992 1380 1017 ,
1432 969 1541 1009 non
1601 955 1777 1009 solum
1829 950 2179 1022 pontiﬁcibus

608 1043 779 1100 fuisse
812 1046 1091 1114 traditum,
1134 1046 1237 1135 ξω
1288 1053 1343 1100 et
1389 1045 1670 1116 prophetis
1722 1057 1777 1101 et
1824 1044 2043 1114 regibus
2085 1043 2179 1112 qui

605 1149 795 1209 postea
838 1138 1058 1201 fuerint,
1094 1140 1296 1210 quibus
1349 1140 1514 1194 etiam
1551 1140 1687 1209 ipsis
1737 1140 1872 1194 solis
1923 1138 2027 1193 hoc
2078 1152 2182 1191 un-

607 1237 809 1301 guento
838 1231 966 1301 ungi
1022 1230 1104 1286 fas
1149 1240 1312 1287 esset.
1365 1231 1490 1286 Haec
1537 1233 1702 1304 igitur
1760 1232 1908 1287 dictu
1960 1228 2179 1301 quidem

609 1322 855 1376 faciliora
897 1322 1150 1385 fuissent,
1186 1324 1345 1395 longe
1374 1332 1557 1379 tamen
1596 1332 1806 1380 remota
1840 1338 1870 1377 a
1904 1323 2089 1379 divina
2127 1327 2183 1375 et

611 1413 830 1467 sublimi
872 1415 1147 1484 propheta
1177 1416 1351 1487 ipsius
1381 1416 1758 1487 intelligentia.
1793 1414 2069 1485 Siquidem
2096 1412 2188 1467 ad-

610 1505 877 1561 mirabilis
908 1506 1019 1569 ille,
1049 1515 1212 1577 atque
1248 1507 1438 1578 ingens
1475 1522 1667 1562 revera
1700 1521 1979 1563 sacrorum
2007 1506 2182 1561 admi-

610 1595 896 1659 nistrator,
930 1597 1022 1665 qui
1044 1612 1258 1652 omnem
1301 1608 1568 1652 terrenam
1600 1606 1655 1652 et
1685 1611 2002 1667 corpoream
2026 1607 2185 1651 natu-

611 1701 751 1749 ram,
788 1687 841 1741 in
876 1689 1008 1744 solis
1047 1696 1273 1743 noverat
1302 1689 1658 1759 qualitatibus
1681 1691 1997 1751 discretam,
2031 1689 2183 1744 nullo

612 1778 776 1832 modo
807 1778 968 1832 aliam
997 1780 1105 1833 alia
1138 1780 1345 1835 honore
1372 1788 1466 1834 aut
1494 1780 1669 1852 pretio
1698 1779 2000 1850 digniorem
2034 1779 2183 1849 judi-

614 1870 782 1938 cavit,
819 1879 1005 1940 utpote
1036 1887 1160 1926 cum
1190 1874 1374 1927 omnia
1401 1881 1589 1929 nosset
1611 1889 1679 1927 ex
1707 1871 1895 1927 eadem
1926 1879 2045 1926 orta
2065 1853 2259 1927 ma-.B

612 1959 774 2023 teria,
829 1976 950 2030 quae
989 1977 1166 2031 neque
1218 1979 1460 2033 unquam
1523 1963 1723 2043 sistit,‘
1755 1978 1931 2033 neque
1988 1962 2185 2017 stabile

612 2052 907 2123 quidquam
951 2055 1005 2109 in
1050 2065 1247 2110 natura
1279 2058 1461 2119 habet,
1497 2072 1714 2127 semper
1744 2063 1926 2111 autem
1966 2054 2105 2120 fiuit,
2132 2064 2186 2112 et

613 2144 682 2198 ad
744 2148 1017 2216 propriam
1067 2148 1469 2218 corruptionem
1524 2147 1766 2204 festinat.
1830 2146 1948 2202 Non
2021 2147 2188 2218 igitur

614 2238 759 2308 quod
784 2253 948 2293 suave
974 2249 1119 2295 esset
1149 2222 1204 2294 in
1233 2240 1555 2310 corporibus
1584 2241 1767 2311 elegit,
1802 2254 1977 2309 neque
2007 2239 2185 2309 ipsum

615 2343 715 2398 per
740 2344 799 2384 se
826 2331 971 2400 quod
1007 2346 1201 2387 sensus
1236 2330 1383 2401 ipsos
1411 2331 1763 2394 demulceret,
1791 2331 2058 2401 prmtuiit;
2085 2330 2186 2384 hoc

614 2434 850 2490 namque
880 2422 1073 2476 animae
1097 2423 1287 2476 vitium
1316 2423 1511 2478 fuisset
1537 2438 1659 2493 quae
1695 2423 1749 2477 in
1780 2424 2005 2477 humum
2039 2428 2093 2476 et
2116 2420 2187 2475 ad

613 2527 907 2583 corporum
943 2515 1275 2584 voluptatem
1319 2515 1642 2572 declinaret.
1677 2512 1888 2571 Etenim
1938 2516 2187 2570 inmune-

616 2602 820 2657 rahiles
845 2601 1157 2658 eﬂ'eminata
1199 2619 1430 2675 corpora
1479 2608 1761 2671 habentes,
1786 2614 1840 2659 et
1872 2605 2075 2677 alioqui
2104 2605 2187 2659 vi—

611 2693 706 2749 tiis
735 2695 979 2761 obnoxii,
1035 2705 1090 2751 et
1138 2696 1583 2768 intemperantes,
1641 2699 1733 2770 qui
1787 2707 2185 2769 unguentorum

613 2803 847 2859 operosa
886 2787 1148 2843 varietate
1183 2788 1263 2842 uti
1307 2790 1504 2855 solent,
1528 2790 1738 2845 animas
1784 2791 2001 2845 interim
2038 2791 2187 2845 omni

614 2879 860 2934 fmditate
880 2880 1244 2949 omnibusque
1271 2881 1527 2936 sordibus
1556 2882 1697 2937 male
1724 2882 1934 2937 olentes
1953 2882 2189 2938 circum-

614 2969 834 3026 ferunt:
874 2970 1017 3047 sicut
1050 2986 1081 3024 e
1107 2971 1385 3025 contrario
1413 2972 1506 3041 qui
1539 2970 1633 3026 Dei
1662 2974 1821 3027 amici
1846 2980 1994 3040 sunt,
2014 2974 2187 3044 ipsam

613 3062 875 3116 virtutem
928 3062 1161 3123 olentes,
1194 3069 1258 3117 et
1292 3062 1463 3117 multo
1502 3064 1939 3133 praestantiorem
1986 3080 2019 3119 a
2066 3081 2189 3121 mo-

612 3153 788 3208 destia
817 3164 983 3223 atque
1022 3169 1051 3207 a
1071 3154 1288 3224 justitia
1321 3163 1375 3209 et
1408 3155 1476 3209 ab
1495 3155 1643 3209 omni
1672 3151 1872 3225 pietate
1910 3157 2187 3214 balantem

615 3245 991 3316 fragrantiam,
1013 3262 1178 3316 quam
1208 3246 1275 3302 de
1306 3256 1465 3302 terrae
1488 3248 1856 3305 odoramentis
1886 3249 2186 3316 trahentes,

613 3338 841 3393 odorem
902 3353 1197 3409 corporum
1258 3354 1380 3411 quae
1427 3340 1659 3395 materia
1709 3349 1985 3407 constant,
2036 3343 2191 3398 nihili

615 3444 843 3498 prorsus
868 3428 1096 3485 faciunt.
1128 3429 1255 3486 Haec
1284 3432 1448 3503 igitur
1480 3447 1606 3487 cum
1634 3433 1852 3504 egregie
1891 3434 2190 3490 admodum

614 3529 870 3592 percepta
900 3529 955 3577 et
981 3523 1197 3595 cognita
1235 3523 1457 3579 haberet
1488 3524 1770 3595 propheta,
1792 3536 2190 3596 unguentorum

613 3620 779 3683 atque
817 3615 1172 3669 incensorqu
1226 3615 1431 3669 nullam
1471 3616 1802 3687 praecipuam
1836 3618 2056 3687 gerebat
2093 3632 2192 3672 cu-

613 3721 730 3760 ram
753 3724 766 3760 :
786 3707 1075 3762 meliorum
1106 3722 1236 3762 vero
1265 3722 1328 3761 ac
1354 3707 1662 3763 divinarum
1694 3723 1878 3764 rerum
1901 3709 2187 3780 imagines,

612 3807 877 3871 quantum
908 3807 1122 3871 poterat
1159 3816 1257 3871 per
1285 3815 1515 3872 corpora
1553 3802 1623 3858 iis
1663 3802 1754 3872 qui
1779 3804 1859 3858 sic
1900 3803 2187 3869 duntaxat,

612 3907 790 3962 neque
818 3906 1050 3962 usquam
1084 3892 1241 3947 aliter
1274 3891 1488 3949 divinas
1541 3910 1632 3950 res
1684 3895 1869 3952 doceri
1917 3902 2187 3966 poterant,

612 3981 923 4037 exhibebat.
953 3980 1089 4037 Nam
1123 3982 1269 4052 quod
1309 3984 1487 4053 ipsum
1534 3985 1641 4041 hoc
1686 3986 1930 4041 divinum
1974 4003 2191 4058 quoque

612 4075 895 4160 graculum
911 4075 1273 4160 responderit,
1290 4077 1465 4146 palam
1485 4075 1819 4149 descriptum
1839 4080 2089 4144 habetur,
2104 4080 2190 4137 his

611 4151 825 4221 verbis:
855 4184 873 4218 ι
898 4164 1033 4222 Vide
1056 4174 1116 4219 ut
1137 4151 1307 4220 facias
1325 4166 1510 4221 omnia
1531 4167 1599 4223 ad
1616 4169 1892 4240 exemplar
1919 4172 2062 4240 quod
2090 4172 2189 4227 tibi

613 4265 981 4312 monstratum
1006 4267 1089 4313 est
1110 4259 1167 4313 in
1196 4267 1382 4313 monte
1397 4259 1463 4312 ".
1489 4278 1508 4311 ι
1550 4259 1722 4328 Igitur
1750 4262 1979 4316 aliarum
2005 4278 2190 4318 rerum

612 4364 737 4403 cum
757 4349 1041 4420 perficeret
1056 4351 1169 4405 haec
1182 4365 1301 4419 quae
1314 4351 1646 4420 exemplaria
1666 4352 1948 4409 nominare
1964 4369 2192 4410 consue-

614 4444 865 4506 vit,illum
882 4443 1141 4513 unguenti
1159 4457 1317 4498 usum
1334 4444 1590 4514 illamque
1603 4445 1913 4501 unctionem
1935 4447 2185 4503 sancivit.

2277 583 2472 652 φήταις
2497 579 2594 633 καὶ
2624 576 2952 650 βασιλεῦσιν,
2973 571 3055 640 οἷς
3084 576 3178 630 καὶ
3198 575 3382 637 αὐτοῖς
3403 571 3577 644 τούτῳ
3604 571 3852 644 χρίεσθαι

2280 672 2462 743 μόνοις
2502 671 2621 736 ἐξὸν
2649 666 2717 743 ἤν
2765 668 2843 739 τῷ
2869 670 3043 740 μύρῳ.
3076 665 3262 720 Ταῦτα
3296 665 3394 737 μὲν
3423 661 3516 719 οῦν
3563 664 3854 737 προχειρό-

2275 781 2410 836 τερα
2449 763 2514 819 ἂν
2558 763 2666 835 εἴη,
2701 761 2889 832 πόρρω
2924 776 2989 829 γε
3026 757 3130 831 μὴν
3164 755 3481 811 καθεστῶτα
3528 755 3630 826 τῆς
3671 753 3854 810 ἐνθέου

2278 858 2372 912 καὶ¹
2402 853 2775 927 μεγαλοφυοῦς
2801 851 2894 906 τοῦ
2925 853 3206 925 προφήτου
3246 849 3503 913 διανοίας.
3546 848 3603 901 '0
3635 848 3744 918 γάρ
3771 864 3855 901 τοι

2279 949 2580 1021 θαυμάσιος
2607 949 2832 1010 ἐκεῖνος,
2861 944 2954 997 καὶ
2982 942 3155 1014 μέγας
3176 941 3250 1006 ὡς
3273 940 3486 1012 ἀληθῶς
3511 939 3853 1012 ἱεροφάντης.

2281 1043 2460 1096 πᾶσαν
2483 1037 2659 1109 γεώδη
2695 1036 2789 1089 καὶ¹
2814 1033 3130 1105 σωματικὴν
3163 1031 3348 1084 οὐσίαν
3384 1033 3441 1085 ὲν
3478 1029 3667 1101 μόναις
3702 1028 3859 1093 εἰδὼς

2279 1137 2400 1197 ταῖς
2423 1131 2666 1201 ποιότησι
2695 1124 3131 1196 διακεκριμένην,
3167 1125 3286 1176 κατ’
3310 1121 3499 1176 οὐδένα
3523 1119 3722 1190 τρόπον
3747 1118 3858 1172 ἑτέ-

2284 1243 2380 1297 ραν
2432 1226 2530 1295 τῆς
2576 1222 2768 1293 ἑτέρας
2816 1216 3186 1290 προύτίμησεν
3236 1215 3323 1278 ἂν,
3373 1214 3443 1268 τὰ
3487 1213 3647 1266 πάντ’
3698 1211 3855 1276 εἰδὼς

2284 1318 2413 1389 μιᾶς
2447 1313 2576 1368 ὅντα
2602 1313 2798 1381 ἔγγονα
2832 1309 2961 1380 ῦλης
2986 1305 3045 1361 οὔ
3075 1324 3205 1360 ποτε
3236 1302 3498 1375 ἑστώσης,
3531 1302 3653 1357 οὐδέ
3683 1320 3737 1355 τι
3765 1302 3856 1373 βέ-

2282 1410 2433 1464 ϐαιον
2459 1409 2514 1461 ὲν
2556 1408 2622 1477 τῇ
2665 1404 2823 1475 φύσει
2855 1401 3104 1473 ἐχούσης,
3150 1399 3236 1452 ἀεὶ
3266 1396 3322 1449 δὲ
3358 1394 3609 1466 ῥεούσης,
3638 1396 3730 1447 καὶ
3761 1392 3857 1446 ἐπὶ

2282 1500 2381 1571 τήν
2405 1497 2612 1551 οἰκείαν
2641 1494 2846 1566 φθοράν
2871 1490 3255 1562 ἐπειγομένης.
3283 1487 3492 1541 Οὔκουν
3533 1488 3595 1539 τὸ
3618 1485 3716 1557 ήδὺ
3747 1483 3858 1539 τῶν

2285 1592 2550 1664 σωμάτων
2583 1589 2775 1653 εἵλετο,
2817 1587 2923 1642 οὐδ’
2964 1584 3095 1639 αὐτὸ
3131 1582 3251 1637 καθ’
3276 1581 3409 1635 αὐτὸ
3437 1578 3765 1651 προῦκρινεν
3791 1577 3859 1632 ἂν

2282 1686 2344 1738 τὸ
2366 1685 2473 1739 ἀπὸ
2496 1684 2604 1738 τῶν
2629 1680 2934 1752 αἰσθήσεων
2967 1676 3237 1749 προσηνές
3256 1692 3269 1706 ·
3301 1675 3476 1746 χαμαὶ
3502 1673 3611 1745 γάρ
3643 1673 3737 1726 καὶ
3766 1672 3860 1724 ἐπὶ

2286 1778 2550 1848 σωμάτων
2580 1775 2770 1848 ἡδονὴν
2805 1770 3073 1843 πεσούσης
3102 1769 3245 1824 τοῦτ’
3270 1769 3338 1823 ἂν
3363 1769 3448 1838 εἴη
3474 1767 3533 1821 τι
3563 1766 3734 1830 πάθος
3756 1766 3860 1836 ψυ-

2288 1871 2406 1941 χῆς.
2442 1868 2638 1939 Μυρίοι
2673 1866 2802 1935 γοῦν
2833 1864 2940 1917 τῶν
2971 1863 3039 1916 τὰ
3077 1861 3302 1933 σώματα
3332 1858 3731 1932 τεθηλυμένων,
3758 1861 3860 1930 ἐμ-

2286 1963 2477 2027 παθεῖς
2521 1961 2694 2035 ἄλλως
2738 1959 2830 2013 καὶ
2879 1957 3186 2020 ἀκόλαστοι,
3235 1954 3420 2027 μύρων
3468 1953 3559 2007 καὶ
3600 1951 3861 2006 ποικίλων

2286 2054 2626 2129 περιεργίαις
2673 2052 2964 2125 χρώμενοι,
2998 2049 3181 2119 πάσης
3209 2049 3436 2118 αἰσχρᾶς
3472 2046 3565 2099 καὶ
3601 2044 3864 2116 ῥυπὼσης

2284 2147 2544 2210 δυσωδίας
2568 2144 2664 2208 τὰς
2687 2145 2864 2215 ψυχὰς
2891 2141 3237 2212 ἐπιφέρονται
3260 2157 3273 2169 '
3302 2139 3378 2202 ὡς
3404 2138 3639 2210 ἔμπαλιν
3667 2138 3716 2190 oi
3747 2135 3868 2189 θεο-

2288 2239 2480 2309 φιλεῖς,
2508 2237 2709 2310 ἀρετῆς
2742 2234 3086 2307 ἐμπνέοντες,
3122 2234 3219 2303 τὴν
3255 2231 3387 2285 πολὺ
3431 2229 3715 2301 κρείττονα
3755 2226 3866 2281 τῶν

2288 2330 2395 2384 άπὸ
2432 2330 2534 2401 γῆς
2564 2328 2868 2401 ἀρωμάτων
2896 2326 2994 2398 τὴν
3016 2324 3123 2379 ἀπὸ
3148 2321 3518 2393 σωφροσύνης,
3551 2320 3646 2374 καὶ
3667 2321 3869 2373 δικαιο-

2290 2425 2474 2496 σύνης,
2524 2423 2618 2476 καὶ
2662 2421 2843 2491 πάσης
2884 2418 3161 2483 εὐσεϐείας
3201 2415 3585 2487 ἀναδιδομένην
3634 2413 3866 2467 εὐωδίαν

2287 2517 2635 2587 ἐπαγόμενοι,
2669 2513 2768 2585 τὴν
2796 2510 2904 2565 τῶν
2932 2509 3130 2564 ὐλικῶν
3173 2508 3440 2579 σωμάτων
3475 2506 3642 2576 ὀδμὴν
3676 2506 3735 2557 ὲν
3773 2505 3870 2558 οῦ-

2286 2608 2398 2660 δενὶ
2424 2604 2689 2658 τέθεινται
2721 2602 2883 2673 λόγῳ.
2927 2600 3108 2655 Ταῦτα
3132 2594 3308 2654 οὗνέὗ
3348 2598 3492 2669 μάλα
3520 2594 3813 2665 διειληφὼς
3837 2598 3869 2650 ό

2289 2700 2594 2772 προφήτης,
2641 2696 2825 2768 μύρων
2871 2694 3035 2766 μὲνῆ
3077 2694 3169 2747 καὶ
3205 2691 3564 2763 θυμιαμάτων
3607 2688 3869 2758 οὐδεμίαν

2290 2790 2706 2865 προηγουμένην
2739 2788 2973 2841 ἐποιεῖτο
3002 2784 3254 2858 φροντίδα
3281 2801 3294 2815 ⁸
3325 2782 3647 2857 κρειττόνων
3682 2780 3741 2834 δὲ
3774 2781 3871 2833 καὶ

2289 2885 2451 2940 θείων
2495 2883 2727 2946 εἰκόνας,
2772 2880 2848 2944 ὡς
2875 2879 3001 2950 ἐνῆν
3047 2877 3291 2941 δυνατὸν,
3324 2876 3414 2929 διὰ
3456 2873 3724 2944 σωμάτων
3753 2874 3871 2935 τοῖς

2295 2978 2469 3053 μόνως
2497 2974 2690 3039 οὕτως,
2726 2975 2821 3028 καὶ
2855 2972 2965 3025 οὐδ’
2999 2970 3175 3036 ἄλλως
3207 2971 3279 3023 τά
3323 2969 3443 3022 θεῖα
3470 2967 3602 3029 οἵοις
3635 2983 3695 3017 τε
3726 2981 3869 3035 μαν-

2292 3072 2471 3127 θάνειν
2500 3065 2804 3140 παρεδίδου.
2834 3065 2956 3118 Ὀτι
2978 3062 3042 3135 δή
3063 3061 3209 3116 τοῦτ’
3235 3059 3367 3115 αὐτὸ
3403 3059 3496 3112 καὶ
3519 3058 3548 3111 ό
3574 3055 3714 3118 θεῖος
3745 3055 3875 3107 άνα-

2291 3161 2598 3234 γέγραπται
2631 3155 2870 3230 εἰρηκὼς
2902 3154 3149 3227 χρησμὸς
3172 3155 3371 3225 φήσας,
3399 3170 3418 3202 ι
3449 3151 3591 3221 Ὅρα
3634 3148 3874 3218 ποιήσῃς

2294 3255 2470 3310 πάντα
2495 3250 2637 3307 κατά
2659 3250 2751 3305 τὸν
2769 3250 2937 3304 τύπον
2963 3250 3053 3303 τὸν
3078 3247 3361 3318 δειχθέντα
3392 3260 3474 3297 σοι
3505 3245 3563 3296 ὲν
3590 3239 3666 3311 τῷ
3695 3239 3832 3310 ὄρει.
3848 3256 3867 3289 ι

2290 3347 2539 3419 Σύμϐολα
2566 3343 2853 3416 τοιγαροῦν
2881 3342 3101 3414 ἑτέρων,
3129 3340 3274 3411 ἅπερ
3297 3336 3500 3398 τύπους
3536 3332 3725 3386 εἴωθεν
3749 3332 3874 3384 ὀνο-

2292 3439 2504 3512 μάζειν,
2521 3432 2912 3503 ὲπιτελῶν,τὴν
2926 3431 3013 3485 διὰ
3032 3429 3126 3483 τοῦ
3149 3427 3322 3499 μύρου
3342 3424 3520 3496 χρίσιν
3539 3419 3872 3492 ἐνομοθέτει.

2292 3533 2361 3586 ’Ὀ
2377 3547 2443 3601 γε
2462 3531 2567 3603 μὴν
2586 3526 2787 3600 ὑψηλὸς
2808 3524 2903 3579 καὶ
2919 3527 2975 3577 ὲν
2991 3523 3323 3593 ἀπορρήτοις
3343 3514 3502 3586 δηλού
3512 3530 3670 3586 μενος
3690 3512 3876 3566 αὐτῶν

2289 3622 2464 3692 λόγος,
2496 3621 2570 3685 ὡς
2600 3618 2821 3673 δυνατὸν
2845 3617 3043 3677 εἰπεῖν,
3082 3610 3341 3681 τοιαύτην
3381 3609 3493 3678 εἶχε
3519 3607 3778 3670 διάνοιαν,
3812 3605 3877 3659 τὸ

2294 3717 2451 3788 μόνον
2501 3712 2705 3782 άγαθδν
2747 3711 2842 3764 καὶ
2878 3708 3035 3780 μόνον
3071 3705 3147 3769 ὡς
3176 3701 3390 3775 άληθῶς
3440 3699 3639 3762 εὐῶδες
3668 3698 3763 3752 καὶ
3793 3698 3879 3788 τί·

2294 3785 2433 3880 μιον,
2460 3806 2554 3860 καὶ
2582 3806 2764 3875 πάσης
2798 3800 2896 3871 μὲν
2922 3799 3066 3869 ζωῆς
3093 3795 3286 3861 αἴτιον,
3318 3795 3451 3848 πᾶσι
3482 3792 3542 3845 δὲ
3566 3791 3661 3845 σὺν
3689 3789 3769 3860 τῷ
3793 3785 3877 3842 εἷ-

2288 3915 2376 3952 ναι
2418 3897 2509 3949 καὶ
2533 3894 2593 3948 τὸ
2619 3888 2676 3946 εὖ
2707 3887 2844 3944 εἶναι
2878 3887 3272 3960 δεδωρημένον,
3299 3884 3358 3937 ἓν
3383 3881 3529 3937 τοῦθ’
3562 3883 3592 3934 ό
3620 3882 3751 3952 παρ’
3783 3881 3878 3933 Ἐ-

2289 3987 2499 4060 ϐραίοις
2531 3984 2688 4054 λόγος
2713 3982 2980 4053 ήπίστατο
3018 3978 3233 4050 πρῶτον
3265 3975 3374 4029 τῶν
3405 3974 3539 4027 ὅλων
3558 3973 3751 4035 αἴτιον,
3779 3970 3879 4024 αὐ-

2288 4083 2378 4136 τὸν
2423 4080 2488 4153 δὴ
2530 4080 2621 4133 τὸν
2664 4075 2926 4146 Ὕψιστον
2966 4072 3061 4126 καὶ
3100 4067 3449 4142 παμϐαπλέα
3483 4066 3591 4120 τῶν
3621 4065 3879 4118 ἁπάντων

2288 4171 2618 4248 δημιουργὸν
2667 4168 2820 4222 Θεόν.
2867 4164 3070 4218 Τούτου
3128 4161 3192 4234 δὴ
3240 4155 3334 4215 οὖν
3370 4157 3467 4230 τὴν
3500 4155 3749 4226 παναλκῆ
3781 4155 3882 4248 καὶ

2291 4246 2615 4334 πανάγαθον
2658 4260 2755 4315 καὶ
2788 4257 2985 4321 παντὸς
3017 4252 3181 4309 καλοῦ
3206 4250 3439 4323 χορηγὸν
3474 4248 3575 4319 τῆς
3616 4246 3881 4301 ἀνωτάτω

2289 4359 2385 4414 καὶ
2430 4357 2721 4427 ἀγεννήτου
2777 4350 3026 4420 θεότητος
3080 4346 3305 4417 δύναμιν
3358 4343 3419 4397 τὸ
3457 4341 3598 4395 θεῖον
3651 4338 3883 4411 Πνεῦμα

2292 4444 2702 4522 προσαγορεύει.
2755 4444 2953 4513 Διόπερ
2996 4438 3231 4511 Χριστὸν
3278 4437 3370 4490 καὶ
3410 4433 3741 4522 ἠλειμμένον
3787 4433 3883 4486 τὸν

617 4539 774 4610 173
806 4536 1101 4590 Sublimior
1152 4542 1338 4590 tamen
1388 4550 1576 4591 earum
1619 4528 1825 4602 rerum,
1877 4546 1932 4594 et
1974 4556 2094 4611 quae
2121 4540 2187 4596 de

2293 4520 2459 4609 αὐτῆς
2515 4538 2739 4609 μέτοχον
2794 4531 3079 4587 ἀποκαλεῖ.
3130 4528 3347 4582 Ἔλαιον
3381 4527 3438 4580 δὲ
3469 4526 3560 4580 τόν
3600 4520 3781 4577 οἶκτον
3820 4524 3883 4575 ἐν

613 4630 831 4686 arcanis
868 4626 1097 4699 proferri
1131 4628 1270 4684 solet
1294 4631 1454 4692 ratio,
1486 4645 1586 4699 pro
1617 4646 1735 4686 mea
1762 4631 1980 4687 dicendi
2019 4632 2188 4688 facul-

612 4731 745 4788 tate,
768 4722 931 4776 talem
962 4720 1196 4776 habebat
1220 4735 1465 4786 sensum,
1496 4722 1640 4792 quod
1663 4724 1839 4779 solum
1878 4736 1962 4780 est
1986 4725 2188 4781 bonum

612 4816 902 4884 solumque
971 4827 1162 4869 revera
1218 4812 1467 4884 fragrans
1528 4825 1582 4870 et
1638 4815 1971 4885 pretiosum,
2026 4826 2190 4890 atque

610 4908 792 4964 omnis
846 4905 1067 4977 quidem
1107 4904 1232 4960 vitae
1264 4904 1591 4975 principium
1631 4914 1686 4959 et
1742 4904 1885 4968 fons,
1933 4909 2188 4966 omnibus

612 5005 794 5053 autem
823 5012 931 5053 una
959 5011 1084 5053 cum
1115 5010 1179 5051 eo
1214 5006 1271 5051 ut
1305 4996 1436 5058 sint,
1466 4997 1630 5051 etiam
1669 4996 1720 5050 id
1751 5036 1766 5059 ,
1796 5007 1854 5051 ut
1888 4998 2026 5053 bene
2052 5002 2182 5062 sint,

610 5089 871 5160 largiens,
903 5104 1070 5143 unum
1096 5102 1226 5143 sane
1253 5087 1384 5143 illud
1422 5085 1771 5143 Hebraeorum
1796 5087 1934 5143 ratio
1961 5099 2188 5146 noverat

611 5180 701 5247 qui
727 5178 946 5249 quidem
979 5178 1217 5233 universi
1251 5177 1458 5248 primus
1496 5188 1581 5236 est
1624 5190 1838 5247 auctor,
1870 5184 2048 5253 ipsum
2079 5183 2189 5236 uti-

611 5285 719 5340 que
742 5269 1070 5325 altissimum
1103 5283 1166 5324 ac
1191 5268 1361 5325 totius
1394 5285 1604 5341 regem,
1624 5274 1980 5345 omniumque
2003 5290 2185 5330 rerum

612 5361 862 5433 opificem
890 5360 1079 5416 Deum.
1137 5359 1312 5432 Hujus
1361 5363 1544 5433 itaque
1602 5381 1872 5436 supremae
1905 5376 2069 5438 atque
2105 5367 2189 5421 in-

615 5455 811 5525 genita:
841 5453 1041 5509 divinae
1064 5454 1319 5510 essentia:
1349 5456 1604 5513 virtutem
1628 5457 1801 5522 illam,
1832 5472 1954 5528 quae
2001 5460 2182 5513 omnia

612 5547 779 5611 valet,
809 5561 970 5602 omne
994 5545 1195 5601 bonum
1218 5556 1459 5617 praestat,
1477 5564 1695 5605 omnem
1727 5548 2187 5620 pulchritudinem

614 5638 1014 5703 subministrat,
1056 5636 1280 5694 divinus
1333 5638 1595 5711 Spiritus,
1651 5644 1873 5713 proprio
1902 5650 1956 5698 et
1992 5657 2191 5698 conve-

617 5734 785 5790 nienti
813 5734 1062 5806 exemplo
1099 5733 1389 5793 conferens
1418 5746 1582 5811 atque
1616 5740 2062 5809 accommodans,
2095 5739 2188 5796 Dei

690 5853 732 5885 "
768 5852 937 5909 Exod.
977 5864 1124 5915 nu,
1168 5853 1254 5908 30.

2288 4632 2495 4697 τούτοις
2524 4629 2708 4692 ἄκουε,
2737 4625 2870 4697 μηδὲ
2892 4624 2991 4697 τὴν
3017 4623 3108 4676 ἐπὶ
3135 4623 3247 4684 τοῖς
3281 4617 3654 4690 δυσπραγοῦσι
3677 4619 3882 4692 λύπην,

2287 4727 2401 4781 ἀλλ’
2434 4727 2463 4779 ὅ
2496 4723 2707 4794 καρπὸς
2752 4720 2848 4775 τοῦ
2875 4718 3042 4789 φυτοῦ
3078 4716 3395 4790 παρίστησι,
3435 4715 3497 4769 τὸ
3525 4715 3708 4787 πάσης
3742 4717 3883 4787 ἀμι-

2288 4820 2381 4888 γὲς
2411 4818 2583 4890 ὑγρᾶς
2617 4814 2771 4886 ῦλης,
2808 4812 2984 4884 φωτὸς
3016 4808 3326 4881 αὐξητικὸν,
3354 4807 3533 4862 πόνων
3566 4807 3621 4861 Os
3633 4824 3887 4881 ραπευτι-

2290 4913 2405 4976 κον,
2436 4909 2696 4981 καμάτων
2724 4904 3150 4966 ἀπαλλακτικὸν,
3187 4901 3250 4955 τὸ
3285 4899 3394 4955 τῶν
3427 4901 3885 4972 ὲπαλειψαμένων

2292 4999 2657 5073 φαιδροποιδν,
2689 4996 2865 5069 φωτὸς
2900 4996 3059 5066 δίκην
3088 4992 3414 5048 ἀποστίλϐον
3435 4995 3557 5056 ταῖς
3588 5010 3889 5065 μαρμαρυ-

2292 5095 2436 5162 γαῖς,
2480 5089 2676 5160 διαυγῆ
2725 5104 2787 5141 τε
2839 5086 2935 5140 καὶ
2965 5083 3226 5156 λαμπράν
3258 5083 3368 5136 τῶν
3405 5082 3554 5154 αὐτῷ
3581 5084 3889 5154 χρωμένων

2294 5182 2587 5239 ἀποτελοῦν
2616 5182 2718 5253 τὴν
2745 5179 2887 5250 ὄψιν,
2922 5179 2952 5231 ὅ
2998 5192 3162 5248 φησιν
3215 5176 3250 5246 ἡ
3287 5173 3409 5228 θεία
3450 5174 3666 5247 Γραφή·
3712 5192 3733 5225 ι
3773 5173 3888 5227 Τοῦ

2296 5274 2540 5347 ἱλαρῦναι
2573 5272 2865 5344 πρόσωπον
2910 5270 2968 5322 έν
3014 5266 3197 5337 ἐλαίῳ.
3242 5284 3262 5317 ι
3303 5264 3492 5336 Τούτῳ
3530 5263 3823 5336 τοιγαροῦν
3855 5267 3890 5317 ό

2295 5369 2470 5436 λόγος,
2501 5365 2602 5437 τὴν
2629 5363 2892 5418 ἀνωτάτω
2929 5357 3025 5415 τοῦ
3055 5376 3267 5431 πανηγε
3276 5358 3434 5431 μόνος
3480 5360 3576 5412 καὶ
3605 5357 3889 5428 παμϐασι-

2292 5453 2426 5524 λέως
2460 5457 2596 5513 Θεοῦ
2638 5454 2866 5526 δύναμιν
2904 5450 3198 5524 συμϐαλὼν
3217 5449 3296 5523 τῷ
3324 5448 3746 5523 παραδείγματι,
3788 5445 3890 5503 τὸν

2294 5551 2510 5623 πρῶτον
2539 5548 2633 5604 καὶ
2662 5547 2820 5618 μόνον
2842 5546 2949 5616 ὅλῳ
2973 5544 3146 5616 τούτῳ
3177 5541 3490 5616 χρισθέντα,
3513 5542 3610 5595 καὶ
3639 5540 3739 5614 τῆς
3772 5539 3889 5595 θεῖ-

2293 5647 2393 5717 κῆς
2433 5646 2528 5699 καὶ
2555 5643 2718 5697 πᾶσιν
2738 5638 3104 5708 ἀκοινωνήτου
3139 5635 3417 5707 πατρικῆς
3445 5632 3670 5698 εὐωδίας
3699 5649 3888 5705 μετει-

2293 5735 2523 5810 ληφότα,
2553 5735 2648 5794 καὶ
2681 5732 2841 5807 μόνον
2871 5730 2932 5796 ἐξ
2962 5729 3126 5805 αὐτοῦ
3161 5728 3492 5799 γεννηθέντα
3520 5725 3657 5781 Θεὸν
3686 5726 3886 5795 Λόγον,
