4120 6420
294 352 398 406 233

1218 352 1882 411 DEMONSTRATIONIS
1921 352 2384 412 EVA‘NGELICAS
2425 357 2535 412 LIB
2574 357 2662 412 IV.

3445 361 3555 418 294

294 467 499 537 μετοχῇ
546 481 607 518 τε
646 464 742 518 τοῦ
779 465 1139 535 γεννήσαντος
1186 466 1483 538 ἀγεννήτου
1522 469 1618 523 καὶ
1657 467 1861 541 πρῶτοι

1976 467 2155 522 oleum
2185 470 2439 540 appellat.
2472 470 2653 538 Quare
2683 481 2736 527 et
2765 472 3043 530 Christum
3068 483 3123 530 et
3150 483 3371 530 unctum
3403 460 3550 541 eum,

291 559 385 612 καὶ
413 558 665 628 μείζονος
697 557 829 609 Θεὸν
856 558 922 610 ὲκ
948 557 1082 611 Θεοῦ
1108 559 1506 626 ἀποφανθέντα,
1529 561 1763 633 Χριστὸν
1781 563 1861 615 κατ

1977 559 2071 628 qui
2101 560 2247 616 illius
2282 563 2551 632 particeps
2604 564 2694 626 sit,
2754 574 2932 619 vocat.
2967 564 3158 622 Oleum
3199 583 3329 622 vero
3363 568 3419 622 in
3467 569 3554 622 his

288 650 626 721 ἡλειμμένον
655 648 981 702 ἀπεκάλεσε.
1013 650 1105 703 Διὸ
1129 652 1223 704 καὶ
1250 653 1307 704 ὲν
1331 651 1580 723 Ψαλμοῖς
1607 654 1743 725 πρὸς
1774 655 1875 707 αὺ-

287 743 381 795 τὸν
410 741 478 813 δὴ
513 740 700 794 τοῦτον
743 741 835 796 τὸν
868 742 973 796 ὑπὸ
997 742 1091 796 τοῦ
1120 743 1331 816 Πατρός
1372 744 1698 816 ἠλειμμένον
1740 749 1874 801 ἀνα-

290 835 461 899 φωνεί
519 832 582 886 τὸ
626 833 834 902 φάσκον
876 826 978 888 ὦδε
1015 833 1192 903 λόγιον
1213 851 1225 865 ⁸
1282 854 1300 887 ι
1349 836 1407 890 '0
1447 835 1637 909 θρόνος
1680 855 1795 903 σου,
1845 840 1874 891 ὁ

286 927 444 991 Θεὸς,
474 929 556 992 είς
588 927 680 981 τὸν
710 927 882 982 αἰῶνα
912 927 1006 982 τοῦ
1031 929 1252 993 αἰῶνος*
1283 929 1476 1001 ρἁδος
1511 928 1804 1002 εὐθύτητος
1835 935 1868 1003 ἡ

289 1018 493 1090 ῥάϐδος
532 1019 631 1090 τῆς
666 1018 940 1089 βασιλείας
970 1035 1086 1072 σου.
1136 1020 1456 1093 Ἡγάπησας
1502 1022 1868 1094 δικαιοσύνην,

287 1113 383 1165 καὶ
434 1110 708 1183 ἐμίσησας
744 1108 988 1165 ἀδικίαν’
1040 1110 1127 1164 διὰ
1165 1111 1320 1166 τοῦτο
1364 1111 1549 1185 ἔχρισέ
1579 1130 1639 1167 σε
1683 1114 1815 1179 Θεὸς
1843 1116 1873 1168 ὁ

286 1204 422 1269 Θεός
486 1221 581 1258 σου
630 1203 806 1258 ἔλαιον
846 1203 1219 1272 ἀγαλλιάσεως
1269 1204 1422 1278 παρά
1456 1207 1583 1271 τοὺς
1614 1208 1869 1280 μετόχους

288 1315 407 1352 σου.
451 1317 471 1351 ι
514 1298 673 1352 Ἀλλά
700 1297 810 1370 γάρ
843 1298 942 1369 μία
976 1298 1074 1369 μὲν
1105 1300 1139 1370 ή
1171 1298 1266 1352 τοῦ
1302 1298 1482 1354 ἐλαίου
1522 1301 1714 1369 φύσις·
1748 1303 1781 1372 ἡ
1813 1301 1871 1355 δὲ

282 1391 378 1446 τοῦ
404 1391 582 1465 μύρου
605 1390 812 1445 πολλῶν
834 1392 930 1444 ἐπὶ
950 1391 1012 1445 τδ
1028 1392 1160 1447 αὐτὸ
1184 1391 1401 1446 σύνοδον
1424 1393 1696 1465 σημαίνει.
1733 1393 1871 1448 Ταύ-

285 1503 353 1559 τῃ
379 1503 467 1540 τοι
495 1488 590 1541 καὶ
627 1489 660 1560 ή
696 1486 888 1559 πρώτη
918 1488 1013 1543 καὶ
1039 1488 1331 1560 ἀγέννητος
1360 1487 1454 1541 τοῦ
1481 1488 1869 1559 παμϐασιλέως

282 1578 424 1632 Θεοῦ
447 1578 694 1651 δύναμις,
723 1579 842 1634 καθ’
864 1580 893 1633 ὅ
921 1581 1017 1652 μὲν
1041 1580 1186 1652 ἀπλῆ
1220 1597 1303 1645 τις
1336 1582 1431 1634 καὶ
1454 1580 1743 1643 άσύνθετος
1776 1582 1868 1635 καὶ

282 1671 454 1743 ἄλλης
483 1672 665 1744 πάσης
695 1674 881 1738 οὐσίας
903 1673 1106 1746 ἀμιγὴς
1134 1675 1450 1742 ἐπινοεῖται,
1480 1675 1635 1746 ἁπλῷ
1671 1674 1749 1745 τῷ
1772 1673 1865 1728 τοῦ

282 1762 466 1820 ἐλαίου
503 1766 854 1837 προρρήματι
890 1765 1327 1837 παραϐέϐληταιο
1358 1768 1493 1821 καθὸ
1522 1767 1577 1821 δὲ
1598 1767 1864 1824 πλείστων

285 1860 544 1916 ἑπινσιῶν
578 1864 637 1916 ὲν
666 1862 850 1934 ταυτῷ
882 1862 1246 1936 περιληπτικὴ
1269 1864 1545 1935 τυγχάνει,
1568 1858 1679 1917 οἷον
1714 1880 1870 1935 ποιη-
1897 1914 1938 1968 Β

284 1954 442 2025 τικῆς
466 1955 501 2025 ἢ
525 1954 828 2028 βασιλικῆς,
854 1958 1209 2029 προνοητικόν
1232 1974 1291 2013 τε
1325 1959 1418 2013 καὶ
1443 1956 1708 2029 κριτικὸν,
1743 1957 1865 2027 φιλ-

290 2047 586 2119 άνθρωπόν
624 2066 685 2103 τε
723 2050 818 2102 καὶ
845 2050 1133 2121 σωτήριον,
1178 2049 1354 2104 ἄλλων
1381 2066 1441 2102 τε
1477 2050 1617 2103 ὅσων
1653 2050 1866 2121 μυρίων

282 2140 504 2214 ἐπινοίᾳ
539 2140 945 2214 θεωρουμένων,
1002 2142 1229 2205 είκότως
1282 2142 1439 2214 μύρῳ
1488 2143 1650 2196 πάλιν
1692 2144 1725 2213 ή
1758 2142 1866 2197 τῶν

282 2234 499 2288 πολλῶν
516 2235 609 2289 καὶ
628 2236 847 2304 ἀγαθῶν
869 2235 1237 2309 περιληπτικὴ
1260 2235 1489 2308 δύναμις
1513 2236 1863 2301 ἀπείκασται,

283 2320 331 2394 ᾧ
354 2327 644 2400 κεχρῖσθαι
685 2327 777 2383 τὸν
807 2327 983 2399 ἀληθῆ
1013 2329 1105 2382 καὶ
1135 2328 1294 2400 μόνον
1318 2329 1579 2402 ἀρχιερέα
1608 2329 1706 2384 τοῦ
1730 2329 1864 2384 Θεοῦ

281 2421 420 2475 θεῖοι
450 2422 599 2491 λόγοι
639 2420 969 2475 παιδεύουσι.
1001 2420 1225 2493 Πρῶτος
1246 2422 1311 2491 γέ
1339 2440 1420 2477 τοι
1454 2424 1615 2487 αὐτὸς
1643 2426 1672 2477 ὁ
1702 2425 1868 2478 Μωῦ-

284 2515 407 2584 σῆς,
456 2516 516 2567 ὲν
540 2516 887 2589 ⁵ἀπορρήτοις
923 2515 996 2570 τά
1027 2513 1147 2568 θεῖα
1179 2516 1513 2571 ἐποπτεῦσαι
1539 2516 1863 2588 ἠξιωμένος,

280 2610 379 2662 καὶ
422 2609 523 2673 τὰς
570 2608 698 2681 περὶ
735 2608 828 2662 τοῦ
856 2608 1071 2681 πρώτου
1098 2610 1191 2663 καὶ
1219 2609 1377 2681 μόνου
1412 2608 1741 2681 ἡλειμμένου
1771 2610 1865 2664 καὶ

279 2703 587 2775 ἀρχιερέως
610 2701 704 2756 τοῦ
726 2702 859 2756 Θεοῦ
874 2702 1097 2767 τελετάς
1121 2704 1177 2757 ὲν
1194 2704 1315 2767 ταῖς
1338 2702 1501 2756 αὐτοῦ
1524 2694 1865 2771 θεοφανείαις

279 2796 423 2867 πρὸς
448 2795 612 2851 αὑτοῦ
640 2794 1048 2867 τετελεσμένας,
1090 2795 1306 2860 είκόνας
1348 2796 1741 2867 προστάττεται
1772 2796 1865 2849 ἐπὶ

279 2890 388 2959 γῆς
417 2890 514 2943 καὶ
545 2888 788 2960 σύμόολα
835 2888 1280 2960 καταστήσασθαι
1333 2888 1443 2942 τῶν
1484 2890 1543 2943 ὲν
1582 2893 1704 2954 ταῖς
1750 2890 1867 2945 θεο-

279 2981 499 3044 πτείαις
525 2982 885 3054 νενοημένων,
914 2982 992 3046 ώς
1023 2981 1090 3037 ἂν
1113 2982 1286 3054 ἔχοιεν
1311 2981 1724 3055 προεμμελετᾷν
1750 2986 1864 3048 τοῖς

282 3072 574 3143 συμϐόλοις
611 3073 661 3126 οί
694 3074 847 3128 τῶνδ’
868 3073 1158 3145 ἠξιωμένοι
1194 3074 1355 3147 μέχρι
1384 3074 1483 3145 τῆς
1508 3074 1620 3129 τῶν
1649 3074 1864 3147 ἀληθῶν

281 3169 598 3232 ἐποπτείας.
623 3168 795 3232 Αὐτὸς
816 3167 952 3240 δῆτα
977 3168 1379 3241 ἀφορισάμενος
1400 3167 1539 3234 τέως
1562 3167 1657 3222 τοῦ
1688 3168 1747 3235 ὲξ
1765 3171 1862 3223 άν-

1976 652 2088 705 noli
2120 653 2527 711 miserationem
2572 658 2841 727 accipere,
2870 674 3047 730 neque
3094 661 3148 714 in
3174 663 3337 716 rebus
3359 662 3543 717 adver-

1977 743 2055 798 sis
2121 760 2436 811 mmrorem,
2493 749 2587 805 sed
2620 750 2675 805 id
2704 751 2852 820 quod
2896 761 3061 807 certae
3092 753 3291 825 plantae
3340 752 3552 810 fructus

1974 835 2199 901 emittit,
2219 838 2444 908 quodex
2466 840 2690 896 humida
2732 845 2959 898 materia
2997 845 3133 898 nihil
3163 845 3326 900 habet
3378 847 3553 902 admi-

1974 937 2142 994 stum,
2180 932 2327 1001 quod
2379 933 2561 987 lumen
2615 943 2796 1004 auget,
2845 935 2991 1006 quod
3053 936 3226 992 fessos
3278 937 3548 1003 sublevat,

1974 1021 2120 1091 quod
2153 1022 2367 1079 labores
2425 1025 2626 1091 aufert,
2680 1028 2825 1097 quod
2857 1045 2952 1084 eos
2989 1029 3082 1099 qui
3118 1031 3236 1099 ipso
3274 1039 3551 1101 unguntur

1975 1113 2175 1169 hilares
2203 1113 2356 1180 facit,
2408 1117 2554 1186 quod
2602 1118 2778 1173 instar
2808 1117 3031 1175 lumi’nis
3054 1120 3120 1175 de
3157 1122 3338 1191 seipso
3373 1122 3552 1177 vibrat

1973 1206 2311 1277 splendores,
2367 1210 2710 1281 nitidumque
2760 1227 2824 1267 ac
2880 1213 3170 1267 micantem
3231 1231 3419 1270 eorum
3455 1216 3548 1287 qui

1973 1302 2091 1371 ipso
2118 1309 2346 1355 utuntur
2382 1311 2663 1373 comparat
2706 1306 2951 1374 vultum;
2980 1306 3125 1378 quod
3159 1308 3345 1379 utique
3370 1311 3548 1380 ipsum

1970 1393 2142 1448 etiam
2175 1395 2372 1450 divinae
2399 1396 2592 1452 litterae
2632 1399 2868 1468 produnt
2902 1401 3010 1456 illis
3040 1402 3226 1457 verbis
3254 1420 3267 1457 :
3304 1421 3322 1453 ι
3351 1402 3421 1457 Ut
3452 1419 3552 1458 ex-

1969 1487 2167 1543 bilaret
2224 1489 2421 1544 faciem
2482 1490 2538 1545 in
2597 1494 2720 1548 oleo
2752 1494 2815 1547 ¹⁸.
2844 1514 2861 1544 ι
2902 1492 3040 1549 Huic
3068 1496 3234 1565 igitur
3297 1498 3549 1568 exemplo

1970 1595 2285 1650 supremam
2318 1582 2439 1651 ejus
2471 1581 2586 1647 Dei,
2620 1586 2711 1655 qui
2741 1588 2984 1642 omnium
3008 1598 3092 1644 (ει
3150 1589 3400 1659 princeps
3424 1604 3546 1643 om-

1968 1672 2230 1742 niumque
2258 1687 2374 1737 rex,
2407 1673 2661 1729 virtutem
2689 1691 3014 1746 comparans
3050 1679 3246 1740 oratio,
3274 1693 3398 1733 eum
3450 1680 3547 1750 qui

1968 1764 2121 1819 solus
2144 1764 2246 1820 hoc
2276 1771 2392 1821 toto
2413 1772 2614 1821 unctus
2642 1775 2746 1827 est.
2765 1769 2967 1840 quique
2996 1771 3193 1827 divinae
3231 1781 3395 1843 atque
3423 1775 3545 1844 ejus

1969 1873 2091 1928 quae
2133 1874 2259 1914 cum
2309 1860 2476 1915 nullis
2506 1861 2629 1916 aliis
2680 1864 3117 1918 communicatur
3163 1872 3405 1934 paternae
3437 1867 3548 1921 fra-

1967 1954 2197 2022 grantiaa
2229 1954 2501 2024 particeps
2552 1954 2751 2018 factus,
2784 1963 2838 2010 et
2868 1955 2961 2025 qui
3002 1957 3155 2011 solus
3208 1974 3274 2013 ex
3326 1958 3421 2015 illo
3454 1975 3546 2031 ge-

1968 2046 2118 2100 nitus
2159 2045 2301 2100 Deus
2333 2044 2591 2109 Verbum,
2623 2047 3119 2102 communicatione
3162 2049 3435 2120 gignentis
3462 2051 3546 2105 in-

1966 2139 2156 2210 geniti,
2187 2138 2326 2193 Deus
2357 2139 2426 2193 de
2452 2136 2564 2193 Deo
2590 2145 2674 2192 est
2700 2138 3033 2203 declaratus,
3059 2140 3340 2196 Christum
3384 2152 3547 2214 atque

1968 2239 2195 2285 unctum
2250 2231 2487 2285 vocavit.
2553 2228 2822 2296 Quocirca
2879 2231 2934 2285 in
3001 2231 3236 2289 Psalmis
3288 2235 3354 2289 ad
3399 2235 3546 2291 hunc

1965 2323 2171 2394 ipsum,
2209 2325 2302 2393 qui
2341 2339 2371 2377 a
2405 2322 2566 2378 Patre
2598 2332 2798 2379 unctus
2834 2331 2941 2389 est,
2993 2326 3074 2380 sic
3097 2327 3371 2397 quoddam
3421 2344 3548 2384 ora-

1966 2417 2150 2472 culum
2190 2416 2326 2471 dicit
2351 2435 2364 2471 :
2396 2436 2413 2469 ι
2442 2416 2610 2474 Sedes
2634 2428 2747 2482 tua,
2778 2417 2945 2483 Deus,
2972 2421 3027 2474 in
3053 2422 3313 2475 saeculum
3333 2423 3542 2488 saeculi,

1966 2508 2118 2579 virga
2159 2509 2499 2574 directionis,
2553 2510 2704 2580 virga
2741 2509 2895 2581 regni
2926 2511 3028 2565 tui.
3085 2511 3335 2568 Dilexisti
3379 2514 3546 2583 justi-

1967 2602 2121 2667 tiam,
2173 2607 2227 2655 et
2286 2600 2453 2656 odisti
2511 2601 2880 2671 iniquitatem,
2946 2611 3239 2672 propterea
3290 2607 3448 2660 unxit
3490 2614 3546 2661 te

1967 2688 2112 2747 Deus
2130 2689 2272 2745 Deus
2287 2698 2412 2745 tuus
2435 2691 2555 2746 oleo
2583 2691 2782 2746 laetitia:
2807 2706 2918 2761 prae
2940 2694 3291 2751 consortibus
3318 2696 3504 2751 tuis".
3520 2716 3539 2748 ι

1966 2783 2036 2839 At
2069 2799 2196 2840 vero
2225 2799 2332 2838 una
2363 2783 2580 2849 quidem
2612 2793 2696 2839 est
2722 2786 2831 2841 olei
2888 2796 3105 2852 natura,
3143 2788 3238 2842 sed
3281 2789 3545 2859 unguenti

1966 2890 2087 2947 quae
2140 2884 2245 2937 est,
2276 2890 2341 2930 ea
2373 2875 2667 2930 multarum
2700 2876 2756 2931 in
2784 2876 2924 2933 idem
2957 2894 3288 2936 concursum
3333 2880 3544 2952 signiﬁ-

1966 2976 2074 3023 cat.
2104 2967 2342 3024 Proinde
2370 2969 2532 3023 etiam
2582 2971 2757 3040 prima
2812 2970 2905 3025 illa
2934 2979 2989 3026 et
3019 2972 3257 3043 ingenita
3295 2974 3543 3027 omnium

1965 3063 2111 3133 regis
2144 3060 2235 3117 Dei
2291 3062 2484 3129 virtus,
2523 3070 2796 3132 quatenus
2845 3063 3065 3133 quidem
3111 3064 3337 3134 simplex
3380 3072 3544 3136 atque

1968 3153 2329 3224 incomposita
2351 3194 2367 3218 ,
2410 3154 2654 3224 nullique
2700 3156 2790 3210 alii
2823 3166 3031 3210 natura:
3065 3161 3354 3212 commista
3385 3158 3544 3213 intel-

282 3257 517 3331 θ
552 3260 642 3314 ὲπί
672 3258 775 3331 γῆς
792 3258 872 3330 τῷ
902 3258 1022 3331 Θεῷ
1049 3258 1424 3331 ίερατεύεσθαι
1451 3259 1755 3333 ἐπιτήδειον
1770 3258 1861 3314 άν-

1966 3245 2171 3317 ligitur,
2200 3245 2434 3316 simplici
2465 3245 2570 3300 olei
2596 3247 2857 3303 locutioni
2884 3250 3079 3304 collata
3114 3257 3233 3316 est;
3269 3258 3542 3320 quatenus

279 3353 402 3424 δρα,
438 3351 656 3424 πρῶτος
697 3350 884 3406 τοῦτον
917 3351 1152 3423 Χριστὸν
1183 3351 1526 3422 ἐπωνόμασε,
1573 3351 1691 3405 κατ’
1725 3352 1858 3405 ἀνα-

277 3446 456 3519 φορὰν
502 3446 603 3516 τῆς
642 3448 700 3500 ὲν
729 3447 844 3508 τοῖς
865 3445 1072 3516 νοητοῖς
1109 3442 1360 3515 θεωρίας,
1402 3444 1498 3497 καὶ
1528 3442 1738 3509 τοῦτον,
1769 3442 1858 3496 διά

275 3556 424 3602 τινος
456 3539 683 3610 ωοιφῆς
706 3538 940 3602 εὐώδους
963 3537 1249 3610 κρείττονα
1280 3536 1391 3591 τῶν
1420 3536 1624 3591 λοιπῶν
1650 3534 1858 3609 ἀνθρώ-

277 3651 398 3686 πων
419 3634 724 3705 ἀποφήνας,
757 3633 1015 3703 ἄντικρυς
1050 3630 1145 3685 καὶ
1173 3630 1470 3704 διαρρήδην
1502 3630 1852 3703 ἀνεκήρυξεν,

273 3724 362 3776 ὅτι
392 3723 458 3794 δὴ
488 3725 607 3776 κατ’
635 3722 805 3794 αὐτὴν
836 3723 870 3792 ὴ
897 3719 992 3775 τοῦ
1033 3720 1291 3793 γεννητοῦ
1331 3722 1492 3790 φύσις
1525 3720 1730 3785 ἆπασα,
1762 3720 1855 3775 καὶ

276 3815 416 3869 πολὺ
456 3814 616 3870 πλέον
657 3817 689 3886 ἡ
734 3814 1052 3887 ἀνθρωπεία
1098 3815 1197 3887 τῆς
1230 3816 1526 3887 ἀγεννήτου
1573 3813 1855 3885 δυνάμεως

273 3909 703 3980 ἀπολειπομένη,
737 3909 906 3963 δεῖται
956 3911 1056 3981 τῆς
1106 3909 1215 3963 ἀπὸ
1259 3908 1353 3962 τοῦ
1387 3909 1691 3980 κρείττονος
1720 3908 1855 3960 εὐω-

271 4003 414 4065 δίας.
454 3999 613 4055 Ἀλλά
639 3999 734 4054 τοῦ
765 4000 864 4072 μὲν
884 4001 1159 4055 ἀνωτάτου
1186 4001 1279 4054 καὶ
1308 3999 1524 4072 πρώτου
1549 3997 1609 4052 οῦ
1642 4016 1747 4052 τινι
1776 3999 1854 4053 θε-

278 4095 433 4167 μιτδν
485 4092 795 4164 ἐφικέσθαι.
840 4092 953 4147 'Evt
989 4093 1098 4165 γὰρ
1140 4093 1286 4165 μόνῳ
1327 4091 1403 4163 τῷ
1427 4093 1723 4160 Μονογενεῖ
1756 4090 1851 4145 καὶ

274 4188 614 4260 Πρωτατόκῳ
638 4186 783 4241 τοῦτ’
808 4187 1058 4241 ἀνέκειτο
1083 4187 1143 4240 τὸ
1170 4186 1339 4258 γέρας
1356 4202 1369 4216 ·
1392 4188 1505 4249 τοῖς
1530 4184 1586 4239 δὲ
1612 4186 1728 4256 μετ’
1756 4186 1853 4239 αὑ-

273 4283 365 4335 τὸν
388 4282 490 4335 οὐκ
519 4280 693 4345 ἄλλως
732 4280 768 4352 ἢ
805 4280 894 4333 διά
928 4280 1094 4352 μόνης
1121 4279 1221 4351 τῆς
1254 4276 1345 4331 τοῦ
1378 4277 1629 4349 δευτέρου
1663 4295 1854 4348 μετου-

278 4376 399 4439 σίας
428 4374 536 4429 τῶν
561 4373 783 4444 ἀγαθῶν
813 4369 924 4428 οἶόν
953 4390 1013 4426 τε
1052 4369 1119 4445 ἦν
1144 4371 1505 4444 ἐπαύρασθαι.
1539 4370 1852 4443 Πνεύματος

276 4470 383 4540 ἄρα
399 4467 581 4522 ἐνθέου
597 4468 658 4522 τὸ
678 4468 831 4538 παρά
851 4467 1075 4521 Μωῦσεῖ
1095 4464 1160 4519 σύ
1168 4465 1361 4536 μϐολον
1378 4460 1462 4536 ἦν.
1481 4464 1782 4537 Διαιρέσεις
1796 4465 1852 4518 δὲ

277 4564 629 4634 χαρισμάτων
646 4561 773 4624 είσὶ,
793 4560 854 4614 τὸ
876 4560 919 4613 δ’
943 4559 1074 4613 αὐτὸ
1101 4558 1335 4630 πνεῦμα,
1361 4554 1421 4614 οὗ
1454 4559 1685 4631 μάλιστα
1721 4578 1850 4632 μετ-

1968 3347 2148 3393 autem
2181 3338 2445 3409 plurimas
2476 3338 2531 3393 in
2551 3338 2742 3393 eodem
2782 3340 3256 3398 considerationes
3292 3358 3545 3414 compre-

1966 3429 2239 3486 bendendi
2271 3430 2380 3485 vim
2411 3430 2591 3497 habet,
2636 3440 2696 3486 ut
2737 3434 2883 3502 quod
2936 3433 3115 3490 facere
3161 3444 3361 3506 potest,
3392 3437 3538 3507 quod

1964 3537 2215 3593 regnare,
2246 3521 2390 3593 quod
2416 3522 2718 3592 providere,
2740 3523 2886 3595 quod
2901 3524 3171 3594 judicare,
3206 3525 3366 3599 174
3397 3527 3542 3598 quod

1963 3630 2153 3671 amore
2196 3614 2455 3686 prosequi
2512 3614 2798 3680 homines,
2834 3617 2980 3687 quod
3035 3618 3265 3674 salutem
3325 3619 3540 3688 afferre,

1965 3708 2179 3778 aliaque
2231 3708 2648 3763 innumerabilia
2717 3724 2839 3780 qua;
2889 3710 3244 3782 intelligentia
3288 3711 3544 3767 conside-

1963 3808 2159 3854 rantur
2188 3815 2201 3851 :
2233 3807 2512 3871 unguento
2542 3815 2737 3856 rursus
2760 3801 2874 3856 haec
2905 3802 3024 3872 ipsa
3050 3816 3172 3872 qua:
3200 3808 3255 3857 et
3284 3802 3456 3856 multa
3486 3810 3543 3857 et

1964 3894 2106 3951 bona
2137 3895 2600 3966 comprehendere
2647 3904 2825 3966 potest
2854 3896 2963 3961 vis,
2996 3896 3194 3951 merito
3224 3906 3543 3967 comparata

1961 3994 2067 4051 est,
2099 4002 2209 4057 quo
2239 3994 2517 4059 unguento
2546 4003 2669 4042 eum
2691 3989 2783 4058 qui
2810 3987 2904 4043 Dei
2923 3996 2976 4042 et
3008 4003 3171 4043 verus
3205 3990 3433 4044 et'solus
3457 3998 3543 4046 est

1960 4081 2227 4152 pontifex,
2265 4089 2489 4135 unctum
2516 4096 2640 4135 esse
2659 4080 2842 4135 divina
2889 4095 2990 4135 nos
3035 4081 3234 4136 docent
3292 4083 3540 4136 oracula.

1961 4178 2029 4229 Et
2058 4175 2269 4245 primus
2303 4173 2521 4245 quidem
2561 4175 2678 4244 ipse
2718 4172 2951 4244 Moyses,
2982 4190 3075 4243 qui
3124 4173 3177 4227 in
3211 4175 3428 4231 arcanis
3458 4175 3543 4231 di-

1961 4271 2212 4323 vinarum
2253 4282 2433 4322 rerum
2469 4265 2812 4335 inspectione
2859 4281 2923 4321 ac
2967 4268 3374 4338 mysteriorum,
3419 4284 3542 4338 quae

1962 4361 2031 4416 ab
2064 4362 2183 4430 ipso
2231 4359 2285 4413 in
2326 4357 2395 4413 iis
2440 4359 2747 4413 visionibus
2770 4358 2970 4428 quibus
2998 4357 3165 4413 Deum
3217 4367 3540 4429 prazsentem

1962 4452 2337 4525 agnoscebat,
2373 4451 2441 4507 de
2470 4451 2649 4522 primo
2677 4458 2732 4506 et
2781 4450 2899 4507 solo
2963 4458 3150 4515 uncto,
3197 4459 3252 4505 et
3286 4450 3541 4519 pontiﬁce

1964 4546 2056 4602 Dei
2086 4548 2324 4617 perfecta
2365 4555 2516 4609 sunt,
2576 4546 2777 4616 dignus
2830 4544 3051 4599 habitus
3111 4551 3214 4610 est,
3275 4544 3540 4612 imagines

277 4657 421 4727 ἐχειν
480 4654 876 4727 φιλοτιμεῖσθαι
913 4656 1096 4725 ἱερέας
1128 4654 1222 4708 καὶ
1252 4655 1536 4724 προφήτας
1571 4656 1666 4708 καὶ
1699 4654 1851 4725 βασι-

1964 4640 2175 4708 iubetur
2206 4640 2260 4693 in
2288 4648 2431 4695 terra
2465 4648 2518 4693 et
2570 4650 2730 4695 notas
2779 4640 3050 4694 conficere
3102 4652 3291 4693 eorum
3332 4652 3453 4706 quae
3481 4639 3538 4693 in

276 4748 402 4812 λὲας
421 4747 559 4818 ᾧετο
588 4747 721 4810 δεῖν,
748 4747 823 4811 ὡς
850 4745 916 4800 ἂν
947 4747 1046 4816 οὐχ
1068 4745 1210 4817 ὑπὲρ
1248 4744 1453 4800 ἑαυτῶν
1480 4746 1659 4816 μόνον,
1713 4745 1848 4800 ἀλλὰ

277 4843 478 4905 παντὸς
521 4840 616 4896 τοῦ
656 4840 843 4904 ἔθνους
879 4839 957 4911 τῷ
990 4838 1109 4910 Θεῷ
1146 4838 1618 4910 καθωσιωμένους.
1646 4840 1766 4894 Ὅτι
1793 4840 1849 4895 δὲ

276 4938 338 5009 δὴ
360 4935 648 5009 θειοτέρων
662 4930 732 5006 ἦν
751 4934 821 4987 τὰ
846 4933 998 5007 παρὰ
1017 4935 1241 4988 Μωῦσεῖ
1261 4932 1324 4986 σύ
1333 4932 1525 5004 μὸολα,
1544 4933 1635 4987 καὶ
1664 4934 1739 4998 ὡς
1756 4934 1849 4988 δυ-

277 5030 431 5084 νατὸν
483 5026 552 5103 ἧν
605 5029 700 5081 καὶ
744 5028 874 5082 ἄνευ
922 5024 1156 5095 γεώδους
1204 5024 1376 5097 μύρου
1430 5027 1556 5090 τοὺς
1598 5026 1676 5097 τῷ
1721 5026 1848 5098 θείῳ

280 5123 553 5194 Πνεύματι
599 5119 857 5189 κατόχους
894 5118 1147 5191 χριστοὺς
1191 5117 1574 5187 ὀνομάζεσθαι,
1621 5120 1755 5192 φέρε
1798 5137 1849 5172 τι

277 5215 480 5287 μᾶλλον
525 5214 914 5286 ἀκριϐέστερον
966 5210 1407 5283 διασκεψώμεθα.
1464 5211 1628 5265 Δα6⁴ιδ
1665 5213 1724 5265 ὲν
1776 5210 1849 5283 ρδ

272 5306 495 5378 ψαλμῷ,
535 5306 634 5369 τάς
667 5304 795 5376 περὶ
823 5303 915 5358 τὸν
958 5303 1228 5375 Ἀϐραάμ,
1273 5303 1484 5357 καὶτὸν
1529 5302 1733 5366 Ἰσαάκ,
1762 5304 1854 5358 καὶ

274 5401 365 5454 τὸν
404 5379 597 5451 ’Ϊακὼό
616 5396 898 5453 ἀναλαϐὼν
930 5396 1194 5468 ἱστορίας,
1224 5396 1420 5460 αὐτοὺς
1450 5397 1693 5458 ἐκείνους
1724 5398 1849 5458 τοὺς

274 5488 540 5558 θεοφιλεῖς
559 5488 930 5560 προπάτορας,
954 5486 1048 5540 καὶ
1070 5487 1179 5559 πρὸ
1195 5486 1307 5541 τῶν
1328 5486 1606 5550 Μωῦσὲως
1642 5486 1850 5557 χρόνων

271 5579 618 5651 γενομένους,
671 5578 926 5650 χριστοὺς
968 5577 1254 5641 ἀποκαλεῖ,
1307 5574 1370 5635 οὐ
1417 5575 1486 5630 δι’
1510 5574 1641 5629 ἄλλο
1683 5575 1717 5645 ἢ
1760 5572 1849 5628 διά

269 5671 372 5743 τὴν
420 5670 516 5725 τοῦ
567 5669 711 5723 θείου
762 5668 1099 5740 Πνεύματος,
1139 5662 1200 5723 οὗ
1247 5670 1513 5739 μετεῖχον,
1564 5666 1845 5737 ἐπιρροήν.

281 5763 595 5837 ἰστορήσας
615 5761 744 5833 γοῦν
765 5763 915 5827 ὅπως
938 5758 1348 5829 ἐπεξενώθησαν
1370 5761 1481 5821 τοῖς
1509 5755 1847 5826 ἀλλοφύλοις,

341 5886 387 5917 ⁸⁸
419 5882 564 5941 Psal.
599 5899 717 5949 cm,
752 5881 835 5939 15.
917 5883 957 5915 ¹⁷
986 5879 1133 5939 Psai.
1176 5894 1321 5942 xuv,
1352 5878 1465 5935 7-8.

1958 4733 2067 4789 illis
2098 4733 2191 4788 Dei
2225 4732 2530 4789 visionibus
2552 4733 2915 4794 intellexerat,
2942 4738 3001 4785 ut
3042 4736 3135 4801 qui
3172 4732 3372 4786 talibus
3395 4730 3539 4785 notis

1958 4844 2024 4885 ac
2063 4826 2237 4897 signis
2277 4823 2427 4895 digni
2476 4823 2646 4878 habiti
2677 4834 2853 4890 erant,
2880 4838 2944 4879 ea
3001 4830 3223 4892 possent
3276 4822 3542 4891 tantisper

1959 4920 2210 4976 meditari
2243 4917 2420 4988 iisque
2443 4932 2503 4972 se
2534 4932 2813 4979 exercere,
2872 4916 3000 4970 dum
3027 4930 3148 4985 quae
3181 4930 3307 4968 vera
3355 4922 3541 4970 essent

1957 5015 2230 5085 inspicere
2260 5028 2370 5067 non
2402 5012 2656 5067 dabatur.
2704 5009 2756 5065 Is
2785 5011 2950 5081 igitur
3000 5011 3262 5063 selectuin
3318 5009 3538 5063 interim

1955 5109 2132 5164 ειίιὶε
2166 5106 2500 5171 hominibus,
2534 5105 2629 5176 qui
2672 5105 2727 5158 in
2758 5113 2902 5159 terra
2928 5110 3238 5168 versantur,
3262 5102 3437 5155 virum
3471 5101 3539 5154 ad

1956 5214 2114 5256 sacra
2166 5197 2276 5254 Deo
2336 5198 2585 5252 facienda
2635 5196 2916 5255 idoneum,
2976 5193 3190 5263 primus
3258 5191 3539 5248 Christum

1958 5293 2281 5354 nominavit,
2320 5290 2740 5362 appellationem
2772 5286 2838 5342 ad
2875 5301 2940 5341 ea
2989 5284 3236 5341 referens
3269 5300 3388 5356 qua:
3424 5286 3540 5339 sola

1954 5382 2308 5454 intelligentia
2334 5380 2789 5444 considerantur;
2816 5378 2910 5449 qui
2934 5394 3066 5433 sane
3084 5392 3207 5431 cum
3233 5376 3379 5430 hunc
3404 5390 3541 5445 qua-

1955 5476 2079 5530 dam
2100 5472 2653 5546 fragrantiunctionc
2703 5469 3139 5542 praestantiorem
3172 5467 3387 5524 czeteris
3438 5465 3538 5520 bo-

1956 5568 2198 5623 minibus
2245 5566 2603 5633 declarasset,
2633 5563 2921 5619 verissime
2966 5573 3020 5617 et
3063 5562 3383 5633 planissime
3436 5558 3532 5614 de-

1955 5661 2251 5722 nuntiavit,
2306 5672 2524 5713 omnem
2578 5663 2833 5711 naturam
2869 5669 2991 5727 quae
3053 5659 3237 5708 creata
3265 5659 3371 5714 est,
3402 5650 3540 5703 lttltl-

1957 5761 2123 5824 toque
2138 5753 2303 5808 etiam
2332 5749 2509 5823 magis
2536 5748 2832 5805 humanam
2877 5764 2973 5821 per
3002 5762 3082 5814 se,
3121 5746 3251 5802 dum
3280 5759 3309 5798 a
3334 5744 3535 5799 virtute
