4158 6418
624 311 733 366 2θῦ
1298 309 1569 366 EL'SEBII
1602 310 2086 367 C£SAR|ENSIS
2124 310 2176 367 Cl

2320 310 2522 367 PARS.
2563 311 2603 366 1.
2647 340 2717 355 --
2753 314 3254 373 APOLOGETICA.
3757 324 3863 383 296

626 427 869 481 increata
927 425 1270 495 relinquitur.
1298 428 1692 497 praestantioris
1747 426 2051 497 cujuspiam
2089 427 2176 481 fra

2299 428 2393 481 καὶ
2423 428 2497 492 ὡς
2531 429 2999 495 ἐπιϐουλευθέντες
3049 432 3291 504 σωτῆρος
3338 432 3523 503 ἔτυχον
3563 434 3657 488 τοῦ
3707 435 3861 502 Θεοῦ,

624 518 852 588 ςτοηιίω
881 515 1146 587 indigere,
1174 518 1275 571 sed
1328 534 1448 588 qua:
1473 518 1655 575 Patris
1695 521 1914 591 quidem
1964 520 2108 575 illius
2139 531 2176 575 el

2295 518 2435 573 κατά
2459 519 2527 572 τά
2568 520 2718 590 παρά
2744 522 2968 575 Μωῦσεῖ
2997 522 3319 594 δηλούμενα,
3355 526 3635 595 προφήτας
3668 528 3861 593 αὐτοὺς

625 607 850 677 ingeniti
880 614 984 673 est,
1017 623 1134 660 eam
1159 609 1426 678 attingere
1453 610 1656 664 nemini
1678 608 1762 665 l'as
1783 618 1887 666 est.
1922 609 2024 665 Uni
2048 613 2191 666 enim

622 698 888 752 duntaxat
922 698 1086 751 unico
1118 698 1402 769 primoque
1458 700 1662 769 genito,
1714 701 1819 755 hoc
1854 711 2190 757 reservatum

621 801 707 846 est
737 790 962 844 donum.
994 790 1096 857 Qui
1128 798 1306 844 autem
1348 800 1472 860 post
1515 792 1665 846 illum
1696 793 1990 856 exsistunt,
2023 793 2057 846 ii
2082 808 2190 847 non

622 884 782 937 aliter
804 898 963 952 quam
1012 898 1112 953 per
1149 882 1393 952 ejusdem
1435 881 1708 954 Unigeniti
1738 885 2192 940 communicatio-

623 991 767 1041 nem,
825 976 1088 1030 bonorum
1128 982 1407 1045 compotes
1462 975 1577 1030 ﬁeri
1623 985 1915 1046 poterant:
1952 977 2189 1047 Spiritus

620 1082 749 1137 ergo
775 1067 944 1122 divini
980 1068 1031 1122 id
1062 1066 1207 1137 quod
1239 1067 1379 1136 apud
1406 1065 1640 1138 Moysem
1668 1067 1858 1132 fertur,
1886 1079 2012 1124 nota
2043 1084 2189 1139 qua:-

622 1158 746 1212 dam
799 1166 939 1214 erat.
996 1157 1304 1213 Divisioncs
1357 1174 1522 1229 porro
1585 1159 1853 1215 donorum
1885 1167 2035 1224 sunt,
2092 1159 2189 1215 sed

621 1252 762 1306 idem
792 1258 876 1306 est
902 1249 1160 1320 Spiritus.
1209 1253 1368 1321 cujus
1403 1251 1635 1307 maxime
1668 1260 1727 1306 ut
1752 1250 1867 1307 ﬁeri
1896 1253 2187 1323 participes

620 1346 921 1404 studerent,
954 1353 1006 1398 et
1032 1344 1345 1399 sacerdotes
1364 1351 1418 1398 et
1446 1345 1721 1414 prophetae
1750 1349 1805 1397 et
1841 1359 1994 1415 reges
2012 1386 2027 1410 ,
2049 1360 2187 1408 opus

618 1451 739 1490 esse
762 1436 1147 1499 arbitrabatur,
1181 1445 1365 1506 utpote
1394 1437 1484 1506 qui
1511 1452 1617 1490 non
1648 1451 1746 1505 pro
1762 1435 1958 1504 seipsis
1986 1435 2184 1498 solum,

617 1544 806 1582 verum
867 1529 1030 1582 etiam
1091 1543 1190 1599 pro
1241 1537 1352 1582 tota
1385 1535 1545 1598 gente
1591 1526 1696 1582 Deo
1752 1527 1952 1581 sacrati
1981 1538 2184 1584 essent.

618 1620 772 1687 Quod
803 1627 985 1674 autem
1031 1633 1214 1673 rerum
1262 1619 1433 1688 magis
1457 1618 1763 1673 divinarum
1814 1616 2050 1673 Mosaica
2093 1620 2185 1674 illa

618 1720 757 1766 nota:
779 1710 1023 1780 quaedam
1056 1718 1259 1772 essent,
1287 1717 1341 1764 et
1367 1708 1510 1778 quod
1546 1707 1662 1761 ﬁeri
1704 1716 1890 1777 posset
1931 1716 1989 1761 nt
2019 1709 2182 1763 etiam

617 1804 734 1858 sine
763 1801 1007 1858 terrestri
1029 1810 1305 1871 unguento
1332 1800 1518 1854 divino
1551 1797 1758 1869 Spiritu
1783 1797 1943 1853 amati
1974 1807 2178 1864 essent,

614 1894 806 1950 christi
834 1894 1264 1955 nominarentur,
1295 1890 1522 1962 agedum
1558 1892 1838 1961 aliquanto
1869 1890 2182 1961 diligentius

614 1979 1024 2040 consideremus
1057 1983 1170 2051 jam
1206 1998 1372 2039 nunc.
1423 1981 1589 2036 David
1643 1982 1808 2052 igitur
1851 1981 1906 2035 in
1971 1982 2183 2051 psalmo

610 2092 700 2131 ειν
733 2078 793 2140 ιε,
822 2076 950 2131 dum
978 2090 1097 2145 quae
1124 2074 1192 2129 ad
1220 2074 1513 2137 Abraham,
1533 2080 1587 2128 et
1607 2073 1775 2135 Isaac,
1798 2081 1852 2127 et
1874 2071 2044 2128 Jacob
2069 2089 2184 2142 per-

612 2172 806 2234 tinent,
857 2170 1115 2225 bistorias
1162 2169 1373 2237 repetit,
1434 2167 1583 2236 ipsos
1621 2166 1778 2236 plane
1801 2165 1923 2220 illos
1968 2175 2180 2220 veteres

609 2260 822 2326 Patres,
849 2268 903 2316 et
928 2260 1022 2330 qui
1054 2268 1177 2315 ante
1212 2258 1412 2329 Moysis
1440 2264 1651 2311 :etatem
1674 2256 1913 2320 fuerunt,
1943 2256 2179 2312 christos

612 2362 790 2417 vocat,
827 2353 1031 2408 nullam
1071 2354 1142 2407 ob
1174 2352 1332 2405 aliam
1366 2363 1587 2404 causam
1628 2364 1789 2418 quam
1834 2356 2056 2419 propter
2096 2347 2181 2402 di-

609 2447 720 2501 vini
756 2444 1017 2517 Spiritus,
1065 2444 1225 2513 cujus
1269 2442 1564 2513 participes
1606 2448 1786 2503 erant,
1818 2439 2175 2496 inﬂuentiam.

612 2537 769 2608 175
801 2536 855 2591 In
893 2535 1232 2606 expositione
1279 2534 1443 2605 igitur
1474 2533 1861 2599 historiarum,
1909 2530 2178 2603 quemad.

609 2631 828 2684 modum
861 2627 1100 2697 hospitio
1128 2627 1197 2681 ab
1248 2626 1491 2682 externis
1515 2625 1775 2695 suscepti.
1823 2632 1879 2679 et
1915 2623 2177 2695 quemad-

608 2721 831 2776 modum
857 2720 1071 2775 insidiis
1092 2719 1474 2782 circumventi,
1508 2718 1737 2773 salutem
1769 2731 1799 2769 a
1833 2715 1941 2770 Deo
1979 2730 2177 2771 conse-

607 2813 719 2867 cuti
749 2820 901 2875 sunt,
932 2812 1078 2868 sicut
1117 2810 1354 2866 MOsaica
1402 2809 1717 2863 narratione
1761 2806 2036 2878 proditum
2066 2813 2172 2869 est.

607 2905 900 2976 prophetas
938 2905 1065 2959 illos
1094 2904 1257 2958 simul
1290 2912 1343 2957 et
1376 2901 1614 2956 christos
1658 2899 1924 2963 nominat,
1958 2897 2174 2953 tametsi

606 2999 849 3053 nondum
888 2996 1105 3068 Moyses
1131 2997 1185 3049 in
1230 2993 1540 3048 hominibus
1563 2991 1814 3061 degebat,
1851 3003 2027 3060 neque
2070 3005 2173 3043 un-

605 3100 861 3161 guentum
887 3105 951 3144 ex
989 3090 1105 3158 lege
1135 3086 1381 3157 ejusdem
1423 3090 1796 3154 comparatum
1833 3080 2011 3137 adhuc
2051 3081 2171 3136 fue-
2198 3108 2240 3165 ο

606 3190 709 3238 rat.
759 3181 901 3236 Audi
944 3181 1112 3252 igitur
1155 3180 1285 3250 quid
1327 3178 1475 3232 dicat
1512 3176 1757 3247 psalmus
1792 3193 1805 3229 :
1841 3191 1859 3225 ι
1896 3174 2170 3229 Memento

605 3272 936 3326 mirabilium
970 3272 1090 3341 ejus
1122 3285 1242 3340 qua!
1267 3269 1427 3324 fecit:
1457 3267 1704 3338 prodigia
1736 3263 2171 3336 ejus,etjudicia

602 3362 716 3418 oris
749 3362 888 3431 ejus.
923 3362 1120 3417 Semen
1152 3362 1449 3422 Abraham,
1482 3359 1626 3414 servi
1677 3358 1815 3428 ejus,
1880 3356 1975 3410 lilii
2002 3355 2171 3411 Jacob

600 3450 758 3507 electi
790 3450 928 3519 ejus.
961 3449 1081 3519 Ipse
1125 3448 1390 3505 Dominus
1415 3448 1558 3503 Deus
1588 3455 1795 3514 noster,
1831 3447 1886 3500 in
1917 3447 2171 3501 universa

601 3550 747 3597 terra
786 3541 992 3612 judicia
1041 3541 1181 3612 ejus.
1226 3540 1432 3596 Memor
1476 3538 1580 3593 fuit
1626 3538 1681 3592 in
1716 3539 1975 3593 saeculum
2005 3546 2171 3593 testa-

601 3635 770 3689 menti
800 3635 908 3697 sui,
941 3635 1091 3690 verbi
1131 3632 1274 3705 quod
1319 3632 1595 3689 mandavit
1617 3633 1673 3686 in
1697 3633 1844 3687 mille
1867 3632 2172 3702 generatio-

600 3738 719 3792 nes,
752 3726 899 3795 quod
924 3726 1198 3795 disposuit
1226 3725 1294 3781 ad
1324 3724 1599 3779 Abraham
1636 3744 1649 3779 :
1683 3733 1736 3779 et
1763 3722 2062 3794 juramenti
2084 3722 2170 3779 sui

601 3817 669 3871 ad
702 3817 869 3883 Isaac,
902 3824 956 3872 et
983 3818 1173 3872 statuit
1200 3816 1332 3872 illud
1358 3816 1427 3871 ad
1450 3815 1623 3870 Jacob
1657 3816 1711 3868 in
1745 3827 2093 3886 praeceptum,
2118 3824 2172 3870 et

601 3909 666 3964 ad
699 3908 863 3965 Israel
909 3908 965 3964 in
1005 3916 1392 3965 testamentum
1435 3916 1732 3972 aeternum,
1781 3904 1968 3962 dicens
2000 3923 2012 3959 :
2047 3906 2169 3962 Tibi

600 4000 742 4055 dabo
778 4008 981 4056 terram
1019 4000 1299 4066 Chanaan,
1368 3998 1672 4053 funiculum
1708 3998 2044 4053 hatredilatis
2078 4014 2169 4053 ve-

600 4103 727 4148 stra:
752 4108 765 4144 :
796 4101 851 4147 et
872 4093 1210 4148 transierunt
1228 4092 1295 4147 de
1320 4098 1481 4163 gente
1499 4091 1551 4144 in
1572 4100 1808 4161 gentem,
1829 4099 1882 4145 et
1906 4090 1974 4146 de
2002 4107 2169 4163 regno

599 4185 666 4238 ad
700 4184 956 4255 populum
1004 4184 1236 4239 alterum
1264 4202 1278 4239 :
1310 4198 1422 4237 non
1471 4182 1722 4253 permisit
1767 4181 2039 4237 hominem
2070 4200 2169 4239 no-

598 4288 725 4329 cere
754 4273 855 4337 eis,
887 4280 941 4327 et
978 4272 1244 4342 corripuit
1274 4287 1373 4342 pro
1413 4274 1493 4327 eis
1524 4286 1717 4343 reges:
1748 4271 1914 4326 nolite
1947 4278 2167 4341 tangere

597 4367 835 4423 christos
876 4381 1059 4433 meos,
1108 4374 1164 4422 et
1212 4369 1268 4419 in
1310 4366 1591 4437 prophetis
1629 4366 1764 4421 meis
1802 4366 1966 4420 nolite
2011 4367 2166 4421 mali-

2291 610 2424 681 ὁμοῦ
2452 613 2546 665 καὶ
2589 616 2840 684 χριστοὺς
2871 615 3145 686 ὀνομάζει,
3177 613 3327 668 οὔπω
3352 616 3472 669 τότε
3500 618 3778 683 Μωῦσέως
3808 623 3863 673 ἐν

2292 700 2615 774 ἀνθρώποις,
2648 704 2769 757 οὐδὲ
2815 704 2907 757 τοῦ
2955 707 3076 758 κατ’
3120 705 3283 759 αὐτὸν
3334 707 3633 762 σκευαστοῦ
3685 709 3857 780 μύρου

2292 794 2800 866 νενομοθετημένου.
2856 797 3052 850 Ἄκουε
3094 797 3151 850 δὲ
3197 791 3287 850 οἷά
3336 814 3498 868 φησιν
3541 801 3570 851 6
3612 798 3855 870 ψαλμόςο

2297 905 2315 937 ι
2353 887 2636 959 Μνήσθητι
2679 887 2788 941 τῶν
2836 887 3154 960 θαυμασίων
3185 889 3370 953 αὐτοῦ,
3395 884 3470 944 ὧν
3511 891 3759 964 ἐποίησε⁸
3791 893 3858 949 τὰ

2290 978 2490 1050 τέρατα
2535 979 2698 1033 αὑτοῦ
2739 980 2832 1034 καὶ
2863 980 2931 1034 τὰ
2964 981 3208 1052 κρίματα
3236 980 3328 1035 τοῦ
3377 982 3639 1053 πόματος
3667 984 3852 1039 αὑτοῦ.

2290 1071 2517 1141 Σπέρμα
2585 1069 2862 1142 Ἀϐραὰμ,
2911 1069 3087 1123 δοῦλοι
3135 1071 3337 1125 αὐτοῦ’
3393 1073 3441 1124 οἰ
3498 1072 3602 1125 υἰο).
3661 1071 3856 1129 Ἰακὼϐ

2289 1162 2533 1215 ἐκλεκτοὶ
2563 1161 2747 1215 αὐτοῦ.
2776 1162 2946 1226 Αὐτὸς
2975 1162 3178 1234 Κύριος
3207 1164 3236 1216 6
3268 1162 3397 1226 Θεὸς
3421 1163 3597 1234 ήμῶν,
3625 1166 3684 1218 ἐν
3707 1166 3854 1238 πάσῃ

2285 1253 2352 1321 τῇ
2383 1254 2453 1322 γῇ
2491 1251 2558 1305 τά
2598 1253 2839 1324 κρίματα
2869 1253 3054 1306 αὐτοῦ.
3113 1253 3385 1325 Ἐμνήσθη
3429 1255 3510 1317 εἰς
3553 1254 3646 1309 τὸν
3683 1256 3856 1312 αἰῶνα

2287 1341 2561 1414 Διαθήκης
2599 1342 2782 1408 αὑτοῦ,
2815 1343 2970 1412 λόγου
3004 1338 3065 1398 οῦ
3100 1343 3398 1397 ἐνετείλατο
3424 1346 3503 1408 εἰς
3545 1344 3722 1414 χιλίας
3759 1363 3853 1416 γε-

2288 1433 2434 1497 νεάς,
2464 1435 2522 1488 ὃν
2554 1435 2759 1488 διέθετο
2787 1434 2864 1505 τῷ
2915 1434 3180 1506 Ἀϐραὰμ,
3226 1436 3319 1490 καὶ
3358 1435 3452 1488 τοῦ
3481 1437 3645 1507 ὅρκου
3686 1438 3851 1492 αὐτοῦ

2283 1526 2364 1597 τῷ
2400 1527 2613 1581 Ἰσαάκ’
2651 1526 2743 1580 καὶ
2764 1526 2987 1598 ἔστησεν
3022 1527 3189 1599 αὐτὴν
3218 1527 3296 1597 τῷ
3338 1527 3531 1582 Ἰακὼϐ
3569 1532 3650 1592 εἰς
3676 1531 3851 1602 πρόσ-

2286 1635 2492 1689 ταγμα,
2535 1616 2740 1688 καὶτῷ
2797 1618 3012 1690 Ἰσραήλ
3052 1620 3130 1682 εἰς
3169 1617 3445 1691 Διαθήκην
3487 1619 3727 1684 αἰώνιον,
3766 1622 3853 1676 λέ-

2285 1729 2429 1782 γων’
2466 1714 2555 1765 Σοὶ
2579 1711 2734 1765 δώσω
2757 1711 2854 1784 τὴν
2886 1712 2990 1782 γῆν
3021 1713 3253 1783 Χαναάμ
3286 1712 3568 1784 σχοίνισμα
3597 1718 3852 1788 κληρονο-

2286 1803 2414 1875 μίας
2441 1802 2614 1874 ὑμῶν.
2650 1804 2759 1856 Καὶ
2798 1802 3008 1872 διῆλθον
3038 1804 3097 1868 ἐξ
3128 1803 3310 1868 ἔθνους
3352 1807 3432 1870 εἰς
3460 1806 3629 1872 ἔθνος,
3661 1810 3753 1864 καί⁵
3785 1813 3850 1865 ὲκ

2283 1894 2556 1965 βασιλείας
2602 1895 2682 1958 εἰς
2727 1893 2853 1949 λαὸν
2905 1895 3107 1967 ἕτερον.
3142 1897 3255 1950 Οὐκ
3305 1900 3513 1970 ἀφῆκεν
3563 1900 3847 1973 ἄνθρωπον

2280 1987 2530 2057 ἀδικῆσαι
2553 1987 2768 2051 αὐτοὺς,
2803 1988 2897 2041 καὶ
2936 1986 3160 2059 ἤλεγξεν
3191 1989 3327 2061 ὑπὲρ
3361 1991 3537 2045 αὐτῶν
3570 1992 3806 2062 βασιλεῖς
3827 2010 3845 2028 ο

2282 2081 2358 2152 μὴ
2401 2080 2635 2134 ἅπτεσθε
2664 2080 2770 2133 τῶν
2793 2079 3027 2151 χριστῶν
3054 2098 3177 2151 μου.
3216 2083 3309 2135 καὶ
3331 2083 3388 2136 ὲν
3412 2087 3521 2147 τοῖς
3542 2086 3847 2157 προφήταις

2283 2190 2382 2243 μου
2433 2171 2508 2243 μὴ
2553 2170 2936 2243 πονηρεύεσθε.
2978 2190 2998 2223 ι
3049 2171 3234 2227 Ταῦτα
3284 2174 3383 2244 μὲν
3422 2175 3451 2226 6
3490 2175 3676 2227 Δαϐίδο
3725 2178 3753 2229 6
3789 2177 3848 2231 δὲ

2276 2257 2480 2335 Μωσῆς
2525 2264 2617 2317 καί⁵
2663 2264 2807 2328 οἴους
2859 2262 3094 2334 βασιλεῖς
3124 2264 3345 2334 ἤλεγξεν
3387 2266 3590 2337 ἱστορεῖ
3632 2266 3805 2335 λέγων
3828 2283 3842 2298 ⁸

2282 2375 2304 2409 ι
2329 2357 2437 2410 Καὶ
2452 2358 2617 2428 ῆτασε
2635 2355 2836 2428 Κύριος
2847 2354 2935 2408 τὸν
2957 2355 3153 2427 Φαραὼ
3176 2357 3428 2428 ὲτασμοῖς
3455 2357 3727 2427 μεγάλοις.
3752 2359 3847 2413 καὶ

2276 2448 2367 2503 τδν
2386 2444 2531 2502 οἷκον
2560 2448 2720 2502 αὑτοῦ
2740 2449 2865 2518 περί⁵
2887 2447 3101 2520 Σάρρας
3125 2447 3224 2516 τῆς
3244 2448 3500 2516 γυναικὸς
3529 2449 3796 2520 Ἁϐραάμ.
3822 2469 3840 2500 ι

2276 2539 2386 2593 Καὶ
2438 2538 2597 2592 πάλιν
2653 2538 2779 2609 περὶ
2830 2537 2923 2590 τοῦ
2982 2537 3245 2607 βασιλέως
3299 2538 3553 2610 Γεράρων
3601 2541 3839 2611 γράφει·

2283 2645 2302 2678 ι
2341 2627 2449 2679 Καὶ
2489 2621 2650 2698 ἦλθεν
2678 2627 2706 2679 6
2735 2624 2865 2688 Θεὸς
2912 2626 3047 2698 πρὸς
3106 2626 3393 2698 Ἀϐιμέλεχ
3441 2629 3497 2680 ὲν
3548 2626 3698 2699 ὕπνῳ
3746 2628 3843 2700 τὴν

2266 2716 2465 2780 μνύκτα,
2511 2718 2601 2769 καὶ
2640 2713 2790 2770 εἶπεν
2817 2733 2831 2747 υ
2877 2716 3007 2770 Ἰδοὺ
3054 2718 3117 2771 σὺ
3164 2716 3524 2790 ἀποθνήσκεις
3574 2720 3701 2791 περὶ
3743 2721 3845 2791 τῆς

2275 2809 2548 2876 γυναικὸς,
2576 2802 2644 2880 ἧς
2672 2808 2891 2873 ἔλαϐες⁶
2936 2828 2955 2861 ι
2990 2808 3146 2881 (αῦτη
3196 2808 3253 2862 δὲ
3293 2805 3360 2880 ἦν
3390 2809 3485 2863 τοῦ
3531 2810 3842 2884 Ἀϐραάμ

2274 2898 2410 2970 Περὶ
2450 2893 2508 2952 οῦ
2556 2898 2680 2968 ἑξῆς
2726 2896 2929 2966 προῖών
2978 2915 3109 2970 φησι
3136 2914 3151 2930 ο
3203 2917 3224 2950 ι
3262 2898 3376 2953 Νῦν
3422 2898 3478 2953 δὲ
3517 2899 3712 2964 ἀπόδος
3742 2902 3845 2971 τὴν

2273 2991 2504 3056 γυναῖκα
2525 2988 2601 3059 τῷ
2631 2988 2918 3061 ἀνθρώπῳ,
2952 2989 3032 3043 ὅτι
3065 2992 3347 3061 προφήτης
3372 2990 3508 3053 ἐστὶ,
3545 2992 3637 3044 καὶ
3666 3009 3843 3063 προσ-

2274 3080 2486 3144 εύξεται
2534 3080 2662 3150 περὶ
2705 3079 2817 3133 σοῦ.
2879 3082 3040 3152 Ὁρᾷς
3065 3082 3211 3146 ὅπως
3240 3081 3327 3135 διὰ
3362 3083 3563 3135 τούτων
3586 3085 3708 3148 τοὺς
3739 3086 3845 3139 πά-

2270 3171 2357 3224 λαι
2390 3170 2656 3240 θεοφιλεῖς
2687 3172 2778 3225 xai.
2814 3174 3096 3244 προφήτας
3145 3176 3397 3244 χριστοὺς
3429 3175 3457 3226 6
3486 3173 3666 3239 Aa6‘t6,
3703 3175 3842 3245 μᾶλ-

2270 3248 2360 3316 λον
2409 3262 2465 3316 δὲ
2498 3262 2558 3315 τὸ
2609 3262 2748 3315 θεῖον
2789 3262 2855 3316 δι’
2903 3263 3066 3317 αὑτοῦ
3098 3267 3361 3335 προσεῖπε
3392 3264 3635 3335 Πνεῦμα,
3667 3267 3725 3318 ού
3762 3266 3844 3337 τῷ

2270 3352 2459 3422 γεώδει
2520 3353 2675 3425 μύρῳ
2734 3353 3161 3425 κεχρισμένουρςς
3214 3353 3328 3418 πῶς
3383 3354 3511 3427 γὰρ,
3564 3356 3842 3422 Μωῦσέως

2271 3445 2514 3516 ὑστέροις
2545 3445 2754 3517 χρόνοις
2787 3444 2928 3499 οὕτω
2967 3443 3388 3517 διαταξαμένου;
3425 3447 3621 3501 Ἀκουε
3659 3447 3715 3501 δὲ
3746 3450 3843 3503 καὶ⁵

2280 3537 2501 3592 Ἡσαΐου
2534 3537 2673 3591 οὕτω
2720 3537 3030 3606 σαφέστατα
3073 3539 3202 3610 ’περί⁸
3240 3537 3334 3591 τοῦ
3382 3538 3618 3610 Χριστοῦ
3653 3540 3845 3594 θεσπί-

2271 3629 2472 3695 ζοντος,
2513 3630 2588 3694 ὡς
2619 3628 3125 3700 ἀποσταλησομένου
3160 3629 3265 3681 ὑπὸ
3307 3629 3402 3682 τοῦ
3435 3628 3571 3683 Θεοῦ
3604 3633 3715 3694 τοῖς
3746 3632 3842 3684 ἀν-

2272 3724 2507 3795 θρώποις
2550 3721 2820 3795 λυτρωτοῦ
2857 3723 2951 3775 καὶ
2977 3721 3241 3793 σωτῆρος,
3271 3719 3490 3792 ἥξοντάς
3511 3737 3571 3773 τε
3603 3721 3841 3792 κηρύξαι

2268 3814 2380 3873 τοῖς
2422 3811 2520 3875 τὰς
2564 3809 2742 3880 ψυχὰς
2782 3807 3148 3881 αἰχμαλώτοις
3193 3809 3406 3877 ἄφεσιν,
3445 3810 3537 3863 καὶ
3576 3814 3689 3875 τοῖς
3738 3812 3840 3877 τάς

2269 3903 2507 3966 διανοίας
2530 3902 2747 3971 τυφλοῖς
2770 3900 3078 3970 ἀνάϐλεψιν.
3100 3900 3299 3953 Τοῦτον
3323 3899 3433 3972 γὰρ
3465 3901 3626 3955 πάλιν
3654 3904 3682 3955 6
3710 3920 3842 3974 προ-

2269 3996 2442 4067 φήτης
2488 3994 2549 4047 ού
2595 3991 2875 4062 σκευαστῷ
2919 3992 3093 4063 μύρῳ,
3129 3990 3263 4045 ἀλλά
3306 3989 3383 4061 τῷ
3426 3991 3526 4061 τῆς
3556 3994 3840 4065 Πατρικῆς

2269 4084 2519 4155 θεότητος
2561 4081 2736 4153 νοητῷ
2782 4085 2876 4136 καὶ
2924 4079 3215 4152 θεοπρεπεῖ
3247 4081 3479 4151 Χριστὸν
3510 4082 3837 4153 γεγενῆσθαι

2267 4176 2526 4239 διδάσκει,
2558 4176 2654 4246 ούχ
2705 4175 2797 4226 ὑπ’
2843 4171 3164 4245 ἀνθρώπων,
3201 4172 3333 4226 ἀλλά
3378 4173 3441 4227 ὲκ
3478 4173 3572 4227 τοῦ
3621 4174 3837 4245 Πατρὸς

2268 4271 2641 4341 κεχρισμένον.
2700 4268 2864 4337 Λέγει
2918 4266 2963 4319 δ’
3016 4262 3108 4320 οῦν
3166 4265 3225 4332 ἐξ
3283 4265 3446 4319 αὑτοῦ
3500 4267 3832 4337 προσώπουο

2274 4382 2292 4414 ι
2352 4361 2574 4432 Πνεῦμα
2613 4360 2818 4433 Κυρίου
2866 4361 2951 4413 ἐπ’
3001 4358 3122 4428 ἐμὲ,
3168 4350 3229 4410 οῦ
3279 4358 3487 4413 εἵνεκεν
3521 4359 3704 4432 ἔχρισέ
3742 4377 3830 4430 με.

595 4459 831 4529 gnari".
872 4478 891 4511 ι
929 4457 1205 4514 Hactenus
1246 4458 1462 4528 quidem
1493 4456 1685 4511 David.
1752 4456 1966 4528 Moyses
2012 4473 2161 4521 vero,

2276 4452 2735 4522 Εὑαγγελῐσασθαι
2791 4454 3026 4522 πτωχοῖς
3076 4451 3380 4504 ἀπέσταλκέ
3447 4469 3551 4521 με,
3599 4453 3835 4524 κηρύξαι

595 4552 757 4604 ctiam
789 4565 928 4620 quos
960 4566 1113 4620 reges
1144 4550 1490 4620 corripuerit,
1533 4557 1739 4614 narrat,
1777 4548 1965 4603 dicens
1998 4566 2011 4602 :
2044 4566 2061 4598 ι
2102 4548 2166 4601 Et

2276 4543 2629 4617 αἰχμαλώτοις
2652 4543 2863 4613 ἄφεσιν,
2896 4543 2990 4596 καὶ
3016 4542 3231 4610 τυφλοῖς
3255 4542 3566 4612 ἀνάϐλεψιν.
3608 4562 3626 4595 ι
3663 4545 3836 4599 Τοῦτο

596 4644 883 4713 castigavit
920 4641 1183 4697 Dominus
1222 4639 1564 4695 Pharaonem
1598 4640 1771 4711 plagis
1808 4639 2082 4701 maximis,
2110 4648 2165 4694 et

2276 4637 2366 4707 μὲν
2416 4630 2508 4688 οῦν
2561 4633 2775 4704 πρῶτον
2830 4629 3164 4703 τετηρήσθω,
3217 4630 3293 4694 ὡς
3340 4632 3432 4684 καὶ
3491 4631 3717 4696 Ἡσαΐας
3755 4633 3837 4705 τῷ

596 4736 815 4789 domum
843 4736 1011 4799 illius,
1034 4745 1255 4806 prepter
1279 4733 1470 4788 Saram
1503 4747 1727 4788 uxorem
1764 4732 2039 4787 Abraham
2054 4733 2154 4786 ὀ.»

2276 4727 2431 4782 Aa6l8
2462 4724 2855 4797 παραπλησίως
2886 4724 2944 4776 ὃν
2976 4722 3126 4791 ἥξειν
3157 4722 3356 4793 ἔφησεν
3388 4725 3465 4786 εἰς
3490 4723 3832 4795 ἀνθρώπους,

598 4828 663 4883 Et
686 4843 876 4883 rursus
903 4829 970 4883 de
994 4843 1059 4882 eo
1086 4842 1210 4897 rege
1243 4827 1334 4896 qui
1367 4826 1628 4896 regnabat
1656 4826 1711 4880 in
1744 4823 1987 4890 Geraris,
2023 4828 2162 4882 scri-

597 4921 719 4975 bit:
757 4938 779 4973 ι
815 4919 879 4973 Ει
904 4921 1051 4975 venit
1084 4919 1224 4975 Deus
1270 4919 1335 4973 ad
1372 4918 1683 4974 Abimelech
1735 4918 1792 4974 in
1829 4919 2036 4974 somnis
2066 4936 2167 4973 no-

596 5020 710 5076 ctu,
747 5023 801 5067 et
831 5013 969 5066 dixit
1002 5029 1014 5063 :
1054 5013 1132 5066 En
1183 5010 1435 5065 morieris
1484 5019 1566 5075 tu,
1612 5018 1833 5080 propter
1876 5011 2155 5066 mulierem

595 5119 754 5172 quam
790 5105 1019 5158 tulisti“
1060 5124 1077 5156 ι
1120 5104 1255 5174 (haec
1299 5110 1480 5157 autem
1522 5110 1642 5156 erat
1665 5118 1801 5155 uxor
1831 5102 2153 5172 Abraham).

596 5194 768 5250 Porro
807 5195 1093 5266 deinceps,
1137 5209 1389 5251 sermone
1451 5208 1803 5264 progressus,
1852 5192 1920 5248 de
1970 5192 2159 5247 eodem

596 5290 672 5342 ait
698 5308 710 5342 :
739 5270 755 5340 ὲ
788 5287 943 5343 Nunc
960 5298 1139 5345 autem
1165 5289 1329 5345 redde
1353 5287 1472 5342 viro
1498 5302 1598 5343 suo
1625 5301 1873 5349 uxorem,
1897 5284 2155 5356 quoniam

596 5382 857 5451 prapheta
886 5390 991 5445 est,
1024 5386 1077 5435 et
1105 5381 1280 5435 orabit
1310 5397 1408 5452 pro
1429 5380 1563 5435 te“.
1595 5397 1613 5431 ι
1644 5376 1810 5433 Vides
1835 5387 1888 5431 ut
1916 5377 2016 5430 hoc
2039 5376 2158 5430 loco

550 5472 558 5489 '
597 5480 804 5529 veteres
832 5473 927 5528 Dei
960 5473 1167 5530 amicos
1198 5482 1251 5529 et
1304 5474 1600 5545 prophetas
1637 5470 1830 5534 David,
1866 5485 1929 5524 ac
1973 5468 2154 5539 potius

595 5586 691 5640 per
739 5568 893 5622 illum
941 5565 1159 5622 divinus
1209 5565 1469 5638 Spiritus,
1525 5564 1761 5621 christos
1805 5559 2154 5633 appellaverit

2268 4822 2362 4874 καὶ
2402 4817 2634 4890 κηρύξαι
2681 4814 3043 4888 αἰχμαλώτοις
3087 4813 3279 4883 ἄφεσιν
3325 4816 3418 4869 καὶ
3449 4816 3666 4885 τυφλοῖς
3697 4816 3834 4870 ἀνά-

2265 4914 2471 4985 ϐλεψιν,
2501 4912 2562 4965 οὐ
2593 4907 2872 4979 σκευαστῷ
2919 4906 3094 4980 μύρῳ,
3129 4905 3265 4960 ἀλλὰ
3293 4907 3368 4979 τῷ
3396 4907 3494 4979 τῆς
3533 4909 3834 4979 ἀγεννήτου

2262 5005 2545 5078 Πατρικῆς
2572 5020 2630 5057 τε
2662 5002 2757 5056 καὶ⁵
2804 4998 3112 5067 παναγάθου
3158 4999 3436 5068 δυνάμεως
3480 4997 3713 5067 Χριστὸν
3740 5013 3835 5066 γε-

2263 5099 2474 5170 γονέναι
2513 5091 2776 5156 θεσπίζει.
2818 5089 2976 5144 Κατά
3013 5105 3136 5142 τινα
3166 5088 3221 5141 δὲ
3250 5086 3534 5159 συνήθειαν
3564 5102 3833 5158 προφητι..

2264 5192 2385 5263 κὴνν
2408 5189 2469 5242 τδ
2502 5185 2689 5259 μέλλον
2715 5186 2744 5236 ὁ
2775 5181 3057 5254 προφήτης
3083 5179 3158 5242 ὡς
3188 5179 3512 5249 παρῳχηκὸς
3537 5179 3830 5247 ἀναφωνεῖ.

2264 5284 2359 5338 καὶ
2388 5280 2464 5341 ὡς
2494 5278 2622 5350 περὶ
2655 5272 2845 5330 ἑαυτοῦ
2886 5270 2980 5325 τοῦ
3009 5270 3439 5342 προφητεύοντος
3482 5269 3648 5341 δηλοῖ.
3680 5270 3832 5333 Τέως

2268 5372 2366 5445 μὲν
2396 5367 2487 5424 οῦν
2513 5368 2616 5423 ὑπὸ
2638 5366 2794 5428 Θεοῦ.
2818 5363 2934 5418 ἀλλ’
2958 5363 3056 5433 οὐχ
3081 5363 3173 5415 ὑπ’
3194 5361 3516 5435 ἀνθρώπων,
3545 5360 3641 5414 καὶ
3667 5359 3832 5414 Πνεῦ-

2265 5481 2390 5537 ματι
2412 5461 2562 5532 θείῳ,
2594 5456 2706 5514 ἀλλ’
2737 5459 2797 5511 οὐ
2832 5455 3115 5526 σκευαστῷ
3147 5454 3311 5526 ἐλαίῳ
3333 5454 3673 5528 χριομένους,
3698 5454 3832 5517 τοὺς

2261 5556 2403 5611 κατὰ
2461 5554 2552 5609 τὸν
2620 5550 2792 5623 ἀληθῆ
2849 5549 3007 5618 λόγον
3086 5546 3340 5620 χριστοὺς
3399 5544 3829 5618 ὀνομαζομένους

668 5730 709 5763 ’⁸
740 5726 894 5790 Vers.
936 5727 1020 5782 15.
1065 5726 1108 5758 ¹⁹
1140 5723 1283 5780 Psal.
1319 5738 1426 5791 ειν,
1461 5720 1609 5777 545.
1685 5721 1729 5754 ’θ
1760 5716 1898 5775 Gen.
1935 5732 2033 5786 ιιι,
2062 5715 2149 5772 17.

2295 5710 2431 5768 Gen.
2462 5725 2556 5779 ιτς,
2586 5708 2639 5766 5.
2681 5707 2763 5785 ιιι
2794 5705 2926 5763 ma.
2953 5705 3011 5759 7.
