4158 6418
356 371 458 427 I97

1287 370 1945 430 DEMONSTRATIONIS
1983 366 2442 426 Ενλιςοιευωε
2477 365 2604 421 LIB.
2636 364 2726 420 IV.

3516 366 3621 421 298

359 487 622 556 ἔγνωμεν.
659 484 872 558 Καιρὸς
909 485 966 539 δὲ
1006 485 1259 550 συνιδεῖν,
1288 487 1370 540 ὅτι
1403 486 1498 540 καὶ
1523 486 1670 542 θείαν
1698 486 1819 540 τινὰ
1850 485 1927 539 δύ-

2049 484 2200 538 nullo
2244 480 2492 536 terrestri
2549 484 2831 551 unguento
2871 477 3101 532 unctos?
3136 474 3242 544 Qui
3277 477 3447 540 enim,
3496 493 3621 532 cum

359 594 518 648 ναμιν
537 577 832 649 κρείττονα
860 576 894 649 ἦ
918 579 1038 631 κατ’
1064 576 1352 649 ἄνθρωπον
1373 578 1451 647 (l)
1478 577 1639 647 φύσιν
1660 579 1750 632 τὸν
1765 578 1941 651 ἀληθῆ

357 668 589 743 Χριστὸν
634 667 730 722 τοῦ
775 668 914 723 Θεοῦ
950 668 1240 741 τυγχάνειν
1278 671 1309 723 ὀ
1347 669 1477 742 παρ’
1523 669 1792 743 Ἑϐραίοις
1822 671 1942 724 ἐπί-

356 777 547 815 σταται
574 758 757 829 λόγος.
790 762 991 814 ’Δκουε
1023 761 1067 814 δ’
1094 756 1190 816 οὖν
1220 757 1378 826 αὖθις
1403 759 1497 815 τοῦ
1530 761 1693 816 Δαόὶδ
1724 761 1941 817 αἰώνιόν

354 869 478 909 τινα
522 852 682 923 ίερὲα
721 852 817 906 τοῦ
862 852 1000 907 Θεοῦ
1047 854 1350 924 φάσκοντος
1397 854 1615 920 εἰδέναι,
1646 853 1849 926 Κύριόν
1878 872 1937 909 τε

355 945 521 1000 αὑτοῦ
541 944 734 999 τοῦτον
761 946 1207 1018 ἀναγορεύοντος,
1237 947 1330 1002 καὶ
1361 945 1649 1020 σύνθρονον
1680 942 1822 1003 εἶναι
1842 947 1938 1002 τοῦ

352 1038 633 1092 ἁνωτάτου
649 1036 785 1091 Θεοῦ
807 1038 1194 1109 ὁμολογοῦντος
1222 1042 1279 1095 ἐν
1310 1039 1588 1112 ἑκατοστῷ
1618 1040 1712 1095 καὶ
1735 1039 1940 1112 ὲννάτῳ

352 1131 577 1204 ψαλμῷ,
607 1131 732 1185 καθ’
754 1133 815 1185 ὃν
846 1127 950 1187 ὧδὲ
983 1132 1102 1197 πώς
1145 1150 1340 1206 φησιν’
1376 1152 1395 1187 ι
1443 1133 1612 1189 Εἶπεν
1658 1136 1688 1189 ὁ
1736 1133 1939 1207 Κύριος

354 1222 434 1295 τῷ
468 1224 663 1295 Κυρίῳ
708 1240 843 1296 μου’
888 1223 1072 1279 Κάθου
1118 1226 1183 1279 ὲκ
1227 1223 1419 1290 δεξιῶν
1453 1243 1554 1297 μου
1602 1226 1707 1289 ἕως
1748 1224 1815 1280 ἂν
1861 1224 1939 1279 θῶ

352 1316 482 1378 τοὺς
505 1313 741 1386 ἐχθρούς
773 1331 867 1368 σου
899 1316 1187 1371 ὑποπόδιον
1212 1315 1321 1368 τῶν
1354 1314 1531 1369 ποδῶν
1565 1333 1676 1370 σου.
1716 1314 1937 1370 Ῥἀϐδον

346 1407 638 1478 δυνάμεως
658 1406 1008 1474 ἐξαποστελεῖ
1033 1425 1114 1462 σοι
1137 1407 1341 1480 Κύριος
1365 1410 1431 1462 ὲκ
1456 1406 1617 1470 Σιὼν,
1652 1407 1745 1462 καὶ
1772 1424 1940 1462 κατα·

346 1499 663 1573 κυριεύσεις
701 1502 760 1553 ὲν
808 1500 960 1572 μέσῳ
1003 1499 1114 1554 τῶν
1157 1500 1370 1573 ἐχθρῶν
1417 1516 1541 1555 σου*
1588 1499 1728 1572 μετὰ
1773 1499 1869 1554 σοῦ
1902 1502 1935 1572 ἡ

343 1591 495 1667 ἀρχὴ
527 1595 585 1647 ὲν
613 1592 797 1664 ἡμέρᾳ
820 1591 926 1662 τῆς
954 1589 1236 1664 δυνάμεώς
1264 1608 1379 1657 σου,
1411 1594 1469 1646 ὲν
1496 1594 1563 1663 τῇ
1594 1592 1936 1664 λαμπρότητι

342 1686 459 1739 τῶν
488 1684 661 1754 ἁγίων
690 1702 783 1739 σου
802 1701 818 1716 ’
838 1687 903 1739 ἐκ
929 1685 1167 1757 γαστρὸς
1192 1684 1301 1757 πρὸ
1332 1685 1644 1756 Ἑωσφόρου
1670 1685 1937 1756 ἐγέννησά

342 1794 431 1832 σε.
485 1779 691 1848 Ὠμοσε
738 1777 979 1850 Κύριος,
1019 1778 1115 1832 καὶ
1157 1777 1221 1831 ού
1270 1775 1810 1849 μεταμεληθήσεται,
1860 1777 1933 1831 Σὺ

2053 575 2232 633 Moses
2272 570 2675 646 posterioribus
2703 570 3041 641 temporibus
3066 569 3119 623 id
3153 569 3627 625 instituerit?Ca-

2049 656 2246 732 terum,
2297 665 2426 722 audi
2468 678 2618 719 nunc
2670 661 2868 718 lsaiam
2909 678 3130 733 quoque
3176 662 3250 717 ita
3295 662 3364 718 de
3404 661 3627 717 Christo

2045 758 2497 816 manifestissime
2538 764 2846 820 canentem,
2894 762 3155 826 tanquam
3204 755 3274 811 de
3324 770 3392 811 eo
3432 757 3527 828 qui
3570 764 3626 812 et

2046 853 2377 922 Redemptor
2409 861 2466 908 et
2509 850 2763 907 Salvator
2794 866 2823 905 a
2849 849 2961 905 Deo
2999 849 3072 905 sit
3100 848 3401 906 mittendus
3431 849 3499 904 ad
3527 850 3628 905 ho-

2043 947 2245 1011 mines,
2279 945 2484 1017 quique
2508 951 2775 999 venturus
2804 951 2867 998 ut
2886 942 3130 1013 captivas
3154 942 3366 998 animas
3389 948 3628 1013 gerent;-

2043 1039 2168 1103 hus,
2220 1037 2636 1100 liberationem,
2680 1043 2894 1091 mentes
2940 1048 3072 1089 vero
3100 1033 3428 1099 obcaecatas,
3469 1035 3625 1090 visus

2041 1128 2514 1200 recuperationem
2531 1125 2765 1182 nuntiet.
2783 1123 2940 1180 Hunc
2970 1124 3116 1180 enim
3138 1138 3334 1179 rursus
3361 1124 3625 1196 propheta

2039 1237 2149 1277 non
2183 1226 2504 1290 comparato
2531 1223 2837 1290 unguento,
2868 1214 2966 1272 sed
2994 1230 3060 1270 eo
3094 1216 3245 1286 quod
3268 1222 3511 1286 paternae
3539 1217 3625 1271 di-

2040 1314 2283 1371 vinitatis
2310 1313 2385 1370 sit
2407 1311 2709 1384 proprium,
2734 1317 2790 1366 et
2815 1310 2933 1366 sola
2966 1309 3323 1380 intelligentia
3350 1308 3624 1381 capiatur.

2039 1405 2319 1477 Deumque
2347 1408 2526 1476 ipsum
2554 1403 2788 1458 maxime
2807 1400 3021 1467 deceat,
3045 1400 3322 1457 Christum
3348 1401 3624 1458 exstitisse

2039 1499 2221 1560 docet.
2261 1497 2355 1569 qui
2402 1512 2512 1552 non
2553 1495 2622 1550 ab
2666 1493 3004 1557 hominibus,
3050 1492 3146 1548 sed
3191 1492 3260 1547 ab
3300 1493 3420 1565 ipso
3464 1492 3620 1550 Patre

2040 1600 2241 1648 unctus
2270 1592 2362 1648 sit.
2392 1590 2554 1661 176
2583 1587 2725 1653 Dicit
2749 1602 2880 1659 ergo
2912 1603 2977 1643 ex
3006 1586 3154 1643 illius
3181 1601 3444 1658 persona:
3466 1601 3484 1635 ι
3505 1586 3619 1660 Spi-

2038 1688 2182 1741 ritus
2225 1684 2445 1740 Domini
2496 1698 2661 1753 super
2702 1696 2811 1747 me,
2858 1688 3083 1752 propter
3122 1680 3267 1751 quod
3314 1682 3471 1736 unxit
3515 1699 3620 1750 me,

2038 1780 2414 1852 evangelizare
2444 1777 2780 1848 pauperibus
2808 1775 2959 1830 misit
2992 1790 3101 1840 me,
3137 1788 3332 1831 sanare
3354 1775 3621 1834 eontritos

337 1869 529 1943 ἱερεὺς
572 1871 655 1934 εἰς
685 1870 776 1924 τὸν
822 1869 992 1925 αἰῶνα
1025 1869 1164 1924 κατὰ
1187 1868 1286 1942 τὴν
1326 1867 1481 1934 τάξιν
1518 1868 1873 1939 Μελχισεδέκ.
1908 1886 1927 1920 ι

2034 1871 2222 1938 corde,
2254 1871 2557 1944 prtedicare
2577 1869 2813 1940 captivis
2849 1868 3254 1933 remissionem,
3275 1875 3327 1925 et
3359 1870 3521 1925 caecis
3544 1869 3622 1925 vi-

336 1960 459 2013 Καὶ
496 1958 595 2013 θέα
630 1976 717 2029 γε,
748 1961 824 2025 ὡς
857 1962 917 2014 ὲν
962 1961 1172 2024 τούτοις
1211 1958 1398 2024 Δαὸὶδ,
1438 1958 1687 2030 βασιλεὺς
1728 1957 1803 2011 ὣν
1831 1958 1926 2012 τοῦ

2043 1981 2166 2022 sum
2186 1965 2251 2019 ”.
2280 1983 2299 2016 ι
2320 1963 2564 2019 Primum
2594 1960 2757 2033 igitur
2781 1960 2886 2016 hoc
2909 1969 3188 2016 teneatur:
3220 1961 3438 2027 Isaiam,
3472 1963 3617 2019 sicut

337 2053 550 2117 παντὸς
586 2052 858 2125 Ἐϐραίων
892 2051 1097 2117 ἔθνους,
1137 2051 1233 2105 καὶ
1264 2049 1403 2121 πρὸς
1432 2051 1498 2120 τῇ
1538 2047 1788 2120 βασιλείᾳ
1811 2048 1927 2119 θείιε

2043 2054 2239 2120 David,
2272 2069 2435 2127 quem
2470 2059 2758 2117 venturum
2787 2052 2988 2109 dixerit
3012 2052 3079 2107 ad
3110 2052 3379 2121 homines,
3403 2062 3457 2109 et
3482 2072 3611 2127 prae

333 2145 626 2217 Πνεῦματι
652 2162 897 2217 κεκοσμη
906 2144 1085 2216 μένος,
1104 2141 1339 2197 τοιοῦτόν
1351 2158 1470 2195 τινα
1483 2140 1656 2211 μέγαν
1672 2140 1767 2193 καὶ
1779 2140 1881 2192 ὑπε
1888 2157 1927 2212 ρ

2050 2148 2363 2204 dicaturum
2401 2147 2636 2219 captivis
2674 2145 3079 2209 remissionem,
3120 2159 3185 2201 ac
3218 2145 3378 2203 caecis
3416 2147 3619 2213 visum,

334 2241 497 2311 ΨΜ
524 2240 831 2312 θαυμάσιον
857 2240 952 2293 τὸν
980 2237 1119 2310 πρὸς
1149 2235 1314 2291 αὑτοῦ
1344 2233 1699 2305 δηλούμενον,
1742 2232 1837 2287 καὶ
1862 2232 1927 2305 τᾷ

2040 2238 2189 2294 hunc
2222 2252 2333 2292 non
2372 2243 2694 2309 comparato
2732 2243 3035 2304 unguento,
3063 2234 3159 2290 sed
3189 2250 3256 2290 eo
3283 2236 3431 2306 quod
3464 2237 3620 2308 inge-

334 2328 616 2400 πνεύματι
670 2328 1045 2401 θεωρούμενον
1099 2324 1360 2391 συνεῖδεν,
1393 2323 1471 2389 ὡς
1522 2323 1728 2396 Κύριον
1774 2323 1927 2379 αὑτὸν

2039 2330 2168 2386 uitae
2190 2338 2541 2401 paternasque
2567 2333 2735 2398 atque
2760 2326 2910 2382 omni
2938 2325 3182 2380 bonitate
3214 2323 3428 2384 refertae
3446 2327 3622 2382 virtu-

330 2419 539 2474 ἑαυτοῦ
558 2423 901 2492 προσειπεῖν.
918 2438 936 2471 ι
958 2416 1095 2478 Eius
1134 2437 1154 2469 ι
1172 2417 1304 2490 γάρ,
1323 2416 1479 2489 φησὶ,
1509 2434 1529 2469 ι
1554 2417 1746 2488 Κυρίῳ
1760 2433 1885 2488 μου.
1911 2434 1927 2468 ι

2038 2423 2108 2477 tis
2131 2422 2205 2478 sit
2230 2421 2535 2493 proprium,
2559 2420 2837 2477 Christum
2867 2416 3165 2482 exstitisse,
3189 2417 3504 2472 vaticinari.
3540 2417 3620 2475 Ex

345 2512 516 2567 Ἀλλά
537 2513 633 2566 καὶ
662 2511 879 2567 αἰώνιον
902 2512 1062 2566 αὑτὸν
1102 2509 1364 2583 ἀρχιερέα
1384 2505 1515 2572 οἶδε,
1546 2508 1641 2562 καί
1667 2507 1818 2580 ἰερέα
1837 2505 1934 2562 τοῦ

331 2604 477 2681 Θεοῦ
501 2604 597 2659 τοῦ
619 2604 869 2675 ὑψίστου,
886 2605 979 2659 καὶ
997 2604 1286 2675 σύνθρονον
1305 2600 1401 2656 τοῦ
1422 2602 1516 2656 ἐπὶ
1531 2600 1748 2655 πάντων
1772 2598 1931 2662 Θεοῦ,

330 2697 435 2751 καὶ
453 2696 704 2769 γέννημα
726 2695 915 2751 αὑτοῦ.
940 2696 1075 2767 Δίχα
1092 2694 1150 2749 δὲ
1167 2694 1401 2767 χρίσεως
1425 2692 1688 2748 ἀδύνατον
1711 2687 1781 2764 ἦν
1800 2690 1932 2764 παρ’

341 2789 628 2863 Ἑϐραίοις
665 2788 914 2861 ἱερᾶσθαι
962 2788 1042 2860 τῷ
1088 2787 1241 2859 Θεῷ·
1299 2788 1492 2860 διόπερ
1536 2787 1633 2841 καὶ
1677 2787 1934 2861 χριστοὺς

328 2880 624 2953 ὀνομάζειν
657 2881 858 2945 αὐτοὺς
907 2879 1115 2944 πάντας
1150 2874 1220 2952 ἦν
1267 2880 1451 2944 αὑτοῖς
1492 2880 1665 2951 φίλον.
1695 2877 1931 2950 Χριστὸς

326 2975 446 3046 ἄρα
476 2973 573 3027 καὶ
611 2974 642 3027 ὁ
679 2974 739 3026 ὲν
775 2972 855 3045 τῷ
899 2971 1099 3044 ψαλμῷ
1136 2971 1468 3043 δηλούμενος
1499 2972 1680 3045 ἰερεὺς
1712 2971 1796 3043 εἴη
1839 2969 1925 3024 ἄν.

326 3062 463 3127 Πῶς
488 3061 601 3136 γὰρ
630 3061 985 3135 ἐμαρτυρήθη
1016 3062 1195 3134 ἱερεὺς
1210 3058 1372 3126 εἶναι,
1407 3061 1482 3135 μὴ
1508 3062 1631 3132 οὑχὶ
1662 3060 1929 3135 πρότερον

327 3154 572 3228 Χριστὸς
597 3154 872 3225 γεγονώς;
924 3154 1084 3210 ’Δλλά
1132 3156 1225 3211 καὶ
1255 3156 1334 3220 εἰς
1368 3156 1459 3211 τὸν
1501 3156 1673 3211 αἰῶνα
1712 3155 1928 3227 λέγεται

326 3248 612 3341 ἱερᾶσθαι.
664 3247 849 3341 Τοῦτο,
877 3247 1135 3341 δὀὑκέτ
1186 3247 1503 3341 ἀνθρωπεία
1548 3250 1707 3341 φύσει
1751 3250 1926 3323 ἐφαρ-
1955 3282 1997 3341 c

328 3341 525 3413 μόττοι
558 3339 646 3394 ἀν.
683 3339 758 3394 υὺ
790 3338 901 3412 γὰρ
923 3338 1213 3412 ἀνθρώπου
1248 3340 1310 3395 τὸ
1340 3340 1663 3407 διαιωνίζειν
1685 3381 1700 3405 ,
1741 3343 1926 3415 ἐπειδὴ

322 3435 528 3506 θνητὸν
552 3434 652 3488 καὶ
690 3433 956 3506 ἐπίκηρον
998 3434 1060 3489 τὸ
1092 3435 1212 3490 καθ’
1254 3437 1404 3507 ἡμᾶς
1443 3435 1618 3505 γένος.
1650 3438 1927 3509 Κρείττων

323 3529 444 3601 ἄρα
469 3544 555 3592 τις
578 3527 613 3596 ἢ
644 3528 769 3581 κατ’
792 3526 1078 3599 ἄνθρωπον
1111 3529 1141 3582 ὁ
1174 3527 1503 3600 δηλούμενος
1528 3524 1596 3600 ἦν
1623 3530 1681 3583 ὲν
1714 3529 1927 3595 τούτοις

326 3620 516 3690 ἱερεὺς
549 3617 647 3673 τοῦ
685 3617 824 3673 Θεοῦ
868 3618 1004 3690 μετά
1049 3619 1214 3691 ὅρκου
1255 3618 1690 3685 διαϐεϐαιὼσεως
1723 3621 1924 3695 διαρκῆ

322 3712 431 3767 καὶ
456 3710 689 3784 ἄπειρον
725 3710 824 3783 τὴν
865 3710 1163 3784 ἱερωσύνην
1193 3712 1346 3785 παρά
1370 3711 1465 3766 τοῦ
1502 3712 1639 3768 Θεοῦ
1671 3714 1926 3786 δεδεγμέ-

323 3822 452 3869 νος·
479 3824 500 3856 ε
527 3805 734 3875 Ὠμοσε
755 3823 773 3855 ι
791 3804 924 3875 γὰρ,
947 3802 1104 3876 φησι,
1127 3822 1146 3855 ι
1175 3804 1401 3877 Κύριος,
1420 3805 1511 3860 καὶ
1531 3806 1592 3859 ού
1611 3806 1923 3878 μεταμελη-

324 3898 596 3970 θήσεται,
628 3898 701 3950 Σὺ
756 3898 937 3969 ἱερεὺς
983 3900 1066 3960 εἰς
1105 3897 1198 3951 τδν
1233 3896 1406 3952 αἰῶνα
1443 3898 1584 3953 κατά
1625 3898 1724 3971 τὴν
1769 3899 1922 3966 τάξιν

290 4040 295 4045 .
327 3989 697 4061 Μελχισεδέκ.
726 4006 746 4040 ι
783 3987 1001 4061 Ἐπειδὴ
1023 3987 1133 4061 γάρ
1161 3988 1255 4043 τὸν
1298 3989 1639 4061 Μελχισεδὲκ
1658 3991 1687 4043 ό
1714 3992 1921 4062 Μωσῆς

324 4082 487 4157 ἰερέα
517 4082 617 4137 τοῦ
647 4080 784 4136 Θεοῦ
848 4080 1073 4151 ὑψίστου
1103 4081 1379 4151 γεγονέναι
1413 4082 1633 4154 ἱστορεῖ,
1669 4082 1730 4137 οὑ
1763 4082 1921 4154 μύρῳ

326 4174 621 4247 σκευαπῷ
657 4174 1052 4248 κεχρισμένον,
1086 4173 1221 4229 πολὺ
1257 4173 1522 4247 πρότερόν
1551 4191 1613 4227 τε
1649 4175 1748 4246 τῆς
1798 4177 1918 4229 κατ’

324 4268 498 4323 αὑτὸν
526 4268 850 4340 νομοθεσίας
895 4267 1185 4339 γενόμενον
1208 4266 1358 4341 ἰερέα
1376 4266 1472 4321 τοῦ
1499 4265 1637 4321 Θεοῦ
1666 4266 1915 4337 ὑψίστου,

322 4362 425 4414 καὶ
449 4360 595 4414 κατά
630 4359 766 4414 πολὺ
799 4360 1085 4432 κρείττονα
1109 4360 1209 4431 τὴν
1235 4358 1438 4432 ἀρετὴν
1459 4358 1553 4413 τοῦ
1583 4358 1744 4431 βεϐοη
1753 4358 1915 4430 μένου

2035 2512 2277 2584 quadam
2308 2528 2440 2569 vero
2466 2511 2789 2583 prophetica
2831 2509 3255 2575 consuetudine,
3293 2509 3440 2580 quod
3472 2509 3619 2565 futu-

2036 2620 2158 2659 rum
2188 2611 2296 2670 est,
2346 2604 2613 2675 propheta
2655 2601 2816 2673 quasi
2856 2601 3194 2671 praeteritum
3239 2602 3514 2667 enuntiat,
3562 2612 3617 2658 et

2034 2706 2296 2768 tanquam
2326 2696 2396 2753 de
2421 2696 2603 2766 seipse
2629 2696 2964 2751 vaticinante
2995 2694 3292 2767 signiﬁcat.
3338 2695 3618 2753 Hactenus

2032 2789 2221 2860 igitur,
2248 2803 2345 2844 eos
2384 2788 2479 2858 qui
2517 2786 2590 2843 ab
2626 2786 2747 2858 ipso
2788 2786 2900 2843 Deo
2930 2795 2986 2843 et
3018 2802 3129 2842 non
3161 2786 3231 2842 ab
3271 2786 3612 2852 hominibus.

2033 2889 2087 2935 et
2125 2880 2320 2952 spiritu
2353 2878 2563 2945 divino,
2595 2894 2706 2935 non
2728 2878 2982 2936 confecto
3021 2880 3143 2934 oleo
3174 2888 3533 2951 ungerentur,
3557 2896 3618 2937 re

2031 2989 2160 3031 vera
2193 2974 2435 3030 christos
2462 2971 2735 3028 nominari
2766 2971 3088 3031 didicimus.
3119 2970 3226 3027 Sed
3252 2972 3366 3041 jam
3400 2981 3617 3044 tempus

2030 3074 2113 3125 est
2163 3075 2226 3122 ut
2265 3065 2589 3131 videamus,
2633 3062 3100 3135 quemadmodum
3153 3063 3339 3119 divina
3381 3066 3615 3136 quadam

2030 3160 2254 3226 virtute,
2288 3169 2343 3216 et
2380 3157 2765 3230 praestantiore
2794 3172 2958 3229 quam
2986 3165 3185 3212 natura
3213 3156 3454 3211 hominis
3488 3156 3616 3221 fert,

2029 3267 2218 3308 verum
2250 3250 2343 3307 Dei
2378 3250 2664 3307 Christum
2704 3249 2995 3316 exsistere,
3028 3246 3301 3304 Hebraica
3337 3248 3479 3303 ratio
3516 3248 3616 3302 do-

2029 3352 2170 3400 ceat.
2204 3342 2348 3398 Audi
2377 3357 2511 3413 ergo
2532 3355 2732 3396 rursus
2762 3338 2957 3404 David,
2983 3338 3079 3410 qui
3116 3348 3383 3395 aeternum
3418 3355 3614 3413 quem-

2029 3435 2154 3491 dam
2189 3434 2536 3492 sacerdotem
2584 3434 2791 3490 vidisse
2832 3448 2893 3489 se
2935 3433 3037 3499 ait,
3077 3442 3243 3505 atque
3259 3434 3406 3490 hunc
3430 3433 3615 3489 Domi-

2027 3544 2159 3583 num
2213 3543 2372 3585 suum
2421 3527 2681 3598 appellat,
2716 3534 2771 3582 et
2801 3525 2997 3583 sedere
3044 3527 3295 3582 eumdem
3341 3542 3466 3581 cum
3502 3524 3614 3579 Deo

2025 3616 2189 3674 Patre
2213 3618 2528 3681 conﬁtetur,
2551 3618 2608 3672 in
2644 3618 2860 3689 psalmo
2883 3632 2996 3683 (ιιι,
3029 3617 3122 3672 ubi
3164 3616 3245 3673 sic
3277 3617 3415 3672 ait“
3441 3636 3455 3672 :
3479 3637 3498 3669 ι
3522 3614 3613 3670 Di-

2026 3711 2107 3765 xit
2152 3710 2420 3766 Dominus
2466 3708 2700 3765 Domino
2728 3723 2853 3764 meo
2887 3727 2901 3763 :
2943 3707 3083 3764 Sede
3127 3722 3158 3763 a
3202 3708 3412 3765 dextris
3451 3712 3611 3770 meis.

2023 3803 2201 3859 donec
2241 3818 2441 3874 ponam
2472 3802 2732 3859 inimicos
2765 3809 2893 3858 tuos
2936 3801 3236 3858 scabellum
3257 3801 3458 3873 pedum
3490 3809 3613 3857 tuo—

2025 3910 2168 3950 rum.
2203 3893 2426 3966 Virgam
2460 3894 2681 3950 virtutis
2707 3892 2923 3949 emittet
2948 3892 3045 3949 tibi
3074 3890 3339 3948 Dominus
3356 3908 3423 3948 ex
3453 3891 3606 3958 Sion,

2020 3997 2076 4045 et
2095 3988 2465 4043 dominaberis
2486 3989 2541 4042 in
2560 3987 2739 4043 medio
2771 3986 3121 4041 inimicorum
3145 3996 3395 4054 tuorum;
3429 3996 3608 4043 tecum

2022 4079 2353 4151 principium
2384 4080 2440 4134 in
2473 4079 2564 4135 die
2582 4078 2802 4134 virtutis
2833 4085 2962 4141 tuae,
2989 4077 3042 4131 in
3068 4077 3456 4148 splendorihus
3480 4096 3605 4135 san-

2020 4179 2235 4226 ctorum
2256 4178 2501 4236 tuorum,
2537 4187 2606 4226 ex
2643 4180 2798 4225 utero
2823 4177 2951 4224 ante
2980 4168 3295 4224 Luciferum
3323 4171 3484 4242 genui
3513 4181 3565 4228 te
3590 4190 3608 4228 :

2013 4263 2223 4331 juravit
2248 4262 2534 4326 Dominus,
2558 4269 2616 4317 et
2644 4276 2754 4316 non
2790 4261 3079 4330 pmnitebit
3106 4280 3125 4315 :
3162 4266 3221 4315 tu
3250 4277 3313 4318 es
3348 4264 3609 4320 sacerdos

2020 4357 2076 4412 in
2117 4366 2386 4412 aeternum
2424 4356 2729 4412 secundum
2766 4352 3015 4409 ordinem
3057 4352 3440 4409 Melchisedec.
3490 4375 3507 4408 ι
3541 4355 3608 4411 Ει

336 4448 631 4521 Ἁϐραάμ·
672 4448 820 4518 λέγει
846 4449 892 4503 δ’
926 4446 1053 4504 οὖν’
1096 4469 1116 4501 ι
1143 4450 1253 4503 Καὶ
1292 4450 1625 4521 Μελχισεδὲκ
1663 4448 1916 4521 βασιλεὺς

2029 4463 2151 4505 sane
2193 4449 2406 4519 inspice
2450 4445 2914 4519 quemadmodum
2954 4445 3010 4501 in
3053 4445 3140 4501 his
3174 4447 3361 4504 verbis
3402 4446 3602 4509 David,

324 4540 524 4613 Σαλημ
544 4582 561 4607 ,
612 4541 793 4614 ἱερεὺς
848 4541 944 4595 τοῦ
990 4541 1125 4596 Θεοῦ
1191 4541 1417 4613 ὑψίστου
1437 4581 1453 4606 ,
1509 4542 1769 4613 εὑλόγησε
1821 4543 1912 4599 τὸν

2029 4541 2113 4612 qui
2157 4539 2328 4596 totius
2365 4538 2654 4595 Hebraicaa
2684 4537 2863 4609 gentis
2893 4550 2991 4593 rex
3025 4545 3168 4604 erat,
3202 4546 3258 4594 et
3286 4548 3485 4610 praeter
3514 4554 3604 4594 re-

336 4633 636 4705 ’Λεραάμο
667 4653 686 4684 ι
737 4633 907 4705 χωρὶς
951 4633 1009 4687 δὲ
1062 4634 1243 4706 πάσης
1299 4634 1637 4704 ἀντιλογίας,
1682 4637 1847 4708 φησὶν
1889 4639 1919 4693 ὁ

2029 4633 2198 4704 galem
2248 4630 2571 4703 dignitatem
2635 4631 2802 4686 etiam
2859 4630 3046 4687 divino
3092 4629 3304 4703 Spiritu
3349 4641 3600 4695 ornatus,

331 4725 686 4790 ’Δπύστολος,
720 4725 783 4779 τὸ
804 4724 1022 4779 ἔλαττον
1046 4724 1153 4778 ὑπὸ
1191 4723 1285 4779 τοῦ
1325 4724 1632 4797 κρείττονος
1671 4725 1911 4796 εὐλογεῖ-

320 4832 447 4870 ται’
478 4815 609 4869 ἐπεὶ
646 4815 824 4868 τοίνυν
868 4816 962 4869 καὶ
998 4816 1030 4868 ὁ
1073 4815 1441 4888 Μελχισεδὲκ,
1489 4816 1640 4882 ὅστις
1683 4817 1813 4872 ποτε
1842 4813 1912 4888 ἦν

322 4913 556 4975 ικεῐνος,
575 4908 822 4972 τοιοῦτος
841 4910 1111 4981 εἰσῆκται,
1133 4911 1195 4964 ού
1227 4912 1509 4984 σκευαστῷ
1540 4913 1697 4985 μύρῳ
1727 4931 1913 4987 κεχρι-

324 5005 547 5076 σμένος,
581 5002 877 5075 ίερωμένος
900 5002 960 5057 δὲ
979 5003 1060 5075 τῷ
1094 5003 1305 5075 ὑψίστῳ
1332 5001 1471 5076 Θεῷ,
1502 5006 1728 5070 εἰκότως
1755 5008 1851 5061 καὶ
1881 5008 1911 5061 ὁ

318 5094 415 5149 διὰ
434 5092 533 5148 τοῦ
565 5092 732 5148 Δαδὶδ
753 5092 1229 5165 προφητευὸμενος
1251 5093 1392 5148 κατὰ
1415 5093 1513 5166 τὴν
1531 5096 1684 5162 τάξιν
1711 5097 1912 5168 Μελχισ-

324 5189 484 5242 σεδὲκ
508 5186 795 5262 ἀνείρηται
824 5187 996 5258 μέγας
1023 5203 1109 5251 τις
1130 5185 1208 5241 ὣν
1239 5187 1333 5240 καί
1360 5187 1569 5252 πάντας
1598 5188 1908 5261 ὑπρόεὸηα

325 5280 440 5346 κὼς
617 5281 814 5352 φύσιν,
844 5281 921 5344 ὡς
964 5281 1031 5335 ἂν
1080 5279 1259 5353 ἰερεὺς
1302 5279 1377 5334 ὢν
1409 5279 1503 5335 τοῦ
1548 5281 1642 5336 ἐπὶ
1691 5283 1910 5338 πάντων

321 5373 482 5439 Θεοῦ,
511 5376 608 5429 καὶ
638 5374 739 5445 τῆς
766 5375 1062 5447 ἀγεννήτου
1086 5360 1369 5445 δυνάμεως
1402 5373 1711 5446 σύνθρονος,
1732 5374 1826 5429 τοῦ
1847 5393 1906 5429 τε

326 5469 604 5541 προφήτου
664 5467 760 5520 καὶ
821 5466 1085 5539 βασιλέως
1123 5466 1328 5538 Κύριος
1351 5482 1364 5496 ο
1417 5467 1512 5520 καὶ
1570 5467 1753 5539 ίερεὺς
1810 5468 1908 5539 οὑχ

325 5560 537 5624 ἁπλῶς,
576 5559 696 5615 ἀλλ’
737 5559 967 5623 ιίωνίως
1012 5562 1106 5615 τοῦ
1159 5558 1392 5632 Πατρός.
1430 5558 1594 5627 Λέγει
1634 5560 1693 5614 δὲ
1739 5562 1833 5616 καὶ
1880 5564 1910 5615 ὁ

324 5650 464 5716 θεῖος
486 5652 810 5717 ἀπόστολος,
824 5651 1092 5717 ἐξετάζων
1117 5652 1184 5706 τὰ
1210 5651 1349 5707 κατὰ
1363 5652 1489 5717 τοὺς
1514 5652 1712 5718 τόπους
1730 5670 1743 5684 θ
1777 5673 1795 5705 ι
1820 5655 1910 5708 Ἕν

398 5748 441 5779 ⁸³
483 5751 593 5805 lsa.
625 5763 741 5812 ιιι,
771 5748 822 5802 l.
899 5750 944 5781 “
976 5747 1127 5804 Vers.
1155 5750 1261 5803 i4.

2016 4725 2301 4799 agnoverit
2345 4723 2638 4796 quemdam
2688 4723 2763 4778 ita
2810 4739 3092 4796 magnum,
3136 4730 3299 4795 atque
3336 4724 3412 4778 ita
3436 4740 3604 4797 supra

2019 4819 2244 4883 modum
2275 4816 2816 4883 admirabilem,eum
2838 4817 3026 4887 utique
3046 4814 3112 4870 de
3140 4830 3251 4886 quo
3279 4814 3395 4886 ipse
3424 4814 3604 4887 loqui-

2020 4919 2132 4975 tur,
2165 4919 2219 4966 et
2243 4925 2403 4982 quem
2441 4908 2496 4964 in
2526 4908 2725 4979 spiritu
2754 4906 2988 4973 viderat,
3020 4914 3081 4962 ut
3115 4904 3406 4961 Dominum
3449 4906 3601 4962 illum

2017 5018 2177 5058 suum
2221 5002 2476 5073 appellet.
2507 5019 2525 5051 c
2573 4999 2721 5054 Dixit
2771 5018 2791 5051 ›
2840 4999 3022 5064 enim,
3065 4998 3280 5069 inquit,
3312 5015 3332 5050 ι
3369 4998 3605 5055 Domino

2015 5110 2158 5150 meo.
2184 5114 2209 5147 δ
2233 5094 2375 5161 Quin
2394 5093 2558 5150 etiam
2580 5092 2894 5164 pontiﬁcem
2933 5101 3194 5147 aaternum
3230 5091 3482 5147 eumdem
3516 5094 3572 5147 in
3597 5127 3603 5135 -

2015 5188 2229 5260 telligit,
2260 5194 2315 5241 et
2342 5188 2683 5249 sacerdotem
2712 5184 2807 5242 Dei
2842 5174 3117 5248 altissimi,
3141 5191 3197 5239 et
3217 5199 3606 5243 consessorem

2017 5279 2115 5336 Dei
2144 5279 2326 5335 Patris
2357 5288 2412 5334 et
2439 5279 2649 5349 prolem
2685 5277 2954 5349 ejusdem.
2988 5274 3155 5349 Atqui
3188 5276 3309 5332 sine
3341 5277 3600 5332 unctione

2017 5373 2136 5429 ﬁeri
2165 5372 2427 5429 sacerdos
2468 5372 2562 5427 Dei
2595 5371 2739 5442 apud
2769 5369 3033 5426 Hebraeos
3056 5383 3221 5425 nemo
3245 5384 3477 5441 prorsus
3503 5385 3600 5440 po-

2012 5472 2189 5532 terat;
2221 5463 2481 5535 quocirea
2508 5463 2633 5519 illos
2653 5478 2844 5519 omnes
2859 5461 3145 5517 nominare
3166 5460 3407 5516 christos
3435 5459 3587 5516 iidezr

2017 5560 2251 5616 libenter
2310 5565 2722 5613 consueverunt
2770 5573 2783 5608 :
2828 5554 3086 5611 Christus
3146 5567 3278 5624 ergo
3336 5552 3501 5608 etiam
3549 5550 3601 5605 is

2016 5652 2205 5722 utique
2270 5650 2340 5705 de
2391 5665 2503 5720 quo
2549 5649 2791 5720 loquitur
2849 5648 3096 5720 psalmus
3162 5642 3423 5702 sacerdos
3467 5643 3595 5696 erit.

401 5838 501 5912 (ιγ
527 5844 875 5908 Ανθρωπον.
902 5836 1064 5893 Forte
1096 5838 1512 5911 avepcbzmvﬂel
1538 5838 1895 5911 ἀνθρώπειον,
1920 5850 1927 5888 ι

2029 5834 2172 5888 ιοιιΙο
2199 5832 2367 5888 infra.
2404 5830 2564 5889 Eutr.

644 5936 918 5996 Pauor.
962 5933 1079 5994 Gn.
1126 5933 1330 5994 XXII.

3202 5925 3281 5987 10
