4120 6420
507 340 615 395 299

1186 336 1458 393 EUSEBII
1485 334 1979 392 CESARIENSIS
2024 336 2173 391 OPP.
2208 334 2412 392 PARS.
2445 336 2595 391 ll.--—
2635 337 3137 396 APOLOGETICA.

3669 345 3781 403 300.

518 451 676 529 177
707 455 992 523 Quomodo
1027 455 1172 510 enim
1212 454 1529 510 testimonio
1574 454 1857 525 prophetae
1907 469 2086 509 sacer-

2193 446 2238 523 ᾧ
2286 455 2672 528 περισσότερον
2731 455 3055 527 βουλόμενος
3085 457 3115 511 6
3154 456 3287 520 Θεὸς
3344 456 3607 522 ἐπιδεῖξαι
3662 462 3778 525 τοῖς

512 546 616 605 dos
646 564 769 604 esse
803 547 1099 610 diceretur,
1132 546 1240 601 nisi
1273 546 1415 602 idem
1458 546 1613 618 prius
1646 545 1904 602 Christus
1925 546 2094 602 exsti-

511 640 712 697 tisset?
746 638 853 695 Sed
881 639 1045 694 etiam
1073 638 1129 693 in
1157 646 1422 693 aeternum
1473 636 1731 694 sacerdos
1780 653 1905 694 esse
1953 638 2093 693 dici-

512 741 626 791 tur.
653 733 826 789 Porro
856 733 962 788 hoc
990 731 1227 803 amplius
1250 739 1462 786 natura:
1496 731 1750 786 humanae
1782 744 2092 786 accommo-

510 826 631 882 dari
675 838 787 879 non
828 829 1010 894 potest
1058 841 1073 877 :
1132 837 1312 892 neque
1354 821 1500 876 enim
1546 821 1786 878 hominis
1825 827 2090 876 aeternum

510 917 734 981 durare,
766 916 1027 987 quoniam
1061 913 1295 969 mortale
1322 922 1377 968 et
1421 911 1615 984 fragile
1650 913 1812 983 plane
1841 918 2091 968 nostrum

507 1018 593 1066 est
625 1024 819 1080 genus.
856 1007 1225 1062 Excellentior
1258 1021 1391 1076 ergo
1416 1005 1688 1076 quispiam
1723 1019 1888 1075 quam
1920 1011 1981 1058 ut
2014 1004 2093 1058 in-

509 1109 595 1155 tra
629 1099 869 1154 hominis
902 1106 1155 1152 naturam
1181 1097 1461 1153 consistat
1490 1097 1559 1160 is,
1585 1096 1678 1165 qui
1706 1095 1759 1149 in
1790 1095 1876 1151 his
1905 1094 2092 1151 verbis

509 1192 877 1265 signiﬁcatur,
930 1191 1026 1245 Dei
1077 1189 1340 1247 sacerdos
1386 1191 1512 1254 erit,
1554 1189 1810 1259 quicum
1859 1188 2092 1259 jurisju-

502 1285 667 1342 randi
697 1283 1081 1347 afﬁrmatione,
1125 1290 1391 1354 perpetuo
1419 1281 1748 1337 duraturum
1778 1290 1941 1351 atque
1967 1281 2093 1336 iuti-

507 1377 682 1431 nitum
702 1374 1065 1430 sacerdotium
1085 1387 1116 1426 a
1141 1371 1249 1427 Deo
1272 1371 1561 1442 acceperit.
1587 1389 1605 1423 ι
1634 1370 1847 1427 Iuravit
1876 1391 1893 1425 ι
1919 1371 2087 1436 enim,

508 1467 709 1540 inquit,
735 1486 753 1519 ι
782 1466 1068 1531 Dominus,
1102 1475 1158 1521 et
1192 1480 1300 1519 non
1333 1465 1619 1535 pmnitebit
1642 1480 1802 1521 eum:
1825 1472 1881 1519 tu
1911 1479 1973 1519 es
2002 1480 2091 1520 sa-

506 1561 706 1618 cerdos
737 1561 791 1615 in
844 1567 1108 1616 mternum
1153 1558 1456 1613 secundum
1510 1557 1757 1613 ordinem
1804 1559 2089 1615 Melchise-

498 1654 659 1710 'dec.:
698 1672 716 1707 ι
755 1652 1016 1723 quoniam
1050 1652 1195 1706 enim
1231 1649 1593 1707 Melchisedec
1621 1651 1802 1709 Moses
1831 1651 2089 1709 sacerdo-

499 1755 614 1801 tem
656 1744 752 1800 Dei
794 1744 1049 1799 altissimi
1097 1742 1267 1801 fuisse
1301 1744 1605 1801 conscribit
1629 1744 1698 1809 ’⁸,
1735 1744 1886 1798 nullo
1918 1742 2090 1799 artiﬁ-

2194 548 2551 621 κληρονόμοις
2581 549 2644 603 τὸ
2666 550 3000 621 ἀμετάθετον
3032 550 3131 622 τῆς
3162 548 3354 622 βουλῆς
3373 550 3561 614 αὑτοῦ,
3592 551 3781 622 ἐμεσί-

2193 657 2384 693 τευσεν
2409 640 2576 712 ὅρκῳ,
2599 639 2686 695 ῐνα
2716 641 2805 695 διὰ
2823 640 2918 696 δύο
2948 641 3290 714 πραγμάτων
3318 641 3688 712 ἀμεταθέτων,
3714 643 3783 697 ὲν

2193 727 2274 799 οἷς
2309 733 2567 787 ἀδύνατον
2617 733 2921 804 ψεύσασθαι
2958 734 3090 788 Θεὸν
3108 775 3122 800 ,
3173 732 3396 805 ἰσχυράν
3431 733 3778 806 παράκλησιν

2193 827 2438 900 ἔχωμεν·
2484 848 2503 881 ι
2537 830 2632 883 καὶ
2670 829 2830 884 πάλιν
2855 846 2868 860 ο
2900 849 2918 882 ι
2942 831 3004 884 Οἱ
3056 829 3155 901 μὲν
3205 829 3374 900 χωρὶς
3430 826 3780 900 ὁρκωμοσίας

2193 922 2331 976 εἱσὶν
2369 923 2534 995 ἱερεῖς
2575 921 2893 992 γεγονότες,
2925 923 2954 975 6
2999 922 3055 975 δὲ
3090 923 3183 975 καὶ
3219 920 3357 991 μετά
3389 919 3775 992 ὁρκωμοσίας,

2192 1013 2283 1069 διὰ
2343 1014 2438 1069 τοῦ
2481 1014 2732 1084 λέγοντος
2770 1015 2915 1087 πρὸς
2948 1014 3110 1068 αὑτὸν
3130 1031 3143 1043 ⁸
3175 1015 3377 1085 Ὠμοσε
3424 1011 3649 1084 Κύριος,
3680 1012 3779 1067 καὶ

2192 1105 2252 1158 οὐ
2290 1102 2822 1177 μεταμεληθήσεται,
2863 1105 2936 1160 Σὺ
2977 1105 3155 1176 ἱερεὺς
3186 1106 3266 1168 εἰς
3297 1104 3389 1157 τὸν
3430 1102 3599 1157 αἰῶνα
3632 1101 3779 1157 κατά

2191 1198 2289 1270 τὴν
2313 1197 2466 1265 τάξιν
2499 1199 2856 1271 Μελχισεδέκ.
2885 1200 2997 1254 Καὶ
3035 1201 3086 1252 οἱ
3119 1197 3220 1270 μὲν
3250 1196 3493 1261 πλείονές
3536 1197 3643 1249 εἱσι
3676 1211 3775 1265 γε-

2192 1290 2408 1360 γονότες
2457 1293 2621 1364 ἱερεῖς
2658 1291 2746 1346 διὰ
2798 1292 2861 1346 τὸ
2911 1291 3124 1363 θανάτῳ
3170 1288 3473 1344 κωλύεσθαι
3517 1288 3775 1359 παραμέ-

2193 1399 2332 1454 νειν·
2359 1384 2388 1436 6
2418 1382 2497 1446 δὲ,
2532 1382 2622 1437 διὰ
2653 1383 2715 1438 τὸ
2755 1384 2935 1455 μένειν
2970 1382 3132 1437 αὑτὸν
3174 1384 3253 1447 εἰς
3292 1381 3384 1434 τὸν
3416 1379 3607 1443 αἰῶνα,
3634 1380 3779 1432 ἀπα-

2195 1474 2426 1546 ράϐατον
2452 1475 2564 1547 ἔχει
2596 1476 2696 1548 τὴν
2735 1474 3065 1549 ἱερωσύνην·
3098 1473 3221 1528 ὅθεν
3250 1474 3343 1527 καὶ
3374 1471 3567 1536 σώζειν
3608 1471 3687 1534 εἱς
3713 1469 3778 1525 τὸ

2192 1565 2453 1631 παντελὲς
2484 1566 2706 1622 δύναται
2733 1568 2861 1631 τοὺς
2907 1567 3378 1641 προσερχομένους
3410 1566 3475 1620 δι’
3505 1564 3668 1619 αὑτοῦ
3694 1563 3775 1636 τῷ

2190 1655 2330 1727 Θεῷ,
2362 1658 2592 1711 πάντοτε
2631 1656 2740 1724 ζῶν
2773 1661 2852 1724 εἰς
2889 1659 2950 1712 τὸ
2977 1659 3324 1730 ἐντυγχάνειν
3358 1659 3498 1732 ὑπὲρ
3524 1656 3724 1713 αὐτῶν.
3749 1675 3770 1710 ι

2191 1746 2290 1800 Διά
2321 1748 2524 1804 τούτων
2558 1751 2785 1824 συνέστη
2824 1752 2923 1823 μὲν
2950 1747 3086 1805 οὖσά
3130 1768 3214 1815 τις
3253 1753 3313 1805 ὲν
3354 1754 3465 1815 τοῖς
3490 1747 3632 1816 οὖσι,
3680 1748 3779 1805 καὶ

502 1839 658 1894 cioso
700 1846 980 1908 unguento
1022 1838 1332 1900 inunctum,
1378 1846 1433 1893 et
1461 1837 1630 1893 multo
1667 1843 1794 1891 ante
1838 1837 1984 1909 leges
2019 1836 2086 1891 ab

2190 1841 2480 1910 ὑφεστῶσα
2508 1844 2566 1897 ὲν
2618 1846 2831 1916 νοητοῖς
2875 1843 2996 1898 θεία
3031 1844 3291 1916 δύναμις,
3328 1847 3361 1915 ή
3409 1843 3487 1915 τῷ
3514 1842 3633 1915 Θεῷ
3663 1842 3776 1899 τῶν

504 1930 627 2002 ipso
666 1930 904 2001 scriptas
926 1945 992 1985 eo
1024 1944 1253 1984 munere
1287 1929 1561 1993 functum,
1598 1943 1664 1983 ac
1691 1928 1894 1984 virtute
1926 1929 2085 2000 longe

502 2025 944 2095 prazstamiorem
1004 2022 1099 2076 illo
1151 2029 1263 2077 tam
1316 2022 1610 2077 decantato
1656 2021 1934 2075 Abraham
1982 2022 2086 2089 (sic

503 2117 646 2172 enim
680 2116 775 2177 ait,
808 2135 825 2167 ι
862 2124 916 2171 et
941 2114 1304 2172 Melchisedec
1334 2131 1429 2170 rex
1464 2113 1667 2179 Salem,
1701 2116 1959 2171 sacerdos
1992 2114 2085 2171 Dei

502 2208 759 2264 altissimi
802 2207 1091 2263 'benedixit
1120 2206 1397 2277 Abraham
1444 2206 1540 2263 ’σε
1598 2225 1617 2258 ι
1664 2207 1935 2278 planeque
1968 2208 2087 2264 sine

501 2300 653 2358 omni
686 2303 1087 2364 controversia,
1118 2301 1420 2371 Apostolus
1449 2300 1525 2354 ait
1558 2301 1622 2365 ⁸⁷,
1668 2300 1811 2371 quod
1854 2299 2087 2357 inferius

504 2394 577 2452 sit
606 2410 636 2448 a
664 2393 952 2465 snperiore
976 2392 1256 2464 benedici)
1292 2412 1304 2446 :
1344 2392 1600 2464 quoniam
1634 2392 1802 2463 igitur
1830 2392 1921 2449 hic
1963 2392 2089 2449 Mel-

502 2486 779 2550 chisedec.
811 2484 1127 2557 quicunque
1160 2485 1251 2540 ille
1287 2483 1473 2549 fuerit,
1500 2486 1573 2540 ita
1610 2485 1871 2540 inductus
1892 2492 1995 2547 est,
2027 2493 2087 2539 ut

502 2581 657 2636 nullo
698 2578 1000 2635 artiﬁcioso
1027 2585 1309 2650 unguento
1351 2586 1552 2634 unctus
1592 2577 1954 2649 intelligatur,
1988 2578 2083 2634 sed

502 2674 777 2729 altissimo
804 2671 916 2728 Deo
940 2680 1325 2735 consecratus,
1352 2673 1550 2727 merito
1578 2671 1745 2726 etiam
1777 2671 1823 2725 is
1871 2670 1937 2725 de
1977 2685 2087 2740 quo

498 2767 837 2825 vaticinatur
864 2764 1058 2827 David,
1096 2782 1115 2815 ‹
1151 2763 1456 2819 secundum
1500 2762 1752 2817 ordinem
1799 2761 2086 2817 Melchise-

500 2858 622 2921 dec,
662 2877 679 2910 ι
718 2872 951 2929 magnus
981 2856 1204 2927 quidam
1233 2870 1379 2919 esse,
1408 2863 1463 2910 et
1493 2863 1688 2908 natura
1715 2854 1974 2908 omnibus
2000 2869 2088 2908 su-

500 2956 688 3025 perior
715 2952 940 3013 dicitur,
967 2958 1154 3021 utpote
1196 2950 1292 3018 qui
1330 2957 1384 3004 et
1433 2948 1676 3018 supremi
1711 2946 1805 3002 Dei
1828 2946 2086 3004 sacerdos

500 3044 760 3100 increatie
798 3042 1091 3115 potestatis
1116 3056 1434 3104 cousessor,
1487 3047 1543 3096 et
1589 3040 1766 3111 ipsius
1809 3040 2087 3112 propheta

499 3152 567 3194 ac
602 3138 749 3208 regis
776 3135 1045 3190 Dominus
1078 3140 1132 3190 et
1170 3133 1451 3196 sacerdos,
1478 3146 1586 3186 non
1616 3132 1961 3203 simpliciter,
1988 3132 2082 3190 sed

501 3232 564 3288 in
593 3238 862 3285 mternum
895 3228 969 3283 sit
988 3226 1193 3282 Patris.
1221 3224 1363 3280 Dicit
1393 3230 1576 3280 autem
1604 3223 1843 3281 ~divinus
1866 3240 2084 3297 quoque

503 3324 810 3395 apostolus,
862 3321 1157 3392 explorans
1190 3334 1253 3375 ea
1300 3334 1421 3390 quae
1467 3320 1534 3375 ad
1579 3318 1680 3374 hos
1723 3319 1875 3375 locos
1917 3320 2084 3391 perti-

506 3421 659 3471 nent.
683 3433 702 3466 ι
726 3413 785 3468 In
815 3428 947 3484 quo,
971 3411 1172 3482 inquit,
1203 3410 1575 3467 abundantius
1610 3411 1800 3466 volens
1822 3410 1967 3467 Deus
1989 3426 2083 3467 os-

499 3507 725 3564 tendere
749 3504 1064 3561 haeredibus
1104 3502 1541 3559 immobili'tatem
1592 3503 1811 3559 consilii
1854 3503 1962 3570 sui,
2000 3503 2084 3557 in-

497 3600 769 3672 terposuit
794 3599 1204 3671 jusjurandum,
1242 3608 1303 3652 ut
1336 3614 1432 3667 per
1457 3597 1595 3653 duas
1629 3613 1715 3653 res
1751 3596 2080 3663 immobiles,

500 3695 704 3765 quibus
740 3690 1082 3765 impossibile
1113 3704 1198 3747 est
1230 3691 1454 3747 mentiri
1484 3689 1678 3756 Deum,
1719 3689 2082 3747 fortissimum

498 3784 756 3840 solatium
787 3783 1088 3838 habeamus
1110 3779 1157 3815 "‘
1175 3799 1190 3849 ;
1210 3790 1264 3837 et
1287 3797 1479 3841 rursus
1503 3800 1516 3837 :
1544 3800 1563 3832 ι
1593 3781 1699 3836 Alii
1724 3781 1941 3852 quidem
1964 3781 2083 3838 sine

494 3875 859 3946 jurejurando
892 3873 1208 3930 sacerdotes
1258 3873 1385 3929 facti
1416 3881 1566 3937 sunt,
1606 3873 1696 3927 hic
1744 3881 1925 3929 autem
1955 3889 2079 3930 cum

493 3967 879 4039 jurejurando,
910 3982 1008 4037 per
1057 3982 1182 4022 eum
1215 3967 1308 4038 qui
1340 3965 1478 4041 dixit
1520 3964 1585 4020 ad
1641 3965 1794 4020 illum
1827 3985 1839 4020 :
1867 3963 2082 4021 Juravit

497 4062 762 4117 Dominus
791 4069 846 4117 et
880 4075 990 4115 non
1033 4060 1321 4131 paenitebit
1354 4075 1501 4121 eum,
1534 4067 1594 4113 tu
1638 4074 1699 4115 cs
1734 4059 1995 4116 sacerdos
2025 4060 2080 4115 in

494 4166 783 4219 aeternum,
813 4152 1117 4211 secundum
1148 4151 1398 4206 ordinem
1449 4149 1847 4219 Melchisedec;
1899 4160 1955 4206 et
1987 4151 2080 4206 alii

494 4248 717 4318 quidem
748 4244 1097 4318 pluresiacti
1131 4251 1261 4299 sunt
1289 4241 1626 4308 sacerdotes,
1678 4240 1884 4296 idcirco
1928 4241 2080 4312 quod

494 4347 670 4395 morte
724 4336 1152 4408 prohiberentur
1209 4336 1530 4402 permanere
1576 4348 1590 4383 :
1638 4329 1727 4384 hic
1791 4339 1973 4383 autem
2014 4343 2080 4384 eo

493 4429 641 4500 quod
685 4436 904 4483 maneat
935 4427 991 4481 in
1046 4433 1334 4499 aeternum,
1366 4421 1761 4492 sempiternum
1793 4421 1959 4477 habet
1989 4436 2081 4477 sa-

2186 1931 2324 1985 ὅλων
2373 1934 2667 2007 ἱερωμένη,
2700 1934 2841 1989 κατά
2870 1936 2940 1990 τὰ
2979 1935 3243 2009 Ἐϐραίων
3281 1936 3455 2006 λόγια,
3488 1939 3549 1990 οὑ
3583 1937 3778 2006 γεώδει

2188 2026 2281 2079 καὶ
2310 2026 2640 2099 ἀνθρωπίνῳ
2680 2027 2867 2101 μύρῳ,
2903 2028 3200 2100 θεοπρεπεῖ
3231 2029 3288 2082 δέ
3335 2046 3441 2083 τινι
3482 2029 3577 2083 καλ⁸
3605 2028 3778 2100 ὲνθέῳ

2189 2118 2358 2191 ἀρετῇ
2388 2136 2446 2172 τε
2492 2120 2587 2174 καί
2616 2120 2844 2193 δυνάμει
2882 2120 3131 2194 ἱερᾶσθαι
3161 2119 3539 2194 καθεσταμένη
3571 2120 3651 2193 τῷ
3680 2121 3778 2175 ἐπὶ

2188 2212 2404 2265 πάντων
2436 2211 2573 2283 Θεῷ.
2630 2213 2687 2267 '0
2729 2211 2861 2283 γοῦν
2894 2213 2982 2267 διὰ
3027 2213 3123 2267 τοῦ
3171 2213 3387 2286 ψαλμοῦ
3438 2213 3779 2286 προφητευό-

2192 2318 2353 2372 μενος
2381 2304 2629 2377 παρέστη
2677 2304 2937 2378 ἄντικρυς
2974 2306 3153 2378 ἱερεύς
3176 2324 3262 2370 τις
3301 2304 3377 2360 ὢν
3417 2305 3632 2370 αἰώνιος
3679 2305 3777 2359 καὶ

2188 2396 2303 2459 υἱὸς
2336 2397 2560 2467 ὑψίστου
2604 2396 2774 2463 Θεοῦ,
2810 2398 2886 2463 ὼς
2933 2399 3000 2452 ἂν
3044 2399 3136 2452 ὑπ’
3182 2397 3349 2452 αὑτοῦ
3397 2398 3492 2452 τοῦ
3547 2398 3777 2467 ὑψίστου

2187 2487 2322 2542 Θεοῦ
2357 2489 2744 2562 γεγενημένος,
2777 2491 2873 2544 καὶ
2908 2490 3195 2566 σύνθρονος
3228 2490 3327 2562 τῆς
3371 2488 3648 2561 βασιλείας
3673 2489 3777 2544 αὑ-

2185 2576 2303 2631 τοῦ.
2329 2578 2607 2634 Δέδεικται
2637 2579 2694 2634 δὲ
2722 2580 2818 2634 καὶ⁹
2850 2582 2879 2633 6
2910 2580 2998 2635 διὰ
3029 2580 3124 2634 τοῦ
3156 2580 3380 2634 Ἠσαίου
3412 2580 3645 2653 Χριστὸς
3674 2579 3777 2653 οὑχ

2188 2670 2279 2723 ὑπ’
2312 2669 2616 2742 ἀνθρώπων
2658 2671 2919 2741 γεγονὼς,
2943 2671 3059 2726 ἀλλ’
3102 2673 3196 2726 ὑπ’
3224 2671 3389 2726 αὑτοῦ
3428 2671 3644 2745 Πατρὸς
3678 2672 3778 2728 καὶ

2187 2762 2278 2817 διὰ
2308 2762 2402 2816 τοῦ
2431 2763 2617 2817 ἐνθέου
2650 2763 2973 2835 Πνεύματος
2995 2764 3377 2837 κεχρισμένος,
3408 2764 3687 2837 λυτρωτής
3712 2779 3776 2819 τε

2186 2854 2599 2926 ἀπεσταλμένος
2624 2856 2724 2925 τῆς
2749 2856 2860 2911 τῶν
2880 2856 3184 2929 ἀνθρώπων
3213 2857 3604 2928 αἰχμαλωσίας.
3639 2856 3777 2912 Τοῦ-

2185 2966 2278 3002 τον
2325 2949 2388 3021 δὴ
2437 2944 2530 3003 οὖν
2569 2948 2842 3020 πνεύματι
2912 2947 3045 3021 θείῳ
3093 2949 3424 3021 τεθεαμένος
3470 2950 3500 3002 6
3545 2951 3772 3023 Μωσῆς,

2187 3042 2402 3105 εἰκόνας
2445 3041 2541 3094 καὶ
2580 3039 2824 3113 σύμϐολα
2869 3039 2947 3105 ὡς
2987 3041 3045 3094 ὲν
3093 3040 3401 3113 ἀνθρώποις
3433 3040 3601 3095 αὑτοῦ
3635 3041 3773 3096 καθ-

2192 3133 2334 3206 ίστη,
2369 3132 2653 3205 σκευαστῷ
2682 3132 2838 3205 μύρῳ
2868 3132 3009 3197 τέως
3031 3132 3154 3187 ἀντὶ
3172 3130 3267 3187 τοῦ
3289 3131 3434 3187 θείου
3458 3131 3776 3204 Πνεύματος

2111 3191 2157 3253 C
2186 3226 2277 3280 τὸν
2299 3191 2364 3279 έν
2398 3191 2704 3297 ἀνθρώποις
2749 3191 3098 3298 προηγμένον
3156 3225 3306 3297 ἱερέα
3351 3224 3521 3298 χρίων
3565 3191 3626 3277 τὲ
3676 3191 3775 3279 καί

2186 3318 2444 3389 ἀλείφων,
2479 3316 2715 3390 Χριστόν
2739 3334 2799 3370 τε
2828 3317 2991 3371 αὑτὸν
3029 3318 3127 3372 καὶ
3160 3317 3490 3390 ὴλειμμένον
3520 3320 3600 3382 εἱς
3637 3319 3771 3373 ἀνα-

2187 3411 2358 3483 φορὰν
2386 3410 2480 3464 τοῦ
2520 3410 2758 3483 ἀληθοῦς
2790 3411 3100 3467 ἀποκαλῶν.
3138 3413 3261 3467 Ὅτι
3301 3413 3358 3466 δὲ
3388 3411 3561 3467 ταῦτα
3598 3410 3774 3476 οὑτως

2185 3501 2332 3574 ἔχει,
2372 3502 2457 3567 τίς
2493 3503 2560 3556 ἂν
2586 3503 2799 3572 γένοιτο
2834 3503 3043 3576 μάρτυς
3071 3503 3238 3558 αὑτοῦ
3295 3504 3539 3569 Μωσέως
3571 3503 3773 3577 μᾶλλον

2185 3592 2516 3666 ἀξιόχρεως;
2562 3595 2650 3648 Ἐν
2679 3594 2789 3668 γὰρ
2816 3598 2884 3667 τῇ
2936 3594 3103 3649 αὑτοῦ
3148 3599 3334 3667 γραφῇ
3365 3596 3455 3650 τὸν
3504 3596 3776 3669 χρηματί-

2186 3685 2345 3751 ζοντα
2375 3685 2524 3759 αὑτῷ
2555 3686 2689 3740 Θεὸν
2727 3688 2823 3741 καὶ
2853 3686 3058 3759 Κύριον
3097 3687 3396 3760 διαρρήδην
3425 3688 3771 3760 παρακελεύ-

2187 3775 2382 3830 σασθαι
2413 3776 2561 3849 αὑτῷ
2583 3776 2845 3843 διδάσκει,
2878 3775 3019 3831 κατὰ
3050 3777 3149 3850 τὴν
3181 3777 3590 3850 ὑποδεοχθεῖσαν
3620 3778 3773 3851 αὑτῷ

2185 3870 2382 3941 νοητὴν
2435 3870 2530 3923 καὶ
2585 3869 2836 3942 οὐράνιον
2883 3869 3051 3924 αὐτοῦ
3104 3869 3260 3935 θέαν,
3307 3872 3772 3945 σωματικωτέραν

2185 3961 2282 4015 ἐπὶ
2318 3961 2425 4033 γῆς
2467 3961 2843 4034 συστήσασθαι
2884 3960 3161 4034 λατρείαν,
3197 3962 3382 4017 εἰκόνα
3422 3962 3531 4017 τῶν
3562 3964 3771 4037 νοητῶν

2185 4055 2281 4109 καὶ
2313 4053 2620 4126 ἀσωμάτων
2653 4052 3031 4127 περιέχουσαν.
3051 4053 3284 4122 Λέγεται
3309 4052 3440 4123 γοῦν
3468 4052 3576 4107 τῶν
3605 4055 3662 4109 ὲν
3689 4054 3770 4127 τῷ

2184 4141 2401 4215 οὐρανῷ
2431 4142 2678 4212 ἀγγέλων
2702 4142 2798 4196 καὶ
2829 4143 2989 4197 θείων
3007 4142 3289 4214 δυνάμεων
3308 4142 3569 4211 διάταξιν,
3596 4144 3768 4199 τύπον

2182 4234 2306 4305 τινὰ
2343 4233 2779 4306 σκιογραφῆσαι,
2836 4234 3105 4305 φήσαντος
3152 4233 3301 4305 αὑτῷ
3344 4234 3439 4288 τοῦ
3478 4236 3763 4309 χρησμοῦ·

2189 4348 2208 4380 ι
2232 4329 2487 4400 Ποιήσεις
2519 4328 2697 4381 πάντα
2729 4326 2872 4380 κατά
2904 4326 2994 4380 τὸν
3030 4325 3201 4381 τύπον
3233 4329 3325 4380 τὸν
3356 4327 3634 4399 δειχθέντα
3682 4348 3767 4385 σοι

2183 4423 2243 4476 ὲν
2271 4421 2351 4492 τῷ
2388 4419 2522 4491 ὄρει.
2556 4437 2575 4471 ι
2609 4419 2753 4490 Ἀρα
2783 4413 2877 4471 οὖν
2919 4418 2997 4481 ὡς
3025 4416 3096 4471 τά
3125 4416 3262 4472 ἄλλα
3285 4458 3300 4483 ,
3344 4418 3489 4473 οὑτω
3536 4422 3630 4474 καὶ
3672 4421 3767 4476 τὸν

492 4520 799 4578 cerdotium
834 4540 846 4575 :
881 4519 1026 4574 unde
1070 4525 1126 4572 et
1176 4517 1393 4573 salvare
1425 4517 1481 4570 in
1516 4524 1841 4586 perpetuum
1895 4521 2078 4585 potest

2186 4510 2445 4585 ἀρχιερέα
2495 4510 2750 4582 παρῆγε,
2787 4508 2944 4581 μύρῳ
2975 4507 3166 4578 γεώδει
3210 4510 3380 4581 χρίων
3427 4511 3622 4577 αὑτὸν,
3671 4513 3766 4567 καί

490 4614 817 4670 accedentes
848 4628 945 4683 per
976 4611 1154 4681 ipsum
1203 4608 1272 4664 ad
1314 4608 1508 4670 Deum,
1540 4622 1756 4672 semper
1785 4607 1974 4662 vivens
2006 4605 2076 4661 ad

2186 4622 2301 4662 τινα
2332 4601 2545 4674 σκιώδη
2577 4601 2672 4655 καὶ
2703 4601 2990 4666 εἰκονικὸν,
3031 4600 3146 4654 ἀλλ’
3176 4601 3277 4656 οὐκ
3314 4601 3489 4673 ἀληθῆ
3531 4602 3767 4675 Χριστὸν

492 4703 948 4775 interpellandum
977 4716 1075 4773 pro
1097 4701 1257 4756 nobis
1286 4699 1369 4765 ";
1414 4718 1433 4751 ι
1473 4712 1606 4754 sane
1643 4714 1738 4769 per
1781 4697 1894 4752 hanc
1923 4712 2079 4752 com-

2186 4692 2462 4769 ἀρχιερέα,
2510 4691 2605 4746 τοῦ
2642 4692 2762 4745 κατ’
2796 4692 3026 4764 οὐρανὸν
3064 4690 3302 4763 Χριστοῦ
3336 4708 3395 4744 τε
3439 4692 3534 4745 καὶ
3575 4693 3756 4765 ἀρχιε-

490 4795 782 4852 mendatur
809 4796 1057 4866 quaedam
1084 4808 1207 4864 quae
1229 4799 1314 4847 est
1337 4791 1393 4845 in
1418 4790 1506 4855 iis,
1532 4805 1653 4861 quae
1691 4797 1840 4854 sunt,
1872 4796 1927 4845 et
1957 4804 2079 4860 quas

2186 4788 2318 4860 ρέως
2344 4785 2636 4856 ἀντίμιμον
2660 4782 3125 4855 ἀπεργαζόμενος.

489 4893 748 4948 consistit
797 4894 852 4947 in
900 4892 968 4947 iis
1014 4905 1136 4962 qua:
1185 4888 1300 4944 sola
1349 4887 1706 4957 intelligentia
1747 4886 2062 4957 capiuntur,
2110 4885 2274 4955 178
2298 4882 2483 4938 divina
2538 4880 2741 4946 virtus,
2774 4894 2897 4951 quae
2940 4878 3052 4935 Deo
3077 4880 3342 4946 universi,
3395 4879 3539 4935 utin
3570 4894 3762 4936 oracu-

490 4986 559 5041 lis
584 4984 938 5041 Hebrazorum
988 4984 1245 5054 legimus,
1280 4985 1604 5035 consecrata
1629 4986 1753 5033 est:
1785 4992 1963 5046 neque
2004 4991 2136 5031 vero
2166 4982 2389 5029 terreno
2421 4980 2588 5043 atque
2628 4971 2871 5027 humano
2922 4978 3221 5043 unguento,
3265 4971 3363 5028 sed
3408 4971 3635 5027 alterius
3668 4986 3765 5041 ger

489 5080 641 5136 neris
698 5068 845 5148 quod
898 5075 1068 5131 Deum
1107 5074 1320 5137 deceat,
1379 5066 1676 5140 divinaque
1726 5070 1932 5125 virtute
1986 5082 2051 5122 ac
2116 5072 2386 5137 potestate
2438 5063 2508 5119 ad
2561 5078 2764 5119 munus
2814 5062 3116 5120 sacerdotis
3160 5063 3496 5127 obeundum,
3543 5062 3764 5134 Deoquo

482 5170 635 5228 Patri
656 5168 1048 5241 praastandum,
1070 5166 1394 5221 conlirmata
1426 5162 1701 5218 consistit.
1733 5160 1868 5215 Eum
1914 5159 2083 5231 igitur
2121 5159 2190 5214 de
2222 5172 2334 5229 quo
2387 5155 2640 5213 Psalmus
2706 5154 3060 5219 vaticinatur,
3104 5162 3332 5225 apparet
3386 5168 3612 5224 prorsus
3670 5167 3763 5209 sa-

484 5266 767 5323 cerdotem
799 5262 1090 5333 quemdam
1120 5276 1244 5317 esse
1275 5258 1666 5329 sempiternum
1706 5254 2202 5327 altissimique-Dei
2261 5251 2484 5317 Filium,
2548 5260 2809 5323 tanquam
2865 5250 2935 5305 ab
2968 5250 3090 5320 ipso
3118 5250 3391 5307 altissimo
3444 5248 3556 5305 Deo
3608 5248 3763 5320 geni-

484 5367 625 5425 tum,
653 5365 708 5413 et
736 5356 883 5411 illius
936 5355 1088 5427 regni
1150 5365 1530 5407 consessorem
1566 5367 1580 5404 :
1615 5356 1699 5405 est
1743 5348 1907 5403 etiam
1965 5354 2272 5410 ostensum,
2327 5352 2388 5398 ut
2434 5343 2528 5414 qui
2571 5358 2668 5413 per
2720 5340 2914 5398 lsaiam
2961 5339 3305 5411 signiﬁcatur
3341 5340 3619 5403 Christus,
3645 5353 3761 5394 non

484 5454 557 5509 ab
608 5448 926 5507 hominibus
981 5448 1157 5501 factus
1214 5445 1307 5509 sit,
1358 5443 1457 5499 sed
1504 5441 1574 5497 ab
1619 5441 1739 5512 ipso
1771 5439 1935 5495 Patre
1993 5454 2091 5510 per
2160 5436 2423 5509 Spiritum
2486 5435 2732 5491 divinum
2769 5433 2843 5490 sit
2876 5441 3097 5499 unctus,
3147 5441 3202 5489 et
3249 5433 3316 5488 ad
3371 5432 3618 5487 homines
3661 5431 3758 5502 qui

485 5548 688 5620 captivi
716 5554 1032 5601 tenerentur
1055 5539 1421 5607 redimendos,
1456 5539 1679 5619 missus.
1709 5536 1864 5593 llunc
1906 5538 2071 5609 igitur
2104 5536 2293 5591 divino
2324 5533 2536 5605 Spiritu
2579 5533 2810 5588 intuitus
2841 5530 3042 5595 Moses,
3104 5530 3234 5585 dum
3282 5532 3548 5603 imagines
3571 5545 3635 5585 ac
3653 5543 3762 5586 no-

2143 5750 2158 5764 “
2205 5776 2249 5809 ευ
2283 5774 2446 5831 llebt‘.
2483 5788 2557 5841 vx,
2596 5773 2682 5842 l7,
2723 5772 2809 5826 is.
2907 5773 2951 5803 ιν
2982 5769 3150 5831 Ilcbr.
3178 5787 3274 5839 vn,
3314 5770 3501 5828 ‘20-‘25.

1187 5782 1245 5855 "_
1279 5782 1412 5838 ibid.
1450 5782 1533 5839 i9.
1632 5782 1674 5813 ⁸⁷
1712 5778 1877 5836 llcbr.
1912 5794 2009 5846 vn,
2044 5777 2094 5831 7.

556 5792 601 5824 ³⁸
632 5788 768 5845 Gen.
837 5801 951 5853 xw,
990 5784 1110 5844 18.:
