4120 6420
277 358 380 415 ὅθί
1197 350 1858 411 DEMONST-RATIONIS
1885 349 2345 410 EVANGELICE
2374 349 2505 407 LIB.
2531 347 2620 404 Π.
3441 347 3547 400 332

280 480 373 529 tas
438 471 639 543 ipsius,
673 478 732 524 ut
761 468 817 525 in
848 468 1187 531 hominibus,
1255 467 1578 525 constituit:
1615 472 1929 535 comparato
1987 471 2266 536 unguento
2310 461 2530 518 interim
2566 460 2736 517 divini
2795 459 3034 531 Spiritus
3082 458 3225 524 loco,
3280 476 3443 531 quem
3494 470 3551 517 in

280 563 604 620 hominibus
661 564 973 635 praetulerat
1018 562 1357 618 sacerdotem
1410 560 1646 621 iuunxit,
1714 557 2102 628 Christumque
2171 572 2297 613 eum
2354 563 2410 612 et
2467 563 2709 619 unctum,
2762 554 3026 610 relatione
3057 555 3126 610 ad
3156 571 3282 611 eum
3318 557 3410 627 qui
3458 573 3550 611 γε-

276 673 383 715 rus
429 667 539 725 est,
589 657 900 729 appellavit.
953 655 1109 723 Quod
1159 664 1340 711 autem
1406 654 1522 709 haec
1577 653 1652 709 ita
1708 668 1769 708 se
1828 652 2097 718 habeant,
2150 651 2298 723 quis,
2340 650 2427 706 cui
2483 647 2615 705 ﬁdes
2661 648 2952 712 habeatur,
3002 650 3159 706 testis
3216 650 3337 722 ipso
3399 650 3551 706 Mose

279 755 543 828 dignior?
598 754 661 809 In
696 754 766 810 iis
802 753 949 811 enim
979 767 1101 824 qua:
1128 752 1199 807 ab
1249 751 1370 821 ipso
1400 750 1608 818 scripta
1674 756 1804 806 sunt
1868 747 2289 819 respondentem
2348 745 2453 801 sibi
2509 743 2679 800 Deum
2732 758 2797 800 ac
2842 743 3157 812 Dominum,
3212 747 3390 817 palam
3445 747 3553 824 sibi

286 847 595 920 imperasse
645 848 825 913 docet,
879 854 941 901 ut
991 845 1295 903 secundum
1346 843 1649 901 exhibitam
1721 841 1827 897 sibi
1890 839 2290 910 intelligihilem
2321 854 2386 894 ac
2437 836 2717 893 cmlestem
2763 835 2911 892 illius
2968 838 3256 904 visionem,
3290 854 3557 909 carperea

287 941 479 1011 specie
536 938 913 995 adorationem
978 938 1035 992 in
1079 944 1227 993 terra
1270 936 1655 997 constitueret.
1718 947 1842 1005 quae
1884 946 2067 987 rerum
2100 931 2525 1002 intelligibilium
2578 936 2744 1001 atque
2788 929 3236 1002 incorporearum
3264 933 3556 1005 imaginem

277 1035 770 1105 complecteretur.
840 1033 1030 1104 itaque
1091 1031 1398 1089 caalestium
1474 1028 1794 1101 angelorum
1864 1024 2287 1095 divinarumque
2336 1031 2668 1095 potestatum
2719 1022 2967 1089 ordines,
3021 1023 3438 1083 adumbratione
3489 1042 3557 1083 ac

288 1127 468 1198 ﬁgura
524 1124 760 1195 quadam
821 1125 1024 1180 dicitur
1075 1124 1465 1195 descripsisse,
1523 1138 1649 1178 eum
1708 1120 1817 1192 ipsi
1866 1118 2059 1189 utique
2117 1117 2400 1172 oraculum
2443 1117 2671 1174 dixisset
2708 1135 2722 1171 :
2765 1135 2785 1169 ι
2826 1115 3017 1174 Facies
3044 1119 3229 1173 omnia
3274 1119 3342 1174 ad
3372 1134 3558 1176 exem-

278 1222 418 1292 plar
461 1218 610 1291 quod
656 1219 756 1275 tibi
801 1218 1237 1275 demonstratum
1297 1227 1382 1275 est
1430 1218 1488 1273 in
1525 1223 1711 1273 monte
1744 1215 1790 1246 ³⁰
1826 1235 1840 1269 :
1874 1232 1903 1293 ⁸ι
1946 1212 2091 1285 Ergo
2143 1211 2603 1283 quemadmodum
2655 1211 2888 1282 reliqua,
2918 1211 2993 1265 ita
3027 1219 3082 1267 et
3122 1211 3438 1268 Pontiﬁeem
3474 1214 3554 1268 in-

290 1316 475 1381 duxit,
528 1330 689 1386 quem
740 1315 982 1370 terrestri
1035 1324 1316 1387 unguento
1383 1320 1615 1387 ungeret
1656 1332 1668 1367 :
1718 1310 1905 1381 itaque
1974 1307 2321 1364 umbratilem
2368 1306 2659 1379 quemdam
2709 1321 2774 1362 ac
2822 1307 3168 1376 simulatum,
3214 1325 3327 1365 non
3378 1319 3561 1367 autem

290 1428 485 1469 verum
511 1411 787 1468 Christum
811 1419 867 1467 et
890 1412 1227 1483 pontiﬁcem,
1252 1414 1402 1470 illius
1422 1426 1606 1470 tamen
1630 1410 1874 1469 caelestis
1907 1408 2113 1465 Christi
2147 1417 2202 1467 et
2225 1410 2502 1482 pontiﬁcis
2531 1410 2706 1465 instar
2736 1408 3029 1481 expressit.

376 1503 517 1557 Ἀλλ’
542 1505 621 1558 ὅτι
652 1504 751 1576 μὲν
781 1507 811 1558 6
835 1505 1041 1577 κυρίως
1075 1507 1310 1579 Χριστὸς
1340 1510 1441 1562 οὐκ
1477 1508 1763 1581 ἄνθρωπος
1783 1502 1873 1578 ἦν,

2048 1504 2343 1569 Caeterum,
2371 1512 2432 1558 ut
2466 1505 2687 1574 preprie
2710 1503 2931 1575 quidem
2966 1502 3224 1558 Christus
3256 1517 3369 1557 non
3397 1501 3565 1557 homo

290 1596 410 1662 υίὸς
440 1597 497 1650 δέ
528 1614 610 1662 τις
638 1597 796 1664 Θεοῦ,
820 1596 1015 1664 δεξιοῖς
1041 1600 1142 1671 τῆς
1163 1602 1436 1673 πατρικῆς
1463 1600 1715 1672 θεότητος
1742 1618 1882 1656 τετι-

296 1689 545 1761 μημένος
566 1728 584 1754 ,
628 1690 722 1743 καὶ
769 1690 911 1745 πολὺ
950 1691 1212 1764 κρείττων
1243 1693 1304 1747 οὐ
1350 1694 1507 1765 μόνον
1551 1694 1653 1765 τῆς
1683 1693 1882 1765 ονητῆς

284 1783 394 1835 καὶ
434 1781 785 1854 ἀνθρωπείας
818 1781 1069 1852 φύσεως,
1122 1783 1260 1838 ἀλλὰ
1311 1785 1408 1839 καὶ
1450 1785 1632 1856 πάσης
1675 1785 1774 1855 τῆς
1824 1786 1882 1839 ὲν

294 1877 542 1945 γενητοῖς
571 1876 766 1947 νοερᾶς
795 1874 1005 1941 οὐσίας,
1037 1874 1227 1946 σαφῶς
1257 1874 1408 1948 οἶμαι
1441 1877 1845 1949 ἀποδεδειχέναι
1865 1895 1878 1907 ·

290 1967 438 2038 πλὴν
471 1967 587 2021 ἀλλ’
629 1968 711 2021 ὅτι
745 1966 887 2022 κατά
923 1966 992 2022 τὰ
1029 1968 1294 2040 πρότερον
1324 1970 1591 2042 εἰρημένα
1640 1972 1669 2024 6
1722 1968 1885 2033 αὐτὸς

293 2058 464 2112 Δαϐὶδ
511 2060 569 2114 ὲν
628 2060 710 2132 μδ¹
778 2059 980 2132 ψαλμῷ
1048 2065 1343 2135 προγραφῇ
1419 2063 1765 2136 χρησάμενος
1816 2065 1883 2134 τῇ

292 2168 323 2202 4
355 2150 530 2224 ’Υπὲρ
570 2150 665 2204 τοῦ
696 2152 983 2225 ἀγαπητοῦ
1016 2156 1111 2209 καὶ
1152 2154 1262 2208 τῶν
1294 2155 1830 2228 ἀλλοιωθησομὲνων,
1862 2177 1880 2206 ι

295 2242 435 2313 ὁμοῦ
473 2242 608 2297 Θεὸν
639 2245 734 2298 καὶ
781 2244 1006 2315 βασιλέα
1062 2246 1157 2301 καὶ
1202 2248 1440 2319 Χριστὸν
1485 2248 1581 2303 ἕνα
1621 2248 1742 2303 τινὰ
1792 2249 1887 2303 καὶ

296 2335 394 2389 τὸν
439 2335 603 2389 αὐτὸν
626 2335 971 2408 ἀναγορεύει,
1013 2337 1241 2409 γράφων
1304 2337 1510 2404 οὕτως·
1559 2358 1579 2390 ι
1627 2337 1886 2411 Ἐξηρεύ-

295 2425 430 2490 ξατο
475 2429 510 2498 ἡ
565 2428 764 2502 καρδία
816 2445 917 2499 μου
966 2428 1123 2499 λόγον
1174 2430 1400 2499 ἀγαθὸν,
1439 2431 1583 2501 λέγω
1652 2432 1764 2501 ἐγὼ
1818 2433 1890 2487 τὰ

297 2518 439 2589 ἔργα
490 2536 595 2590 μου
646 2519 727 2590 τῷ
784 2520 1013 2591 βασιλεῖ.
1059 2523 1122 2576 Ἡ
1185 2522 1407 2593 γλῶσσά
1478 2542 1579 2596 μου
1642 2524 1890 2596 κάλαμος

310 2612 676 2684 γραμματέως
719 2611 1050 2685 ὀξυγράφοψ
1076 2615 1276 2688 ὡραῖος
1327 2616 1515 2671 κάλλει
1566 2616 1719 2688 παρά
1763 2617 1890 2681 τοὺς

296 2706 455 2768 υἱοὺς
487 2702 595 2757 τῶν
620 2702 920 2778 ἀνθρώπων
939 2721 952 2735 ·
993 2724 1012 2757 ι
1048 2700 1130 2770 οἷς
1159 2705 1291 2778 ἑξῆς
1323 2705 1589 2774 ἐπιλέγειο
1621 2725 1640 2757 ι
1683 2706 1742 2758 Ὁ
1769 2704 1891 2777 θρό-

302 2814 396 2861 νος
445 2814 560 2864 σου,
596 2800 624 2852 6
659 2796 815 2863 Θεὸς,
849 2800 931 2864 είς
961 2799 1052 2854 τὸν
1083 2799 1259 2855 αίῶνα
1294 2799 1392 2854 τοῦ
1425 2798 1620 2863 αἰῶνος
1643 2815 1657 2829 -
1696 2797 1889 2871 ῥάϐδος

306 2858 600 2961 εὖδύτητος
632 2892 667 2962 ἠ
947 2892 1047 2965 τῆς
1090 2891 1367 2964 βασιλείας
1413 2909 1507 2946 σου
1532 2910 1545 2923 ·
1591 2858 1888 2965 ηγέπησαξ
1921 2858 1964 2914 Β

304 2978 673 3053 δικαιοσύνην,
701 2983 797 3037 καὶ
821 2982 1091 3055 ἐμίσησας
1123 2983 1338 3038 ἀδικίαν
1359 2998 1372 3013 '
1408 2984 1498 3039 διά
1527 2983 1687 3038 τοῦτο
1705 2984 1891 3056 ἐχρισὲ

302 3086 374 3127 α
402 3072 435 3125 6
463 3071 596 3136 Θεὸς
626 3076 656 3127 6
685 3073 817 3139 Θεός
851 3092 946 3130 σου
976 3076 1154 3131 ἔλαιον
1184 3075 1559 3146 ἀγαλλιάσεως
1588 3075 1743 3149 παρά
1765 3078 1892 3140 τοὺς

315 3163 575 3235 μετόχους
603 3182 719 3220 σου.
760 3185 780 3219 ι
816 3167 1015 3223 Σκόπει
1045 3169 1089 3223 δ’
1133 3165 1228 3224 οῦν
1266 3169 1709 3243 ἐπιμελέστερον,
1745 3172 1893 3233 ὅπως

313 3256 456 3310 κατά
489 3256 587 3329 τὴν
618 3257 711 3311 τοῦ
742 3258 960 3331 ψαλμοῦ
995 3262 1322 3333 προγραφὴν
1363 3262 1505 3333 ὑπὲρ
1542 3262 1638 3316 τοῦ
1671 3262 1892 3332 ἀγαπη-

314 3351 410 3407 τοῦ
442 3352 535 3406 τὸν
556 3353 713 3422 λόγον
746 3350 885 3408 εἶναι
916 3356 1357 3429 προοιμιάζεται,
1391 3357 1529 3429 μετά
1561 3358 1656 3413 τοῦ
1687 3358 1783 3413 καὶ
1813 3357 1894 3421 είς

314 3443 535 3499 σύνεσιν
559 3445 667 3499 τῶν
693 3445 1108 3520 λεχθησομένων
1139 3449 1231 3502 τὸν
1262 3449 1539 3522 ἀκροατὴν
1579 3455 1891 3526 παρορμᾷν·

314 3538 738 3609 ἐπισημαίνεται
776 3540 834 3593 δὲ
882 3540 977 3593 καὶ
1008 3541 1070 3594 τὸ
1108 3540 1281 3613 αἴτιον
1310 3541 1413 3613 τῆς
1454 3544 1766 3616 οἰκονομίας
1798 3546 1895 3600 τοῦ

314 3629 499 3699 λόγου,
532 3631 774 3700 φάσκων·
821 3650 839 3683 ι
889 3633 983 3696 Εἰς
1006 3632 1067 3686 τὸ
1097 3633 1250 3698 τέλος
1290 3635 1431 3707 ὑπὲρ
1462 3637 1568 3689 τῶν
1602 3637 1899 3709 ἀλλοιωοη-

317 3722 561 3792 σομένων
589 3723 669 3786 είς
698 3722 911 3777 σύνεσιν
937 3723 1080 3796 ὑπὲρ
1107 3724 1201 3779 τοῦ
1245 3725 1557 3799 ἀγαπητοῦ.
1591 3745 1611 3779 ι
1641 3728 1806 3794 Τίνας
1838 3729 1897 3783 δὲ

316 3814 374 3871 ἅ)
386 3814 513 3877 λους
537 3814 713 3879 εἴποις
747 3811 887 3870 εἶναι
915 3819 1041 3883 τοὺς
1079 3817 1616 3891 ἀλλοιωθησομένους
1648 3822 1791 3894 ὑπὲρ
1822 3815 1898 3878 ὧν

310 3907 349 3960 6
388 3906 604 3980 ψαλμὸς
645 3908 879 3981 εἴρηται,
915 3910 948 3983 ἦ
978 3912 1104 3976 τοὺς
1143 3910 1440 3983 μέλλοντας
1475 3913 1898 3984 μεταϐαλεῖσθαι

316 4001 387 4052 ἐκ
416 3999 681 4072 προτέρου
720 4000 835 4071 βίου
856 4002 951 4058 καὶ
971 4002 1195 4076 τρόπου,
1222 4004 1687 4078 μετατεθήσεσθαί
1716 4024 1774 4060 τε
1806 4008 1901 4061 καὶ

307 4089 782 4163 ἀλλοιωθήσεσθαι
824 4092 915 4147 διὰ
952 4093 1047 4148 τοῦ
1099 4097 1612 4170 προφητευομὲνους
1644 4094 1812 4163 Οὗτος
1842 4100 1900 4153 δὲ

1985 1595 2171 1661 fuerit,
2198 1612 2387 1652 verum
2424 1595 2518 1652 Dei
2550 1596 2743 1662 Filius,
2793 1598 2887 1668 qui
2934 1596 3126 1652 dextra
3154 1603 3399 1668 paterna:
3432 1595 3568 1650 divi-

1983 1687 2178 1743 nitatis
2200 1688 2273 1744 sit
2308 1687 2628 1754 decoratus,
2662 1695 2716 1744 et
2744 1689 2917 1744 multo
2948 1688 3317 1760 praestantior,
3342 1704 3461 1744 non
3481 1703 3568 1744 so-

1985 1782 2096 1836 lum
2128 1782 2347 1837 mortali
2394 1782 2743 1853 humanaque
2791 1792 3009 1847 natura,
3059 1781 3155 1837 sed
3195 1782 3363 1837 etiam
3409 1782 3562 1836 omni

1985 1874 2315 1946 intelligibili
2368 1876 2425 1930 in
2479 1875 2645 1931 rebus
2681 1878 2878 1932 creatis
2926 1875 3167 1931 essentia
3206 1874 3565 1945 intelligatur,

1985 1967 2145 2035 plane
2174 1982 2261 2023 me
2291 1967 2534 2023 arbitror
2566 1968 2999 2032 demonstrasse,
3042 1975 3239 2038 praeter
3288 1982 3459 2021 unum
3497 1968 3566 2020 il-

1988 2057 2103 2124 lud,
2125 2057 2275 2128 quod
2306 2058 2376 2114 ad
2403 2074 2468 2115 ea
2489 2073 2611 2130 quae
2638 2058 2872 2114 antehac
2897 2058 3041 2113 dicta
3075 2066 3227 2125 sunt,
3257 2058 3569 2113 addendum

1985 2165 2111 2207 esse
2158 2152 2421 2218 arbitror,
2478 2154 2550 2210 ab
2602 2153 2793 2209 eodem
2846 2153 3035 2223 utique
3088 2151 3260 2207 David
3316 2153 3375 2207 in
3436 2169 3572 2223 qua-

1988 2242 2301 2316 dragesimo
2349 2252 2548 2316 quarto
2598 2247 2810 2316 psalmo
2858 2245 3215 2316 inscriptione
3257 2245 3568 2316 praeposita,

1990 2334 2081 2389 illa
2099 2351 2219 2406 quae
2233 2344 2340 2401 est,
2373 2355 2392 2387 ι
2422 2352 2525 2407 pro
2545 2337 2746 2393 dilecto
2761 2345 2816 2394 et
2839 2338 2908 2393 iis
2930 2338 3021 2409 qui
3048 2338 3509 2402 immutahuntur,
3544 2358 3562 2391 ι

1989 2425 2160 2481 Deum
2188 2428 2353 2483 simul
2376 2435 2431 2483 et
2457 2443 2637 2500 regem
2658 2440 2713 2484 et
2728 2428 3005 2486 Christum
3037 2445 3204 2485 unum
3229 2438 3280 2485 et
3320 2430 3571 2486 eumdem

1990 2519 2279 2589 quemdam
2298 2521 2579 2591 appellari,
2598 2520 2684 2576 his
2714 2521 2934 2591 quidem
2952 2523 3130 2580 verbis
3158 2541 3171 2578 :
3202 2521 3364 2594 179
3384 2541 3401 2573 ι
3436 2521 3576 2578 Eru-

1990 2610 2270 2668 ctavitcor
2286 2627 2465 2668 meum
2485 2613 2710 2668 verbum
2735 2613 2962 2681 bonum,
2979 2614 3104 2671 dico
3126 2630 3226 2686 ego
3260 2630 3427 2686 opera
3457 2630 3577 2671 mea

1993 2703 2106 2775 regi
2143 2723 2157 2760 :
2192 2704 2375 2776 lingua
2395 2719 2515 2760 mea
2538 2705 2783 2763 calamus
2828 2706 3023 2763 scriba:
3053 2707 3312 2762 velociter
3340 2707 3579 2762 scriben—

1993 2798 2065 2856 tis
2097 2818 2111 2853 :
2148 2798 2430 2869 speciosus
2456 2797 2630 2855 forma
2654 2816 2772 2873 ,prze
2809 2800 2932 2857 ﬁliis
2965 2800 3245 2857 hominum
3285 2801 3349 2854 “.
3392 2821 3411 2853 ι
3446 2800 3580 2867 Qui-

1996 2893 2101 2949 bus
2126 2893 2381 2965 deinceps
2414 2893 2682 2965 adjungit.
2718 2912 2736 2945 ι
2767 2893 2934 2950 Sedes
2962 2900 3077 2956 tua,
3102 2892 3278 2957 Deus,
3310 2893 3366 2947 in
3401 2908 3583 2947 samu-

1999 2985 2109 3040 lum
2154 2986 2339 3041 saeculi
2371 3006 2384 3041 :
2420 2986 2571 3058 virga
2610 2985 2933 3041 directionis
2975 2986 3124 3057 virga
3161 2986 3317 3056 regni
3351 2986 3427 3040 tui
3455 3005 3468 3040 :
3496 2985 3580 3039 di-

1999 3078 2179 3135 lexisti
2205 3078 2500 3149 justitiam,
2555 3087 2610 3135 et
2655 3079 2815 3135 odisti
2853 3078 3193 3150 iniquitatem
3242 3099 3255 3133 :
3293 3088 3581 3150 propterea

2008 3172 2166 3228 unxit
2229 3183 2280 3229 te
2310 3172 2458 3230 Deus
2508 3172 2653 3229 Deus
2685 3181 2813 3229 tuus
2849 3173 2970 3230 oleo
3014 3174 3418 3238 exsultationis,
3471 3191 3583 3246 prae

2003 3270 2360 3342 participibus
2420 3271 2530 3327 tuis
2572 3271 2639 3324 ³⁸.
2691 3290 2708 3323 ι
2751 3270 3054 3326 Considera
3098 3285 3233 3340 ergo
3268 3269 3584 3341 diligentius

2001 3362 2462 3433 quemadmodum
2523 3363 2820 3419 secundum
2876 3362 3073 3434 psalmi
3132 3362 3582 3433 inscriptionem,

2003 3459 2117 3506 tum
2152 3466 2252 3522 pro
2279 3451 2479 3508 dilecto
2509 3468 2570 3508 se
2592 3453 2758 3509 verba
2793 3451 2975 3509 facere
3004 3452 3161 3507 initio
3188 3453 3372 3507 statim
3398 3460 3589 3508 osten-

2003 3544 2118 3609 dat,
2155 3552 2269 3599 tum
2304 3545 2469 3617 etiam
2513 3553 2574 3600 ut
2596 3546 2661 3601 ad
2691 3545 3103 3617 intelligentiam
3130 3559 3319 3600 eorum
3344 3560 3467 3616 quae
3502 3545 3588 3599 di--

2004 3636 2178 3691 cenda
2204 3635 2336 3701 sint,
2359 3612 2665 3694 auditorem
2705 3647 3077 3702 commoveat,
3133 3637 3404 3709 signiﬁcat
3450 3653 3590 3709 ριάμ

2005 3737 2152 3783 terea
2190 3744 2439 3800 quaenam
2474 3729 2544 3785 sit
2595 3729 2761 3799 hujus
2805 3729 3071 3784 orationis
3117 3729 3191 3783 ita
3235 3728 3589 3800 disponendae

2006 3837 2193 3887 causa,
2226 3838 2351 3876 cum
2384 3823 2458 3875 ait
2495 3841 2508 3876 :
2552 3840 2570 3873 ι
2610 3822 2666 3876 in
2701 3821 2858 3876 ﬁnem
2913 3836 3012 3891 pro
3062 3821 3130 3876 iis
3185 3821 3277 3892 qui
3330 3821 3592 3876 immuta-

2005 3916 2232 3982 buntur,
2257 3914 2327 3970 ad
2377 3914 2812 3985 intelligentiam,
2836 3929 2939 3985 pro
2974 3913 3177 3969 dilecto
3220 3913 3304 3968 ³³;
3351 3933 3370 3966 ι
3423 3929 3591 3984 porro

2007 4022 2274 4079 quosnam
2305 4007 2441 4062 alios
2467 4005 2674 4062 dixeris
2724 4006 3113 4073 immutandos,
3145 4021 3244 4077 pro
3272 4007 3471 4077 quibus
3499 4007 3590 4062 hie.

2008 4101 2252 4172 psalmus
2278 4099 2351 4156 sit
2370 4098 2699 4164 dictus,nisi
2713 4112 2809 4153 eos
2833 4098 2923 4167 qui
2948 4098 3199 4152 mutandi
3223 4097 3333 4153 sint
3354 4113 3383 4151 a
3407 4098 3592 4165 priore

316 4177 391 4236 ἦν
430 4185 459 4236 6
496 4183 782 4256 ἀγαπητὸς
822 4183 914 4239 τοῦ
946 4185 1105 4252 Θεοῦ,
1150 4188 1292 4260 ὑπὲρ
1331 4184 1392 4244 οὗ
1425 4189 1518 4243 ἐπὶ
1551 4190 1651 4261 τῆς
1686 4209 1898 4263 προφη-

2013 4195 2122 4250 vita
2139 4208 2203 4249 ac
2230 4192 2476 4249 moribus
2497 4190 2997 4260 transferendique,
3016 4197 3070 4246 et
3082 4206 3147 4246 ex
3160 4191 3284 4245 aliis
3308 4191 3398 4245 alii
3420 4190 3591 4247 futuri

319 4274 474 4339 τείας
503 4277 771 4343 συνέσεως
800 4277 911 4332 δεῖν
929 4281 959 4334 6
984 4278 1196 4352 ψαλμὸς
1212 4285 1345 4354 ἡμῖν
1371 4282 1813 4355 προοιμιάζεται.
1839 4287 1903 4340 El.

321 4368 372 4422 δ’
401 4366 495 4425 οὖν
537 4371 916 4443 ὲπαπορήσας,
950 4372 1035 4437 τίς
1073 4375 1182 4446 ἄρα
1217 4371 1286 4448 ἦν
1326 4379 1356 4432 6
1396 4378 1683 4448 ἀγαπητὸς
1728 4374 1903 4444 οὗτος,

324 4462 456 4534 περὶ
504 4455 568 4516 οῦ
613 4463 673 4517 ὲν
710 4463 787 4535 τῷ
817 4464 1019 4538 ψαλμῷ
1051 4467 1472 4539 προεφητεύετο,
1505 4469 1658 4540 παρά
1684 4469 1848 4533 πόδας
1877 4473 1907 4525 6

324 4553 483 4623 λόγος
498 4557 837 4627 παραστήσει
852 4557 1149 4630 ἀρχόμενος
1171 4558 1332 4623 εὐθὺς
1354 4560 1449 4614 καὶ
1469 4560 1665 4630 λέγων·
1700 4582 1719 4614 ι
1761 4563 1909 4633 Ἐξη-

330 4645 560 4719 ρεύξατο
584 4650 618 4720 ή
646 4649 843 4720 καρδία
900 4667 1004 4722 μου
1038 4650 1195 4720 λόγον
1231 4651 1458 4721 ἀγαθόν.
1497 4674 1515 4707 ι
1551 4653 1712 4709 Εἴποι
1755 4654 1814 4709 δὲ
1842 4656 1907 4711 ἄν

327 4753 412 4799 τις
437 4736 600 4791 αὐτὸν
630 4738 838 4793 ἐκεῖνον
871 4740 1249 4812 σημαίνεσθαι,
1290 4743 1383 4798 τὸν
1403 4746 1460 4798 ὲν
1479 4745 1622 4818 ἀρχῇ
1647 4746 1784 4818 πρὸς
1817 4749 1908 4802 τὸν

325 4828 460 4882 Θεὸν
483 4830 675 4900 Λόγον,
697 4832 756 4885 ὅν
791 4832 1056 4904 θεολογῶν
1076 4836 1105 4888 6
1123 4833 1294 4907 μέγας
1311 4837 1701 4911 εὐαγγελιστὴς
1735 4840 1911 4894 Ἰωάν-

326 4936 426 4992 νης
454 4921 694 4995 παρίστη
720 4924 914 4994 λέγων’
951 4944 970 4977 ι
1017 4927 1105 4981 Ἐν
1138 4928 1281 5000 ἀρχῇ
1299 4925 1367 5001 ἦν
1388 4930 1417 4982 ὁ
1432 4932 1624 5000 Λόγος,
1641 4934 1737 4987 καὶ
1754 4935 1784 4987 6
1804 4934 1907 4988 Λό-

329 5030 425 5083 γος
446 5010 515 5087 ἦν
544 5016 680 5088 πρὸς
708 5017 800 5071 τὸν
827 5018 981 5085 Θεὸν,
1013 5023 1106 5075 καὶ
1137 5020 1271 5087 Θεὸς
1300 5018 1368 5095 ἦν
1393 5025 1423 5077 6
1451 5024 1645 5094 Λόγος.
1692 5045 1710 5076 ι
1744 5026 1818 5107 Te?
1840 5026 1907 5091 δ’τ

333 5129 356 5161 ι
404 5112 766 5185 Ἐξηρεύξατο
794 5117 828 5187 ἡ
861 5117 1061 5187 καρδία
1107 5136 1208 5190 μου
1232 5118 1391 5189 λόγον
1424 5120 1648 5189 ἀγαθὸν,
1695 5140 1713 5173 ι
1751 5120 1910 5193 εἴπερ

328 5208 396 5261 ὲκ
424 5205 716 5279 προσώπου
744 5208 839 5262 τοῦ
863 5210 1074 5281 Πατρὸς
1094 5211 1189 5264 καὶ
1206 5211 1343 5265 Θεοῦ
1374 5211 1483 5265 τῶν
1511 5212 1648 5266 ὅλων
1676 5212 1909 5283 λέγοιτο,

322 5298 422 5353 τὸν
463 5300 726 5373 μονογενῆ
767 5301 862 5355 τοῦ
912 5302 1049 5356 Θεοῦ
1077 5303 1248 5373 Λόγον
1280 5304 1569 5374 ὑποφαίνοι
1611 5305 1697 5371 ἂν,
1740 5306 1817 5370 ὡς
1846 5305 1913 5361 ἃν

331 5390 460 5444 Υίὸν
497 5394 563 5447 ὲκ
601 5394 695 5449 τοῦ
740 5395 954 5467 [ἰατρὸς
999 5396 1315 5466 ὑφεστῶτα·
1361 5396 1475 5452 ἀλλ’
1509 5399 1571 5452 οὐ
1602 5398 1745 5453 κατά
1777 5416 1914 5470 προ-

326 5482 568 5556 ϐολὴν,ἧ
602 5487 742 5542 κατὰ
769 5488 1055 5561 διαίρεσιν,
1079 5489 1113 5561 ἢ
1140 5489 1334 5562 τομὴν,
1363 5489 1397 5560 ἦ
1433 5491 1679 5562 μείωσιν,
1708 5491 1741 5561 ἢ
1774 5492 1915 5545 κατά

2009 4303 2105 4360 per
2129 4300 2254 4343 eum
2285 4284 2354 4340 de
2379 4300 2490 4356 quo
2520 4284 2661 4339 idem
2692 4283 2945 4339 Psalmus
2966 4283 3337 4339 vaticinatur?
3371 4282 3468 4339 ilic
3493 4299 3588 4339 au-

2008 4388 2116 4435 tem
2139 4386 2225 4435 est
2258 4378 2494 4434 dilectus
2517 4375 2631 4441 Dei,
2660 4391 2761 4446 pro
2794 4391 2906 4447 quo
2935 4375 2991 4431 in
3040 4374 3156 4446 ipsa
3187 4376 3475 4446 prophetia
3504 4377 3589 4432 in-

2009 4472 2307 4545 telligentia
2334 4486 2457 4528 esse
2483 4484 2623 4541 opus
2646 4469 2893 4541 psalmus
2923 4468 3040 4539 ipse
3070 4468 3226 4524 initio
3256 4469 3418 4527 nobis
3448 4486 3591 4541 prae-

2011 4566 2219 4622 scribit.
2247 4564 2404 4632 Quod
2427 4564 2476 4620 si
2502 4562 2721 4620 dubites
2740 4562 2866 4633 quis
2891 4563 2977 4618 hic
3000 4561 3216 4618 tandem
3252 4563 3324 4617 sit
3354 4561 3593 4619 dilectus

2009 4659 2079 4714 de
2102 4673 2211 4728 quo
2255 4659 2310 4713 in
2346 4656 2451 4712 hoc
2482 4655 2692 4726 psalmo
2732 4654 2843 4729 tale
2872 4653 3138 4709 habeatur
3176 4654 3528 4717 vaticinium,
3561 4671 3595 4710 e

2010 4748 2239 4818 vestigio
2261 4746 2361 4801 tibi
2383 4745 2503 4815 ipsa
2533 4745 2709 4800 oratio
2738 4744 3062 4809 declarabit,
3085 4759 3207 4815 qua:
3226 4743 3383 4799 initio
3406 4744 3594 4800 statim

2012 4840 2087 4896 ita
2117 4840 2230 4895 ait:
2269 4847 2288 4892 ἀ
2318 4838 2599 4894 Eructavit
2623 4852 2718 4893 eor
2742 4852 2923 4892 meum
2950 4836 3177 4893 verbum
3197 4837 3426 4892 bonum.
3450 4856 3469 4889 ι
3501 4835 3595 4891 Di-

2013 4934 2157 4990 xerit
2178 4941 2359 4989 autem
2380 4933 2653 5004 quispiam
2674 4933 2854 5004 ipsum
2878 4931 3013 4987 illud
3031 4931 3329 5003 signiﬁcari
3355 4934 3409 4987 in
3441 4934 3595 5003 priu-

2013 5027 2158 5098 cipio
2191 5025 2334 5097 apud
2367 5025 2539 5081 Deum
2570 5024 2832 5090 Verbum,
2864 5025 2932 5079 de
2969 5039 3080 5095 quo
3121 5025 3422 5096 theologice
3458 5027 3597 5081 scri-

2012 5121 2149 5176 bens
2192 5134 2424 5190 magnus
2469 5118 2801 5187 evangelista
2834 5115 3115 5182 Joannes,
3166 5118 3248 5174 sic
3304 5117 3592 5188 loquitur:

2020 5232 2038 5263 ‹
2070 5210 2129 5267 in
2157 5210 2430 5283 principio
2462 5216 2581 5265 erat
2611 5208 2883 5270 Verbum.
2932 5216 2987 5263 et
3023 5206 3261 5265 Verbum
3294 5216 3414 5265 erat
3452 5210 3597 5278 apud

2016 5305 2220 5372 Deum,
2277 5313 2332 5361 et
2389 5304 2535 5360 Deus
2577 5312 2695 5360 erat
2729 5302 2968 5358 Verbum
3020 5302 3097 5368 ἐς
3148 5323 3167 5356 ι
3224 5304 3358 5359 illud
3414 5319 3593 5358 vero:

2020 5419 2040 5451 ι
2085 5398 2366 5454 Eructavit
2415 5413 2514 5451 cor
2558 5412 2738 5451 meum
2770 5397 2997 5452 verbum
3041 5396 3267 5459 bonum,
3314 5416 3332 5447 ι
3378 5396 3424 5452 si
3474 5396 3599 5467 qui-

2017 5492 2139 5547 dem
2169 5508 2234 5548 ex
2267 5504 2502 5562 persona
2540 5488 2723 5546 Patris
2745 5499 2800 5545 et
2832 5488 2925 5544 Dei
2957 5490 3197 5545 universi
3224 5489 3600 5553 dicatur,uni«

322 5591 385 5628 τι
408 5576 517 5631 τῶν
540 5580 600 5631 ὲν
624 5579 870 5652 σώμασιν
903 5582 1337 5654 ὑπονοουμένων*
1376 5584 1548 5655 ἀσεϐῆ
1575 5583 1684 5655 γὰρ
1714 5583 1898 5638 ταῦτα⁴

2020 5600 2144 5640 cum
2176 5587 2414 5655 genitum
2441 5582 2536 5637 Dei
2577 5580 2813 5637 Verbum
2855 5583 3281 5655 signiﬁcaverit,
3337 5590 3598 5652 tanquam

329 5669 427 5724 καὶ
456 5670 689 5742 πάμπαν
714 5674 1075 5748 ἀπῳκισμένα
1096 5676 1196 5747 τῆς
1212 5676 1455 5751 ἀρρήτου
1480 5678 1909 5750 γενεσιουργίας.

2020 5676 2217 5731 Filium
2265 5676 2356 5747 qui
2411 5675 2478 5730 de
2535 5674 2697 5730 Patre
2751 5676 3054 5741 exstiterit,
3112 5692 3220 5731 non
3264 5674 3602 5747 proiectione

440 5846 487 5909 ³9
522 5846 695 5908 Exod.
728 5866 853 5919 xxv,
885 5851 972 5908 40.
1020 5853 1061 5886 ³⁸
1095 5851 1238 5910 Psal.
1286 5870 1429 5920 mv,
1464 5853 1522 5923 ἓ,
1556 5853 1609 5909 ’5.
1688 5854 1729 5887 ³²
1759 5853 1896 5909 ibid.

2020 5852 2073 5908 8.
2139 5853 2198 5936 _”
2225 5850 2361 5908 ibid.
2396 5850 2446 5906 i.
2482 5919 2485 5922 ἠ
2530 5852 2574 5885 ³⁵
2611 5850 2767 5908 Joan.
2800 5869 2840 5918 i,
2876 5854 2924 5913 Ι.
