4158 6418
568 447 675 505 305

1243 429 1512 488 EUSEBII
1550 420 2035 484 CESARIENSIS
2068 416 2220 475 OPP.
2265 411 2468 468 PARS.
2513 408 2577 465 ll.
2601 439 2669 447 ——
2697 399 3214 460 APOLOGETICA.'

3722 389 3828 444 504

573 567 791 635 aliqua,
840 567 933 614 aut
964 557 1263 616 divisione,
1309 557 1403 607 aut
1465 547 1728 610 sectione,
1788 551 1882 596 aut
1913 537 2152 594 diminu-

2266 532 2413 588 Κατά
2447 529 2503 583 δὲ
2541 527 2607 581 τὰ
2639 523 2874 598 πρόσθεν
2907 521 3036 592 ἡμῖν
3076 513 3374 586 νενοημένα
3417 516 3508 565 καὶ
3550 509 3677 564 τάδε
3720 510 3830 582 χρὴ

2397 623 2414 635 ι
2517 619 2573 635 οι
2779 614 2957 635 9----
2997 627 3059 635 ---
3107 608 3210 635 ι-ὶ.
3262 604 3499 635 -ο-ρσλλρ
3529 603 3623 635 ..ηπ
3671 601 3806 635 mea:

575 631 742 722 tione,
775 664 870 712 aut
908 655 1013 707 alia
1047 649 1303 723 quapiam
1341 639 1613 714 ejusmodi
1661 636 1908 696 ratione,
1959 631 2151 700 cujus-

572 754 718 811 modi
757 754 808 807 in
845 745 1169 818 corporibus
1203 751 1502 811 agnoscere
1540 729 1944 789 consuevimus.
1978 721 2153 792 Impia

570 851 716 907 enim
748 846 838 900 illa
869 851 922 899 et
950 839 1172 895 omnino
1204 831 1394 905 procul
1437 827 1672 883 abducta
1697 863 1712 889 ,
1772 823 2037 891 longeque
2067 832 2155 872 se-

572 952 720 1000 mota
753 939 822 994 ab
868 937 959 991 illa
992 927 1343 1005 generatione
1375 917 1654 976 ineﬂ‘abili.
1710 914 1978 969 Czeterum
2001 949 2015 972 ,
2067 924 2154 962 se-

571 1032 812 1092 cundum
871 1043 936 1082 ea
979 1004 1099 1094 qua:
1139 1019 1293 1090 prius
1344 1030 1375 1068 a
1432 1011 1592 1066 nobis
1621 1004 1930 1076 excogitata
1979 1009 2151 1063 sunt,

575 1130 738 1186 etiam
771 1125 886 1180 haec
927 1123 1142 1190 Oportet
1170 1122 1469 1169 assumere,
1502 1101 1647 1176 quod
1696 1093 2152 1167 quemadmodum

574 1221 819 1296 quidem,
846 1214 940 1271 ubi
963 1187 1036 1268 de
1060 1219 1214 1266 utero
1245 1203 1338 1259 Dei
1367 1208 1422 1257 et
1456 1205 1581 1252 ante
1600 1191 1909 1249 Luciferum
1938 1187 2154 1259 genitus

575 1289 802 1374 dicitur,
838 1308 1066 1378 ﬁgurate
1105 1315 1206 1356 nos
1236 1297 1364 1351 talia
1396 1290 1696 1360 intelligere
1725 1291 1959 1354 oportet,
1986 1289 2039 1335 et
2064 1295 2155 1334 se-

575 1407 815 1474 cundum
843 1392 1336 1457 considerationem
1375 1387 1523 1440 illam
1557 1381 1822 1436 duntaxat
1847 1389 1967 1445 quae
1993 1371 2059 1427 de
2089 1371 2156 1426 iis

577 1469 744 1557 rebus
778 1495 1031 1553 habetur,
1063 1501 1183 1557 quae
1212 1481 1328 1538 sola
1356 1471 1714 1544 intelligentia
1746 1467 2060 1537 capiuntur,
2085 1463 2156 1516 ita

577 1555 742 1648 etiam
803 1582 936 1640 illud
1005 1555 1252 1645 accipere
1313 1568 1614 1625 debemus:
1667 1579 1687 1614 ι
1738 1555 2018 1614 Eructavit
2062 1568 2160 1607 cor

579 1698 758 1739 meum
799 1676 1027 1733 verbum
1065 1671 1316 1726 bonum:
1356 1683 1374 1717 ι
1435 1659 1596 1731 180
1643 1654 1789 1728 quod
1824 1651 2043 1724 quidem
2077 1648 2162 1704 di-

577 1777 740 1833 vinus
755 1770 996 1844 Spiritus
1027 1762 1330 1822 secundum
1363 1756 1536 1813 solam
1566 1746 1976 1821 intelligentiam
2005 1756 2162 1797 enar-

577 1877 685 1926 rat.
709 1835 920 1934 Quibus
953 1874 1085 1916 sane
1127 1870 1229 1910 nos
1276 1849 1501 1906 verbum
1550 1842 1684 1900 illud
1707 1881 1722 1908 ,
1783 1853 1884 1910 pro
1913 1835 2158 1892 clausula

579 1961 780 2022 addere
833 1964 1125 2028 possumus
1155 1946 1291 2004 satis
1337 1936 1644 2003 commode,
1673 1930 1821 2006 quod
1853 1939 1908 1986 et
1933 1944 2166 1984 consue-

578 2018 759 2112 vimus
783 2018 852 2105 in.
869 2043 1127 2104 omnibus
1165 2039 1347 2095 dicere
1372 2046 1494 2105 quae
1515 2029 1583 2085 de
1626 2027 1719 2083 illo
1751 2021 2054 2094 theologice
2081 2018 2158 2076 fe-

580 2158 799 2211 runtur,
831 2153 886 2200 et
922 2137 1072 2198 omni
1113 2136 1310 2208 pietate
1348 2127 1610 2185 refertum
1637 2130 1740 2179 est.
1783 2139 1802 2172 ι
1839 2114 2151 2174 Generatio-

580 2257 706 2301 nem
744 2239 864 2310 ejus
896 2234 1021 2306 quis
1050 2225 1329 2286 enarrabit
1367 2222 1453 2275 "?
1487 2241 1505 2272 ι
1540 2213 1803 2286 Quamvis
1833 2209 2159 2267 mortalibus

582 2331 948 2399 humanisque
973 2321 1200 2379 vocibus
1234 2313 1621 2372 consueverint
1660 2307 1819 2363 nobis
1852 2305 2044 2359 litterze
2077 2300 2154 2355 di-

580 2429 722 2484 vinae
747 2423 911 2480 etiam
954 2418 1100 2474 illius
1123 2419 1303 2468 ortum
1347 2418 1640 2477 exponere,
1666 2406 1721 2455 et
1750 2397 1888 2453 uteri
1924 2393 2163 2450 vocabu-

582 2521 696 2577 lum
729 2519 787 2573 in
822 2529 890 2572 eo
921 2520 1192 2580 usurpare
1219 2523 1232 2559 :
1277 2502 1392 2556 hac
1417 2497 1564 2554 enim
1594 2493 1711 2550 sola
1740 2486 2160 2560 contemplatio-

523 2642 527 2646 -
583 2630 653 2671 ne
678 2606 981 2668 secundum
1008 2579 1419 2669 intelligentiam
1461 2589 1792 2660 capiuntur,
1849 2596 1950 2637 nec
2006 2579 2164 2634 aliter

582 2666 802 2778 quidem
831 2710 995 2768 quam
1022 2691 1070 2749 si
1099 2666 1309 2759 legibus
1344 2680 1634 2752 allegoriae,
1671 2689 1792 2748 quae
1833 2666 2164 2743 permutatio

583 2762 807 2859 dicitur,
832 2762 1077 2859 subjecta
1109 2781 1348 2847 fuerint;
1379 2792 1486 2848 qua
1518 2771 1738 2845 quidem
1765 2767 1979 2823 ratione
2000 2762 2164 2818 etiam

583 2891 718 2950 illud
747 2908 761 2944 :
809 2905 827 2938 ι
859 2877 1140 2938 Eructavit
1177 2888 1273 2928 cor
1305 2883 1485 2924 meum
1515 2863 1740 2919 verbum
1775 2859 2002 2918 bonum,
2047 2872 2067 2906 ›
2099 2851 2168 2906 de

586 2983 748 3058 primi
778 2975 942 3033 Verbi
963 2965 1354 3026 constitutione
1382 2961 1638 3027 illiusque
1665 2947 2057 3024 propagatione
2085 2943 2168 2998 di-

1302 3053 1341 3058 μ
1570 3048 1605 3058 ,_
1831 3041 1875 3058 ,Α
1925 3053 2031 3058 μη
2067 3034 2133 3058 Α,

586 3034 735 3131 ctum
763 3084 885 3126 esse
904 3109 920 3134 ,
961 3060 1232 3135 quispiam
1262 3048 1634 3111 allirmaverit,
1663 3041 1886 3116 quando
1925 3053 2034 3092 non
2065 3034 2167 3089 ali-

585 3175 672 3221 ter
699 3179 815 3226 cor,
847 3126 1147 3214 secundum
1197 3144 1330 3200 illud
1387 3156 1484 3198 cor
1532 3141 1797 3194 duntaxat
1846 3129 1995 3202 quod
2025 3126 2167 3198 apud

591 3277 694 3318 nos
731 3252 1072 3324 intelligitur,
1105 3245 1158 3299 in
1183 3241 1294 3296 Deo
1325 3237 1484 3291 Patre
1515 3229 1766 3300 accipere
1809 3225 1891 3280 l‘as
1925 3227 2010 3278 est
2043 3239 2056 3274 :
2100 3218 2162 3271 Et

975 3340 1115 3395 alius
1160 3330 1470 3405 quispiam:
1511 3344 1530 3378 ‹
1571 3319 1810 3376 Verbum
1859 3314 2005 3387 quod
2050 3321 2168 3368 erat

592 3817 739 3871 hunc
768 3812 836 3867 de
862 3779 972 3880 quo
1006 3804 1113 3859 tale
1141 3794 1462 3854 vaticinium
1496 3789 1692 3848 fcrtur,
1729 3783 1898 3842 hunc,
1924 3779 2170 3846 inquam,

592 3907 774 3977 ipsum
807 3877 1063 3956 dilectum
1105 3891 1234 3955 Dei,
1293 3891 1519 3942 unctum
1566 3877 1734 3932 fuisse
1773 3885 1970 3927 rursus
1998 3907 2013 3932 ,
2062 3881 2174 3922 non

1529 3972 1539 3977 -
1684 3969 1699 3977 .
1817 3965 1829 3977 ,
2057 3959 2074 3977 _
2108 3958 2166 3977 *ι

595 3958 758 4058 sicuti
791 4011 823 4050 a
856 3992 1005 4048 Mose
1034 3994 1127 4042 aut
1150 3984 1218 4038 ab
1242 3981 1349 4035 alio
1377 3972 1635 4048 quopiam
1684 3965 1906 4024 homine
1930 4003 1945 4026 ,
1981 3959 2074 4017 sed
2105 3958 2174 4013 ab

596 4098 716 4167 ipso
740 4087 981 4160 ingenito
1010 4091 1059 4138 et
1091 4075 1272 4133 omnia
1299 4069 1441 4126 infra
1470 4066 1712 4135 seipsum
1751 4057 1986 4112 habente
2029 4050 2170 4114 Deo,

1174 4164 1202 4167 -
1427 4159 1438 4167 .
1591 4153 1603 4164 .
1747 4166 1752 4167 ί
1847 4145 2170 4167 “unum”

595 4145 759 4253 artque
789 4145 908 4248 ejus
955 4171 1129 4242 ipsius
1174 4164 1372 4226 Patre,
1425 4153 1787 4212 inveniemus.
1843 4145 2174 4215 Progressus

1417 4250 1446 4253 _
1857 4239 1891 4253 ,_
1949 4245 1992 4253 __
2031 4233 2172 4253 nn“

596 4233 763 4352 igitur
791 4233 1049 4336 deinceps
1084 4262 1164 4318 sic
1194 4258 1270 4313 ait
1298 4272 1312 4307 :
1343 4272 1361 4305 ί
1416 4250 1708 4319 Pr0pterca
1742 4239 1900 4296 unxit
1949 4245 2001 4292 te
2031 4233 2175 4290 Deus

1344 4346 1355 4352 -
1426 4347 1457 4352 ν,
1540 4341 1551 4352 ,
1818 4329 2172 4352 -λ-,ἶΑε-ηω

597 4329 743 4425 Deus
806 4371 936 4417 tuus
987 4329 1129 4410 —oleo
1205 4341 1586 4405 exsultationis
1652 4352 1762 4409 pne
1817 4329 2176 4404 participibus

597 4463 707 4516 tuis
728 4422 779 4490 7"
808 4474 822 4512 :
874 4473 892 4506 ι
924 4464 1048 4506 eum
1097 4445 1265 4516 igitur
1295 4438 1386 4510 qui
1422 4434 1587 4504 hujus
1621 4442 1839 4501 quoque
1869 4422 2064 4496 psalmi
2097 4432 2177 4476 te-

599 4545 856 4606 stimonio
885 4548 1084 4594 unctus
1107 4547 1230 4588 esse
1257 4527 1492 4588 dicitur,
1534 4534 1773 4593 quonam
1801 4518 1908 4570 alio
1957 4513 2179 4568 nomine

598 4603 723 4711 quis
752 4626 1104 4706 appellaverit
1129 4637 1293 4692 quam
1343 4612 1654 4672 Christum?
1684 4609 1961 4663 Habemus
2011 4603 2178 4674 igitur
2209 4623 2253 4676 ι)

596 4697 709 4804 jam
747 4697 892 4782 nunc
923 4725 978 4776 in
1002 4721 1087 4774 his
1133 4713 1337 4775 verbis,
1373 4709 1511 4764 duas
1541 4705 1705 4775 hujus
1728 4742 1743 4766 ,
1784 4702 1877 4772 qui
1913 4698 2008 4753 tali
2040 4697 2179 4750 vati-

599 4789 746 4880 cinio
776 4816 1120 4891 praedicatur,
1154 4801 1652 4863 denominationes,
1691 4792 1897 4850 Christi
1938 4799 1993 4846 et
2045 4789 2180 4843 dile-

602 4917 697 4980 cti,
722 4927 848 4969 cum
883 4911 998 4978 ipse
1028 4899 1308 4959 unctionis
1346 4901 1538 4950 auctor
1567 4906 1712 4944 unus
1741 4895 1795 4942 et
1824 4887 1967 4940 idem
1990 4882 2062 4938 sit
2089 4880 2178 4934 di-

601 5018 723 5062 ctus
751 5023 764 5059 :
795 5000 1056 5072 quocirca
1084 4999 1284 5049 unctus
1301 5003 1423 5043 esse
1449 4983 1649 5040 dicitur
1672 4982 1742 5046 is,
1766 4979 1834 5034 de
1862 4993 1971 5047 quo
2001 4987 2181 5029 sermo

600 5109 707 5164 est,
730 5099 852 5152 oleo
884 5085 1288 5147 exsultationis,
1322 5092 1379 5136 ut
1405 5094 1467 5135 ea
1496 5092 1661 5131 causa
1685 5073 2039 5141 intelligatur,
2062 5080 2184 5136 qua:

603 5187 943 5266 percurrenti
972 5184 1067 5239 tibi
1101 5193 1295 5252 pauca,
1319 5175 1404 5233 vel
1449 5171 1663 5243 potius,
1715 5179 1931 5221 onmem
1989 5160 2177 5213 talium

603 5287 896 5345 verborum
936 5293 1156 5337 sensum
1211 5265 1557 5342 dispicienti,
1621 5257 1916 5316 constabit.
1969 5250 2184 5309 Profert

603 5379 770 5452 igitur
801 5374 1045 5446 psalmus
1078 5369 1256 5437 ipsum
1299 5339 1463 5431 plane
1503 5355 1572 5410 de
1609 5365 1717 5423 quo
1747 5346 1963 5402 interim
1995 5339 2185 5395 vatici-

605 5481 790 5536 natur,
823 5471 1024 5539 ipsum,
1064 5463 1310 5532 inquam,
1346 5457 1443 5510 Dei
1477 5453 1756 5509 dilectum,
1794 5440 2100 5506 alloquens,
2121 5446 2185 5484 ea

604 5565 770 5621 verba
800 5573 922 5631 quae
951 5555 1108 5627 paulo
1131 5559 1258 5606 ante
1293 5546 1542 5617 exposita
1583 5545 1731 5600 sunt,
1760 5535 1814 5589 in
1844 5529 2046 5600 quibus
2071 5523 2188 5578 dic-

609 5668 726 5714 tum
756 5664 876 5709 est:
911 5669 929 5701 ι
966 5646 1137 5702 Sedes
1168 5651 1259 5696 tua
1284 5680 1300 5704 ,
1343 5638 1520 5699 Deus,
1565 5634 1620 5687 in
1669 5625 1926 5686 saeculum
1981 5615 2186 5675 saeculi,

606 5753 756 5820 virga
795 5739 1139 5802 directionis,
1170 5736 1319 5804 virga
1377 5728 1530 5798 regni
1583 5725 1698 5790 tui;
1754 5713 1993 5774 dilexisti
2020 5708 2188 5783 justi-

685 5931 724 5962 ³⁸
753 5930 852 5983 lsa.
887 5937 1006 5989 xm,
1036 5921 1088 5974 3.
1165 5917 1208 5949 "
1247 5911 1388 5967 Psal.
1429 5922 1572 5971 xuv,
1603 5906 1654 5957 8.

2258 619 2717 696 μεταλαμϐάνειν,
2772 614 2961 684 ῶσπερ
2996 627 3061 680 γε
3103 608 3212 662 ἀπὸ
3262 604 3499 677 γαστρὸς
3529 603 3623 656 τοῦ
3671 601 3831 664 Θεοῦ,

2255 693 2347 770 καὶ
2388 715 2494 786 πρὸ
2539 708 2847 780 Ἑωσφόρου
2880 705 3096 773 ἐλέγετο
3129 696 3485 771 γεγεννῆσθαι
3508 736 3522 759 ,
3556 693 3836 766 τροπικῶς

2254 811 2559 866 ἀκουόντων
2593 804 2749 876 ἡμῶν
2777 801 2846 856 τὰ
2869 797 3114 858 τοιαῦτα,
3155 795 3250 848 καὶ
3278 791 3417 845 κατὰ.
3449 790 3616 861 μόνην
3645 786 3744 857 τὴν
3774 787 3834 840 ὲν

2255 905 2464 974 νοητοῖς
2510 896 2747 970 θεωρίαν
2779 893 2841 946 τὸ
2875 887 3259 962 παραπλήσιον
3304 879 3663 952 ἀποδέχεσθαι
3706 877 3834 948 χρή.

2256 971 2363 1050 καὶ
2390 997 2446 1048 ὲν
2476 991 2573 1063 τῷ,
2609 1008 2628 1042 ι
2675 983 3032 1058 Ἐξηρεύξατο
3074 982 3108 1050 ἠ
3154 976 3350 1049 καρδία
3383 991 3484 1046 μου
3509 971 3665 1040 λόγον
3700 971 3840 1038 ἀγα-

2257 1089 2368 1152 θὸν,
2395 1105 2415 1139 ι
2449 1060 2592 1139 κατὰ
2625 1081 2792 1153 μόνην
2822 1076 3062 1131 διάνοιαν
3092 1071 3186 1125 τοῦ
3219 1069 3364 1123 θείου
3397 1065 3717 1136 Πνεύματος
3741 1060 3838 1117 καὶ

2254 1179 2428 1234 ταῦτα
2455 1173 2763 1241 διεξιόντος,
2796 1169 2879 1238 ἐφ’
2927 1160 3010 1229 οἷς
3037 1163 3129 1217 καὶ
3157 1159 3252 1216 νῦν
3290 1160 3420 1234 ἡμῖν
3453 1155 3632 1224 λέγειν
3665 1169 3837 1224 προσ-

2257 1273 2381 1344 ήκει
2407 1268 2472 1322 τὸ
2509 1263 2738 1337 σύνηθες
2767 1261 2852 1332 ἐφ’
2882 1258 3114 1312 ἑκάστου
3142 1252 3251 1308 τῶν
3293 1249 3423 1322 περὶ
3456 1247 3620 1303 αὑτοῦ
3653 1244 3838 1299 θεολο-

2256 1336 2562 1434 γουμένων,
2607 1336 2703 1412 καὶ
2737 1351 2957 1415 εὐσεϐὲς
2997 1351 3171 1404 ἐκεῖνο
3207 1344 3391 1416 ῥῆμα·
3440 1360 3458 1393 ‹
3504 1339 3615 1412 Τὴν
3643 1336 3836 1407 γενεὰν

2258 1427 2423 1510 αὐτοῦ
2460 1452 2543 1516 τίς
2577 1450 2933 1519 διηγήσεται;
2969 1461 2988 1495 ι
3035 1439 3140 1519 κᾶν
3181 1438 3403 1508 θνηταῖς
3431 1435 3526 1488 καὶ
3557 1427 3838 1500 ἀνθρωπί-

2259 1563 2379 1609 ναις
2425 1542 2633 1614 φωναῖς
2654 1515 2911 1608 ⁷συνήθως
2957 1534 3088 1604 ἡμῖν
3123 1517 3190 1582 ἀί
3225 1527 3363 1581 θεῖαι
3396 1521 3612 1596 Γραφαὶ
3652 1517 3748 1572 καὶ
3778 1515 3841 1572 τὸ

2257 1612 2547 1708 γεννᾶσθαι
2581 1629 2895 1697 ὲπιλέγωσι,
2939 1623 3035 1678 καὶ
3082 1623 3143 1673 τὸ
3173 1615 3410 1688 γαστρὸς
3443 1612 3612 1682 ὄνομα
3663 1624 3842 1677 παρα-

2258 1700 2598 1800 λαμϐάνωσι.
2643 1721 2830 1775 Ταῦτα
2857 1718 2966 1790 γὰρ
3017 1715 3184 1787 μόνης
3211 1711 3394 1781 ἔχεται
3428 1706 3526 1777 τῆς
3557 1701 3698 1757 κατά
3725 1700 3842 1754 διά-

2261 1795 2410 1878 νοιαν
2447 1817 2701 1890 θεωρίας,
2726 1813 2832 1866 οὐδ’
2860 1810 3032 1872 άλλως
3064 1808 3099 1877 ἢ
3129 1805 3313 1876 νόμοις
3343 1797 3671 1870 ἀλληγορίας
3705 1795 3841 1847 ὑπο-

2197 1907 2239 1961 Β
2268 1912 2609 1984 ϐεϐλημένα·
2643 1903 2928 1978 ῶσπεροῦν
2958 1902 3052 1955 καὶ
3075 1899 3163 1952 τόο
3198 1916 3216 1948 ‹
3259 1890 3620 1966 Ἐξηρεύξατο
3641 1891 3676 1957 ὴ
3707 1903 3844 1958 καρ-

2259 2007 2346 2061 δία
2372 1979 2470 2077 μου
2495 2001 2653 2070 λόγον
2692 1995 2920 2067 ἀγαθὸν,
2961 2011 2980 2045 ι
3011 1989 3139 2062 περὶ
3171 1989 3271 2060 τῆς
3297 1985 3390 2039 τοῦ
3422 1981 3639 2056 πρώτου
3667 1979 3841 2048 Λόγου

2263 2072 2570 2157 ωστάσεὼς
2602 2108 2660 2146 τε
2691 2090 2787 2144 καὶ
2819 2084 3126 2146 οὑσιώσεως
3155 2081 3221 2136 ἂν
3251 2079 3385 2149 φαίη
3409 2093 3493 2140 τις
3525 2072 3839 2146 εἰρημένονο

2265 2189 2387 2240 ἐπεὶ
2417 2183 2538 2257 μηδ’
2575 2179 2750 2243 ἄλλως
2780 2175 3006 2250 καρδίαν
3031 2172 3128 2227 καὶ
3151 2170 3250 2242 τὴν
3284 2169 3415 2239 παρ’
3450 2167 3585 2236 ⁴ἡμῖν
3616 2161 3846 2232 νοουμέ-

2262 2298 2380 2350 νην,
2405 2277 2500 2331 καὶ
2522 2274 2615 2328 ἐπὶ
2641 2271 2736 2326 τοῦ
2766 2269 2874 2326 τῶν
2892 2268 3029 2322 ὅλων
3051 2263 3186 2318 Θεοῦ
3211 2259 3430 2332 θεμιτὸν
3457 2255 3843 2327 ἐκλαμϐάνειν.

2277 2346 2436 2426 vim
2463 2370 2572 2440 γὰρ
2607 2367 2636 2419 6
2677 2364 2776 2437 μέν
2811 2379 2896 2427 τις
2923 2360 3110 2415 τοῦτον
3137 2354 3276 2410 εἶναι
3312 2354 3403 2407 τὸν
3435 2355 3494 2405 ὲν
3530 2351 3674 2421 ἀρχῇ
3708 2346 3846 2418 πρὸς

2264 2466 2354 2520 τὸν
2373 2463 2506 2518 Θεὸν
2530 2439 2700 2529 Λόγον
2727 2457 2896 2527 φήσαι
2928 2454 2994 2508 ἂν
3019 2452 3110 2506 τὸν
3137 2447 3336 2521 ψαλμῷ
3361 2443 3710 2517 δηλούμενον,
3743 2439 3850 2493 Λό-

2265 2576 2360 2628 γον
2406 2554 2630 2616 εἰκότως
2669 2547 3054 2620 ὠνομασμένον
3099 2542 3324 2612 ἀγαθὸν,
3349 2537 3427 2600 ὡς
3468 2537 3534 2590 ἂν
3560 2533 3653 2588 τοῦ
3711 2549 3847 2585 παν-

2267 2622 2473 2716 αγάθου
2493 2641 2705 2714 Πατρὸς
2731 2639 2860 2694 ὅντα
2884 2638 3158 2708 γέννημαο
3186 2633 3347 2704 ἡμεῖς
3363 2628 3440 2694 δὲ,
3473 2624 3653 2699 μικρῷ
3683 2625 3740 2676 ὲν
3768 2622 3848 2692 τῷ

2266 2713 2468 2807 ψαλμῷ
2509 2713 2884 2808 προελθόντες,
2915 2729 3006 2782 τὸν
3041 2726 3541 2800 προφητευόμενον,
3577 2716 3741 2771 αὑτὸν
3782 2713 3850 2784 δὴ

2267 2806 2453 2882 τοῦτον
2481 2806 2572 2880 τὸν
2605 2823 2886 2895 ἀγαπητὸν
2917 2819 3012 2874 τοῦ
3045 2817 3202 2880 Θεοῦ,
3235 2809 3524 2886 κεκρίσθαι
3553 2807 3716 2862 πάλιν
3745 2806 3850 2877 οὐχ

2270 2917 2372 2976 ὧδε
2410 2920 2597 2990 ὥσπερ
2631 2918 2737 2972 ὑπὸ
2777 2913 3040 2979 Μωσέως,
3075 2908 3182 2963 οὐδ’
3215 2907 3290 2971 ὼς
3330 2903 3435 2959 ὑπό
3466 2918 3611 2965 τινος
3650 2898 3760 2953 τῶν
3789 2900 3851 2951 ὲν

2270 3012 2597 3087 ἀνθρώποις,
2648 3009 2762 3065 ἀλλ’
2811 3009 2902 3061 ὑπ’
2953 3001 3118 3060 αὑτοῦ
3163 2999 3257 3054 τοῦ
3294 2997 3569 3052 ἀνωτάτου
3619 2992 3714 3047 καὶ
3757 2991 3854 3044 ἐπὶ

2271 3083 2489 3161 πάντων
2517 3103 2653 3157 Θεοῦ
2691 3119 2752 3156 τε
2781 3099 2874 3154 καὶ
2900 3097 3114 3168 Πατρὸς
3141 3090 3307 3148 αὐτοῦ
3332 3091 3657 3161 εὑρήσομεν.
3685 3083 3850 3151 Λέγει

2273 3201 2316 3255 δ’
2341 3196 2435 3254 οὖν
2464 3196 2592 3268 ἑξῆς
2629 3192 2863 3267 προῖώνο
2900 3209 2918 3244 ι
2955 3189 3056 3243 Διά
3085 3185 3244 3239 τοῦτο
3288 3180 3472 3254 ἔχρισὲ
3507 3196 3567 3232 σε
3607 3179 3636 3230 6
3663 3174 3796 3237 Θεὸς
3821 3173 3854 3225 6

2195 3279 2238 3336 Ο
2271 3293 2402 3358 Θεός
2451 3307 2545 3344 σου
2597 3288 2774 3341 ἔλαιον
2817 3281 3188 3355 ἀγαλλιάσεως
3227 3274 3379 3348 παρά
3418 3273 3545 3333 τοὺς
3588 3268 3851 3340 μετόχους

2276 3404 2390 3440 σου.
2409 3403 2426 3436 ι
2445 3383 2556 3437 Καὶ
2576 3381 2641 3453 δὴ
2650 3376 2751 3434 οὖν
2763 3374 3041 3432 κάνταῦθα
3057 3372 3146 3426 ὑπ’
3173 3367 3338 3423 αὑτοῦ
3359 3367 3450 3419 ἐπὶ
3471 3362 3688 3416 πάντων
3709 3356 3848 3411 Θεοῦ

2126 3455 2171 3547 i;
2271 3478 2552 3552 κεχρίσθαι
2601 3469 3117 3547 μεμαρτυρημένον,
3149 3464 3267 3529 πῶς
3298 3461 3364 3517 ἂν
3395 3459 3570 3522 ἄλλως
3613 3474 3699 3519 τις
3735 3455 3855 3509 6-29-

2277 3549 2498 3648 μάσειεν
2526 3573 2558 3644 ἢ
2604 3569 2874 3642 Χριστόν;
2920 3566 3156 3636 Ἔχομεν
3193 3555 3480 3630 τοιγαροῦν
3511 3553 3610 3626 ἤδη
3641 3552 3736 3604 καὶ
3765 3549 3856 3603 διὰ

2152 3720 2169 3746 ,
2273 3642 2479 3724 τούτων
2507 3642 2599 3719 δῦο
2629 3663 2723 3716 τοῦ
2757 3656 3150 3729 θεσπιζομένου
3187 3648 3582 3724 προσηγορίας,
3612 3642 3852 3718 Χριστοῦ

2274 3763 2370 3817 καὶ
2405 3755 2712 3830 ἀγαπητοῦ,
2743 3754 2861 3816 ὲνὸς
2897 3752 2991 3805 καὶ
3023 3748 3117 3803 τοῦ
3155 3745 3321 3801 αὐτοῦ
3363 3739 3726 3813 κεκλημένου,
3757 3734 3855 3789 τοῦ

2273 3856 2372 3926 τῆς
2413 3827 2647 3924 χρίσεως
2677 3845 2871 3901 αἰτίου.
2901 3841 2992 3896 Διὸ
3018 3841 3236 3910 λέγεται
3274 3833 3562 3908 κεχρίσθαι
3593 3833 3622 3884 6
3661 3827 3857 3901 δηλού-

2562 3943 2662 4012 τῆς
2686 3937 3058 4010 ἀγαλλιάσεως
3091 3933 3279 4004 ἐλαίῳ,
3304 3929 3402 4002 τὴν
3432 3927 3612 3981 αἰτίαν
3641 3921 3857 3977 ἐκδιδά-

2278 4017 2420 4107 σκει,
2466 4040 2589 4111 ἥτις
2627 4033 2988 4107 ἀναδραμόντι
3029 4047 3112 4084 σοι
3158 4027 3372 4101 μικρὸν,
3419 4022 3618 4096 μᾶλλον
3664 4020 3720 4074 δὲ
3759 4017 3859 4088 τὴν

2278 4137 2458 4188 πᾶσαν
2516 4129 2755 4185 διάνοιαν
2802 4125 2903 4196 τῆς
2962 4123 3163 4191 λέξεως
3207 4118 3663 4188 ὲπιθεωρήσαντι,
3715 4112 3855 4183 δήλη

2278 4228 2450 4282 ἔσται.
2479 4225 2616 4296 Φησὶ
2635 4221 2813 4277 τοίνυν
2837 4221 2866 4273 ὁ
2901 4218 3116 4289 ψαλμὸς
3143 4212 3292 4284 αὑτῷ
3317 4211 3383 4284 δὴ
3408 4209 3487 4282 τῷ
3512 4221 3859 4279 προφητευο·

2281 4318 2426 4390 μένῳ
2446 4295 2669 4387 Χριστῷ
2711 4312 2804 4366 καὶ
2833 4306 3102 4378 ἀγαπητῷ
3125 4305 3218 4360 τοῦ
3237 4303 3396 4365 Θεοῦ,
3415 4296 3756 4373 προσφωνῶν
3785 4295 3860 4350 τά

2283 4388 2461 4483 μικρῷ
2490 4405 2724 4479 πρόσθεν
2745 4398 3116 4470 ὲκτεθειμένα,
3140 4399 3196 4452 ὲν
3223 4391 3304 4459 οἷς
3320 4395 3524 4467 εἴρητο·
3555 4409 3573 4442 r
3598 4391 3658 4442 '0
3670 4388 3860 4459 θρόνος

2281 4480 2398 4567 σου,
2421 4505 2450 4556 6
2476 4500 2627 4562 Θεὸς,
2651 4499 2729 4560 εἰς
2744 4495 2834 4548 τὸν
2863 4492 3033 4548 αἰῶνα
3053 4490 3149 4544 τοῦ
3168 4488 3381 4550 αἰῶνοςο
3411 4483 3604 4558 ῥάΰδος
3623 4480 3858 4549 εὐθύτη-

2281 4614 2371 4659 τος
2390 4597 2423 4666 ὴ
2442 4593 2634 4666 ῥάϐδος
2645 4591 2743 4662 τῆς
2757 4585 3032 4659 βασιλείας
3049 4599 3164 4636 σουο
3183 4581 3474 4652 ἠγάπησας
3488 4572 3858 4644 δικαιοσύνην,

2282 4693 2372 4745 καὶ
2401 4689 2666 4760 ἐμίσησας
2699 4680 2944 4737 ἀδικίαν·
2983 4678 3071 4732 διὰ
3107 4679 3267 4732 τοῦτο
3292 4674 3473 4747 ἔχρισε
3507 4689 3566 4726 σε
3609 4674 3638 4725 6
3670 4669 3806 4733 Θεὸς
3832 4670 3862 4722 6

2279 4783 2414 4846 Θεός
2431 4797 2523 4833 σου
2540 4778 2714 4832 ἔλαιον
2727 4771 3100 4843 ἀγαλλιάσεως
3122 4767 3274 4840 παρὰ
3293 4767 3417 4829 τοὺς
3437 4763 3693 4837 μετόχους
3707 4777 3854 4816 σου.»

2283 4875 2486 4945 Σκὲψαι
2532 4869 2840 4942 τοιγαροῦν,
2881 4869 2930 4920 εἰ
2964 4865 3038 4937 μὴ
3081 4863 3200 4934 Θεῷ
3232 4860 3406 4915 ταῦτα
3456 4858 3861 4930 προσφωνεῖται

2283 4943 2558 5036 ἄντικρυς·
2604 4984 2620 5014 ς
2662 4962 2733 5015 Σὺ
2777 4981 2796 5013 ι
2834 4959 2965 5032 γὰρ,
3001 4957 3185 5027 φησιν,
3222 4971 3240 5005 ‹
3276 4954 3306 5006 6
3339 4951 3499 5015 Θεὸς,
3539 4969 3558 5000 ι
3592 4948 3713 5002 ἀντὶ
3741 4943 3860 5009 τοῦ,

2282 5054 2326 5112 ὦ
2356 5058 2478 5122 Θεὲ,
2500 5057 2529 5108 6
2559 5054 2746 5126 θρόνος
2777 5069 2870 5105 σου
2906 5053 2984 5113 εἰς
3012 5049 3103 5101 τὸν
3132 5045 3304 5100 αἰῶνα
3335 5042 3428 5096 τοῦ
3459 5040 3653 5102 αἰῶνος
3679 5039 3860 5109 ὑπάρ-

2283 5165 2389 5218 χει,
2423 5145 2518 5199 καὶ
2559 5125 2752 5215 ῥάϐδος
2805 5139 3098 5209 εὐθύτητος
3142 5137 3177 5206 ἡ
3230 5131 3423 5206 ῥάϐδος
3456 5129 3553 5200 τῆς
3587 5125 3862 5198 βασιλείας

2288 5217 2403 5294 σου.
2441 5239 2550 5293 Καὶ
2581 5221 2706 5290 ἐπεὶ
2742 5236 2805 5288 σὺ
2836 5233 2996 5295 αὐτὸς
3024 5233 3053 5283 6
3094 5228 3227 5291 Θεὸς
3263 5225 3555 5294 ἠγάπησας
3587 5217 3862 5274 δικαιοσύο

2287 5351 2404 5403 νην,
2449 5331 2544 5383 καὶ
2577 5327 2845 5399 ἐμίσησας
2893 5320 3125 5384 ἀδικίαν,
3169 5316 3258 5370 διὰ
3303 5313 3463 5368 τοῦτο
3511 5311 3695 5383 ἔχρισέ
3738 5326 3798 5364 σε
3833 5310 3866 5363 6

2287 5426 2418 5487 Θεὸς
2457 5425 2484 5475 6
2513 5421 2644 5483 Θεός
2678 5435 2792 5482 σου,
2832 5414 2928 5468 καὶ
2962 5409 3194 5483 Χριστόν
3227 5424 3284 5462 σε
3327 5409 3480 5476 παρά
3513 5405 3719 5464 πάντας
3758 5417 3864 5454 κα-

2288 5517 2603 5585 τεστήσατο.
2649 5530 2668 5562 ι
2699 5506 3032 5576 Λευκότερον
3064 5502 3121 5556 δὲ
3152 5501 3356 5555 τούτων
3388 5499 3422 5569 η
3461 5495 3724 5567 Ἐϐραίων
3758 5509 3866 5545 πα-

2295 5582 2507 5675 ρίστησι
2554 5600 2764 5672 γραφὴ,
2818 5597 2884 5668 ἣν
2941 5593 3079 5664 πρὸς
3136 5589 3424 5662 ἀκρίϐειαν
3479 5583 3795 5658 ἑρμηνεύων
3833 5582 3866 5635 6

2304 5695 2552 5757 Ἀκύλας,
2581 5686 2681 5760 ᾧδέ
2713 5705 2828 5751 πως
2850 5685 3107 5751 ἐξέδωκεν
3135 5679 3331 5735 εἰπών’
3371 5698 3388 5730 ι
3437 5678 3496 5730 ’0
3522 5674 3709 5748 θρόνος
3742 5689 3863 5743 σου,
