4120 6420
387 284 502 340 505

1316 277 1974 339 DEMONSTRATIONIS
2008 279 2466 339 EVANGELICJE
2505 276 2643 336 LIB.
2682 279 2773 335 IV.
3555 286 3663 341 τοο
3776 306 3786 314 ·

383 401 512 463 (act,
548 400 631 462 εἰς
681 397 853 453 αίῶνα
888 398 984 454 καὶ
1027 396 1138 451 ἔτιο
1177 399 1454 471 σκῆπτρον
1504 398 1794 468 εὐθύτητος
1842 400 1954 471 σκῆ·

2078 400 2231 466 tiam,
2265 408 2321 456 et
2351 398 2524 457 odisti
2555 397 2932 470 iniquitatem:
2959 405 3246 472 propterea
3263 400 3421 454 unxit
3440 408 3493 455 te
3514 400 3662 459 Deus

385 509 563 565 πτρον
595 492 873 563 βασιλείας
902 509 1015 547 σου.
1057 493 1375 564 Ἠγάπησας
1404 492 1632 549 δίκαιον.
1663 493 1757 547 καὶ
1783 493 1977 567 ἐμίση-

382 603 491 650 σας
541 586 823 657 ἀσέϐημα⁸
866 585 962 639 ἐπὶ
1015 584 1188 657 τούτῳ
1240 585 1433 658 ήλειφέ
1490 603 1550 639 σε
1583 588 1612 639 6
1644 586 1720 659 (1)
1758 586 1888 652 Θεὸς
1944 588 1973 640 6

381 679 521 744 Θεός
560 696 657 732 σου
713 679 891 733 ἔλαιον
934 680 1111 751 χαρᾶς
1158 679 1268 734 ἀπὸ
1309 679 1540 751 ἑταίρων
1591 696 1706 733 σου.
1755 698 1775 731 ι
1829 680 1973 733 Ἀντὶ

379 770 520 840 γοῦν
548 771 647 827 τοῦ
683 791 701 824 ι
734 772 765 824 6
788 770 918 834 Θεὸς
949 772 977 824 6
1008 771 1142 835 Θεός
1172 787 1289 836 σου,
1315 790 1334 823 ι
1364 770 1504 843 αὐτὴ
1536 771 1854 844 ήΈϐραῖκὴ
1882 771 1970 825 λέ-

381 863 489 930 ξις,
529 883 549 916 ι
591 863 718 928 Θεὲ,
762 865 790 917 6
821 862 954 927 Θεός
983 879 1099 927 σου,
1155 883 1175 915 ι
1214 863 1479 936 περιέχει,
1516 865 1606 919 ἵνα
1716 865 1776 919 τὸ
1817 865 1966 920 ὅλονυ

392 956 744 1028 Ἦγάπησας,
770 950 816 1011 ῶ
842 954 963 1019 Θεὲ,
988 955 1048 1008 τὸ
1071 955 1297 1020 δίκαιον,
1326 956 1422 1009 καὶ
1449 955 1723 1031 ἐμίσησας
1747 956 1809 1010 τὸ
1842 957 1971 1011 ἀσέ-

376 1047 571 1121 6ημα’
604 1050 793 1122 διόπερ
823 1051 917 1103 ἐπὶ
956 1048 1131 1120 τούτῳ
1179 1047 1367 1120 ἔχρισέ
1407 1065 1488 1111 σε,
1524 1042 1570 1102 ὧ
1611 1049 1734 1114 Θεὲ,
1767 1051 1796 1103 6
1825 1049 1966 1103 ἀνω-

376 1139 532 1195 τάτω
560 1142 658 1195 καὶ
689 1141 888 1213 μείζων
916 1141 1079 1204 αὐτὸς
1104 1143 1134 1195 6
1166 1141 1263 1194 καὶ
1297 1138 1392 1194 σοῦ
1421 1140 1573 1206 Θεὸς,
1597 1140 1675 1204 ὼς
1700 1136 1841 1195 εἶναι
1874 1143 1968 1196 καὶ

375 1229 471 1285 τὸν
500 1231 790 1303 χριόμενον
820 1231 912 1288 καὶ
943 1231 1033 1287 τὸν
1066 1231 1287 1305 χρίοντα
1320 1231 1456 1286 πολὺ
1498 1231 1762 1304 πρότερον
1781 1269 1798 1296 ,
1832 1232 1968 1285 πάν-

374 1341 487 1378 των
524 1324 624 1396 μὲν
666 1324 797 1380 ὄντα
834 1324 998 1390 Θεὸν,
1039 1325 1134 1378 καὶ
1173 1322 1340 1377 αὐτοῦ
1370 1323 1427 1377 δὲ
1471 1322 1834 1396 διαφερόντως
1869 1322 1964 1377 τοῦ

375 1413 692 1485 χρωμένου.
717 1414 886 1469 Τοῦτο
902 1415 959 1469 δὲ
978 1414 1073 1472 καὶ
1096 1416 1233 1487 αὐτῇ
1256 1415 1615 1486 ὲπιστήσαντι
1633 1417 1699 1487 τῇ
1734 1415 1965 1487 Ἐϐραίᾳ

376 1501 596 1577 γλώττῃ
626 1504 857 1577 φανερὸν
892 1504 958 1560 ἂν
995 1506 1229 1574 γένοιτο.
1280 1504 1405 1559 Ἐπὶ
1447 1504 1557 1578 γὰρ
1595 1506 1697 1577 τῆς
1739 1504 1964 1578 πρώτης

376 1597 714 1668 ἐπωνυμίας,
746 1597 869 1651 καθ’
898 1599 964 1670 ἠν
992 1600 1021 1652 6
1060 1597 1314 1665 Ἀκύλας,
1353 1617 1373 1651 ι
1409 1597 1596 1670 θρόνος
1624 1613 1742 1663 σου,
1773 1596 1894 1662 Θεὲ,
1938 1617 1956 1649 ι

377 1688 692 1760 ἡρμήνευσε
735 1688 923 1757 σαφῶς
969 1690 1091 1744 ἀντὶ
1124 1690 1218 1746 τοῦ
1254 1693 1287 1744 ὀ
1323 1689 1468 1757 Θεὸς
1511 1688 1620 1744 Θεὲ
1671 1687 1862 1754 είπὼν,
1898 1687 1960 1741 τὸ

2081 493 2221 551 Deus
2242 501 2372 549 tuus
2405 491 2531 548 oleo
2553 492 2937 548 exsultationis
2957 507 3068 564 pra:
3090 492 3448 564 participibus
3470 494 3600 551 tuis.
3632 513 3656 549 ι

2079 585 2236 657 181
2302 583 2524 657 Inspice
2570 584 2740 655 igitur
2785 583 3029 641 Deumne
3099 585 3156 640 in
3209 586 3295 642 his
3347 587 3660 659 alloquatur

2076 677 2412 749 planissime,
2439 691 2511 732 an
2540 691 2650 732 non
2676 695 2689 733 :
2720 692 2916 748 nempe
2941 695 2959 728 ι
2990 686 3071 745 ιιι,
3097 696 3117 730 ι
3145 678 3357 749 inquit,
3385 697 3404 731 ι
3435 677 3604 742 Deus,
3629 697 3651 733 ι

2073 783 2174 839 pro
2203 783 2269 824 eo
2300 768 2446 841 quod
2477 777 2564 824 est
2585 807 2600 832 ,
2632 787 2652 820 ι
2681 782 2714 822 o
2738 766 2917 834 Deus,
2946 771 3107 827 sedes
3151 778 3244 825 tua
3290 770 3346 825 in
3386 771 3654 827 saeculum

2072 860 2261 917 saeculi
2302 868 2523 926 exstat,
2573 867 2631 916 et
2683 860 2836 932 virga
2888 860 3242 929 directionis,
3296 862 3454 934 virga
3496 862 3651 936 regni

2070 953 2194 1011 tui:
2230 961 2285 1011 et
2317 956 2574 1025 quoniam
2606 962 2665 1009 tu
2687 954 2826 1024 ipse,
2870 952 3043 1023 Deus,
3083 955 3322 1012 dilexisti
3342 955 3646 1027 justitiam,

2068 1056 2125 1103 et
2178 1047 2346 1104 odisti
2402 1047 2782 1120 iniquitatem,
2837 1056 3129 1120 propterea
3180 1049 3341 1103 unxit
3398 1056 3451 1104 te
3503 1046 3651 1104 Deus

2067 1140 2213 1198 Deus
2258 1147 2424 1207 tuus,
2467 1150 2522 1198 et
2568 1141 2852 1198 Christum
2898 1151 2952 1199 te
2993 1156 3107 1212 pra:
3148 1140 3408 1197 omnibus
3436 1139 3649 1197 consti-

2066 1234 2191 1289 tuit.
2226 1253 2245 1285 ι
2278 1232 2385 1289 Sed
2428 1234 2588 1306 longe
2617 1235 2706 1291 bis
2738 1235 2944 1291 clarius
2977 1232 3262 1305 Scriptura
3292 1232 3646 1289 Hebraeorum

2067 1324 2210 1381 idem
2241 1326 2615 1391 demonstrat,
2661 1340 2826 1397 quam
2860 1325 3055 1396 Aquila
3099 1325 3514 1381 accuratissime
3559 1324 3644 1379 in-

2065 1424 2376 1488 terpretans
2394 1459 2410 1484 ,
2441 1416 2525 1472 his
2554 1417 2735 1473 verbis
2762 1417 2934 1473 edidit
2960 1434 2973 1471 :
3002 1434 3021 1468 ι
3049 1414 3220 1471 Sedes
3250 1424 3344 1470 tua
3363 1456 3379 1481 ,
3410 1431 3444 1471 ο
3474 1414 3641 1480 Deus,

2065 1507 2121 1562 in
2155 1509 2419 1564 saeculum
2492 1517 2547 1565 et
2581 1510 2763 1565 ultra:
2800 1520 3078 1580 sceptrum
3120 1508 3474 1572 directionis,
3520 1521 3643 1565 sce-

2064 1608 2251 1669 ptrum
2288 1599 2441 1670 regni
2475 1600 2556 1655 tui
2588 1619 2602 1656 :
2636 1600 2874 1657 dilexisti
2892 1600 3035 1672 quod
3061 1601 3271 1672 justum
3303 1608 3408 1662 est.
3438 1607 3493 1656 et
3520 1599 3643 1656 odi-

2064 1692 2133 1747 sti
2183 1693 2563 1762 impietatem;
2612 1709 2779 1764 super
2830 1695 2971 1759 hoc,
3025 1696 3182 1750 unxit
3232 1702 3319 1759 te,
3364 1710 3401 1751 ο
3448 1693 3637 1762 Deus,

386 1756 677 1853 Ἐϐραῖκὸν
734 1783 944 1853 Ἐλωΐμ
997 1784 1265 1856 περιέχει.
1318 1756 1610 1838 Κάνταῦθα
1652 1782 1710 1835 δὲ
1755 1781 1954 1853 ὁμοίως

2063 1782 2206 1841 Deus
2234 1756 2365 1841 tuus
2393 1785 2516 1841 oleo
2546 1756 2747 1841 laetitiae
2776 1786 2847 1841 ab
2880 1756 3074 1844 amicis
3102 1792 3232 1844 luis.
3262 1807 3281 1841 ι
3306 1756 3418 1843 Ῥιο
3444 1801 3510 1842 eo
3532 1756 3639 1859 igi;

370 1875 466 1927 ἐπὶ
488 1873 605 1941 τοῦ,
637 1892 657 1927 ι
688 1874 788 1930 Διὰ
812 1876 972 1930 τοῦτο
997 1876 1182 1949 ἔχρισε
1212 1894 1296 1942 σε,
1327 1876 1448 1940 Θεὲ,
1486 1895 1505 1927 ι
1534 1874 1597 1929 τὸ
1627 1873 1828 1947 Ἐλωῒμ
1852 1891 1959 1928 πα-

371 1966 681 2038 ρείληπται,
710 1968 847 2040 ὅπερ
867 1967 987 2041 τὴν,
1007 1964 1053 2024 ὦ
1075 1969 1203 2035 Θεὲ,
1228 1967 1490 2042 κλητικὴν
1515 1968 1704 2040 ἐδήλου
1729 1966 1953 2021 πτῶσιψ

366 2056 490 2108 ἀντὶ
516 2055 574 2108 δὲ
609 2056 710 2127 τῆς
735 2057 903 2129 ὀρθῆς
935 2059 1029 2112 καὶ
1061 2057 1278 2122 εὐθείας
1312 2057 1409 2111 τοῦ
1450 2057 1732 2128 ὀνόματος,
1764 2057 1887 2112 καθ’
1927 2057 1957 2110 6

362 2147 613 2219 εἴρηται*
649 2167 668 2200 ι
704 2149 803 2203 Διὰ
832 2148 989 2204 τοῦτο
1026 2149 1211 2222 ἔχρισέ
1244 2167 1328 2216 σε,
1354 2150 1384 2203 6
1409 2149 1544 2214 Θεὸς
1578 2151 1608 2203 6
1647 2147 1799 2214 Θεὸς,
1843 2168 1863 2202 ι
1896 2149 1956 2203 τὸ

372 2234 667 2308 Ἐϐραῖκὸν
713 2239 935 2308 Ἐλωὰχ
989 2239 1258 2311 περιέχει,
1307 2238 1513 2311 σφόδρα
1554 2238 1953 2311 ἀπηκριϐωμέ-

360 2346 505 2393 νωςο
550 2329 616 2383 ἶν’
729 2330 790 2384 τὸ
833 2331 932 2402 μὲν
984 2330 1208 2403 Ἐλωῒμ,
1249 2330 1391 2385 κατὰ
1434 2331 1696 2402 κλητικὴν
1748 2331 1954 2388 πτῶσιν

359 2424 804 2497 ἐξενηνεγμένον,
840 2425 1037 2499 δηλοῦν
1080 2428 1163 2493 τὸ,
1202 2422 1249 2482 ὦ
1289 2425 1417 2493 Θεὲ,
1446 2426 1509 2480 τὸ
1552 2427 1611 2481 δὲ
1658 2428 1886 2500 Ἑλωὰχ,
1919 2431 1953 2483 ὁ

361 2515 511 2581 Θεὸς
555 2531 694 2580 σου,
740 2514 881 2571 κατὰ
913 2516 1012 2588 τὴν
1049 2515 1300 2571 εὐθείανο
1349 2516 1491 2571 ὥστε
1519 2517 1762 2589 ἀκριϐῶς
1806 2518 1951 2590 ἔχειν

355 2604 462 2678 τὴν
503 2605 755 2676 φήσασαν
797 2608 1127 2681 ἑρμηνείανσ
1161 2627 1180 2661 ι
1235 2606 1337 2663 Διὰ
1369 2608 1528 2663 τοῦτο
1572 2609 1755 2682 ἔχρισε
1793 2628 1872 2677 σε,
1917 2614 1951 2683 ⁵ὁ

355 2697 492 2763 Θεὸς
517 2699 545 2752 6
570 2697 703 2763 Θεός
736 2716 849 2755 σου.
894 2718 913 2752 ι
951 2700 1269 2756 Δευκότατα
1298 2700 1432 2771 γοῦν
1465 2703 1494 2756 6
1519 2701 1677 2771 λόγος
1702 2702 1791 2756 διὰ
1827 2703 1951 2757 τού-

357 2808 467 2846 των
511 2792 633 2865 Θεῷ
681 2795 1042 2868 προσφωνῶν,
1097 2797 1262 2868 φησὶν
1312 2797 1476 2852 αὑτὸν
1516 2797 1804 2870 κεχρίσθαι
1843 2799 1950 2853 ὑπὸ

359 2883 453 2937 τοῦ
480 2884 616 2939 Θεοῦ
650 2885 815 2958 ἐλαίῳ
847 2887 1223 2958 ἀγαλλιάσεως
1256 2888 1409 2963 παρὰ
1437 2889 1646 2955 πάντας
1676 2890 1805 2956 τοὺς
1831 2891 1948 2945 πώ-

360 2992 489 3030 ποτε
535 2978 635 3051 τῆς
692 2980 863 3052 αὐτῆς
909 2979 1060 3054 αὑτῷ
1110 2982 1519 3056 μετεσχηκότας
1554 2984 1943 3057 προσηγορίας.

2061 1885 2151 1932 tur
2201 1878 2348 1948 quod
2396 1886 2525 1943 est,
2581 1878 2727 1936 Deus
2782 1878 2927 1936 Deus
2956 1888 3114 1946 tuus,
3167 1879 3473 1937 Hebraicus
3517 1881 3638 1953 ipse

2058 1976 2350 2023 contextus
2383 1968 2576 2035 habet,
2608 1987 2627 2021 ι
2665 1984 2699 2024 o
2728 1968 2905 2035 Deus,
2945 1968 3089 2026 Deus
3123 1978 3253 2027 tuus
3275 2013 3290 2036 ,
3322 1990 3340 2023 ι
3369 1976 3428 2024 ut
3456 1976 3633 2025 totum

2058 2060 2132 2116 sit
2158 2079 2172 2115 :
2207 2059 2460 2116 Dilexisti
2481 2101 2496 2127 ,
2532 2076 2566 2117 ο
2596 2060 2740 2116 Deus
2760 2100 2775 2125 ,
2807 2061 2951 2132 quod
2981 2060 3193 2131 justum
3223 2071 3340 2128 est,
3375 2068 3431 2117 et
3463 2058 3633 2116 odisti

2057 2152 2434 2225 impietatem:
2484 2163 2772 2225 propterea
2816 2154 2887 2211 ob
2943 2155 3085 2209 hanc
3140 2156 3315 2225 ipsam
3363 2166 3586 2209 causam
3609 2190 3627 2216 ,

2056 2246 2214 2301 unxit
2243 2256 2330 2314 te,
2363 2262 2396 2302 ο
2425 2247 2604 2314 Deus,
2644 2249 2769 2313 ille,
2802 2249 2896 2320 qui
2929 2255 3057 2303 tuus
3086 2262 3307 2318 quoque
3334 2254 3420 2304 est
3453 2245 3626 2310 Deus,

2056 2346 2116 2393 ut
2148 2339 2220 2395 sit
2247 2347 2302 2395 et
2336 2339 2431 2411 qui
2464 2341 2688 2413 ungitur
2718 2339 2895 2404 Deus,
2929 2347 2984 2395 et
3014 2339 3108 2410 qui
3142 2338 3330 2409 ungit,
3367 2336 3463 2408 qui
3507 2336 3631 2407 qui-

2053 2429 2178 2486 dem
2220 2430 2293 2487 sit
2321 2433 2565 2487 omuium
2597 2428 2763 2486 Deus.
2812 2427 2930 2485 Hoc
2972 2437 3158 2484 autem
3189 2427 3240 2483 ei
3270 2426 3367 2498 qui
3397 2426 3629 2482 Hebrai-

2052 2538 2173 2578 cam
2219 2523 2460 2596 linguam
2506 2521 2823 2595 diligentius
2863 2519 3195 2585 attenderit,
3239 2518 3400 2590 plane
3439 2516 3630 2573 admo-

2052 2615 2183 2671 dum
2214 2616 2514 2672 constabit.
2549 2616 2686 2671 Nam
2718 2616 2773 2670 in
2804 2614 2983 2686 prima
3015 2612 3497 2676 denominatione,
3530 2607 3627 2665 ubi

2049 2708 2283 2781 Aquila,
2313 2728 2332 2761 ι
2364 2708 2526 2766 sedes
2556 2716 2648 2763 tua
2671 2749 2687 2775 ,
2728 2723 2762 2764 ο
2801 2707 2982 2770 Deus.
3017 2725 3037 2759 ›
3065 2705 3459 2776 interpretatus
3496 2709 3624 2770 est;

2050 2802 2147 2874 qui
2179 2802 2341 2874 plane
2371 2817 2471 2872 pro
2499 2816 2565 2855 eo
2589 2798 2736 2871 quod
2770 2806 2855 2855 est
2886 2797 3029 2852 Deus
3050 2836 3066 2861 ,
3101 2815 3132 2851 ο
3163 2795 3341 2860 Deus,
3372 2792 3627 2849 enuntia-

2049 2897 2158 2961 vit,
2193 2895 2374 2966 ipsum
2405 2891 2732 2950 Hebraicum
2764 2890 2929 2946 habet
2958 2888 3158 2945 Etoim.
3200 2886 3375 2942 Porro
3406 2886 3498 2942 hic
3529 2884 3623 2940 iti-

2050 2991 2173 3048 dem
2205 2990 2262 3045 in
2296 2989 2421 3054 illo,
2450 3006 2470 3039 ι
2502 2994 2789 3058 propterea
2817 2984 2977 3039 unxit
3002 2990 3086 3048 te,
3114 2998 3149 3039 ο
3176 2981 3320 3037 Deus
3341 3019 3358 3047 ,
3389 2999 3411 3034 ι
3442 2979 3627 3051 ipsum

362 3072 546 3144 Ἔχεις
584 3074 877 3147 τοιγαροῦν
919 3075 979 3130 ὲν
1011 3074 1226 3140 τούτοις
1267 3074 1456 3145 σαφῶς
1498 3074 1632 3129 Θεὸν
1660 3077 1946 3149 χριόμενον

2055 3081 2228 3138 Eloim
2258 3081 2606 3153 intelligitur,
2638 3078 2782 3149 quod
2813 3076 3124 3133 vocativum
3150 3088 3340 3130 casum
3358 3113 3373 3139 ,
3400 3088 3431 3127 ο
3453 3071 3619 3134 Deus,

358 3166 453 3219 καὶ
480 3167 717 3239 Χριστὸν
745 3168 1053 3239 γινόμενον,
1091 3169 1153 3221 o6
1186 3167 1343 3241 μύρῳ
1371 3167 1677 3240 attenuari},
1718 3169 1828 3222 οὐδ’
1851 3170 1944 3223 ὑπ’

357 3256 661 3330 ἀνθρώπων
686 3261 767 3324 είς
791 3259 950 3315 τοῦτο
976 3262 1264 3335 παριόντα,
1293 3261 1410 3316 ἀλλ’
1450 3262 1574 3317 οὐδὲ
1606 3263 1719 3326 τοῖς
1742 3261 1950 3327 λοιποῖς

354 3349 666 3422 ἀνθρώποις
700 3350 1102 3424 παραπλήσιον.
1156 3353 1217 3405 ’0
1256 3352 1315 3406 δὲ
1354 3353 1519 3416 αὐτὸς
1565 3347 1719 3416 οὗτος
1752 3347 1822 3423 ἦν
1853 3354 1948 3407 καὶ

355 3443 640 3515 ἀγαπητὸς
670 3442 765 3497 τοῦ
801 3443 959 3508 Θεοῦ,
994 3444 1089 3497 καὶ
1116 3443 1362 3516 γέννημα
1409 3443 1575 3499 αὑτοῦ
1618 3444 1716 3499 καὶ
1766 3444 1947 3517 ἱερεὺς

360 3534 582 3600 ultimo;
615 3538 711 3591 xui.
761 3535 1050 3608 σύνθρονος
1094 3538 1533 3611 ἀνηγορευμένος
1573 3536 1667 3591 τοῦ
1710 3537 1941 3611 Πατρός.

351 3629 452 3692 Τίς
478 3628 523 3681 δ’
555 3628 622 3683 ἂν
648 3623 802 3694 οὗτος
834 3629 919 3701 εἴη
948 3630 982 3702 ἢ
1018 3629 1047 3682 6
1076 3629 1422 3702 πρωτότοκος
1449 3629 1545 3683 τοῦ
1586 3629 1723 3683 Θεοῦ
1751 3630 1942 3699 Λόγος,

348 3722 380 3775 6
413 3722 469 3774 ὲν
504 3722 647 3793 ἀρχῇ
681 3722 817 3794 πρὸς
847 3722 940 3776 τὸν
973 3722 1105 3776 Θεὸν
1142 3722 1277 3787 Θεὸς
1308 3722 1405 3787 ὢν,
1446 3726 1475 3777 6
1506 3721 1596 3776 διὰ
1636 3722 1819 3793 πάσης
1844 3724 1945 3793 τῆς

349 3812 535 3866 ἐνθέου
584 3814 805 3886 Γραφῇ
850 3813 1304 3886 θεολογούμενος;
1342 3815 1419 3878 ὡς
1452 3815 1545 3868 καὶ
1574 3816 1633 3869 ὲν
1675 3817 1786 3878 τοῖς
1816 3814 1943 3886 ἑξῆς

348 3906 436 3961 διὰ
459 3907 719 3962 πλειόνων
747 3909 776 3961 6
807 3907 963 3979 λόγος
998 3907 1203 3981 προῖὼν
1235 3906 1512 3972 ἐπιδείξει.
1548 3906 1769 3962 Τούτων
1805 3907 1942 3979 δῆτα

351 4000 888 4073 προτεθεωρημένων
916 4003 1047 4073 ἡμῖν
1084 4001 1212 4074 περὶ
1238 4001 1338 4073 τῆς
1361 3998 1457 4053 τοῦ
1485 3998 1723 4072 Χριστοῦ
1748 3998 1942 4053 οὐσιῶ-

350 4089 489 4155 σεὼς
517 4109 579 4145 τε
609 4093 704 4147 καὶ
734 4092 1123 4165 προσηγορίας,
1160 4091 1295 4165 φέρε
1335 4090 1541 4156 λοιπὸν,
1576 4090 1939 4156 ἀναλαϐόντες

348 4182 446 4256 τὴν
500 4184 864 4256 προταθεῖσαν
923 4184 1202 4249 ὑπόθεσιν,
1265 4182 1334 4237 δι’
1390 4183 1532 4236 ὅσων
1583 4182 1939 4255 προφητικῶν

350 4279 707 4350 προρρήσεων
768 4280 797 4332 6
850 4278 1087 4349 Χριστὸς
1142 4278 1409 4348 ὀνομαστὶ
1461 4275 1935 4347 ποοεκηρῦττετο,

349 4365 693 4439 θεασώμεθα.

2050 3175 2344 3248 signiﬁcat.
2386 3171 2492 3228 Pro
2538 3180 2689 3228 recto
2727 3186 2855 3227 vero
2899 3167 3140 3224 nominis
3183 3181 3349 3229 casu,
3393 3164 3488 3222 ubi
3536 3163 3623 3219 di-

2047 3277 2197 3324 ctum
2227 3274 2311 3322 est
2340 3284 2356 3323 :
2388 3284 2407 3318 ι
2440 3272 2727 3336 propterea
2780 3264 2937 3318 unxit
2969 3268 3022 3317 te
3057 3259 3201 3316 Deus
3228 3257 3373 3316 Deus
3399 3264 3562 3322 tuus,
3593 3275 3619 3312 ι

2048 3359 2227 3430 ipsum
2261 3356 2589 3412 Hebraicum
2631 3355 2796 3410 habet
2835 3351 3034 3407 Eloaclt
3057 3391 3071 3416 ,
3114 3349 3406 3406 admodum
3454 3362 3623 3404 accu-

2047 3462 2163 3507 rate
2190 3461 2351 3521 atque
2376 3448 2650 3520 exquisite
2674 3466 2689 3503 :
2720 3454 2780 3501 ut
2806 3446 2910 3513 sit,
2943 3446 3122 3517 ipsum
3152 3442 3372 3515 quidem
3402 3440 3616 3505 Eloim,

2047 3541 2298 3595 vocativo
2345 3554 2477 3596 casu
2503 3578 2518 3602 ,
2568 3537 2922 3610 signiﬁcans,
2964 3552 2995 3591 ο
3038 3534 3220 3598 Deus;
3261 3533 3441 3604 ipsum
3486 3545 3619 3587 vero

2044 3631 2247 3687 Eloach
2268 3672 2283 3697 ,
2316 3626 2462 3686 Deus
2490 3640 2647 3694 tuus,
2685 3637 2837 3686 recto
2863 3644 2997 3684 casu
3028 3646 3042 3683 :
3085 3635 3146 3682 ut
3179 3627 3296 3682 haec
3323 3626 3394 3682 sit
3420 3624 3619 3695 exqui-

2045 3722 2311 3777 sitissima
2365 3721 2783 3791 interpretatio,
2839 3733 2962 3790 quae
3017 3718 3228 3773 habet:
3268 3735 3287 3767 ι
3322 3722 3615 3787 propterea

2047 3814 2202 3869 unxit
2232 3821 2322 3878 te,
2380 3828 2415 3868 ο
2461 3810 2637 3876 Deus,
2685 3809 2830 3867 Deus
2863 3817 3014 3865 tuus.
3050 3828 3068 3860 ι
3097 3808 3417 3864 Clarissime
3449 3808 3618 3879 igitur

2043 3907 2101 3963 in
2144 3908 2229 3963 his
2267 3905 2439 3961 Deum
2480 3906 2765 3976 alloquens
2791 3938 2807 3968 ,
2844 3903 3135 3959 oraculum
3177 3903 3253 3957 ait
3290 3902 3476 3973 ipsum
3508 3917 3613 3957 un-

2041 4007 2190 4054 ctum
2221 4014 2345 4054 esse
2377 4013 2408 4052 a
2432 3996 2583 4062 tDco,
2617 3998 2737 4051 oleo
2779 3995 3165 4053 exsultationis
3210 4010 3321 4066 pra:
3357 3993 3615 4050 omnibus

2040 4093 2134 4163 qui
2174 4106 2416 4161 unquam
2456 4090 2702 4160 ejusdem
2736 4103 2862 4143 cum
2903 4088 3025 4159 ipso
3064 4088 3361 4160 participes
3401 4086 3611 4143 fuerint

2040 4182 2444 4254 appellationis.
2470 4180 2650 4236 l‘labes
2678 4179 2842 4251 igitur
2866 4179 2921 4234 in
2950 4179 3034 4233 his
3065 4178 3405 4250 planissime,
3436 4176 3610 4235 Deum

2039 4277 2131 4344 qui
2183 4274 2429 4343 ungitur,
2480 4280 2535 4327 et
2577 4270 2836 4327 Christus
2880 4270 3133 4335 edicitur,
3176 4286 3288 4325 non
3336 4279 3613 4342 unguento

2039 4366 2380 4438 composito,
2424 4379 2602 4435 neque
2638 4364 2708 4417 ab
2742 4363 3059 4417 hominibus
3108 4362 3174 4417 ad
3225 4360 3281 4416 id
3328 4359 3613 4429 dignitatis

346 4473 699 4534 provectum,
730 4480 795 4520 ac
824 4480 894 4522 ne
926 4466 1112 4522 eadem
1146 4465 1366 4537 quidem
1399 4481 1524 4521 cum
1558 4464 1774 4522 caeteris
1805 4463 2116 4518 hominibus
2150 4461 2379 4515 ratione.
2414 4458 2584 4514 Porro
2619 4457 2707 4511 hic
2740 4455 2879 4510 idem
2916 4465 3002 4511 est
3031 4463 3087 4511 et
3123 4454 3359 4509 dilectus
3396 4451 3525 4518 Dei,
3556 4456 3612 4503 et

343 4555 588 4627 ejusdem
618 4556 826 4625 proles,
857 4567 912 4614 et
942 4556 1198 4615 sacerdos
1228 4569 1500 4624 aeternus,
1530 4568 1585 4615 et
1610 4573 1902 4614 consessor
1934 4554 2104 4627 patris
2129 4553 2334 4609 dictus.
2386 4552 2493 4607 Sed
2524 4552 2649 4623 quis
2678 4552 2767 4606 hic
2792 4552 3011 4605 tandem
3047 4548 3152 4605 erit
3173 4588 3188 4610 ,
3224 4547 3331 4603 nisi
3366 4544 3611 4615 primum

342 4651 586 4724 genitum
627 4652 722 4709 Dei
758 4652 1031 4719 Verbum,
1073 4654 1167 4725 qui
1202 4655 1259 4710 in
1288 4654 1559 4726 principio
1590 4654 1732 4727 apud
1765 4653 1965 4714 Deum,
1998 4650 2143 4705 Deus
2171 4649 2332 4704 erat?
2363 4648 2521 4719 182
2553 4646 2645 4718 qui
2679 4661 2776 4718 per
2806 4653 2976 4701 totam
2998 4643 3237 4698 divinam
3271 4637 3612 4709 Scripturam

344 4745 675 4815 pmdimtur
701 4753 763 4800 ut
811 4744 991 4813 Deus,
1038 4745 1497 4817 quemadmodum
1529 4745 1788 4817 deinceps
1819 4744 2069 4799 oratione
2098 4741 2317 4812 longius
2364 4754 2724 4811 progressus,
2773 4740 3021 4810 pluribus
3072 4736 3251 4792 verbis
3300 4729 3610 4791 ostendam.

344 4834 484 4891 Cum
517 4837 632 4893 haec
664 4838 829 4909 igitur
860 4854 889 4891 a
920 4836 1082 4892 nobis
1112 4836 1377 4893 hactenus
1405 4835 1750 4891 considerata
1793 4834 1904 4890 sint
1942 4833 2010 4888 de
2035 4831 2241 4888 Christi
2272 4829 2697 4901 prepagatione,
2726 4828 2902 4899 deque
2930 4828 3177 4897 ejusdem
3208 4822 3596 4896 appellatione.

343 4934 596 5006 agedum,
628 4935 969 5005 pr0positum
998 4939 1377 5003 argumentum
1410 4939 1744 5001 repetamus,
1778 4938 1833 4987 et
1860 4945 2026 5001 quam
2055 4928 2243 4984 multis
2271 4926 2606 4998 propheticis
2642 4923 3086 4997 praedictionibus
3124 4922 3376 4978 Christus
3413 4921 3601 4978 nomi-

346 5026 513 5082 natim
542 5026 615 5083 sit
647 5035 807 5081 antea
846 5023 1131 5080 nuntiatus
1150 5064 1165 5089 ,
1192 5022 1648 5100 contemplemur.

1077 5145 1197 5211 ις’.

359 5256 496 5312 Ἀπὸ
546 5257 656 5312 τοῦ
704 5260 911 5327 palm

416 5328 703 5398 ὀνομαστὶ
760 5329 878 5383 ὑπὸ
934 5327 1246 5393 βασιλέων
1302 5327 1403 5382 καί
1452 5328 1763 5398 ἀρχόντων
1823 5329 1920 5381 καί

415 5397 604 5453 ἐθνῶν
628 5400 723 5453 καὶ
757 5398 925 5454 λαῶν
950 5399 1486 5467 ἐπιϐουλευόμενος
1505 5397 1615 5464 ,ἐξ
1642 5400 1828 5452 αὐτοῦ
1862 5414 1926 5450 τε

416 5468 524 5526 τοῦ
590 5469 736 5524 Θεοῦ
801 5468 1169 5539 τενιτῦμενος
1187 5507 1202 5533 ,
1265 5470 1364 5523 καὶ
1412 5470 1544 5536 Υἱὸς
1608 5468 1922 5537 ἀνθρώπου

1961 5142 2009 5200 D

916 5257 951 5312 ὗ
1002 5257 1085 5310 B’.
1117 5286 1188 5298 ——
1223 5257 1303 5312 Δι’
1372 5256 1535 5311 ὅσων
1590 5260 1624 5313 ό
1672 5256 1922 5324 Χριστὸς

2055 5256 2073 5310 ι
2117 5252 2324 5324 psalmo
2381 5268 2441 5307 Il.
2482 5281 2553 5292 —
2591 5249 2766 5324 Quam
2821 5245 3322 5324 multistcripturis
3360 5243 3607 5324 Christus

2755 5131 2898 5188 XVI.

2105 5313 2443 5384 nominatim,
2465 5324 2554 5393 qui
2572 5313 2829 5393 d'regibus
2856 5329 2903 5373 et
2935 5317 3257 5393 principibus
3292 5327 3340 5393 et
3364 5313 3607 5393 gentibus

2102 5406 2151 5451 et
2217 5395 2423 5464 populi:
2477 5385 2903 5464 'rireum'ueitilur,
2936 5385 2995 5464 e_t_
3028 5388 3094 5440 ab
3133 5388 3247 5457 ipso
3288 5385 3398 5464 Deo
3435 5385 3608 5457 gigni-

2105 5457 2227 5531 tur,
2251 5457 2303 5520 et
2342 5462 2517 5518 Filius
2556 5462 2785 5517 hominis
2824 5459 3143 5530 appellatur,
3183 5457 3521 5528 gentiumque
3554 5467 3607 5509 et

423 5663 497 5736 (ί)
533 5665 632 5721 llic
667 5678 726 5739 ut
770 5684 913 5739 saepe
947 5669 1218 5727 Eusebius
1253 5671 1540 5726 arianizat.
1584 5668 1720 5725 Nam
1765 5671 1914 5725 hunc
2026 5671 2441 5739 interpretatur,
2471 5676 2521 5721 ct
2551 5665 2630 5720 sic
2664 5662 2927 5734 majorem
2957 5670 3011 5718 et
3037 5657 3306 5716 minorem
3336 5655 3605 5711 Deitatem

350 5738 528 5793 locum
560 5755 669 5793 non
697 5737 764 5796 de
797 5737 1015 5799 homine
1045 5749 1327 5814 assumpto
1352 5742 1445 5799 sed
1480 5740 1587 5797 Deo
1615 5742 1915 5800 exsistente
2025 5737 2238 5796 statuit.
