  <div class='ocr_page' id='page_1' title='image "/cluster/home/n/w/nwhite01/storage/ocr_20150623/22/hvd.32044073501140/161.png"; bbox 0 0 4120 6420; ppageno 0'>
   <div class='ocr_carea' id='block_1_1' title="bbox 525 341 632 399">
    <p class='ocr_par' dir='ltr' id='par_1_1' title="bbox 525 341 632 399">
     <span class='ocr_line' id='line_1_1' title="bbox 525 341 632 399; baseline 0 0"><span class='ocrx_word' id='word_1_1' title='bbox 525 341 632 399; x_wconf 77' lang='lat'><strong>507</strong></span> 
     </span>
    </p>
   </div>
   <div class='ocr_carea' id='block_1_2' title="bbox 1168 344 3152 411">
    <p class='ocr_par' dir='ltr' id='par_1_2' title="bbox 1168 344 3152 411">
     <span class='ocr_line' id='line_1_2' title="bbox 1168 344 3152 411; baseline 0.001 -10"><span class='ocrx_word' id='word_1_2' title='bbox 1168 344 1447 402; x_wconf 81' lang='lat' dir='ltr'><strong>EUSEBII</strong></span> <span class='ocrx_word' id='word_1_3' title='bbox 1475 344 1961 408; x_wconf 59' lang='lat' dir='ltr'><strong>CIESARIENSIS</strong></span> <span class='ocrx_word' id='word_1_4' title='bbox 1999 350 2153 411; x_wconf 86' lang='lat' dir='ltr'><strong>OPP.</strong></span> <span class='ocrx_word' id='word_1_5' title='bbox 2195 348 2403 406; x_wconf 79' lang='lat' dir='ltr'><strong>PARS.</strong></span> <span class='ocrx_word' id='word_1_6' title='bbox 2445 347 2512 405; x_wconf 91' lang='lat' dir='ltr'><strong>ll.</strong></span> <span class='ocrx_word' id='word_1_7' title='bbox 2553 379 2624 389; x_wconf 88' lang='lat'><strong>—</strong></span> <span class='ocrx_word' id='word_1_8' title='bbox 2650 345 3152 405; x_wconf 79' lang='lat' dir='ltr'><strong>APOLOGETICA.</strong></span> 
     </span>
    </p>
   </div>
   <div class='ocr_carea' id='block_1_3' title="bbox 3686 342 3793 399">
    <p class='ocr_par' dir='ltr' id='par_1_3' title="bbox 3686 342 3793 399">
     <span class='ocr_line' id='line_1_3' title="bbox 3686 342 3793 399; baseline 0 0"><span class='ocrx_word' id='word_1_9' title='bbox 3686 342 3793 399; x_wconf 77' lang='lat'><strong>308</strong></span> 
     </span>
    </p>
   </div>
   <div class='ocr_carea' id='block_1_4' title="bbox 595 460 2111 542">
    <p class='ocr_par' dir='ltr' id='par_1_4' title="bbox 595 469 2109 542">
     <span class='ocr_line' id='line_1_4' title="bbox 595 469 2109 542; baseline -0.001 -18"><span class='ocrx_word' id='word_1_10' title='bbox 595 474 780 542; x_wconf 79' lang='lat' dir='ltr'><strong>ﬁnium</strong></span> <span class='ocrx_word' id='word_1_11' title='bbox 834 481 988 524; x_wconf 64' lang='lat' dir='ltr'><strong>(enm‘</strong></span> <span class='ocrx_word' id='word_1_12' title='bbox 1035 479 1227 525; x_wconf 85' lang='lat' dir='ltr'><strong>sortem</strong></span> <span class='ocrx_word' id='word_1_13' title='bbox 1277 471 1464 540; x_wconf 75' lang='lat' dir='ltr'><strong>accipit</strong></span> <span class='ocrx_word' id='word_1_14' title='bbox 1514 489 1546 525; x_wconf 90' lang='lat' dir='ltr'><strong>a</strong></span> <span class='ocrx_word' id='word_1_15' title='bbox 1600 469 1804 537; x_wconf 79' lang='lat' dir='ltr'><strong>Patre,</strong></span> <span class='ocrx_word' id='word_1_16' title='bbox 1847 480 2004 525; x_wconf 81' lang='lat' dir='ltr'><strong><em>antea</em></strong></span> <span class='ocrx_word' id='word_1_17' title='bbox 2039 472 2109 525; x_wconf 78' lang='lat' dir='ltr'><strong>sit</strong></span> 
     </span>
    </p>
   </div>
   <div class='ocr_carea' id='block_1_5' title="bbox 2215 460 3796 542">
    <p class='ocr_par' dir='ltr' id='par_1_5' title="bbox 2284 460 3796 542">
     <span class='ocr_line' id='line_1_5' title="bbox 2284 460 3796 542; baseline -0.008 -17"><span class='ocrx_word' id='word_1_18' title='bbox 2284 467 2825 542; x_wconf 71' lang='grc' dir='ltr'>ἀναγορευόμενος,</span> <span class='ocrx_word' id='word_1_19' title='bbox 2862 465 3071 542; x_wconf 42' lang='grc' dir='ltr'>ἐθνῶν.</span> <span class='ocrx_word' id='word_1_20' title='bbox 3105 481 3169 518; x_wconf 80' lang='grc' dir='ltr'><strong>τε</strong></span> <span class='ocrx_word' id='word_1_21' title='bbox 3194 461 3325 542; x_wconf 36' lang='grc' dir='ltr'>’καὶ</span> <span class='ocrx_word' id='word_1_22' title='bbox 3368 461 3636 542; x_wconf 70' lang='grc' dir='ltr'>περάτων</span> <span class='ocrx_word' id='word_1_23' title='bbox 3682 460 3796 532; x_wconf 78' lang='grc' dir='ltr'><strong>τῆς</strong></span> 
     </span>
    </p>
   </div>
   <div class='ocr_carea' id='block_1_6' title="bbox 596 543 930 598">
    <p class='ocr_par' dir='ltr' id='par_1_6' title="bbox 596 543 930 598">
     <span class='ocr_line' id='line_1_6' title="bbox 596 543 930 598; baseline -0.003 -1"><span class='ocrx_word' id='word_1_24' title='bbox 596 543 930 598; x_wconf 71' lang='lat' dir='ltr'><strong>enuntiatus.</strong></span> 
     </span>
    </p>
   </div>
   <div class='ocr_carea' id='block_1_7' title="bbox 600 692 2108 768">
    <p class='ocr_par' dir='ltr' id='par_1_7' title="bbox 600 692 2108 768">
     <span class='ocr_line' id='line_1_7' title="bbox 600 692 2108 768; baseline 0.004 -24"><span class='ocrx_word' id='word_1_25' title='bbox 600 713 619 744; x_wconf 74' lang='grc' dir='ltr'>ι</span> <span class='ocrx_word' id='word_1_26' title='bbox 646 695 828 759; x_wconf 73' lang='lat' dir='ltr'><strong>Quare</strong></span> <span class='ocrx_word' id='word_1_27' title='bbox 872 692 1215 750; x_wconf 85' lang='lat' dir='ltr'><strong>fremuerunt</strong></span> <span class='ocrx_word' id='word_1_28' title='bbox 1258 704 1487 768; x_wconf 87' lang='lat' dir='ltr'><strong>gentes,</strong></span> <span class='ocrx_word' id='word_1_29' title='bbox 1534 703 1590 750; x_wconf 92' lang='lat' dir='ltr'><strong>et</strong></span> <span class='ocrx_word' id='word_1_30' title='bbox 1642 696 1828 766; x_wconf 92' lang='lat' dir='ltr'><strong>populi</strong></span> <span class='ocrx_word' id='word_1_31' title='bbox 1862 695 2108 751; x_wconf 96' lang='lat' dir='ltr'><strong>meditati</strong></span> 
     </span>
    </p>
   </div>
   <div class='ocr_carea' id='block_1_8' title="bbox 522 786 2110 859">
    <p class='ocr_par' dir='ltr' id='par_1_8' title="bbox 522 786 2110 859">
     <span class='ocr_line' id='line_1_8' title="bbox 522 786 2110 859; baseline 0.002 -19"><span class='ocrx_word' id='word_1_32' title='bbox 522 793 654 840; x_wconf 89' lang='lat' dir='ltr'><strong>sunt</strong></span> <span class='ocrx_word' id='word_1_33' title='bbox 683 786 914 841; x_wconf 85' lang='lat' dir='ltr'><strong>inania?</strong></span> <span class='ocrx_word' id='word_1_34' title='bbox 942 786 1252 843; x_wconf 86' lang='lat' dir='ltr'><strong>Astiterunt</strong></span> <span class='ocrx_word' id='word_1_35' title='bbox 1290 803 1448 859; x_wconf 87' lang='lat' dir='ltr'><strong>reges</strong></span> <span class='ocrx_word' id='word_1_36' title='bbox 1490 796 1654 844; x_wconf 57' lang='lat' dir='ltr'><strong>terra:</strong></span> <span class='ocrx_word' id='word_1_37' title='bbox 1674 828 1690 854; x_wconf 88' lang='lat'><strong>,</strong></span> <span class='ocrx_word' id='word_1_38' title='bbox 1735 796 1792 843; x_wconf 89' lang='lat' dir='ltr'><strong>et</strong></span> <span class='ocrx_word' id='word_1_39' title='bbox 1831 787 2110 859; x_wconf 86' lang='lat' dir='ltr'><strong>principes</strong></span> 
     </span>
    </p>
   </div>
   <div class='ocr_carea' id='block_1_9' title="bbox 523 876 2111 949">
    <p class='ocr_par' dir='ltr' id='par_1_9' title="bbox 523 876 2111 949">
     <span class='ocr_line' id='line_1_9' title="bbox 523 876 2111 949; baseline 0.002 -19"><span class='ocrx_word' id='word_1_40' title='bbox 523 885 903 932; x_wconf 87' lang='lat' dir='ltr'><strong>convenerunt</strong></span> <span class='ocrx_word' id='word_1_41' title='bbox 923 876 980 933; x_wconf 89' lang='lat' dir='ltr'><strong>in</strong></span> <span class='ocrx_word' id='word_1_42' title='bbox 1004 894 1173 933; x_wconf 88' lang='lat' dir='ltr'><strong>unum</strong></span> <span class='ocrx_word' id='word_1_43' title='bbox 1201 879 1471 935; x_wconf 83' lang='lat' dir='ltr'><strong>adversus</strong></span> <span class='ocrx_word' id='word_1_44' title='bbox 1491 878 1779 934; x_wconf 90' lang='lat' dir='ltr'><strong>Dominum</strong></span> <span class='ocrx_word' id='word_1_45' title='bbox 1795 918 1811 944; x_wconf 94' lang='lat'><strong>,</strong></span> <span class='ocrx_word' id='word_1_46' title='bbox 1839 885 1894 933; x_wconf 90' lang='lat' dir='ltr'><strong>et</strong></span> <span class='ocrx_word' id='word_1_47' title='bbox 1916 878 2111 949; x_wconf 82' lang='lat' dir='ltr'><strong>adver-</strong></span> 
     </span>
    </p>
   </div>
   <div class='ocr_carea' id='block_1_10' title="bbox 523 965 2105 1041">
    <p class='ocr_par' dir='ltr' id='par_1_10' title="bbox 523 965 2105 1041">
     <span class='ocr_line' id='line_1_10' title="bbox 523 965 2105 1041; baseline 0 -18"><span class='ocrx_word' id='word_1_48' title='bbox 523 983 620 1023; x_wconf 88' lang='lat' dir='ltr'><strong>sus</strong></span> <span class='ocrx_word' id='word_1_49' title='bbox 646 965 931 1023; x_wconf 82' lang='lat' dir='ltr'><strong>Christum</strong></span> <span class='ocrx_word' id='word_1_50' title='bbox 962 967 1083 1038; x_wconf 84' lang='lat' dir='ltr'><strong>ejus</strong></span> <span class='ocrx_word' id='word_1_51' title='bbox 1116 969 1158 1000; x_wconf 80' lang='grc'>³⁷</span> <span class='ocrx_word' id='word_1_52' title='bbox 1188 987 1208 1023; x_wconf 69' lang='grc' dir='ltr'>ι</span> <span class='ocrx_word' id='word_1_53' title='bbox 1238 988 1257 1021; x_wconf 75' lang='grc' dir='ltr'>ι</span> <span class='ocrx_word' id='word_1_54' title='bbox 1284 969 1487 1040; x_wconf 85' lang='lat' dir='ltr'><strong>quibus</strong></span> <span class='ocrx_word' id='word_1_55' title='bbox 1515 969 1776 1039; x_wconf 82' lang='lat' dir='ltr'><strong>deinceps</strong></span> <span class='ocrx_word' id='word_1_56' title='bbox 1818 966 2105 1041; x_wconf 79' lang='lat' dir='ltr'><strong>adjungit:</strong></span> 
     </span>
    </p>
   </div>
   <div class='ocr_carea' id='block_1_11' title="bbox 529 1058 2110 1132">
    <p class='ocr_par' dir='ltr' id='par_1_11' title="bbox 529 1058 2110 1132">
     <span class='ocr_line' id='line_1_11' title="bbox 529 1058 2110 1132; baseline 0.002 -20"><span class='ocrx_word' id='word_1_57' title='bbox 529 1079 550 1111; x_wconf 77' lang='grc' dir='ltr'>ι</span> <span class='ocrx_word' id='word_1_58' title='bbox 584 1058 701 1131; x_wconf 84' lang='lat' dir='ltr'><strong>Ego</strong></span> <span class='ocrx_word' id='word_1_59' title='bbox 728 1069 913 1116; x_wconf 89' lang='lat' dir='ltr'><strong>autem</strong></span> <span class='ocrx_word' id='word_1_60' title='bbox 944 1061 1284 1117; x_wconf 88' lang='lat' dir='ltr'><strong>constitutus</strong></span> <span class='ocrx_word' id='word_1_61' title='bbox 1308 1077 1431 1117; x_wconf 88' lang='lat' dir='ltr'><strong>sum</strong></span> <span class='ocrx_word' id='word_1_62' title='bbox 1463 1078 1558 1117; x_wconf 86' lang='lat' dir='ltr'><strong>rex</strong></span> <span class='ocrx_word' id='word_1_63' title='bbox 1587 1062 1657 1117; x_wconf 88' lang='lat' dir='ltr'><strong>ab</strong></span> <span class='ocrx_word' id='word_1_64' title='bbox 1683 1077 1749 1117; x_wconf 92' lang='lat' dir='ltr'><strong>eo</strong></span> <span class='ocrx_word' id='word_1_65' title='bbox 1778 1076 1945 1132; x_wconf 84' lang='lat' dir='ltr'><strong>super</strong></span> <span class='ocrx_word' id='word_1_66' title='bbox 1977 1058 2110 1115; x_wconf 87' lang='lat' dir='ltr'><strong>Sion</strong></span> 
     </span>
    </p>
   </div>
   <div class='ocr_carea' id='block_1_12' title="bbox 526 1150 2107 1224">
    <p class='ocr_par' dir='ltr' id='par_1_12' title="bbox 526 1150 2107 1224">
     <span class='ocr_line' id='line_1_12' title="bbox 526 1150 2107 1224; baseline -0.001 -17"><span class='ocrx_word' id='word_1_67' title='bbox 526 1159 714 1208; x_wconf 90' lang='lat' dir='ltr'><strong>monte</strong></span> <span class='ocrx_word' id='word_1_68' title='bbox 754 1160 949 1209; x_wconf 88' lang='lat' dir='ltr'><strong>sancto</strong></span> <span class='ocrx_word' id='word_1_69' title='bbox 974 1153 1126 1223; x_wconf 86' lang='lat' dir='ltr'><strong>ejus,</strong></span> <span class='ocrx_word' id='word_1_70' title='bbox 1167 1152 1435 1209; x_wconf 88' lang='lat' dir='ltr'><strong>nuntians</strong></span> <span class='ocrx_word' id='word_1_71' title='bbox 1473 1160 1809 1224; x_wconf 62' lang='lat' dir='ltr'><strong>praeceptum</strong></span> <span class='ocrx_word' id='word_1_72' title='bbox 1843 1150 2062 1206; x_wconf 85' lang='lat' dir='ltr'><strong>Domini</strong></span> <span class='ocrx_word' id='word_1_73' title='bbox 2095 1171 2107 1205; x_wconf 93' lang='lat'><strong>:</strong></span> 
     </span>
    </p>
   </div>
   <div class='ocr_carea' id='block_1_13' title="bbox 526 1244 2110 1313">
    <p class='ocr_par' dir='ltr' id='par_1_13' title="bbox 526 1244 2110 1313">
     <span class='ocr_line' id='line_1_13' title="bbox 526 1244 2110 1313; baseline -0.001 -14"><span class='ocrx_word' id='word_1_74' title='bbox 526 1244 800 1302; x_wconf 86' lang='lat' dir='ltr'><strong>Dominus</strong></span> <span class='ocrx_word' id='word_1_75' title='bbox 852 1246 991 1301; x_wconf 92' lang='lat' dir='ltr'><strong>dixit</strong></span> <span class='ocrx_word' id='word_1_76' title='bbox 1035 1247 1103 1301; x_wconf 89' lang='lat' dir='ltr'><strong>ad</strong></span> <span class='ocrx_word' id='word_1_77' title='bbox 1155 1261 1244 1302; x_wconf 89' lang='lat' dir='ltr'><strong>me</strong></span> <span class='ocrx_word' id='word_1_78' title='bbox 1288 1244 1511 1302; x_wconf 83' lang='lat' dir='ltr'><strong>:Filius</strong></span> <span class='ocrx_word' id='word_1_79' title='bbox 1558 1260 1715 1300; x_wconf 90' lang='lat' dir='ltr'><strong>meus</strong></span> <span class='ocrx_word' id='word_1_80' title='bbox 1761 1260 1822 1300; x_wconf 92' lang='lat' dir='ltr'><strong>es</strong></span> <span class='ocrx_word' id='word_1_81' title='bbox 1867 1251 1960 1309; x_wconf 91' lang='lat' dir='ltr'><strong>tu,</strong></span> <span class='ocrx_word' id='word_1_82' title='bbox 2008 1257 2110 1313; x_wconf 89' lang='lat' dir='ltr'><strong>ego</strong></span> 
     </span>
    </p>
   </div>
   <div class='ocr_carea' id='block_1_14' title="bbox 402 1334 2110 1409">
    <p class='ocr_par' dir='ltr' id='par_1_14' title="bbox 402 1334 2110 1409">
     <span class='ocr_line' id='line_1_14' title="bbox 402 1334 2110 1409; baseline -0.002 -17"><span class='ocrx_word' id='word_1_83' title='bbox 402 1368 411 1379; x_wconf 89' lang='lat'><strong>-</strong></span> <span class='ocrx_word' id='word_1_84' title='bbox 527 1336 691 1394; x_wconf 82' lang='lat' dir='ltr'><strong>hodie</strong></span> <span class='ocrx_word' id='word_1_85' title='bbox 720 1339 884 1409; x_wconf 77' lang='lat' dir='ltr'><strong>genui</strong></span> <span class='ocrx_word' id='word_1_86' title='bbox 917 1347 1007 1393; x_wconf 90' lang='lat' dir='ltr'><strong>te:</strong></span> <span class='ocrx_word' id='word_1_87' title='bbox 1042 1338 1259 1409; x_wconf 90' lang='lat' dir='ltr'><strong>postula</strong></span> <span class='ocrx_word' id='word_1_88' title='bbox 1299 1352 1331 1391; x_wconf 89' lang='lat' dir='ltr'><strong>a</strong></span> <span class='ocrx_word' id='word_1_89' title='bbox 1376 1352 1494 1402; x_wconf 87' lang='lat' dir='ltr'><strong>me,</strong></span> <span class='ocrx_word' id='word_1_90' title='bbox 1525 1343 1580 1392; x_wconf 91' lang='lat' dir='ltr'><strong>et</strong></span> <span class='ocrx_word' id='word_1_91' title='bbox 1609 1335 1751 1392; x_wconf 84' lang='lat' dir='ltr'><strong>dabo</strong></span> <span class='ocrx_word' id='word_1_92' title='bbox 1787 1334 1885 1391; x_wconf 87' lang='lat' dir='ltr'><strong>tibi</strong></span> <span class='ocrx_word' id='word_1_93' title='bbox 1921 1343 2110 1406; x_wconf 89' lang='lat' dir='ltr'><strong>gentes</strong></span> 
     </span>
    </p>
   </div>
   <div class='ocr_carea' id='block_1_15' title="bbox 523 1427 2111 1501">
    <p class='ocr_par' dir='ltr' id='par_1_15' title="bbox 523 1427 2111 1501">
     <span class='ocr_line' id='line_1_15' title="bbox 523 1427 2111 1501; baseline -0.003 -14"><span class='ocrx_word' id='word_1_94' title='bbox 523 1430 898 1489; x_wconf 67' lang='lat' dir='ltr'><strong>haereditatem</strong></span> <span class='ocrx_word' id='word_1_95' title='bbox 932 1438 1113 1497; x_wconf 90' lang='lat' dir='ltr'><strong>tuam,</strong></span> <span class='ocrx_word' id='word_1_96' title='bbox 1141 1437 1196 1487; x_wconf 90' lang='lat' dir='ltr'><strong>et</strong></span> <span class='ocrx_word' id='word_1_97' title='bbox 1226 1430 1632 1501; x_wconf 81' lang='lat' dir='ltr'><strong>possessionem</strong></span> <span class='ocrx_word' id='word_1_98' title='bbox 1664 1438 1814 1484; x_wconf 88' lang='lat' dir='ltr'><strong>tuam</strong></span> <span class='ocrx_word' id='word_1_99' title='bbox 1846 1427 2111 1483; x_wconf 88' lang='lat' dir='ltr'><strong>terminos</strong></span> 
     </span>
    </p>
   </div>
   <div class='ocr_carea' id='block_1_16' title="bbox 523 1517 2113 1595">
    <p class='ocr_par' dir='ltr' id='par_1_16' title="bbox 523 1517 2113 1595">
     <span class='ocr_line' id='line_1_16' title="bbox 523 1517 2113 1595; baseline -0.003 -18"><span class='ocrx_word' id='word_1_100' title='bbox 523 1532 686 1581; x_wconf 61' lang='lat' dir='ltr'><strong>terra:</strong></span> <span class='ocrx_word' id='word_1_101' title='bbox 716 1525 761 1556; x_wconf 81' lang='grc'><strong>³⁸</strong></span> <span class='ocrx_word' id='word_1_102' title='bbox 790 1543 805 1578; x_wconf 91' lang='lat'><strong>:</strong></span> <span class='ocrx_word' id='word_1_103' title='bbox 838 1546 857 1576; x_wconf 73' lang='grc' dir='ltr'>ι</span> <span class='ocrx_word' id='word_1_104' title='bbox 892 1523 1217 1595; x_wconf 84' lang='lat' dir='ltr'><strong>planissime</strong></span> <span class='ocrx_word' id='word_1_105' title='bbox 1247 1523 1413 1578; x_wconf 88' lang='lat' dir='ltr'><strong>etiam</strong></span> <span class='ocrx_word' id='word_1_106' title='bbox 1461 1521 1517 1576; x_wconf 88' lang='lat' dir='ltr'><strong>in</strong></span> <span class='ocrx_word' id='word_1_107' title='bbox 1566 1520 1653 1578; x_wconf 84' lang='lat' dir='ltr'><strong>his</strong></span> <span class='ocrx_word' id='word_1_108' title='bbox 1685 1520 1907 1575; x_wconf 84' lang='lat' dir='ltr'><strong>divinus</strong></span> <span class='ocrx_word' id='word_1_109' title='bbox 1938 1517 2113 1590; x_wconf 83' lang='lat' dir='ltr'><strong>Spiri-</strong></span> 
     </span>
    </p>
   </div>
   <div class='ocr_carea' id='block_1_17' title="bbox 526 1612 2108 1686">
    <p class='ocr_par' dir='ltr' id='par_1_17' title="bbox 526 1612 2108 1686">
     <span class='ocr_line' id='line_1_17' title="bbox 526 1612 2108 1686; baseline -0.003 -16"><span class='ocrx_word' id='word_1_110' title='bbox 526 1629 616 1673; x_wconf 86' lang='lat' dir='ltr'><strong>tus</strong></span> <span class='ocrx_word' id='word_1_111' title='bbox 666 1616 950 1673; x_wconf 86' lang='lat' dir='ltr'><strong>Christum</strong></span> <span class='ocrx_word' id='word_1_112' title='bbox 1010 1614 1279 1686; x_wconf 81' lang='lat' dir='ltr'><strong>appellat,</strong></span> <span class='ocrx_word' id='word_1_113' title='bbox 1336 1613 1541 1685; x_wconf 88' lang='lat' dir='ltr'><strong>Deique</strong></span> <span class='ocrx_word' id='word_1_114' title='bbox 1598 1612 1853 1669; x_wconf 87' lang='lat' dir='ltr'><strong>eumdem</strong></span> <span class='ocrx_word' id='word_1_115' title='bbox 1910 1612 2108 1666; x_wconf 83' lang='lat' dir='ltr'><strong>Filium</strong></span> 
     </span>
    </p>
   </div>
   <div class='ocr_carea' id='block_1_18' title="bbox 524 1702 2110 1775">
    <p class='ocr_par' dir='ltr' id='par_1_18' title="bbox 524 1702 2110 1775">
     <span class='ocr_line' id='line_1_18' title="bbox 524 1702 2110 1775; baseline -0.004 -12"><span class='ocrx_word' id='word_1_116' title='bbox 524 1714 687 1763; x_wconf 88' lang='lat' dir='ltr'><strong>vocat</strong></span> <span class='ocrx_word' id='word_1_117' title='bbox 708 1748 722 1771; x_wconf 95' lang='lat'><strong>,</strong></span> <span class='ocrx_word' id='word_1_118' title='bbox 754 1707 901 1763; x_wconf 82' lang='lat' dir='ltr'><strong>sicut</strong></span> <span class='ocrx_word' id='word_1_119' title='bbox 932 1720 1034 1762; x_wconf 81' lang='lat' dir='ltr'><strong>nos</strong></span> <span class='ocrx_word' id='word_1_120' title='bbox 1065 1704 1374 1761; x_wconf 82' lang='lat' dir='ltr'><strong>docuerunt</strong></span> <span class='ocrx_word' id='word_1_121' title='bbox 1408 1719 1473 1759; x_wconf 87' lang='lat' dir='ltr'><strong>ea</strong></span> <span class='ocrx_word' id='word_1_122' title='bbox 1508 1719 1630 1775; x_wconf 66' lang='lat' dir='ltr'><strong>qum</strong></span> <span class='ocrx_word' id='word_1_123' title='bbox 1662 1704 1918 1774; x_wconf 86' lang='lat' dir='ltr'><strong>superius</strong></span> <span class='ocrx_word' id='word_1_124' title='bbox 1962 1702 2110 1758; x_wconf 87' lang='lat' dir='ltr'><strong>dicta</strong></span> 
     </span>
    </p>
   </div>
   <div class='ocr_carea' id='block_1_19' title="bbox 525 1794 2109 1869">
    <p class='ocr_par' dir='ltr' id='par_1_19' title="bbox 525 1794 2109 1869">
     <span class='ocr_line' id='line_1_19' title="bbox 525 1794 2109 1869; baseline -0.004 -14"><span class='ocrx_word' id='word_1_125' title='bbox 525 1808 695 1864; x_wconf 84' lang='lat' dir='ltr'><strong>sunt,</strong></span> <span class='ocrx_word' id='word_1_126' title='bbox 733 1799 1011 1869; x_wconf 82' lang='lat' dir='ltr'><strong>simulque</strong></span> <span class='ocrx_word' id='word_1_127' title='bbox 1043 1807 1099 1853; x_wconf 86' lang='lat' dir='ltr'><strong>ct</strong></span> <span class='ocrx_word' id='word_1_128' title='bbox 1124 1797 1654 1853; x_wconf 88' lang='lat' dir='ltr'><strong>circumventionem</strong></span> <span class='ocrx_word' id='word_1_129' title='bbox 1690 1795 1986 1867; x_wconf 80' lang='lat' dir='ltr'><strong>quamdam</strong></span> <span class='ocrx_word' id='word_1_130' title='bbox 2023 1794 2109 1848; x_wconf 85' lang='lat' dir='ltr'><strong>fu-</strong></span> 
     </span>
    </p>
   </div>
   <div class='ocr_carea' id='block_1_20' title="bbox 524 1888 2109 1961">
    <p class='ocr_par' dir='ltr' id='par_1_20' title="bbox 524 1888 2109 1961">
     <span class='ocr_line' id='line_1_20' title="bbox 524 1888 2109 1961; baseline -0.004 -13"><span class='ocrx_word' id='word_1_131' title='bbox 524 1902 711 1948; x_wconf 86' lang='lat' dir='ltr'><strong>turam</strong></span> <span class='ocrx_word' id='word_1_132' title='bbox 769 1899 973 1947; x_wconf 84' lang='lat' dir='ltr'><strong>contra.</strong></span> <span class='ocrx_word' id='word_1_133' title='bbox 1020 1890 1174 1945; x_wconf 87' lang='lat' dir='ltr'><strong>illum</strong></span> <span class='ocrx_word' id='word_1_134' title='bbox 1231 1890 1542 1961; x_wconf 77' lang='lat' dir='ltr'><strong>significat,</strong></span> <span class='ocrx_word' id='word_1_135' title='bbox 1599 1900 1654 1946; x_wconf 89' lang='lat' dir='ltr'><strong>et</strong></span> <span class='ocrx_word' id='word_1_136' title='bbox 1706 1888 1954 1960; x_wconf 89' lang='lat' dir='ltr'><strong>gentium</strong></span> <span class='ocrx_word' id='word_1_137' title='bbox 2010 1902 2109 1957; x_wconf 86' lang='lat' dir='ltr'><strong>per</strong></span> 
     </span>
    </p>
   </div>
   <div class='ocr_carea' id='block_1_21' title="bbox 523 1980 2108 2050">
    <p class='ocr_par' dir='ltr' id='par_1_21' title="bbox 523 1980 2108 2050">
     <span class='ocr_line' id='line_1_21' title="bbox 523 1980 2108 2050; baseline -0.004 -10"><span class='ocrx_word' id='word_1_138' title='bbox 523 1983 779 2040; x_wconf 87' lang='lat' dir='ltr'><strong>eumdem</strong></span> <span class='ocrx_word' id='word_1_139' title='bbox 812 1982 1052 2038; x_wconf 86' lang='lat' dir='ltr'><strong>futuram</strong></span> <span class='ocrx_word' id='word_1_140' title='bbox 1088 1982 1436 2037; x_wconf 86' lang='lat' dir='ltr'><strong>vocationem</strong></span> <span class='ocrx_word' id='word_1_141' title='bbox 1467 1990 1594 2036; x_wconf 84' lang='lat' dir='ltr'><strong>ante</strong></span> <span class='ocrx_word' id='word_1_142' title='bbox 1624 1980 1950 2044; x_wconf 81' lang='lat' dir='ltr'><strong>denuntiat,</strong></span> <span class='ocrx_word' id='word_1_143' title='bbox 1985 1994 2108 2050; x_wconf 66' lang='lat' dir='ltr'><strong>quae</strong></span> 
     </span>
    </p>
   </div>
   <div class='ocr_carea' id='block_1_22' title="bbox 523 2071 2107 2147">
    <p class='ocr_par' dir='ltr' id='par_1_22' title="bbox 523 2071 2107 2147">
     <span class='ocr_line' id='line_1_22' title="bbox 523 2071 2107 2147; baseline -0.002 -17"><span class='ocrx_word' id='word_1_144' title='bbox 523 2075 748 2147; x_wconf 84' lang='lat' dir='ltr'><strong>quidem</strong></span> <span class='ocrx_word' id='word_1_145' title='bbox 798 2090 859 2130; x_wconf 87' lang='lat' dir='ltr'><strong>re</strong></span> <span class='ocrx_word' id='word_1_146' title='bbox 906 2074 1025 2146; x_wconf 87' lang='lat' dir='ltr'><strong>ipsa</strong></span> <span class='ocrx_word' id='word_1_147' title='bbox 1076 2076 1256 2146; x_wconf 81' lang='lat' dir='ltr'><strong>palam</strong></span> <span class='ocrx_word' id='word_1_148' title='bbox 1306 2076 1363 2131; x_wconf 82' lang='lat' dir='ltr'><strong>in</strong></span> <span class='ocrx_word' id='word_1_149' title='bbox 1412 2074 1697 2129; x_wconf 85' lang='lat' dir='ltr'><strong>Salvatore</strong></span> <span class='ocrx_word' id='word_1_150' title='bbox 1737 2080 1929 2129; x_wconf 90' lang='lat' dir='ltr'><strong>nostro</strong></span> <span class='ocrx_word' id='word_1_151' title='bbox 1974 2071 2107 2128; x_wconf 81' lang='lat' dir='ltr'><strong>Jesu</strong></span> 
     </span>
    </p>
   </div>
   <div class='ocr_carea' id='block_1_23' title="bbox 526 2161 2105 2235">
    <p class='ocr_par' dir='ltr' id='par_1_23' title="bbox 526 2161 2105 2235">
     <span class='ocr_line' id='line_1_23' title="bbox 526 2161 2105 2235; baseline -0.002 -14"><span class='ocrx_word' id='word_1_152' title='bbox 526 2165 756 2221; x_wconf 77' lang='lat' dir='ltr'><strong>Christo</strong></span> <span class='ocrx_word' id='word_1_153' title='bbox 790 2165 908 2235; x_wconf 88' lang='lat' dir='ltr'><strong>ipsc</strong></span> <span class='ocrx_word' id='word_1_154' title='bbox 954 2181 1142 2221; x_wconf 83' lang='lat' dir='ltr'><strong>rerum</strong></span> <span class='ocrx_word' id='word_1_155' title='bbox 1187 2174 1417 2222; x_wconf 85' lang='lat' dir='ltr'><strong>eventus</strong></span> <span class='ocrx_word' id='word_1_156' title='bbox 1458 2165 1776 2221; x_wconf 83' lang='lat' dir='ltr'><strong>declaravit.</strong></span> <span class='ocrx_word' id='word_1_157' title='bbox 1821 2161 1932 2219; x_wconf 83' lang='lat' dir='ltr'><strong>Nec</strong></span> <span class='ocrx_word' id='word_1_158' title='bbox 1976 2164 2105 2219; x_wconf 89' lang='lat' dir='ltr'><strong>dum</strong></span> 
     </span>
    </p>
   </div>
   <div class='ocr_carea' id='block_1_24' title="bbox 523 2256 2108 2330">
    <p class='ocr_par' dir='ltr' id='par_1_24' title="bbox 523 2256 2108 2330">
     <span class='ocr_line' id='line_1_24' title="bbox 523 2256 2108 2330; baseline -0.001 -16"><span class='ocrx_word' id='word_1_159' title='bbox 523 2258 693 2330; x_wconf 89' lang='lat' dir='ltr'><strong>igitur</strong></span> <span class='ocrx_word' id='word_1_160' title='bbox 720 2266 912 2330; x_wconf 83' lang='lat' dir='ltr'><strong>gentes</strong></span> <span class='ocrx_word' id='word_1_161' title='bbox 933 2298 949 2322; x_wconf 90' lang='lat'><strong>,</strong></span> <span class='ocrx_word' id='word_1_162' title='bbox 975 2265 1030 2313; x_wconf 85' lang='lat' dir='ltr'><strong>et</strong></span> <span class='ocrx_word' id='word_1_163' title='bbox 1056 2259 1280 2329; x_wconf 89' lang='lat' dir='ltr'><strong>populi,</strong></span> <span class='ocrx_word' id='word_1_164' title='bbox 1311 2268 1365 2315; x_wconf 91' lang='lat' dir='ltr'><strong>et</strong></span> <span class='ocrx_word' id='word_1_165' title='bbox 1394 2274 1551 2330; x_wconf 82' lang='lat' dir='ltr'><strong>reges</strong></span> <span class='ocrx_word' id='word_1_166' title='bbox 1593 2265 1649 2315; x_wconf 91' lang='lat' dir='ltr'><strong>et</strong></span> <span class='ocrx_word' id='word_1_167' title='bbox 1703 2256 1981 2329; x_wconf 82' lang='lat' dir='ltr'><strong>principes</strong></span> <span class='ocrx_word' id='word_1_168' title='bbox 2009 2256 2108 2312; x_wconf 89' lang='lat' dir='ltr'><strong>de-</strong></span> 
     </span>
    </p>
   </div>
   <div class='ocr_carea' id='block_1_25' title="bbox 524 2352 2106 2425">
    <p class='ocr_par' dir='ltr' id='par_1_25' title="bbox 524 2352 2106 2425">
     <span class='ocr_line' id='line_1_25' title="bbox 524 2352 2106 2425; baseline 0 -16"><span class='ocrx_word' id='word_1_169' title='bbox 524 2358 760 2418; x_wconf 84' lang='lat' dir='ltr'><strong>sistunt,</strong></span> <span class='ocrx_word' id='word_1_170' title='bbox 790 2362 905 2407; x_wconf 88' lang='lat' dir='ltr'><strong>tum</strong></span> <span class='ocrx_word' id='word_1_171' title='bbox 936 2352 1209 2409; x_wconf 87' lang='lat' dir='ltr'><strong>adversus</strong></span> <span class='ocrx_word' id='word_1_172' title='bbox 1236 2352 1387 2408; x_wconf 90' lang='lat' dir='ltr'><strong>illum</strong></span> <span class='ocrx_word' id='word_1_173' title='bbox 1420 2361 1535 2407; x_wconf 91' lang='lat' dir='ltr'><strong>tum</strong></span> <span class='ocrx_word' id='word_1_174' title='bbox 1568 2353 1831 2411; x_wconf 87' lang='lat' dir='ltr'><strong>adversus</strong></span> <span class='ocrx_word' id='word_1_175' title='bbox 1859 2354 2106 2425; x_wconf 85' lang='lat' dir='ltr'><strong>ejusdem</strong></span> 
     </span>
    </p>
   </div>
   <div class='ocr_carea' id='block_1_26' title="bbox 522 2444 2107 2512">
    <p class='ocr_par' dir='ltr' id='par_1_26' title="bbox 522 2444 2107 2512">
     <span class='ocr_line' id='line_1_26' title="bbox 522 2444 2107 2512; baseline 0.001 -13"><span class='ocrx_word' id='word_1_176' title='bbox 522 2445 828 2500; x_wconf 71' lang='lat' dir='ltr'><strong>doctrinam</strong></span> <span class='ocrx_word' id='word_1_177' title='bbox 854 2444 1169 2503; x_wconf 76' lang='lat' dir='ltr'><strong>convenire.</strong></span> <span class='ocrx_word' id='word_1_178' title='bbox 1190 2444 1346 2512; x_wconf 82' lang='lat' dir='ltr'><strong>Quod</strong></span> <span class='ocrx_word' id='word_1_179' title='bbox 1368 2446 1416 2503; x_wconf 91' lang='lat' dir='ltr'><strong>si</strong></span> <span class='ocrx_word' id='word_1_180' title='bbox 1437 2445 1553 2501; x_wconf 50' lang='lat' dir='ltr'><strong>haec</strong></span> <span class='ocrx_word' id='word_1_181' title='bbox 1572 2444 1745 2503; x_wconf 72' lang='lat' dir='ltr'><strong>Judzei</strong></span> <span class='ocrx_word' id='word_1_182' title='bbox 1768 2446 1835 2501; x_wconf 88' lang='lat' dir='ltr'><strong>ad</strong></span> <span class='ocrx_word' id='word_1_183' title='bbox 1862 2445 2107 2502; x_wconf 90' lang='lat' dir='ltr'><strong>futurum</strong></span> 
     </span>
    </p>
   </div>
   <div class='ocr_carea' id='block_1_27' title="bbox 525 2536 2106 2611">
    <p class='ocr_par' dir='ltr' id='par_1_27' title="bbox 525 2536 2106 2611">
     <span class='ocr_line' id='line_1_27' title="bbox 525 2536 2106 2611; baseline 0.001 -19"><span class='ocrx_word' id='word_1_184' title='bbox 525 2536 770 2593; x_wconf 82' lang='lat' dir='ltr'><strong>referant</strong></span> <span class='ocrx_word' id='word_1_185' title='bbox 802 2546 1055 2608; x_wconf 82' lang='lat' dir='ltr'><strong>tempus,</strong></span> <span class='ocrx_word' id='word_1_186' title='bbox 1108 2538 1222 2608; x_wconf 85' lang='lat' dir='ltr'><strong>jam</strong></span> <span class='ocrx_word' id='word_1_187' title='bbox 1278 2538 1402 2594; x_wconf 91' lang='lat' dir='ltr'><strong>illos</strong></span> <span class='ocrx_word' id='word_1_188' title='bbox 1450 2538 1609 2594; x_wconf 78' lang='lat' dir='ltr'><strong>fateri</strong></span> <span class='ocrx_word' id='word_1_189' title='bbox 1651 2547 1929 2611; x_wconf 84' lang='lat' dir='ltr'><strong>oporteat,</strong></span> <span class='ocrx_word' id='word_1_190' title='bbox 1983 2555 2106 2595; x_wconf 87' lang='lat' dir='ltr'><strong>eum</strong></span> 
     </span>
    </p>
   </div>
   <div class='ocr_carea' id='block_1_28' title="bbox 521 2629 2111 2701">
    <p class='ocr_par' dir='ltr' id='par_1_28' title="bbox 521 2629 2111 2701">
     <span class='ocr_line' id='line_1_28' title="bbox 521 2629 2111 2701; baseline 0.003 -17"><span class='ocrx_word' id='word_1_191' title='bbox 521 2646 684 2701; x_wconf 88' lang='lat' dir='ltr'><strong>quem</strong></span> <span class='ocrx_word' id='word_1_192' title='bbox 733 2631 838 2701; x_wconf 89' lang='lat' dir='ltr'><strong>ipsi</strong></span> <span class='ocrx_word' id='word_1_193' title='bbox 867 2638 1188 2701; x_wconf 79' lang='lat' dir='ltr'><strong>exspectant</strong></span> <span class='ocrx_word' id='word_1_194' title='bbox 1220 2629 1524 2695; x_wconf 84' lang='lat' dir='ltr'><strong>Christum,</strong></span> <span class='ocrx_word' id='word_1_195' title='bbox 1582 2647 1777 2688; x_wconf 89' lang='lat' dir='ltr'><strong>rursus</strong></span> <span class='ocrx_word' id='word_1_196' title='bbox 1807 2632 2111 2689; x_wconf 80' lang='lat' dir='ltr'><strong>circumve-</strong></span> 
     </span>
    </p>
   </div>
   <div class='ocr_carea' id='block_1_29' title="bbox 536 2721 2103 2795">
    <p class='ocr_par' dir='ltr' id='par_1_29' title="bbox 536 2721 2103 2795">
     <span class='ocr_line' id='line_1_29' title="bbox 536 2721 2103 2795; baseline -0.001 -18"><span class='ocrx_word' id='word_1_197' title='bbox 536 2721 802 2778; x_wconf 84' lang='lat' dir='ltr'><strong>nicndum</strong></span> <span class='ocrx_word' id='word_1_198' title='bbox 823 2762 839 2785; x_wconf 88' lang='lat'><strong>,</strong></span> <span class='ocrx_word' id='word_1_199' title='bbox 864 2723 1007 2778; x_wconf 91' lang='lat' dir='ltr'><strong>sicut</strong></span> <span class='ocrx_word' id='word_1_200' title='bbox 1027 2738 1269 2793; x_wconf 71' lang='lat' dir='ltr'><strong>prazsens</strong></span> <span class='ocrx_word' id='word_1_201' title='bbox 1297 2723 1460 2780; x_wconf 86' lang='lat' dir='ltr'><strong>habet</strong></span> <span class='ocrx_word' id='word_1_202' title='bbox 1480 2725 1764 2780; x_wconf 88' lang='lat' dir='ltr'><strong>oraculum</strong></span> <span class='ocrx_word' id='word_1_203' title='bbox 1782 2764 1797 2789; x_wconf 97' lang='lat'><strong>,</strong></span> <span class='ocrx_word' id='word_1_204' title='bbox 1826 2725 1972 2795; x_wconf 86' lang='lat' dir='ltr'><strong>quod</strong></span> <span class='ocrx_word' id='word_1_205' title='bbox 1996 2724 2103 2778; x_wconf 82' lang='lat' dir='ltr'><strong>ait;</strong></span> 
     </span>
    </p>
   </div>
   <div class='ocr_carea' id='block_1_30' title="bbox 533 2812 2111 2887">
    <p class='ocr_par' dir='ltr' id='par_1_30' title="bbox 533 2812 2111 2887">
     <span class='ocr_line' id='line_1_30' title="bbox 533 2812 2111 2887; baseline 0.003 -23"><span class='ocrx_word' id='word_1_206' title='bbox 533 2812 693 2885; x_wconf 70' lang='lat'><strong>183</strong></span> <span class='ocrx_word' id='word_1_207' title='bbox 723 2832 741 2864; x_wconf 76' lang='grc' dir='ltr'>ι</span> <span class='ocrx_word' id='word_1_208' title='bbox 782 2813 1089 2869; x_wconf 79' lang='lat' dir='ltr'><strong>Astiterunt</strong></span> <span class='ocrx_word' id='word_1_209' title='bbox 1115 2830 1272 2885; x_wconf 89' lang='lat' dir='ltr'><strong>reges</strong></span> <span class='ocrx_word' id='word_1_210' title='bbox 1301 2822 1479 2880; x_wconf 64' lang='lat' dir='ltr'><strong>terna,</strong></span> <span class='ocrx_word' id='word_1_211' title='bbox 1511 2823 1564 2871; x_wconf 89' lang='lat' dir='ltr'><strong>et</strong></span> <span class='ocrx_word' id='word_1_212' title='bbox 1592 2814 1867 2887; x_wconf 86' lang='lat' dir='ltr'><strong>principes</strong></span> <span class='ocrx_word' id='word_1_213' title='bbox 1908 2830 2111 2870; x_wconf 84' lang='lat' dir='ltr'><strong>conve-</strong></span> 
     </span>
    </p>
   </div>
   <div class='ocr_carea' id='block_1_31' title="bbox 526 2906 2110 2973">
    <p class='ocr_par' dir='ltr' id='par_1_31' title="bbox 526 2906 2110 2973">
     <span class='ocr_line' id='line_1_31' title="bbox 526 2906 2110 2973; baseline 0.003 -13"><span class='ocrx_word' id='word_1_214' title='bbox 526 2913 729 2962; x_wconf 88' lang='lat' dir='ltr'><strong>nerunt</strong></span> <span class='ocrx_word' id='word_1_215' title='bbox 768 2907 824 2961; x_wconf 86' lang='lat' dir='ltr'><strong>in</strong></span> <span class='ocrx_word' id='word_1_216' title='bbox 877 2924 1044 2962; x_wconf 91' lang='lat' dir='ltr'><strong>unum</strong></span> <span class='ocrx_word' id='word_1_217' title='bbox 1105 2907 1370 2964; x_wconf 84' lang='lat' dir='ltr'><strong>adversus</strong></span> <span class='ocrx_word' id='word_1_218' title='bbox 1426 2906 1738 2973; x_wconf 87' lang='lat' dir='ltr'><strong>Dominum,</strong></span> <span class='ocrx_word' id='word_1_219' title='bbox 1763 2915 1817 2964; x_wconf 93' lang='lat' dir='ltr'><strong>et</strong></span> <span class='ocrx_word' id='word_1_220' title='bbox 1844 2908 2110 2965; x_wconf 86' lang='lat' dir='ltr'><strong>adversus</strong></span> 
     </span>
    </p>
   </div>
   <div class='ocr_carea' id='block_1_32' title="bbox 525 2996 2107 3071">
    <p class='ocr_par' dir='ltr' id='par_1_32' title="bbox 525 2996 2107 3071">
     <span class='ocr_line' id='line_1_32' title="bbox 525 2996 2107 3071; baseline 0.003 -22"><span class='ocrx_word' id='word_1_221' title='bbox 525 2996 805 3053; x_wconf 79' lang='lat' dir='ltr'><strong>Christum</strong></span> <span class='ocrx_word' id='word_1_222' title='bbox 837 2999 959 3069; x_wconf 83' lang='lat' dir='ltr'><strong>ejus</strong></span> <span class='ocrx_word' id='word_1_223' title='bbox 995 3018 1007 3053; x_wconf 90' lang='lat'><strong>:</strong></span> <span class='ocrx_word' id='word_1_224' title='bbox 1053 3019 1071 3051; x_wconf 74' lang='grc' dir='ltr'>ι</span> <span class='ocrx_word' id='word_1_225' title='bbox 1112 2999 1257 3070; x_wconf 91' lang='lat' dir='ltr'><strong>quod</strong></span> <span class='ocrx_word' id='word_1_226' title='bbox 1299 3015 1431 3055; x_wconf 87' lang='lat' dir='ltr'><strong>sane</strong></span> <span class='ocrx_word' id='word_1_227' title='bbox 1460 2999 1641 3053; x_wconf 90' lang='lat' dir='ltr'><strong>daturi</strong></span> <span class='ocrx_word' id='word_1_228' title='bbox 1668 3016 1941 3071; x_wconf 85' lang='lat' dir='ltr'><strong>nusquam</strong></span> <span class='ocrx_word' id='word_1_229' title='bbox 1974 3001 2107 3067; x_wconf 90' lang='lat' dir='ltr'><strong>sint,</strong></span> 
     </span>
    </p>
   </div>
   <div class='ocr_carea' id='block_1_33' title="bbox 525 3090 2108 3165">
    <p class='ocr_par' dir='ltr' id='par_1_33' title="bbox 525 3090 2108 3165">
     <span class='ocr_line' id='line_1_33' title="bbox 525 3090 2108 3165; baseline 0.003 -21"><span class='ocrx_word' id='word_1_230' title='bbox 525 3090 729 3162; x_wconf 80' lang='lat' dir='ltr'><strong>quippe</strong></span> <span class='ocrx_word' id='word_1_231' title='bbox 760 3091 855 3162; x_wconf 92' lang='lat' dir='ltr'><strong>qui</strong></span> <span class='ocrx_word' id='word_1_232' title='bbox 899 3106 1157 3162; x_wconf 86' lang='lat' dir='ltr'><strong>magnum</strong></span> <span class='ocrx_word' id='word_1_233' title='bbox 1193 3092 1486 3162; x_wconf 86' lang='lat' dir='ltr'><strong>quemdam</strong></span> <span class='ocrx_word' id='word_1_234' title='bbox 1531 3093 1859 3164; x_wconf 81' lang='lat' dir='ltr'><strong>principem,</strong></span> <span class='ocrx_word' id='word_1_235' title='bbox 1896 3109 2108 3165; x_wconf 82' lang='lat' dir='ltr'><strong>regem—</strong></span> 
     </span>
    </p>
   </div>
   <div class='ocr_carea' id='block_1_34' title="bbox 2283 534 3794 628">
    <p class='ocr_par' dir='ltr' id='par_1_34' title="bbox 2283 534 3794 628">
     <span class='ocr_line' id='line_1_34' title="bbox 2283 534 3794 628; baseline -0.005 -35"><span class='ocrx_word' id='word_1_236' title='bbox 2283 534 2519 628; x_wconf 45' lang='grc' dir='ltr'><strong>κᾼῆξοόν</strong></span> <span class='ocrx_word' id='word_1_237' title='bbox 2560 534 2885 611; x_wconf 72' lang='grc' dir='ltr'>λαμϐάνων</span> <span class='ocrx_word' id='word_1_238' title='bbox 2924 535 3085 606; x_wconf 74' lang='grc' dir='ltr'>παρὰ</span> <span class='ocrx_word' id='word_1_239' title='bbox 3116 534 3223 589; x_wconf 82' lang='grc' dir='ltr'>τοῦ</span> <span class='ocrx_word' id='word_1_240' title='bbox 3271 534 3503 603; x_wconf 78' lang='grc' dir='ltr'>Πατρός</span> <span class='ocrx_word' id='word_1_241' title='bbox 3536 547 3794 602; x_wconf 69' lang='grc' dir='ltr'>προεκπι-</span> 
     </span>
    </p>
   </div>
   <div class='ocr_carea' id='block_1_35' title="bbox 2274 628 2544 680">
    <p class='ocr_par' dir='ltr' id='par_1_35' title="bbox 2274 628 2544 680">
     <span class='ocr_line' id='line_1_35' title="bbox 2274 628 2544 680; baseline -0.007 -14"><span class='ocrx_word' id='word_1_242' title='bbox 2274 628 2544 680; x_wconf 66' lang='lat' dir='ltr'><strong>partem.</strong></span> 
     </span>
    </p>
   </div>
   <div class='ocr_carea' id='block_1_36' title="bbox 2288 694 3805 773">
    <p class='ocr_par' dir='ltr' id='par_1_36' title="bbox 2288 694 3805 773">
     <span class='ocr_line' id='line_1_36' title="bbox 2288 694 3805 773; baseline -0.007 -15"><span class='ocrx_word' id='word_1_243' title='bbox 2288 724 2308 757; x_wconf 78' lang='grc' dir='ltr'>ι</span> <span class='ocrx_word' id='word_1_244' title='bbox 2350 706 2468 757; x_wconf 85' lang='grc' dir='ltr'><strong>’Ἰνα</strong></span> <span class='ocrx_word' id='word_1_245' title='bbox 2512 704 2567 757; x_wconf 82' lang='grc' dir='ltr'>τί</span> <span class='ocrx_word' id='word_1_246' title='bbox 2618 700 2894 773; x_wconf 77' lang='grc' dir='ltr'><strong>ἐφρύαξαν</strong></span> <span class='ocrx_word' id='word_1_247' title='bbox 2945 699 3094 771; x_wconf 87' lang='grc' dir='ltr'>ἐθνη,</span> <span class='ocrx_word' id='word_1_248' title='bbox 3138 698 3234 752; x_wconf 73' lang='grc' dir='ltr'><strong>καὶ</strong></span> <span class='ocrx_word' id='word_1_249' title='bbox 3285 696 3405 750; x_wconf 78' lang='grc' dir='ltr'>λαοὶ</span> <span class='ocrx_word' id='word_1_250' title='bbox 3456 694 3805 767; x_wconf 76' lang='grc' dir='ltr'><strong>ἐμελέτησαν.</strong></span> 
     </span>
    </p>
   </div>
   <div class='ocr_carea' id='block_1_37' title="bbox 2212 787 3801 867">
    <p class='ocr_par' dir='ltr' id='par_1_37' title="bbox 2212 787 3801 867">
     <span class='ocr_line' id='line_1_37' title="bbox 2212 787 3801 867; baseline -0.008 -15"><span class='ocrx_word' id='word_1_251' title='bbox 2212 796 2376 863; x_wconf 85' lang='grc' dir='ltr'>κενά;</span> <span class='ocrx_word' id='word_1_252' title='bbox 2407 795 2769 867; x_wconf 83' lang='grc' dir='ltr'>Παρέστησαν</span> <span class='ocrx_word' id='word_1_253' title='bbox 2800 793 2852 845; x_wconf 85' lang='grc' dir='ltr'><strong>οἱ</strong></span> <span class='ocrx_word' id='word_1_254' title='bbox 2897 791 3138 863; x_wconf 83' lang='grc' dir='ltr'><strong>βασιλεῖς</strong></span> <span class='ocrx_word' id='word_1_255' title='bbox 3176 789 3276 861; x_wconf 81' lang='grc' dir='ltr'><strong>τῆς</strong></span> <span class='ocrx_word' id='word_1_256' title='bbox 3316 788 3442 859; x_wconf 77' lang='grc' dir='ltr'>γῆς,</span> <span class='ocrx_word' id='word_1_257' title='bbox 3482 788 3579 842; x_wconf 81' lang='grc' dir='ltr'>καὶ</span> <span class='ocrx_word' id='word_1_258' title='bbox 3611 788 3664 841; x_wconf 83' lang='grc' dir='ltr'>οί</span> <span class='ocrx_word' id='word_1_259' title='bbox 3703 787 3801 859; x_wconf 82' lang='grc' dir='ltr'><strong>ἆρ-</strong></span> 
     </span>
    </p>
   </div>
   <div class='ocr_carea' id='block_1_38' title="bbox 2210 878 3811 960">
    <p class='ocr_par' dir='ltr' id='par_1_38' title="bbox 2210 878 3811 960">
     <span class='ocr_line' id='line_1_38' title="bbox 2210 878 3811 960; baseline -0.006 -17"><span class='ocrx_word' id='word_1_260' title='bbox 2210 905 2397 960; x_wconf 89' lang='grc' dir='ltr'>χοντες</span> <span class='ocrx_word' id='word_1_261' title='bbox 2454 885 2801 958; x_wconf 82' lang='grc' dir='ltr'><strong>συνήχθησαν</strong></span> <span class='ocrx_word' id='word_1_262' title='bbox 2848 885 2941 938; x_wconf 76' lang='grc' dir='ltr'><strong>ἐπὶ</strong></span> <span class='ocrx_word' id='word_1_263' title='bbox 2983 884 3044 937; x_wconf 83' lang='grc' dir='ltr'>τὸ</span> <span class='ocrx_word' id='word_1_264' title='bbox 3076 881 3206 936; x_wconf 79' lang='grc' dir='ltr'>αὐτὸ</span> <span class='ocrx_word' id='word_1_265' title='bbox 3249 881 3391 936; x_wconf 85' lang='grc' dir='ltr'>κατὰ</span> <span class='ocrx_word' id='word_1_266' title='bbox 3429 879 3524 934; x_wconf 91' lang='grc' dir='ltr'>τοῦ</span> <span class='ocrx_word' id='word_1_267' title='bbox 3560 878 3811 951; x_wconf 72' lang='grc' dir='ltr'>Κυρίου,</span> 
     </span>
    </p>
   </div>
   <div class='ocr_carea' id='block_1_39' title="bbox 2212 970 3791 1052">
    <p class='ocr_par' dir='ltr' id='par_1_39' title="bbox 2212 970 3791 1052">
     <span class='ocr_line' id='line_1_39' title="bbox 2212 970 3791 1052; baseline -0.008 -16"><span class='ocrx_word' id='word_1_268' title='bbox 2212 982 2304 1036; x_wconf 72' lang='grc' dir='ltr'>καὶ</span> <span class='ocrx_word' id='word_1_269' title='bbox 2331 981 2471 1036; x_wconf 86' lang='grc' dir='ltr'><strong>κατά</strong></span> <span class='ocrx_word' id='word_1_270' title='bbox 2510 980 2606 1035; x_wconf 90' lang='grc' dir='ltr'>τοῦ</span> <span class='ocrx_word' id='word_1_271' title='bbox 2652 976 2889 1052; x_wconf 81' lang='grc' dir='ltr'><strong>Χριστοῦ</strong></span> <span class='ocrx_word' id='word_1_272' title='bbox 2926 976 3124 1032; x_wconf 84' lang='grc' dir='ltr'>αὐτοῦ·</span> <span class='ocrx_word' id='word_1_273' title='bbox 3165 994 3185 1027; x_wconf 71' lang='grc' dir='ltr'>ι</span> <span class='ocrx_word' id='word_1_274' title='bbox 3220 970 3303 1040; x_wconf 70' lang='grc' dir='ltr'><strong>οἷς</strong></span> <span class='ocrx_word' id='word_1_275' title='bbox 3341 973 3468 1045; x_wconf 79' lang='grc' dir='ltr'>ἑξῆς</span> <span class='ocrx_word' id='word_1_276' title='bbox 3513 971 3791 1041; x_wconf 71' lang='grc' dir='ltr'>ἐπιλέγει*</span> 
     </span>
    </p>
   </div>
   <div class='ocr_carea' id='block_1_40' title="bbox 2216 1063 3798 1144">
    <p class='ocr_par' dir='ltr' id='par_1_40' title="bbox 2216 1063 3798 1144">
     <span class='ocr_line' id='line_1_40' title="bbox 2216 1063 3798 1144; baseline -0.008 -15"><span class='ocrx_word' id='word_1_277' title='bbox 2216 1095 2235 1128; x_wconf 77' lang='grc' dir='ltr'>ι</span> <span class='ocrx_word' id='word_1_278' title='bbox 2304 1074 2447 1144; x_wconf 86' lang='grc' dir='ltr'><strong>Ἐγὼ</strong></span> <span class='ocrx_word' id='word_1_279' title='bbox 2517 1073 2577 1128; x_wconf 85' lang='grc' dir='ltr'><strong>δέ</strong></span> <span class='ocrx_word' id='word_1_280' title='bbox 2645 1069 2988 1140; x_wconf 87' lang='grc' dir='ltr'>κατεστάθην</span> <span class='ocrx_word' id='word_1_281' title='bbox 3049 1068 3301 1141; x_wconf 76' lang='grc' dir='ltr'>βασιλεὺς</span> <span class='ocrx_word' id='word_1_282' title='bbox 3355 1065 3447 1120; x_wconf 81' lang='grc' dir='ltr'>ὑπ’</span> <span class='ocrx_word' id='word_1_283' title='bbox 3496 1063 3663 1118; x_wconf 74' lang='grc' dir='ltr'>αὑτοῦ</span> <span class='ocrx_word' id='word_1_284' title='bbox 3699 1063 3798 1118; x_wconf 74' lang='grc' dir='ltr'>ἐπὶ</span> 
     </span>
    </p>
   </div>
   <div class='ocr_carea' id='block_1_41' title="bbox 2210 1156 3798 1239">
    <p class='ocr_par' dir='ltr' id='par_1_41' title="bbox 2210 1156 3798 1239">
     <span class='ocr_line' id='line_1_41' title="bbox 2210 1156 3798 1239; baseline -0.006 -18"><span class='ocrx_word' id='word_1_285' title='bbox 2210 1166 2349 1221; x_wconf 85' lang='grc' dir='ltr'>Σιὼν</span> <span class='ocrx_word' id='word_1_286' title='bbox 2394 1166 2522 1239; x_wconf 69' lang='grc' dir='ltr'>ὅρος</span> <span class='ocrx_word' id='word_1_287' title='bbox 2573 1165 2636 1219; x_wconf 77' lang='grc' dir='ltr'>τὸ</span> <span class='ocrx_word' id='word_1_288' title='bbox 2687 1165 2841 1235; x_wconf 77' lang='grc' dir='ltr'>ἅγιον</span> <span class='ocrx_word' id='word_1_289' title='bbox 2899 1161 3099 1217; x_wconf 81' lang='grc' dir='ltr'>αὑτοῦ.</span> <span class='ocrx_word' id='word_1_290' title='bbox 3160 1157 3492 1230; x_wconf 80' lang='grc' dir='ltr'><strong>διαγγέλλων</strong></span> <span class='ocrx_word' id='word_1_291' title='bbox 3538 1157 3600 1211; x_wconf 83' lang='grc' dir='ltr'>τὸ</span> <span class='ocrx_word' id='word_1_292' title='bbox 3634 1156 3798 1230; x_wconf 79' lang='grc' dir='ltr'>πρόσ-</span> 
     </span>
    </p>
   </div>
   <div class='ocr_carea' id='block_1_42' title="bbox 2210 1245 3802 1333">
    <p class='ocr_par' dir='ltr' id='par_1_42' title="bbox 2210 1245 3802 1333">
     <span class='ocr_line' id='line_1_42' title="bbox 2210 1245 3802 1333; baseline -0.009 -17"><span class='ocrx_word' id='word_1_293' title='bbox 2210 1278 2397 1333; x_wconf 87' lang='grc' dir='ltr'>ταγμα</span> <span class='ocrx_word' id='word_1_294' title='bbox 2436 1258 2663 1331; x_wconf 78' lang='grc' dir='ltr'><strong>Κυρίου.</strong></span> <span class='ocrx_word' id='word_1_295' title='bbox 2696 1256 2901 1329; x_wconf 82' lang='grc' dir='ltr'>Κύριος</span> <span class='ocrx_word' id='word_1_296' title='bbox 2947 1254 3066 1309; x_wconf 75' lang='grc' dir='ltr'>εἶπε</span> <span class='ocrx_word' id='word_1_297' title='bbox 3108 1271 3246 1326; x_wconf 90' lang='grc' dir='ltr'>προς</span> <span class='ocrx_word' id='word_1_298' title='bbox 3287 1251 3355 1325; x_wconf 81' lang='grc' dir='ltr'>μέ</span> <span class='ocrx_word' id='word_1_299' title='bbox 3379 1269 3393 1283; x_wconf 89' lang='grc'>·</span> <span class='ocrx_word' id='word_1_300' title='bbox 3424 1250 3553 1316; x_wconf 86' lang='grc' dir='ltr'>Υἱός</span> <span class='ocrx_word' id='word_1_301' title='bbox 3602 1267 3704 1322; x_wconf 77' lang='grc' dir='ltr'>μου</span> <span class='ocrx_word' id='word_1_302' title='bbox 3746 1245 3802 1303; x_wconf 73' lang='grc' dir='ltr'>εἶ</span> 
     </span>
    </p>
   </div>
   <div class='ocr_carea' id='block_1_43' title="bbox 2213 1342 3796 1423">
    <p class='ocr_par' dir='ltr' id='par_1_43' title="bbox 2213 1342 3796 1423">
     <span class='ocr_line' id='line_1_43' title="bbox 2213 1342 3796 1423; baseline -0.006 -17"><span class='ocrx_word' id='word_1_303' title='bbox 2213 1354 2301 1418; x_wconf 77' lang='grc' dir='ltr'>σὺ,</span> <span class='ocrx_word' id='word_1_304' title='bbox 2336 1352 2448 1421; x_wconf 83' lang='grc' dir='ltr'><strong>ἐγὼ</strong></span> <span class='ocrx_word' id='word_1_305' title='bbox 2483 1352 2723 1423; x_wconf 81' lang='grc' dir='ltr'><strong>σήμερον</strong></span> <span class='ocrx_word' id='word_1_306' title='bbox 2762 1346 3069 1418; x_wconf 83' lang='grc' dir='ltr'>γεγέννηκά</span> <span class='ocrx_word' id='word_1_307' title='bbox 3098 1364 3179 1399; x_wconf 85' lang='grc' dir='ltr'><strong>σε.</strong></span> <span class='ocrx_word' id='word_1_308' title='bbox 3211 1344 3443 1417; x_wconf 75' lang='grc' dir='ltr'>Αἷτησαι</span> <span class='ocrx_word' id='word_1_309' title='bbox 3471 1344 3599 1415; x_wconf 83' lang='grc' dir='ltr'>παρ’</span> <span class='ocrx_word' id='word_1_310' title='bbox 3635 1342 3796 1415; x_wconf 83' lang='grc' dir='ltr'>ἐμοῦ,</span> 
     </span>
    </p>
   </div>
   <div class='ocr_carea' id='block_1_44' title="bbox 2212 1433 3797 1511">
    <p class='ocr_par' dir='ltr' id='par_1_44' title="bbox 2212 1433 3797 1511">
     <span class='ocr_line' id='line_1_44' title="bbox 2212 1433 3797 1511; baseline -0.007 -14"><span class='ocrx_word' id='word_1_311' title='bbox 2212 1444 2307 1497; x_wconf 76' lang='grc' dir='ltr'>καὶ</span> <span class='ocrx_word' id='word_1_312' title='bbox 2343 1441 2500 1497; x_wconf 84' lang='grc' dir='ltr'><strong>δώσω</strong></span> <span class='ocrx_word' id='word_1_313' title='bbox 2533 1458 2615 1495; x_wconf 87' lang='grc' dir='ltr'>σοι</span> <span class='ocrx_word' id='word_1_314' title='bbox 2663 1440 2791 1511; x_wconf 78' lang='grc' dir='ltr'>ἔθνη</span> <span class='ocrx_word' id='word_1_315' title='bbox 2832 1436 2931 1510; x_wconf 79' lang='grc' dir='ltr'>τὴν</span> <span class='ocrx_word' id='word_1_316' title='bbox 2975 1436 3336 1508; x_wconf 76' lang='grc' dir='ltr'>κληρονομίαν</span> <span class='ocrx_word' id='word_1_317' title='bbox 3372 1451 3466 1488; x_wconf 93' lang='grc' dir='ltr'>σου</span> <span class='ocrx_word' id='word_1_318' title='bbox 3486 1474 3501 1499; x_wconf 94' lang='grc'><strong>,</strong></span> <span class='ocrx_word' id='word_1_319' title='bbox 3550 1434 3646 1487; x_wconf 80' lang='grc' dir='ltr'>καὶ</span> <span class='ocrx_word' id='word_1_320' title='bbox 3693 1433 3797 1505; x_wconf 83' lang='grc' dir='ltr'><strong>τὴν</strong></span> 
     </span>
    </p>
   </div>
   <div class='ocr_carea' id='block_1_45' title="bbox 2212 1524 3798 1605">
    <p class='ocr_par' dir='ltr' id='par_1_45' title="bbox 2212 1524 3798 1605">
     <span class='ocr_line' id='line_1_45' title="bbox 2212 1524 3798 1605; baseline -0.008 -15"><span class='ocrx_word' id='word_1_321' title='bbox 2212 1533 2539 1605; x_wconf 86' lang='grc' dir='ltr'>κατάσχεσίν</span> <span class='ocrx_word' id='word_1_322' title='bbox 2569 1549 2662 1586; x_wconf 85' lang='grc' dir='ltr'>σου</span> <span class='ocrx_word' id='word_1_323' title='bbox 2689 1531 2758 1585; x_wconf 90' lang='grc' dir='ltr'><strong>τά</strong></span> <span class='ocrx_word' id='word_1_324' title='bbox 2784 1530 2994 1605; x_wconf 88' lang='grc' dir='ltr'>πέρατα</span> <span class='ocrx_word' id='word_1_325' title='bbox 3024 1529 3122 1601; x_wconf 86' lang='grc' dir='ltr'><strong>τῆς</strong></span> <span class='ocrx_word' id='word_1_326' title='bbox 3143 1528 3263 1599; x_wconf 79' lang='grc' dir='ltr'>γῆς.</span> <span class='ocrx_word' id='word_1_327' title='bbox 3301 1546 3319 1578; x_wconf 73' lang='grc' dir='ltr'>ι</span> <span class='ocrx_word' id='word_1_328' title='bbox 3351 1524 3670 1595; x_wconf 77' lang='grc' dir='ltr'>Σαφέστατα</span> <span class='ocrx_word' id='word_1_329' title='bbox 3700 1524 3798 1579; x_wconf 79' lang='grc' dir='ltr'>καὶ</span> 
     </span>
    </p>
   </div>
   <div class='ocr_carea' id='block_1_46' title="bbox 2209 1617 3793 1692">
    <p class='ocr_par' dir='ltr' id='par_1_46' title="bbox 2209 1617 3793 1692">
     <span class='ocr_line' id='line_1_46' title="bbox 2209 1617 3793 1692; baseline -0.008 -11"><span class='ocrx_word' id='word_1_330' title='bbox 2209 1627 2301 1681; x_wconf 79' lang='grc' dir='ltr'>διὰ</span> <span class='ocrx_word' id='word_1_331' title='bbox 2334 1624 2644 1681; x_wconf 79' lang='grc' dir='ltr'>τούτων’τδ</span> <span class='ocrx_word' id='word_1_332' title='bbox 2685 1624 2827 1678; x_wconf 83' lang='grc' dir='ltr'>θεῖον</span> <span class='ocrx_word' id='word_1_333' title='bbox 2854 1621 3081 1692; x_wconf 84' lang='grc' dir='ltr'>Πνεῦμα</span> <span class='ocrx_word' id='word_1_334' title='bbox 3110 1620 3200 1673; x_wconf 84' lang='grc' dir='ltr'><strong>τὸν</strong></span> <span class='ocrx_word' id='word_1_335' title='bbox 3231 1617 3467 1691; x_wconf 86' lang='grc' dir='ltr'>Χριστὸν</span> <span class='ocrx_word' id='word_1_336' title='bbox 3500 1617 3793 1687; x_wconf 80' lang='grc' dir='ltr'>ἀναφωνεῖ,</span> 
     </span>
    </p>
   </div>
   <div class='ocr_carea' id='block_1_47' title="bbox 2212 1708 3801 1780">
    <p class='ocr_par' dir='ltr' id='par_1_47' title="bbox 2212 1708 3801 1780">
     <span class='ocr_line' id='line_1_47' title="bbox 2212 1708 3801 1780; baseline -0.009 -7"><span class='ocrx_word' id='word_1_337' title='bbox 2212 1719 2342 1774; x_wconf 84' lang='grc' dir='ltr'>Υίόν</span> <span class='ocrx_word' id='word_1_338' title='bbox 2379 1736 2440 1771; x_wconf 90' lang='grc' dir='ltr'><strong>τε</strong></span> <span class='ocrx_word' id='word_1_339' title='bbox 2476 1717 2637 1772; x_wconf 77' lang='grc' dir='ltr'>αὑτὸν</span> <span class='ocrx_word' id='word_1_340' title='bbox 2656 1714 2922 1770; x_wconf 90' lang='grc' dir='ltr'>ἀποκαλεῖ</span> <span class='ocrx_word' id='word_1_341' title='bbox 2959 1711 3054 1767; x_wconf 90' lang='grc' dir='ltr'>τοῦ</span> <span class='ocrx_word' id='word_1_342' title='bbox 3092 1710 3227 1765; x_wconf 83' lang='grc' dir='ltr'><strong>Θεοῦ</strong></span> <span class='ocrx_word' id='word_1_343' title='bbox 3268 1708 3409 1764; x_wconf 86' lang='grc' dir='ltr'><strong>κατά</strong></span> <span class='ocrx_word' id='word_1_344' title='bbox 3448 1708 3517 1762; x_wconf 76' lang='grc' dir='ltr'><strong>τά</strong></span> <span class='ocrx_word' id='word_1_345' title='bbox 3564 1724 3801 1780; x_wconf 85' lang='grc' dir='ltr'>προηγο-</span> 
     </span>
    </p>
   </div>
   <div class='ocr_carea' id='block_1_48' title="bbox 2213 1798 3798 1884">
    <p class='ocr_par' dir='ltr' id='par_1_48' title="bbox 2213 1798 3798 1884">
     <span class='ocr_line' id='line_1_48' title="bbox 2213 1798 3798 1884; baseline -0.009 -19"><span class='ocrx_word' id='word_1_346' title='bbox 2213 1811 2474 1884; x_wconf 80' lang='grc' dir='ltr'>ρευμένα,</span> <span class='ocrx_word' id='word_1_347' title='bbox 2509 1808 2643 1881; x_wconf 86' lang='grc' dir='ltr'>ὁμοῦ</span> <span class='ocrx_word' id='word_1_348' title='bbox 2675 1807 2770 1861; x_wconf 77' lang='grc' dir='ltr'>καὶ</span> <span class='ocrx_word' id='word_1_349' title='bbox 2803 1803 3096 1875; x_wconf 73' lang='grc' dir='ltr'>ἐπιϐουλήν</span> <span class='ocrx_word' id='word_1_350' title='bbox 3140 1818 3265 1856; x_wconf 90' lang='grc' dir='ltr'>τινα</span> <span class='ocrx_word' id='word_1_351' title='bbox 3296 1799 3515 1854; x_wconf 76' lang='grc' dir='ltr'>ἔσεσθαι</span> <span class='ocrx_word' id='word_1_352' title='bbox 3548 1798 3672 1854; x_wconf 80' lang='grc' dir='ltr'>κατ’</span> <span class='ocrx_word' id='word_1_353' title='bbox 3698 1799 3798 1852; x_wconf 54' lang='lat' dir='ltr'><strong>ab;</strong></span> 
     </span>
    </p>
   </div>
   <div class='ocr_carea' id='block_1_49' title="bbox 2210 1888 3798 1976">
    <p class='ocr_par' dir='ltr' id='par_1_49' title="bbox 2210 1888 3798 1976">
     <span class='ocr_line' id='line_1_49' title="bbox 2210 1888 3798 1976; baseline -0.011 -17"><span class='ocrx_word' id='word_1_354' title='bbox 2210 1903 2304 1960; x_wconf 91' lang='grc' dir='ltr'>τοῦ</span> <span class='ocrx_word' id='word_1_355' title='bbox 2349 1902 2626 1976; x_wconf 78' lang='grc' dir='ltr'>σημαίνει,</span> <span class='ocrx_word' id='word_1_356' title='bbox 2670 1899 2766 1953; x_wconf 71' lang='grc' dir='ltr'><strong>καὶ</strong></span> <span class='ocrx_word' id='word_1_357' title='bbox 2790 1896 2900 1952; x_wconf 90' lang='grc' dir='ltr'>τῶν</span> <span class='ocrx_word' id='word_1_358' title='bbox 2939 1894 3110 1950; x_wconf 83' lang='grc' dir='ltr'>ἐθνῶν</span> <span class='ocrx_word' id='word_1_359' title='bbox 3148 1894 3247 1967; x_wconf 77' lang='grc' dir='ltr'><strong>τὴν</strong></span> <span class='ocrx_word' id='word_1_360' title='bbox 3278 1893 3346 1947; x_wconf 83' lang='grc' dir='ltr'><strong>δι’</strong></span> <span class='ocrx_word' id='word_1_361' title='bbox 3380 1889 3545 1946; x_wconf 78' lang='grc' dir='ltr'>αὐτοῦ</span> <span class='ocrx_word' id='word_1_362' title='bbox 3577 1888 3798 1962; x_wconf 68' lang='grc' dir='ltr'>γενομέ-</span> 
     </span>
    </p>
   </div>
   <div class='ocr_carea' id='block_1_50' title="bbox 2210 1979 3798 2068">
    <p class='ocr_par' dir='ltr' id='par_1_50' title="bbox 2210 1979 3798 2068">
     <span class='ocr_line' id='line_1_50' title="bbox 2210 1979 3798 2068; baseline -0.011 -17"><span class='ocrx_word' id='word_1_363' title='bbox 2210 2013 2308 2068; x_wconf 88' lang='grc' dir='ltr'>νην</span> <span class='ocrx_word' id='word_1_364' title='bbox 2349 1995 2541 2067; x_wconf 80' lang='grc' dir='ltr'>κλῆσιν</span> <span class='ocrx_word' id='word_1_365' title='bbox 2600 1989 3007 2065; x_wconf 75' lang='grc' dir='ltr'>προκηρύττειο</span> <span class='ocrx_word' id='word_1_366' title='bbox 3060 1988 3205 2059; x_wconf 81' lang='grc' dir='ltr'>ἆπερ</span> <span class='ocrx_word' id='word_1_367' title='bbox 3257 1979 3555 2056; x_wconf 72' lang='grc' dir='ltr'><strong>διαρρήδην</strong></span> <span class='ocrx_word' id='word_1_368' title='bbox 3615 1981 3798 2045; x_wconf 77' lang='grc' dir='ltr'>αὐτοῖς</span> 
     </span>
    </p>
   </div>
   <div class='ocr_carea' id='block_1_51' title="bbox 2211 2071 3797 2162">
    <p class='ocr_par' dir='ltr' id='par_1_51' title="bbox 2211 2071 3797 2162">
     <span class='ocr_line' id='line_1_51' title="bbox 2211 2071 3797 2162; baseline -0.01 -20"><span class='ocrx_word' id='word_1_369' title='bbox 2211 2087 2393 2162; x_wconf 76' lang='grc' dir='ltr'>ἔργοις</span> <span class='ocrx_word' id='word_1_370' title='bbox 2425 2087 2518 2140; x_wconf 74' lang='grc' dir='ltr'><strong>ἐπὶ</strong></span> <span class='ocrx_word' id='word_1_371' title='bbox 2544 2083 2639 2139; x_wconf 89' lang='grc' dir='ltr'>τοῦ</span> <span class='ocrx_word' id='word_1_372' title='bbox 2666 2083 2922 2154; x_wconf 82' lang='grc' dir='ltr'><strong>Σωτῆρος</strong></span> <span class='ocrx_word' id='word_1_373' title='bbox 2953 2081 3110 2152; x_wconf 80' lang='grc' dir='ltr'>ἡμῶν</span> <span class='ocrx_word' id='word_1_374' title='bbox 3154 2075 3330 2149; x_wconf 87' lang='grc' dir='ltr'>Ἰησοῦ</span> <span class='ocrx_word' id='word_1_375' title='bbox 3355 2073 3590 2147; x_wconf 80' lang='grc' dir='ltr'>Χριστοῦ</span> <span class='ocrx_word' id='word_1_376' title='bbox 3617 2075 3652 2145; x_wconf 77' lang='grc' dir='ltr'><strong>ἡ</strong></span> <span class='ocrx_word' id='word_1_377' title='bbox 3686 2071 3797 2126; x_wconf 87' lang='grc' dir='ltr'>τῶν</span> 
     </span>
    </p>
   </div>
   <div class='ocr_carea' id='block_1_52' title="bbox 2211 2164 3796 2253">
    <p class='ocr_par' dir='ltr' id='par_1_52' title="bbox 2211 2164 3796 2253">
     <span class='ocr_line' id='line_1_52' title="bbox 2211 2164 3796 2253; baseline -0.011 -18"><span class='ocrx_word' id='word_1_378' title='bbox 2211 2181 2556 2253; x_wconf 79' lang='grc' dir='ltr'><strong>πραγμάτων</strong></span> <span class='ocrx_word' id='word_1_379' title='bbox 2585 2174 2860 2240; x_wconf 76' lang='grc' dir='ltr'><strong>ἐπέδειξεν</strong></span> <span class='ocrx_word' id='word_1_380' title='bbox 2891 2172 3138 2237; x_wconf 75' lang='grc' dir='ltr'>ἔκϐασις.</span> <span class='ocrx_word' id='word_1_381' title='bbox 3175 2167 3357 2225; x_wconf 82' lang='grc' dir='ltr'><strong>Εισὲτι</strong></span> <span class='ocrx_word' id='word_1_382' title='bbox 3390 2167 3499 2237; x_wconf 80' lang='grc' dir='ltr'>γὰρ</span> <span class='ocrx_word' id='word_1_383' title='bbox 3539 2165 3632 2220; x_wconf 90' lang='grc' dir='ltr'>νῦν</span> <span class='ocrx_word' id='word_1_384' title='bbox 3667 2164 3796 2237; x_wconf 75' lang='grc' dir='ltr'>ἔθνη</span> 
     </span>
    </p>
   </div>
   <div class='ocr_carea' id='block_1_53' title="bbox 2211 2256 3800 2341">
    <p class='ocr_par' dir='ltr' id='par_1_53' title="bbox 2211 2256 3800 2341">
     <span class='ocr_line' id='line_1_53' title="bbox 2211 2256 3800 2341; baseline -0.009 -15"><span class='ocrx_word' id='word_1_385' title='bbox 2211 2271 2306 2326; x_wconf 77' lang='grc' dir='ltr'>καὶ</span> <span class='ocrx_word' id='word_1_386' title='bbox 2322 2268 2708 2341; x_wconf 71' lang='grc' dir='ltr'>λαοὶ,βασιλεῖς</span> <span class='ocrx_word' id='word_1_387' title='bbox 2717 2284 2778 2320; x_wconf 90' lang='grc' dir='ltr'><strong>τε</strong></span> <span class='ocrx_word' id='word_1_388' title='bbox 2796 2265 2890 2320; x_wconf 74' lang='grc' dir='ltr'><strong>καὶ</strong></span> <span class='ocrx_word' id='word_1_389' title='bbox 2903 2260 3246 2335; x_wconf 74' lang='grc' dir='ltr'>ἄρχοντες,οὑ</span> <span class='ocrx_word' id='word_1_390' title='bbox 3261 2257 3524 2313; x_wconf 75' lang='grc' dir='ltr'>παύονται</span> <span class='ocrx_word' id='word_1_391' title='bbox 3542 2257 3639 2328; x_wconf 81' lang='grc' dir='ltr'>τῆς</span> <span class='ocrx_word' id='word_1_392' title='bbox 3654 2256 3800 2311; x_wconf 88' lang='grc' dir='ltr'>κατά</span> 
     </span>
    </p>
   </div>
   <div class='ocr_carea' id='block_1_54' title="bbox 2210 2348 3801 2431">
    <p class='ocr_par' dir='ltr' id='par_1_54' title="bbox 2210 2348 3801 2431">
     <span class='ocr_line' id='line_1_54' title="bbox 2210 2348 3801 2431; baseline -0.011 -14"><span class='ocrx_word' id='word_1_393' title='bbox 2210 2380 2270 2417; x_wconf 87' lang='grc' dir='ltr'><strong>τε</strong></span> <span class='ocrx_word' id='word_1_394' title='bbox 2288 2361 2452 2416; x_wconf 74' lang='grc' dir='ltr'>αὐτοῦ</span> <span class='ocrx_word' id='word_1_395' title='bbox 2471 2360 2678 2431; x_wconf 74' lang='grc' dir='ltr'>καὶτῆς</span> <span class='ocrx_word' id='word_1_396' title='bbox 2691 2354 3044 2419; x_wconf 81' lang='grc' dir='ltr'>διδασκαλίας</span> <span class='ocrx_word' id='word_1_397' title='bbox 3062 2352 3227 2407; x_wconf 75' lang='grc' dir='ltr'>αὑτοῦ</span> <span class='ocrx_word' id='word_1_398' title='bbox 3245 2349 3536 2419; x_wconf 68' lang='grc' dir='ltr'>ωσκευῆς.</span> <span class='ocrx_word' id='word_1_399' title='bbox 3556 2349 3619 2401; x_wconf 86' lang='lat' dir='ltr'><strong>El</strong></span> <span class='ocrx_word' id='word_1_400' title='bbox 3635 2348 3680 2402; x_wconf 76' lang='grc' dir='ltr'>δ’</span> <span class='ocrx_word' id='word_1_401' title='bbox 3702 2348 3801 2401; x_wconf 76' lang='grc' dir='ltr'>ἐπὶ</span> 
     </span>
    </p>
   </div>
   <div class='ocr_carea' id='block_1_55' title="bbox 2214 2439 3795 2525">
    <p class='ocr_par' dir='ltr' id='par_1_55' title="bbox 2214 2439 3795 2525">
     <span class='ocr_line' id='line_1_55' title="bbox 2214 2439 3795 2525; baseline -0.01 -18"><span class='ocrx_word' id='word_1_402' title='bbox 2214 2451 2476 2525; x_wconf 80' lang='grc' dir='ltr'>μέλλοντα</span> <span class='ocrx_word' id='word_1_403' title='bbox 2503 2450 2692 2522; x_wconf 85' lang='grc' dir='ltr'>χρόνον</span> <span class='ocrx_word' id='word_1_404' title='bbox 2727 2446 3051 2518; x_wconf 81' lang='grc' dir='ltr'>ἀναφέροιεν</span> <span class='ocrx_word' id='word_1_405' title='bbox 3080 2442 3254 2497; x_wconf 89' lang='grc' dir='ltr'>ταῦτα</span> <span class='ocrx_word' id='word_1_406' title='bbox 3280 2442 3330 2494; x_wconf 79' lang='grc' dir='ltr'><strong>οἱ</strong></span> <span class='ocrx_word' id='word_1_407' title='bbox 3369 2443 3433 2494; x_wconf 76' lang='grc' dir='ltr'><strong>ἐκ</strong></span> <span class='ocrx_word' id='word_1_408' title='bbox 3466 2439 3795 2511; x_wconf 80' lang='grc' dir='ltr'><strong>περιτομῆς,</strong></span> 
     </span>
    </p>
   </div>
   <div class='ocr_carea' id='block_1_56' title="bbox 2210 2530 3796 2619">
    <p class='ocr_par' dir='ltr' id='par_1_56' title="bbox 2210 2530 3796 2619">
     <span class='ocr_line' id='line_1_56' title="bbox 2210 2530 3796 2619; baseline -0.011 -19"><span class='ocrx_word' id='word_1_409' title='bbox 2210 2545 2328 2619; x_wconf 85' lang='grc' dir='ltr'><strong>ῶρα</strong></span> <span class='ocrx_word' id='word_1_410' title='bbox 2351 2544 2443 2598; x_wconf 82' lang='grc' dir='ltr'>τὸν</span> <span class='ocrx_word' id='word_1_411' title='bbox 2467 2539 2916 2614; x_wconf 82' lang='grc' dir='ltr'>προσδοκώμενον</span> <span class='ocrx_word' id='word_1_412' title='bbox 2942 2537 3126 2602; x_wconf 82' lang='grc' dir='ltr'>αὐτοῖς</span> <span class='ocrx_word' id='word_1_413' title='bbox 3148 2534 3382 2608; x_wconf 77' lang='grc' dir='ltr'>Χριστὸν</span> <span class='ocrx_word' id='word_1_414' title='bbox 3407 2530 3796 2604; x_wconf 73' lang='grc' dir='ltr'>ἐπιδουλευθή-</span> 
     </span>
    </p>
   </div>
   <div class='ocr_carea' id='block_1_57' title="bbox 2212 2622 3794 2705">
    <p class='ocr_par' dir='ltr' id='par_1_57' title="bbox 2212 2622 3794 2705">
     <span class='ocr_line' id='line_1_57' title="bbox 2212 2622 3794 2705; baseline -0.009 -15"><span class='ocrx_word' id='word_1_415' title='bbox 2212 2654 2271 2690; x_wconf 86' lang='grc' dir='ltr'>σε</span> <span class='ocrx_word' id='word_1_416' title='bbox 2279 2636 2402 2689; x_wconf 92' lang='grc' dir='ltr'>σθαι</span> <span class='ocrx_word' id='word_1_417' title='bbox 2418 2630 2572 2698; x_wconf 83' lang='grc' dir='ltr'>αὖθις</span> <span class='ocrx_word' id='word_1_418' title='bbox 2587 2632 2892 2705; x_wconf 80' lang='grc' dir='ltr'><strong>ὁμολογεῖν,</strong></span> <span class='ocrx_word' id='word_1_419' title='bbox 2913 2630 3056 2685; x_wconf 87' lang='grc' dir='ltr'><strong>κατά</strong></span> <span class='ocrx_word' id='word_1_420' title='bbox 3069 2628 3130 2684; x_wconf 79' lang='grc' dir='ltr'>τὸ</span> <span class='ocrx_word' id='word_1_421' title='bbox 3146 2625 3319 2699; x_wconf 80' lang='grc' dir='ltr'>παρὸν</span> <span class='ocrx_word' id='word_1_422' title='bbox 3334 2624 3536 2693; x_wconf 91' lang='grc' dir='ltr'>λόγιον,</span> <span class='ocrx_word' id='word_1_423' title='bbox 3562 2622 3794 2693; x_wconf 57' lang='grc' dir='ltr'>φάσκον</span> 
     </span>
    </p>
   </div>
   <div class='ocr_carea' id='block_1_58' title="bbox 2218 2717 3799 2802">
    <p class='ocr_par' dir='ltr' id='par_1_58' title="bbox 2218 2717 3799 2802">
     <span class='ocr_line' id='line_1_58' title="bbox 2218 2717 3799 2802; baseline -0.009 -20"><span class='ocrx_word' id='word_1_424' title='bbox 2218 2750 2235 2782; x_wconf 81' lang='grc' dir='ltr'>ι</span> <span class='ocrx_word' id='word_1_425' title='bbox 2265 2729 2620 2802; x_wconf 83' lang='grc' dir='ltr'>Παρέστησαν</span> <span class='ocrx_word' id='word_1_426' title='bbox 2650 2728 2700 2779; x_wconf 88' lang='grc' dir='ltr'><strong>οἱ</strong></span> <span class='ocrx_word' id='word_1_427' title='bbox 2734 2725 2974 2797; x_wconf 84' lang='grc' dir='ltr'>βασιλεῖς</span> <span class='ocrx_word' id='word_1_428' title='bbox 3015 2721 3118 2795; x_wconf 82' lang='grc' dir='ltr'><strong>τῆς</strong></span> <span class='ocrx_word' id='word_1_429' title='bbox 3166 2720 3292 2792; x_wconf 81' lang='grc' dir='ltr'>γῆς,</span> <span class='ocrx_word' id='word_1_430' title='bbox 3319 2718 3414 2773; x_wconf 76' lang='grc' dir='ltr'>καὶ</span> <span class='ocrx_word' id='word_1_431' title='bbox 3446 2718 3495 2771; x_wconf 89' lang='grc' dir='ltr'>οί</span> <span class='ocrx_word' id='word_1_432' title='bbox 3535 2717 3799 2789; x_wconf 75' lang='grc' dir='ltr'>ἄρχοντες</span> 
     </span>
    </p>
   </div>
   <div class='ocr_carea' id='block_1_59' title="bbox 2215 2808 3801 2896">
    <p class='ocr_par' dir='ltr' id='par_1_59' title="bbox 2215 2808 3801 2896">
     <span class='ocr_line' id='line_1_59' title="bbox 2215 2808 3801 2896; baseline -0.011 -18"><span class='ocrx_word' id='word_1_433' title='bbox 2215 2822 2557 2896; x_wconf 72' lang='grc' dir='ltr'>συνήχθησαν</span> <span class='ocrx_word' id='word_1_434' title='bbox 2589 2821 2683 2874; x_wconf 69' lang='grc' dir='ltr'><strong>ἐπὶ</strong></span> <span class='ocrx_word' id='word_1_435' title='bbox 2715 2819 2778 2874; x_wconf 84' lang='grc' dir='ltr'>τὸ</span> <span class='ocrx_word' id='word_1_436' title='bbox 2823 2818 2953 2872; x_wconf 76' lang='grc' dir='ltr'>αὐτὸ</span> <span class='ocrx_word' id='word_1_437' title='bbox 2984 2815 3127 2872; x_wconf 87' lang='grc' dir='ltr'><strong>κατά</strong></span> <span class='ocrx_word' id='word_1_438' title='bbox 3158 2813 3253 2868; x_wconf 88' lang='grc' dir='ltr'><strong>τοῦ</strong></span> <span class='ocrx_word' id='word_1_439' title='bbox 3283 2811 3488 2884; x_wconf 82' lang='grc' dir='ltr'><strong>Κυρίου</strong></span> <span class='ocrx_word' id='word_1_440' title='bbox 3533 2810 3626 2865; x_wconf 77' lang='grc' dir='ltr'><strong>καὶ</strong></span> <span class='ocrx_word' id='word_1_441' title='bbox 3655 2808 3801 2863; x_wconf 85' lang='grc' dir='ltr'><strong>κατά</strong></span> 
     </span>
    </p>
   </div>
   <div class='ocr_carea' id='block_1_60' title="bbox 2222 2902 3798 2987">
    <p class='ocr_par' dir='ltr' id='par_1_60' title="bbox 2222 2902 3798 2987">
     <span class='ocr_line' id='line_1_60' title="bbox 2222 2902 3798 2987; baseline -0.009 -16"><span class='ocrx_word' id='word_1_442' title='bbox 2222 2915 2318 2971; x_wconf 83' lang='grc' dir='ltr'>τοῦ</span> <span class='ocrx_word' id='word_1_443' title='bbox 2356 2912 2593 2987; x_wconf 81' lang='grc' dir='ltr'>Χριστοῦ</span> <span class='ocrx_word' id='word_1_444' title='bbox 2624 2910 2789 2966; x_wconf 75' lang='grc' dir='ltr'>αὐτοῦ</span> <span class='ocrx_word' id='word_1_445' title='bbox 2826 2928 2840 2941; x_wconf 78' lang='grc' dir='ltr'>ο</span> <span class='ocrx_word' id='word_1_446' title='bbox 2879 2930 2897 2962; x_wconf 73' lang='grc' dir='ltr'>ι</span> <span class='ocrx_word' id='word_1_447' title='bbox 2930 2910 3066 2983; x_wconf 85' lang='grc' dir='ltr'>ὅπερ</span> <span class='ocrx_word' id='word_1_448' title='bbox 3098 2908 3200 2963; x_wconf 82' lang='grc' dir='ltr'>οὐκ</span> <span class='ocrx_word' id='word_1_449' title='bbox 3242 2907 3309 2962; x_wconf 85' lang='grc' dir='ltr'>ἂν</span> <span class='ocrx_word' id='word_1_450' title='bbox 3341 2906 3502 2974; x_wconf 86' lang='grc' dir='ltr'>δοῖεν,</span> <span class='ocrx_word' id='word_1_451' title='bbox 3529 2902 3798 2977; x_wconf 78' lang='grc' dir='ltr'>δυνάστην</span> 
     </span>
    </p>
   </div>
   <div class='ocr_carea' id='block_1_61' title="bbox 2212 2998 3798 3081">
    <p class='ocr_par' dir='ltr' id='par_1_61' title="bbox 2212 2998 3798 3081">
     <span class='ocr_line' id='line_1_61' title="bbox 2212 2998 3798 3081; baseline -0.009 -16"><span class='ocrx_word' id='word_1_452' title='bbox 2212 3011 2335 3065; x_wconf 85' lang='grc' dir='ltr'><strong>τινά</strong></span> <span class='ocrx_word' id='word_1_453' title='bbox 2372 3009 2546 3081; x_wconf 81' lang='grc' dir='ltr'>μέγαν</span> <span class='ocrx_word' id='word_1_454' title='bbox 2588 3006 2685 3061; x_wconf 73' lang='grc' dir='ltr'>καὶ</span> <span class='ocrx_word' id='word_1_455' title='bbox 2715 3004 2939 3077; x_wconf 81' lang='grc' dir='ltr'>βασιλέα</span> <span class='ocrx_word' id='word_1_456' title='bbox 2972 3003 3189 3058; x_wconf 84' lang='grc' dir='ltr'>αἰώνιον</span> <span class='ocrx_word' id='word_1_457' title='bbox 3223 3001 3319 3055; x_wconf 70' lang='grc' dir='ltr'><strong>καὶ</strong></span> <span class='ocrx_word' id='word_1_458' title='bbox 3351 2998 3632 3072; x_wconf 78' lang='grc' dir='ltr'><strong>λυτρωτὴν</strong></span> <span class='ocrx_word' id='word_1_459' title='bbox 3666 2999 3798 3052; x_wconf 85' lang='grc' dir='ltr'>ἐαυ-</span> 
     </span>
    </p>
   </div>
   <div class='ocr_carea' id='block_1_62' title="bbox 2212 3089 3799 3168">
    <p class='ocr_par' dir='ltr' id='par_1_62' title="bbox 2212 3089 3799 3168">
     <span class='ocr_line' id='line_1_62' title="bbox 2212 3089 3799 3168; baseline -0.01 -11"><span class='ocrx_word' id='word_1_460' title='bbox 2212 3103 2322 3157; x_wconf 92' lang='grc' dir='ltr'>τῶν</span> <span class='ocrx_word' id='word_1_461' title='bbox 2371 3100 2592 3155; x_wconf 76' lang='grc' dir='ltr'>ἔσεσθαι</span> <span class='ocrx_word' id='word_1_462' title='bbox 2636 3099 2726 3152; x_wconf 84' lang='grc' dir='ltr'>τὸν</span> <span class='ocrx_word' id='word_1_463' title='bbox 2779 3096 2978 3168; x_wconf 73' lang='grc' dir='ltr'>ἥξοντα</span> <span class='ocrx_word' id='word_1_464' title='bbox 3013 3093 3247 3167; x_wconf 71' lang='grc' dir='ltr'>Χριστὸν</span> <span class='ocrx_word' id='word_1_465' title='bbox 3279 3090 3703 3163; x_wconf 83' lang='grc' dir='ltr'><strong>προσδοκῶντες.</strong></span> <span class='ocrx_word' id='word_1_466' title='bbox 3734 3089 3799 3142; x_wconf 79' lang='lat' dir='ltr'><strong>Ei</strong></span> 
     </span>
    </p>
   </div>
   <div class='ocr_carea' id='block_1_63' title="bbox 525 3181 2111 3269">
    <p class='ocr_par' dir='ltr' id='par_1_63' title="bbox 525 3182 2106 3256">
     <span class='ocr_line' id='line_1_63' title="bbox 525 3182 2106 3256; baseline 0.003 -19"><span class='ocrx_word' id='word_1_467' title='bbox 525 3190 971 3252; x_wconf 26' lang='lat' dir='ltr'><strong>que‘aatcrnum,</strong></span> <span class='ocrx_word' id='word_1_468' title='bbox 1023 3182 1552 3256; x_wconf 77' lang='lat' dir='ltr'><strong>Redemptoremque</strong></span> <span class='ocrx_word' id='word_1_469' title='bbox 1611 3202 1773 3241; x_wconf 92' lang='lat' dir='ltr'><strong>suum</strong></span> <span class='ocrx_word' id='word_1_470' title='bbox 1814 3186 1931 3243; x_wconf 90' lang='lat' dir='ltr'><strong>fore</strong></span> <span class='ocrx_word' id='word_1_471' title='bbox 1958 3203 2106 3254; x_wconf 87' lang='lat' dir='ltr'><strong>eum,</strong></span> 
     </span>
    </p>
   </div>
   <div class='ocr_carea' id='block_1_64' title="bbox 2215 3181 3799 3269">
    <p class='ocr_par' dir='ltr' id='par_1_64' title="bbox 2215 3181 3799 3268">
     <span class='ocr_line' id='line_1_64' title="bbox 2215 3181 3799 3268; baseline -0.011 -18"><span class='ocrx_word' id='word_1_472' title='bbox 2215 3195 2322 3268; x_wconf 80' lang='grc' dir='ltr'><strong>γὰρ</strong></span> <span class='ocrx_word' id='word_1_473' title='bbox 2350 3194 2414 3267; x_wconf 87' lang='grc' dir='ltr'>δὴ</span> <span class='ocrx_word' id='word_1_474' title='bbox 2445 3195 2695 3253; x_wconf 86' lang='grc' dir='ltr'>κάκεῖνος</span> <span class='ocrx_word' id='word_1_475' title='bbox 2727 3188 2895 3245; x_wconf 83' lang='grc' dir='ltr'>ἐλθὼν</span> <span class='ocrx_word' id='word_1_476' title='bbox 2923 3188 2993 3242; x_wconf 81' lang='grc' dir='ltr'><strong>τὰ</strong></span> <span class='ocrx_word' id='word_1_477' title='bbox 3019 3188 3180 3258; x_wconf 86' lang='grc' dir='ltr'>ὃμοια</span> <span class='ocrx_word' id='word_1_478' title='bbox 3213 3183 3473 3255; x_wconf 86' lang='grc' dir='ltr'>πάθοιτῷ</span> <span class='ocrx_word' id='word_1_479' title='bbox 3499 3181 3799 3253; x_wconf 75' lang='grc' dir='ltr'>ἐληλυθότι,</span> 
     </span>
    </p>
   </div>
   <div class='ocr_carea' id='block_1_65' title="bbox 525 3275 2112 3349">
    <p class='ocr_par' dir='ltr' id='par_1_65' title="bbox 525 3275 2112 3349">
     <span class='ocr_line' id='line_1_65' title="bbox 525 3275 2112 3349; baseline 0.003 -20"><span class='ocrx_word' id='word_1_480' title='bbox 525 3275 621 3344; x_wconf 90' lang='lat' dir='ltr'><strong>qui</strong></span> <span class='ocrx_word' id='word_1_481' title='bbox 668 3283 945 3332; x_wconf 69' lang='grc' dir='ltr'>ναιιυτυε-</span> <span class='ocrx_word' id='word_1_482' title='bbox 966 3277 1058 3341; x_wconf 87' lang='lat' dir='ltr'><strong>sit,</strong></span> <span class='ocrx_word' id='word_1_483' title='bbox 1090 3277 1369 3334; x_wconf 81' lang='lat' dir='ltr'><strong>Christum</strong></span> <span class='ocrx_word' id='word_1_484' title='bbox 1397 3286 1714 3349; x_wconf 86' lang='lat' dir='ltr'><strong>exspectent</strong></span> <span class='ocrx_word' id='word_1_485' title='bbox 1748 3298 1762 3334; x_wconf 91' lang='lat'><strong>:</strong></span> <span class='ocrx_word' id='word_1_486' title='bbox 1796 3294 1922 3334; x_wconf 86' lang='lat' dir='ltr'><strong>nam</strong></span> <span class='ocrx_word' id='word_1_487' title='bbox 1972 3279 2020 3334; x_wconf 91' lang='lat' dir='ltr'><strong>si</strong></span> <span class='ocrx_word' id='word_1_488' title='bbox 2057 3288 2112 3337; x_wconf 88' lang='lat' dir='ltr'><strong>et</strong></span> 
     </span>
    </p>
   </div>
   <div class='ocr_carea' id='block_1_66' title="bbox 526 3369 2113 3445">
    <p class='ocr_par' dir='ltr' id='par_1_66' title="bbox 526 3369 2113 3445">
     <span class='ocr_line' id='line_1_66' title="bbox 526 3369 2113 3445; baseline 0.007 -24"><span class='ocrx_word' id='word_1_489' title='bbox 526 3369 620 3424; x_wconf 81' lang='lat' dir='ltr'><strong>ille</strong></span> <span class='ocrx_word' id='word_1_490' title='bbox 659 3384 786 3423; x_wconf 87' lang='lat' dir='ltr'><strong>cum</strong></span> <span class='ocrx_word' id='word_1_491' title='bbox 813 3370 1025 3425; x_wconf 82' lang='lat' dir='ltr'><strong>venerit</strong></span> <span class='ocrx_word' id='word_1_492' title='bbox 1069 3370 1258 3427; x_wconf 89' lang='lat' dir='ltr'><strong>eadem</strong></span> <span class='ocrx_word' id='word_1_493' title='bbox 1304 3372 1547 3443; x_wconf 88' lang='lat' dir='ltr'><strong>patiatur</strong></span> <span class='ocrx_word' id='word_1_494' title='bbox 1589 3389 1712 3444; x_wconf 68' lang='lat' dir='ltr'><strong>quae</strong></span> <span class='ocrx_word' id='word_1_495' title='bbox 1752 3373 1867 3444; x_wconf 86' lang='lat' dir='ltr'><strong>jam</strong></span> <span class='ocrx_word' id='word_1_496' title='bbox 1913 3388 2113 3445; x_wconf 85' lang='lat' dir='ltr'><strong>passus</strong></span> 
     </span>
    </p>
   </div>
   <div class='ocr_carea' id='block_1_67' title="bbox 522 3463 2111 3538">
    <p class='ocr_par' dir='ltr' id='par_1_67' title="bbox 522 3463 2111 3538">
     <span class='ocr_line' id='line_1_67' title="bbox 522 3463 2111 3538; baseline 0.004 -22"><span class='ocrx_word' id='word_1_497' title='bbox 522 3469 612 3516; x_wconf 82' lang='lat' dir='ltr'><strong>cst</strong></span> <span class='ocrx_word' id='word_1_498' title='bbox 646 3463 740 3532; x_wconf 90' lang='lat' dir='ltr'><strong>qui</strong></span> <span class='ocrx_word' id='word_1_499' title='bbox 783 3464 953 3530; x_wconf 88' lang='lat' dir='ltr'><strong>venit,</strong></span> <span class='ocrx_word' id='word_1_500' title='bbox 982 3464 1113 3534; x_wconf 92' lang='lat' dir='ltr'><strong>quid</strong></span> <span class='ocrx_word' id='word_1_501' title='bbox 1163 3479 1346 3520; x_wconf 82' lang='lat' dir='ltr'><strong>causae</strong></span> <span class='ocrx_word' id='word_1_502' title='bbox 1379 3465 1452 3521; x_wconf 88' lang='lat' dir='ltr'><strong>sit</strong></span> <span class='ocrx_word' id='word_1_503' title='bbox 1483 3482 1584 3521; x_wconf 92' lang='lat' dir='ltr'><strong>cur</strong></span> <span class='ocrx_word' id='word_1_504' title='bbox 1626 3466 1705 3522; x_wconf 90' lang='lat' dir='ltr'><strong>illi</strong></span> <span class='ocrx_word' id='word_1_505' title='bbox 1740 3467 1923 3536; x_wconf 89' lang='lat' dir='ltr'><strong>potius</strong></span> <span class='ocrx_word' id='word_1_506' title='bbox 1947 3483 2111 3538; x_wconf 89' lang='lat' dir='ltr'><strong>quam</strong></span> 
     </span>
    </p>
   </div>
   <div class='ocr_carea' id='block_1_68' title="bbox 523 3553 2114 3626">
    <p class='ocr_par' dir='ltr' id='par_1_68' title="bbox 523 3553 2114 3626">
     <span class='ocr_line' id='line_1_68' title="bbox 523 3553 2114 3626; baseline 0.004 -18"><span class='ocrx_word' id='word_1_507' title='bbox 523 3555 655 3609; x_wconf 87' lang='lat' dir='ltr'><strong>huic</strong></span> <span class='ocrx_word' id='word_1_508' title='bbox 693 3553 1027 3611; x_wconf 81' lang='lat' dir='ltr'><strong>credendum</strong></span> <span class='ocrx_word' id='word_1_509' title='bbox 1053 3566 1148 3611; x_wconf 91' lang='lat' dir='ltr'><strong>aut</strong></span> <span class='ocrx_word' id='word_1_510' title='bbox 1176 3571 1288 3612; x_wconf 92' lang='lat' dir='ltr'><strong>non</strong></span> <span class='ocrx_word' id='word_1_511' title='bbox 1318 3556 1686 3613; x_wconf 85' lang='lat' dir='ltr'><strong>credendum?</strong></span> <span class='ocrx_word' id='word_1_512' title='bbox 1714 3558 1872 3626; x_wconf 87' lang='lat' dir='ltr'><strong>Quod</strong></span> <span class='ocrx_word' id='word_1_513' title='bbox 1901 3559 1949 3616; x_wconf 90' lang='lat' dir='ltr'><strong>si</strong></span> <span class='ocrx_word' id='word_1_514' title='bbox 1988 3559 2114 3615; x_wconf 90' lang='lat' dir='ltr'><strong>inde</strong></span> 
     </span>
    </p>
   </div>
   <div class='ocr_carea' id='block_1_69' title="bbox 525 3638 2115 3725">
    <p class='ocr_par' dir='ltr' id='par_1_69' title="bbox 525 3638 2115 3725">
     <span class='ocr_line' id='line_1_69' title="bbox 525 3638 2115 3725; baseline 0.004 -23"><span class='ocrx_word' id='word_1_515' title='bbox 525 3638 757 3714; x_wconf 70' lang='lat' dir='ltr'><strong>exclusi,</strong></span> <span class='ocrx_word' id='word_1_516' title='bbox 789 3648 857 3703; x_wconf 86' lang='lat' dir='ltr'><strong>ad</strong></span> <span class='ocrx_word' id='word_1_517' title='bbox 886 3648 1076 3713; x_wconf 84' lang='lat' dir='ltr'><strong>David,</strong></span> <span class='ocrx_word' id='word_1_518' title='bbox 1101 3649 1217 3706; x_wconf 85' lang='lat' dir='ltr'><strong>sive</strong></span> <span class='ocrx_word' id='word_1_519' title='bbox 1238 3650 1306 3705; x_wconf 90' lang='lat' dir='ltr'><strong>ad</strong></span> <span class='ocrx_word' id='word_1_520' title='bbox 1336 3652 1646 3723; x_wconf 80' lang='lat' dir='ltr'><strong>quempiam</strong></span> <span class='ocrx_word' id='word_1_521' title='bbox 1678 3668 1746 3708; x_wconf 82' lang='lat' dir='ltr'><strong>ex</strong></span> <span class='ocrx_word' id='word_1_522' title='bbox 1774 3652 1922 3709; x_wconf 89' lang='lat' dir='ltr'><strong>illius</strong></span> <span class='ocrx_word' id='word_1_523' title='bbox 1944 3668 2115 3725; x_wconf 88' lang='lat' dir='ltr'><strong>nepo-</strong></span> 
     </span>
    </p>
   </div>
   <div class='ocr_carea' id='block_1_70' title="bbox 525 3736 2113 3813">
    <p class='ocr_par' dir='ltr' id='par_1_70' title="bbox 525 3736 2113 3813">
     <span class='ocr_line' id='line_1_70' title="bbox 525 3736 2113 3813; baseline 0.004 -22"><span class='ocrx_word' id='word_1_524' title='bbox 525 3736 942 3795; x_wconf 65' lang='lat' dir='ltr'><strong>tibus&#39;ludaican</strong></span> <span class='ocrx_word' id='word_1_525' title='bbox 969 3740 1147 3811; x_wconf 87' lang='lat' dir='ltr'><strong>gentis</strong></span> <span class='ocrx_word' id='word_1_526' title='bbox 1172 3754 1379 3812; x_wconf 88' lang='lat' dir='ltr'><strong>regem,</strong></span> <span class='ocrx_word' id='word_1_527' title='bbox 1397 3741 1685 3797; x_wconf 89' lang='lat' dir='ltr'><strong>oraculum</strong></span> <span class='ocrx_word' id='word_1_528' title='bbox 1716 3741 1979 3806; x_wconf 78' lang='lat' dir='ltr'><strong>referant,</strong></span> <span class='ocrx_word' id='word_1_529' title='bbox 1998 3742 2113 3813; x_wconf 88' lang='lat' dir='ltr'><strong>jam</strong></span> 
     </span>
    </p>
   </div>
   <div class='ocr_carea' id='block_1_71' title="bbox 524 3831 2113 3907">
    <p class='ocr_par' dir='ltr' id='par_1_71' title="bbox 524 3831 2113 3907">
     <span class='ocr_line' id='line_1_71' title="bbox 524 3831 2113 3907; baseline 0.003 -19"><span class='ocrx_word' id='word_1_530' title='bbox 524 3832 634 3888; x_wconf 76' lang='lat' dir='ltr'><strong>erit</strong></span> <span class='ocrx_word' id='word_1_531' title='bbox 656 3831 1143 3888; x_wconf 86' lang='lat' dir='ltr'><strong>demonstrandum</strong></span> <span class='ocrx_word' id='word_1_532' title='bbox 1166 3833 1313 3904; x_wconf 85' lang='lat' dir='ltr'><strong>quod</strong></span> <span class='ocrx_word' id='word_1_533' title='bbox 1339 3849 1518 3905; x_wconf 87' lang='lat' dir='ltr'><strong>neque</strong></span> <span class='ocrx_word' id='word_1_534' title='bbox 1541 3833 1734 3900; x_wconf 87' lang='lat' dir='ltr'><strong>David,</strong></span> <span class='ocrx_word' id='word_1_535' title='bbox 1767 3852 1945 3907; x_wconf 80' lang='lat' dir='ltr'><strong>neque</strong></span> <span class='ocrx_word' id='word_1_536' title='bbox 1971 3836 2113 3893; x_wconf 89' lang='lat' dir='ltr'><strong>alius</strong></span> 
     </span>
    </p>
   </div>
   <div class='ocr_carea' id='block_1_72' title="bbox 525 3925 2114 3998">
    <p class='ocr_par' dir='ltr' id='par_1_72' title="bbox 525 3925 2114 3998">
     <span class='ocr_line' id='line_1_72' title="bbox 525 3925 2114 3998; baseline 0.003 -19"><span class='ocrx_word' id='word_1_537' title='bbox 525 3925 800 3995; x_wconf 83' lang='lat' dir='ltr'><strong>quispiam</strong></span> <span class='ocrx_word' id='word_1_538' title='bbox 851 3941 1042 3982; x_wconf 80' lang='lat' dir='ltr'><strong>eorum</strong></span> <span class='ocrx_word' id='word_1_539' title='bbox 1098 3927 1193 3996; x_wconf 91' lang='lat' dir='ltr'><strong>qui</strong></span> <span class='ocrx_word' id='word_1_540' title='bbox 1242 3940 1486 3998; x_wconf 88' lang='lat' dir='ltr'><strong>unquam</strong></span> <span class='ocrx_word' id='word_1_541' title='bbox 1520 3927 1666 3998; x_wconf 88' lang='lat' dir='ltr'><strong>apud</strong></span> <span class='ocrx_word' id='word_1_542' title='bbox 1696 3925 1956 3984; x_wconf 73' lang='lat' dir='ltr'><strong>Hebraeos</strong></span> <span class='ocrx_word' id='word_1_543' title='bbox 1988 3928 2114 3984; x_wconf 87' lang='lat' dir='ltr'><strong>illu-</strong></span> 
     </span>
    </p>
   </div>
   <div class='ocr_carea' id='block_1_73' title="bbox 527 4015 2115 4087">
    <p class='ocr_par' dir='ltr' id='par_1_73' title="bbox 527 4015 2115 4087">
     <span class='ocr_line' id='line_1_73' title="bbox 527 4015 2115 4087; baseline 0.002 -15"><span class='ocrx_word' id='word_1_544' title='bbox 527 4023 672 4073; x_wconf 83' lang='lat' dir='ltr'><strong>stres</strong></span> <span class='ocrx_word' id='word_1_545' title='bbox 723 4015 947 4083; x_wconf 89' lang='lat' dir='ltr'><strong>fuerint,</strong></span> <span class='ocrx_word' id='word_1_546' title='bbox 995 4025 1352 4082; x_wconf 88' lang='lat' dir='ltr'><strong>memoratur,</strong></span> <span class='ocrx_word' id='word_1_547' title='bbox 1382 4017 1478 4087; x_wconf 90' lang='lat' dir='ltr'><strong>qui</strong></span> <span class='ocrx_word' id='word_1_548' title='bbox 1530 4026 1625 4073; x_wconf 91' lang='lat' dir='ltr'><strong>aut</strong></span> <span class='ocrx_word' id='word_1_549' title='bbox 1680 4018 1853 4077; x_wconf 89' lang='lat' dir='ltr'><strong>Filius</strong></span> <span class='ocrx_word' id='word_1_550' title='bbox 1896 4018 1992 4076; x_wconf 88' lang='lat' dir='ltr'><strong>Dei</strong></span> <span class='ocrx_word' id='word_1_551' title='bbox 2042 4020 2115 4076; x_wconf 92' lang='lat' dir='ltr'><strong>sit</strong></span> 
     </span>
    </p>
   </div>
   <div class='ocr_carea' id='block_1_74' title="bbox 528 4109 2113 4184">
    <p class='ocr_par' dir='ltr' id='par_1_74' title="bbox 528 4109 2113 4184">
     <span class='ocr_line' id='line_1_74' title="bbox 528 4109 2113 4184; baseline 0.003 -22"><span class='ocrx_word' id='word_1_552' title='bbox 528 4109 713 4179; x_wconf 88' lang='lat' dir='ltr'><strong>aliquo</strong></span> <span class='ocrx_word' id='word_1_553' title='bbox 747 4110 971 4165; x_wconf 87' lang='lat' dir='ltr'><strong>oraculo</strong></span> <span class='ocrx_word' id='word_1_554' title='bbox 994 4109 1205 4177; x_wconf 87' lang='lat' dir='ltr'><strong>dictus,</strong></span> <span class='ocrx_word' id='word_1_555' title='bbox 1226 4119 1319 4165; x_wconf 90' lang='lat' dir='ltr'><strong>aut</strong></span> <span class='ocrx_word' id='word_1_556' title='bbox 1344 4112 1415 4166; x_wconf 91' lang='lat' dir='ltr'><strong>ab</strong></span> <span class='ocrx_word' id='word_1_557' title='bbox 1437 4112 1555 4181; x_wconf 87' lang='lat' dir='ltr'><strong>ipso</strong></span> <span class='ocrx_word' id='word_1_558' title='bbox 1580 4111 1690 4169; x_wconf 90' lang='lat' dir='ltr'><strong>Deo</strong></span> <span class='ocrx_word' id='word_1_559' title='bbox 1711 4114 1949 4184; x_wconf 77' lang='lat' dir='ltr'><strong>genitus,</strong></span> <span class='ocrx_word' id='word_1_560' title='bbox 1969 4113 2113 4168; x_wconf 89' lang='lat' dir='ltr'><strong>sicut</strong></span> 
     </span>
    </p>
   </div>
   <div class='ocr_carea' id='block_1_75' title="bbox 527 4201 2110 4278">
    <p class='ocr_par' dir='ltr' id='par_1_75' title="bbox 527 4201 2110 4278">
     <span class='ocr_line' id='line_1_75' title="bbox 527 4201 2110 4278; baseline 0.006 -24"><span class='ocrx_word' id='word_1_561' title='bbox 527 4201 620 4257; x_wconf 88' lang='lat' dir='ltr'><strong>ille</strong></span> <span class='ocrx_word' id='word_1_562' title='bbox 664 4201 734 4257; x_wconf 91' lang='lat' dir='ltr'><strong>de</strong></span> <span class='ocrx_word' id='word_1_563' title='bbox 765 4216 877 4273; x_wconf 90' lang='lat' dir='ltr'><strong>quo</strong></span> <span class='ocrx_word' id='word_1_564' title='bbox 917 4201 1171 4258; x_wconf 80' lang='lat' dir='ltr'><strong>Psalmus</strong></span> <span class='ocrx_word' id='word_1_565' title='bbox 1221 4205 1552 4259; x_wconf 88' lang='lat' dir='ltr'><strong>vaticinatur</strong></span> <span class='ocrx_word' id='word_1_566' title='bbox 1602 4221 1781 4277; x_wconf 88' lang='lat' dir='ltr'><strong>neque</strong></span> <span class='ocrx_word' id='word_1_567' title='bbox 1834 4208 2110 4278; x_wconf 89' lang='lat' dir='ltr'><strong>imperans</strong></span> 
     </span>
    </p>
   </div>
   <div class='ocr_carea' id='block_1_76' title="bbox 525 4291 2113 4369">
    <p class='ocr_par' dir='ltr' id='par_1_76' title="bbox 525 4291 2113 4369">
     <span class='ocr_line' id='line_1_76' title="bbox 525 4291 2113 4369; baseline 0.004 -22"><span class='ocrx_word' id='word_1_568' title='bbox 525 4291 744 4348; x_wconf 89' lang='lat' dir='ltr'><strong>cunctis</strong></span> <span class='ocrx_word' id='word_1_569' title='bbox 774 4293 1049 4363; x_wconf 87' lang='lat' dir='ltr'><strong>gentibus,</strong></span> <span class='ocrx_word' id='word_1_570' title='bbox 1082 4301 1138 4349; x_wconf 85' lang='lat' dir='ltr'><strong>et</strong></span> <span class='ocrx_word' id='word_1_571' title='bbox 1181 4293 1405 4366; x_wconf 87' lang='lat' dir='ltr'><strong>regibus</strong></span> <span class='ocrx_word' id='word_1_572' title='bbox 1444 4303 1499 4351; x_wconf 89' lang='lat' dir='ltr'><strong>et</strong></span> <span class='ocrx_word' id='word_1_573' title='bbox 1532 4296 1900 4368; x_wconf 86' lang='lat' dir='ltr'><strong>principibus,</strong></span> <span class='ocrx_word' id='word_1_574' title='bbox 1931 4306 1988 4354; x_wconf 93' lang='lat' dir='ltr'><strong>et</strong></span> <span class='ocrx_word' id='word_1_575' title='bbox 2016 4314 2113 4369; x_wconf 89' lang='lat' dir='ltr'><strong>po-</strong></span> 
     </span>
    </p>
   </div>
   <div class='ocr_carea' id='block_1_77' title="bbox 528 4385 2111 4457">
    <p class='ocr_par' dir='ltr' id='par_1_77' title="bbox 528 4385 2111 4457">
     <span class='ocr_line' id='line_1_77' title="bbox 528 4385 2111 4457; baseline 0.006 -18"><span class='ocrx_word' id='word_1_576' title='bbox 528 4386 696 4457; x_wconf 90' lang='lat' dir='ltr'><strong>pulis,</strong></span> <span class='ocrx_word' id='word_1_577' title='bbox 716 4387 811 4457; x_wconf 89' lang='lat' dir='ltr'><strong>qui</strong></span> <span class='ocrx_word' id='word_1_578' title='bbox 844 4386 918 4442; x_wconf 89' lang='lat' dir='ltr'><strong>sit</strong></span> <span class='ocrx_word' id='word_1_579' title='bbox 942 4385 1161 4443; x_wconf 84' lang='lat' dir='ltr'><strong>insidiis</strong></span> <span class='ocrx_word' id='word_1_580' title='bbox 1187 4388 1617 4445; x_wconf 89' lang='lat' dir='ltr'><strong>circumventus.</strong></span> <span class='ocrx_word' id='word_1_581' title='bbox 1653 4391 1748 4446; x_wconf 87' lang='lat' dir='ltr'><strong>Sin</strong></span> <span class='ocrx_word' id='word_1_582' title='bbox 1779 4401 1961 4447; x_wconf 89' lang='lat' dir='ltr'><strong>autem</strong></span> <span class='ocrx_word' id='word_1_583' title='bbox 1987 4392 2111 4448; x_wconf 92' lang='lat' dir='ltr'><strong>illo-</strong></span> 
     </span>
    </p>
   </div>
   <div class='ocr_carea' id='block_1_78' title="bbox 528 4479 2111 4553">
    <p class='ocr_par' dir='ltr' id='par_1_78' title="bbox 528 4479 2111 4553">
     <span class='ocr_line' id='line_1_78' title="bbox 528 4479 2111 4553; baseline 0.007 -23"><span class='ocrx_word' id='word_1_584' title='bbox 528 4492 651 4532; x_wconf 89' lang='lat' dir='ltr'><strong>rum</strong></span> <span class='ocrx_word' id='word_1_585' title='bbox 687 4479 871 4535; x_wconf 87' lang='lat' dir='ltr'><strong>nullus</strong></span> <span class='ocrx_word' id='word_1_586' title='bbox 900 4480 1033 4535; x_wconf 83' lang='lat' dir='ltr'><strong>talis</strong></span> <span class='ocrx_word' id='word_1_587' title='bbox 1053 4481 1385 4547; x_wconf 89' lang='lat' dir='ltr'><strong>ostenditur,</strong></span> <span class='ocrx_word' id='word_1_588' title='bbox 1415 4490 1471 4537; x_wconf 92' lang='lat' dir='ltr'><strong>et</strong></span> <span class='ocrx_word' id='word_1_589' title='bbox 1517 4498 1578 4538; x_wconf 88' lang='lat' dir='ltr'><strong>re</strong></span> <span class='ocrx_word' id='word_1_590' title='bbox 1612 4483 1729 4553; x_wconf 90' lang='lat' dir='ltr'><strong>ipsa</strong></span> <span class='ocrx_word' id='word_1_591' title='bbox 1763 4493 1961 4540; x_wconf 87' lang='lat' dir='ltr'><strong>cuncta</strong></span> <span class='ocrx_word' id='word_1_592' title='bbox 1994 4484 2111 4541; x_wconf 75' lang='lat' dir='ltr'><strong>lucc</strong></span> 
     </span>
    </p>
   </div>
   <div class='ocr_carea' id='block_1_79' title="bbox 2217 3273 3804 3359">
    <p class='ocr_par' dir='ltr' id='par_1_79' title="bbox 2217 3273 3804 3359">
     <span class='ocr_line' id='line_1_79' title="bbox 2217 3273 3804 3359; baseline -0.012 -16"><span class='ocrx_word' id='word_1_593' title='bbox 2217 3289 2314 3344; x_wconf 78' lang='grc' dir='ltr'><strong>καὶ</strong></span> <span class='ocrx_word' id='word_1_594' title='bbox 2339 3287 2393 3341; x_wconf 92' lang='grc' dir='ltr'>τί</span> <span class='ocrx_word' id='word_1_595' title='bbox 2429 3288 2504 3359; x_wconf 85' lang='grc' dir='ltr'>μὴ</span> <span class='ocrx_word' id='word_1_596' title='bbox 2538 3285 2737 3357; x_wconf 84' lang='grc' dir='ltr'>μᾶλλον</span> <span class='ocrx_word' id='word_1_597' title='bbox 2767 3282 2962 3353; x_wconf 86' lang='grc' dir='ltr'>ἐκείνῳ</span> <span class='ocrx_word' id='word_1_598' title='bbox 2991 3281 3025 3352; x_wconf 78' lang='grc' dir='ltr'>ἢ</span> <span class='ocrx_word' id='word_1_599' title='bbox 3059 3279 3236 3350; x_wconf 80' lang='grc' dir='ltr'>τούτῳ</span> <span class='ocrx_word' id='word_1_600' title='bbox 3268 3275 3584 3332; x_wconf 84' lang='grc' dir='ltr'>πιστευτέον</span> <span class='ocrx_word' id='word_1_601' title='bbox 3612 3273 3645 3346; x_wconf 79' lang='grc' dir='ltr'>ἢ</span> <span class='ocrx_word' id='word_1_602' title='bbox 3675 3273 3804 3327; x_wconf 85' lang='grc' dir='ltr'>ἀπι-</span> 
     </span>
    </p>
   </div>
   <div class='ocr_carea' id='block_1_80' title="bbox 2218 3364 3805 3450">
    <p class='ocr_par' dir='ltr' id='par_1_80' title="bbox 2218 3364 3805 3450">
     <span class='ocr_line' id='line_1_80' title="bbox 2218 3364 3805 3450; baseline -0.01 -17"><span class='ocrx_word' id='word_1_603' title='bbox 2218 3379 2477 3449; x_wconf 83' lang='grc' dir='ltr'><strong>στητέον;</strong></span> <span class='ocrx_word' id='word_1_604' title='bbox 2510 3377 2574 3430; x_wconf 70' lang='grc' dir='ltr'><strong>Εἰ</strong></span> <span class='ocrx_word' id='word_1_605' title='bbox 2625 3375 2704 3439; x_wconf 77' lang='grc' dir='ltr'><strong>δὲ,</strong></span> <span class='ocrx_word' id='word_1_606' title='bbox 2749 3372 2998 3428; x_wconf 83' lang='grc' dir='ltr'>ἐντεῦθεν</span> <span class='ocrx_word' id='word_1_607' title='bbox 3050 3369 3521 3450; x_wconf 68' lang='grc' dir='ltr'>ἀποκλεισθέντες,</span> <span class='ocrx_word' id='word_1_608' title='bbox 3569 3366 3662 3419; x_wconf 72' lang='grc' dir='ltr'><strong>ἐπὶ</strong></span> <span class='ocrx_word' id='word_1_609' title='bbox 3707 3364 3805 3418; x_wconf 71' lang='grc' dir='ltr'><strong>τὸν</strong></span> 
     </span>
    </p>
   </div>
   <div class='ocr_carea' id='block_1_81' title="bbox 2215 3454 3798 3542">
    <p class='ocr_par' dir='ltr' id='par_1_81' title="bbox 2215 3454 3798 3542">
     <span class='ocr_line' id='line_1_81' title="bbox 2215 3454 3798 3542; baseline -0.013 -15"><span class='ocrx_word' id='word_1_610' title='bbox 2215 3471 2378 3526; x_wconf 75' lang='grc' dir='ltr'><strong>Δαόὶὸ</strong></span> <span class='ocrx_word' id='word_1_611' title='bbox 2409 3471 2444 3542; x_wconf 75' lang='grc' dir='ltr'>ἦ</span> <span class='ocrx_word' id='word_1_612' title='bbox 2482 3486 2603 3524; x_wconf 78' lang='grc' dir='ltr'>τινα</span> <span class='ocrx_word' id='word_1_613' title='bbox 2630 3466 2737 3522; x_wconf 90' lang='grc' dir='ltr'><strong>τῶν</strong></span> <span class='ocrx_word' id='word_1_614' title='bbox 2770 3465 2829 3531; x_wconf 78' lang='grc' dir='ltr'><strong>ἐξ</strong></span> <span class='ocrx_word' id='word_1_615' title='bbox 2855 3462 3018 3518; x_wconf 84' lang='grc' dir='ltr'>αὑτοῦ</span> <span class='ocrx_word' id='word_1_616' title='bbox 3045 3462 3353 3534; x_wconf 83' lang='grc' dir='ltr'>γενομένων</span> <span class='ocrx_word' id='word_1_617' title='bbox 3397 3457 3659 3526; x_wconf 82' lang='grc' dir='ltr'>βασιλέων</span> <span class='ocrx_word' id='word_1_618' title='bbox 3700 3454 3798 3509; x_wconf 92' lang='grc' dir='ltr'>τοῦ</span> 
     </span>
    </p>
   </div>
   <div class='ocr_carea' id='block_1_82' title="bbox 2226 3548 3813 3630">
    <p class='ocr_par' dir='ltr' id='par_1_82' title="bbox 2226 3548 3813 3630">
     <span class='ocr_line' id='line_1_82' title="bbox 2226 3548 3813 3630; baseline -0.011 -12"><span class='ocrx_word' id='word_1_619' title='bbox 2226 3562 2497 3618; x_wconf 77' lang='grc' dir='ltr'>Ἰουδαίων</span> <span class='ocrx_word' id='word_1_620' title='bbox 2540 3560 2728 3624; x_wconf 67' lang='grc' dir='ltr'>ἔθνους</span> <span class='ocrx_word' id='word_1_621' title='bbox 2766 3558 3088 3630; x_wconf 77' lang='grc' dir='ltr'>ἀναφέροιεν</span> <span class='ocrx_word' id='word_1_622' title='bbox 3122 3555 3214 3610; x_wconf 77' lang='grc' dir='ltr'><strong>τὸν</strong></span> <span class='ocrx_word' id='word_1_623' title='bbox 3235 3552 3481 3626; x_wconf 78' lang='grc' dir='ltr'>χρησμὸν</span> <span class='ocrx_word' id='word_1_624' title='bbox 3505 3590 3520 3616; x_wconf 94' lang='grc'><strong>,</strong></span> <span class='ocrx_word' id='word_1_625' title='bbox 3544 3550 3638 3605; x_wconf 69' lang='grc' dir='ltr'><strong>καὶ</strong></span> <span class='ocrx_word' id='word_1_626' title='bbox 3657 3548 3813 3602; x_wconf 72' lang='grc' dir='ltr'>οὕτω</span> 
     </span>
    </p>
   </div>
   <div class='ocr_carea' id='block_1_83' title="bbox 2213 3640 3799 3719">
    <p class='ocr_par' dir='ltr' id='par_1_83' title="bbox 2213 3640 3799 3719">
     <span class='ocr_line' id='line_1_83' title="bbox 2213 3640 3799 3719; baseline -0.011 -10"><span class='ocrx_word' id='word_1_627' title='bbox 2213 3655 2471 3719; x_wconf 77' lang='grc' dir='ltr'>δεικτέον,</span> <span class='ocrx_word' id='word_1_628' title='bbox 2499 3652 2573 3717; x_wconf 84' lang='grc' dir='ltr'>ὡς</span> <span class='ocrx_word' id='word_1_629' title='bbox 2601 3650 2724 3705; x_wconf 76' lang='grc' dir='ltr'>οὔτε</span> <span class='ocrx_word' id='word_1_630' title='bbox 2758 3649 2944 3713; x_wconf 79' lang='grc' dir='ltr'>Δαϐὶδ,</span> <span class='ocrx_word' id='word_1_631' title='bbox 2977 3647 3088 3701; x_wconf 71' lang='grc' dir='ltr'>οὗθ’</span> <span class='ocrx_word' id='word_1_632' title='bbox 3121 3646 3306 3719; x_wconf 83' lang='grc' dir='ltr'>ἐτερός</span> <span class='ocrx_word' id='word_1_633' title='bbox 3328 3662 3414 3709; x_wconf 86' lang='grc' dir='ltr'><strong>τις</strong></span> <span class='ocrx_word' id='word_1_634' title='bbox 3443 3642 3551 3697; x_wconf 90' lang='grc' dir='ltr'>τῶν</span> <span class='ocrx_word' id='word_1_635' title='bbox 3578 3640 3799 3694; x_wconf 82' lang='grc' dir='ltr'>πώποτε</span> 
     </span>
    </p>
   </div>
   <div class='ocr_carea' id='block_1_84' title="bbox 2215 3736 3802 3819">
    <p class='ocr_par' dir='ltr' id='par_1_84' title="bbox 2215 3736 3802 3819">
     <span class='ocr_line' id='line_1_84' title="bbox 2215 3736 3802 3819; baseline -0.009 -18"><span class='ocrx_word' id='word_1_636' title='bbox 2215 3750 2345 3819; x_wconf 79' lang='grc' dir='ltr'>παρ’</span> <span class='ocrx_word' id='word_1_637' title='bbox 2379 3744 2649 3819; x_wconf 64' lang='grc' dir='ltr'>Ἑϐραίοις</span> <span class='ocrx_word' id='word_1_638' title='bbox 2676 3740 2951 3813; x_wconf 76' lang='grc' dir='ltr'>διαφανῶν</span> <span class='ocrx_word' id='word_1_639' title='bbox 2987 3742 3265 3813; x_wconf 79' lang='grc' dir='ltr'>ἱστόρηται</span> <span class='ocrx_word' id='word_1_640' title='bbox 3291 3736 3403 3792; x_wconf 73' lang='grc' dir='ltr'>οὗθ’</span> <span class='ocrx_word' id='word_1_641' title='bbox 3427 3737 3554 3800; x_wconf 81' lang='grc' dir='ltr'>Υἱὸς</span> <span class='ocrx_word' id='word_1_642' title='bbox 3586 3751 3802 3807; x_wconf 86' lang='grc' dir='ltr'>χρημα-</span> 
     </span>
    </p>
   </div>
   <div class='ocr_carea' id='block_1_85' title="bbox 2214 3828 3800 3904">
    <p class='ocr_par' dir='ltr' id='par_1_85' title="bbox 2214 3828 3800 3904">
     <span class='ocr_line' id='line_1_85' title="bbox 2214 3828 3800 3904; baseline -0.009 -10"><span class='ocrx_word' id='word_1_643' title='bbox 2214 3839 2372 3904; x_wconf 89' lang='grc' dir='ltr'>τίσας</span> <span class='ocrx_word' id='word_1_644' title='bbox 2409 3837 2503 3892; x_wconf 91' lang='grc' dir='ltr'>τοῦ</span> <span class='ocrx_word' id='word_1_645' title='bbox 2526 3835 2685 3901; x_wconf 81' lang='grc' dir='ltr'>Θεοῦ,</span> <span class='ocrx_word' id='word_1_646' title='bbox 2712 3834 2827 3889; x_wconf 69' lang='grc' dir='ltr'>οὔθ’</span> <span class='ocrx_word' id='word_1_647' title='bbox 2862 3834 2969 3887; x_wconf 82' lang='grc' dir='ltr'><strong>ὑπὸ</strong></span> <span class='ocrx_word' id='word_1_648' title='bbox 2998 3832 3092 3887; x_wconf 88' lang='grc' dir='ltr'>τοῦ</span> <span class='ocrx_word' id='word_1_649' title='bbox 3121 3831 3257 3887; x_wconf 85' lang='grc' dir='ltr'>Θεοῦ</span> <span class='ocrx_word' id='word_1_650' title='bbox 3290 3828 3675 3901; x_wconf 80' lang='grc' dir='ltr'>γεγενημένος,</span> <span class='ocrx_word' id='word_1_651' title='bbox 3700 3844 3800 3880; x_wconf 87' lang='grc' dir='ltr'><strong>κα-</strong></span> 
     </span>
    </p>
   </div>
   <div class='ocr_carea' id='block_1_86' title="bbox 2213 3919 3805 4000">
    <p class='ocr_par' dir='ltr' id='par_1_86' title="bbox 2213 3919 3805 4000">
     <span class='ocr_line' id='line_1_86' title="bbox 2213 3919 3805 4000; baseline -0.009 -14"><span class='ocrx_word' id='word_1_652' title='bbox 2213 3932 2282 3986; x_wconf 82' lang='grc' dir='ltr'><strong>τά</strong></span> <span class='ocrx_word' id='word_1_653' title='bbox 2310 3933 2405 3985; x_wconf 84' lang='grc' dir='ltr'>τὸν</span> <span class='ocrx_word' id='word_1_654' title='bbox 2429 3932 2488 3984; x_wconf 80' lang='grc' dir='ltr'><strong>ἐν</strong></span> <span class='ocrx_word' id='word_1_655' title='bbox 2508 3928 2587 4000; x_wconf 79' lang='grc' dir='ltr'><strong>τῷ</strong></span> <span class='ocrx_word' id='word_1_656' title='bbox 2606 3925 2807 4000; x_wconf 67' lang='grc' dir='ltr'>ψαλμῷ</span> <span class='ocrx_word' id='word_1_657' title='bbox 2834 3924 3248 3997; x_wconf 80' lang='grc' dir='ltr'>θεσπιζόμενον,</span> <span class='ocrx_word' id='word_1_658' title='bbox 3269 3922 3379 3977; x_wconf 83' lang='grc' dir='ltr'>οὐδ’</span> <span class='ocrx_word' id='word_1_659' title='bbox 3406 3922 3517 3994; x_wconf 84' lang='grc' dir='ltr'>ἄρα</span> <span class='ocrx_word' id='word_1_660' title='bbox 3534 3920 3638 3973; x_wconf 80' lang='grc' dir='ltr'>ὑπὸ</span> <span class='ocrx_word' id='word_1_661' title='bbox 3661 3919 3805 3972; x_wconf 76' lang='grc' dir='ltr'>πάν-</span> 
     </span>
    </p>
   </div>
   <div class='ocr_carea' id='block_1_87' title="bbox 2211 4012 3805 4092">
    <p class='ocr_par' dir='ltr' id='par_1_87' title="bbox 2211 4012 3805 4092">
     <span class='ocr_line' id='line_1_87' title="bbox 2211 4012 3805 4092; baseline -0.008 -15"><span class='ocrx_word' id='word_1_662' title='bbox 2211 4042 2322 4079; x_wconf 90' lang='grc' dir='ltr'>των</span> <span class='ocrx_word' id='word_1_663' title='bbox 2349 4024 2458 4078; x_wconf 88' lang='grc' dir='ltr'>τῶν</span> <span class='ocrx_word' id='word_1_664' title='bbox 2492 4021 2663 4076; x_wconf 89' lang='grc' dir='ltr'>ἐθνῶν</span> <span class='ocrx_word' id='word_1_665' title='bbox 2693 4021 2789 4075; x_wconf 73' lang='grc' dir='ltr'>καὶ</span> <span class='ocrx_word' id='word_1_666' title='bbox 2820 4020 3106 4092; x_wconf 78' lang='grc' dir='ltr'>βασιλέων,</span> <span class='ocrx_word' id='word_1_667' title='bbox 3134 4016 3414 4091; x_wconf 82' lang='grc' dir='ltr'>ἀρχόντων</span> <span class='ocrx_word' id='word_1_668' title='bbox 3437 4023 3497 4068; x_wconf 76' lang='grc' dir='ltr'>τε</span> <span class='ocrx_word' id='word_1_669' title='bbox 3532 4014 3626 4068; x_wconf 74' lang='grc' dir='ltr'>καὶ</span> <span class='ocrx_word' id='word_1_670' title='bbox 3655 4012 3805 4067; x_wconf 84' lang='grc' dir='ltr'>λαῶν</span> 
     </span>
    </p>
   </div>
   <div class='ocr_carea' id='block_1_88' title="bbox 2214 4105 3799 4187">
    <p class='ocr_par' dir='ltr' id='par_1_88' title="bbox 2214 4105 3799 4187">
     <span class='ocr_line' id='line_1_88' title="bbox 2214 4105 3799 4187; baseline -0.009 -17"><span class='ocrx_word' id='word_1_671' title='bbox 2214 4114 2753 4187; x_wconf 76' lang='grc' dir='ltr'>ἐπιϐεϐουλευμένος.</span> <span class='ocrx_word' id='word_1_672' title='bbox 2805 4114 2869 4167; x_wconf 88' lang='grc' dir='ltr'>Εἰ</span> <span class='ocrx_word' id='word_1_673' title='bbox 2920 4114 2965 4167; x_wconf 82' lang='grc' dir='ltr'>δ’</span> <span class='ocrx_word' id='word_1_674' title='bbox 3004 4110 3178 4175; x_wconf 74' lang='grc' dir='ltr'>οὐδεὶς</span> <span class='ocrx_word' id='word_1_675' title='bbox 3230 4107 3455 4162; x_wconf 77' lang='grc' dir='ltr'>ἐκείνων</span> <span class='ocrx_word' id='word_1_676' title='bbox 3502 4105 3799 4169; x_wconf 84' lang='grc' dir='ltr'>δείκνυται,</span> 
     </span>
    </p>
   </div>
   <div class='ocr_carea' id='block_1_89' title="bbox 2215 4195 3796 4279">
    <p class='ocr_par' dir='ltr' id='par_1_89' title="bbox 2215 4195 3796 4279">
     <span class='ocr_line' id='line_1_89' title="bbox 2215 4195 3796 4279; baseline -0.008 -18"><span class='ocrx_word' id='word_1_677' title='bbox 2215 4208 2399 4271; x_wconf 78' lang='grc' dir='ltr'>αὑτοῖς</span> <span class='ocrx_word' id='word_1_678' title='bbox 2442 4207 2485 4260; x_wconf 87' lang='grc' dir='ltr'>δ’</span> <span class='ocrx_word' id='word_1_679' title='bbox 2516 4206 2700 4279; x_wconf 77' lang='grc' dir='ltr'>ἔργοις</span> <span class='ocrx_word' id='word_1_680' title='bbox 2729 4205 3046 4260; x_wconf 88' lang='grc' dir='ltr'>συνίσταται</span> <span class='ocrx_word' id='word_1_681' title='bbox 3072 4200 3245 4256; x_wconf 88' lang='grc' dir='ltr'>ταῦτα</span> <span class='ocrx_word' id='word_1_682' title='bbox 3272 4199 3469 4262; x_wconf 85' lang='grc' dir='ltr'>πάντα,</span> <span class='ocrx_word' id='word_1_683' title='bbox 3504 4196 3599 4250; x_wconf 75' lang='grc' dir='ltr'>καὶ</span> <span class='ocrx_word' id='word_1_684' title='bbox 3625 4195 3796 4250; x_wconf 87' lang='grc' dir='ltr'>πάλαι</span> 
     </span>
    </p>
   </div>
   <div class='ocr_carea' id='block_1_90' title="bbox 2218 4287 3804 4372">
    <p class='ocr_par' dir='ltr' id='par_1_90' title="bbox 2218 4287 3804 4372">
     <span class='ocr_line' id='line_1_90' title="bbox 2218 4287 3804 4372; baseline -0.009 -17"><span class='ocrx_word' id='word_1_685' title='bbox 2218 4301 2318 4372; x_wconf 83' lang='grc' dir='ltr'><strong>μὲν</strong></span> <span class='ocrx_word' id='word_1_686' title='bbox 2366 4299 2685 4372; x_wconf 81' lang='grc' dir='ltr'>ὑπομείνας,</span> <span class='ocrx_word' id='word_1_687' title='bbox 2721 4298 2815 4352; x_wconf 74' lang='grc' dir='ltr'><strong>καὶ</strong></span> <span class='ocrx_word' id='word_1_688' title='bbox 2846 4296 2943 4351; x_wconf 93' lang='grc' dir='ltr'>νῦν</span> <span class='ocrx_word' id='word_1_689' title='bbox 2972 4296 3029 4349; x_wconf 87' lang='grc' dir='ltr'>δὲ</span> <span class='ocrx_word' id='word_1_690' title='bbox 3061 4294 3144 4348; x_wconf 78' lang='grc' dir='ltr'>ἐτι</span> <span class='ocrx_word' id='word_1_691' title='bbox 3180 4290 3275 4348; x_wconf 63' lang='grc' dir='ltr'><strong>καὶ⁸</strong></span> <span class='ocrx_word' id='word_1_692' title='bbox 3308 4292 3546 4363; x_wconf 83' lang='grc' dir='ltr'>σήμερον</span> <span class='ocrx_word' id='word_1_693' title='bbox 3596 4287 3701 4342; x_wconf 81' lang='grc' dir='ltr'>ὑπό</span> <span class='ocrx_word' id='word_1_694' title='bbox 3739 4302 3804 4341; x_wconf 81' lang='grc' dir='ltr'><strong>τε</strong></span> 
     </span>
    </p>
   </div>
   <div class='ocr_carea' id='block_1_91' title="bbox 2215 4376 3808 4465">
    <p class='ocr_par' dir='ltr' id='par_1_91' title="bbox 2215 4376 3808 4465">
     <span class='ocr_line' id='line_1_91' title="bbox 2215 4376 3808 4465; baseline -0.011 -17"><span class='ocrx_word' id='word_1_695' title='bbox 2215 4393 2477 4465; x_wconf 85' lang='grc' dir='ltr'>βασιλέων</span> <span class='ocrx_word' id='word_1_696' title='bbox 2497 4393 2591 4447; x_wconf 76' lang='grc' dir='ltr'><strong>καὶ</strong></span> <span class='ocrx_word' id='word_1_697' title='bbox 2624 4392 2921 4464; x_wconf 87' lang='grc' dir='ltr'>ἀρχόντων,</span> <span class='ocrx_word' id='word_1_698' title='bbox 2949 4387 3119 4443; x_wconf 83' lang='grc' dir='ltr'>ἐθνῶν</span> <span class='ocrx_word' id='word_1_699' title='bbox 3141 4403 3201 4465; x_wconf 86' lang='grc' dir='ltr'><strong>τε</strong></span> <span class='ocrx_word' id='word_1_700' title='bbox 3228 4383 3323 4439; x_wconf 72' lang='grc' dir='ltr'>καὶ</span> <span class='ocrx_word' id='word_1_701' title='bbox 3344 4380 3513 4447; x_wconf 88' lang='grc' dir='ltr'>λαῶν,</span> <span class='ocrx_word' id='word_1_702' title='bbox 3540 4376 3808 4450; x_wconf 83' lang='grc' dir='ltr'>πολεμού-</span> 
     </span>
    </p>
   </div>
   <div class='ocr_carea' id='block_1_92' title="bbox 2218 4468 3806 4556">
    <p class='ocr_par' dir='ltr' id='par_1_92' title="bbox 2218 4468 3806 4556">
     <span class='ocr_line' id='line_1_92' title="bbox 2218 4468 3806 4556; baseline -0.011 -17"><span class='ocrx_word' id='word_1_703' title='bbox 2218 4501 2379 4556; x_wconf 90' lang='grc' dir='ltr'>μενος</span> <span class='ocrx_word' id='word_1_704' title='bbox 2422 4485 2451 4536; x_wconf 91' lang='grc' dir='ltr'><strong>ό</strong></span> <span class='ocrx_word' id='word_1_705' title='bbox 2493 4484 2728 4556; x_wconf 85' lang='grc' dir='ltr'>Χριστὸς</span> <span class='ocrx_word' id='word_1_706' title='bbox 2768 4481 2863 4535; x_wconf 89' lang='grc' dir='ltr'>τοῦ</span> <span class='ocrx_word' id='word_1_707' title='bbox 2903 4478 3063 4545; x_wconf 90' lang='grc' dir='ltr'>Θεοῦ,</span> <span class='ocrx_word' id='word_1_708' title='bbox 3102 4478 3156 4531; x_wconf 87' lang='grc' dir='ltr'><strong>τί</strong></span> <span class='ocrx_word' id='word_1_709' title='bbox 3192 4476 3252 4530; x_wconf 79' lang='grc' dir='ltr'>τὸ</span> <span class='ocrx_word' id='word_1_710' title='bbox 3279 4471 3532 4547; x_wconf 80' lang='grc' dir='ltr'>ἐμποδὼν</span> <span class='ocrx_word' id='word_1_711' title='bbox 3575 4470 3649 4543; x_wconf 82' lang='grc' dir='ltr'>μὴ</span> <span class='ocrx_word' id='word_1_712' title='bbox 3681 4468 3806 4540; x_wconf 81' lang='grc' dir='ltr'>οὐχὶ</span> 
     </span>
    </p>
   </div>
   <div class='ocr_carea' id='block_1_93' title="bbox 525 4559 2111 4646">
    <p class='ocr_par' dir='ltr' id='par_1_93' title="bbox 525 4571 2111 4645">
     <span class='ocr_line' id='line_1_93' title="bbox 525 4571 2111 4645; baseline 0.004 -20"><span class='ocrx_word' id='word_1_713' title='bbox 525 4571 946 4638; x_wconf 80' lang='lat' dir='ltr'><strong>confirmantur,</strong></span> <span class='ocrx_word' id='word_1_714' title='bbox 965 4580 1080 4628; x_wconf 88' lang='lat' dir='ltr'><strong>tum</strong></span> <span class='ocrx_word' id='word_1_715' title='bbox 1102 4574 1323 4644; x_wconf 89' lang='lat' dir='ltr'><strong>quidem</strong></span> <span class='ocrx_word' id='word_1_716' title='bbox 1353 4574 1501 4645; x_wconf 91' lang='lat' dir='ltr'><strong>quod</strong></span> <span class='ocrx_word' id='word_1_717' title='bbox 1518 4575 1648 4630; x_wconf 91' lang='lat' dir='ltr'><strong>olim</strong></span> <span class='ocrx_word' id='word_1_718' title='bbox 1665 4576 1755 4630; x_wconf 90' lang='lat' dir='ltr'><strong>illa</strong></span> <span class='ocrx_word' id='word_1_719' title='bbox 1771 4578 2111 4645; x_wconf 76' lang='lat' dir='ltr'><strong>sustinuerit,</strong></span> 
     </span>
    </p>
   </div>
   <div class='ocr_carea' id='block_1_94' title="bbox 2215 4559 3807 4646">
    <p class='ocr_par' dir='ltr' id='par_1_94' title="bbox 2224 4559 3807 4646">
     <span class='ocr_line' id='line_1_94' title="bbox 2224 4559 3807 4646; baseline -0.011 -16"><span class='ocrx_word' id='word_1_720' title='bbox 2224 4576 2388 4630; x_wconf 83' lang='grc' dir='ltr'>αὐτὸν</span> <span class='ocrx_word' id='word_1_721' title='bbox 2416 4571 2557 4629; x_wconf 81' lang='grc' dir='ltr'>εἶναι</span> <span class='ocrx_word' id='word_1_722' title='bbox 2584 4574 2676 4629; x_wconf 81' lang='grc' dir='ltr'><strong>τὸν</strong></span> <span class='ocrx_word' id='word_1_723' title='bbox 2703 4572 3175 4646; x_wconf 75' lang='grc' dir='ltr'>προφητευόμενον</span> <span class='ocrx_word' id='word_1_724' title='bbox 3198 4566 3287 4622; x_wconf 77' lang='grc' dir='ltr'><strong>διὰ</strong></span> <span class='ocrx_word' id='word_1_725' title='bbox 3309 4565 3404 4620; x_wconf 91' lang='grc' dir='ltr'>τοῦ</span> <span class='ocrx_word' id='word_1_726' title='bbox 3429 4565 3699 4635; x_wconf 85' lang='grc' dir='ltr'>φήσαντος</span> <span class='ocrx_word' id='word_1_727' title='bbox 3718 4559 3807 4613; x_wconf 87' lang='grc' dir='ltr'><strong>λο-</strong></span> 
     </span>
    </p>
   </div>
   <div class='ocr_carea' id='block_1_95' title="bbox 525 4665 2117 4742">
    <p class='ocr_par' dir='ltr' id='par_1_95' title="bbox 525 4665 2117 4742">
     <span class='ocr_line' id='line_1_95' title="bbox 525 4665 2117 4742; baseline 0.005 -24"><span class='ocrx_word' id='word_1_728' title='bbox 525 4668 646 4718; x_wconf 82' lang='lat' dir='ltr'><strong>tum</strong></span> <span class='ocrx_word' id='word_1_729' title='bbox 693 4679 824 4719; x_wconf 83' lang='lat' dir='ltr'><strong>vero</strong></span> <span class='ocrx_word' id='word_1_730' title='bbox 869 4667 1014 4735; x_wconf 88' lang='lat' dir='ltr'><strong>quod</strong></span> <span class='ocrx_word' id='word_1_731' title='bbox 1061 4665 1242 4722; x_wconf 86' lang='lat' dir='ltr'><strong>adhuc</strong></span> <span class='ocrx_word' id='word_1_732' title='bbox 1271 4674 1435 4738; x_wconf 89' lang='lat' dir='ltr'><strong>atque</strong></span> <span class='ocrx_word' id='word_1_733' title='bbox 1463 4667 1628 4723; x_wconf 88' lang='lat' dir='ltr'><strong>hodie</strong></span> <span class='ocrx_word' id='word_1_734' title='bbox 1654 4684 1893 4740; x_wconf 86' lang='lat' dir='ltr'><strong>quoque,</strong></span> <span class='ocrx_word' id='word_1_735' title='bbox 1917 4684 1949 4723; x_wconf 89' lang='lat' dir='ltr'><strong>a</strong></span> <span class='ocrx_word' id='word_1_736' title='bbox 1973 4672 2117 4742; x_wconf 87' lang='lat' dir='ltr'><strong>regi-</strong></span> 
     </span>
    </p>
   </div>
   <div class='ocr_carea' id='block_1_96' title="bbox 526 4757 2116 4834">
    <p class='ocr_par' dir='ltr' id='par_1_96' title="bbox 526 4757 2116 4834">
     <span class='ocr_line' id='line_1_96' title="bbox 526 4757 2116 4834; baseline 0.003 -22"><span class='ocrx_word' id='word_1_737' title='bbox 526 4757 653 4821; x_wconf 85' lang='lat' dir='ltr'><strong>bus,</strong></span> <span class='ocrx_word' id='word_1_738' title='bbox 699 4766 753 4813; x_wconf 85' lang='lat' dir='ltr'><strong>et</strong></span> <span class='ocrx_word' id='word_1_739' title='bbox 792 4759 1156 4830; x_wconf 71' lang='lat' dir='ltr'><strong>principibus,</strong></span> <span class='ocrx_word' id='word_1_740' title='bbox 1198 4770 1253 4815; x_wconf 91' lang='lat' dir='ltr'><strong>et</strong></span> <span class='ocrx_word' id='word_1_741' title='bbox 1289 4762 1565 4831; x_wconf 82' lang='lat' dir='ltr'><strong>gentibus,</strong></span> <span class='ocrx_word' id='word_1_742' title='bbox 1596 4771 1651 4817; x_wconf 88' lang='lat' dir='ltr'><strong>et</strong></span> <span class='ocrx_word' id='word_1_743' title='bbox 1702 4762 1925 4834; x_wconf 89' lang='lat' dir='ltr'><strong>populis</strong></span> <span class='ocrx_word' id='word_1_744' title='bbox 1953 4762 2116 4819; x_wconf 82' lang='lat' dir='ltr'><strong>Chri-</strong></span> 
     </span>
    </p>
   </div>
   <div class='ocr_carea' id='block_1_97' title="bbox 526 4848 2115 4926">
    <p class='ocr_par' dir='ltr' id='par_1_97' title="bbox 526 4848 2115 4926">
     <span class='ocr_line' id='line_1_97' title="bbox 526 4848 2115 4926; baseline 0.004 -23"><span class='ocrx_word' id='word_1_745' title='bbox 526 4856 648 4905; x_wconf 87' lang='lat' dir='ltr'><strong>stus</strong></span> <span class='ocrx_word' id='word_1_746' title='bbox 676 4848 768 4904; x_wconf 90' lang='lat' dir='ltr'><strong>Dei</strong></span> <span class='ocrx_word' id='word_1_747' title='bbox 804 4858 1171 4922; x_wconf 88' lang='lat' dir='ltr'><strong>0ppugnetur,</strong></span> <span class='ocrx_word' id='word_1_748' title='bbox 1203 4851 1333 4921; x_wconf 89' lang='lat' dir='ltr'><strong>quid</strong></span> <span class='ocrx_word' id='word_1_749' title='bbox 1359 4851 1473 4921; x_wconf 86' lang='lat' dir='ltr'><strong>jam</strong></span> <span class='ocrx_word' id='word_1_750' title='bbox 1511 4851 1771 4923; x_wconf 90' lang='lat' dir='ltr'><strong>impediat</strong></span> <span class='ocrx_word' id='word_1_751' title='bbox 1798 4870 1869 4909; x_wconf 84' lang='lat' dir='ltr'><strong>ne</strong></span> <span class='ocrx_word' id='word_1_752' title='bbox 1896 4856 2013 4926; x_wconf 89' lang='lat' dir='ltr'><strong>ipse</strong></span> <span class='ocrx_word' id='word_1_753' title='bbox 2043 4856 2115 4912; x_wconf 92' lang='lat' dir='ltr'><strong>sit</strong></span> 
     </span>
    </p>
   </div>
   <div class='ocr_carea' id='block_1_98' title="bbox 524 4942 2112 5018">
    <p class='ocr_par' dir='ltr' id='par_1_98' title="bbox 524 4942 2112 5018">
     <span class='ocr_line' id='line_1_98' title="bbox 524 4942 2112 5018; baseline 0.004 -21"><span class='ocrx_word' id='word_1_754' title='bbox 524 4942 595 4998; x_wconf 90' lang='lat' dir='ltr'><strong>de</strong></span> <span class='ocrx_word' id='word_1_755' title='bbox 621 4958 732 5012; x_wconf 90' lang='lat' dir='ltr'><strong>quo</strong></span> <span class='ocrx_word' id='word_1_756' title='bbox 769 4945 1054 4999; x_wconf 88' lang='lat' dir='ltr'><strong>oraculum</strong></span> <span class='ocrx_word' id='word_1_757' title='bbox 1076 4944 1212 5000; x_wconf 86' lang='lat' dir='ltr'><strong>illud</strong></span> <span class='ocrx_word' id='word_1_758' title='bbox 1236 4944 1566 5002; x_wconf 79' lang='lat' dir='ltr'><strong>vaticinatur</strong></span> <span class='ocrx_word' id='word_1_759' title='bbox 1599 4947 1745 5018; x_wconf 90' lang='lat' dir='ltr'><strong>quod</strong></span> <span class='ocrx_word' id='word_1_760' title='bbox 1780 4949 1855 5003; x_wconf 85' lang='lat' dir='ltr'><strong>ait</strong></span> <span class='ocrx_word' id='word_1_761' title='bbox 1884 4968 1896 5003; x_wconf 92' lang='lat'>:</span> <span class='ocrx_word' id='word_1_762' title='bbox 1920 4968 1938 5000; x_wconf 80' lang='grc' dir='ltr'>ι</span> <span class='ocrx_word' id='word_1_763' title='bbox 1962 4949 2112 5005; x_wconf 83' lang='lat' dir='ltr'><strong>Asti-</strong></span> 
     </span>
    </p>
   </div>
   <div class='ocr_carea' id='block_1_99' title="bbox 523 5037 2115 5111">
    <p class='ocr_par' dir='ltr' id='par_1_99' title="bbox 523 5037 2115 5111">
     <span class='ocr_line' id='line_1_99' title="bbox 523 5037 2115 5111; baseline 0.004 -23"><span class='ocrx_word' id='word_1_764' title='bbox 523 5042 710 5089; x_wconf 86' lang='lat' dir='ltr'><strong>terunt</strong></span> <span class='ocrx_word' id='word_1_765' title='bbox 760 5051 919 5107; x_wconf 89' lang='lat' dir='ltr'><strong>reges</strong></span> <span class='ocrx_word' id='word_1_766' title='bbox 979 5045 1141 5094; x_wconf 78' lang='lat' dir='ltr'><strong>terra:</strong></span> <span class='ocrx_word' id='word_1_767' title='bbox 1197 5048 1252 5094; x_wconf 90' lang='lat' dir='ltr'><strong>et</strong></span> <span class='ocrx_word' id='word_1_768' title='bbox 1299 5037 1578 5111; x_wconf 88' lang='lat' dir='ltr'><strong>principes</strong></span> <span class='ocrx_word' id='word_1_769' title='bbox 1633 5049 2010 5097; x_wconf 85' lang='lat' dir='ltr'><strong>convenerunt</strong></span> <span class='ocrx_word' id='word_1_770' title='bbox 2059 5042 2115 5096; x_wconf 90' lang='lat' dir='ltr'><strong>in</strong></span> 
     </span>
    </p>
   </div>
   <div class='ocr_carea' id='block_1_100' title="bbox 523 5130 2113 5197">
    <p class='ocr_par' dir='ltr' id='par_1_100' title="bbox 523 5130 2113 5197">
     <span class='ocr_line' id='line_1_100' title="bbox 523 5130 2113 5197; baseline 0.006 -17"><span class='ocrx_word' id='word_1_771' title='bbox 523 5143 729 5194; x_wconf 89' lang='lat' dir='ltr'><strong>unum,</strong></span> <span class='ocrx_word' id='word_1_772' title='bbox 761 5130 1025 5188; x_wconf 89' lang='lat' dir='ltr'><strong>adversus</strong></span> <span class='ocrx_word' id='word_1_773' title='bbox 1063 5132 1377 5197; x_wconf 87' lang='lat' dir='ltr'><strong>Dominum,</strong></span> <span class='ocrx_word' id='word_1_774' title='bbox 1423 5140 1478 5189; x_wconf 89' lang='lat' dir='ltr'><strong>et</strong></span> <span class='ocrx_word' id='word_1_775' title='bbox 1524 5133 1790 5191; x_wconf 88' lang='lat' dir='ltr'><strong>adversus</strong></span> <span class='ocrx_word' id='word_1_776' title='bbox 1832 5134 2113 5191; x_wconf 89' lang='lat' dir='ltr'><strong>Christum</strong></span> 
     </span>
    </p>
   </div>
   <div class='ocr_carea' id='block_1_101' title="bbox 524 5218 2113 5297">
    <p class='ocr_par' dir='ltr' id='par_1_101' title="bbox 524 5218 2113 5297">
     <span class='ocr_line' id='line_1_101' title="bbox 524 5218 2113 5297; baseline 0.006 -25"><span class='ocrx_word' id='word_1_777' title='bbox 524 5218 693 5287; x_wconf 87' lang='lat' dir='ltr'><strong>ejus?</strong></span> <span class='ocrx_word' id='word_1_778' title='bbox 729 5238 749 5271; x_wconf 74' lang='grc' dir='ltr'>ι</span> <span class='ocrx_word' id='word_1_779' title='bbox 782 5220 878 5275; x_wconf 88' lang='lat' dir='ltr'><strong>uni</strong></span> <span class='ocrx_word' id='word_1_780' title='bbox 911 5222 1076 5278; x_wconf 87' lang='lat' dir='ltr'><strong>etiam</strong></span> <span class='ocrx_word' id='word_1_781' title='bbox 1110 5224 1286 5280; x_wconf 89' lang='lat' dir='ltr'><strong>eidem</strong></span> <span class='ocrx_word' id='word_1_782' title='bbox 1315 5240 1436 5295; x_wconf 76' lang='lat' dir='ltr'><strong>qua:</strong></span> <span class='ocrx_word' id='word_1_783' title='bbox 1463 5225 1520 5279; x_wconf 90' lang='lat' dir='ltr'><strong>in</strong></span> <span class='ocrx_word' id='word_1_784' title='bbox 1550 5225 1744 5281; x_wconf 87' lang='lat' dir='ltr'><strong>eodem</strong></span> <span class='ocrx_word' id='word_1_785' title='bbox 1777 5226 1991 5297; x_wconf 85' lang='lat' dir='ltr'><strong>psalmo</strong></span> <span class='ocrx_word' id='word_1_786' title='bbox 2022 5241 2113 5282; x_wconf 83' lang='lat' dir='ltr'><strong>se-</strong></span> 
     </span>
    </p>
   </div>
   <div class='ocr_carea' id='block_1_102' title="bbox 522 5315 2113 5387">
    <p class='ocr_par' dir='ltr' id='par_1_102' title="bbox 522 5315 2113 5387">
     <span class='ocr_line' id='line_1_102' title="bbox 522 5315 2113 5387; baseline 0.006 -23"><span class='ocrx_word' id='word_1_787' title='bbox 522 5319 771 5382; x_wconf 88' lang='lat' dir='ltr'><strong>quuntur</strong></span> <span class='ocrx_word' id='word_1_788' title='bbox 819 5315 1171 5381; x_wconf 70' lang='lat' dir='ltr'><strong>conveniant,</strong></span> <span class='ocrx_word' id='word_1_789' title='bbox 1204 5317 1260 5371; x_wconf 89' lang='lat' dir='ltr'><strong>in</strong></span> <span class='ocrx_word' id='word_1_790' title='bbox 1296 5316 1500 5387; x_wconf 90' lang='lat' dir='ltr'><strong>quibus</strong></span> <span class='ocrx_word' id='word_1_791' title='bbox 1531 5317 1740 5373; x_wconf 90' lang='lat' dir='ltr'><strong>dictum</strong></span> <span class='ocrx_word' id='word_1_792' title='bbox 1781 5327 1868 5375; x_wconf 89' lang='lat' dir='ltr'><strong>est</strong></span> <span class='ocrx_word' id='word_1_793' title='bbox 1899 5337 1915 5373; x_wconf 88' lang='lat'><strong>:</strong></span> <span class='ocrx_word' id='word_1_794' title='bbox 1950 5338 1970 5371; x_wconf 79' lang='grc' dir='ltr'>ι</span> <span class='ocrx_word' id='word_1_795' title='bbox 2002 5316 2113 5373; x_wconf 83' lang='lat' dir='ltr'><strong>Do-</strong></span> 
     </span>
    </p>
   </div>
   <div class='ocr_carea' id='block_1_103' title="bbox 524 5402 2115 5481">
    <p class='ocr_par' dir='ltr' id='par_1_103' title="bbox 524 5402 2115 5481">
     <span class='ocr_line' id='line_1_103' title="bbox 524 5402 2115 5481; baseline 0.006 -25"><span class='ocrx_word' id='word_1_796' title='bbox 524 5402 711 5458; x_wconf 89' lang='lat' dir='ltr'><strong>minus</strong></span> <span class='ocrx_word' id='word_1_797' title='bbox 738 5404 876 5459; x_wconf 81' lang='lat' dir='ltr'><strong>dixit</strong></span> <span class='ocrx_word' id='word_1_798' title='bbox 923 5407 991 5461; x_wconf 90' lang='lat' dir='ltr'><strong>ad</strong></span> <span class='ocrx_word' id='word_1_799' title='bbox 1017 5423 1103 5463; x_wconf 90' lang='lat' dir='ltr'><strong>me</strong></span> <span class='ocrx_word' id='word_1_800' title='bbox 1136 5427 1149 5463; x_wconf 92' lang='lat'><strong>:</strong></span> <span class='ocrx_word' id='word_1_801' title='bbox 1186 5407 1361 5465; x_wconf 83' lang='lat' dir='ltr'><strong>Filius</strong></span> <span class='ocrx_word' id='word_1_802' title='bbox 1409 5425 1566 5466; x_wconf 90' lang='lat' dir='ltr'><strong>meus</strong></span> <span class='ocrx_word' id='word_1_803' title='bbox 1596 5426 1657 5466; x_wconf 90' lang='lat' dir='ltr'><strong>es</strong></span> <span class='ocrx_word' id='word_1_804' title='bbox 1686 5417 1767 5476; x_wconf 92' lang='lat' dir='ltr'><strong>tu,</strong></span> <span class='ocrx_word' id='word_1_805' title='bbox 1802 5425 1904 5481; x_wconf 86' lang='lat' dir='ltr'><strong>ego</strong></span> <span class='ocrx_word' id='word_1_806' title='bbox 1952 5410 2115 5466; x_wconf 89' lang='lat' dir='ltr'><strong>hodie</strong></span> 
     </span>
    </p>
   </div>
   <div class='ocr_carea' id='block_1_104' title="bbox 525 5493 2117 5574">
    <p class='ocr_par' dir='ltr' id='par_1_104' title="bbox 525 5493 2117 5574">
     <span class='ocr_line' id='line_1_104' title="bbox 525 5493 2117 5574; baseline 0.006 -26"><span class='ocrx_word' id='word_1_807' title='bbox 525 5493 689 5563; x_wconf 80' lang='lat' dir='ltr'><strong>genui</strong></span> <span class='ocrx_word' id='word_1_808' title='bbox 736 5501 790 5550; x_wconf 92' lang='lat' dir='ltr'><strong>te</strong></span> <span class='ocrx_word' id='word_1_809' title='bbox 815 5513 830 5551; x_wconf 93' lang='lat'><strong>:</strong></span> <span class='ocrx_word' id='word_1_810' title='bbox 851 5498 1066 5567; x_wconf 83' lang='lat' dir='ltr'><strong>postula</strong></span> <span class='ocrx_word' id='word_1_811' title='bbox 1105 5513 1138 5553; x_wconf 85' lang='lat' dir='ltr'><strong>a</strong></span> <span class='ocrx_word' id='word_1_812' title='bbox 1170 5515 1258 5556; x_wconf 89' lang='lat' dir='ltr'><strong>me</strong></span> <span class='ocrx_word' id='word_1_813' title='bbox 1282 5508 1337 5555; x_wconf 90' lang='lat' dir='ltr'><strong>et</strong></span> <span class='ocrx_word' id='word_1_814' title='bbox 1359 5500 1502 5557; x_wconf 89' lang='lat' dir='ltr'><strong>dabo</strong></span> <span class='ocrx_word' id='word_1_815' title='bbox 1532 5501 1633 5557; x_wconf 91' lang='lat' dir='ltr'><strong>tibi</strong></span> <span class='ocrx_word' id='word_1_816' title='bbox 1657 5509 1848 5574; x_wconf 90' lang='lat' dir='ltr'><strong>gentes</strong></span> <span class='ocrx_word' id='word_1_817' title='bbox 1884 5501 2117 5559; x_wconf 67' lang='lat' dir='ltr'><strong>haeredi-</strong></span> 
     </span>
    </p>
   </div>
   <div class='ocr_carea' id='block_1_105' title="bbox 524 5591 2110 5663">
    <p class='ocr_par' dir='ltr' id='par_1_105' title="bbox 524 5591 2110 5663">
     <span class='ocr_line' id='line_1_105' title="bbox 524 5591 2110 5663; baseline 0.005 -24"><span class='ocrx_word' id='word_1_818' title='bbox 524 5591 692 5639; x_wconf 79' lang='lat' dir='ltr'><strong>tatcm</strong></span> <span class='ocrx_word' id='word_1_819' title='bbox 724 5593 966 5655; x_wconf 78' lang='lat' dir='ltr'><strong>tuam,et</strong></span> <span class='ocrx_word' id='word_1_820' title='bbox 987 5592 1396 5660; x_wconf 80' lang='lat' dir='ltr'><strong>possessionem</strong></span> <span class='ocrx_word' id='word_1_821' title='bbox 1418 5601 1570 5649; x_wconf 90' lang='lat' dir='ltr'><strong>tuam</strong></span> <span class='ocrx_word' id='word_1_822' title='bbox 1587 5595 1855 5651; x_wconf 88' lang='lat' dir='ltr'><strong>terminos</strong></span> <span class='ocrx_word' id='word_1_823' title='bbox 1881 5602 2069 5663; x_wconf 70' lang='lat' dir='ltr'><strong>terrae;</strong></span> <span class='ocrx_word' id='word_1_824' title='bbox 2092 5615 2110 5647; x_wconf 73' lang='grc' dir='ltr'>ι</span> 
     </span>
    </p>
   </div>
   <div class='ocr_carea' id='block_1_106' title="bbox 523 5675 2118 5753">
    <p class='ocr_par' dir='ltr' id='par_1_106' title="bbox 523 5675 2118 5753">
     <span class='ocr_line' id='line_1_106' title="bbox 523 5675 2118 5753; baseline 0.011 -22"><span class='ocrx_word' id='word_1_825' title='bbox 523 5675 727 5733; x_wconf 82' lang='lat' dir='ltr'><strong>etenim</strong></span> <span class='ocrx_word' id='word_1_826' title='bbox 762 5676 880 5735; x_wconf 70' lang='lat' dir='ltr'><strong>haec</strong></span> <span class='ocrx_word' id='word_1_827' title='bbox 921 5696 1140 5753; x_wconf 88' lang='lat' dir='ltr'><strong>quoque</strong></span> <span class='ocrx_word' id='word_1_828' title='bbox 1194 5683 1563 5744; x_wconf 87' lang='lat' dir='ltr'><strong>indubitatum</strong></span> <span class='ocrx_word' id='word_1_829' title='bbox 1615 5690 1670 5746; x_wconf 91' lang='lat' dir='ltr'><strong>in</strong></span> <span class='ocrx_word' id='word_1_830' title='bbox 1692 5706 1801 5748; x_wconf 87' lang='lat' dir='ltr'><strong>uno</strong></span> <span class='ocrx_word' id='word_1_831' title='bbox 1832 5690 1925 5747; x_wconf 93' lang='lat' dir='ltr'><strong>illo</strong></span> <span class='ocrx_word' id='word_1_832' title='bbox 1956 5705 2118 5748; x_wconf 75' lang='lat' dir='ltr'><strong>cven~</strong></span> 
     </span>
    </p>
   </div>
   <div class='ocr_carea' id='block_1_107' title="bbox 601 5831 1528 5907">
    <p class='ocr_par' dir='ltr' id='par_1_107' title="bbox 601 5831 1528 5907">
     <span class='ocr_line' id='line_1_107' title="bbox 601 5831 1528 5907; baseline 0.016 -20"><span class='ocrx_word' id='word_1_833' title='bbox 601 5831 816 5893; x_wconf 77' lang='lat' dir='ltr'><strong>&quot;Psal.</strong></span> <span class='ocrx_word' id='word_1_834' title='bbox 862 5854 923 5907; x_wconf 83' lang='grc' dir='ltr'>ιι,</span> <span class='ocrx_word' id='word_1_835' title='bbox 976 5837 1087 5895; x_wconf 75' lang='grc' dir='ltr'><strong>ιε.</strong></span> <span class='ocrx_word' id='word_1_836' title='bbox 1165 5841 1369 5899; x_wconf 65' lang='lat' dir='ltr'><strong>&quot;ibid.</strong></span> <span class='ocrx_word' id='word_1_837' title='bbox 1412 5843 1528 5902; x_wconf 62' lang='grc' dir='ltr'><strong>ινδ.</strong></span> 
     </span>
    </p>
   </div>
   <div class='ocr_carea' id='block_1_108' title="bbox 2222 4653 3805 4740">
    <p class='ocr_par' dir='ltr' id='par_1_108' title="bbox 2222 4653 3805 4740">
     <span class='ocr_line' id='line_1_108' title="bbox 2222 4653 3805 4740; baseline -0.011 -17"><span class='ocrx_word' id='word_1_838' title='bbox 2222 4669 2341 4740; x_wconf 86' lang='grc' dir='ltr'>γίου</span> <span class='ocrx_word' id='word_1_839' title='bbox 2361 4688 2376 4703; x_wconf 86' lang='grc'><strong>·</strong></span> <span class='ocrx_word' id='word_1_840' title='bbox 2412 4688 2429 4720; x_wconf 77' lang='grc' dir='ltr'>ι</span> <span class='ocrx_word' id='word_1_841' title='bbox 2461 4668 2823 4740; x_wconf 85' lang='grc' dir='ltr'>Παρέστησαν</span> <span class='ocrx_word' id='word_1_842' title='bbox 2852 4666 2903 4721; x_wconf 80' lang='lat' dir='ltr'><strong>oi</strong></span> <span class='ocrx_word' id='word_1_843' title='bbox 2944 4663 3185 4736; x_wconf 84' lang='grc' dir='ltr'>βασιλεῖς</span> <span class='ocrx_word' id='word_1_844' title='bbox 3211 4661 3310 4731; x_wconf 80' lang='grc' dir='ltr'>τῆς</span> <span class='ocrx_word' id='word_1_845' title='bbox 3342 4658 3468 4728; x_wconf 76' lang='grc' dir='ltr'>γῆς,</span> <span class='ocrx_word' id='word_1_846' title='bbox 3500 4655 3594 4709; x_wconf 71' lang='grc' dir='ltr'>καὶ</span> <span class='ocrx_word' id='word_1_847' title='bbox 3623 4656 3672 4707; x_wconf 86' lang='grc' dir='ltr'><strong>οἱ</strong></span> <span class='ocrx_word' id='word_1_848' title='bbox 3703 4653 3805 4725; x_wconf 79' lang='grc' dir='ltr'><strong>ἆρ-</strong></span> 
     </span>
    </p>
   </div>
   <div class='ocr_carea' id='block_1_109' title="bbox 2222 4744 3808 4837">
    <p class='ocr_par' dir='ltr' id='par_1_109' title="bbox 2222 4744 3808 4837">
     <span class='ocr_line' id='line_1_109' title="bbox 2222 4744 3808 4837; baseline -0.015 -17"><span class='ocrx_word' id='word_1_849' title='bbox 2222 4781 2409 4837; x_wconf 86' lang='grc' dir='ltr'>χοντες</span> <span class='ocrx_word' id='word_1_850' title='bbox 2436 4761 2780 4835; x_wconf 81' lang='grc' dir='ltr'>συνήχθησαν</span> <span class='ocrx_word' id='word_1_851' title='bbox 2810 4759 2903 4814; x_wconf 80' lang='grc' dir='ltr'>ἐπὶ</span> <span class='ocrx_word' id='word_1_852' title='bbox 2924 4758 2986 4812; x_wconf 81' lang='grc' dir='ltr'><strong>τὸ</strong></span> <span class='ocrx_word' id='word_1_853' title='bbox 3015 4754 3149 4812; x_wconf 78' lang='grc' dir='ltr'><strong>αὐτὸ</strong></span> <span class='ocrx_word' id='word_1_854' title='bbox 3172 4754 3310 4810; x_wconf 83' lang='grc' dir='ltr'>κατὰ</span> <span class='ocrx_word' id='word_1_855' title='bbox 3342 4748 3436 4807; x_wconf 90' lang='grc' dir='ltr'>τοῦ</span> <span class='ocrx_word' id='word_1_856' title='bbox 3469 4748 3674 4821; x_wconf 84' lang='grc' dir='ltr'>Κυρίου</span> <span class='ocrx_word' id='word_1_857' title='bbox 3714 4744 3808 4799; x_wconf 79' lang='grc' dir='ltr'>καὶ</span> 
     </span>
    </p>
   </div>
   <div class='ocr_carea' id='block_1_110' title="bbox 2223 4838 3808 4926">
    <p class='ocr_par' dir='ltr' id='par_1_110' title="bbox 2223 4838 3808 4926">
     <span class='ocr_line' id='line_1_110' title="bbox 2223 4838 3808 4926; baseline -0.014 -14"><span class='ocrx_word' id='word_1_858' title='bbox 2223 4856 2367 4912; x_wconf 90' lang='grc' dir='ltr'><strong>κατά</strong></span> <span class='ocrx_word' id='word_1_859' title='bbox 2386 4856 2480 4910; x_wconf 90' lang='grc' dir='ltr'>τοῦ</span> <span class='ocrx_word' id='word_1_860' title='bbox 2502 4852 2737 4926; x_wconf 87' lang='grc' dir='ltr'>Χριστοῦ</span> <span class='ocrx_word' id='word_1_861' title='bbox 2762 4850 2961 4918; x_wconf 62' lang='lat' dir='ltr'><strong>aurai;</strong></span> <span class='ocrx_word' id='word_1_862' title='bbox 2992 4869 3010 4903; x_wconf 76' lang='grc' dir='ltr'>ι</span> <span class='ocrx_word' id='word_1_863' title='bbox 3043 4848 3208 4918; x_wconf 83' lang='grc' dir='ltr'>Μόνῳ</span> <span class='ocrx_word' id='word_1_864' title='bbox 3229 4846 3284 4899; x_wconf 82' lang='grc' dir='ltr'>δὲ</span> <span class='ocrx_word' id='word_1_865' title='bbox 3301 4842 3449 4914; x_wconf 80' lang='grc' dir='ltr'>αὐτῷ</span> <span class='ocrx_word' id='word_1_866' title='bbox 3477 4841 3569 4897; x_wconf 60' lang='grc' dir='ltr'><strong>κοιλ⁵</strong></span> <span class='ocrx_word' id='word_1_867' title='bbox 3594 4838 3665 4893; x_wconf 85' lang='grc' dir='ltr'><strong>τά</strong></span> <span class='ocrx_word' id='word_1_868' title='bbox 3689 4839 3808 4891; x_wconf 84' lang='grc' dir='ltr'>ἐπι-</span> 
     </span>
    </p>
   </div>
   <div class='ocr_carea' id='block_1_111' title="bbox 2223 4927 3804 5021">
    <p class='ocr_par' dir='ltr' id='par_1_111' title="bbox 2223 4927 3804 5021">
     <span class='ocr_line' id='line_1_111' title="bbox 2223 4927 3804 5021; baseline -0.015 -18"><span class='ocrx_word' id='word_1_869' title='bbox 2223 4948 2502 5021; x_wconf 87' lang='grc' dir='ltr'>φερόμενα</span> <span class='ocrx_word' id='word_1_870' title='bbox 2550 4945 2810 5017; x_wconf 85' lang='grc' dir='ltr'>ἁρμόττοι</span> <span class='ocrx_word' id='word_1_871' title='bbox 2843 4942 2909 4997; x_wconf 80' lang='grc' dir='ltr'>ἂν</span> <span class='ocrx_word' id='word_1_872' title='bbox 2940 4940 3035 4995; x_wconf 92' lang='grc' dir='ltr'>τοῦ</span> <span class='ocrx_word' id='word_1_873' title='bbox 3076 4935 3293 5010; x_wconf 81' lang='grc' dir='ltr'>ψαλμοῦ</span> <span class='ocrx_word' id='word_1_874' title='bbox 3335 4935 3403 4990; x_wconf 83' lang='grc' dir='ltr'><strong>δι’</strong></span> <span class='ocrx_word' id='word_1_875' title='bbox 3431 4927 3506 4987; x_wconf 85' lang='grc' dir='ltr'><strong>ὦν</strong></span> <span class='ocrx_word' id='word_1_876' title='bbox 3545 4931 3762 5001; x_wconf 74' lang='grc' dir='ltr'>εἴρηται</span> <span class='ocrx_word' id='word_1_877' title='bbox 3786 4944 3804 4958; x_wconf 76' lang='grc' dir='ltr'><strong>ο</strong></span> 
     </span>
    </p>
   </div>
   <div class='ocr_carea' id='block_1_112' title="bbox 2228 5024 3806 5112">
    <p class='ocr_par' dir='ltr' id='par_1_112' title="bbox 2228 5024 3806 5112">
     <span class='ocr_line' id='line_1_112' title="bbox 2228 5024 3806 5112; baseline -0.015 -17"><span class='ocrx_word' id='word_1_878' title='bbox 2228 5061 2246 5093; x_wconf 81' lang='grc' dir='ltr'>ι</span> <span class='ocrx_word' id='word_1_879' title='bbox 2276 5039 2479 5112; x_wconf 81' lang='grc' dir='ltr'>Κύριος</span> <span class='ocrx_word' id='word_1_880' title='bbox 2503 5034 2623 5093; x_wconf 85' lang='grc' dir='ltr'>εἷπε</span> <span class='ocrx_word' id='word_1_881' title='bbox 2650 5038 2788 5110; x_wconf 82' lang='grc' dir='ltr'>πρὸς</span> <span class='ocrx_word' id='word_1_882' title='bbox 2819 5036 2913 5108; x_wconf 74' lang='grc' dir='ltr'>με’</span> <span class='ocrx_word' id='word_1_883' title='bbox 2947 5034 3075 5099; x_wconf 79' lang='grc' dir='ltr'>Υἱός</span> <span class='ocrx_word' id='word_1_884' title='bbox 3110 5049 3211 5104; x_wconf 86' lang='grc' dir='ltr'>μου</span> <span class='ocrx_word' id='word_1_885' title='bbox 3240 5025 3291 5083; x_wconf 84' lang='grc' dir='ltr'>εἷ</span> <span class='ocrx_word' id='word_1_886' title='bbox 3310 5029 3397 5093; x_wconf 73' lang='grc' dir='ltr'>σὺ,</span> <span class='ocrx_word' id='word_1_887' title='bbox 3431 5024 3541 5096; x_wconf 88' lang='grc' dir='ltr'><strong>ἐγὼ</strong></span> <span class='ocrx_word' id='word_1_888' title='bbox 3569 5025 3806 5096; x_wconf 81' lang='grc' dir='ltr'>σήμερον</span> 
     </span>
    </p>
   </div>
   <div class='ocr_carea' id='block_1_113' title="bbox 2222 5115 3804 5206">
    <p class='ocr_par' dir='ltr' id='par_1_113' title="bbox 2222 5115 3804 5206">
     <span class='ocr_line' id='line_1_113' title="bbox 2222 5115 3804 5206; baseline -0.013 -17"><span class='ocrx_word' id='word_1_889' title='bbox 2222 5133 2527 5206; x_wconf 76' lang='grc' dir='ltr'>γεγέννηκά</span> <span class='ocrx_word' id='word_1_890' title='bbox 2556 5150 2636 5189; x_wconf 91' lang='grc' dir='ltr'><strong>σε.</strong></span> <span class='ocrx_word' id='word_1_891' title='bbox 2671 5131 2902 5203; x_wconf 77' lang='grc' dir='ltr'>Αίτησαι</span> <span class='ocrx_word' id='word_1_892' title='bbox 2934 5130 3062 5201; x_wconf 78' lang='grc' dir='ltr'>παρ’</span> <span class='ocrx_word' id='word_1_893' title='bbox 3089 5124 3247 5199; x_wconf 88' lang='grc' dir='ltr'>ἐμοῦ,</span> <span class='ocrx_word' id='word_1_894' title='bbox 3270 5122 3364 5177; x_wconf 68' lang='grc' dir='ltr'><strong>καὶ</strong></span> <span class='ocrx_word' id='word_1_895' title='bbox 3393 5121 3548 5175; x_wconf 84' lang='grc' dir='ltr'>δώσω</span> <span class='ocrx_word' id='word_1_896' title='bbox 3572 5135 3654 5172; x_wconf 92' lang='grc' dir='ltr'>σοι</span> <span class='ocrx_word' id='word_1_897' title='bbox 3676 5115 3804 5187; x_wconf 76' lang='grc' dir='ltr'>ἔθνη</span> 
     </span>
    </p>
   </div>
   <div class='ocr_carea' id='block_1_114' title="bbox 2222 5206 3810 5297">
    <p class='ocr_par' dir='ltr' id='par_1_114' title="bbox 2222 5206 3810 5297">
     <span class='ocr_line' id='line_1_114' title="bbox 2222 5206 3810 5297; baseline -0.011 -19"><span class='ocrx_word' id='word_1_898' title='bbox 2222 5226 2320 5297; x_wconf 85' lang='grc' dir='ltr'><strong>τὴν</strong></span> <span class='ocrx_word' id='word_1_899' title='bbox 2372 5223 2736 5297; x_wconf 87' lang='grc' dir='ltr'>κληρονομίαν</span> <span class='ocrx_word' id='word_1_900' title='bbox 2784 5238 2901 5284; x_wconf 86' lang='grc' dir='ltr'>σου,</span> <span class='ocrx_word' id='word_1_901' title='bbox 2938 5218 3034 5272; x_wconf 79' lang='grc' dir='ltr'>καὶ</span> <span class='ocrx_word' id='word_1_902' title='bbox 3074 5216 3173 5289; x_wconf 85' lang='grc' dir='ltr'><strong>τὴν</strong></span> <span class='ocrx_word' id='word_1_903' title='bbox 3224 5211 3552 5285; x_wconf 73' lang='grc' dir='ltr'>κατάσχεσιν</span> <span class='ocrx_word' id='word_1_904' title='bbox 3596 5225 3691 5262; x_wconf 92' lang='grc' dir='ltr'>σου</span> <span class='ocrx_word' id='word_1_905' title='bbox 3737 5206 3810 5260; x_wconf 83' lang='grc' dir='ltr'><strong>τά</strong></span> 
     </span>
    </p>
   </div>
   <div class='ocr_carea' id='block_1_115' title="bbox 2224 5300 3809 5389">
    <p class='ocr_par' dir='ltr' id='par_1_115' title="bbox 2224 5300 3809 5389">
     <span class='ocr_line' id='line_1_115' title="bbox 2224 5300 3809 5389; baseline -0.01 -20"><span class='ocrx_word' id='word_1_906' title='bbox 2224 5316 2438 5389; x_wconf 83' lang='grc' dir='ltr'>πέρατα</span> <span class='ocrx_word' id='word_1_907' title='bbox 2476 5316 2575 5387; x_wconf 87' lang='grc' dir='ltr'><strong>τῆς</strong></span> <span class='ocrx_word' id='word_1_908' title='bbox 2602 5316 2725 5386; x_wconf 80' lang='grc' dir='ltr'>γῆς.</span> <span class='ocrx_word' id='word_1_909' title='bbox 2757 5335 2774 5366; x_wconf 72' lang='grc' dir='ltr'>ι</span> <span class='ocrx_word' id='word_1_910' title='bbox 2810 5312 2922 5367; x_wconf 73' lang='grc' dir='ltr'><strong>Καὶ</strong></span> <span class='ocrx_word' id='word_1_911' title='bbox 2946 5310 3056 5384; x_wconf 86' lang='grc' dir='ltr'>γάρ</span> <span class='ocrx_word' id='word_1_912' title='bbox 3082 5311 3179 5364; x_wconf 76' lang='grc' dir='ltr'><strong>καὶ</strong></span> <span class='ocrx_word' id='word_1_913' title='bbox 3206 5305 3376 5362; x_wconf 89' lang='grc' dir='ltr'>ταῦτα</span> <span class='ocrx_word' id='word_1_914' title='bbox 3406 5300 3809 5377; x_wconf 74' lang='grc' dir='ltr'>ἀναμῳίλεκτον</span> 
     </span>
    </p>
   </div>
   <div class='ocr_carea' id='block_1_116' title="bbox 2224 5392 3809 5481">
    <p class='ocr_par' dir='ltr' id='par_1_116' title="bbox 2224 5392 3809 5481">
     <span class='ocr_line' id='line_1_116' title="bbox 2224 5392 3809 5481; baseline -0.001 -18"><span class='ocrx_word' id='word_1_915' title='bbox 2224 5410 2317 5463; x_wconf 76' lang='grc' dir='ltr'>ἐπὶ</span> <span class='ocrx_word' id='word_1_916' title='bbox 2349 5409 2512 5481; x_wconf 89' lang='grc' dir='ltr'>μόνου</span> <span class='ocrx_word' id='word_1_917' title='bbox 2539 5406 2705 5462; x_wconf 77' lang='grc' dir='ltr'>αὐτοῦ</span> <span class='ocrx_word' id='word_1_918' title='bbox 2736 5406 2835 5478; x_wconf 82' lang='grc' dir='ltr'><strong>τὴν</strong></span> <span class='ocrx_word' id='word_1_919' title='bbox 2868 5403 3091 5459; x_wconf 79' lang='grc' dir='ltr'>ἔκϐασιν</span> <span class='ocrx_word' id='word_1_920' title='bbox 3114 5401 3210 5473; x_wconf 80' lang='grc' dir='ltr'><strong>τῆς</strong></span> <span class='ocrx_word' id='word_1_921' title='bbox 3240 5395 3574 5471; x_wconf 73' lang='grc' dir='ltr'>προφητείας</span> <span class='ocrx_word' id='word_1_922' title='bbox 3594 5392 3809 5464; x_wconf 59' lang='lat' dir='ltr'><strong>civem.&quot;</strong></span> 
     </span>
    </p>
   </div>
   <div class='ocr_carea' id='block_1_117' title="bbox 2224 5484 3808 5572">
    <p class='ocr_par' dir='ltr' id='par_1_117' title="bbox 2224 5484 3808 5572">
     <span class='ocr_line' id='line_1_117' title="bbox 2224 5484 3808 5572; baseline -0.013 -16"><span class='ocrx_word' id='word_1_923' title='bbox 2224 5520 2347 5572; x_wconf 86' lang='grc' dir='ltr'>φεν,</span> <span class='ocrx_word' id='word_1_924' title='bbox 2367 5504 2457 5556; x_wconf 83' lang='grc' dir='ltr'>ὅτε</span> <span class='ocrx_word' id='word_1_925' title='bbox 2480 5501 2587 5556; x_wconf 89' lang='grc' dir='ltr'><strong>τῶν</strong></span> <span class='ocrx_word' id='word_1_926' title='bbox 2614 5499 2779 5556; x_wconf 79' lang='grc' dir='ltr'>αὑτοῦ</span> <span class='ocrx_word' id='word_1_927' title='bbox 2806 5496 3065 5571; x_wconf 84' lang='grc' dir='ltr'>μαθητῶν</span> <span class='ocrx_word' id='word_1_928' title='bbox 3084 5498 3164 5559; x_wconf 84' lang='grc' dir='ltr'>εἰς</span> <span class='ocrx_word' id='word_1_929' title='bbox 3190 5495 3370 5548; x_wconf 80' lang='grc' dir='ltr'>πᾶσαν</span> <span class='ocrx_word' id='word_1_930' title='bbox 3398 5489 3494 5562; x_wconf 83' lang='grc' dir='ltr'><strong>τὴν</strong></span> <span class='ocrx_word' id='word_1_931' title='bbox 3523 5489 3625 5562; x_wconf 81' lang='grc' dir='ltr'><strong>γῆν</strong></span> <span class='ocrx_word' id='word_1_932' title='bbox 3652 5484 3808 5554; x_wconf 75' lang='grc' dir='ltr'>ἐξῆλ-</span> 
     </span>
    </p>
   </div>
   <div class='ocr_carea' id='block_1_118' title="bbox 2225 5576 3808 5666">
    <p class='ocr_par' dir='ltr' id='par_1_118' title="bbox 2225 5576 3808 5666">
     <span class='ocr_line' id='line_1_118' title="bbox 2225 5576 3808 5666; baseline -0.014 -14"><span class='ocrx_word' id='word_1_933' title='bbox 2225 5597 2317 5651; x_wconf 90' lang='grc' dir='ltr'><strong>θεν</strong></span> <span class='ocrx_word' id='word_1_934' title='bbox 2348 5600 2377 5651; x_wconf 87' lang='grc' dir='ltr'>ὁ</span> <span class='ocrx_word' id='word_1_935' title='bbox 2409 5595 2666 5666; x_wconf 79' lang='grc' dir='ltr'>φθόγγος,</span> <span class='ocrx_word' id='word_1_936' title='bbox 2692 5595 2785 5649; x_wconf 72' lang='grc' dir='ltr'><strong>καὶ</strong></span> <span class='ocrx_word' id='word_1_937' title='bbox 2808 5595 2888 5657; x_wconf 81' lang='grc' dir='ltr'>εἰς</span> <span class='ocrx_word' id='word_1_938' title='bbox 2916 5591 2986 5645; x_wconf 81' lang='grc' dir='ltr'><strong>τὰ</strong></span> <span class='ocrx_word' id='word_1_939' title='bbox 3011 5589 3222 5661; x_wconf 78' lang='grc' dir='ltr'>πέρατα</span> <span class='ocrx_word' id='word_1_940' title='bbox 3255 5586 3354 5657; x_wconf 82' lang='grc' dir='ltr'><strong>τῆς</strong></span> <span class='ocrx_word' id='word_1_941' title='bbox 3378 5578 3704 5653; x_wconf 81' lang='grc' dir='ltr'>οἰκουμένης</span> <span class='ocrx_word' id='word_1_942' title='bbox 3748 5576 3808 5631; x_wconf 79' lang='grc' dir='ltr'><strong>τά</strong></span> 
     </span>
    </p>
   </div>
   <div class='ocr_carea' id='block_1_119' title="bbox 2229 5667 3811 5763">
    <p class='ocr_par' dir='ltr' id='par_1_119' title="bbox 2229 5667 3811 5763">
     <span class='ocr_line' id='line_1_119' title="bbox 2229 5667 3811 5763; baseline -0.01 -20"><span class='ocrx_word' id='word_1_943' title='bbox 2229 5692 2450 5763; x_wconf 73' lang='grc' dir='ltr'>ῥήματα</span> <span class='ocrx_word' id='word_1_944' title='bbox 2486 5689 2685 5745; x_wconf 73' lang='grc' dir='ltr'>αὐτῶν.</span> <span class='ocrx_word' id='word_1_945' title='bbox 2719 5708 2735 5739; x_wconf 86' lang='grc'><strong>›</strong></span> <span class='ocrx_word' id='word_1_946' title='bbox 2771 5684 3076 5759; x_wconf 71' lang='grc' dir='ltr'>Διαρρήδην</span> <span class='ocrx_word' id='word_1_947' title='bbox 3123 5682 3177 5738; x_wconf 81' lang='grc' dir='ltr'>δὲ</span> <span class='ocrx_word' id='word_1_948' title='bbox 3223 5679 3313 5734; x_wconf 71' lang='grc' dir='ltr'>τὸν</span> <span class='ocrx_word' id='word_1_949' title='bbox 3345 5674 3580 5750; x_wconf 71' lang='grc' dir='ltr'>Χριστὸν</span> <span class='ocrx_word' id='word_1_950' title='bbox 3613 5667 3811 5744; x_wconf 65' lang='grc' dir='ltr'>ὀνομά-</span> 
     </span>
    </p>
   </div>
  </div>
