4158 6418
499 349 601 408 3H

1143 345 1414 404 EUSEBII
1445 343 1932 402 CAESARIENSIS
1968 342 2072 399 ΟΡ]

2175 342 2357 398 ’ARS.
2399 341 2461 398 11.
2507 373 2574 382 -—
2599 341 3102 401 APOLOGETICA.

3673 343 3778 397 31?.

502 472 637 529 illud
683 470 940 534 dicimus,
982 486 1001 518 ε
1040 474 1094 521 et
1143 467 1198 520 in
1252 466 1473 520 nomine
1500 463 1596 520 Dei
1631 464 1805 520 nostri
1835 462 2072 533 magniﬁ-

2194 461 2319 514 στὸν
2351 459 2519 514 αὐτοῦ
2541 499 2554 523 ,
2584 478 2604 510 ›
2632 460 2705 530 μὴ
2729 458 2898 513 πάλαι
2920 459 3075 513 τοῦτο
3103 457 3324 522 εἰδότες,
3357 456 3406 509 εἰ
3435 455 3509 527 μὴ
3539 455 3627 510 ὅτε
3654 458 3780 528 πρά

498 565 750 619 cabimur
781 581 794 617 :
831 568 887 615 et
945 561 1169 629 impleat
1229 557 1495 613 Dominus
1549 572 1741 612 omnes
1796 556 2086 626 petitiones

498 663 623 710 tuas
641 654 706 710 ⁸⁷.
739 672 758 705 ›
802 651 933 706 Post
995 651 1111 704 haec
1165 649 1371 715 omnia,
1400 649 1662 703 docemur
1701 647 1835 702 illud
1867 661 2086 717 quoque

2192 570 2350 624 τερον
2378 552 2439 605 τὸ
2468 553 2731 624 σωτήριον
2753 551 2917 606 αὑτοῦ
2941 551 3277 622 συνὴκαμεν,
3303 550 3402 620 τῆς
3429 547 3778 613 ἀναστάσεως

2195 643 2360 698 αὐτοῦ
2393 643 2491 715 τὴν
2527 642 2753 714 δύναμιν
2781 644 3232 714 κατανοήσαντες.

497 752 724 804 dicere:
765 765 784 798 ‹
822 745 980 800 Nunc
1026 745 1258 816 cognovi
1292 744 1439 814 quod
1470 744 1682 799 salvum
1724 742 1855 798 fecit
1903 740 2168 796 Dominus
2234 741 2515 796 Christum
2557 755 2714 796 suum
2770 738 2844 804 ⁴⁸;
2890 758 2907 789 ι
2941 738 3142 808 quippe
3207 736 3298 808 qui
3335 750 3446 790 non
3477 734 3632 805 prius
3669 733 3776 787 hoc

498 839 950 904 intellexerimus,
1005 852 1169 907 quam
1218 835 1313 891 ubi
1369 835 1614 890 salutare
1680 833 1800 904 ejus
1845 832 2258 903 agnoverimus,
2323 842 2378 890 et
2434 831 2854 890 resurrectionis
2906 831 3055 887 illius
3104 830 3362 885 virtutem
3431 826 3777 899 perspexeri-

497 947 642 985 111118.

496 1048 541 1101 Α
583 1046 790 1116 psalmo
818 1060 1007 1116 ~xxvn.
1038 1074 1108 1082 —
1139 1042 1384 1098 Christus
1438 1043 1748 1116 nominatim
1798 1039 2085 1096 Dominum

810 1114 1029 1169 Patrem
1066 1126 1118 1168 et
1157 1123 1498 1184 protectorem
1532 1114 1771 1181 adeptus.

575 1229 594 1261 ι
622 1208 891 1264 Dominus
935 1208 1284 1262 conlirmatio
1323 1206 1512 1277 populi
1557 1206 1666 1270 sui,
1716 1213 1769 1260 et
1807 1210 2085 1274 protector

498 1301 863 1357 salvationum
895 1299 1100 1354 Christi
1150 1298 1237 1354 sui
1282 1304 1368 1353 est
1391 1298 1458 1352 δ’.
1492 1315 1512 1349 ι
1552 1296 1652 1350 Hic
1679 1310 1898 1366 quoque
1937 1294 2085 1364 psal-

498 1407 644 1459 mus,
675 1393 768 1462 qui
795 1407 940 1446 nunc
968 1398 1053 1445 est
1083 1389 1140 1443 in
1166 1389 1442 1453 manibus,
1483 1388 1550 1444 ad
1580 1389 1862 1445 Christum
1885 1387 2078 1442 referri

497 1484 666 1548 solet,
691 1485 892 1554 quippe
922 1482 1014 1552 qui
1037 1496 1157 1535 eam
1189 1495 1406 1550 precem
1434 1480 1714 1535 contineat
1736 1493 1898 1549 quam
1919 1476 2079 1532 Chri-

499 1584 641 1641 stus,
696 1591 806 1646 quo
858 1585 1103 1644 tempore
1151 1587 1419 1643 passurus
1472 1579 1614 1637 erat,
1665 1580 1920 1642 precatus
1973 1579 2076 1625 est.

495 1666 734 1721 Proinde
787 1666 946 1720 initio
999 1664 1242 1734 psalmus
1282 1665 1397 1718 haec
1436 1663 1642 1718 habet:
1676 1661 1803 1732 r‘Ad
1849 1669 1923 1724 te,
1974 1660 2081 1713 Do-

497 1761 663 1823 mine,
704 1758 935 1812 clamavi
970 1775 983 1812 :
1016 1755 1158 1812 Deus
1179 1771 1355 1819 meus,
1402 1770 1471 1810 ne
1516 1754 1682 1811 sileas
1726 1767 1756 1806 a
1783 1767 1892 1815 me,
1919 1759 1974 1806 et
2005 1749 2082 1804 si-

497 1851 646 1906 milis
678 1850 799 1904 tiam
831 1848 1294 1904 descendentibus
1325 1846 1381 1901 in
1408 1846 1612 1900 lacum.
1644 1863 1663 1896 ι
1704 1843 1764 1898 in
1794 1843 1901 1896 line
1921 1854 2074 1906 vero,
2109 1870 2151 1927 Β

495 1940 644 1994 illius
673 1939 1134 1995 resurrectionem
1165 1955 1194 1992 a
1217 1937 1450 1994 mortuis
1479 1936 1648 2002 canit,
1674 1935 1864 1990 dicens
1891 1952 1903 1988 :
1934 1950 1953 1985 ι
1976 1932 2078 1987 Be-

494 2031 746 2088 nedictus
791 2031 1076 2094 Dominus,
1129 2031 1390 2103 quoniam
1432 2030 1714 2086 exaudivit
1747 2042 1938 2083 vocem
1982 2025 2078 2080 de-

491 2124 828 2192 precationis
855 2137 1008 2177 meae.
1039 2121 1306 2178 Dominus
1347 2119 1568 2190 adjutor
1606 2133 1762 2174 meus
1801 2125 1856 2172 et
1892 2123 2076 2187 prote-

491 2223 615 2269 ctor
643 2230 829 2281 meus;
872 2215 928 2269 in
960 2215 1055 2269 illo
1085 2221 1321 2285 speravit
1376 2228 1475 2268 cor
1518 2226 1722 2277 meum,
1766 2218 1820 2265 et
1854 2209 2076 2278 adjutus

491 2323 639 2364 sum.
678 2314 732 2362 et
778 2306 1027 2362 reﬂoruit
1068 2322 1199 2361 caro
1231 2322 1391 2362 mea:
1423 2313 1479 2360 et
1519 2320 1586 2360 ex
1635 2304 1917 2357 voluntate
1953 2312 2076 2354 mea

485 2397 795 2454 conﬁtebor
828 2399 875 2453 ei
901 2399 970 2451 5°.
1001 2418 1020 2452 ι
1075 2398 1290 2465 Quibus
1341 2397 1562 2452 divinus
1619 2401 1675 2451 ct
1719 2392 2074 2466 propheticus

491 2487 731 2558 Spiritus
771 2488 1021 2561 adiungit
1053 2507 1066 2544 ;
1107 2507 1125 2540 ι
1163 2488 1428 2544 Dominus
1482 2486 1831 2544 conﬁrmatio
1887 2484 2074 2557 populi

491 2583 600 2648 sui,
644 2590 924 2654 protector
976 2583 1345 2639 salvationum
1394 2581 1600 2638 Christi
1647 2581 1733 2636 sui
1767 2585 1873 2644 est,
1906 2599 1924 2632 ι
1978 2578 2073 2648 qui

487 2689 592 2730 nos
629 2675 853 2730 instruit
896 2674 1363 2746 quemadmodum
1397 2674 1581 2730 omnia
1617 2688 1741 2744 quae
1785 2672 1842 2728 in
1873 2669 2074 2727 divinis

487 2767 686 2824 iitteris
714 2767 916 2823 habent
946 2769 1382 2831 admirationem,
1417 2774 1472 2822 et
1499 2767 1703 2822 Christi
1733 2764 1954 2820 nomine
1987 2763 2074 2818 in-

488 2861 695 2932 scripta
745 2868 896 2924 sunt,
929 2869 985 2916 et
1023 2861 1091 2916 ad
1141 2861 1374 2918 salutem
1410 2860 1693 2915 hominum
1729 2865 1905 2928 gesta,
1957 2856 2074 2913 sive

488 2961 782 3024 praecepta,
827 2953 942 3008 sive
989 2953 1228 3025 negotia,
1263 2955 1378 3009 sive
1414 2952 1480 3006 ad
1526 2951 1985 3006 resurrectionem
2017 2949 2075 3004 il~

488 3047 596 3103 lius
629 3062 659 3099 a
699 3046 933 3102 mortuis
969 3045 1301 3116 pertinentia
1345 3045 1628 3116 mysteria,
1661 3043 1975 3112 cujusmodi
2006 3057 2073 3098 ea

488 3147 638 3202 sunt,
669 3138 737 3194 de
765 3140 966 3209 quibus
986 3153 1136 3194 nunc
1164 3139 1371 3209 agitur.
1398 3145 1534 3193 nutu
1567 3152 1631 3192 ac
1655 3137 1861 3193 virtute
1888 3135 2070 3192 Patris

2202 1036 2457 1106 Ψαλμοῡν
2504 1035 2604 1100 κζ’.
2633 1065 2702 1075 --
2735 1031 2988 1102 Χριστὸς
3027 1032 3314 1106 ὀνομαστί
3357 1032 3454 1106 καὶ
3497 1034 3606 1088 τὸν
3648 1038 3772 1093 Ha.

2397 1105 2536 1175 τέρα
2560 1108 2656 1160 καὶ
2681 1101 3141 1174 ὑπερασπιστὴν
3185 1103 3566 1173 κεκτημένος.

2268 1221 2286 1251 ι
2330 1199 2534 1271 Κύριος
2557 1198 2884 1271 κραταίωμα
2911 1194 3002 1249 τοῦ
3033 1193 3169 1248 λαοῦ·
3198 1195 3334 1259 ἐστι,
3359 1196 3452 1249 καὶ
3472 1197 3788 1268 ὑπερασπιοη

2192 1292 2322 1363 στὴς
2350 1290 2459 1345 τῶν
2488 1289 2771 1361 σωτηρίων
2803 1287 2895 1342 τοῦ
2923 1286 3159 1359 Χριστοῦ
3189 1285 3352 1340 αὐτοῦ
3375 1287 3510 1341 ἐστι.
3553 1308 3573 1341 ι
3603 1290 3713 1344 Καὶ
3739 1293 3785 1344 ό.

2191 1384 2328 1456 μετὰ
2380 1385 2569 1454 χεῖρας
2599 1381 2810 1452 ψαλμὸς
2871 1382 2952 1443 εἰς
2995 1379 3087 1433 τὸν
3135 1380 3369 1452 Χριστὸν
3413 1380 3766 1454 ἀναφέρεται,

2185 1476 2352 1532 αὑτοῦ
2410 1476 2474 1548 δὴ
2524 1474 2617 1528 τοῦ
2674 1473 2911 1546 Χριστοῦ
2969 1472 3236 1544 περιέχων
3264 1473 3450 1545 εὐχὴν,
3485 1474 3552 1545 ἣν
3614 1475 3768 1546 παρά

2184 1568 2276 1621 τὸν
2306 1565 2402 1619 τοῦ
2436 1565 2644 1629 πάθους
2690 1562 3039 1636 προσηύξατο
3089 1563 3299 1634 καιρόν.
3342 1564 3432 1616 Διὸ
3477 1565 3534 1616 ἐν
3567 1565 3665 1636 μὲν
3700 1569 3767 1637 τῇ

2185 1662 2428 1731 καταρχῇ
2464 1658 2556 1711 τοῦ
2581 1656 2794 1729 ψαλμοῦ
2843 1673 3007 1728 φησι·
3041 1673 3059 1707 ι
3094 1656 3240 1729 Πρὸς
3283 1657 3363 1719 σὲ,
3417 1657 3608 1728 Κύριε,
3644 1658 3769 1711 ἐκέ-

2185 1750 2394 1823 κραξα·
2449 1751 2478 1802 ό
2521 1749 2652 1813 Θεός
2703 1766 2826 1820 μου,
2861 1747 2935 1819 μὴ
2990 1749 3425 1819 παρασιωπήσῃς
3472 1748 3565 1802 ἀπ’
3609 1749 3780 1820 ἐμοῦ,

2185 1843 2279 1896 καὶ
2309 1841 2720 1913 όμοιωθήσομαι
2765 1843 2877 1904 τοῖς
2912 1839 3330 1894 καταϐαίνουσιν
3375 1843 3453 1905 είς
3478 1840 3699 1896 λάκκον.
3739 1861 3763 1896 ι

2179 1935 2323 2007 Πρὸς
2353 1935 2410 1987 δὲ
2437 1933 2514 2005 τῷ
2569 1933 2736 1998 τέλει,
2762 1931 2860 2004 τὴν
2908 1935 2973 1986 ὲκ
3018 1933 3228 2005 νεκρῶν
3271 1934 3566 1989 ἀνάστασιν
3601 1934 3766 1989 αὐτοῦ

2180 2025 2426 2091 θεσπίζει
2455 2024 2628 2094 λέγων
2653 2042 2666 2056 ·
2698 2043 2716 2077 ι
2758 2023 3067 2096 Εὐλογητὸς
3094 2024 3322 2097 Κύριος,
3356 2026 3438 2078 ὅτι
3477 2027 3767 2098 είσήκουσε

2178 2121 2274 2191 τῆς
2307 2120 2490 2191 φωνῆς
2518 2119 2618 2189 τῆς
2659 2117 2896 2191 δεήσεώς
2926 2135 3049 2190 μου.
3081 2118 3288 2190 Κύριος
3317 2119 3508 2191 βοηθός
3541 2138 3641 2190 μου
3669 2121 3778 2175 καὶ.

2178 2213 2595 2284 ὑπερασπιστὴς
2632 2228 2763 2282 μου⁶
2796 2212 2884 2264 ἐπ’
2907 2209 3058 2281 αὐτῷ
3091 2209 3371 2283 ἧλπισενή
3410 2211 3604 2282 καρδία
3637 2228 3778 2283 μου,

2177 2305 2272 2357 καὶ
2296 2303 2622 2375 ὲϐοηθήθην,
2668 2303 2764 2356 καὶ
2819 2303 3078 2358 άνὲθαλεν
3115 2307 3148 2376 ἡ
3201 2302 3338 2376 σάρξ
3379 2321 3514 2375 μου⁸
3564 2305 3658 2358 καὶ
3699 2306 3778 2359 ἐκ.

2177 2395 2303 2465 θελή
2315 2395 2482 2466 ματός
2520 2412 2622 2465 μου
2669 2393 3138 2466 ὲξομολογήσομαι
3173 2394 3341 2465 αὐτῷ.
3378 2413 3396 2446 ι
3444 2395 3558 2464 Ἐφ’
3593 2389 3673 2458 οἷς
3703 2396 3766 2449 τὸ

2177 2486 2316 2540 θεῖον
2373 2486 2469 2540 καὶ
2524 2487 2860 2558 προφητικὸν
2907 2486 3134 2560 Πνεῦμα
3173 2485 3452 2556 ὲπιλέγει’
3501 2506 3520 2538 ι
3560 2486 3766 2559 Κύριος

2177 2578 2506 2652 κραταίωμα
2545 2578 2646 2632 τοῦ
2677 2578 2810 2634 λαοῦ
2841 2578 3028 2644 αὐτοῦ,
3063 2580 3158 2634 καὶ
3204 2579 3616 2652 ὑπερασπιστὴς
3655 2579 3779 2632 τῶν.

2177 2672 2460 2743 σωτηρίων
2489 2671 2583 2725 τοῦ
2605 2671 2841 2744 Χριστοῦ
2871 2672 3044 2726 αὐτοῦ·
3068 2675 3183 2726 ἐστι
3204 2689 3218 2703 ο
3261 2692 3279 2724 ι
3315 2672 3568 2726 παιδεῦον
3595 2672 3775 2743 ἡμᾶς,

2174 2767 2256 2820 δτι
2279 2764 2344 2837 δὴ
2373 2764 2550 2818 πάντα
2571 2766 2628 2818 ὲν
2667 2767 2787 2829 ταῖς
2823 2764 2995 2830 θείαις
3037 2766 3283 2838 Γραφαῖς
3314 2765 3639 2836 ἁνάγραπτα
3669 2763 3762 2817 τοῦ

2173 2857 2412 2928 Χριστοῦ
2454 2855 2753 2928 θαυμάσια,
2784 2857 2877 2910 ἐπὶ
2894 2857 3136 2930 σωτηρίᾳ
3159 2857 3265 2910 τῶν
3288 2855 3591 2928 ἀνθρώπων
3610 2855 3765 2924 γενό-

2178 2964 2338 3017 μενα,
2368 2947 2482 3000 εἴτε
2522 2943 2615 3001 οῦν
2651 2946 2970 3018 μαθήματα,
2998 2946 3106 2999 εἴτε
3136 2947 3461 3018 γράμματα,
3486 2944 3595 2999 εἴτε
3620 2944 3762 3000 κατά

2173 3039 2272 3111 τὴν
2304 3041 2369 3092 ἐκ
2398 3038 2610 3111 νεκρῶν
2671 3038 2970 3093 ἀνάστασιν
3013 3037 3179 3092 αὑτοῦ
3215 3038 3490 3109 μυστήρια
3517 3035 3612 3091 νῦν
3640 3039 3760 3090 ὀνο-

2176 3130 2477 3202 μαζόμενα,
2499 3129 2727 3201 νεύματι
2751 3131 2845 3184 καὶ
2873 3131 3098 3202 δυνάμει
3115 3131 3405 3201 γεγένηται
3429 3129 3520 3184 τοῦ
3547 3128 3762 3198 Πατρὸς

487 3242 639 3303 gesta
666 3243 812 3295 sunt,
839 3232 930 3303 qui
962 3233 1017 3286 in
1062 3231 1278 3287 cunctis
1317 3231 1734 3287 admirabilibus
1766 3246 1830 3286 ac
1861 3231 2072 3287 saluta-

2175 3221 2233 3272 ὲν
2267 3220 2437 3275 ἅπασι
2482 3223 2596 3282 τοῖς
2633 3217 2958 3291 παραδόξοις
3004 3218 3097 3272 καὶ
3151 3219 3440 3290 σωτηρίοις
3484 3219 3662 3288 λόγοις
3698 3237 3760 3274 τε

487 3326 642 3382 ribus
673 3333 727 3381 et
760 3326 945 3382 verbis
968 3334 1023 3382 et
1052 3324 1211 3382 factis
1237 3342 1399 3382 suum
1435 3324 1715 3382 Christum
1742 3325 1998 3397 protegit.

485 3439 526 3492 Α
556 3437 763 3507 psalmo
815 3454 1041 3492 Lxxxm.
1079 3470 1152 3478 —
1179 3438 1421 3493 Christus
1479 3440 1794 3494 nominatim
1847 3448 2071 3493 tutorem

557 3509 658 3563 sibi
698 3509 861 3563 Deum
890 3509 1178 3563 ascribens.
1211 3508 1457 3579 Unusque
1489 3511 1893 3565 resurrectionis
1923 3509 2071 3564 illius

557 3580 669 3634 dies
697 3595 715 3633 :
744 3589 792 3635 et
815 3597 923 3634 una
946 3581 1135 3634 domus
1169 3581 1293 3644 Dei,
1329 3579 1564 3635 Ecclesia
1596 3583 1785 3649 ipsius.

563 3776 582 3808 ε
608 3755 892 3813 Protector
921 3767 1109 3814 noster
1144 3759 1350 3829 aspice,
1388 3760 1550 3822 Deus,
1583 3768 1637 3815 et
1667 3761 1880 3830 respice
1902 3763 1956 3816 in
1989 3761 2071 3814 fa-

485 3847 625 3903 ciem
659 3849 865 3904 Christi
919 3850 1018 3905 tui.
1065 3849 1204 3916 Quia
1255 3854 1450 3907 melior
1487 3861 1571 3908 est
1609 3855 1773 3924 186
1803 3854 1921 3910 dies
1960 3869 2068 3908 una

485 3939 542 3994 in
577 3941 733 3996 atriis
762 3943 872 3997 tuis
913 3959 1080 4014 super
1104 3945 1274 3999 millia
1304 3965 1317 3999 :
1364 3947 1503 4015 elegi
1533 3947 1806 4015 ahjectum
1852 3961 1977 4002 esse
2011 3947 2065 4001 in

486 4033 650 4089 domo
670 4032 764 4088 Dei
790 4036 895 4090 mei
924 4036 1118 4107 magis,
1141 4052 1305 4107 quam
1332 4038 1580 4093 habitare
1609 4054 1696 4093 me
1724 4039 1778 4092 in
1811 4039 2066 4107 taberna—

484 4129 624 4183 culis
669 4133 1099 4198 peccalorum“.
1130 4152 1148 4184 ι
1212 4131 1312 4197 Qui
1364 4143 1569 4187 norunt
1626 4131 1906 4188 Christum
1969 4133 2063 4188 Dei

483 4235 609 4277 esse
643 4219 905 4284 Verbum,
941 4232 995 4278 et
1045 4224 1396 4295 sapientiam.
1455 4232 1510 4280 et
1537 4225 1713 4280 lucem
1757 4241 1963 4289 veram,
2010 4233 2065 4282 et

485 4314 675 4380 vitam,
721 4313 918 4370 deinde
950 4317 1200 4371 eumdem
1239 4315 1442 4371 factum
1491 4333 1614 4373 esse
1657 4318 1934 4373 hominem
1981 4319 2065 4373 in-

484 4405 759 4474 telligunt,
800 4405 1140 4461 admirantur
1198 4407 1302 4463 hoc
1357 4408 1503 4478 quod
1533 4425 1750 4466 omnem
1783 4409 1942 4465 ﬁdem
1971 4428 2064 4467 su-

485 4504 641 4567 perat
681 4498 1046 4567 propositum,
1093 4499 1230 4555 adeo
1263 4501 1507 4570 quidem,
1556 4509 1616 4556 ut
1650 4502 1703 4556 in
1750 4502 1914 4557 verba
1969 4504 2060 4558 illa

2177 3312 2271 3364 καὶ
2303 3311 2485 3385 ἔργοις
2512 3309 2979 3383 ὑπερασπίζοντος
3011 3310 3106 3364 τοῦ
3149 3311 3280 3364 ίδίου
3311 3310 3571 3384 Χριστοῦ.

2182 3423 2437 3494 Ψαλμοῦ
2463 3431 2576 3493 πγ’.
2602 3455 2670 3464 -—
2689 3420 2946 3491 Χριστὸς
2974 3423 3262 3494 ὀνομαστὶ
3289 3423 3412 3494 τὸν
3445 3422 3599 3494 Θεὸν
3652 3421 3758 3476 ἐπ-

2245 3491 2437 3561 ὀπ’την
2447 3491 2936 3564 ἐπιγραφόμενος,
2950 3493 3060 3564 μίᾳ
3080 3510 3144 3546 τε
3169 3494 3206 3559 ἡ
3236 3492 3346 3564 τῆς
3367 3491 3755 3558 ἀναστάσεως

2242 3559 2428 3635 αὐτοῦ
2459 3559 2675 3635 ἡμέρα,
2712 3559 2811 3618 καὶ
2853 3559 3141 3631 εῖςήοῖκος
3169 3559 3317 3617 Θεοῦ
3349 3565 3386 3632 ή
3431 3564 3761 3632 Ἐκκλησία

2246 3638 2390 3689 αὐτο
2401 3638 2454 3687 ὖ.

2247 3769 2264 3800 ι
2314 3748 2726 3820 ’Υπερασπιστά
2748 3748 2925 3819 ἡμῶν,
2963 3747 3058 3814 ἰδὲ,
3087 3749 3116 3802 ὁ
3146 3747 3298 3812 Θεὸς,
3330 3749 3423 3802 καὶ
3469 3747 3759 3818 ὲπίϐλεψον

2172 3841 2264 3893 ἐπὶ
2309 3842 2368 3892 τὸ
2391 3840 2678 3911 πρόσωπον
2737 3838 2832 3892 τοῦ
2878 3838 3116 3910 Χριστοῦ
3166 3855 3282 3894 σου.
3324 3839 3444 3892 ’Ότι
3488 3839 3759 3910 κρείσσων

2170 3931 2351 4004 ἡμέρα
2388 3931 2487 4002 μία
2517 3932 2574 3983 ὲν
2602 3933 2722 3994 ταῖς
2748 3931 2940 3995 αὐλαῖς
2971 3948 3064 3984 σου
3087 3931 3227 4003 ὑπὲρ
3246 3929 3510 4001 χιλιάδας.
3542 3929 3757 3996 Ἑξελε-

2170 4021 2348 4093 ξάμην
2404 4022 2906 4094 παραρῤιπτεῖσθαι
2953 4023 3009 4074 ὲν
3051 4021 3130 4093 τῷ
3171 4020 3304 4092 οἴκῳ
3343 4019 3438 4073 τοῦ
3483 4019 3618 4074 Θεοῦ
3652 4037 3755 4091 μου

2171 4115 2392 4189 μᾶλλον,
2428 4114 2460 4186 ἥ
2502 4116 2667 4167 οἰκεῖν
2703 4131 2768 4185 με
2805 4115 2864 4168 ἐν
2906 4113 3261 4185 σκηνώμασιν
3306 4113 3668 4186 ἁμαρτωλῶν.
3729 4133 3749 4166 ι

2168 4209 2235 4260 Οί
2271 4207 2625 4278 ἐπιστάμενοι
2679 4206 2772 4260 τὸν
2814 4206 3048 4279 Χριστὸν
3080 4206 3174 4260 τοῦ
3223 4207 3359 4262 Θεοῦ
3389 4209 3518 4261 liv-ca
3557 4207 3754 4277 Λόγον,

2168 4284 2262 4349 καὶ
2301 4297 2526 4367 σοφίαν,
2582 4299 2676 4350 καὶ
2711 4295 2826 4366 φῶς
2877 4296 3150 4367 ἀληθινὸν,
3190 4298 3285 4352 καὶ
3327 4298 3506 4370 ζωὴν,
3563 4299 3755 4354 ἔπειτα

2165 4388 2263 4461 τὴν
2290 4387 2702 4460 ἐνανθρώπ-ησιν
2739 4390 2906 4442 αὑτοῦ
2952 4392 3362 4461 συννοήσαντες,
3401 4390 3756 4461 κατεπλάγη-

2169 4501 2267 4535 σαν
2295 4483 2356 4535 τὸ
2377 4481 2676 4555 παράδοξον
2698 4481 2790 4534 τοῦ
2809 4480 3130 4552 θελήματος,
3158 4481 3298 4536 ὥστε
3314 4484 3572 4538 ἀνειπεῖν.
3597 4503 3616 4536 ι
3641 4484 3755 4540 Καὶ

484 4597 862 4660 prorumpant.
923 4609 942 4641 c
974 4589 1041 4644 Et
1086 4569 1324 4648 vidimus
1376 4591 1563 4656 illum,
1616 4601 1669 4648 et
1715 4610 1825 4649 non
1873 4594 2066 4651 habuit

2175 4574 2385 4646 εἴδομεν
2417 4576 2599 4635 αὑτὸν,
2635 4575 2731 4628 καὶ
2758 4574 2860 4628 οὐκ
2888 4569 3036 4645 εῖχεν
3059 4570 3196 4638 εἶδος
3230 4575 3351 4628 οὐδὲ
3381 4575 3572 4640 κάλλος
3595 4593 3608 4608 ’
3633 4577 3753 4631 ἀλλ’

483 4681 741 4751 speciem,
787 4699 962 4753 neque
1013 4684 1514 4754 pulchritudinem;
1567 4685 1661 4740 sed
1713 4685 1815 4739 fuit
1855 4685 2067 4756 species

482 4773 606 4837 ejus
637 4775 762 4830 sine»
783 4775 1012 4843 honore,
1057 4785 1112 4832 et
1145 4776 1410 4832 deficiens
1438 4792 1551 4846 pra:
1583 4777 1709 4833 ﬁliis
1739 4778 2020 4833 hominum
2047 4797 2061 4834 :

484 4867 648 4922 homo
675 4884 797 4922 cum
834 4869 887 4924 in
914 4870 1068 4941 plaga
1103 4879 1250 4926 esset
1279 4878 1335 4925 et
1358 4871 1525 4926 sciret
1553 4869 1696 4928 ferre
1722 4871 2063 4944 languorem,

483 4959 743 5027 quoniam
779 4961 978 5016 avertit
1005 4959 1201 5017 faciem
1235 4977 1412 5026 suam,
1447 4971 1798 5034 contemptus
1825 4973 1909 5020 est
1932 4965 2008 5020 3':
2039 4984 2058 5016 ι

481 5055 666 5120 itaque
700 5053 894 5108 merito
934 5052 1105 5108 Deum
1149 5063 1466 5124 precantur,
1503 5063 1563 5110 ut
1593 5057 1857 5127 respiciat
1889 5058 1947 5112 in
1982 5056 2065 5111 fa-

379 5178 402 5228 ζ,
479 5141 618 5197 ciem
669 5140 900 5207 Christi,
949 5161 1069 5214 qua:
1119 5154 1339 5216 propter
1392 5161 1494 5202 nos
1550 5155 1604 5203 et
1631 5148 1960 5219 ignominias
2003 5157 2060 5204 et

384 5235 401 5302 ξ’
480 5232 848 5288 contumelias
886 5250 1048 5304 passa
1088 5244 1192 5301 est,
1238 5245 1292 5293 et
1324 5246 1548 5309 propter
1579 5239 1729 5293 illum
1774 5241 1932 5296 nobis
1967 5240 2065 5295 fiat

481 5322 771 5391 propitius,
805 5328 1025 5395 quando
1075 5329 1120 5384 is
1171 5341 1390 5399 peccata
1441 5341 1630 5387 nostra
1681 5335 1823 5397 tulit,
1864 5343 1918 5389 et
1962 5349 2062 5403 pro

479 5412 641 5470 nobis
683 5415 737 5470 in
789 5417 976 5475 dolore
1027 5430 1150 5478 est:
1179 5423 1293 5479 haec
1337 5432 1518 5481 autem
1569 5426 1842 5496 supplices
1873 5434 2065 5497 petunt

479 5507 874 5574 prOpemodum
924 5511 1229 5580 cupientes,
1272 5521 1437 5585 atque
1486 5517 1541 5570 in
1591 5515 1731 5570 votis
1773 5516 2057 5580 habentes,

483 5593 674 5648 taciem
723 5598 912 5668 gloria:
960 5599 1165 5657 Christi
1195 5604 1409 5669 videre,
1459 5613 1511 5660 et
1551 5605 1692 5660 diem
1729 5606 1868 5660 lucis
1909 5605 2057 5664 illius

478 5774 515 5825 ε
568 5705 1116 5832 έ⁷Ρ³²¹¹·³¹⁵ί»⁶ν⁷.
1192 5717 1393 5774 “ibid.
1427 5719 1477 5775 7.
1555 5719 2052 5790 “Psal.xxvu,8.

2135 5723 2179 5755 ⁸ο
2205 5717 2334 5774 ibid.
2368 5719 2420 5784 6,
2458 5719 2510 5774 7.
2583 5720 2623 5751 '“
2653 5718 2800 5776 Psal.
2838 5733 3067 5784 uxxni,
3111 5717 3203 5782 l0,
3240 5719 3318 5771 li.

2164 4664 2232 4738 ἦν
2267 4670 2328 4722 τὸ
2386 4665 2524 4731 εἶδος
2575 4667 2740 4720 αὐτοῦ
2771 4667 2988 4740 ἄτιμον,
3019 4668 3112 4721 καὶ
3149 4667 3398 4721 ἐκλεῖπον
3444 4669 3599 4741 παρά
3623 4673 3768 4737 τοὺς

2166 4763 2314 4824 υἱοὺς
2341 4760 2449 4812 τῶν
2489 4759 2811 4831 ἀνθρώπων.
2846 4760 3172 4832 Ἄνθρωπος
3209 4761 3278 4812 ἐν.
3310 4760 3489 4831 πληγῇ
3526 4759 3624 4826 ὢν,
3656 4766 3752 4818 καὶ

2165 4851 2320 4914 εἰδὼς
2351 4853 2542 4923 φέρειν
2581 4852 2877 4924 μαλακίαν,
2915 4854 2995 4906 ὅτι
3029 4853 3340 4924 ἀπέστρεψε
3368 4853 3428 4907 τὸ
3455 4854 3768 4926 πρόσωπον

2165 4947 2350 5013 αὑτοῦ,
2389 4947 2665 5020 ὴτιμάσθη
2688 4964 2701 4978 ·
2745 4967 2764 4999 ι
2802 4949 3027 5012 εἰκότως
3063 4949 3436 5022 παρακαλοῦσι
3481 4951 3573 5006 τὸν
3617 4952 3756 5008 Θεὸν

2168 5039 2455 5111 ἐπιϐλέψαι
2488 5041 2567 5104 εἰς
2595 5040 2655 5092 τὸ
2689 5041 2980 5112 πρόσωπον
3011 5040 3104 5094 τοῦ
3154 5042 3392 5112 Χριστοῦ
3420 5043 3481 5096 τὸ
3508 5043 3574 5097 δι’
3602 5046 3750 5117 ἡμᾶς

2167 5137 2512 5210 ἠτιμωμένον
2560 5138 2654 5192 καί
2686 5137 3138 5210 καθυϐρισμένον,
3179 5137 3307 5191 ἴλεὼ
3339 5156 3398 5192 τε
3440 5140 3573 5211 ἡμῖν
3597 5140 3751 5209 γενέ-

2169 5234 2292 5287 σθαι
2349 5233 2414 5288 δι’
2460 5233 2655 5286 αὐτόν’
2698 5233 2819 5286 ἐπεὶ
2847 5232 2947 5297 τὰς
2977 5232 3249 5304 ἁμαρτίας
3287 5231 3444 5304 ἡμῶν
3467 5233 3746 5305 ἀνείληφε,
3782 5217 3805 5240 ί

2169 5328 2260 5380 κει)⁸
2292 5326 2434 5397 ὑπὲρ
2467 5324 2623 5396 ἡμῶν
2663 5325 2934 5378 όδυνᾶται.
2989 5324 3173 5378 Ταῦτα
3205 5325 3250 5377 δ’
3286 5324 3605 5390 ἱκετεύουσι,
3659 5345 3750 5398 μο-

2168 5420 2379 5490 νονουχδ⁹
2406 5419 2698 5482 ποθοῦντες
2728 5419 2821 5470 καὶ
2848 5419 2905 5470 ἐν
2933 5417 3064 5488 εὐχῇ
3084 5416 3354 5488 τιθέμενοι
3380 5418 3440 5472 τὸ
3456 5419 3746 5490 πρόσωπον

2168 5513 2263 5582 τῆς
2307 5510 2463 5582 δόξης
2521 5511 2650 5564 ἰδεῖν
2681 5509 2775 5562 τοῦ
2811 5507 3072 5580 Χριστοῦ,
3118 5510 3213 5562 καὶ
3252 5511 3350 5580 τὴν
3401 5510 3616 5582 ἡμέραν
3650 5509 3743 5563 τοῦ

2165 5605 2342 5674 φωτὸς
2387 5603 2549 5657 αὐτοῦ
2591 5600 2906 5656 Θεάσασθαι.
2953 5599 3102 5673 Δῦτη
3151 5601 3206 5655 δὲ
3241 5599 3306 5675 ἦν
3334 5603 3368 5674 ἡ
3396 5603 3498 5674 τῆς
3542 5605 3604 5656 ἐκ
3659 5619 3742 5656 νε-

3398 5719 3442 5751 "
3481 5720 3576 5776 lsa.
3616 5731 3741 5785 ιιιι,
