  <div class='ocr_page' id='page_1' title='image "/cluster/home/n/w/nwhite01/storage/ocr_20150623/22/hvd.32044073501140/164.png"; bbox 0 0 4158 6418; ppageno 0'>
   <div class='ocr_carea' id='block_1_1' title="bbox 343 349 446 405">
    <p class='ocr_par' dir='ltr' id='par_1_1' title="bbox 343 349 446 405">
     <span class='ocr_line' id='line_1_1' title="bbox 343 349 446 405; baseline -0.01 -1"><span class='ocrx_word' id='word_1_1' title='bbox 343 349 401 405; x_wconf 69' lang='lat'><strong>5-1</strong></span> <span class='ocrx_word' id='word_1_2' title='bbox 412 350 446 404; x_wconf 81' lang='lat'><strong>3</strong></span> 
     </span>
    </p>
   </div>
   <div class='ocr_carea' id='block_1_2' title="bbox 1261 339 2700 400">
    <p class='ocr_par' dir='ltr' id='par_1_2' title="bbox 1261 339 2700 400">
     <span class='ocr_line' id='line_1_2' title="bbox 1261 339 2700 400; baseline -0.001 -2"><span class='ocrx_word' id='word_1_3' title='bbox 1261 341 1917 400; x_wconf 68' lang='lat' dir='ltr'><strong>DEMONSTRATIONFS</strong></span> <span class='ocrx_word' id='word_1_4' title='bbox 1956 341 2414 398; x_wconf 54' lang='lat' dir='ltr'><strong>EV’ANGEIJCE</strong></span> <span class='ocrx_word' id='word_1_5' title='bbox 2452 339 2580 396; x_wconf 82' lang='lat' dir='ltr'><strong>LIB.</strong></span> <span class='ocrx_word' id='word_1_6' title='bbox 2613 339 2700 396; x_wconf 80' lang='lat' dir='ltr'><strong>IV.</strong></span> 
     </span>
    </p>
   </div>
   <div class='ocr_carea' id='block_1_3' title="bbox 3483 337 3597 394">
    <p class='ocr_par' dir='ltr' id='par_1_3' title="bbox 3483 337 3597 394">
     <span class='ocr_line' id='line_1_3' title="bbox 3483 337 3597 394; baseline 0 0"><span class='ocrx_word' id='word_1_7' title='bbox 3483 337 3597 394; x_wconf 77' lang='lat' dir='ltr'><strong>3H</strong></span> 
     </span>
    </p>
   </div>
   <div class='ocr_carea' id='block_1_4' title="bbox 342 449 1910 533">
    <p class='ocr_par' dir='ltr' id='par_1_4' title="bbox 342 450 1910 533">
     <span class='ocr_line' id='line_1_4' title="bbox 342 450 1910 533; baseline -0.006 -16"><span class='ocrx_word' id='word_1_8' title='bbox 342 460 488 533; x_wconf 67' lang='grc' dir='ltr'>ιερῶν</span> <span class='ocrx_word' id='word_1_9' title='bbox 528 457 885 520; x_wconf 74' lang='grc' dir='ltr'><strong>ἀναστάσεως</strong></span> <span class='ocrx_word' id='word_1_10' title='bbox 938 453 1124 518; x_wconf 82' lang='grc' dir='ltr'>αὑτοῦ,</span> <span class='ocrx_word' id='word_1_11' title='bbox 1181 455 1395 526; x_wconf 75' lang='grc' dir='ltr'>ἥντινα,</span> <span class='ocrx_word' id='word_1_12' title='bbox 1458 456 1587 526; x_wconf 89' lang='grc' dir='ltr'>μίαν</span> <span class='ocrx_word' id='word_1_13' title='bbox 1638 450 1804 510; x_wconf 79' lang='grc' dir='ltr'>οὖσαν</span> <span class='ocrx_word' id='word_1_14' title='bbox 1829 457 1910 510; x_wconf 76' lang='lat' dir='ltr'><strong>ml</strong></span> 
     </span>
    </p>
   </div>
   <div class='ocr_carea' id='block_1_5' title="bbox 2010 449 3594 533">
    <p class='ocr_par' dir='ltr' id='par_1_5' title="bbox 2023 449 3594 526">
     <span class='ocr_line' id='line_1_5' title="bbox 2023 449 3594 526; baseline -0.003 -15"><span class='ocrx_word' id='word_1_15' title='bbox 2023 454 2379 526; x_wconf 87' lang='lat' dir='ltr'><strong>contemplari</strong></span> <span class='ocrx_word' id='word_1_16' title='bbox 2409 472 2422 508; x_wconf 87' lang='lat'><strong>:</strong></span> <span class='ocrx_word' id='word_1_17' title='bbox 2451 466 2619 524; x_wconf 90' lang='lat' dir='ltr'><strong>porro</strong></span> <span class='ocrx_word' id='word_1_18' title='bbox 2646 450 2737 506; x_wconf 88' lang='lat' dir='ltr'><strong>hic</strong></span> <span class='ocrx_word' id='word_1_19' title='bbox 2770 449 2874 505; x_wconf 77' lang='lat' dir='ltr'><strong>fuit</strong></span> <span class='ocrx_word' id='word_1_20' title='bbox 2911 464 3036 506; x_wconf 90' lang='lat' dir='ltr'><strong>cum</strong></span> <span class='ocrx_word' id='word_1_21' title='bbox 3067 464 3099 504; x_wconf 88' lang='lat' dir='ltr'><strong>a</strong></span> <span class='ocrx_word' id='word_1_22' title='bbox 3128 457 3305 507; x_wconf 90' lang='lat' dir='ltr'><strong>morte</strong></span> <span class='ocrx_word' id='word_1_23' title='bbox 3331 449 3400 505; x_wconf 87' lang='lat' dir='ltr'><strong>ad</strong></span> <span class='ocrx_word' id='word_1_24' title='bbox 3427 452 3594 508; x_wconf 84' lang='lat' dir='ltr'><strong>vitam</strong></span> 
     </span>
    </p>
   </div>
   <div class='ocr_carea' id='block_1_6' title="bbox 343 543 1920 628">
    <p class='ocr_par' dir='ltr' id='par_1_6' title="bbox 343 543 1920 628">
     <span class='ocr_line' id='line_1_6' title="bbox 343 543 1920 628; baseline -0.003 -22"><span class='ocrx_word' id='word_1_25' title='bbox 343 553 509 628; x_wconf 86' lang='grc' dir='ltr'>μόνην</span> <span class='ocrx_word' id='word_1_26' title='bbox 537 551 616 614; x_wconf 84' lang='grc' dir='ltr'><strong>ὡς</strong></span> <span class='ocrx_word' id='word_1_27' title='bbox 641 549 858 622; x_wconf 88' lang='grc' dir='ltr'>ἀληθῶς</span> <span class='ocrx_word' id='word_1_28' title='bbox 886 548 1080 620; x_wconf 85' lang='grc' dir='ltr'>κυρίαν</span> <span class='ocrx_word' id='word_1_29' title='bbox 1099 543 1264 602; x_wconf 78' lang='grc' dir='ltr'>οὖσαν</span> <span class='ocrx_word' id='word_1_30' title='bbox 1287 548 1378 601; x_wconf 74' lang='grc' dir='ltr'>καὶ</span> <span class='ocrx_word' id='word_1_31' title='bbox 1404 549 1708 620; x_wconf 75' lang='grc' dir='ltr'>Κυριακὴν,</span> <span class='ocrx_word' id='word_1_32' title='bbox 1737 550 1920 620; x_wconf 79' lang='grc' dir='ltr'>κρείτ·-</span> 
     </span>
    </p>
   </div>
   <div class='ocr_carea' id='block_1_7' title="bbox 339 642 1919 717">
    <p class='ocr_par' dir='ltr' id='par_1_7' title="bbox 339 642 1919 717">
     <span class='ocr_line' id='line_1_7' title="bbox 339 642 1919 717; baseline -0.006 -14"><span class='ocrx_word' id='word_1_33' title='bbox 339 666 469 703; x_wconf 86' lang='grc' dir='ltr'>τονα</span> <span class='ocrx_word' id='word_1_34' title='bbox 494 643 632 700; x_wconf 82' lang='grc' dir='ltr'><strong>εἷναί</strong></span> <span class='ocrx_word' id='word_1_35' title='bbox 655 662 787 716; x_wconf 84' lang='grc' dir='ltr'>φασι</span> <span class='ocrx_word' id='word_1_36' title='bbox 819 644 1030 717; x_wconf 82' lang='grc' dir='ltr'>μυρίων</span> <span class='ocrx_word' id='word_1_37' title='bbox 1048 645 1188 697; x_wconf 83' lang='grc' dir='ltr'>ὅσων</span> <span class='ocrx_word' id='word_1_38' title='bbox 1223 642 1332 696; x_wconf 90' lang='grc' dir='ltr'><strong>τῶν</strong></span> <span class='ocrx_word' id='word_1_39' title='bbox 1351 642 1673 714; x_wconf 85' lang='grc' dir='ltr'>κοινοτέρως</span> <span class='ocrx_word' id='word_1_40' title='bbox 1694 642 1919 712; x_wconf 83' lang='grc' dir='ltr'>νοουμέ-</span> 
     </span>
    </p>
   </div>
   <div class='ocr_carea' id='block_1_8' title="bbox 342 731 1918 808">
    <p class='ocr_par' dir='ltr' id='par_1_8' title="bbox 342 731 1918 808">
     <span class='ocr_line' id='line_1_8' title="bbox 342 731 1918 808; baseline -0.006 -16"><span class='ocrx_word' id='word_1_41' title='bbox 342 756 448 792; x_wconf 87' lang='grc' dir='ltr'>νων</span> <span class='ocrx_word' id='word_1_42' title='bbox 476 735 724 808; x_wconf 82' lang='grc' dir='ltr'>ἡμερῶν,</span> <span class='ocrx_word' id='word_1_43' title='bbox 758 735 792 806; x_wconf 80' lang='grc' dir='ltr'>ἢ</span> <span class='ocrx_word' id='word_1_44' title='bbox 832 734 942 788; x_wconf 90' lang='grc' dir='ltr'>τῶν</span> <span class='ocrx_word' id='word_1_45' title='bbox 983 732 1135 806; x_wconf 86' lang='grc' dir='ltr'><strong>παρά</strong></span> <span class='ocrx_word' id='word_1_46' title='bbox 1192 734 1382 788; x_wconf 87' lang='grc' dir='ltr'><strong>Μωσεῖ</strong></span> <span class='ocrx_word' id='word_1_47' title='bbox 1413 731 1918 803; x_wconf 80' lang='grc' dir='ltr'><strong>νενομοθετημένων</strong></span> 
     </span>
    </p>
   </div>
   <div class='ocr_carea' id='block_1_9' title="bbox 345 820 1918 898">
    <p class='ocr_par' dir='ltr' id='par_1_9' title="bbox 345 820 1918 898">
     <span class='ocr_line' id='line_1_9' title="bbox 345 820 1918 898; baseline -0.004 -19"><span class='ocrx_word' id='word_1_48' title='bbox 345 831 402 880; x_wconf 84' lang='grc' dir='ltr'><strong>ἐν</strong></span> <span class='ocrx_word' id='word_1_49' title='bbox 435 828 651 898; x_wconf 80' lang='grc' dir='ltr'><strong>ἑορταῖς</strong></span> <span class='ocrx_word' id='word_1_50' title='bbox 694 825 790 879; x_wconf 77' lang='grc' dir='ltr'>καὶ</span> <span class='ocrx_word' id='word_1_51' title='bbox 841 824 1158 894; x_wconf 80' lang='grc' dir='ltr'><strong>νουμηνίαις</strong></span> <span class='ocrx_word' id='word_1_52' title='bbox 1194 824 1289 877; x_wconf 79' lang='grc' dir='ltr'>καὶ</span> <span class='ocrx_word' id='word_1_53' title='bbox 1323 822 1632 888; x_wconf 72' lang='grc' dir='ltr'>σαϐϐάτοις,</span> <span class='ocrx_word' id='word_1_54' title='bbox 1664 820 1730 884; x_wconf 79' lang='grc' dir='ltr'><strong>ἀς</strong></span> <span class='ocrx_word' id='word_1_55' title='bbox 1760 821 1918 874; x_wconf 81' lang='grc' dir='ltr'>σκιὰν</span> 
     </span>
    </p>
   </div>
   <div class='ocr_carea' id='block_1_10' title="bbox 340 913 1918 991">
    <p class='ocr_par' dir='ltr' id='par_1_10' title="bbox 340 913 1918 991">
     <span class='ocr_line' id='line_1_10' title="bbox 340 913 1918 991; baseline -0.005 -17"><span class='ocrx_word' id='word_1_56' title='bbox 340 915 480 974; x_wconf 76' lang='grc' dir='ltr'>εἶναι</span> <span class='ocrx_word' id='word_1_57' title='bbox 506 917 749 991; x_wconf 83' lang='grc' dir='ltr'>ἡμερῶν,</span> <span class='ocrx_word' id='word_1_58' title='bbox 783 916 897 970; x_wconf 76' lang='grc' dir='ltr'>ἀλλ’</span> <span class='ocrx_word' id='word_1_59' title='bbox 921 918 1020 987; x_wconf 84' lang='grc' dir='ltr'>οὐχ</span> <span class='ocrx_word' id='word_1_60' title='bbox 1069 916 1281 989; x_wconf 79' lang='grc' dir='ltr'>ἡμέρας</span> <span class='ocrx_word' id='word_1_61' title='bbox 1300 917 1329 969; x_wconf 99' lang='lat'><strong>6</strong></span> <span class='ocrx_word' id='word_1_62' title='bbox 1351 915 1494 978; x_wconf 83' lang='grc' dir='ltr'>θεῖος</span> <span class='ocrx_word' id='word_1_63' title='bbox 1519 913 1817 977; x_wconf 83' lang='grc' dir='ltr'><strong>ἀπόστολος</strong></span> <span class='ocrx_word' id='word_1_64' title='bbox 1838 913 1918 967; x_wconf 84' lang='grc' dir='ltr'>δι-</span> 
     </span>
    </p>
   </div>
   <div class='ocr_carea' id='block_1_11' title="bbox 339 1003 1918 1078">
    <p class='ocr_par' dir='ltr' id='par_1_11' title="bbox 339 1003 1918 1078">
     <span class='ocr_line' id='line_1_11' title="bbox 339 1003 1918 1078; baseline -0.003 -17"><span class='ocrx_word' id='word_1_65' title='bbox 339 1007 548 1062; x_wconf 76' lang='grc' dir='ltr'>δάσκει.</span> <span class='ocrx_word' id='word_1_66' title='bbox 594 1007 746 1077; x_wconf 82' lang='grc' dir='ltr'>Μόνη</span> <span class='ocrx_word' id='word_1_67' title='bbox 780 1005 836 1059; x_wconf 82' lang='grc' dir='ltr'>δὲ</span> <span class='ocrx_word' id='word_1_68' title='bbox 853 1004 990 1076; x_wconf 78' lang='grc' dir='ltr'>αῦτη</span> <span class='ocrx_word' id='word_1_69' title='bbox 1022 1008 1056 1077; x_wconf 79' lang='grc' dir='ltr'>ἡ</span> <span class='ocrx_word' id='word_1_70' title='bbox 1099 1006 1197 1078; x_wconf 87' lang='grc' dir='ltr'><strong>μία</strong></span> <span class='ocrx_word' id='word_1_71' title='bbox 1247 1005 1502 1078; x_wconf 81' lang='grc' dir='ltr'>Κυριακὴ</span> <span class='ocrx_word' id='word_1_72' title='bbox 1541 1003 1637 1057; x_wconf 91' lang='grc' dir='ltr'>τοῦ</span> <span class='ocrx_word' id='word_1_73' title='bbox 1667 1003 1918 1074; x_wconf 84' lang='grc' dir='ltr'><strong>Σωτῆρος</strong></span> 
     </span>
    </p>
   </div>
   <div class='ocr_carea' id='block_1_12' title="bbox 342 1093 1917 1171">
    <p class='ocr_par' dir='ltr' id='par_1_12' title="bbox 342 1093 1917 1171">
     <span class='ocr_line' id='line_1_12' title="bbox 342 1093 1917 1171; baseline -0.003 -18"><span class='ocrx_word' id='word_1_74' title='bbox 342 1099 495 1170; x_wconf 72' lang='grc' dir='ltr'>ἡμῶν</span> <span class='ocrx_word' id='word_1_75' title='bbox 537 1098 718 1171; x_wconf 86' lang='grc' dir='ltr'>ἡμέρα</span> <span class='ocrx_word' id='word_1_76' title='bbox 752 1099 850 1152; x_wconf 78' lang='grc' dir='ltr'><strong>οὐκ</strong></span> <span class='ocrx_word' id='word_1_77' title='bbox 881 1098 940 1152; x_wconf 81' lang='grc' dir='ltr'><strong>ὲν</strong></span> <span class='ocrx_word' id='word_1_78' title='bbox 988 1099 1149 1152; x_wconf 77' lang='grc' dir='ltr'>παντὶ</span> <span class='ocrx_word' id='word_1_79' title='bbox 1191 1099 1342 1170; x_wconf 82' lang='grc' dir='ltr'>τόπῳ</span> <span class='ocrx_word' id='word_1_80' title='bbox 1385 1093 1659 1167; x_wconf 75' lang='grc' dir='ltr'><strong>φωτίζειν,</strong></span> <span class='ocrx_word' id='word_1_81' title='bbox 1703 1095 1818 1149; x_wconf 77' lang='grc' dir='ltr'>ἀλλ’</span> <span class='ocrx_word' id='word_1_82' title='bbox 1859 1096 1917 1149; x_wconf 79' lang='grc' dir='ltr'><strong>ὲν</strong></span> 
     </span>
    </p>
   </div>
   <div class='ocr_carea' id='block_1_13' title="bbox 345 1183 1918 1261">
    <p class='ocr_par' dir='ltr' id='par_1_13' title="bbox 345 1183 1918 1261">
     <span class='ocr_line' id='line_1_13' title="bbox 345 1183 1918 1261; baseline -0.003 -16"><span class='ocrx_word' id='word_1_83' title='bbox 345 1192 534 1261; x_wconf 82' lang='grc' dir='ltr'><strong>μόναις</strong></span> <span class='ocrx_word' id='word_1_84' title='bbox 566 1193 686 1254; x_wconf 87' lang='grc' dir='ltr'>ταῖς</span> <span class='ocrx_word' id='word_1_85' title='bbox 734 1190 926 1254; x_wconf 82' lang='grc' dir='ltr'><strong>αὐλαῖς</strong></span> <span class='ocrx_word' id='word_1_86' title='bbox 964 1189 1056 1243; x_wconf 87' lang='grc' dir='ltr'>τοῦ</span> <span class='ocrx_word' id='word_1_87' title='bbox 1090 1190 1298 1261; x_wconf 83' lang='grc' dir='ltr'>Κυρίου</span> <span class='ocrx_word' id='word_1_88' title='bbox 1335 1188 1602 1242; x_wconf 82' lang='grc' dir='ltr'>λέλεκται.</span> <span class='ocrx_word' id='word_1_89' title='bbox 1629 1183 1753 1242; x_wconf 75' lang='grc' dir='ltr'>Εἶεν</span> <span class='ocrx_word' id='word_1_90' title='bbox 1776 1187 1821 1242; x_wconf 77' lang='grc' dir='ltr'>δ’</span> <span class='ocrx_word' id='word_1_91' title='bbox 1851 1187 1918 1241; x_wconf 84' lang='grc' dir='ltr'><strong>ἂν</strong></span> 
     </span>
    </p>
   </div>
   <div class='ocr_carea' id='block_1_14' title="bbox 340 1277 1916 1354">
    <p class='ocr_par' dir='ltr' id='par_1_14' title="bbox 340 1277 1916 1354">
     <span class='ocr_line' id='line_1_14' title="bbox 340 1277 1916 1354; baseline -0.004 -16"><span class='ocrx_word' id='word_1_92' title='bbox 340 1277 498 1338; x_wconf 75' lang='grc' dir='ltr'>αὗται</span> <span class='ocrx_word' id='word_1_93' title='bbox 541 1283 600 1336; x_wconf 76' lang='grc' dir='ltr'><strong>αἱ</strong></span> <span class='ocrx_word' id='word_1_94' title='bbox 650 1281 792 1336; x_wconf 87' lang='grc' dir='ltr'><strong>κατά</strong></span> <span class='ocrx_word' id='word_1_95' title='bbox 823 1284 1001 1337; x_wconf 78' lang='grc' dir='ltr'>πᾶσαν</span> <span class='ocrx_word' id='word_1_96' title='bbox 1032 1281 1130 1354; x_wconf 83' lang='grc' dir='ltr'><strong>τὴν</strong></span> <span class='ocrx_word' id='word_1_97' title='bbox 1174 1282 1500 1353; x_wconf 80' lang='grc' dir='ltr'><strong>οἰκουμένην</strong></span> <span class='ocrx_word' id='word_1_98' title='bbox 1542 1281 1637 1335; x_wconf 92' lang='grc' dir='ltr'>τοῦ</span> <span class='ocrx_word' id='word_1_99' title='bbox 1679 1279 1916 1353; x_wconf 75' lang='grc' dir='ltr'><strong>Χριστοῦ</strong></span> 
     </span>
    </p>
   </div>
   <div class='ocr_carea' id='block_1_15' title="bbox 351 1367 1919 1447">
    <p class='ocr_par' dir='ltr' id='par_1_15' title="bbox 351 1367 1919 1447">
     <span class='ocr_line' id='line_1_15' title="bbox 351 1367 1919 1447; baseline -0.002 -18"><span class='ocrx_word' id='word_1_100' title='bbox 351 1376 689 1447; x_wconf 79' lang='grc' dir='ltr'>Ἐκκλησίαι,</span> <span class='ocrx_word' id='word_1_101' title='bbox 716 1375 834 1439; x_wconf 74' lang='grc' dir='ltr'><strong>ἑνὸς</strong></span> <span class='ocrx_word' id='word_1_102' title='bbox 859 1374 952 1429; x_wconf 90' lang='grc' dir='ltr'>τοῦ</span> <span class='ocrx_word' id='word_1_103' title='bbox 979 1375 1114 1428; x_wconf 88' lang='grc' dir='ltr'>Θεοῦ</span> <span class='ocrx_word' id='word_1_104' title='bbox 1134 1375 1496 1446; x_wconf 81' lang='grc' dir='ltr'><strong>τυγχάνουσαι</strong></span> <span class='ocrx_word' id='word_1_105' title='bbox 1529 1374 1711 1439; x_wconf 70' lang='grc' dir='ltr'>αὐλαὶ,</span> <span class='ocrx_word' id='word_1_106' title='bbox 1742 1375 1801 1427; x_wconf 87' lang='grc' dir='ltr'><strong>ὲν</strong></span> <span class='ocrx_word' id='word_1_107' title='bbox 1830 1367 1919 1434; x_wconf 76' lang='grc' dir='ltr'>αἷς</span> 
     </span>
    </p>
   </div>
   <div class='ocr_carea' id='block_1_16' title="bbox 339 1464 1917 1540">
    <p class='ocr_par' dir='ltr' id='par_1_16' title="bbox 339 1464 1917 1540">
     <span class='ocr_line' id='line_1_16' title="bbox 339 1464 1917 1540; baseline -0.001 -20"><span class='ocrx_word' id='word_1_108' title='bbox 339 1467 531 1537; x_wconf 79' lang='grc' dir='ltr'>ἀγαπᾷ</span> <span class='ocrx_word' id='word_1_109' title='bbox 573 1465 668 1518; x_wconf 74' lang='grc' dir='ltr'>καὶ</span> <span class='ocrx_word' id='word_1_110' title='bbox 716 1467 948 1538; x_wconf 83' lang='grc' dir='ltr'><strong>αἱρεῖται</strong></span> <span class='ocrx_word' id='word_1_111' title='bbox 999 1467 1497 1540; x_wconf 79' lang='grc' dir='ltr'>παραρῤιπτετσθαι</span> <span class='ocrx_word' id='word_1_112' title='bbox 1535 1469 1564 1520; x_wconf 88' lang='grc' dir='ltr'>ὁ</span> <span class='ocrx_word' id='word_1_113' title='bbox 1596 1466 1665 1519; x_wconf 87' lang='grc' dir='ltr'><strong>τά</strong></span> <span class='ocrx_word' id='word_1_114' title='bbox 1694 1464 1917 1519; x_wconf 89' lang='grc' dir='ltr'>τοιαῦτα</span> 
     </span>
    </p>
   </div>
   <div class='ocr_carea' id='block_1_17' title="bbox 339 1557 1917 1632">
    <p class='ocr_par' dir='ltr' id='par_1_17' title="bbox 339 1557 1917 1632">
     <span class='ocr_line' id='line_1_17' title="bbox 339 1557 1917 1632; baseline 0 -23"><span class='ocrx_word' id='word_1_115' title='bbox 339 1557 515 1621; x_wconf 83' lang='grc' dir='ltr'>εἰδὼς,</span> <span class='ocrx_word' id='word_1_116' title='bbox 539 1557 688 1630; x_wconf 85' lang='grc' dir='ltr'><strong>παρά</strong></span> <span class='ocrx_word' id='word_1_117' title='bbox 716 1557 848 1612; x_wconf 73' lang='grc' dir='ltr'>πολὺ</span> <span class='ocrx_word' id='word_1_118' title='bbox 872 1559 1157 1630; x_wconf 84' lang='grc' dir='ltr'>κρείττονα</span> <span class='ocrx_word' id='word_1_119' title='bbox 1181 1559 1280 1632; x_wconf 78' lang='grc' dir='ltr'><strong>τὴν</strong></span> <span class='ocrx_word' id='word_1_120' title='bbox 1310 1561 1368 1612; x_wconf 82' lang='grc' dir='ltr'><strong>ὲν</strong></span> <span class='ocrx_word' id='word_1_121' title='bbox 1381 1559 1604 1622; x_wconf 86' lang='grc' dir='ltr'>ταύταις</span> <span class='ocrx_word' id='word_1_122' title='bbox 1631 1557 1917 1630; x_wconf 78' lang='grc' dir='ltr'><strong>διατριϐὴν</strong></span> 
     </span>
    </p>
   </div>
   <div class='ocr_carea' id='block_1_18' title="bbox 339 1649 1916 1722">
    <p class='ocr_par' dir='ltr' id='par_1_18' title="bbox 339 1649 1916 1722">
     <span class='ocr_line' id='line_1_18' title="bbox 339 1649 1916 1722; baseline 0.001 -21"><span class='ocrx_word' id='word_1_123' title='bbox 339 1650 759 1722; x_wconf 72' lang='grc' dir='ltr'>ἀποφηνάμενος</span> <span class='ocrx_word' id='word_1_124' title='bbox 800 1649 900 1720; x_wconf 82' lang='grc' dir='ltr'><strong>τῆς</strong></span> <span class='ocrx_word' id='word_1_125' title='bbox 935 1651 992 1703; x_wconf 81' lang='grc' dir='ltr'><strong>ὲν</strong></span> <span class='ocrx_word' id='word_1_126' title='bbox 1021 1652 1134 1714; x_wconf 86' lang='grc' dir='ltr'>τοῖς</span> <span class='ocrx_word' id='word_1_127' title='bbox 1168 1649 1488 1721; x_wconf 82' lang='grc' dir='ltr'><strong>σκηνώμασι</strong></span> <span class='ocrx_word' id='word_1_128' title='bbox 1514 1649 1623 1702; x_wconf 90' lang='grc' dir='ltr'>τῶν</span> <span class='ocrx_word' id='word_1_129' title='bbox 1652 1650 1916 1720; x_wconf 81' lang='grc' dir='ltr'>ἀμαρτω-</span> 
     </span>
    </p>
   </div>
   <div class='ocr_carea' id='block_1_19' title="bbox 337 1739 1916 1813">
    <p class='ocr_par' dir='ltr' id='par_1_19' title="bbox 337 1739 1916 1813">
     <span class='ocr_line' id='line_1_19' title="bbox 337 1739 1916 1813; baseline -0.001 -18"><span class='ocrx_word' id='word_1_130' title='bbox 337 1743 482 1796; x_wconf 60' lang='grc' dir='ltr'>λῶν</span> <span class='ocrx_word' id='word_1_131' title='bbox 515 1743 796 1813; x_wconf 76' lang='grc' dir='ltr'>σημαίνων</span> <span class='ocrx_word' id='word_1_132' title='bbox 845 1739 946 1804; x_wconf 85' lang='grc' dir='ltr'><strong>τὰς</strong></span> <span class='ocrx_word' id='word_1_133' title='bbox 997 1741 1106 1795; x_wconf 89' lang='grc' dir='ltr'>τῶν</span> <span class='ocrx_word' id='word_1_134' title='bbox 1169 1741 1436 1795; x_wconf 85' lang='grc' dir='ltr'>Ἰουδαίων</span> <span class='ocrx_word' id='word_1_135' title='bbox 1478 1742 1801 1810; x_wconf 85' lang='grc' dir='ltr'>συναγωγὰς</span> <span class='ocrx_word' id='word_1_136' title='bbox 1824 1742 1916 1794; x_wconf 79' lang='grc' dir='ltr'><strong>τὸν</strong></span> 
     </span>
    </p>
   </div>
   <div class='ocr_carea' id='block_1_20' title="bbox 337 1832 1988 1920">
    <p class='ocr_par' dir='ltr' id='par_1_20' title="bbox 337 1832 1988 1920">
     <span class='ocr_line' id='line_1_20' title="bbox 337 1832 1988 1920; baseline 0 -33"><span class='ocrx_word' id='word_1_137' title='bbox 337 1835 570 1906; x_wconf 77' lang='grc' dir='ltr'>Χριστὸν</span> <span class='ocrx_word' id='word_1_138' title='bbox 594 1834 690 1888; x_wconf 84' lang='grc' dir='ltr'>τοῦ</span> <span class='ocrx_word' id='word_1_139' title='bbox 722 1834 856 1888; x_wconf 85' lang='grc' dir='ltr'>Θεοῦ</span> <span class='ocrx_word' id='word_1_140' title='bbox 885 1832 1243 1905; x_wconf 85' lang='grc' dir='ltr'>ἀρνουμένας,</span> <span class='ocrx_word' id='word_1_141' title='bbox 1270 1833 1303 1903; x_wconf 79' lang='grc' dir='ltr'><strong>ἢ</strong></span> <span class='ocrx_word' id='word_1_142' title='bbox 1349 1835 1445 1888; x_wconf 74' lang='grc' dir='ltr'>καὶ</span> <span class='ocrx_word' id='word_1_143' title='bbox 1477 1833 1574 1897; x_wconf 79' lang='grc' dir='ltr'><strong>τὰς</strong></span> <span class='ocrx_word' id='word_1_144' title='bbox 1606 1833 1714 1920; x_wconf 84' lang='grc' dir='ltr'>τῶν</span> <span class='ocrx_word' id='word_1_145' title='bbox 1737 1833 1913 1888; x_wconf 80' lang='grc' dir='ltr'><strong>ἀθέων</strong></span> <span class='ocrx_word' id='word_1_146' title='bbox 1942 1861 1988 1920; x_wconf 77' lang='grc' dir='ltr'>Β</span> 
     </span>
    </p>
   </div>
   <div class='ocr_carea' id='block_1_21' title="bbox 323 1918 1912 1997">
    <p class='ocr_par' dir='ltr' id='par_1_21' title="bbox 323 1918 1912 1997">
     <span class='ocr_line' id='line_1_21' title="bbox 323 1918 1912 1997; baseline -0.001 -19"><span class='ocrx_word' id='word_1_147' title='bbox 323 1925 678 1997; x_wconf 66' lang='grc' dir='ltr'>ἑτεροδόξων,</span> <span class='ocrx_word' id='word_1_148' title='bbox 705 1925 800 1979; x_wconf 74' lang='grc' dir='ltr'>καὶ</span> <span class='ocrx_word' id='word_1_149' title='bbox 834 1924 941 1978; x_wconf 92' lang='grc' dir='ltr'><strong>τῶν</strong></span> <span class='ocrx_word' id='word_1_150' title='bbox 967 1925 1142 1978; x_wconf 79' lang='grc' dir='ltr'>ἄλλων</span> <span class='ocrx_word' id='word_1_151' title='bbox 1180 1925 1422 1977; x_wconf 86' lang='grc' dir='ltr'>ἀπίστων</span> <span class='ocrx_word' id='word_1_152' title='bbox 1449 1924 1640 1988; x_wconf 88' lang='grc' dir='ltr'>ὲθνῶν,</span> <span class='ocrx_word' id='word_1_153' title='bbox 1669 1918 1743 1978; x_wconf 88' lang='grc' dir='ltr'><strong>ὧν</strong></span> <span class='ocrx_word' id='word_1_154' title='bbox 1779 1924 1912 1978; x_wconf 82' lang='grc' dir='ltr'>πολὺ</span> 
     </span>
    </p>
   </div>
   <div class='ocr_carea' id='block_1_22' title="bbox 339 2013 1916 2086">
    <p class='ocr_par' dir='ltr' id='par_1_22' title="bbox 339 2013 1916 2086">
     <span class='ocr_line' id='line_1_22' title="bbox 339 2013 1916 2086; baseline 0.001 -17"><span class='ocrx_word' id='word_1_155' title='bbox 339 2016 578 2086; x_wconf 73' lang='grc' dir='ltr'>βελτίους</span> <span class='ocrx_word' id='word_1_156' title='bbox 593 2013 732 2070; x_wconf 71' lang='grc' dir='ltr'>εἶναι</span> <span class='ocrx_word' id='word_1_157' title='bbox 754 2015 850 2079; x_wconf 76' lang='grc' dir='ltr'>τὰς</span> <span class='ocrx_word' id='word_1_158' title='bbox 885 2014 1205 2086; x_wconf 86' lang='grc' dir='ltr'>Ἐκκλησίας</span> <span class='ocrx_word' id='word_1_159' title='bbox 1226 2013 1318 2069; x_wconf 92' lang='grc' dir='ltr'>τοῦ</span> <span class='ocrx_word' id='word_1_160' title='bbox 1341 2014 1575 2086; x_wconf 79' lang='grc' dir='ltr'>Χριστοῦ</span> <span class='ocrx_word' id='word_1_161' title='bbox 1598 2017 1704 2080; x_wconf 84' lang='grc' dir='ltr'>πᾶς</span> <span class='ocrx_word' id='word_1_162' title='bbox 1733 2017 1762 2070; x_wconf 79' lang='grc' dir='ltr'>ὁ</span> <span class='ocrx_word' id='word_1_163' title='bbox 1785 2016 1916 2071; x_wconf 82' lang='grc' dir='ltr'>ταύ-</span> 
     </span>
    </p>
   </div>
   <div class='ocr_carea' id='block_1_23' title="bbox 337 2105 1186 2178">
    <p class='ocr_par' dir='ltr' id='par_1_23' title="bbox 337 2105 1186 2178">
     <span class='ocr_line' id='line_1_23' title="bbox 337 2105 1186 2178; baseline 0.001 -20"><span class='ocrx_word' id='word_1_164' title='bbox 337 2124 433 2170; x_wconf 82' lang='grc' dir='ltr'><strong>τας</strong></span> <span class='ocrx_word' id='word_1_165' title='bbox 457 2106 782 2178; x_wconf 65' lang='grc' dir='ltr'>αἱρούμενος</span> <span class='ocrx_word' id='word_1_166' title='bbox 810 2105 1186 2175; x_wconf 79' lang='grc' dir='ltr'>ἀποφαίνεται.</span> 
     </span>
    </p>
   </div>
   <div class='ocr_carea' id='block_1_24' title="bbox 342 2298 1910 2371">
    <p class='ocr_par' dir='ltr' id='par_1_24' title="bbox 342 2298 1910 2371">
     <span class='ocr_line' id='line_1_24' title="bbox 342 2298 1910 2371; baseline 0.001 -16"><span class='ocrx_word' id='word_1_167' title='bbox 342 2298 603 2371; x_wconf 53' lang='lat' dir='ltr'><strong>Vadam?</strong></span> <span class='ocrx_word' id='word_1_168' title='bbox 622 2305 810 2368; x_wconf 86' lang='grc' dir='ltr'>πη’.-</span> <span class='ocrx_word' id='word_1_169' title='bbox 830 2300 1086 2368; x_wconf 85' lang='grc' dir='ltr'>Χριστὸς</span> <span class='ocrx_word' id='word_1_170' title='bbox 1109 2299 1399 2370; x_wconf 75' lang='grc' dir='ltr'><strong>ὀνομαστὶ</strong></span> <span class='ocrx_word' id='word_1_171' title='bbox 1419 2301 1910 2371; x_wconf 61' lang='grc' dir='ltr'><strong>ἐξουθενημέιηὌς,</strong></span> 
     </span>
    </p>
   </div>
   <div class='ocr_carea' id='block_1_25' title="bbox 402 2370 1913 2441">
    <p class='ocr_par' dir='ltr' id='par_1_25' title="bbox 402 2370 1913 2441">
     <span class='ocr_line' id='line_1_25' title="bbox 402 2370 1913 2441; baseline 0.001 -18"><span class='ocrx_word' id='word_1_172' title='bbox 402 2371 498 2423; x_wconf 75' lang='grc' dir='ltr'>καὶ</span> <span class='ocrx_word' id='word_1_173' title='bbox 548 2370 622 2441; x_wconf 77' lang='grc' dir='ltr'>τὰ</span> <span class='ocrx_word' id='word_1_174' title='bbox 659 2371 950 2440; x_wconf 80' lang='grc' dir='ltr'>αἴσχιστα</span> <span class='ocrx_word' id='word_1_175' title='bbox 989 2375 1365 2439; x_wconf 77' lang='grc' dir='ltr'><strong>πεισόμενος,</strong></span> <span class='ocrx_word' id='word_1_176' title='bbox 1415 2370 1805 2441; x_wconf 66' lang='grc' dir='ltr'>ἀντάλλαγμα</span> <span class='ocrx_word' id='word_1_177' title='bbox 1849 2389 1913 2425; x_wconf 85' lang='grc' dir='ltr'>τε</span> 
     </span>
    </p>
   </div>
   <div class='ocr_carea' id='block_1_26' title="bbox 404 2440 1904 2511">
    <p class='ocr_par' dir='ltr' id='par_1_26' title="bbox 404 2440 1904 2511">
     <span class='ocr_line' id='line_1_26' title="bbox 404 2440 1904 2511; baseline 0.001 -19"><span class='ocrx_word' id='word_1_178' title='bbox 404 2440 593 2493; x_wconf 81' lang='grc' dir='ltr'>αὐτοῦ</span> <span class='ocrx_word' id='word_1_179' title='bbox 633 2441 785 2508; x_wconf 73' lang='grc' dir='ltr'>λαὸς</span> <span class='ocrx_word' id='word_1_180' title='bbox 831 2441 1016 2495; x_wconf 83' lang='grc' dir='ltr'>αὑτοῦ</span> <span class='ocrx_word' id='word_1_181' title='bbox 1045 2441 1162 2494; x_wconf 76' lang='grc' dir='ltr'><strong>ὑπὸ</strong></span> <span class='ocrx_word' id='word_1_182' title='bbox 1201 2441 1320 2494; x_wconf 80' lang='grc' dir='ltr'><strong>τῶν</strong></span> <span class='ocrx_word' id='word_1_183' title='bbox 1354 2441 1586 2511; x_wconf 79' lang='grc' dir='ltr'><strong>ἐχθρῶν</strong></span> <span class='ocrx_word' id='word_1_184' title='bbox 1633 2440 1904 2503; x_wconf 67' lang='grc' dir='ltr'><strong>ὀνειδιζό-</strong></span> 
     </span>
    </p>
   </div>
   <div class='ocr_carea' id='block_1_27' title="bbox 395 2527 1472 2580">
    <p class='ocr_par' dir='ltr' id='par_1_27' title="bbox 395 2527 1472 2580">
     <span class='ocr_line' id='line_1_27' title="bbox 395 2527 1472 2580; baseline -0.003 -16"><span class='ocrx_word' id='word_1_185' title='bbox 395 2527 606 2580; x_wconf 82' lang='grc' dir='ltr'>μενος.</span> <span class='ocrx_word' id='word_1_186' title='bbox 1460 2529 1472 2538; x_wconf 68' lang='grc' dir='ltr'><em>ο</em></span> 
     </span>
    </p>
   </div>
   <div class='ocr_carea' id='block_1_28' title="bbox 407 2621 1913 2689">
    <p class='ocr_par' dir='ltr' id='par_1_28' title="bbox 407 2621 1913 2689">
     <span class='ocr_line' id='line_1_28' title="bbox 407 2621 1913 2689; baseline 0.001 -13"><span class='ocrx_word' id='word_1_187' title='bbox 407 2642 426 2676; x_wconf 73' lang='grc' dir='ltr'>ι</span> <span class='ocrx_word' id='word_1_188' title='bbox 467 2625 541 2677; x_wconf 78' lang='grc' dir='ltr'><strong>Σὺ</strong></span> <span class='ocrx_word' id='word_1_189' title='bbox 592 2623 651 2676; x_wconf 78' lang='grc' dir='ltr'>δὲ</span> <span class='ocrx_word' id='word_1_190' title='bbox 705 2622 909 2677; x_wconf 84' lang='grc' dir='ltr'>ἀπώσω</span> <span class='ocrx_word' id='word_1_191' title='bbox 948 2624 1043 2677; x_wconf 74' lang='grc' dir='ltr'><strong>καὶ</strong></span> <span class='ocrx_word' id='word_1_192' title='bbox 1091 2621 1468 2689; x_wconf 79' lang='grc' dir='ltr'>ἐξουδένωσας,</span> <span class='ocrx_word' id='word_1_193' title='bbox 1520 2623 1780 2678; x_wconf 74' lang='grc' dir='ltr'>ἀνεϐάλου</span> <span class='ocrx_word' id='word_1_194' title='bbox 1823 2625 1913 2678; x_wconf 79' lang='grc' dir='ltr'><strong>τὸν</strong></span> 
     </span>
    </p>
   </div>
   <div class='ocr_carea' id='block_1_29' title="bbox 335 2716 1911 2790">
    <p class='ocr_par' dir='ltr' id='par_1_29' title="bbox 335 2716 1911 2790">
     <span class='ocr_line' id='line_1_29' title="bbox 335 2716 1911 2790; baseline -0.001 -19"><span class='ocrx_word' id='word_1_195' title='bbox 335 2717 567 2788; x_wconf 83' lang='grc' dir='ltr'>Χριστόν</span> <span class='ocrx_word' id='word_1_196' title='bbox 600 2734 718 2779; x_wconf 87' lang='grc' dir='ltr'>σου,</span> <span class='ocrx_word' id='word_1_197' title='bbox 763 2718 1138 2790; x_wconf 78' lang='grc' dir='ltr'>κατέστρεψας</span> <span class='ocrx_word' id='word_1_198' title='bbox 1173 2716 1270 2788; x_wconf 86' lang='grc' dir='ltr'><strong>τὴν</strong></span> <span class='ocrx_word' id='word_1_199' title='bbox 1300 2717 1575 2788; x_wconf 79' lang='grc' dir='ltr'>Διαθήκην</span> <span class='ocrx_word' id='word_1_200' title='bbox 1601 2717 1692 2770; x_wconf 90' lang='grc' dir='ltr'>τοῦ</span> <span class='ocrx_word' id='word_1_201' title='bbox 1725 2716 1911 2778; x_wconf 86' lang='grc' dir='ltr'>δούλου</span> 
     </span>
    </p>
   </div>
   <div class='ocr_carea' id='block_1_30' title="bbox 336 2813 1905 2886">
    <p class='ocr_par' dir='ltr' id='par_1_30' title="bbox 336 2813 1905 2886">
     <span class='ocr_line' id='line_1_30' title="bbox 336 2813 1905 2886; baseline 0.001 -22"><span class='ocrx_word' id='word_1_202' title='bbox 336 2831 449 2867; x_wconf 89' lang='grc' dir='ltr'>σου.</span> <span class='ocrx_word' id='word_1_203' title='bbox 492 2813 869 2884; x_wconf 76' lang='grc' dir='ltr'>Ἐὁεδήλωσας</span> <span class='ocrx_word' id='word_1_204' title='bbox 900 2815 978 2877; x_wconf 83' lang='grc' dir='ltr'>εἰς</span> <span class='ocrx_word' id='word_1_205' title='bbox 999 2815 1098 2885; x_wconf 83' lang='grc' dir='ltr'><strong>τὴν</strong></span> <span class='ocrx_word' id='word_1_206' title='bbox 1126 2814 1230 2885; x_wconf 84' lang='grc' dir='ltr'>γῆν</span> <span class='ocrx_word' id='word_1_207' title='bbox 1255 2814 1317 2867; x_wconf 87' lang='grc' dir='ltr'>τὸ</span> <span class='ocrx_word' id='word_1_208' title='bbox 1358 2815 1604 2886; x_wconf 86' lang='grc' dir='ltr'>ἀγίασμα</span> <span class='ocrx_word' id='word_1_209' title='bbox 1642 2813 1807 2868; x_wconf 83' lang='grc' dir='ltr'>αὐτοῦ</span> <span class='ocrx_word' id='word_1_210' title='bbox 1828 2855 1843 2879; x_wconf 94' lang='grc'><strong>,</strong></span> <span class='ocrx_word' id='word_1_211' title='bbox 1887 2833 1905 2866; x_wconf 74' lang='grc' dir='ltr'>ι</span> 
     </span>
    </p>
   </div>
   <div class='ocr_carea' id='block_1_31' title="bbox 334 2898 1910 2973">
    <p class='ocr_par' dir='ltr' id='par_1_31' title="bbox 334 2898 1910 2973">
     <span class='ocr_line' id='line_1_31' title="bbox 334 2898 1910 2973; baseline -0.002 -16"><span class='ocrx_word' id='word_1_212' title='bbox 334 2904 426 2957; x_wconf 78' lang='grc' dir='ltr'><strong>καὶ</strong></span> <span class='ocrx_word' id='word_1_213' title='bbox 479 2903 552 2956; x_wconf 75' lang='grc' dir='ltr'>τὰ</span> <span class='ocrx_word' id='word_1_214' title='bbox 605 2902 752 2972; x_wconf 61' lang='grc' dir='ltr'><strong>ἑξῆς</strong></span> <span class='ocrx_word' id='word_1_215' title='bbox 783 2898 864 2966; x_wconf 73' lang='grc' dir='ltr'><strong>οἷς</strong></span> <span class='ocrx_word' id='word_1_216' title='bbox 897 2903 1156 2971; x_wconf 81' lang='grc' dir='ltr'>ἐπιλέγει’</span> <span class='ocrx_word' id='word_1_217' title='bbox 1189 2921 1208 2954; x_wconf 79' lang='grc' dir='ltr'>ι</span> <span class='ocrx_word' id='word_1_218' title='bbox 1237 2901 1540 2972; x_wconf 79' lang='grc' dir='ltr'>Μνήσθητι,</span> <span class='ocrx_word' id='word_1_219' title='bbox 1586 2901 1780 2973; x_wconf 81' lang='grc' dir='ltr'>Κύριε,</span> <span class='ocrx_word' id='word_1_220' title='bbox 1815 2900 1910 2954; x_wconf 88' lang='grc' dir='ltr'>τοῦ</span> 
     </span>
    </p>
   </div>
   <div class='ocr_carea' id='block_1_32' title="bbox 332 2988 1912 3066">
    <p class='ocr_par' dir='ltr' id='par_1_32' title="bbox 332 2988 1912 3066">
     <span class='ocr_line' id='line_1_32' title="bbox 332 2988 1912 3066; baseline 0.001 -20"><span class='ocrx_word' id='word_1_221' title='bbox 332 2991 637 3066; x_wconf 74' lang='grc' dir='ltr'>ὁνειδισμοῦ</span> <span class='ocrx_word' id='word_1_222' title='bbox 659 2994 768 3046; x_wconf 92' lang='grc' dir='ltr'>τῶν</span> <span class='ocrx_word' id='word_1_223' title='bbox 797 2993 995 3047; x_wconf 87' lang='grc' dir='ltr'>δούλων</span> <span class='ocrx_word' id='word_1_224' title='bbox 1033 3011 1148 3057; x_wconf 89' lang='grc' dir='ltr'>σου,</span> <span class='ocrx_word' id='word_1_225' title='bbox 1183 2988 1243 3048; x_wconf 81' lang='grc' dir='ltr'>οῦ</span> <span class='ocrx_word' id='word_1_226' title='bbox 1271 2993 1505 3064; x_wconf 83' lang='grc' dir='ltr'><strong>ὑπέσχον</strong></span> <span class='ocrx_word' id='word_1_227' title='bbox 1537 2995 1594 3047; x_wconf 82' lang='grc' dir='ltr'><strong>ὲν</strong></span> <span class='ocrx_word' id='word_1_228' title='bbox 1625 2993 1702 3065; x_wconf 79' lang='grc' dir='ltr'>τῷ</span> <span class='ocrx_word' id='word_1_229' title='bbox 1727 2993 1912 3065; x_wconf 84' lang='grc' dir='ltr'>κόλπῳ</span> 
     </span>
    </p>
   </div>
   <div class='ocr_carea' id='block_1_33' title="bbox 337 3082 1910 3158">
    <p class='ocr_par' dir='ltr' id='par_1_33' title="bbox 337 3082 1910 3158">
     <span class='ocr_line' id='line_1_33' title="bbox 337 3082 1910 3158; baseline -0.001 -17"><span class='ocrx_word' id='word_1_230' title='bbox 337 3105 434 3158; x_wconf 84' lang='grc' dir='ltr'><strong>μου</strong></span> <span class='ocrx_word' id='word_1_231' title='bbox 469 3085 685 3141; x_wconf 87' lang='grc' dir='ltr'>πολλῶν</span> <span class='ocrx_word' id='word_1_232' title='bbox 713 3085 899 3149; x_wconf 76' lang='grc' dir='ltr'>ἐθνῶν,</span> <span class='ocrx_word' id='word_1_233' title='bbox 932 3082 993 3141; x_wconf 78' lang='grc' dir='ltr'>οὗ</span> <span class='ocrx_word' id='word_1_234' title='bbox 1025 3086 1307 3140; x_wconf 85' lang='grc' dir='ltr'>ὠνείδισαν</span> <span class='ocrx_word' id='word_1_235' title='bbox 1341 3087 1389 3139; x_wconf 80' lang='grc' dir='ltr'><strong>οἱ</strong></span> <span class='ocrx_word' id='word_1_236' title='bbox 1427 3086 1608 3158; x_wconf 82' lang='grc' dir='ltr'>ἐχθροί</span> <span class='ocrx_word' id='word_1_237' title='bbox 1642 3103 1757 3152; x_wconf 90' lang='grc' dir='ltr'>σου,</span> <span class='ocrx_word' id='word_1_238' title='bbox 1794 3087 1910 3140; x_wconf 81' lang='grc' dir='ltr'><strong>Κύ-</strong></span> 
     </span>
    </p>
   </div>
   <div class='ocr_carea' id='block_1_34' title="bbox 2023 542 3596 614">
    <p class='ocr_par' dir='ltr' id='par_1_34' title="bbox 2023 542 3596 614">
     <span class='ocr_line' id='line_1_34' title="bbox 2023 542 3596 614; baseline -0.001 -12"><span class='ocrx_word' id='word_1_239' title='bbox 2023 561 2277 602; x_wconf 87' lang='lat' dir='ltr'><strong>reversus</strong></span> <span class='ocrx_word' id='word_1_240' title='bbox 2312 554 2417 609; x_wconf 89' lang='lat' dir='ltr'><strong>est,</strong></span> <span class='ocrx_word' id='word_1_241' title='bbox 2448 558 2613 614; x_wconf 87' lang='lat' dir='ltr'><strong>quem</strong></span> <span class='ocrx_word' id='word_1_242' title='bbox 2654 556 2806 609; x_wconf 87' lang='lat' dir='ltr'><strong>sane,</strong></span> <span class='ocrx_word' id='word_1_243' title='bbox 2837 557 2962 596; x_wconf 91' lang='lat' dir='ltr'><strong>cum</strong></span> <span class='ocrx_word' id='word_1_244' title='bbox 2993 542 3041 598; x_wconf 90' lang='lat' dir='ltr'><strong>is</strong></span> <span class='ocrx_word' id='word_1_245' title='bbox 3075 558 3219 598; x_wconf 90' lang='lat' dir='ltr'><strong>unus</strong></span> <span class='ocrx_word' id='word_1_246' title='bbox 3250 543 3325 598; x_wconf 81' lang='lat' dir='ltr'><strong>sit</strong></span> <span class='ocrx_word' id='word_1_247' title='bbox 3355 549 3411 598; x_wconf 91' lang='lat' dir='ltr'><strong>et</strong></span> <span class='ocrx_word' id='word_1_248' title='bbox 3443 545 3596 600; x_wconf 88' lang='lat' dir='ltr'><strong>solus</strong></span> 
     </span>
    </p>
   </div>
   <div class='ocr_carea' id='block_1_35' title="bbox 2021 632 3594 708">
    <p class='ocr_par' dir='ltr' id='par_1_35' title="bbox 2021 632 3594 708">
     <span class='ocr_line' id='line_1_35' title="bbox 2021 632 3594 708; baseline -0.006 -12"><span class='ocrx_word' id='word_1_249' title='bbox 2021 654 2209 696; x_wconf 83' lang='lat' dir='ltr'><strong>revera</strong></span> <span class='ocrx_word' id='word_1_250' title='bbox 2235 637 2488 708; x_wconf 91' lang='lat' dir='ltr'><strong>proprius</strong></span> <span class='ocrx_word' id='word_1_251' title='bbox 2529 649 2596 689; x_wconf 91' lang='lat' dir='ltr'><strong>ac</strong></span> <span class='ocrx_word' id='word_1_252' title='bbox 2618 632 2955 698; x_wconf 90' lang='lat' dir='ltr'><strong>Dominicus,</strong></span> <span class='ocrx_word' id='word_1_253' title='bbox 2975 633 3254 688; x_wconf 88' lang='lat' dir='ltr'><strong>meliorem</strong></span> <span class='ocrx_word' id='word_1_254' title='bbox 3274 649 3397 690; x_wconf 90' lang='lat' dir='ltr'><strong>esse</strong></span> <span class='ocrx_word' id='word_1_255' title='bbox 3417 635 3594 699; x_wconf 88' lang='lat' dir='ltr'><strong>aiunt,</strong></span> 
     </span>
    </p>
   </div>
   <div class='ocr_carea' id='block_1_36' title="bbox 2021 724 3598 795">
    <p class='ocr_par' dir='ltr' id='par_1_36' title="bbox 2021 724 3598 795">
     <span class='ocr_line' id='line_1_36' title="bbox 2021 724 3598 795; baseline -0.004 -8"><span class='ocrx_word' id='word_1_256' title='bbox 2021 732 2144 786; x_wconf 89' lang='lat' dir='ltr'><strong>aliis</strong></span> <span class='ocrx_word' id='word_1_257' title='bbox 2173 727 2671 784; x_wconf 83' lang='lat' dir='ltr'><strong>innumerabilibus</strong></span> <span class='ocrx_word' id='word_1_258' title='bbox 2711 724 2931 791; x_wconf 85' lang='lat' dir='ltr'><strong>diebus,</strong></span> <span class='ocrx_word' id='word_1_259' title='bbox 2967 724 3085 780; x_wconf 83' lang='lat' dir='ltr'><strong>sive</strong></span> <span class='ocrx_word' id='word_1_260' title='bbox 3107 724 3201 795; x_wconf 90' lang='lat' dir='ltr'><strong>qui</strong></span> <span class='ocrx_word' id='word_1_261' title='bbox 3230 725 3598 780; x_wconf 77' lang='lat' dir='ltr'><strong>communiter</strong></span> 
     </span>
    </p>
   </div>
   <div class='ocr_carea' id='block_1_37' title="bbox 2019 814 3597 892">
    <p class='ocr_par' dir='ltr' id='par_1_37' title="bbox 2019 814 3597 892">
     <span class='ocr_line' id='line_1_37' title="bbox 2019 814 3597 892; baseline -0.006 -15"><span class='ocrx_word' id='word_1_262' title='bbox 2019 821 2414 892; x_wconf 87' lang='lat' dir='ltr'><strong>intelligantur,</strong></span> <span class='ocrx_word' id='word_1_263' title='bbox 2447 818 2565 874; x_wconf 86' lang='lat' dir='ltr'><strong>sive</strong></span> <span class='ocrx_word' id='word_1_264' title='bbox 2592 816 2688 888; x_wconf 90' lang='lat' dir='ltr'><strong>qui</strong></span> <span class='ocrx_word' id='word_1_265' title='bbox 2714 831 2745 870; x_wconf 91' lang='lat' dir='ltr'><strong>a</strong></span> <span class='ocrx_word' id='word_1_266' title='bbox 2780 815 2929 872; x_wconf 69' lang='lat' dir='ltr'><strong>hlose</strong></span> <span class='ocrx_word' id='word_1_267' title='bbox 2957 815 3012 869; x_wconf 91' lang='lat' dir='ltr'><strong>in</strong></span> <span class='ocrx_word' id='word_1_268' title='bbox 3049 814 3388 871; x_wconf 87' lang='lat' dir='ltr'><strong>solemnibus</strong></span> <span class='ocrx_word' id='word_1_269' title='bbox 3412 824 3466 870; x_wconf 90' lang='lat' dir='ltr'><strong>et</strong></span> <span class='ocrx_word' id='word_1_270' title='bbox 3496 830 3597 869; x_wconf 89' lang='lat' dir='ltr'><strong>no-</strong></span> 
     </span>
    </p>
   </div>
   <div class='ocr_carea' id='block_1_38' title="bbox 2019 907 3599 980">
    <p class='ocr_par' dir='ltr' id='par_1_38' title="bbox 2019 907 3599 980">
     <span class='ocr_line' id='line_1_38' title="bbox 2019 907 3599 980; baseline -0.002 -15"><span class='ocrx_word' id='word_1_271' title='bbox 2019 913 2244 970; x_wconf 88' lang='lat' dir='ltr'><strong>viluniis</strong></span> <span class='ocrx_word' id='word_1_272' title='bbox 2284 921 2340 969; x_wconf 89' lang='lat' dir='ltr'><strong>et</strong></span> <span class='ocrx_word' id='word_1_273' title='bbox 2377 911 2623 968; x_wconf 81' lang='lat' dir='ltr'><strong>sabbatis</strong></span> <span class='ocrx_word' id='word_1_274' title='bbox 2663 910 2781 980; x_wconf 86' lang='lat' dir='ltr'><strong>lege</strong></span> <span class='ocrx_word' id='word_1_275' title='bbox 2827 907 3028 962; x_wconf 92' lang='lat' dir='ltr'><strong>sanciti</strong></span> <span class='ocrx_word' id='word_1_276' title='bbox 3074 907 3206 972; x_wconf 85' lang='lat' dir='ltr'><strong>sint,</strong></span> <span class='ocrx_word' id='word_1_277' title='bbox 3240 923 3379 978; x_wconf 90' lang='lat' dir='ltr'><strong>quos</strong></span> <span class='ocrx_word' id='word_1_278' title='bbox 3407 907 3599 976; x_wconf 88' lang='lat' dir='ltr'><strong>utique</strong></span> 
     </span>
    </p>
   </div>
   <div class='ocr_carea' id='block_1_39' title="bbox 2019 999 3599 1070">
    <p class='ocr_par' dir='ltr' id='par_1_39' title="bbox 2019 999 3599 1070">
     <span class='ocr_line' id='line_1_39' title="bbox 2019 999 3599 1070; baseline -0.004 -9"><span class='ocrx_word' id='word_1_279' title='bbox 2019 1020 2130 1061; x_wconf 92' lang='lat' dir='ltr'><strong>non</strong></span> <span class='ocrx_word' id='word_1_280' title='bbox 2160 1005 2298 1070; x_wconf 80' lang='lat' dir='ltr'><strong>dies,</strong></span> <span class='ocrx_word' id='word_1_281' title='bbox 2334 1004 2432 1060; x_wconf 91' lang='lat' dir='ltr'><strong>sed</strong></span> <span class='ocrx_word' id='word_1_282' title='bbox 2464 1003 2678 1058; x_wconf 90' lang='lat' dir='ltr'><strong>dierum</strong></span> <span class='ocrx_word' id='word_1_283' title='bbox 2711 1001 2937 1056; x_wconf 87' lang='lat' dir='ltr'><strong>umbras</strong></span> <span class='ocrx_word' id='word_1_284' title='bbox 2976 1015 3102 1056; x_wconf 91' lang='lat' dir='ltr'><strong>esse</strong></span> <span class='ocrx_word' id='word_1_285' title='bbox 3126 999 3348 1056; x_wconf 89' lang='lat' dir='ltr'><strong>divinus</strong></span> <span class='ocrx_word' id='word_1_286' title='bbox 3374 1007 3599 1070; x_wconf 88' lang='lat' dir='ltr'><strong>aposto-</strong></span> 
     </span>
    </p>
   </div>
   <div class='ocr_carea' id='block_1_40' title="bbox 2021 1091 3601 1152">
    <p class='ocr_par' dir='ltr' id='par_1_40' title="bbox 2021 1091 3601 1152">
     <span class='ocr_line' id='line_1_40' title="bbox 2021 1091 3601 1152; baseline -0.004 0"><span class='ocrx_word' id='word_1_287' title='bbox 2021 1098 2106 1152; x_wconf 89' lang='lat' dir='ltr'><strong>lus</strong></span> <span class='ocrx_word' id='word_1_288' title='bbox 2158 1097 2339 1152; x_wconf 82' lang='lat' dir='ltr'><strong>docet.</strong></span> <span class='ocrx_word' id='word_1_289' title='bbox 2382 1094 2482 1149; x_wconf 82' lang='lat' dir='ltr'><strong>Hic</strong></span> <span class='ocrx_word' id='word_1_290' title='bbox 2530 1102 2716 1149; x_wconf 90' lang='lat' dir='ltr'><strong>autem</strong></span> <span class='ocrx_word' id='word_1_291' title='bbox 2763 1092 2916 1148; x_wconf 89' lang='lat' dir='ltr'><strong>solus</strong></span> <span class='ocrx_word' id='word_1_292' title='bbox 2972 1099 3029 1147; x_wconf 88' lang='lat' dir='ltr'><strong>et</strong></span> <span class='ocrx_word' id='word_1_293' title='bbox 3073 1108 3217 1147; x_wconf 90' lang='lat' dir='ltr'><strong>unus</strong></span> <span class='ocrx_word' id='word_1_294' title='bbox 3275 1091 3601 1146; x_wconf 87' lang='lat' dir='ltr'><strong>Dominicus</strong></span> 
     </span>
    </p>
   </div>
   <div class='ocr_carea' id='block_1_41' title="bbox 2022 1182 3596 1249">
    <p class='ocr_par' dir='ltr' id='par_1_41' title="bbox 2022 1182 3596 1249">
     <span class='ocr_line' id='line_1_41' title="bbox 2022 1182 3596 1249; baseline -0.005 -5"><span class='ocrx_word' id='word_1_295' title='bbox 2022 1188 2322 1244; x_wconf 89' lang='lat' dir='ltr'><strong>Salvatoris</strong></span> <span class='ocrx_word' id='word_1_296' title='bbox 2349 1186 2525 1242; x_wconf 88' lang='lat' dir='ltr'><strong>nostri</strong></span> <span class='ocrx_word' id='word_1_297' title='bbox 2556 1187 2696 1249; x_wconf 86' lang='lat' dir='ltr'><strong>dies,</strong></span> <span class='ocrx_word' id='word_1_298' title='bbox 2722 1200 2832 1240; x_wconf 91' lang='lat' dir='ltr'><strong>non</strong></span> <span class='ocrx_word' id='word_1_299' title='bbox 2857 1185 2914 1239; x_wconf 91' lang='lat' dir='ltr'><strong>in</strong></span> <span class='ocrx_word' id='word_1_300' title='bbox 2941 1184 3091 1240; x_wconf 90' lang='lat' dir='ltr'><strong>omni</strong></span> <span class='ocrx_word' id='word_1_301' title='bbox 3122 1185 3244 1238; x_wconf 93' lang='lat' dir='ltr'><strong>loco</strong></span> <span class='ocrx_word' id='word_1_302' title='bbox 3270 1183 3471 1248; x_wconf 89' lang='lat' dir='ltr'><strong>lucere,</strong></span> <span class='ocrx_word' id='word_1_303' title='bbox 3499 1182 3596 1237; x_wconf 73' lang='lat' dir='ltr'><strong>scil</strong></span> 
     </span>
    </p>
   </div>
   <div class='ocr_carea' id='block_1_42' title="bbox 2020 1276 3594 1338">
    <p class='ocr_par' dir='ltr' id='par_1_42' title="bbox 2020 1276 3594 1338">
     <span class='ocr_line' id='line_1_42' title="bbox 2020 1276 3594 1338; baseline -0.006 -1"><span class='ocrx_word' id='word_1_304' title='bbox 2020 1283 2076 1337; x_wconf 91' lang='lat' dir='ltr'><strong>in</strong></span> <span class='ocrx_word' id='word_1_305' title='bbox 2115 1282 2250 1338; x_wconf 91' lang='lat' dir='ltr'><strong>solis</strong></span> <span class='ocrx_word' id='word_1_306' title='bbox 2296 1280 2455 1336; x_wconf 91' lang='lat' dir='ltr'><strong>atriis</strong></span> <span class='ocrx_word' id='word_1_307' title='bbox 2490 1279 2706 1334; x_wconf 90' lang='lat' dir='ltr'><strong>Domini</strong></span> <span class='ocrx_word' id='word_1_308' title='bbox 2744 1278 2927 1334; x_wconf 90' lang='lat' dir='ltr'><strong>dictus</strong></span> <span class='ocrx_word' id='word_1_309' title='bbox 2969 1286 3073 1334; x_wconf 89' lang='lat' dir='ltr'><strong>est.</strong></span> <span class='ocrx_word' id='word_1_310' title='bbox 3128 1276 3254 1331; x_wconf 65' lang='lat' dir='ltr'><strong>Haec</strong></span> <span class='ocrx_word' id='word_1_311' title='bbox 3297 1291 3425 1331; x_wconf 87' lang='lat' dir='ltr'><strong>vero</strong></span> <span class='ocrx_word' id='word_1_312' title='bbox 3458 1277 3594 1330; x_wconf 89' lang='lat' dir='ltr'><strong>atria</strong></span> 
     </span>
    </p>
   </div>
   <div class='ocr_carea' id='block_1_43' title="bbox 2018 1369 3595 1444">
    <p class='ocr_par' dir='ltr' id='par_1_43' title="bbox 2018 1369 3595 1444">
     <span class='ocr_line' id='line_1_43' title="bbox 2018 1369 3595 1444; baseline -0.004 -14"><span class='ocrx_word' id='word_1_313' title='bbox 2018 1381 2181 1430; x_wconf 91' lang='lat' dir='ltr'><strong>erunt</strong></span> <span class='ocrx_word' id='word_1_314' title='bbox 2211 1388 2306 1444; x_wconf 87' lang='lat' dir='ltr'><strong>per</strong></span> <span class='ocrx_word' id='word_1_315' title='bbox 2333 1380 2510 1428; x_wconf 91' lang='lat' dir='ltr'><strong>totum</strong></span> <span class='ocrx_word' id='word_1_316' title='bbox 2553 1372 2741 1426; x_wconf 85' lang='lat' dir='ltr'><strong>orbem</strong></span> <span class='ocrx_word' id='word_1_317' title='bbox 2770 1377 3038 1426; x_wconf 87' lang='lat' dir='ltr'><strong>terrarum</strong></span> <span class='ocrx_word' id='word_1_318' title='bbox 3079 1370 3283 1426; x_wconf 84' lang='lat' dir='ltr'><strong>Christi</strong></span> <span class='ocrx_word' id='word_1_319' title='bbox 3315 1369 3595 1432; x_wconf 57' lang='lat' dir='ltr'><strong>Ecclesiae,</strong></span> 
     </span>
    </p>
   </div>
   <div class='ocr_carea' id='block_1_44' title="bbox 2018 1461 3608 1537">
    <p class='ocr_par' dir='ltr' id='par_1_44' title="bbox 2018 1461 3608 1537">
     <span class='ocr_line' id='line_1_44' title="bbox 2018 1461 3608 1537; baseline -0.004 -15"><span class='ocrx_word' id='word_1_320' title='bbox 2018 1482 2139 1537; x_wconf 68' lang='lat' dir='ltr'><strong>qua:</strong></span> <span class='ocrx_word' id='word_1_321' title='bbox 2168 1467 2334 1523; x_wconf 90' lang='lat' dir='ltr'><strong>unius</strong></span> <span class='ocrx_word' id='word_1_322' title='bbox 2375 1465 2576 1521; x_wconf 83' lang='lat' dir='ltr'><strong>domus</strong></span> <span class='ocrx_word' id='word_1_323' title='bbox 2626 1464 2722 1520; x_wconf 88' lang='lat' dir='ltr'><strong>Dei</strong></span> <span class='ocrx_word' id='word_1_324' title='bbox 2770 1465 2950 1519; x_wconf 89' lang='lat' dir='ltr'><strong>locum</strong></span> <span class='ocrx_word' id='word_1_325' title='bbox 2998 1464 3270 1518; x_wconf 81' lang='lat' dir='ltr'><strong>obtinent.</strong></span> <span class='ocrx_word' id='word_1_326' title='bbox 3303 1463 3365 1517; x_wconf 87' lang='lat' dir='ltr'><strong>In</strong></span> <span class='ocrx_word' id='word_1_327' title='bbox 3398 1461 3608 1532; x_wconf 75' lang='lat' dir='ltr'><strong>quibus</strong></span> 
     </span>
    </p>
   </div>
   <div class='ocr_carea' id='block_1_45' title="bbox 2016 1552 3601 1628">
    <p class='ocr_par' dir='ltr' id='par_1_45' title="bbox 2016 1552 3601 1628">
     <span class='ocr_line' id='line_1_45' title="bbox 2016 1552 3601 1628; baseline -0.005 -17"><span class='ocrx_word' id='word_1_328' title='bbox 2016 1564 2169 1628; x_wconf 87' lang='lat' dir='ltr'><strong>optat</strong></span> <span class='ocrx_word' id='word_1_329' title='bbox 2197 1565 2360 1628; x_wconf 90' lang='lat' dir='ltr'><strong>atque</strong></span> <span class='ocrx_word' id='word_1_330' title='bbox 2405 1556 2561 1626; x_wconf 81' lang='lat' dir='ltr'><strong>eligit</strong></span> <span class='ocrx_word' id='word_1_331' title='bbox 2605 1571 2665 1612; x_wconf 87' lang='lat' dir='ltr'><strong>se</strong></span> <span class='ocrx_word' id='word_1_332' title='bbox 2696 1555 2879 1626; x_wconf 85' lang='lat' dir='ltr'><strong>potius</strong></span> <span class='ocrx_word' id='word_1_333' title='bbox 2909 1553 3182 1624; x_wconf 70' lang='lat' dir='ltr'><strong>abiectum</strong></span> <span class='ocrx_word' id='word_1_334' title='bbox 3211 1568 3355 1614; x_wconf 88' lang='lat' dir='ltr'><strong>esse,</strong></span> <span class='ocrx_word' id='word_1_335' title='bbox 3388 1552 3483 1621; x_wconf 92' lang='lat' dir='ltr'><strong>qui</strong></span> <span class='ocrx_word' id='word_1_336' title='bbox 3514 1560 3601 1604; x_wconf 64' lang='grc' dir='ltr'><strong>ιον-</strong></span> 
     </span>
    </p>
   </div>
   <div class='ocr_carea' id='block_1_46' title="bbox 2016 1641 3592 1718">
    <p class='ocr_par' dir='ltr' id='par_1_46' title="bbox 2016 1641 3592 1718">
     <span class='ocr_line' id='line_1_46' title="bbox 2016 1641 3592 1718; baseline -0.006 -16"><span class='ocrx_word' id='word_1_337' title='bbox 2016 1649 2089 1703; x_wconf 89' lang='lat' dir='ltr'><strong>lia</strong></span> <span class='ocrx_word' id='word_1_338' title='bbox 2136 1648 2308 1712; x_wconf 92' lang='lat' dir='ltr'><strong>novit,</strong></span> <span class='ocrx_word' id='word_1_339' title='bbox 2344 1647 2614 1718; x_wconf 78' lang='lat' dir='ltr'><strong>longeque</strong></span> <span class='ocrx_word' id='word_1_340' title='bbox 2667 1645 2949 1701; x_wconf 89' lang='lat' dir='ltr'><strong>meliorem</strong></span> <span class='ocrx_word' id='word_1_341' title='bbox 2989 1645 3046 1698; x_wconf 92' lang='lat' dir='ltr'><strong>in</strong></span> <span class='ocrx_word' id='word_1_342' title='bbox 3073 1644 3143 1698; x_wconf 92' lang='lat' dir='ltr'><strong>iis</strong></span> <span class='ocrx_word' id='word_1_343' title='bbox 3201 1641 3592 1696; x_wconf 82' lang='lat' dir='ltr'><strong>habitationem</strong></span> 
     </span>
    </p>
   </div>
   <div class='ocr_carea' id='block_1_47' title="bbox 2015 1731 3597 1810">
    <p class='ocr_par' dir='ltr' id='par_1_47' title="bbox 2015 1731 3597 1810">
     <span class='ocr_line' id='line_1_47' title="bbox 2015 1731 3597 1810; baseline -0.005 -16"><span class='ocrx_word' id='word_1_344' title='bbox 2015 1740 2288 1804; x_wconf 85' lang='lat' dir='ltr'><strong>enuntiat,</strong></span> <span class='ocrx_word' id='word_1_345' title='bbox 2333 1755 2498 1810; x_wconf 90' lang='lat' dir='ltr'><strong>quam</strong></span> <span class='ocrx_word' id='word_1_346' title='bbox 2529 1739 2586 1794; x_wconf 92' lang='lat' dir='ltr'><strong>in</strong></span> <span class='ocrx_word' id='word_1_347' title='bbox 2633 1749 2985 1810; x_wconf 88' lang='lat' dir='ltr'><strong>peccatorum</strong></span> <span class='ocrx_word' id='word_1_348' title='bbox 3034 1734 3406 1792; x_wconf 83' lang='lat' dir='ltr'><strong>tabernaculis</strong></span> <span class='ocrx_word' id='word_1_349' title='bbox 3438 1750 3453 1789; x_wconf 91' lang='lat'><strong>:</strong></span> <span class='ocrx_word' id='word_1_350' title='bbox 3489 1731 3597 1788; x_wconf 88' lang='lat' dir='ltr'><strong>nisi</strong></span> 
     </span>
    </p>
   </div>
   <div class='ocr_carea' id='block_1_48' title="bbox 2017 1828 3602 1903">
    <p class='ocr_par' dir='ltr' id='par_1_48' title="bbox 2017 1828 3602 1903">
     <span class='ocr_line' id='line_1_48' title="bbox 2017 1828 3602 1903; baseline -0.004 -17"><span class='ocrx_word' id='word_1_351' title='bbox 2017 1831 2156 1888; x_wconf 86' lang='lat' dir='ltr'><strong>forte</strong></span> <span class='ocrx_word' id='word_1_352' title='bbox 2201 1831 2550 1898; x_wconf 70' lang='lat' dir='ltr'><strong>Judaaorum,</strong></span> <span class='ocrx_word' id='word_1_353' title='bbox 2602 1832 2696 1903; x_wconf 89' lang='lat' dir='ltr'><strong>qui</strong></span> <span class='ocrx_word' id='word_1_354' title='bbox 2744 1831 3025 1887; x_wconf 86' lang='lat' dir='ltr'><strong>Christum</strong></span> <span class='ocrx_word' id='word_1_355' title='bbox 3071 1828 3167 1886; x_wconf 91' lang='lat' dir='ltr'><strong>Dei</strong></span> <span class='ocrx_word' id='word_1_356' title='bbox 3219 1834 3451 1899; x_wconf 86' lang='lat' dir='ltr'><strong>negant,</strong></span> <span class='ocrx_word' id='word_1_357' title='bbox 3504 1834 3602 1880; x_wconf 85' lang='lat' dir='ltr'><strong>aut.</strong></span> 
     </span>
    </p>
   </div>
   <div class='ocr_carea' id='block_1_49' title="bbox 2016 1920 3598 1998">
    <p class='ocr_par' dir='ltr' id='par_1_49' title="bbox 2016 1920 3598 1998">
     <span class='ocr_line' id='line_1_49' title="bbox 2016 1920 3598 1998; baseline -0.004 -17"><span class='ocrx_word' id='word_1_358' title='bbox 2016 1928 2248 1982; x_wconf 91' lang='lat' dir='ltr'><strong>aliorum</strong></span> <span class='ocrx_word' id='word_1_359' title='bbox 2284 1926 2500 1982; x_wconf 85' lang='lat' dir='ltr'><strong>diversa</strong></span> <span class='ocrx_word' id='word_1_360' title='bbox 2533 1926 2898 1998; x_wconf 84' lang='lat' dir='ltr'><strong>opinantium,</strong></span> <span class='ocrx_word' id='word_1_361' title='bbox 2938 1924 3264 1994; x_wconf 88' lang='lat' dir='ltr'><strong>nullumque</strong></span> <span class='ocrx_word' id='word_1_362' title='bbox 3299 1920 3468 1976; x_wconf 89' lang='lat' dir='ltr'><strong>Deum</strong></span> <span class='ocrx_word' id='word_1_363' title='bbox 3501 1933 3598 1974; x_wconf 83' lang='lat' dir='ltr'><strong>co-</strong></span> 
     </span>
    </p>
   </div>
   <div class='ocr_carea' id='block_1_50' title="bbox 2017 2013 3597 2089">
    <p class='ocr_par' dir='ltr' id='par_1_50' title="bbox 2017 2013 3597 2089">
     <span class='ocr_line' id='line_1_50' title="bbox 2017 2013 3597 2089; baseline -0.005 -15"><span class='ocrx_word' id='word_1_364' title='bbox 2017 2020 2264 2084; x_wconf 89' lang='lat' dir='ltr'><strong>lentium,</strong></span> <span class='ocrx_word' id='word_1_365' title='bbox 2298 2019 2743 2089; x_wconf 88' lang='lat' dir='ltr'><strong>reliquarumque</strong></span> <span class='ocrx_word' id='word_1_366' title='bbox 2775 2032 2808 2072; x_wconf 91' lang='lat' dir='ltr'><strong>a</strong></span> <span class='ocrx_word' id='word_1_367' title='bbox 2839 2016 2943 2072; x_wconf 81' lang='lat' dir='ltr'><strong>[ide</strong></span> <span class='ocrx_word' id='word_1_368' title='bbox 2969 2015 3386 2072; x_wconf 84' lang='lat' dir='ltr'><strong>abhorrentium</strong></span> <span class='ocrx_word' id='word_1_369' title='bbox 3411 2013 3597 2067; x_wconf 89' lang='lat' dir='ltr'><strong>natio-</strong></span> 
     </span>
    </p>
   </div>
   <div class='ocr_carea' id='block_1_51' title="bbox 2014 2104 3599 2178">
    <p class='ocr_par' dir='ltr' id='par_1_51' title="bbox 2014 2104 3599 2178">
     <span class='ocr_line' id='line_1_51' title="bbox 2014 2104 3599 2178; baseline -0.007 -10"><span class='ocrx_word' id='word_1_370' title='bbox 2014 2129 2145 2168; x_wconf 89' lang='lat' dir='ltr'><strong>num</strong></span> <span class='ocrx_word' id='word_1_371' title='bbox 2170 2119 2497 2177; x_wconf 90' lang='lat' dir='ltr'><strong>conventus,</strong></span> <span class='ocrx_word' id='word_1_372' title='bbox 2529 2112 2702 2167; x_wconf 88' lang='lat' dir='ltr'><strong>multo</strong></span> <span class='ocrx_word' id='word_1_373' title='bbox 2743 2110 3001 2166; x_wconf 86' lang='lat' dir='ltr'><strong>meliores</strong></span> <span class='ocrx_word' id='word_1_374' title='bbox 3031 2123 3156 2164; x_wconf 89' lang='lat' dir='ltr'><strong>esse</strong></span> <span class='ocrx_word' id='word_1_375' title='bbox 3185 2121 3355 2178; x_wconf 88' lang='lat' dir='ltr'><strong>quam</strong></span> <span class='ocrx_word' id='word_1_376' title='bbox 3389 2104 3599 2160; x_wconf 85' lang='lat' dir='ltr'><strong>Christi</strong></span> 
     </span>
    </p>
   </div>
   <div class='ocr_carea' id='block_1_52' title="bbox 2014 2200 3397 2276">
    <p class='ocr_par' dir='ltr' id='par_1_52' title="bbox 2014 2200 3397 2276">
     <span class='ocr_line' id='line_1_52' title="bbox 2014 2200 3397 2276; baseline -0.004 -18"><span class='ocrx_word' id='word_1_377' title='bbox 2014 2205 2308 2270; x_wconf 87' lang='lat' dir='ltr'><strong>Ecclesias,</strong></span> <span class='ocrx_word' id='word_1_378' title='bbox 2345 2205 2656 2276; x_wconf 91' lang='lat' dir='ltr'><strong>quicunque</strong></span> <span class='ocrx_word' id='word_1_379' title='bbox 2683 2203 2848 2259; x_wconf 89' lang='lat' dir='ltr'><strong>hasce</strong></span> <span class='ocrx_word' id='word_1_380' title='bbox 2887 2201 3057 2272; x_wconf 87' lang='lat' dir='ltr'><strong>eligit,</strong></span> <span class='ocrx_word' id='word_1_381' title='bbox 3092 2200 3397 2271; x_wconf 76' lang='lat' dir='ltr'><strong>profitetur.</strong></span> 
     </span>
    </p>
   </div>
   <div class='ocr_carea' id='block_1_53' title="bbox 2015 2308 3599 2382">
    <p class='ocr_par' dir='ltr' id='par_1_53' title="bbox 2015 2308 3599 2382">
     <span class='ocr_line' id='line_1_53' title="bbox 2015 2308 3599 2382; baseline -0.003 -13"><span class='ocrx_word' id='word_1_382' title='bbox 2015 2317 2055 2369; x_wconf 82' lang='grc' dir='ltr'><em>Α</em></span> <span class='ocrx_word' id='word_1_383' title='bbox 2110 2315 2319 2382; x_wconf 79' lang='lat' dir='ltr'><strong>psalmo</strong></span> <span class='ocrx_word' id='word_1_384' title='bbox 2359 2331 2626 2370; x_wconf 78' lang='lat' dir='ltr'><strong>Lxxxvm.</strong></span> <span class='ocrx_word' id='word_1_385' title='bbox 2670 2345 2740 2355; x_wconf 95' lang='lat'><strong>—</strong></span> <span class='ocrx_word' id='word_1_386' title='bbox 2769 2313 3012 2370; x_wconf 72' lang='lat' dir='ltr'><strong>Christus</strong></span> <span class='ocrx_word' id='word_1_387' title='bbox 3055 2311 3374 2367; x_wconf 79' lang='lat' dir='ltr'><strong>nominatim</strong></span> <span class='ocrx_word' id='word_1_388' title='bbox 3413 2308 3599 2382; x_wconf 79' lang='lat' dir='ltr'><strong>despe-</strong></span> 
     </span>
    </p>
   </div>
   <div class='ocr_carea' id='block_1_54' title="bbox 2087 2381 3598 2456">
    <p class='ocr_par' dir='ltr' id='par_1_54' title="bbox 2087 2381 3598 2456">
     <span class='ocr_line' id='line_1_54' title="bbox 2087 2381 3598 2456; baseline -0.005 -18"><span class='ocrx_word' id='word_1_389' title='bbox 2087 2381 2223 2450; x_wconf 82' lang='lat' dir='ltr'><strong>ctus,</strong></span> <span class='ocrx_word' id='word_1_390' title='bbox 2257 2399 2412 2456; x_wconf 85' lang='lat' dir='ltr'><strong>atque</strong></span> <span class='ocrx_word' id='word_1_391' title='bbox 2440 2387 2618 2440; x_wconf 83' lang='lat' dir='ltr'><strong>omnia</strong></span> <span class='ocrx_word' id='word_1_392' title='bbox 2653 2384 2848 2454; x_wconf 82' lang='lat' dir='ltr'><strong>probra</strong></span> <span class='ocrx_word' id='word_1_393' title='bbox 2891 2399 3194 2456; x_wconf 79' lang='lat' dir='ltr'><strong>passurus:</strong></span> <span class='ocrx_word' id='word_1_394' title='bbox 3215 2381 3598 2456; x_wconf 65' lang='lat' dir='ltr'><strong>commutatio-</strong></span> 
     </span>
    </p>
   </div>
   <div class='ocr_carea' id='block_1_55' title="bbox 2083 2452 3598 2580">
    <p class='ocr_par' dir='ltr' id='par_1_55' title="bbox 2083 2452 3598 2580">
     <span class='ocr_line' id='line_1_55' title="bbox 2083 2452 3598 2580; baseline -0.003 -70"><span class='ocrx_word' id='word_1_395' title='bbox 2083 2452 2342 2580; x_wconf 44' lang='lat' dir='ltr'><strong>gustatis,</strong></span> <span class='ocrx_word' id='word_1_396' title='bbox 2376 2458 2598 2527; x_wconf 84' lang='lat' dir='ltr'><strong>populus</strong></span> <span class='ocrx_word' id='word_1_397' title='bbox 2634 2452 2898 2526; x_wconf 82' lang='lat' dir='ltr'><strong>ejusdem,</strong></span> <span class='ocrx_word' id='word_1_398' title='bbox 2927 2455 3017 2522; x_wconf 85' lang='lat' dir='ltr'><strong>qui</strong></span> <span class='ocrx_word' id='word_1_399' title='bbox 3054 2454 3118 2508; x_wconf 89' lang='lat' dir='ltr'><strong>ab</strong></span> <span class='ocrx_word' id='word_1_400' title='bbox 3149 2452 3377 2507; x_wconf 76' lang='lat' dir='ltr'><strong>inimicis</strong></span> <span class='ocrx_word' id='word_1_401' title='bbox 3407 2465 3598 2517; x_wconf 77' lang='lat' dir='ltr'><strong>expro-</strong></span> 
     </span>
    </p>
   </div>
   <div class='ocr_carea' id='block_1_56' title="bbox 2019 2631 3601 2711">
    <p class='ocr_par' dir='ltr' id='par_1_56' title="bbox 2019 2631 3601 2711">
     <span class='ocr_line' id='line_1_56' title="bbox 2019 2631 3601 2711; baseline -0.008 -15"><span class='ocrx_word' id='word_1_402' title='bbox 2019 2641 2178 2711; x_wconf 78' lang='lat'><strong>187</strong></span> <span class='ocrx_word' id='word_1_403' title='bbox 2215 2661 2233 2693; x_wconf 76' lang='grc' dir='ltr'><strong>σ</strong></span> <span class='ocrx_word' id='word_1_404' title='bbox 2272 2641 2355 2696; x_wconf 91' lang='lat' dir='ltr'><strong>Tu</strong></span> <span class='ocrx_word' id='word_1_405' title='bbox 2390 2655 2522 2696; x_wconf 89' lang='lat' dir='ltr'><strong>vero</strong></span> <span class='ocrx_word' id='word_1_406' title='bbox 2569 2638 2823 2710; x_wconf 88' lang='lat' dir='ltr'><strong>repulisti</strong></span> <span class='ocrx_word' id='word_1_407' title='bbox 2864 2646 2919 2694; x_wconf 89' lang='lat' dir='ltr'><strong>et</strong></span> <span class='ocrx_word' id='word_1_408' title='bbox 2946 2636 3268 2709; x_wconf 79' lang='lat' dir='ltr'><strong>despexisti,</strong></span> <span class='ocrx_word' id='word_1_409' title='bbox 3329 2631 3601 2691; x_wconf 85' lang='lat' dir='ltr'><strong>distulisti</strong></span> 
     </span>
    </p>
   </div>
   <div class='ocr_carea' id='block_1_57' title="bbox 2013 2724 3594 2788">
    <p class='ocr_par' dir='ltr' id='par_1_57' title="bbox 2013 2724 3594 2788">
     <span class='ocr_line' id='line_1_57' title="bbox 2013 2724 3594 2788; baseline -0.006 0"><span class='ocrx_word' id='word_1_410' title='bbox 2013 2734 2294 2788; x_wconf 86' lang='lat' dir='ltr'><strong>Christum</strong></span> <span class='ocrx_word' id='word_1_411' title='bbox 2337 2741 2536 2788; x_wconf 90' lang='lat' dir='ltr'><strong>tuum:</strong></span> <span class='ocrx_word' id='word_1_412' title='bbox 2576 2733 2824 2788; x_wconf 88' lang='lat' dir='ltr'><strong>evertisti</strong></span> <span class='ocrx_word' id='word_1_413' title='bbox 2867 2738 3259 2788; x_wconf 88' lang='lat' dir='ltr'><strong>testamentum</strong></span> <span class='ocrx_word' id='word_1_414' title='bbox 3307 2727 3451 2784; x_wconf 87' lang='lat' dir='ltr'><strong>servi</strong></span> <span class='ocrx_word' id='word_1_415' title='bbox 3486 2724 3594 2781; x_wconf 90' lang='lat' dir='ltr'><strong>sui.</strong></span> 
     </span>
    </p>
   </div>
   <div class='ocr_carea' id='block_1_58' title="bbox 2013 2821 3602 2891">
    <p class='ocr_par' dir='ltr' id='par_1_58' title="bbox 2013 2821 3602 2891">
     <span class='ocr_line' id='line_1_58' title="bbox 2013 2821 3602 2891; baseline -0.004 -14"><span class='ocrx_word' id='word_1_416' title='bbox 2013 2822 2324 2880; x_wconf 82' lang='lat' dir='ltr'><strong>Profanasti</strong></span> <span class='ocrx_word' id='word_1_417' title='bbox 2369 2825 2426 2878; x_wconf 90' lang='lat' dir='ltr'><strong>in</strong></span> <span class='ocrx_word' id='word_1_418' title='bbox 2473 2832 2621 2880; x_wconf 88' lang='lat' dir='ltr'><strong>terra</strong></span> <span class='ocrx_word' id='word_1_419' title='bbox 2664 2823 3041 2878; x_wconf 86' lang='lat' dir='ltr'><strong>sanctuarium</strong></span> <span class='ocrx_word' id='word_1_420' title='bbox 3074 2821 3275 2891; x_wconf 79' lang='lat' dir='ltr'><strong>ejus&quot;,</strong></span> <span class='ocrx_word' id='word_1_421' title='bbox 3318 2837 3337 2871; x_wconf 69' lang='grc' dir='ltr'><strong>ι</strong></span> <span class='ocrx_word' id='word_1_422' title='bbox 3379 2825 3435 2873; x_wconf 89' lang='lat' dir='ltr'><strong>et</strong></span> <span class='ocrx_word' id='word_1_423' title='bbox 3474 2831 3602 2888; x_wconf 73' lang='lat' dir='ltr'><strong>qua:</strong></span> 
     </span>
    </p>
   </div>
   <div class='ocr_carea' id='block_1_59' title="bbox 2012 2913 3594 2990">
    <p class='ocr_par' dir='ltr' id='par_1_59' title="bbox 2012 2913 3594 2990">
     <span class='ocr_line' id='line_1_59' title="bbox 2012 2913 3594 2990; baseline -0.005 -16"><span class='ocrx_word' id='word_1_424' title='bbox 2012 2925 2339 2990; x_wconf 78' lang='lat' dir='ltr'><strong>sequuntur,</strong></span> <span class='ocrx_word' id='word_1_425' title='bbox 2357 2918 2558 2990; x_wconf 91' lang='lat' dir='ltr'><strong>quibus</strong></span> <span class='ocrx_word' id='word_1_426' title='bbox 2576 2917 2824 2989; x_wconf 70' lang='lat' dir='ltr'><strong>adiungit</strong></span> <span class='ocrx_word' id='word_1_427' title='bbox 2849 2936 2863 2973; x_wconf 88' lang='lat'><strong>:</strong></span> <span class='ocrx_word' id='word_1_428' title='bbox 2892 2935 2912 2969; x_wconf 75' lang='grc' dir='ltr'>ι</span> <span class='ocrx_word' id='word_1_429' title='bbox 2949 2915 3157 2971; x_wconf 82' lang='lat' dir='ltr'><strong>Memor</strong></span> <span class='ocrx_word' id='word_1_430' title='bbox 3177 2922 3318 2980; x_wconf 90' lang='lat' dir='ltr'><strong>esto,</strong></span> <span class='ocrx_word' id='word_1_431' title='bbox 3347 2913 3594 2973; x_wconf 89' lang='lat' dir='ltr'><strong>Domine.</strong></span> 
     </span>
    </p>
   </div>
   <div class='ocr_carea' id='block_1_60' title="bbox 2014 3011 3596 3087">
    <p class='ocr_par' dir='ltr' id='par_1_60' title="bbox 2014 3011 3596 3087">
     <span class='ocr_line' id='line_1_60' title="bbox 2014 3011 3596 3087; baseline -0.003 -18"><span class='ocrx_word' id='word_1_432' title='bbox 2014 3016 2298 3087; x_wconf 91' lang='lat' dir='ltr'><strong>opprobrii</strong></span> <span class='ocrx_word' id='word_1_433' title='bbox 2338 3032 2625 3072; x_wconf 87' lang='lat' dir='ltr'><strong>servorum</strong></span> <span class='ocrx_word' id='word_1_434' title='bbox 2665 3023 2910 3081; x_wconf 89' lang='lat' dir='ltr'><strong>tuorum,</strong></span> <span class='ocrx_word' id='word_1_435' title='bbox 2937 3013 3085 3086; x_wconf 92' lang='lat' dir='ltr'><strong>quod</strong></span> <span class='ocrx_word' id='word_1_436' title='bbox 3117 3011 3366 3069; x_wconf 90' lang='lat' dir='ltr'><strong>continui</strong></span> <span class='ocrx_word' id='word_1_437' title='bbox 3390 3012 3447 3066; x_wconf 93' lang='lat' dir='ltr'><strong>in</strong></span> <span class='ocrx_word' id='word_1_438' title='bbox 3469 3011 3596 3067; x_wconf 89' lang='lat' dir='ltr'><strong>sinu</strong></span> 
     </span>
    </p>
   </div>
   <div class='ocr_carea' id='block_1_61' title="bbox 2015 3101 3596 3178">
    <p class='ocr_par' dir='ltr' id='par_1_61' title="bbox 2015 3101 3596 3178">
     <span class='ocr_line' id='line_1_61' title="bbox 2015 3101 3596 3178; baseline -0.006 -14"><span class='ocrx_word' id='word_1_439' title='bbox 2015 3124 2136 3164; x_wconf 88' lang='lat' dir='ltr'><strong>meo</strong></span> <span class='ocrx_word' id='word_1_440' title='bbox 2166 3108 2467 3164; x_wconf 90' lang='lat' dir='ltr'><strong>multarum</strong></span> <span class='ocrx_word' id='word_1_441' title='bbox 2499 3107 2770 3178; x_wconf 88' lang='lat' dir='ltr'><strong>gentium,</strong></span> <span class='ocrx_word' id='word_1_442' title='bbox 2805 3107 2951 3178; x_wconf 84' lang='lat' dir='ltr'><strong>quod</strong></span> <span class='ocrx_word' id='word_1_443' title='bbox 2984 3106 3457 3177; x_wconf 79' lang='lat' dir='ltr'><strong>exprobraverunt</strong></span> <span class='ocrx_word' id='word_1_444' title='bbox 3488 3101 3596 3156; x_wconf 85' lang='lat' dir='ltr'><strong>ini-</strong></span> 
     </span>
    </p>
   </div>
   <div class='ocr_carea' id='block_1_62' title="bbox 336 3170 1910 3271">
    <p class='ocr_par' dir='ltr' id='par_1_62' title="bbox 336 3170 1904 3249">
     <span class='ocr_line' id='line_1_62' title="bbox 336 3170 1904 3249; baseline -0.001 -19"><span class='ocrx_word' id='word_1_445' title='bbox 336 3194 440 3249; x_wconf 86' lang='grc' dir='ltr'>ριε,</span> <span class='ocrx_word' id='word_1_446' title='bbox 467 3170 531 3230; x_wconf 78' lang='grc' dir='ltr'>οῦ</span> <span class='ocrx_word' id='word_1_447' title='bbox 560 3178 864 3241; x_wconf 84' lang='grc' dir='ltr'>ὼνείδισαν,</span> <span class='ocrx_word' id='word_1_448' title='bbox 893 3177 954 3230; x_wconf 83' lang='grc' dir='ltr'><strong>τὸ</strong></span> <span class='ocrx_word' id='word_1_449' title='bbox 981 3176 1336 3248; x_wconf 82' lang='grc' dir='ltr'>ἀντάλλαγμα</span> <span class='ocrx_word' id='word_1_450' title='bbox 1361 3176 1454 3230; x_wconf 89' lang='grc' dir='ltr'>τοῦ</span> <span class='ocrx_word' id='word_1_451' title='bbox 1477 3176 1715 3248; x_wconf 80' lang='grc' dir='ltr'><strong>Χριστοῦ</strong></span> <span class='ocrx_word' id='word_1_452' title='bbox 1737 3195 1853 3231; x_wconf 89' lang='grc' dir='ltr'>σου.</span> <span class='ocrx_word' id='word_1_453' title='bbox 1885 3196 1904 3229; x_wconf 73' lang='grc' dir='ltr'>ι</span> 
     </span>
    </p>
   </div>
   <div class='ocr_carea' id='block_1_63' title="bbox 2010 3170 3590 3271">
    <p class='ocr_par' dir='ltr' id='par_1_63' title="bbox 2017 3199 3590 3271">
     <span class='ocr_line' id='line_1_63' title="bbox 2017 3199 3590 3271; baseline -0.004 -16"><span class='ocrx_word' id='word_1_454' title='bbox 2017 3201 2143 3256; x_wconf 89' lang='lat' dir='ltr'><strong>mici</strong></span> <span class='ocrx_word' id='word_1_455' title='bbox 2169 3200 2272 3264; x_wconf 91' lang='lat' dir='ltr'><strong>tui,</strong></span> <span class='ocrx_word' id='word_1_456' title='bbox 2311 3199 2562 3264; x_wconf 91' lang='lat' dir='ltr'><strong>Domine,</strong></span> <span class='ocrx_word' id='word_1_457' title='bbox 2594 3200 2740 3271; x_wconf 85' lang='lat' dir='ltr'><strong>quod</strong></span> <span class='ocrx_word' id='word_1_458' title='bbox 2773 3199 3264 3271; x_wconf 78' lang='lat' dir='ltr'><strong>exprobraverunt,</strong></span> <span class='ocrx_word' id='word_1_459' title='bbox 3293 3202 3590 3252; x_wconf 55' lang='lat' dir='ltr'><strong>commuta.</strong></span> 
     </span>
    </p>
   </div>
   <div class='ocr_carea' id='block_1_64' title="bbox 331 3269 1905 3341">
    <p class='ocr_par' dir='ltr' id='par_1_64' title="bbox 331 3269 1905 3341">
     <span class='ocr_line' id='line_1_64' title="bbox 331 3269 1905 3341; baseline -0.001 -17"><span class='ocrx_word' id='word_1_460' title='bbox 331 3269 527 3338; x_wconf 76' lang='grc' dir='ltr'>Σαφῶς</span> <span class='ocrx_word' id='word_1_461' title='bbox 550 3269 607 3323; x_wconf 82' lang='grc' dir='ltr'>δὲ</span> <span class='ocrx_word' id='word_1_462' title='bbox 639 3269 735 3325; x_wconf 73' lang='grc' dir='ltr'>καὶ</span> <span class='ocrx_word' id='word_1_463' title='bbox 766 3271 822 3324; x_wconf 82' lang='grc' dir='ltr'><strong>ὲν</strong></span> <span class='ocrx_word' id='word_1_464' title='bbox 849 3269 1057 3334; x_wconf 80' lang='grc' dir='ltr'>τούτοις</span> <span class='ocrx_word' id='word_1_465' title='bbox 1085 3269 1114 3321; x_wconf 93' lang='lat'><strong>6</strong></span> <span class='ocrx_word' id='word_1_466' title='bbox 1140 3269 1373 3340; x_wconf 84' lang='grc' dir='ltr'>Χριστὸς</span> <span class='ocrx_word' id='word_1_467' title='bbox 1403 3269 1662 3340; x_wconf 75' lang='grc' dir='ltr'>ὀνομαστὶ</span> <span class='ocrx_word' id='word_1_468' title='bbox 1696 3285 1905 3341; x_wconf 86' lang='grc' dir='ltr'>μνημο-</span> 
     </span>
    </p>
   </div>
   <div class='ocr_carea' id='block_1_65' title="bbox 330 3359 1906 3434">
    <p class='ocr_par' dir='ltr' id='par_1_65' title="bbox 330 3359 1906 3434">
     <span class='ocr_line' id='line_1_65' title="bbox 330 3359 1906 3434; baseline -0.001 -17"><span class='ocrx_word' id='word_1_469' title='bbox 330 3363 564 3426; x_wconf 84' lang='grc' dir='ltr'>νεύεται,</span> <span class='ocrx_word' id='word_1_470' title='bbox 602 3363 697 3417; x_wconf 79' lang='grc' dir='ltr'>καὶ</span> <span class='ocrx_word' id='word_1_471' title='bbox 724 3364 757 3434; x_wconf 84' lang='grc' dir='ltr'>ἠ</span> <span class='ocrx_word' id='word_1_472' title='bbox 800 3361 941 3415; x_wconf 85' lang='grc' dir='ltr'><strong>κατά</strong></span> <span class='ocrx_word' id='word_1_473' title='bbox 975 3361 1036 3414; x_wconf 85' lang='grc' dir='ltr'>τὸ</span> <span class='ocrx_word' id='word_1_474' title='bbox 1073 3360 1245 3423; x_wconf 87' lang='grc' dir='ltr'>πάθος</span> <span class='ocrx_word' id='word_1_475' title='bbox 1267 3359 1431 3414; x_wconf 77' lang='grc' dir='ltr'>αὑτοῦ</span> <span class='ocrx_word' id='word_1_476' title='bbox 1458 3361 1906 3432; x_wconf 80' lang='grc' dir='ltr'>προφητεύομένη</span> 
     </span>
    </p>
   </div>
   <div class='ocr_carea' id='block_1_66' title="bbox 330 3449 1910 3525">
    <p class='ocr_par' dir='ltr' id='par_1_66' title="bbox 330 3449 1910 3525">
     <span class='ocr_line' id='line_1_66' title="bbox 330 3449 1910 3525; baseline 0 -20"><span class='ocrx_word' id='word_1_477' title='bbox 330 3452 668 3525; x_wconf 78' lang='grc' dir='ltr'>περίστασις.</span> <span class='ocrx_word' id='word_1_478' title='bbox 712 3451 832 3503; x_wconf 75' lang='grc' dir='ltr'><strong>Ἐπὶ</strong></span> <span class='ocrx_word' id='word_1_479' title='bbox 863 3449 1056 3521; x_wconf 83' lang='grc' dir='ltr'>σχολῆς</span> <span class='ocrx_word' id='word_1_480' title='bbox 1085 3450 1142 3503; x_wconf 86' lang='grc' dir='ltr'>δὲ</span> <span class='ocrx_word' id='word_1_481' title='bbox 1171 3449 1263 3504; x_wconf 71' lang='grc' dir='ltr'>τὸν</span> <span class='ocrx_word' id='word_1_482' title='bbox 1294 3450 1414 3504; x_wconf 82' lang='grc' dir='ltr'>ὅλον</span> <span class='ocrx_word' id='word_1_483' title='bbox 1441 3451 1654 3522; x_wconf 74' lang='grc' dir='ltr'>ψαλμὸν</span> <span class='ocrx_word' id='word_1_484' title='bbox 1689 3451 1910 3522; x_wconf 84' lang='grc' dir='ltr'>βασανί-</span> 
     </span>
    </p>
   </div>
   <div class='ocr_carea' id='block_1_67' title="bbox 329 3541 1910 3616">
    <p class='ocr_par' dir='ltr' id='par_1_67' title="bbox 329 3541 1910 3616">
     <span class='ocr_line' id='line_1_67' title="bbox 329 3541 1910 3616; baseline -0.001 -19"><span class='ocrx_word' id='word_1_485' title='bbox 329 3543 511 3608; x_wconf 82' lang='grc' dir='ltr'>ζοντες</span> <span class='ocrx_word' id='word_1_486' title='bbox 540 3543 984 3614; x_wconf 81' lang='grc' dir='ltr'>παραστήσομεν,</span> <span class='ocrx_word' id='word_1_487' title='bbox 1014 3543 1095 3595; x_wconf 83' lang='grc' dir='ltr'>ὅτι</span> <span class='ocrx_word' id='word_1_488' title='bbox 1123 3541 1214 3594; x_wconf 79' lang='grc' dir='ltr'><strong>ὲπὶ</strong></span> <span class='ocrx_word' id='word_1_489' title='bbox 1245 3541 1556 3616; x_wconf 87' lang='grc' dir='ltr'>μηδέτερον,</span> <span class='ocrx_word' id='word_1_490' title='bbox 1608 3543 1640 3613; x_wconf 82' lang='grc' dir='ltr'>ἢ</span> <span class='ocrx_word' id='word_1_491' title='bbox 1690 3544 1781 3596; x_wconf 78' lang='grc' dir='ltr'><strong>ἐπὶ</strong></span> <span class='ocrx_word' id='word_1_492' title='bbox 1811 3544 1910 3614; x_wconf 93' lang='grc' dir='ltr'>μό-</span> 
     </span>
    </p>
   </div>
   <div class='ocr_carea' id='block_1_68' title="bbox 327 3632 1906 3707">
    <p class='ocr_par' dir='ltr' id='par_1_68' title="bbox 327 3632 1906 3707">
     <span class='ocr_line' id='line_1_68' title="bbox 327 3632 1906 3707; baseline 0 -18"><span class='ocrx_word' id='word_1_493' title='bbox 327 3652 414 3690; x_wconf 87' lang='grc' dir='ltr'>νον</span> <span class='ocrx_word' id='word_1_494' title='bbox 439 3635 530 3687; x_wconf 79' lang='grc' dir='ltr'><strong>τὸν</strong></span> <span class='ocrx_word' id='word_1_495' title='bbox 561 3635 791 3706; x_wconf 84' lang='grc' dir='ltr'><strong>Σωτῆρα</strong></span> <span class='ocrx_word' id='word_1_496' title='bbox 824 3635 917 3687; x_wconf 74' lang='grc' dir='ltr'>καὶ</span> <span class='ocrx_word' id='word_1_497' title='bbox 962 3632 1166 3705; x_wconf 84' lang='grc' dir='ltr'><strong>Κύριον</strong></span> <span class='ocrx_word' id='word_1_498' title='bbox 1195 3634 1352 3705; x_wconf 82' lang='grc' dir='ltr'>ἡμῶν</span> <span class='ocrx_word' id='word_1_499' title='bbox 1383 3635 1689 3707; x_wconf 82' lang='grc' dir='ltr'>ἐφαρμόσαι</span> <span class='ocrx_word' id='word_1_500' title='bbox 1729 3634 1794 3688; x_wconf 82' lang='grc' dir='ltr'><strong>ἂν</strong></span> <span class='ocrx_word' id='word_1_501' title='bbox 1837 3635 1906 3689; x_wconf 85' lang='grc' dir='ltr'><strong>τὰ</strong></span> 
     </span>
    </p>
   </div>
   <div class='ocr_carea' id='block_1_69' title="bbox 329 3723 1906 3798">
    <p class='ocr_par' dir='ltr' id='par_1_69' title="bbox 329 3723 1906 3798">
     <span class='ocr_line' id='line_1_69' title="bbox 329 3723 1906 3798; baseline 0.003 -23"><span class='ocrx_word' id='word_1_502' title='bbox 329 3724 681 3795; x_wconf 78' lang='grc' dir='ltr'>προκείμενα.</span> <span class='ocrx_word' id='word_1_503' title='bbox 725 3724 883 3778; x_wconf 80' lang='grc' dir='ltr'><strong>Ἀλλά</strong></span> <span class='ocrx_word' id='word_1_504' title='bbox 913 3725 1008 3778; x_wconf 74' lang='grc' dir='ltr'><strong>καὶ</strong></span> <span class='ocrx_word' id='word_1_505' title='bbox 1031 3723 1280 3797; x_wconf 84' lang='grc' dir='ltr'>δεύτερον</span> <span class='ocrx_word' id='word_1_506' title='bbox 1302 3726 1536 3797; x_wconf 80' lang='grc' dir='ltr'>Χριστὸς</span> <span class='ocrx_word' id='word_1_507' title='bbox 1572 3725 1906 3798; x_wconf 77' lang='grc' dir='ltr'>ὀνομαζόμε-</span> 
     </span>
    </p>
   </div>
   <div class='ocr_carea' id='block_1_70' title="bbox 327 3811 1900 3891">
    <p class='ocr_par' dir='ltr' id='par_1_70' title="bbox 327 3811 1900 3891">
     <span class='ocr_line' id='line_1_70' title="bbox 327 3811 1900 3891; baseline 0.004 -24"><span class='ocrx_word' id='word_1_508' title='bbox 327 3834 434 3880; x_wconf 83' lang='grc' dir='ltr'>νος,</span> <span class='ocrx_word' id='word_1_509' title='bbox 464 3817 590 3871; x_wconf 90' lang='grc' dir='ltr'>τίνα</span> <span class='ocrx_word' id='word_1_510' title='bbox 620 3817 778 3870; x_wconf 82' lang='grc' dir='ltr'>ἀλλον</span> <span class='ocrx_word' id='word_1_511' title='bbox 851 3817 940 3872; x_wconf 82' lang='grc' dir='ltr'><strong>τὸν</strong></span> <span class='ocrx_word' id='word_1_512' title='bbox 968 3817 1130 3871; x_wconf 76' lang='grc' dir='ltr'>αὑτὸν</span> <span class='ocrx_word' id='word_1_513' title='bbox 1156 3817 1326 3889; x_wconf 84' lang='grc' dir='ltr'>δηλοῖ,</span> <span class='ocrx_word' id='word_1_514' title='bbox 1351 3811 1412 3871; x_wconf 80' lang='grc' dir='ltr'>οῦ</span> <span class='ocrx_word' id='word_1_515' title='bbox 1439 3817 1500 3871; x_wconf 81' lang='grc' dir='ltr'><strong>τὸ</strong></span> <span class='ocrx_word' id='word_1_516' title='bbox 1525 3818 1900 3891; x_wconf 82' lang='grc' dir='ltr'>ἀντάλλαγμα,</span> 
     </span>
    </p>
   </div>
   <div class='ocr_carea' id='block_1_71' title="bbox 325 3908 1903 3980">
    <p class='ocr_par' dir='ltr' id='par_1_71' title="bbox 325 3908 1903 3980">
     <span class='ocr_line' id='line_1_71' title="bbox 325 3908 1903 3980; baseline 0.002 -19"><span class='ocrx_word' id='word_1_517' title='bbox 325 3909 563 3979; x_wconf 82' lang='grc' dir='ltr'>δηλονότι</span> <span class='ocrx_word' id='word_1_518' title='bbox 586 3908 686 3980; x_wconf 85' lang='grc' dir='ltr'><strong>τὴν</strong></span> <span class='ocrx_word' id='word_1_519' title='bbox 719 3908 1065 3980; x_wconf 83' lang='grc' dir='ltr'>Ἐκκλησίαν,</span> <span class='ocrx_word' id='word_1_520' title='bbox 1089 3909 1369 3964; x_wconf 85' lang='grc' dir='ltr'>ὡνείδισάν</span> <span class='ocrx_word' id='word_1_521' title='bbox 1394 3926 1452 3962; x_wconf 88' lang='grc' dir='ltr'><strong>τε</strong></span> <span class='ocrx_word' id='word_1_522' title='bbox 1487 3911 1581 3963; x_wconf 71' lang='grc' dir='ltr'>καὶ</span> <span class='ocrx_word' id='word_1_523' title='bbox 1613 3910 1780 3963; x_wconf 81' lang='grc' dir='ltr'>εἰσέτι</span> <span class='ocrx_word' id='word_1_524' title='bbox 1808 3910 1903 3966; x_wconf 91' lang='grc' dir='ltr'>νῦν</span> 
     </span>
    </p>
   </div>
   <div class='ocr_carea' id='block_1_72' title="bbox 323 3999 1903 4072">
    <p class='ocr_par' dir='ltr' id='par_1_72' title="bbox 323 3999 1903 4072">
     <span class='ocr_line' id='line_1_72' title="bbox 323 3999 1903 4072; baseline 0.002 -21"><span class='ocrx_word' id='word_1_525' title='bbox 323 4000 641 4065; x_wconf 76' lang='grc' dir='ltr'>ὀνειδίζουσι</span> <span class='ocrx_word' id='word_1_526' title='bbox 687 4002 737 4054; x_wconf 75' lang='grc' dir='ltr'><strong>οἱ</strong></span> <span class='ocrx_word' id='word_1_527' title='bbox 783 3999 1062 4071; x_wconf 87' lang='grc' dir='ltr'>λεγόμενοι</span> <span class='ocrx_word' id='word_1_528' title='bbox 1118 3999 1210 4052; x_wconf 91' lang='grc' dir='ltr'><strong>τοῦ</strong></span> <span class='ocrx_word' id='word_1_529' title='bbox 1258 3999 1496 4071; x_wconf 77' lang='grc' dir='ltr'>Χριστοῦ</span> <span class='ocrx_word' id='word_1_530' title='bbox 1548 4001 1766 4072; x_wconf 60' lang='grc' dir='ltr'>ὲχθιροί;</span> <span class='ocrx_word' id='word_1_531' title='bbox 1821 4000 1903 4054; x_wconf 86' lang='grc' dir='ltr'><strong>Τὰ</strong></span> 
     </span>
    </p>
   </div>
   <div class='ocr_carea' id='block_1_73' title="bbox 325 4089 1900 4163">
    <p class='ocr_par' dir='ltr' id='par_1_73' title="bbox 325 4089 1900 4163">
     <span class='ocr_line' id='line_1_73' title="bbox 325 4089 1900 4163; baseline 0.001 -19"><span class='ocrx_word' id='word_1_532' title='bbox 325 4091 454 4158; x_wconf 87' lang='grc' dir='ltr'>γοῦν</span> <span class='ocrx_word' id='word_1_533' title='bbox 501 4090 598 4144; x_wconf 89' lang='grc' dir='ltr'>τοῦ</span> <span class='ocrx_word' id='word_1_534' title='bbox 630 4092 884 4163; x_wconf 78' lang='grc' dir='ltr'><strong>Σωτῆρος</strong></span> <span class='ocrx_word' id='word_1_535' title='bbox 932 4089 1088 4162; x_wconf 84' lang='grc' dir='ltr'>ὴμῶν</span> <span class='ocrx_word' id='word_1_536' title='bbox 1134 4089 1278 4161; x_wconf 83' lang='grc' dir='ltr'>πάθη</span> <span class='ocrx_word' id='word_1_537' title='bbox 1325 4090 1362 4144; x_wconf 75' lang='grc' dir='ltr'>ἃ.</span> <span class='ocrx_word' id='word_1_538' title='bbox 1408 4091 1550 4162; x_wconf 81' lang='grc' dir='ltr'>ὑπὲρ</span> <span class='ocrx_word' id='word_1_539' title='bbox 1608 4091 1764 4162; x_wconf 80' lang='grc' dir='ltr'>ἡμῶν</span> <span class='ocrx_word' id='word_1_540' title='bbox 1804 4093 1900 4146; x_wconf 92' lang='grc' dir='ltr'><strong>ἀν-</strong></span> 
     </span>
    </p>
   </div>
   <div class='ocr_carea' id='block_1_74' title="bbox 325 4182 1899 4256">
    <p class='ocr_par' dir='ltr' id='par_1_74' title="bbox 325 4182 1899 4256">
     <span class='ocr_line' id='line_1_74' title="bbox 325 4182 1899 4256; baseline 0 -18"><span class='ocrx_word' id='word_1_541' title='bbox 325 4185 564 4250; x_wconf 73' lang='grc' dir='ltr'>εδέξατο,</span> <span class='ocrx_word' id='word_1_542' title='bbox 607 4184 702 4236; x_wconf 69' lang='grc' dir='ltr'><strong>καὶ</strong></span> <span class='ocrx_word' id='word_1_543' title='bbox 752 4184 987 4254; x_wconf 85' lang='grc' dir='ltr'>μάλιστα</span> <span class='ocrx_word' id='word_1_544' title='bbox 1023 4182 1113 4237; x_wconf 85' lang='grc' dir='ltr'><strong>τὸν</strong></span> <span class='ocrx_word' id='word_1_545' title='bbox 1146 4182 1374 4237; x_wconf 85' lang='grc' dir='ltr'>θάνατον</span> <span class='ocrx_word' id='word_1_546' title='bbox 1407 4184 1608 4237; x_wconf 73' lang='grc' dir='ltr'>καὶτὸν</span> <span class='ocrx_word' id='word_1_547' title='bbox 1649 4185 1899 4256; x_wconf 81' lang='grc' dir='ltr'>σταυρὸν,</span> 
     </span>
    </p>
   </div>
   <div class='ocr_carea' id='block_1_75' title="bbox 326 4273 1901 4348">
    <p class='ocr_par' dir='ltr' id='par_1_75' title="bbox 326 4273 1901 4348">
     <span class='ocr_line' id='line_1_75' title="bbox 326 4273 1901 4348; baseline 0.001 -20"><span class='ocrx_word' id='word_1_548' title='bbox 326 4278 430 4340; x_wconf 73' lang='grc' dir='ltr'>πᾶς</span> <span class='ocrx_word' id='word_1_549' title='bbox 451 4279 482 4330; x_wconf 81' lang='grc' dir='ltr'>ὁ</span> <span class='ocrx_word' id='word_1_550' title='bbox 507 4276 612 4346; x_wconf 84' lang='grc' dir='ltr'><strong>τῆς</strong></span> <span class='ocrx_word' id='word_1_551' title='bbox 634 4275 871 4348; x_wconf 85' lang='grc' dir='ltr'>Χριστοῦ</span> <span class='ocrx_word' id='word_1_552' title='bbox 897 4273 1243 4339; x_wconf 85' lang='grc' dir='ltr'>διδασκαλίας</span> <span class='ocrx_word' id='word_1_553' title='bbox 1265 4274 1524 4346; x_wconf 82' lang='grc' dir='ltr'>πολέμιος</span> <span class='ocrx_word' id='word_1_554' title='bbox 1553 4275 1901 4342; x_wconf 76' lang='grc' dir='ltr'>ἐπονειδίζειν</span> 
     </span>
    </p>
   </div>
   <div class='ocr_carea' id='block_1_76' title="bbox 325 4368 699 4439">
    <p class='ocr_par' dir='ltr' id='par_1_76' title="bbox 325 4368 699 4439">
     <span class='ocr_line' id='line_1_76' title="bbox 325 4368 699 4439; baseline 0.005 -18"><span class='ocrx_word' id='word_1_555' title='bbox 325 4371 453 4439; x_wconf 77' lang='grc' dir='ltr'>ἡμῖν</span> <span class='ocrx_word' id='word_1_556' title='bbox 485 4368 699 4423; x_wconf 77' lang='grc' dir='ltr'>εἴωθεν.</span> 
     </span>
    </p>
   </div>
   <div class='ocr_carea' id='block_1_77' title="bbox 2019 3289 3600 3364">
    <p class='ocr_par' dir='ltr' id='par_1_77' title="bbox 2019 3289 3600 3364">
     <span class='ocr_line' id='line_1_77' title="bbox 2019 3289 3600 3364; baseline -0.003 -14"><span class='ocrx_word' id='word_1_557' title='bbox 2019 3296 2226 3351; x_wconf 84' lang='lat' dir='ltr'><strong>tionem</strong></span> <span class='ocrx_word' id='word_1_558' title='bbox 2251 3294 2459 3351; x_wconf 89' lang='lat' dir='ltr'><strong>Christi</strong></span> <span class='ocrx_word' id='word_1_559' title='bbox 2487 3296 2567 3350; x_wconf 91' lang='lat' dir='ltr'><strong>tui</strong></span> <span class='ocrx_word' id='word_1_560' title='bbox 2583 3295 2649 3350; x_wconf 78' lang='lat'><strong>“.</strong></span> <span class='ocrx_word' id='word_1_561' title='bbox 2679 3314 2699 3348; x_wconf 84' lang='grc'><strong>›</strong></span> <span class='ocrx_word' id='word_1_562' title='bbox 2731 3291 3028 3364; x_wconf 89' lang='lat' dir='ltr'><strong>Perspicue</strong></span> <span class='ocrx_word' id='word_1_563' title='bbox 3051 3309 3183 3348; x_wconf 87' lang='lat' dir='ltr'><strong>vero</strong></span> <span class='ocrx_word' id='word_1_564' title='bbox 3212 3291 3377 3347; x_wconf 89' lang='lat' dir='ltr'><strong>etiam</strong></span> <span class='ocrx_word' id='word_1_565' title='bbox 3409 3291 3466 3344; x_wconf 82' lang='lat' dir='ltr'><strong>in</strong></span> <span class='ocrx_word' id='word_1_566' title='bbox 3505 3289 3600 3345; x_wconf 89' lang='lat' dir='ltr'><strong>his</strong></span> 
     </span>
    </p>
   </div>
   <div class='ocr_carea' id='block_1_78' title="bbox 2009 3381 3598 3454">
    <p class='ocr_par' dir='ltr' id='par_1_78' title="bbox 2009 3381 3598 3454">
     <span class='ocr_line' id='line_1_78' title="bbox 2009 3381 3598 3454; baseline -0.006 -10"><span class='ocrx_word' id='word_1_567' title='bbox 2009 3387 2215 3444; x_wconf 88' lang='lat' dir='ltr'><strong>Christi</strong></span> <span class='ocrx_word' id='word_1_568' title='bbox 2252 3386 2579 3443; x_wconf 88' lang='lat' dir='ltr'><strong>nominatim</strong></span> <span class='ocrx_word' id='word_1_569' title='bbox 2603 3385 2807 3442; x_wconf 91' lang='lat' dir='ltr'><strong>mentio</strong></span> <span class='ocrx_word' id='word_1_570' title='bbox 2841 3386 2920 3450; x_wconf 87' lang='lat' dir='ltr'><strong>llt,</strong></span> <span class='ocrx_word' id='word_1_571' title='bbox 2947 3394 3001 3441; x_wconf 87' lang='lat' dir='ltr'><strong>et</strong></span> <span class='ocrx_word' id='word_1_572' title='bbox 3033 3385 3216 3440; x_wconf 84' lang='lat' dir='ltr'><strong>futura</strong></span> <span class='ocrx_word' id='word_1_573' title='bbox 3250 3384 3306 3438; x_wconf 90' lang='lat' dir='ltr'><strong>in</strong></span> <span class='ocrx_word' id='word_1_574' title='bbox 3337 3381 3598 3454; x_wconf 85' lang='lat' dir='ltr'><strong>passione</strong></span> 
     </span>
    </p>
   </div>
   <div class='ocr_carea' id='block_1_79' title="bbox 2007 3474 3594 3547">
    <p class='ocr_par' dir='ltr' id='par_1_79' title="bbox 2007 3474 3594 3547">
     <span class='ocr_line' id='line_1_79' title="bbox 2007 3474 3594 3547; baseline -0.004 -15"><span class='ocrx_word' id='word_1_575' title='bbox 2007 3476 2252 3547; x_wconf 87' lang='lat' dir='ltr'><strong>ejusdem</strong></span> <span class='ocrx_word' id='word_1_576' title='bbox 2298 3477 2522 3533; x_wconf 79' lang='lat' dir='ltr'><strong>aﬂlictio</strong></span> <span class='ocrx_word' id='word_1_577' title='bbox 2567 3485 2926 3533; x_wconf 83' lang='lat' dir='ltr'><strong>memoratur.</strong></span> <span class='ocrx_word' id='word_1_578' title='bbox 2978 3477 3083 3533; x_wconf 89' lang='lat' dir='ltr'><strong>Ubi</strong></span> <span class='ocrx_word' id='word_1_579' title='bbox 3137 3491 3270 3532; x_wconf 86' lang='lat' dir='ltr'><strong>vero</strong></span> <span class='ocrx_word' id='word_1_580' title='bbox 3322 3475 3449 3546; x_wconf 87' lang='lat' dir='ltr'><strong>plus</strong></span> <span class='ocrx_word' id='word_1_581' title='bbox 3495 3474 3594 3529; x_wconf 87' lang='lat' dir='ltr'><strong>otii</strong></span> 
     </span>
    </p>
   </div>
   <div class='ocr_carea' id='block_1_80' title="bbox 2006 3567 3585 3642">
    <p class='ocr_par' dir='ltr' id='par_1_80' title="bbox 2006 3567 3585 3642">
     <span class='ocr_line' id='line_1_80' title="bbox 2006 3567 3585 3642; baseline -0.004 -18"><span class='ocrx_word' id='word_1_582' title='bbox 2006 3571 2154 3625; x_wconf 91' lang='lat' dir='ltr'><strong>nacti</strong></span> <span class='ocrx_word' id='word_1_583' title='bbox 2193 3570 2421 3634; x_wconf 86' lang='lat' dir='ltr'><strong>erimus,</strong></span> <span class='ocrx_word' id='word_1_584' title='bbox 2469 3578 2645 3626; x_wconf 91' lang='lat' dir='ltr'><strong>totum</strong></span> <span class='ocrx_word' id='word_1_585' title='bbox 2677 3571 2951 3642; x_wconf 85' lang='lat' dir='ltr'><strong>psalmum</strong></span> <span class='ocrx_word' id='word_1_586' title='bbox 2990 3571 3342 3641; x_wconf 85' lang='lat' dir='ltr'><strong>explorantes</strong></span> <span class='ocrx_word' id='word_1_587' title='bbox 3368 3567 3585 3623; x_wconf 78' lang='lat' dir='ltr'><strong>demon-</strong></span> 
     </span>
    </p>
   </div>
   <div class='ocr_carea' id='block_1_81' title="bbox 2007 3655 3596 3733">
    <p class='ocr_par' dir='ltr' id='par_1_81' title="bbox 2007 3655 3596 3733">
     <span class='ocr_line' id='line_1_81' title="bbox 2007 3655 3596 3733; baseline -0.006 -14"><span class='ocrx_word' id='word_1_588' title='bbox 2007 3663 2326 3726; x_wconf 89' lang='lat' dir='ltr'><strong>strabimus,</strong></span> <span class='ocrx_word' id='word_1_589' title='bbox 2362 3662 2498 3716; x_wconf 92' lang='lat' dir='ltr'><strong>nulli</strong></span> <span class='ocrx_word' id='word_1_590' title='bbox 2531 3677 2762 3733; x_wconf 90' lang='lat' dir='ltr'><strong>prorsus</strong></span> <span class='ocrx_word' id='word_1_591' title='bbox 2809 3661 2902 3716; x_wconf 89' lang='lat' dir='ltr'><strong>alii</strong></span> <span class='ocrx_word' id='word_1_592' title='bbox 2933 3660 3043 3717; x_wconf 91' lang='lat' dir='ltr'><strong>nisi</strong></span> <span class='ocrx_word' id='word_1_593' title='bbox 3091 3657 3362 3715; x_wconf 87' lang='lat' dir='ltr'><strong>Salvatori</strong></span> <span class='ocrx_word' id='word_1_594' title='bbox 3393 3672 3458 3711; x_wconf 88' lang='lat' dir='ltr'><strong>ac</strong></span> <span class='ocrx_word' id='word_1_595' title='bbox 3484 3655 3596 3711; x_wconf 89' lang='lat' dir='ltr'><strong>Do-</strong></span> 
     </span>
    </p>
   </div>
   <div class='ocr_carea' id='block_1_82' title="bbox 2005 3749 3597 3822">
    <p class='ocr_par' dir='ltr' id='par_1_82' title="bbox 2005 3749 3597 3822">
     <span class='ocr_line' id='line_1_82' title="bbox 2005 3749 3597 3822; baseline -0.008 -13"><span class='ocrx_word' id='word_1_596' title='bbox 2005 3755 2155 3809; x_wconf 92' lang='lat' dir='ltr'><strong>mino</strong></span> <span class='ocrx_word' id='word_1_597' title='bbox 2175 3764 2367 3810; x_wconf 88' lang='lat' dir='ltr'><strong>nostro</strong></span> <span class='ocrx_word' id='word_1_598' title='bbox 2399 3752 2803 3807; x_wconf 90' lang='lat' dir='ltr'><strong>accommodari</strong></span> <span class='ocrx_word' id='word_1_599' title='bbox 2834 3766 2998 3822; x_wconf 90' lang='lat' dir='ltr'><strong>posse</strong></span> <span class='ocrx_word' id='word_1_600' title='bbox 3028 3765 3152 3821; x_wconf 72' lang='lat' dir='ltr'><strong>quae</strong></span> <span class='ocrx_word' id='word_1_601' title='bbox 3194 3749 3251 3803; x_wconf 93' lang='lat' dir='ltr'><strong>in</strong></span> <span class='ocrx_word' id='word_1_602' title='bbox 3285 3763 3351 3803; x_wconf 89' lang='lat' dir='ltr'><strong>eo</strong></span> <span class='ocrx_word' id='word_1_603' title='bbox 3389 3759 3597 3818; x_wconf 45' lang='lat' dir='ltr'><strong>prope-</strong></span> 
     </span>
    </p>
   </div>
   <div class='ocr_carea' id='block_1_83' title="bbox 2005 3836 3590 3901">
    <p class='ocr_par' dir='ltr' id='par_1_83' title="bbox 2005 3836 3590 3901">
     <span class='ocr_line' id='line_1_83' title="bbox 2005 3836 3590 3901; baseline -0.008 0"><span class='ocrx_word' id='word_1_604' title='bbox 2005 3845 2108 3901; x_wconf 92' lang='lat' dir='ltr'><strong>sita</strong></span> <span class='ocrx_word' id='word_1_605' title='bbox 2132 3855 2279 3900; x_wconf 83' lang='lat' dir='ltr'><strong>sunt.</strong></span> <span class='ocrx_word' id='word_1_606' title='bbox 2307 3841 2413 3898; x_wconf 82' lang='lat' dir='ltr'><strong>Sed</strong></span> <span class='ocrx_word' id='word_1_607' title='bbox 2436 3843 2579 3897; x_wconf 91' lang='lat' dir='ltr'><strong>enim</strong></span> <span class='ocrx_word' id='word_1_608' title='bbox 2603 3842 2693 3897; x_wconf 91' lang='lat' dir='ltr'><strong>ubi</strong></span> <span class='ocrx_word' id='word_1_609' title='bbox 2733 3841 2992 3898; x_wconf 89' lang='lat' dir='ltr'><strong>Christus</strong></span> <span class='ocrx_word' id='word_1_610' title='bbox 3027 3841 3225 3896; x_wconf 89' lang='lat' dir='ltr'><strong>iterum</strong></span> <span class='ocrx_word' id='word_1_611' title='bbox 3253 3836 3590 3898; x_wconf 87' lang='lat' dir='ltr'><strong>nominatur,</strong></span> 
     </span>
    </p>
   </div>
   <div class='ocr_carea' id='block_1_84' title="bbox 2002 3925 3594 4005">
    <p class='ocr_par' dir='ltr' id='par_1_84' title="bbox 2002 3925 3594 4005">
     <span class='ocr_line' id='line_1_84' title="bbox 2002 3925 3594 4005; baseline -0.004 -17"><span class='ocrx_word' id='word_1_612' title='bbox 2002 3935 2128 4005; x_wconf 88' lang='lat' dir='ltr'><strong>quis</strong></span> <span class='ocrx_word' id='word_1_613' title='bbox 2158 3933 2379 3988; x_wconf 88' lang='lat' dir='ltr'><strong>tandem</strong></span> <span class='ocrx_word' id='word_1_614' title='bbox 2410 3933 2552 3989; x_wconf 91' lang='lat' dir='ltr'><strong>alius</strong></span> <span class='ocrx_word' id='word_1_615' title='bbox 2588 3931 2926 4003; x_wconf 83' lang='lat' dir='ltr'><strong>signiﬁcetur</strong></span> <span class='ocrx_word' id='word_1_616' title='bbox 2958 3931 3068 3986; x_wconf 90' lang='lat' dir='ltr'><strong>nisi</strong></span> <span class='ocrx_word' id='word_1_617' title='bbox 3112 3930 3204 3984; x_wconf 91' lang='lat' dir='ltr'><strong>ille</strong></span> <span class='ocrx_word' id='word_1_618' title='bbox 3253 3928 3390 3999; x_wconf 88' lang='lat' dir='ltr'><strong>ipse,</strong></span> <span class='ocrx_word' id='word_1_619' title='bbox 3430 3925 3594 3996; x_wconf 82' lang='lat' dir='ltr'><strong>cujus</strong></span> 
     </span>
    </p>
   </div>
   <div class='ocr_carea' id='block_1_85' title="bbox 2003 4018 3566 4090">
    <p class='ocr_par' dir='ltr' id='par_1_85' title="bbox 2003 4018 3566 4090">
     <span class='ocr_line' id='line_1_85' title="bbox 2003 4018 3566 4090; baseline -0.004 -9"><span class='ocrx_word' id='word_1_620' title='bbox 2003 4026 2511 4090; x_wconf 88' lang='lat' dir='ltr'><strong>commutationem,</strong></span> <span class='ocrx_word' id='word_1_621' title='bbox 2565 4025 2668 4080; x_wconf 92' lang='lat' dir='ltr'><strong>hoc</strong></span> <span class='ocrx_word' id='word_1_622' title='bbox 2714 4034 2800 4080; x_wconf 91' lang='lat' dir='ltr'><strong>est</strong></span> <span class='ocrx_word' id='word_1_623' title='bbox 2835 4023 3161 4086; x_wconf 88' lang='lat' dir='ltr'><strong>Ecclesiam,</strong></span> <span class='ocrx_word' id='word_1_624' title='bbox 3210 4018 3566 4090; x_wconf 82' lang='lat' dir='ltr'><strong>etexprobra</strong></span> 
     </span>
    </p>
   </div>
   <div class='ocr_carea' id='block_1_86' title="bbox 2003 4109 3696 4188">
    <p class='ocr_par' dir='ltr' id='par_1_86' title="bbox 2003 4109 3696 4188">
     <span class='ocr_line' id='line_1_86' title="bbox 2003 4109 3696 4188; baseline -0.005 -15"><span class='ocrx_word' id='word_1_625' title='bbox 2003 4125 2200 4174; x_wconf 88' lang='lat' dir='ltr'><strong>verunt</strong></span> <span class='ocrx_word' id='word_1_626' title='bbox 2247 4125 2303 4172; x_wconf 93' lang='lat' dir='ltr'><strong>et</strong></span> <span class='ocrx_word' id='word_1_627' title='bbox 2335 4116 2515 4172; x_wconf 90' lang='lat' dir='ltr'><strong>adhuc</strong></span> <span class='ocrx_word' id='word_1_628' title='bbox 2543 4116 2900 4188; x_wconf 79' lang='lat' dir='ltr'><strong>exprobrant,</strong></span> <span class='ocrx_word' id='word_1_629' title='bbox 2944 4116 3039 4185; x_wconf 88' lang='lat' dir='ltr'><strong>qui</strong></span> <span class='ocrx_word' id='word_1_630' title='bbox 3091 4114 3352 4168; x_wconf 91' lang='lat' dir='ltr'><strong>dicuntur</strong></span> <span class='ocrx_word' id='word_1_631' title='bbox 3382 4111 3593 4169; x_wconf 79' lang='lat' dir='ltr'><strong>Cluis:i</strong></span> <span class='ocrx_word' id='word_1_632' title='bbox 3692 4109 3696 4118; x_wconf 86' lang='grc'><em>’</em></span> 
     </span>
    </p>
   </div>
   <div class='ocr_carea' id='block_1_87' title="bbox 2002 4205 3591 4279">
    <p class='ocr_par' dir='ltr' id='par_1_87' title="bbox 2002 4205 3591 4279">
     <span class='ocr_line' id='line_1_87' title="bbox 2002 4205 3591 4279; baseline -0.003 -14"><span class='ocrx_word' id='word_1_633' title='bbox 2002 4208 2250 4265; x_wconf 81' lang='lat' dir='ltr'><strong>inimici?</strong></span> <span class='ocrx_word' id='word_1_634' title='bbox 2275 4208 2546 4279; x_wconf 89' lang='lat' dir='ltr'><strong>siquidem</strong></span> <span class='ocrx_word' id='word_1_635' title='bbox 2575 4207 2877 4263; x_wconf 87' lang='lat' dir='ltr'><strong>Salvatoris</strong></span> <span class='ocrx_word' id='word_1_636' title='bbox 2911 4205 3089 4261; x_wconf 89' lang='lat' dir='ltr'><strong>nostri</strong></span> <span class='ocrx_word' id='word_1_637' title='bbox 3121 4205 3424 4268; x_wconf 91' lang='lat' dir='ltr'><strong>cruciatus,</strong></span> <span class='ocrx_word' id='word_1_638' title='bbox 3449 4220 3591 4274; x_wconf 88' lang='lat' dir='ltr'><strong>quos</strong></span> 
     </span>
    </p>
   </div>
   <div class='ocr_carea' id='block_1_88' title="bbox 2003 4294 3592 4373">
    <p class='ocr_par' dir='ltr' id='par_1_88' title="bbox 2003 4294 3592 4373">
     <span class='ocr_line' id='line_1_88' title="bbox 2003 4294 3592 4373; baseline -0.006 -17"><span class='ocrx_word' id='word_1_639' title='bbox 2003 4303 2121 4373; x_wconf 90' lang='lat' dir='ltr'><strong>ipse</strong></span> <span class='ocrx_word' id='word_1_640' title='bbox 2155 4314 2254 4370; x_wconf 88' lang='lat' dir='ltr'><strong>pro</strong></span> <span class='ocrx_word' id='word_1_641' title='bbox 2304 4297 2463 4354; x_wconf 88' lang='lat' dir='ltr'><strong>nobis</strong></span> <span class='ocrx_word' id='word_1_642' title='bbox 2507 4298 2784 4367; x_wconf 88' lang='lat' dir='ltr'><strong>suscepit,</strong></span> <span class='ocrx_word' id='word_1_643' title='bbox 2833 4311 2897 4351; x_wconf 91' lang='lat' dir='ltr'><strong>ac</strong></span> <span class='ocrx_word' id='word_1_644' title='bbox 2938 4294 3216 4366; x_wconf 72' lang='lat' dir='ltr'><strong>praecipue</strong></span> <span class='ocrx_word' id='word_1_645' title='bbox 3255 4300 3490 4348; x_wconf 89' lang='lat' dir='ltr'><strong>mortem</strong></span> <span class='ocrx_word' id='word_1_646' title='bbox 3535 4301 3592 4348; x_wconf 82' lang='lat' dir='ltr'><strong>et</strong></span> 
     </span>
    </p>
   </div>
   <div class='ocr_carea' id='block_1_89' title="bbox 2001 4385 3587 4460">
    <p class='ocr_par' dir='ltr' id='par_1_89' title="bbox 2001 4385 3587 4460">
     <span class='ocr_line' id='line_1_89' title="bbox 2001 4385 3587 4460; baseline -0.009 -12"><span class='ocrx_word' id='word_1_647' title='bbox 2001 4406 2246 4456; x_wconf 90' lang='lat' dir='ltr'><strong>crucem,</strong></span> <span class='ocrx_word' id='word_1_648' title='bbox 2300 4389 2620 4460; x_wconf 88' lang='lat' dir='ltr'><strong>quicunque</strong></span> <span class='ocrx_word' id='word_1_649' title='bbox 2661 4386 2869 4444; x_wconf 87' lang='lat' dir='ltr'><strong>Christi</strong></span> <span class='ocrx_word' id='word_1_650' title='bbox 2923 4385 3233 4440; x_wconf 90' lang='lat' dir='ltr'><strong>doctrinam</strong></span> <span class='ocrx_word' id='word_1_651' title='bbox 3283 4389 3587 4454; x_wconf 89' lang='lat' dir='ltr'><strong>oppugnat,</strong></span> 
     </span>
    </p>
   </div>
   <div class='ocr_carea' id='block_1_90' title="bbox 2003 4479 2872 4555">
    <p class='ocr_par' dir='ltr' id='par_1_90' title="bbox 2003 4479 2872 4555">
     <span class='ocr_line' id='line_1_90' title="bbox 2003 4479 2872 4555; baseline -0.009 -15"><span class='ocrx_word' id='word_1_652' title='bbox 2003 4483 2340 4555; x_wconf 81' lang='lat' dir='ltr'><strong>exprobrare</strong></span> <span class='ocrx_word' id='word_1_653' title='bbox 2367 4480 2529 4536; x_wconf 88' lang='lat' dir='ltr'><strong>nobis</strong></span> <span class='ocrx_word' id='word_1_654' title='bbox 2563 4479 2872 4536; x_wconf 88' lang='lat' dir='ltr'><strong>consuevit.</strong></span> 
     </span>
    </p>
   </div>
   <div class='ocr_carea' id='block_1_91' title="bbox 332 4554 1910 4646">
    <p class='ocr_par' dir='ltr' id='par_1_91' title="bbox 332 4566 1900 4646">
     <span class='ocr_line' id='line_1_91' title="bbox 332 4566 1900 4646; baseline -0.005 -19"><span class='ocrx_word' id='word_1_655' title='bbox 332 4569 580 4646; x_wconf 73' lang='grc' dir='ltr'><strong>Ψαλμοῦ</strong></span> <span class='ocrx_word' id='word_1_656' title='bbox 608 4572 772 4646; x_wconf 48' lang='lat'><strong>1349&#39;.</strong></span> <span class='ocrx_word' id='word_1_657' title='bbox 805 4600 871 4609; x_wconf 94' lang='lat'>—</span> <span class='ocrx_word' id='word_1_658' title='bbox 913 4566 1169 4646; x_wconf 68' lang='grc' dir='ltr'>Χριστὸς</span> <span class='ocrx_word' id='word_1_659' title='bbox 1201 4567 1593 4646; x_wconf 54' lang='grc' dir='ltr'><strong>ὀηομαοῂτὶέίι</strong></span> <span class='ocrx_word' id='word_1_660' title='bbox 1633 4568 1900 4646; x_wconf 51' lang='grc' dir='ltr'>σπέρμα-</span> 
     </span>
    </p>
   </div>
   <div class='ocr_carea' id='block_1_92' title="bbox 2010 4554 3608 4646">
    <p class='ocr_par' dir='ltr' id='par_1_92' title="bbox 2010 4565 3608 4646">
     <span class='ocr_line' id='line_1_92' title="bbox 2010 4565 3608 4646; baseline -0.008 -14"><span class='ocrx_word' id='word_1_661' title='bbox 2010 4577 2050 4632; x_wconf 86' lang='grc' dir='ltr'><em>Α</em></span> <span class='ocrx_word' id='word_1_662' title='bbox 2076 4576 2282 4646; x_wconf 82' lang='lat' dir='ltr'><strong>psalmo</strong></span> <span class='ocrx_word' id='word_1_663' title='bbox 2312 4589 2497 4629; x_wconf 70' lang='lat' dir='ltr'><strong>cum.</strong></span> <span class='ocrx_word' id='word_1_664' title='bbox 2532 4603 2604 4614; x_wconf 95' lang='lat'>—</span> <span class='ocrx_word' id='word_1_665' title='bbox 2639 4571 2885 4646; x_wconf 78' lang='lat' dir='ltr'><strong>Christus</strong></span> <span class='ocrx_word' id='word_1_666' title='bbox 2914 4565 3348 4646; x_wconf 75' lang='lat' dir='ltr'><strong>_nominatim_de</strong></span> <span class='ocrx_word' id='word_1_667' title='bbox 3376 4567 3608 4646; x_wconf 71' lang='lat' dir='ltr'><strong>‘semine&#39;</strong></span> 
     </span>
    </p>
   </div>
   <div class='ocr_carea' id='block_1_93' title="bbox 390 4639 1899 4708">
    <p class='ocr_par' dir='ltr' id='par_1_93' title="bbox 390 4639 1899 4708">
     <span class='ocr_line' id='line_1_93' title="bbox 390 4639 1899 4708; baseline -0.001 -14"><span class='ocrx_word' id='word_1_668' title='bbox 390 4658 492 4706; x_wconf 85' lang='grc' dir='ltr'>τος</span> <span class='ocrx_word' id='word_1_669' title='bbox 529 4639 710 4693; x_wconf 76' lang='grc' dir='ltr'>Δαϐὶδ</span> <span class='ocrx_word' id='word_1_670' title='bbox 741 4639 1158 4707; x_wconf 78' lang='grc' dir='ltr'>ἀνιστάμενος,</span> <span class='ocrx_word' id='word_1_671' title='bbox 1201 4639 1379 4707; x_wconf 84' lang='grc' dir='ltr'>κέρας</span> <span class='ocrx_word' id='word_1_672' title='bbox 1409 4639 1586 4692; x_wconf 77' lang='grc' dir='ltr'>Δαϐὶδ</span> <span class='ocrx_word' id='word_1_673' title='bbox 1619 4639 1899 4708; x_wconf 81' lang='grc' dir='ltr'><strong>ὀνομαζό-</strong></span> 
     </span>
    </p>
   </div>
   <div class='ocr_carea' id='block_1_94' title="bbox 396 4891 1898 4966">
    <p class='ocr_par' dir='ltr' id='par_1_94' title="bbox 396 4891 1898 4966">
     <span class='ocr_line' id='line_1_94' title="bbox 396 4891 1898 4966; baseline 0.025 -47"><span class='ocrx_word' id='word_1_674' title='bbox 396 4914 413 4945; x_wconf 59' lang='grc'><strong>(</strong></span> <span class='ocrx_word' id='word_1_675' title='bbox 451 4895 658 4964; x_wconf 64' lang='grc' dir='ltr'><strong>-Ωμοσε</strong></span> <span class='ocrx_word' id='word_1_676' title='bbox 700 4892 904 4964; x_wconf 72' lang='grc' dir='ltr'>Κύριος</span> <span class='ocrx_word' id='word_1_677' title='bbox 942 4891 1020 4963; x_wconf 83' lang='grc' dir='ltr'>τῷ</span> <span class='ocrx_word' id='word_1_678' title='bbox 1057 4893 1222 4946; x_wconf 76' lang='grc' dir='ltr'><strong>Δαϐὶδ</strong></span> <span class='ocrx_word' id='word_1_679' title='bbox 1261 4893 1539 4966; x_wconf 80' lang='grc' dir='ltr'>ἀλήθειαν,</span> <span class='ocrx_word' id='word_1_680' title='bbox 1576 4895 1671 4948; x_wconf 76' lang='grc' dir='ltr'>καὶ</span> <span class='ocrx_word' id='word_1_681' title='bbox 1713 4894 1774 4947; x_wconf 83' lang='grc' dir='ltr'><strong>οὐ</strong></span> <span class='ocrx_word' id='word_1_682' title='bbox 1823 4893 1898 4964; x_wconf 84' lang='grc' dir='ltr'>μὴ</span> 
     </span>
    </p>
   </div>
   <div class='ocr_carea' id='block_1_95' title="bbox 325 4985 1900 5059">
    <p class='ocr_par' dir='ltr' id='par_1_95' title="bbox 325 4985 1900 5059">
     <span class='ocr_line' id='line_1_95' title="bbox 325 4985 1900 5059; baseline -0.003 -18"><span class='ocrx_word' id='word_1_683' title='bbox 325 4988 572 5059; x_wconf 78' lang='grc' dir='ltr'>ἁθετήσει</span> <span class='ocrx_word' id='word_1_684' title='bbox 615 4987 808 5041; x_wconf 76' lang='grc' dir='ltr'>αὐτόν·</span> <span class='ocrx_word' id='word_1_685' title='bbox 846 4989 912 5041; x_wconf 80' lang='grc' dir='ltr'>ὲκ</span> <span class='ocrx_word' id='word_1_686' title='bbox 956 4985 1170 5058; x_wconf 86' lang='grc' dir='ltr'>καρποῦ</span> <span class='ocrx_word' id='word_1_687' title='bbox 1203 4989 1302 5058; x_wconf 82' lang='grc' dir='ltr'><strong>τῆς</strong></span> <span class='ocrx_word' id='word_1_688' title='bbox 1350 4987 1558 5050; x_wconf 90' lang='grc' dir='ltr'>κοιλίας</span> <span class='ocrx_word' id='word_1_689' title='bbox 1598 5004 1690 5040; x_wconf 86' lang='grc' dir='ltr'><strong>σου</strong></span> <span class='ocrx_word' id='word_1_690' title='bbox 1737 4985 1900 5057; x_wconf 80' lang='grc' dir='ltr'>θήσο-</span> 
     </span>
    </p>
   </div>
   <div class='ocr_carea' id='block_1_96' title="bbox 327 5076 1894 5151">
    <p class='ocr_par' dir='ltr' id='par_1_96' title="bbox 327 5076 1894 5151">
     <span class='ocr_line' id='line_1_96' title="bbox 327 5076 1894 5151; baseline -0.002 -16"><span class='ocrx_word' id='word_1_691' title='bbox 327 5099 419 5148; x_wconf 69' lang='grc' dir='ltr'>ραι</span> <span class='ocrx_word' id='word_1_692' title='bbox 474 5082 568 5135; x_wconf 79' lang='grc' dir='ltr'><strong>ἐπὶ</strong></span> <span class='ocrx_word' id='word_1_693' title='bbox 620 5079 716 5133; x_wconf 90' lang='grc' dir='ltr'><strong>τοῦ</strong></span> <span class='ocrx_word' id='word_1_694' title='bbox 774 5079 966 5151; x_wconf 88' lang='grc' dir='ltr'>θρόνου</span> <span class='ocrx_word' id='word_1_695' title='bbox 1030 5097 1145 5134; x_wconf 91' lang='grc' dir='ltr'>σου.</span> <span class='ocrx_word' id='word_1_696' title='bbox 1182 5099 1201 5132; x_wconf 76' lang='grc' dir='ltr'>ι</span> <span class='ocrx_word' id='word_1_697' title='bbox 1270 5076 1384 5135; x_wconf 86' lang='grc' dir='ltr'>Εἴθ’</span> <span class='ocrx_word' id='word_1_698' title='bbox 1441 5080 1646 5144; x_wconf 78' lang='grc' dir='ltr'>ὑποϐάς</span> <span class='ocrx_word' id='word_1_699' title='bbox 1697 5095 1894 5150; x_wconf 83' lang='grc' dir='ltr'>φησιν’</span> 
     </span>
    </p>
   </div>
   <div class='ocr_carea' id='block_1_97' title="bbox 328 5173 1899 5246">
    <p class='ocr_par' dir='ltr' id='par_1_97' title="bbox 328 5173 1899 5246">
     <span class='ocr_line' id='line_1_97' title="bbox 328 5173 1899 5246; baseline 0.001 -22"><span class='ocrx_word' id='word_1_700' title='bbox 328 5191 348 5224; x_wconf 87' lang='grc'><strong><em>‹</em></strong></span> <span class='ocrx_word' id='word_1_701' title='bbox 383 5174 527 5227; x_wconf 73' lang='grc' dir='ltr'>Ἐκεῖ</span> <span class='ocrx_word' id='word_1_702' title='bbox 549 5173 856 5238; x_wconf 79' lang='grc' dir='ltr'>ἐξανατελῶ</span> <span class='ocrx_word' id='word_1_703' title='bbox 884 5173 1055 5246; x_wconf 76' lang='grc' dir='ltr'>κέρας,</span> <span class='ocrx_word' id='word_1_704' title='bbox 1077 5173 1156 5246; x_wconf 83' lang='grc' dir='ltr'>τῷ</span> <span class='ocrx_word' id='word_1_705' title='bbox 1181 5175 1369 5238; x_wconf 69' lang='grc' dir='ltr'>Δαὸὶδ,</span> <span class='ocrx_word' id='word_1_706' title='bbox 1398 5175 1673 5246; x_wconf 82' lang='grc' dir='ltr'>ἡτοίμασα</span> <span class='ocrx_word' id='word_1_707' title='bbox 1707 5173 1899 5245; x_wconf 84' lang='grc' dir='ltr'>λύχνον</span> 
     </span>
    </p>
   </div>
   <div class='ocr_carea' id='block_1_98' title="bbox 321 5265 1897 5341">
    <p class='ocr_par' dir='ltr' id='par_1_98' title="bbox 321 5265 1897 5341">
     <span class='ocr_line' id='line_1_98' title="bbox 321 5265 1897 5341; baseline 0.003 -23"><span class='ocrx_word' id='word_1_708' title='bbox 321 5265 396 5337; x_wconf 81' lang='grc' dir='ltr'>τῷ</span> <span class='ocrx_word' id='word_1_709' title='bbox 419 5267 642 5339; x_wconf 83' lang='grc' dir='ltr'>Χριστῷ</span> <span class='ocrx_word' id='word_1_710' title='bbox 680 5285 782 5338; x_wconf 90' lang='grc' dir='ltr'><strong>μου</strong></span> <span class='ocrx_word' id='word_1_711' title='bbox 803 5285 818 5298; x_wconf 79' lang='grc' dir='ltr'>ο</span> <span class='ocrx_word' id='word_1_712' title='bbox 847 5269 971 5332; x_wconf 78' lang='grc' dir='ltr'>τοὺς</span> <span class='ocrx_word' id='word_1_713' title='bbox 1004 5268 1231 5340; x_wconf 80' lang='grc' dir='ltr'>ἐχθροὺς</span> <span class='ocrx_word' id='word_1_714' title='bbox 1273 5269 1439 5322; x_wconf 84' lang='grc' dir='ltr'>αὑτοῦ</span> <span class='ocrx_word' id='word_1_715' title='bbox 1472 5269 1674 5322; x_wconf 80' lang='grc' dir='ltr'>ἐνδύσω</span> <span class='ocrx_word' id='word_1_716' title='bbox 1705 5269 1897 5341; x_wconf 78' lang='grc' dir='ltr'>αἰσχύ-</span> 
     </span>
    </p>
   </div>
   <div class='ocr_carea' id='block_1_99' title="bbox 321 5360 1896 5434">
    <p class='ocr_par' dir='ltr' id='par_1_99' title="bbox 321 5360 1896 5434">
     <span class='ocr_line' id='line_1_99' title="bbox 321 5360 1896 5434; baseline 0.003 -22"><span class='ocrx_word' id='word_1_717' title='bbox 321 5377 414 5427; x_wconf 72' lang='grc' dir='ltr'>νην</span> <span class='ocrx_word' id='word_1_718' title='bbox 432 5378 445 5390; x_wconf 76' lang='grc' dir='ltr'><strong><em>ο</em></strong></span> <span class='ocrx_word' id='word_1_719' title='bbox 480 5360 574 5416; x_wconf 71' lang='grc' dir='ltr'><strong>ἐπὶ</strong></span> <span class='ocrx_word' id='word_1_720' title='bbox 606 5361 666 5414; x_wconf 74' lang='grc' dir='ltr'>δὲ</span> <span class='ocrx_word' id='word_1_721' title='bbox 690 5360 852 5414; x_wconf 81' lang='grc' dir='ltr'>αὑτὸν</span> <span class='ocrx_word' id='word_1_722' title='bbox 879 5360 1163 5434; x_wconf 81' lang='grc' dir='ltr'>ἐξανθήσει</span> <span class='ocrx_word' id='word_1_723' title='bbox 1190 5361 1250 5415; x_wconf 82' lang='grc' dir='ltr'>τὸ</span> <span class='ocrx_word' id='word_1_724' title='bbox 1279 5362 1527 5433; x_wconf 89' lang='grc' dir='ltr'>ἀγίασμά</span> <span class='ocrx_word' id='word_1_725' title='bbox 1553 5379 1675 5434; x_wconf 87' lang='grc' dir='ltr'>μου.</span> <span class='ocrx_word' id='word_1_726' title='bbox 1707 5383 1726 5416; x_wconf 73' lang='grc' dir='ltr'>ι</span> <span class='ocrx_word' id='word_1_727' title='bbox 1752 5365 1896 5418; x_wconf 86' lang='grc' dir='ltr'><strong>Κάν-</strong></span> 
     </span>
    </p>
   </div>
   <div class='ocr_carea' id='block_1_100' title="bbox 320 5452 1898 5526">
    <p class='ocr_par' dir='ltr' id='par_1_100' title="bbox 320 5452 1898 5526">
     <span class='ocr_line' id='line_1_100' title="bbox 320 5452 1898 5526; baseline 0.006 -24"><span class='ocrx_word' id='word_1_728' title='bbox 320 5452 484 5506; x_wconf 78' lang='grc' dir='ltr'>ταῦθα</span> <span class='ocrx_word' id='word_1_729' title='bbox 513 5453 646 5524; x_wconf 71' lang='grc' dir='ltr'>περὶ</span> <span class='ocrx_word' id='word_1_730' title='bbox 682 5453 777 5506; x_wconf 91' lang='grc' dir='ltr'>τοῦ</span> <span class='ocrx_word' id='word_1_731' title='bbox 808 5456 871 5506; x_wconf 78' lang='grc' dir='ltr'>ἐκ</span> <span class='ocrx_word' id='word_1_732' title='bbox 913 5454 1225 5526; x_wconf 80' lang='grc' dir='ltr'>σπέρματος</span> <span class='ocrx_word' id='word_1_733' title='bbox 1251 5456 1415 5510; x_wconf 71' lang='grc' dir='ltr'><strong>Δαόὶδ</strong></span> <span class='ocrx_word' id='word_1_734' title='bbox 1453 5456 1678 5526; x_wconf 74' lang='grc' dir='ltr'>ὄμνυσιν</span> <span class='ocrx_word' id='word_1_735' title='bbox 1710 5460 1737 5511; x_wconf 91' lang='lat'><strong>6</strong></span> <span class='ocrx_word' id='word_1_736' title='bbox 1784 5458 1898 5512; x_wconf 87' lang='grc' dir='ltr'><strong>Κύ-</strong></span> 
     </span>
    </p>
   </div>
   <div class='ocr_carea' id='block_1_101' title="bbox 327 5546 1895 5620">
    <p class='ocr_par' dir='ltr' id='par_1_101' title="bbox 327 5546 1895 5620">
     <span class='ocr_line' id='line_1_101' title="bbox 327 5546 1895 5620; baseline 0.006 -24"><span class='ocrx_word' id='word_1_737' title='bbox 327 5563 452 5614; x_wconf 86' lang='grc' dir='ltr'>ριος,</span> <span class='ocrx_word' id='word_1_738' title='bbox 485 5548 626 5618; x_wconf 77' lang='grc' dir='ltr'>ὅπερ</span> <span class='ocrx_word' id='word_1_739' title='bbox 667 5546 892 5618; x_wconf 82' lang='grc' dir='ltr'>σπέρμα</span> <span class='ocrx_word' id='word_1_740' title='bbox 936 5549 1031 5602; x_wconf 72' lang='grc' dir='ltr'>καὶ</span> <span class='ocrx_word' id='word_1_741' title='bbox 1065 5548 1231 5620; x_wconf 80' lang='grc' dir='ltr'>κέρας</span> <span class='ocrx_word' id='word_1_742' title='bbox 1267 5548 1523 5620; x_wconf 81' lang='grc' dir='ltr'>ὀνομάζει</span> <span class='ocrx_word' id='word_1_743' title='bbox 1564 5550 1762 5604; x_wconf 77' lang='grc' dir='ltr'>αὐτοῦ·</span> <span class='ocrx_word' id='word_1_744' title='bbox 1802 5552 1895 5605; x_wconf 77' lang='grc' dir='ltr'>καὶ</span> 
     </span>
    </p>
   </div>
   <div class='ocr_carea' id='block_1_102' title="bbox 323 5637 1894 5716">
    <p class='ocr_par' dir='ltr' id='par_1_102' title="bbox 323 5637 1894 5716">
     <span class='ocr_line' id='line_1_102' title="bbox 323 5637 1894 5716; baseline 0.006 -28"><span class='ocrx_word' id='word_1_745' title='bbox 323 5637 472 5690; x_wconf 76' lang='grc' dir='ltr'>πάλιν</span> <span class='ocrx_word' id='word_1_746' title='bbox 521 5639 788 5711; x_wconf 76' lang='grc' dir='ltr'>ὀνομαστὶ</span> <span class='ocrx_word' id='word_1_747' title='bbox 839 5638 928 5691; x_wconf 74' lang='grc' dir='ltr'><strong>τὸν</strong></span> <span class='ocrx_word' id='word_1_748' title='bbox 981 5641 1212 5710; x_wconf 85' lang='grc' dir='ltr'>Χριστὸν</span> <span class='ocrx_word' id='word_1_749' title='bbox 1264 5641 1612 5712; x_wconf 83' lang='grc' dir='ltr'>ἀναγορεύων</span> <span class='ocrx_word' id='word_1_750' title='bbox 1633 5683 1649 5706; x_wconf 90' lang='grc'><strong>,</strong></span> <span class='ocrx_word' id='word_1_751' title='bbox 1703 5643 1894 5716; x_wconf 89' lang='grc' dir='ltr'>λύχνον</span> 
     </span>
    </p>
   </div>
   <div class='ocr_carea' id='block_1_103' title="bbox 2078 4638 3590 4715">
    <p class='ocr_par' dir='ltr' id='par_1_103' title="bbox 2078 4638 3590 4715">
     <span class='ocr_line' id='line_1_103' title="bbox 2078 4638 3590 4715; baseline -0.007 -15"><span class='ocrx_word' id='word_1_752' title='bbox 2078 4638 2251 4700; x_wconf 77' lang='lat' dir='ltr'><strong>David</strong></span> <span class='ocrx_word' id='word_1_753' title='bbox 2285 4661 2527 4715; x_wconf 82' lang='lat' dir='ltr'><strong>surgens,</strong></span> <span class='ocrx_word' id='word_1_754' title='bbox 2565 4645 2655 4708; x_wconf 83' lang='lat' dir='ltr'><strong>qui</strong></span> <span class='ocrx_word' id='word_1_755' title='bbox 2701 4640 3076 4715; x_wconf 63' lang='lat' dir='ltr'><strong>cornuﬂavid</strong></span> <span class='ocrx_word' id='word_1_756' title='bbox 3123 4641 3451 4715; x_wconf 67' lang='lat' dir='ltr'><strong>nominatur,</strong></span> <span class='ocrx_word' id='word_1_757' title='bbox 3497 4638 3590 4708; x_wconf 87' lang='lat' dir='ltr'><strong>qui</strong></span> 
     </span>
    </p>
   </div>
   <div class='ocr_carea' id='block_1_104' title="bbox 2075 4709 3588 4784">
    <p class='ocr_par' dir='ltr' id='par_1_104' title="bbox 2075 4709 3588 4784">
     <span class='ocr_line' id='line_1_104' title="bbox 2075 4709 3588 4784; baseline -0.006 -14"><span class='ocrx_word' id='word_1_758' title='bbox 2075 4716 2296 4771; x_wconf 76' lang='lat' dir='ltr'><strong>Judwos</strong></span> <span class='ocrx_word' id='word_1_759' title='bbox 2343 4709 2588 4769; x_wconf 59' lang='lat' dir='ltr'><strong>inimicos</strong></span> <span class='ocrx_word' id='word_1_760' title='bbox 2644 4713 2925 4784; x_wconf 82' lang='lat' dir='ltr'><strong>confudit,</strong></span> <span class='ocrx_word' id='word_1_761' title='bbox 2969 4713 3061 4782; x_wconf 87' lang='lat' dir='ltr'><strong>qui</strong></span> <span class='ocrx_word' id='word_1_762' title='bbox 3109 4709 3588 4781; x_wconf 71' lang='lat' dir='ltr'><strong>sancti/irationem</strong></span> 
     </span>
    </p>
   </div>
   <div class='ocr_carea' id='block_1_105' title="bbox 2078 4787 2523 4842">
    <p class='ocr_par' dir='ltr' id='par_1_105' title="bbox 2078 4787 2523 4842">
     <span class='ocr_line' id='line_1_105' title="bbox 2078 4787 2523 4842; baseline 0 -1"><span class='ocrx_word' id='word_1_763' title='bbox 2078 4787 2263 4842; x_wconf 87' lang='lat' dir='ltr'><strong>Patris</strong></span> <span class='ocrx_word' id='word_1_764' title='bbox 2287 4794 2523 4841; x_wconf 84' lang='lat' dir='ltr'><strong>renovat.</strong></span> 
     </span>
    </p>
   </div>
   <div class='ocr_carea' id='block_1_106' title="bbox 2068 4893 3618 4970">
    <p class='ocr_par' dir='ltr' id='par_1_106' title="bbox 2068 4893 3618 4970">
     <span class='ocr_line' id='line_1_106' title="bbox 2068 4893 3618 4970; baseline -0.006 -13"><span class='ocrx_word' id='word_1_765' title='bbox 2068 4923 2088 4957; x_wconf 72' lang='grc' dir='ltr'>ι</span> <span class='ocrx_word' id='word_1_766' title='bbox 2129 4902 2344 4959; x_wconf 73' lang='lat' dir='ltr'><strong>Iuravit</strong></span> <span class='ocrx_word' id='word_1_767' title='bbox 2376 4901 2643 4956; x_wconf 88' lang='lat' dir='ltr'><strong>Dominus</strong></span> <span class='ocrx_word' id='word_1_768' title='bbox 2677 4899 2784 4970; x_wconf 90' lang='lat' dir='ltr'><strong>ipsi</strong></span> <span class='ocrx_word' id='word_1_769' title='bbox 2831 4896 3005 4953; x_wconf 85' lang='lat' dir='ltr'><strong>David</strong></span> <span class='ocrx_word' id='word_1_770' title='bbox 3039 4895 3326 4952; x_wconf 83' lang='lat' dir='ltr'><strong>veritatem</strong></span> <span class='ocrx_word' id='word_1_771' title='bbox 3369 4901 3423 4950; x_wconf 86' lang='lat' dir='ltr'><strong>et</strong></span> <span class='ocrx_word' id='word_1_772' title='bbox 3464 4893 3618 4949; x_wconf 81' lang='lat' dir='ltr'><strong>irri-‘</strong></span> 
     </span>
    </p>
   </div>
   <div class='ocr_carea' id='block_1_107' title="bbox 1996 4988 3579 5058">
    <p class='ocr_par' dir='ltr' id='par_1_107' title="bbox 1996 4988 3579 5058">
     <span class='ocr_line' id='line_1_107' title="bbox 1996 4988 3579 5058; baseline -0.008 -6"><span class='ocrx_word' id='word_1_773' title='bbox 1996 5006 2108 5052; x_wconf 88' lang='lat' dir='ltr'><strong>tam</strong></span> <span class='ocrx_word' id='word_1_774' title='bbox 2145 5014 2255 5054; x_wconf 90' lang='lat' dir='ltr'><strong>non</strong></span> <span class='ocrx_word' id='word_1_775' title='bbox 2290 4995 2450 5050; x_wconf 80' lang='lat' dir='ltr'><strong>faciet</strong></span> <span class='ocrx_word' id='word_1_776' title='bbox 2487 5009 2630 5058; x_wconf 90' lang='lat' dir='ltr'><strong>eam,</strong></span> <span class='ocrx_word' id='word_1_777' title='bbox 2670 4992 2736 5046; x_wconf 91' lang='lat' dir='ltr'><strong>de</strong></span> <span class='ocrx_word' id='word_1_778' title='bbox 2780 4989 2967 5046; x_wconf 81' lang='lat' dir='ltr'><strong>fructu</strong></span> <span class='ocrx_word' id='word_1_779' title='bbox 3003 4988 3212 5044; x_wconf 88' lang='lat' dir='ltr'><strong>ventris</strong></span> <span class='ocrx_word' id='word_1_780' title='bbox 3265 4988 3342 5042; x_wconf 91' lang='lat' dir='ltr'><strong>tui</strong></span> <span class='ocrx_word' id='word_1_781' title='bbox 3374 5000 3579 5057; x_wconf 85' lang='lat' dir='ltr'><strong>ponam</strong></span> 
     </span>
    </p>
   </div>
   <div class='ocr_carea' id='block_1_108' title="bbox 1997 5080 3586 5160">
    <p class='ocr_par' dir='ltr' id='par_1_108' title="bbox 1997 5080 3586 5160">
     <span class='ocr_line' id='line_1_108' title="bbox 1997 5080 3586 5160; baseline -0.009 -14"><span class='ocrx_word' id='word_1_782' title='bbox 1997 5105 2164 5160; x_wconf 87' lang='lat' dir='ltr'><strong>super</strong></span> <span class='ocrx_word' id='word_1_783' title='bbox 2188 5090 2373 5145; x_wconf 89' lang='lat' dir='ltr'><strong>sedem</strong></span> <span class='ocrx_word' id='word_1_784' title='bbox 2394 5098 2544 5143; x_wconf 88' lang='lat' dir='ltr'><strong>tuam</strong></span> <span class='ocrx_word' id='word_1_785' title='bbox 2561 5088 2631 5142; x_wconf 83' lang='grc'><strong>⁸⁸.</strong></span> <span class='ocrx_word' id='word_1_786' title='bbox 2665 5107 2684 5140; x_wconf 70' lang='grc' dir='ltr'><strong>ι</strong></span> <span class='ocrx_word' id='word_1_787' title='bbox 2712 5085 2850 5139; x_wconf 88' lang='lat' dir='ltr'><strong>Tum</strong></span> <span class='ocrx_word' id='word_1_788' title='bbox 2883 5097 3211 5154; x_wconf 89' lang='lat' dir='ltr'><strong>progressus</strong></span> <span class='ocrx_word' id='word_1_789' title='bbox 3235 5080 3467 5136; x_wconf 81' lang='lat' dir='ltr'><strong>inferius</strong></span> <span class='ocrx_word' id='word_1_790' title='bbox 3501 5081 3586 5136; x_wconf 89' lang='lat' dir='ltr'><strong>sic</strong></span> 
     </span>
    </p>
   </div>
   <div class='ocr_carea' id='block_1_109' title="bbox 2000 5178 3585 5254">
    <p class='ocr_par' dir='ltr' id='par_1_109' title="bbox 2000 5178 3585 5254">
     <span class='ocr_line' id='line_1_109' title="bbox 2000 5178 3585 5254; baseline -0.004 -14"><span class='ocrx_word' id='word_1_791' title='bbox 2000 5186 2078 5240; x_wconf 84' lang='lat' dir='ltr'><strong>ait</strong></span> <span class='ocrx_word' id='word_1_792' title='bbox 2104 5201 2117 5237; x_wconf 89' lang='lat'><strong>:</strong></span> <span class='ocrx_word' id='word_1_793' title='bbox 2147 5204 2168 5238; x_wconf 77' lang='grc' dir='ltr'>ι</span> <span class='ocrx_word' id='word_1_794' title='bbox 2187 5183 2301 5239; x_wconf 91' lang='lat' dir='ltr'><strong>Illic</strong></span> <span class='ocrx_word' id='word_1_795' title='bbox 2328 5184 2625 5254; x_wconf 89' lang='lat' dir='ltr'><strong>producam</strong></span> <span class='ocrx_word' id='word_1_796' title='bbox 2652 5197 2827 5237; x_wconf 89' lang='lat' dir='ltr'><strong>cornu</strong></span> <span class='ocrx_word' id='word_1_797' title='bbox 2855 5179 2960 5252; x_wconf 87' lang='lat' dir='ltr'><strong>ipsi</strong></span> <span class='ocrx_word' id='word_1_798' title='bbox 2986 5178 3174 5242; x_wconf 88' lang='lat' dir='ltr'><strong>David,</strong></span> <span class='ocrx_word' id='word_1_799' title='bbox 3197 5179 3383 5250; x_wconf 88' lang='lat' dir='ltr'><strong>paravi</strong></span> <span class='ocrx_word' id='word_1_800' title='bbox 3412 5178 3585 5233; x_wconf 88' lang='lat' dir='ltr'><strong>lucer-</strong></span> 
     </span>
    </p>
   </div>
   <div class='ocr_carea' id='block_1_110' title="bbox 2001 5270 3583 5342">
    <p class='ocr_par' dir='ltr' id='par_1_110' title="bbox 2001 5270 3583 5342">
     <span class='ocr_line' id='line_1_110' title="bbox 2001 5270 3583 5342; baseline -0.005 -10"><span class='ocrx_word' id='word_1_801' title='bbox 2001 5293 2128 5332; x_wconf 87' lang='lat' dir='ltr'><strong>nam</strong></span> <span class='ocrx_word' id='word_1_802' title='bbox 2176 5276 2401 5332; x_wconf 89' lang='lat' dir='ltr'><strong>Christo</strong></span> <span class='ocrx_word' id='word_1_803' title='bbox 2445 5291 2600 5340; x_wconf 91' lang='lat' dir='ltr'><strong>meo,</strong></span> <span class='ocrx_word' id='word_1_804' title='bbox 2649 5273 2906 5329; x_wconf 89' lang='lat' dir='ltr'><strong>inimicos</strong></span> <span class='ocrx_word' id='word_1_805' title='bbox 2948 5271 3069 5342; x_wconf 88' lang='lat' dir='ltr'><strong>ejus</strong></span> <span class='ocrx_word' id='word_1_806' title='bbox 3117 5271 3342 5326; x_wconf 78' lang='lat' dir='ltr'><strong>induam</strong></span> <span class='ocrx_word' id='word_1_807' title='bbox 3394 5270 3583 5325; x_wconf 79' lang='lat' dir='ltr'><strong>coniu-</strong></span> 
     </span>
    </p>
   </div>
   <div class='ocr_carea' id='block_1_111' title="bbox 2002 5363 3584 5440">
    <p class='ocr_par' dir='ltr' id='par_1_111' title="bbox 2002 5363 3584 5440">
     <span class='ocr_line' id='line_1_111' title="bbox 2002 5363 3584 5440; baseline -0.006 -14"><span class='ocrx_word' id='word_1_808' title='bbox 2002 5369 2392 5440; x_wconf 83' lang='lat' dir='ltr'><strong>sionezsuper</strong></span> <span class='ocrx_word' id='word_1_809' title='bbox 2430 5370 2610 5438; x_wconf 90' lang='lat' dir='ltr'><strong>ipsum</strong></span> <span class='ocrx_word' id='word_1_810' title='bbox 2665 5373 2846 5421; x_wconf 86' lang='lat' dir='ltr'><strong>autem</strong></span> <span class='ocrx_word' id='word_1_811' title='bbox 2899 5363 3167 5422; x_wconf 79' lang='lat' dir='ltr'><strong>eﬂlorebit</strong></span> <span class='ocrx_word' id='word_1_812' title='bbox 3213 5363 3584 5426; x_wconf 79' lang='lat' dir='ltr'><strong>sanctificatio</strong></span> 
     </span>
    </p>
   </div>
   <div class='ocr_carea' id='block_1_112' title="bbox 2000 5452 3580 5530">
    <p class='ocr_par' dir='ltr' id='par_1_112' title="bbox 2000 5452 3580 5530">
     <span class='ocr_line' id='line_1_112' title="bbox 2000 5452 3580 5530; baseline -0.004 -15"><span class='ocrx_word' id='word_1_813' title='bbox 2000 5461 2206 5518; x_wconf 77' lang='lat' dir='ltr'><strong>mea“.</strong></span> <span class='ocrx_word' id='word_1_814' title='bbox 2245 5481 2265 5515; x_wconf 71' lang='grc' dir='ltr'>ι</span> <span class='ocrx_word' id='word_1_815' title='bbox 2305 5461 2406 5516; x_wconf 85' lang='grc' dir='ltr'><strong>Ηίο</strong></span> <span class='ocrx_word' id='word_1_816' title='bbox 2444 5474 2664 5530; x_wconf 91' lang='lat' dir='ltr'><strong>quoque</strong></span> <span class='ocrx_word' id='word_1_817' title='bbox 2706 5458 2775 5513; x_wconf 90' lang='lat' dir='ltr'><strong>de</strong></span> <span class='ocrx_word' id='word_1_818' title='bbox 2817 5472 2884 5513; x_wconf 94' lang='lat' dir='ltr'><strong>eo</strong></span> <span class='ocrx_word' id='word_1_819' title='bbox 2919 5457 3013 5528; x_wconf 93' lang='lat' dir='ltr'><strong>qui</strong></span> <span class='ocrx_word' id='word_1_820' title='bbox 3053 5472 3121 5512; x_wconf 84' lang='lat' dir='ltr'><strong>ex</strong></span> <span class='ocrx_word' id='word_1_821' title='bbox 3161 5455 3370 5512; x_wconf 90' lang='lat' dir='ltr'><strong>semine</strong></span> <span class='ocrx_word' id='word_1_822' title='bbox 3407 5452 3580 5508; x_wconf 86' lang='lat' dir='ltr'><strong>David</strong></span> 
     </span>
    </p>
   </div>
   <div class='ocr_carea' id='block_1_113' title="bbox 1999 5547 3582 5624">
    <p class='ocr_par' dir='ltr' id='par_1_113' title="bbox 1999 5547 3582 5624">
     <span class='ocr_line' id='line_1_113' title="bbox 1999 5547 3582 5624; baseline -0.004 -15"><span class='ocrx_word' id='word_1_823' title='bbox 1999 5555 2212 5610; x_wconf 88' lang='lat' dir='ltr'><strong>oriatur</strong></span> <span class='ocrx_word' id='word_1_824' title='bbox 2247 5555 2399 5624; x_wconf 87' lang='lat' dir='ltr'><strong>jurat</strong></span> <span class='ocrx_word' id='word_1_825' title='bbox 2443 5551 2727 5617; x_wconf 91' lang='lat' dir='ltr'><strong>Dominus,</strong></span> <span class='ocrx_word' id='word_1_826' title='bbox 2771 5551 2919 5622; x_wconf 90' lang='lat' dir='ltr'><strong>quod</strong></span> <span class='ocrx_word' id='word_1_827' title='bbox 2950 5550 3171 5622; x_wconf 88' lang='lat' dir='ltr'><strong>quidem</strong></span> <span class='ocrx_word' id='word_1_828' title='bbox 3211 5563 3400 5606; x_wconf 89' lang='lat' dir='ltr'><strong>semen</strong></span> <span class='ocrx_word' id='word_1_829' title='bbox 3439 5547 3582 5617; x_wconf 87' lang='lat' dir='ltr'><strong>ejus-</strong></span> 
     </span>
    </p>
   </div>
   <div class='ocr_carea' id='block_1_114' title="bbox 2000 5639 3581 5713">
    <p class='ocr_par' dir='ltr' id='par_1_114' title="bbox 2000 5639 3581 5713">
     <span class='ocr_line' id='line_1_114' title="bbox 2000 5639 3581 5713; baseline -0.004 -12"><span class='ocrx_word' id='word_1_830' title='bbox 2000 5647 2145 5713; x_wconf 85' lang='lat' dir='ltr'><strong>dem,</strong></span> <span class='ocrx_word' id='word_1_831' title='bbox 2194 5661 2365 5702; x_wconf 89' lang='lat' dir='ltr'><strong>cornu</strong></span> <span class='ocrx_word' id='word_1_832' title='bbox 2404 5644 2704 5702; x_wconf 68' lang='lat' dir='ltr'><strong>nominat:</strong></span> <span class='ocrx_word' id='word_1_833' title='bbox 2747 5653 2802 5701; x_wconf 87' lang='lat' dir='ltr'><strong>et</strong></span> <span class='ocrx_word' id='word_1_834' title='bbox 2842 5660 2964 5701; x_wconf 87' lang='lat' dir='ltr'><strong>cum</strong></span> <span class='ocrx_word' id='word_1_835' title='bbox 3009 5645 3204 5700; x_wconf 90' lang='lat' dir='ltr'><strong>iterum</strong></span> <span class='ocrx_word' id='word_1_836' title='bbox 3251 5639 3581 5698; x_wconf 78' lang='lat' dir='ltr'><strong>nominatim</strong></span> 
     </span>
    </p>
   </div>
   <div class='ocr_carea' id='block_1_115' title="bbox 387 5791 1910 5870">
    <p class='ocr_par' dir='ltr' id='par_1_115' title="bbox 387 5791 1910 5865">
     <span class='ocr_line' id='line_1_115' title="bbox 387 5791 1910 5865; baseline 0.007 -20"><span class='ocrx_word' id='word_1_837' title='bbox 387 5792 430 5822; x_wconf 81' lang='grc'><strong>⁸³</strong></span> <span class='ocrx_word' id='word_1_838' title='bbox 458 5791 600 5849; x_wconf 77' lang='lat' dir='ltr'><strong>Psal.</strong></span> <span class='ocrx_word' id='word_1_839' title='bbox 633 5811 899 5864; x_wconf 73' lang='lat' dir='ltr'><strong>Lxxxvtn,</strong></span> <span class='ocrx_word' id='word_1_840' title='bbox 934 5795 1022 5862; x_wconf 75' lang='lat'><strong>59,</strong></span> <span class='ocrx_word' id='word_1_841' title='bbox 1061 5796 1135 5850; x_wconf 79' lang='grc' dir='ltr'><strong>ιο.</strong></span> <span class='ocrx_word' id='word_1_842' title='bbox 1219 5797 1264 5827; x_wconf 71' lang='grc' dir='ltr'><strong>δ’·</strong></span> <span class='ocrx_word' id='word_1_843' title='bbox 1287 5797 1419 5853; x_wconf 82' lang='lat' dir='ltr'><strong>ibid.</strong></span> <span class='ocrx_word' id='word_1_844' title='bbox 1457 5798 1651 5865; x_wconf 66' lang='lat'><strong>5|,52.</strong></span> <span class='ocrx_word' id='word_1_845' title='bbox 1728 5800 1773 5834; x_wconf 79' lang='lat'>”</span> <span class='ocrx_word' id='word_1_846' title='bbox 1800 5798 1910 5857; x_wconf 48' lang='lat' dir='ltr'><strong>Psa‘</strong></span> 
     </span>
    </p>
   </div>
   <div class='ocr_carea' id='block_1_116' title="bbox 2010 5791 2802 5870">
    <p class='ocr_par' dir='ltr' id='par_1_116' title="bbox 2010 5801 2802 5870">
     <span class='ocr_line' id='line_1_116' title="bbox 2010 5801 2802 5870; baseline 0.006 -14"><span class='ocrx_word' id='word_1_847' title='bbox 2010 5816 2156 5867; x_wconf 72' lang='lat' dir='ltr'><strong>XXXI,</strong></span> <span class='ocrx_word' id='word_1_848' title='bbox 2195 5802 2282 5858; x_wconf 74' lang='lat' dir='ltr'><strong>il.</strong></span> <span class='ocrx_word' id='word_1_849' title='bbox 2361 5801 2562 5858; x_wconf 82' lang='lat' dir='ltr'><strong>&quot;ibid.</strong></span> <span class='ocrx_word' id='word_1_850' title='bbox 2594 5803 2681 5870; x_wconf 76' lang='grc'>17,</span> <span class='ocrx_word' id='word_1_851' title='bbox 2715 5804 2802 5861; x_wconf 79' lang='grc'><strong>18.</strong></span> 
     </span>
    </p>
   </div>
  </div>
